4000 6306
171 333 234 382 ιι
483 380 502 390 ,
1035 325 1099 382 IN
1137 327 1396 383 PRIMUM
1438 328 1672 385 REGUM
1716 317 2243 384 EXPUSl'I‘iONES.‘
2272 358 2339 370 -—
2379 331 2503 385 LIB.
2547 331 2587 385 1.
3377 336 3441 390 49

172 458 310 511 queri
332 439 386 496 ⁸ο
414 441 726 496 auditorum
757 456 974 495 suorum
1004 441 1266 495 mentibus
1298 440 1595 495 infundant.
1629 440 1764 494 llinc
1793 444 1836 498 Α
1865 437 2056 491 divinze
2084 439 2408 508 conspicitur
2433 481 2448 505 ,
2497 443 2564 496 ad
2612 444 3010 498 venerationem
3050 446 3439 513 prasdicatioms

170 548 402 600 namque
450 539 538 586 est
582 531 728 600 quod
757 532 1072 600 prredicatur
1099 532 1342 602 egregius
1370 543 1494 586 ante
1523 531 1592 586 ad
1620 531 1760 585 tertii

167 621 291 677 (εωιὶ
316 637 354 674 ευ
375 630 526 676 creta
557 637 619 674 su
653 622 878 688 tollitur,
909 629 961 676 et
989 623 1069 676 sic
1096 629 1308 678 terrena
1337 624 1621 693 disponere
1643 637 1763 691 per-

166 712 408 778 hibetur,
433 719 489 764 et
509 711 743 779 paradisi
765 721 970 765 secreta
1003 711 1303 779 ingrediens
1326 712 1487 766 verba
1514 710 1761 781 percipit,

165 817 289 871 qua:
337 817 444 856 non
493 801 621 854 licet
657 800 857 854 homini
900 801 1045 869 loqui
1077 800 1174 872 (ll
1204 799 1325 855 Cor.
1359 818 1448 864 xu,
1481 801 1512 852 2
1533 802 1572 868 ),
1601 807 1658 854 ut
1685 800 1764 854 di-

165 907 424 946 scernere
452 901 508 946 et
539 892 684 961 loqui
716 891 916 946 utiliter
945 891 1073 946 loris
1101 893 1290 963 possit.
1336 891 1487 945 Anna
1517 906 1646 960 ergo
1675 908 1763 946 re-

167 1000 325 1039 versa
358 995 692 1038 memoratur
714 1026 730 1051 ,
769 984 893 1052 quia
923 993 1106 1038 sancta
1133 982 1175 1035 Ε
1209 984 1369 1037 clesia
1396 983 1520 1036 dum
1553 991 1763 1037 terrena

166 1079 436 1146 dispoau't
463 1115 480 1141 ,
526 1077 754 1144 qualiter
783 1076 889 1130 sint
916 1074 1102 1129 eadem
1145 1083 1355 1126 terrena
1401 1073 1762 1142 disponenda,

169 1167 224 1220 in
256 1181 322 1219 ea
353 1165 419 1217 ad
461 1180 621 1232 quam
662 1178 803 1232 smpe
847 1165 1130 1217 revert'tur
1176 1161 1268 1214 Dei
1311 1161 1765 1231 contemplatione

169 1257 476 1310 instruitur.
531 1255 595 1307 Et
645 1264 770 1308 tunc
811 1254 1023 1308 demum
1054 1253 1107 1307 in
1147 1253 1364 1307 domum
1408 1268 1558 1308 suam
1599 1253 1763 1320 venit,

167 1346 301 1412 quia
331 1346 385 1398 in
416 1344 718 1397 auditorum
742 1342 1025 1396 devotione
1047 1340 1314 1396 collocare
1339 1357 1397 1396 se
1423 1342 1618 1411 potuit,
1641 1356 1764 1396 cum

171 1435 471 1490 accedendi
499 1435 565 1488 ad
595 1449 691 1488 eos
723 1435 938 1487 modum
967 1449 1175 1488 sursum
1209 1433 1529 1487 revertendo
1559 1447 1764 1502 cogno-

174 1528 275 1580 vit.
302 1527 526 1580 Domum
559 1541 790 1593 namque
820 1533 1018 1578 sancta:
1045 1524 1328 1592 primitivae
1355 1523 1603 1579 Ecclesiae
1631 1539 1762 1592 gen-

174 1617 313 1671 tium
342 1617 554 1670 devotio
581 1615 862 1677 exstruxit,
894 1629 1075 1682 quam,
1104 1614 1229 1666 dmn
1259 1614 1358 1667 sibi
1389 1615 1442 1667 in
1472 1613 1549 1667 cis
1578 1613 1767 1667 condi-

173 1706 280 1772 dit,
311 1704 567 1759 custod‘u:
609 1719 634 1757 s
672 1702 964 1757 llicitudine
993 1701 1327 1756 inhabitavit.
1361 1703 1489 1769 Quae
1518 1702 1766 1756 videlicet

1866 526 1982 592 ejus
2006 525 2214 580 devota:
2241 529 2541 584 auditorum
2571 532 2736 585 turba:
2781 533 3133 596 deducuntur,
3164 544 3312 591 recte
3339 553 3440 591 no-

1867 631 1987 669 men
2019 615 2134 684 ejus
2161 620 2557 688 nuncupatione
2583 621 2906 677 declaratur.
2937 621 3073 678 llinc
3095 635 3178 679 est
3205 627 3347 694 quod
3376 629 3442 682 ad

1865 705 2084 776 Moysen
2114 723 2144 762 a
2175 708 2401 765 Domino
2429 711 2657 767 dicitur:
2685 713 2843 768 Posui
2872 725 2920 769 te
2945 718 2998 770 in
3027 716 3174 772 deum
3207 719 3444 777 Pharao-

1866 797 1945 851 nis
1972 796 2165 867 (Exod.
2199 815 2290 866 vn,
2325 799 2400 871 l).
2432 801 2567 857 Hinc
2594 802 2720 857 item
2755 806 2808 857 in
2839 805 2957 872 lege
2987 807 3294 875 prohibens,
3327 810 3440 864 ait:

1865 884 1981 938 Diis
2010 903 2112 939 non
2141 887 2377 942 delrahes
2402 888 2586 960 (lbid.,
2617 908 2742 952 xxrt.
2771 891 2882 962 28).
2909 893 2974 946 E'.
3001 896 3291 951 notandum
3320 899 3443 968 quia

1866 977 2020 1046 cujus
2048 995 2238 1034 nomen
2267 981 2397 1036 deus
2427 983 2638 1052 dicitur,
2670 982 2826 1050 titius,
2861 1002 2964 1040 non
2998 986 3100 1040 lilia
3133 988 3230 1042 fuit
3253 1031 3267 1053 ,
3316 992 3442 1059 quia

1867 1080 2014 1125 certe
2045 1073 2328 1146 pastoralis
2356 1074 2606 1142 dignitas,
2651 1092 2717 1129 cu
2743 1093 2771 1126 n
2803 1076 3009 1130 inﬁrma
3038 1078 3445 1135 conversatione

1866 1158 2197 1230 deprimitur,
2224 1162 2374 1231 splen
2396 1165 2506 1218 lore
2531 1174 2636 1218 tam
2665 1167 2792 1220 celsi
2819 1168 3046 1222 nominis
3072 1184 3176 1223 non
3201 1178 3443 1225 ornatur.

1868 1250 2001 1316 Quia
2032 1253 2194 1321 igitur
2219 1255 2351 1308 ordo
2380 1254 2660 1310 doctorum
2691 1257 2757 1310 ad
2785 1260 3180 1326 rvaugelizandi
3203 1261 3446 1318 ministe-

1868 1343 2005 1394 rium
2035 1357 2099 1395 ex
2130 1344 2424 1410 gentilitate
2475 1357 2752 1410 iromorus
2798 1350 3128 1404 excellentia:
3175 1351 3449 1418 dignitatis

1866 1446 1980 1485 sua:
2027 1433 2340 1487 mcritorun
2390 1436 2560 1502 gratia
2607 1437 2779 1506 impar
2827 1456 2931 1492 nun
2983 1440 3100 1505 fu't,
3135 1453 3278 1497 recte
3307 1459 3449 1498 nunc

1865 1521 2096 1576 dicitur:
2137 1523 2346 1578 Vocavit
2388 1541 2573 1578 nomen
2618 1527 2728 1596 ejus
2759 1527 2993 1591 Samuel,
3023 1547 3081 1584 eo
3111 1532 3247 1602 quod
3272 1549 3304 1585 α
3337 1535 3447 1588 Do-

1865 1611 2005 1663 mino
2049 1615 2356 1680 postulasset
2402 1631 2537 1668 eum.
2567 1613 2631 1668 Et
2659 1619 2949 1672 notandum
2997 1621 3121 1688 quia
3174 1623 3277 1676 hoc
3322 1623 3447 1679 loco

1868 1714 1967 1767 pos
1989 1699 2142 1754 ulare
2169 1702 2364 1757 dicitur
2392 1705 2536 1772 quod
2569 1705 2889 1774 postulando
2920 1713 3229 1775 promeruit.
3276 1715 3448 1780 Aper-

169 1797 370 1850 domus
418 1795 594 1863 posita
645 1794 698 1846 in
745 1793 948 1847 visione
993 1803 1362 1846 consummata
1411 1793 1764 1858 describitur,
1800 1799 1842 1857 Β
1869 1789 1934 1843 tis
1978 1805 2107 1860 ergo
2155 1794 2333 1847 verbis
2377 1795 2681 1849 ostenditur
2724 1812 2822 1851 cur
2859 1796 3024 1852 Annae
3064 1800 3452 1869 primogenitae

169 1887 304 1955 quia
353 1902 459 1939 non
504 1897 633 1937 ante
683 1883 841 1938 condi
888 1884 1063 1952 potuit
1109 1898 1270 1952 quam
1312 1883 1607 1938 vocationis
1650 1882 1767 1952 ejus

171 1979 491 2050 praedictum
520 1993 550 2030 a
573 1977 849 2046 prophetis
873 1984 1082 2045 tempus
1101 1976 1336 2030 advenit.
1367 1976 1621 2046 Sequitur
1647 1994 1659 2028 :

250 2071 430 2142 (Vers.
463 2071 531 2125 l9
561 2079 615 2124 et
643 2069 761 2140 9.0.)
795 2069 1042 2140 Cognovit
1073 2077 1242 2123 autem
1283 2069 1520 2122 Helenna
1567 2069 1769 2122 Annam

168 2162 447 2230 conjugem
475 2177 624 2213 suam
646 2200 661 2224 ,
691 2169 741 2212 et
768 2160 1064 2213 recordatus
1093 2169 1168 2214 est
1211 2177 1220 2193 ί
1253 2160 1363 2229 ejus
1399 2159 1668 2213 Dominus.
1704 2157 1770 2211 Et

171 2257 372 2323 factum
405 2261 481 2304 est
528 2259 642 2322 post
680 2250 928 2304 circulum
973 2251 1198 2316 dierum,
1249 2253 1480 2321 concepit
1525 2251 1680 2304 Anna
1721 2259 1770 2304 et

171 2347 375 2415 peperit
411 2345 598 2414 filium.

250 2429 341 2490 38.
382 2436 618 2490 Helcana
666 2435 874 2490 Annam
918 2434 1200 2506 conjugem
1235 2451 1385 2490 suam
1416 2444 1544 2490 tunc
1571 2449 1768 2504 cogno-

174 2529 290 2591 vit,
333 2542 455 2581 cura
502 2525 832 2595 Redemptor
859 2536 1040 2580 noster
1087 2525 1404 2593 prmtinitum
1437 2533 1646 2594 tempus
1675 2539 1770 2578 vo-

176 2619 370 2674 candae
409 2617 723 2686 gentilitatis
770 2617 1008 2686 aspexit,
1039 2633 1147 2686 quo
1185 2621 1309 2671 dum
1342 2632 1492 2672 nova:
1520 2630 1728 2685 Sponsae
1750 2656 1765 2682 ,

177 2723 387 2764 sancta:
415 2708 665 2763 videlicet
711 2707 963 2763 Ecclcs'a:
986 2747 1001 2771 ,
1052 2711 1255 2777 gremio
1296 2709 1520 2778 gratiam
1548 2707 1769 2778 superni

179 2801 384 2854 amoris
429 2798 773 2863 infunderet,
823 2815 1016 2855 novam
1062 2815 1126 2853 ex
1172 2815 1236 2854 ea
1281 2799 1488 2869 prolem
1530 2797 1768 2854 ﬁdelium

177 2899 486 2957 generaret.
511 2888 642 2944 Nam
669 2889 814 2942 velut
832 2889 1066 2943 nondum
1090 2889 1449 2957 cognoscebat
1475 2904 1618 2956 eam,
1644 2904 1766 2944 cum

180 2984 428 3037 volentes
480 2983 707 3036 transire
750 2982 802 3034 in
850 2980 1028 3036 Asiam
1072 2982 1452 3051 prmdicatires
1497 2996 1527 3034 a
1563 2979 1766 3050 Spiritu

179 3084 372 3129 sancto
417 3072 666 3143 prohibiti
711 3081 836 3126 sunt
885 3073 1019 3142 (Act.
1065 3087 1172 3138 xvt,
1215 3071 1291 3141 6).
1326 3071 1460 3126 Hinc
1487 3081 1588 3136 est,
1619 3072 1766 3140 quod

1874 1885 2020 1933 tanto
2067 1883 2286 1938 nomine
2332 1899 2635 1940 censca'ur.
2679 1886 2833 1952 Quod
2867 1890 2970 1945 la'e
2998 1898 3081 1943 cst
3104 1905 3168 1946 ac
3194 1891 3236 1945 si
3266 1892 3449 1948 dicat:

1869 1968 2071 2025 Idcirco
2111 1971 2161 2025 ei
2209 1981 2418 2028 tantum
2464 1990 2657 2030 nomen
2703 1978 2996 2046 imposuit,
3026 1979 3149 2047 quia
3177 1981 3224 2036 is
3251 1982 3340 2049 qui
3367 1999 3454 2038 su-

1869 2079 2038 2131 perno
2092 2081 2317 2121 munere
2368 2068 2604 2122 nascitur
2651 2071 2967 2125 meritomm
3012 2073 3184 2140 gratia
3231 2089 3454 2144 magnus

1869 2148 1988 2205 fuit.
2027 2153 2131 2206 Sed
2159 2160 2221 2208 ut
2249 2156 2560 2210 ostendatur
2585 2172 2693 2226 quo
2721 2158 2898 2213 studio
2925 2175 3046 2214 eum
3073 2161 3296 2231 provida
3338 2179 3453 2219 ma—

1874 2251 1908 2293 tr
1927 2255 1953 2294 r
1981 2241 2178 2308 foveat,
2210 2246 2454 2313 sequ'tur
2478 2263 2493 2299 :

1942 2331 2119 2404 (Vers.
2147 2335 2209 2388 2|
2260 2344 2313 2391 et
2339 2335 2453 2407 22.)
2491 2339 2731 2394 Armes-dit
2760 2351 2928 2396 autem
2956 2343 3031 2396 νὴ·
3055 2342 3166 2414 ejus
3197 2345 3454 2414 llelcann,

1868 2433 1918 2477 et
1957 2425 2124 2478 omnis
2151 2425 2352 2491 domus,
2383 2437 2440 2480 ut
2475 2429 2765 2483 immolaret
2795 2431 3015 2485 hostiam
3054 2434 3358 2498 solemnem,
3407 2447 3456 2490 et

1869 2525 2038 2568 totum
2083 2532 2264 2580 suum;
2308 2526 2356 2570 et
2399 2519 2552 2571 Anna
2585 2535 2686 2573 non
2717 2521 2967 2575 ascendit.
3013 2522 3159 2577 Dixit
3184 2526 3320 2578 enim
3348 2527 3456 2581 viro

1868 2621 1962 2659 suo
1985 2621 2003 2658 :
2026 2603 2150 2659 Non
2178 2605 2383 2675 vadum,
2413 2608 2574 2661 donec
2603 2609 2889 2664 ablactetur
2916 2610 2944 2648 δ
2972 2612 3169 2682 infans.

1941 2690 2028 2745 40.
2067 2693 2202 2760 Qum
2251 2703 2332 2749 est
2376 2705 2556 2750 autem
2601 2697 2896 2754 immutatio
2941 2700 3198 2756 solemnis
3248 2702 3456 2764 hostia}.

1872 2785 1974 2839 nisi
2005 2785 2095 2839 illa
2124 2794 2320 2841 sancta:
2360 2785 2614 2842 Ecclesiae
2653 2791 2852 2844 amoris
2891 2791 3111 2850 oblatio.
3141 2807 3246 2862 qua
3277 2793 3457 2848 condi-

1871 2876 1978 2930 tori
2003 2877 2344 2946 coujungitur
2372 2878 2424 2932 in
2453 2887 2651 2932 retenta
2681 2881 3171 2950 contem;~la:ione‘l
3215 2884 3291 2936 Ad
3321 2885 3458 2940 lianc

1869 2975 2049 3022 autem
2078 2965 2312 3022 Helcana
2342 2977 2466 3022 tunc
2487 2971 2746 3035 ascendit,
2775 2987 2894 3025 cum
2927 2971 3251 3042 Redemptor
3274 2986 3459 3030 llOslet‘

1865 3056 1976 3125 jam
2003 3057 2070 3111 de
2096 3065 2269 3112 morte
2312 3059 2667 3128 triumphans,
2711 3062 2820 3128 jam
2866 3062 3234 3130 possibilitatis
3263 3073 3459 3118 nostrae

181 3182 311 3220 cum
341 3165 405 3218 ad
435 3163 861 3234 przedirationem
888 3162 1084 3218 Judrcrn
1114 3163 1406 3232 discipulos
1434 3177 1560 3219 suos
1588 3162 1770 3215 mitte-

1881 3152 2129 3206 tenebras
2156 3166 2437 3220 superans,
2466 3168 2704 3217 carnem,
2731 3168 2893 3221 quam
2945 3169 3041 3222 pro
3082 3163 3263 3210 nostra
3291 3157 3462 3211 salute

181 3265 288 3321 ret,
342 3271 437 3325 per
483 3255 826 3323 semetipsarn
875 3252 1087 3308 Veritas
1133 3253 1382 3322 prohibet
1421 3253 1606 3309 dicens
1651 3271 1665 3307 :
1708 3251 1774 3308 In

177 3351 319 3403 riam
345 3349 570 3419 gentium
592 3363 695 3401 non
718 3345 966 3408 abieritis,
994 3355 1044 3399 et
1070 3347 1122 3399 in
1151 3346 1381 3400 civitates
1407 3347 1774 3401 Samaritano-

177 3455 297 3492 rum
345 3455 448 3491 non
494 3437 813 3491 intrareritis
865 3435 1077 3506 (Matth.
1127 3452 1183 3502 x,
1232 3435 1308 3506 5).
1339 3435 1566 3502 Quando
1593 3444 1775 3491 autem

177 3530 438 3597 cognovit
467 3529 570 3598 23
601 3512 806 3580 Ami'am
836 3527 1120 3595 conjugem
1149 3543 1301 3582 suam
1344 3527 1594 3592 Hclcana,
1647 3535 1777 3583 tunc

175 3619 500 3673 recordatus
529 3625 609 3671 est
633 3617 751 3686 ejus
783 3617 1061 3684 Dominus,
1089 3619 1214 3686 quia
1244 3619 1512 3686 gentilitas
1537 3626 1665 3674 tunc
1688 3633 1778 3674 ve-

177 3711 329 3764 nisse
359 3711 408 3763 in
436 3709 531 3764 Dei
555 3712 864 3764 memoriam
890 3711 1001 3766 visa
1028 3720 1129 3777 est,
1153 3727 1274 3767 cum
1301 3721 1484 3767 sancta
1515 3712 1774 3781 Ecclesia,

176 3799 366 3853 Verbo
420 3800 511 3854 D'i
557 3815 656 3868 per
700 3801 899 3855 smmis
928 3803 1151 3870 gratiam
1181 3801 1488 3871 conjuncta,
1522 3803 1573 3856 in
1603 3804 1783 3866 salu‘e.

173 3890 456 3944 visitatur.
504 3889 645 3956 Quid
693 3901 777 3946 est
822 3893 924 3946 hoc
970 3894 1090 3948 loco
1138 3895 1374 3949 cirrulus
1417 3895 1644 3958 dierum,
1678 3895 1777 3950 nisi

175 3982 486 4035 innumeris
513 3984 684 4036 sancti
715 3982 944 4048 Spiritus
971 3992 1184 4040 ostensa
1213 3984 1374 4039 radiis
1419 3985 1780 4040 manifestatio

177 4073 382 4127 divinae
427 4073 760 4128 voluntatis?
789 4074 920 4141 Quae
945 4075 1188 4146 profecto
1215 4076 1340 4132 dum
1369 4077 1779 4146 praadicatorum

176 4178 414 4216 suorum
446 4164 739 4228 mentibus,
784 4164 837 4217 in
867 4165 1322 4234 contemplatione
1348 4168 1639 4235 suspensis,
1668 4168 1782 4223 cla-

179 4251 376 4305 ritates
403 4266 652 4320 superna:
679 4252 1044 4322 dispositionis
1071 4253 1380 4310 innumeras
1405 4255 1641 4323 exhibet,
1700 4257 1782 4312 ni-

180 4343 406 4408 mirum,
437 4342 600 4396 veluti
634 4343 812 4412 plures
836 4343 972 4411 dies,
996 4353 1296 4413 temporum
1318 4345 1548 4402 circulus
1572 4347 1783 4403 clausas

182 4443 356 4487 tenet.
389 4432 636 4488 Circulos
662 4433 860 4503 quippe
880 4434 1085 4488 dierum
1117 4434 1281 4490 Anna:
1303 4443 1619 4506 Conceptum
1648 4454 1783 4508 prte-

1879 3241 2134 3309 suscepit,
2167 3239 2234 3293 ad
2260 3240 2496 3295 cmlestia
2545 3242 2865 3296 sublimavit.
2898 3241 3030 3296 Cum
3071 3257 3180 3311 quo
3208 3252 3264 3299 et
3289 3247 3463 3300 omnis

1877 3331 2069 3386 domus
2098 3332 2213 3399 ejus
2241 3331 2499 3395 ascendit,
2531 3333 2653 3400 quia
2684 3332 2890 3401 priores
2929 3332 3128 3388 electos
3172 3333 3463 3406 Synagogze

1877 3421 1931 3476 in
1981 3422 2318 3477 altitudinem
2351 3422 2769 3477 immortalitatis
2796 3424 3008 3478 extulit.
3040 3423 3190 3480 Tunc
3219 3426 3463 3484 immola-

1877 3517 1955 3570 vit
2000 3517 2294 3572 solemnem
2345 3516 2618 3583 hostiam,
2667 3531 2786 3571 cum
2833 3532 2892 3571 se
2935 3531 3140 3575 artemo
3187 3519 3330 3574 Patri
3370 3536 3465 3590 per

1878 3606 2188 3675 glorilicata:
2215 3606 2391 3662 carnis
2419 3607 2699 3662 materiam
2730 3607 2780 3661 in
2810 3608 2948 3663 caelo
2977 3610 3237 3676 exhibuit,
3286 3620 3342 3666 et
3369 3627 3459 3666 an-

1879 3696 2122 3764 gelormn
2172 3705 2440 3764 naturam,
2488 3701 2626 3753 sicut
2650 3697 2717 3752 de
2745 3698 3115 3766 redemptione
3155 3716 3227 3755 no
3259 3709 3358 3766 tra,
3391 3703 3465 3758 ita

1880 3787 2039 3840 etiam
2070 3785 2138 3840 de
2166 3802 2248 3840 eo:
2267 3802 2351 3840 um
2383 3789 2723 3856 reparatione
2762 3786 3065 3844 lmtiﬁcavit.
3098 3789 3178 3844 Ad
3207 3789 3343 3844 hanc
3369 3807 3464 3845 so-

1881 3875 2110 3929 lemnem
2142 3875 2373 3929 hastiam
2403 3875 2552 3929 Anna
2586 3877 2858 3942 invitatur,
2905 3879 3026 3943 quia
3069 3886 3253 3933 sancta
3283 3877 3468 3934 Ecclev

1880 3968 1959 4022 sia
1989 3968 2206 4037 superni
2233 3967 2414 4037 sponsi
2436 3969 2692 4037 spiritua'i
2720 3970 3091 4025 cohortatione
3117 3971 3182 4024 ad
3209 3980 3466 4027 mternam

1881 4057 2388 4128 contemplationem
2417 4058 2609 4113 divina:
2641 4059 2896 4114 claritatis
2923 4076 3018 4130 per
3045 4061 3352 4131 quntidiana
3372 4064 3466 4117 de.

1881 4152 2074 4207 sideria
2124 4151 2325 4208 amoris
2369 4152 2698 4207 accenditur.
2737 4150 2866 4218 Quae
2907 4159 3082 4206 tamen
3127 4154 3194 4206 ab
3241 4169 3468 4208 ascensu

1881 4258 1981 4297 suo
2011 4243 2264 4308 abstinet,
2299 4240 2406 4312 24
2432 4249 2490 4294 ut
2520 4240 2682 4295 lilium
2730 4241 2917 4308 iactet,
2945 4242 3068 4310 quia
3099 4250 3157 4295 ut
3184 4243 3353 4312 prosit
3381 4242 3469 4297 hic

1883 4332 2079 4387 Christi
2129 4333 2406 4402 parvu‘is,
2461 4331 2772 4388 d.latiunem
2817 4347 2925 4386 sum
2972 4333 3155 4400 gloriae
3203 4335 3471 4404 patienter

1884 4424 2134 4478 sustinet.
2183 4423 2261 4476 Ar:
2312 4438 2421 4476 non
2468 4421 2533 4477 ad
2581 4423 2999 4481 immolationem
3030 4425 3185 4494 hujus
3212 4427 3467 4482 solemnis

182 4524 354 4589 venit,
376 4523 503 4592 quia
529 4532 730 4578 sancta:
748 4523 1000 4578 Ecclesia:
1014 4525 1248 4580 Verbum
1273 4526 1365 4582 Dei
1387 4527 1454 4581 ad
1478 4527 1772 4583 docendum

1883 4515 2073 4569 hostia:
2098 4523 2272 4569 mater
2296 4515 2383 4568 illa
2414 4515 2635 4569 invitata
2669 4515 2856 4578 fuerat.
2886 4531 3006 4584 qua:
3033 4517 3244 4572 diccbat
3269 4535 3282 4571 :
3307 4519 3469 4590 Cupio

183 4630 294 4669 non
323 4622 451 4667 ante
479 4613 795 4677 infunditur,
827 4629 984 4684 quam
1013 4615 1081 4669 ab
1107 4631 1166 4669 ea
1196 4631 1442 4685 superna:
1467 4616 1776 4686 dispositio-

185 4706 274 4758 nis
303 4703 435 4757 radii
465 4703 678 4773 plenius
709 4711 1085 4770 agnoscantur.
1116 4704 1245 4772 Qua:
1272 4706 1581 4776 concipiens
1609 4706 1776 4762 lilium

184 4793 422 4863 peperit,
454 4793 578 4862 quia
610 4793 645 4846 ii
675 4807 810 4860 quos
837 4793 889 4846 in
920 4792 1022 4848 ﬁde
1049 4793 1422 4865 Redemptoris
1467 4797 1609 4866 parit
1637 4812 1775 4852 nova

184 4885 604 4938 conversatione
630 4885 834 4938 robu~ti
865 4895 1008 4940 sunt.

261 4973 439 5043 (νει-ε.
471 4972 584 5043 20.)
624 4973 694 5026 Et
723 4978 918 5029 vocavit
943 4993 1125 5032 nomen
1156 4978 1266 5048 ejus
1298 4979 1528 5042 Samuel,
1557 4997 1615 5036 eo
1641 4979 1778 5054 quod

197 5082 229 5117 α
254 5062 480 5117 Domino
505 5064 815 5132 postulasset
841 5081 976 5119 eum.

261 5153 355 5207 59.
394 5152 611 5208 Samuel
637 5153 1042 5225 interpretatur,
1066 5172 1260 5212 nomen
1282 5157 1398 5226 ejus
1418 5157 1582 5217 Deus.
1608 5160 1779 5227 Quem

189 5255 324 5308 ergo
369 5242 530 5296 nobis
575 5242 791 5299 Samuel
839 5246 1244 5303 conveniendus
1291 5248 1564 5316 insinuat,
1619 5265 1777 5320 quam

190 5333 606 5403 praedicatorum
636 5335 902 5405 ordinem,
933 5339 1024 5406 qui
1051 5339 1116 5393 ad
1144 5338 1300 5396 [idem
1326 5351 1549 5397 vocatus
1588 5351 1668 5398 est
1714 5360 1780 5400 ex

172 5424 536 5496 ,gentilitate?
583 5424 718 5491 Quia
762 5427 903 5483 enim
943 5428 1095 5483 fortis
1122 5431 1533 5485 conversatione
1556 5441 1658 5497 est,
1689 5448 1786 5502 po-

193 5519 389 5566 testate
415 5512 685 5578 sublimis,
712 5522 770 5569 et
791 5514 915 5570 dum
945 5515 1000 5572 in
1027 5532 1094 5573 eo
1119 5519 1352 5588 speciale
1369 5519 1576 5590 signum
1602 5523 1786 5592 gratia:

267 5695 293 5724 ⁸
313 5685 497 5762 Deest
524 5686 640 5757 ejus
668 5686 720 5741 in
746 5687 907 5762 Gilr-t.
952 5697 1008 5743 et
1051 5687 1238 5762 Vatic._
1269 5688 1543 5762 Omittitur
1567 5707 1782 5762 quoque

195 5753 267 5811 Et
298 5760 494 5828 factum
523 5753 625 5820 est,
657 5765 788 5824 etc.,
815 5757 903 5828 qui
933 5773 1119 5814 versus
1155 5759 1291 5814 infra
1319 5753 1614 5831 explicatur
1643 5753 1783 5819 unde

614 5848 884 5910 Panos.
928 5849 1220 5913 LXXIX.

1883 4607 2112 4674 dissolvi,
2141 4615 2189 4661 et
2214 4624 2324 4662 esse
2347 4622 2462 4660 cum
2490 4605 2693 4661 Christo
2739 4609 2756 4678 (
2787 4605 2927 4660 Phil.
2958 4623 2997 4675 ι,
3026 4607 3095 4659 25
3116 4609 3174 4676 )2
3219 4607 3322 4664 Sed
3350 4625 3469 4680 qua:
3532 4664 3535 4665 ν

1882 4712 1981 4767 per
2006 4697 2203 4752 amoris
2230 4695 2492 4750 desideria
2524 4696 2591 4750 ad
2619 4697 2801 4767 sp0usi
2844 4698 3075 4767 speciem
3118 4698 3365 4766 trahitur,
3397 4715 3468 4754 an

1881 4797 2025 4844 amet
2053 4787 2252 4843 lactare
2281 4787 2465 4852 lilium,
2496 4787 2638 4842 dicat
2664 4785 2765 4841 :In
2794 4803 2950 4840 carne
2990 4787 3114 4841 mihi
3143 4804 3352 4842 manere
3379 4807 3470 4843 ne-

1881 4883 2159 4936 cessarium
2183 4889 2260 4937 est
2287 4888 2496 4950 prapter
2522 4896 2609 4934 vos
2647 4878 2833 4951 (lbid.,
2864 4878 2976 4947 ει).
3008 4879 3053 4946 ρ
3078 4895 3126 4934 .ο
3152 4881 3315 4936 etiam
3346 4882 3468 4938 cibo

1884 4992 1943 5032 se
1970 4975 2277 5030 Corinth‘os
2304 4975 2500 5029 a'uisse
2529 4974 2782 5041 insinuat,
2811 4973 2996 5029 dicens
3020 4993 3033 5026 :
3063 4973 3166 5027 Lac
3193 4975 3332 5031 vobis
3370 4994 3469 5047 po-

1887 5079 1992 5123 tum
2036 5069 2174 5131 dedi,
2221 5083 2324 5119 nun
2349 5081 2520 5119 escam
2549 5063 2599 5132 (Ι
2631 5062 2748 5118 Car.
2782 5080 2860 5130 ut,
2890 5063 2969 5133 2).
3002 5063 3224 5121 Laetare
3269 5068 3471 5137 quippe

1886 5159 2137 5232 parvulos
2164 5164 2362 5211 sancta
2405 5153 2660 5208 Ecclesia:
2695 5163 2780 5209 est
2807 5155 3110 5226 pastoribus
3140 5155 3471 5212 inﬁrmorum

1887 5249 2001 5305 sive
2027 5245 2344 5316 simplicium
2375 5242 2682 5298 auditorum
2710 5243 2870 5298 corda
2899 5244 3152 5314 planioris
3179 5243 3471 5315 Scriptum

1890 5339 2086 5413 pabulo
2115 5337 2373 5392 enutrirc.
2404 5335 2606 5401 Quibus
2630 5335 2870 5404 profecto
2914 5335 3054 5390 idern
3081 5335 3271 5391 doctor
3311 5350 3471 5404 egre-

1890 5430 2009 5498 gius
2035 5427 2165 5482 dicit
2190 5442 2203 5479 :
2229 5423 2379 5479 Nihil
2399 5420 2628 5495 judicari
2654 5440 2734 5478 nte
2761 5426 2891 5479 seire
2912 5425 3048 5479 inter
3069 5442 3174 5493 eos,
3195 5425 3300 5480 nisi
3320 5423 3469 5480 Chri-

1891 5527 2046 5581 stum,
2075 5523 2124 5571 et
2151 5515 2286 5569 hunc
2312 5515 2617 5584 cruciﬁxum
2647 5513 2701 5584 (1
2729 5515 2850 5569 Cor.
2877 5530 2935 5578 tt,
2963 5514 3043 5585 2).

1887 5707 2009 5749 eum
2039 5689 2382 5746 attexemlum
2420 5706 2538 5746 esse
2557 5688 2936 5759 indicavimus.

1961 5761 1985 5798 ¹⁰
2028 5760 2194 5820 Abest
2239 5761 2437 5833 infans,
2470 5777 2500 5815 ιι
2525 5757 2686 5818 Gilot.
2720 5772 2774 5819 et
2803 5757 2970 5814 Vatic.
