4000 6292
527 298 598 350 is
880 288 883 289 '
1741 293 1868 346 ὃλΝ
1917 290 2082 359 vtct

2191 288 2341 357 toan
2386 289 2595 343 MACNI
3480 353 3491 361 ,
3731 292 3804 343 ιι

591 413 682 464 «ιι,
725 410 1073 463 Ablactutur
1101 416 1277 462 autsnt
1309 407 1558 472 infantes,
1599 418 1717 458 cum
1747 401 1953 472 parvuli
1980 415 2099 455 san-
2131 403 2180 462 Λ
2207 407 2327 465 vat,
2370 399 2448 453 eis
2497 415 2605 452 suae
2660 397 2952 468 Majestatis
3000 399 3159 452 etiam
3206 399 3429 465 gloriam
3470 399 3803 452 manifestat,

519 511 621 558 elue
652 500 904 556 Ecclesite
936 508 1040 553 tam
1071 496 1359 569 spiritualis
1405 494 1722 550 eruditionis
1749 507 1909 563 quam
1955 491 2040 545 bo:
2062 506 2109 543 ξιξ

518 591 946 648 conversationis
992 591 1322 645 incrementa
1366 586 1695 657 suscipiunt,
1742 592 1799 639 et
1840 583 1949 651 jam
1998 596 2105 635 non

520 687 759 757 planiora
804 684 941 739 sacri
971 683 1194 754 eloquii,
1224 680 1318 735 sed
1348 680 1452 734 alta
1493 680 1609 747 ejus
1653 682 1987 731 sae-amenta
2016 687 2105 726 re-

514 778 757 846 quirunt.
792 774 858 828 Et
886 774 1184 829 ablactatus
1228 770 1402 827 infans
1448 778 1572 823 ante
1619 775 1967 834 conspectum
1997 760 2104 815 Do-

518 868 646 921 mini
696 877 752 921 ut
790 873 1046 935 appareat
1092 862 1325 927 ducitur,
1364 876 1484 914 cum
1534 874 1630 929 per
1675 855 2103 911 adhortationem

510 961 927 1031 guardicatorum
959 934 1200 1026 quisquis
1229 953 1502 1022 subjectus
1530 952 1667 1005 bene
1698 948 1881 1020 profici
1917 962 1980 1001 ns
2008 946 2105 1000 bo-

512 1052 599 1105 nis
628 1050 882 1119 operibus
922 1046 1233 1100 adornatur.
1264 1043 1365 1109 Qui
1397 1042 1537 1096 enim
1569 1039 1635 1093 ad
1666 1039 1768 1093 hoc
1796 1037 2007 1092 ducitur
2047 1044 2103 1088 ut

516 1148 797 1211 appareat,
826 1154 931 1191 non
963 1144 1168 1189 tantum
1201 1141 1257 1186 ut
1285 1133 1461 1185 videat
1489 1128 1728 1184 defertur
1750 1166 1768 1191 ,
1816 1125 1910 1180 sed
1939 1125 2100 1178 etiam

517 1243 576 1288 nt
605 1232 863 1286 videatur.
895 1230 1028 1294 Quia
1060 1227 1202 1281 enim
1234 1227 1287 1278 in
1319 1224 1423 1278 fine
1453 1238 1482 1275 a
1513 1220 1741 1274 Domino
1772 1218 1923 1272 multi
1951 1217 2102 1269 audi-

515 1322 620 1375 turi
648 1327 773 1375 sunt
798 1336 811 1372 :
836 1316 1027 1371 Nescio
1069 1333 1155 1369 vos
1196 1313 1408 1383 (Matth.
1458 1328 1587 1379 xxv,
1618 1309 1732 1377 12),
1763 1321 2022 1377 apparere
2051 1306 2100 1359 in

507 1418 804 1481 conspectu
835 1407 1046 1462 Domini
1074 1404 1292 1459 Samuel
1322 1403 1536 1468 dicitur,
1579 1401 1703 1471 quia
1752 1399 1956 1453 electus
1980 1437 1993 1458 .
2047 1406 2101 1451 et

513 1501 727 1555 humilis
775 1497 1036 1561 subditus,
1086 1496 1211 1549 dum
1260 1494 1495 1565 perfecte
1538 1489 1819 1562 prtesentia
1848 1488 2099 1556 despicit,

509 1589 827 1643 atveniente
878 1594 1121 1643 extremo
1166 1584 1342 1651 judice
1392 1596 1729 1652 nequaquam
1760 1579 2093 1649 reprobatnr.

507 1682 655 1747 Quos
681 1688 861 1735 autem
890 1678 1141 1734 Steculum
1172 1676 1223 1730 in
1248 1676 1329 1730 sui
1355 1688 1541 1729 amore
1565 1671 1770 1727 defixos
1799 1671 2017 1749 retinet,
2046 1670 2096 1722 in

506 1781 802 1843 conspectu
835 1768 1045 1824 Domini
1075 1784 1183 1823 non
1212 1775 1490 1837 apparent.
1516 1762 1617 1830 Qtti
1641 1763 1783 1818 enim
1800 1752 1859 1816 in
1890 1760 2093 1814 honore
2134 1779 2171 1835 η

507 1875 684 1914 rerum
731 1857 1120 1914 transeuntium
1151 1856 1316 1910 videri
1347 1854 1598 1910 elatiores
1645 1859 1941 1923 appetunt,
1992 1852 2096 1905 hoe

505 1946 746 2017 profecto
775 1946 1132 2017 superbiendo
1160 1954 1345 2013 agunt,
1376 1952 1434 1997 ut
1459 1944 1526 1997 ab
1551 1959 1616 1997 eo
1643 1958 1751 2012 quo
1777 1943 1894 1996 solo
1926 1942 2091 1995 videri

504 2038 700 2092 debent
732 2036 1074 2091 honorabiles
1102 2050 1377 2103 nunquam
1406 2034 1705 2089 videantur.
1743 2031 1889 2087 Unde
1916 2043 1966 2085 et
1997 2047 2095 2087 rex

503 2129 727 2194 electus,
759 2135 815 2181 et
844 2126 896 2181 in
926 2141 1104 2180 rerum
1140 2125 1372 2179 culm’ne
1400 2124 1576 2193 positu
1590 2140 1626 2187 ξ,
1656 2138 1724 2178 ne
1754 2122 1806 2176 in
1836 2119 1968 2176 flore
1994 2137 2091 2175 ste-

500 2218 607 2271 culi
634 2218 972 2287 deciperetur
1000 2217 1245 2272 obsecrat
1272 2256 1287 2279 ,
1334 2216 1517 2271 dicens
1544 2236 1553 2268 :
1581 2214 1665 2269 Ne
1697 2217 1943 2287 projiciu
1988 2233 2087 2276 me,

506 2310 797 2373 Domine,a
826 2309 959 2379 {acie
985 2316 1072 2361 tua
1104 2306 1275 2378 (Psal.
1305 2323 1356 2371 ι..
1387 2306 1495 2377 l3).
1528 2306 1680 2360 Anna
1705 2321 1833 2374 ergo
1861 2315 1916 2360 et
1943 2305 2093 2359 abla-

499 2411 649 2457 ctare
675 2402 840 2456 filium
870 2401 1215 2469 repromitlit,
1248 2409 1303 2454 et
1331 2408 1455 2453 ante
1499 2407 1848 2468 Conspectum
1880 2397 2089 2452 Domini

501 2500 561 2544 ut
589 2496 849 2561 appareat
876 2489 1093 2552 ducere,
1123 2488 1247 2557 quia
1274 2496 1459 2543 san-;ta
1490 2488 1722 2543 Ecclesia
1744 2489 1944 2542 electos
1964 2487 2091 2542 sub-

494 2583 639 2637 ditos
666 2596 799 2651 quos
826 2579 1001 2634 erudit
1029 2577 1311 2649 prtescntia
1339 2577 1577 2649 perfecte
1605 2577 1882 2647 despicere
1909 2576 2084 2638 docet.

496 2680 552 2723 et
598 2671 739 2727 bona
786 2684 966 2740 agere,
1011 2677 1067 2725 et
1094 2669 1160 2724 ad
1188 2678 1387 2725 reterna
1427 2668 1568 2723 bona
1599 2684 1697 2739 per
1729 2667 2084 2721 humilitatem

423 2780 425 2783 '
496 2764 769 2819 fstinare.
822 2761 1229 2816 Etnotandum
1276 2760 1403 2830 quia
1451 2760 1521 2814 ab
1562 2758 1937 2814 ablactationis
1967 2758 2091 2811 loto

494 2858 689 2912 ductus
716 2857 972 2912 asseritur
994 2894 1010 2923 ,
1058 2856 1149 2925 qui
1196 2870 1457 2924 apparere
1484 2854 1682 2908 debere
1714 2854 1764 2907 iu
1795 2861 2087 2922 conspectu

501 2948 710 3004 Domini
752 2949 1081 3019 perhibetur,
1112 2947 1236 3016 quia
1268 2947 1535 3011 videlicet,
1561 2961 1665 3000 non
1697 2960 1887 3015 parum
1916 2944 2085 2998 inter-

492 3053 576 3098 e-t
616 3043 910 3113 spiritualis
968 3042 1213 3106 itineris,
1239 3056 1360 3096 cum
1389 3040 1457 3095 ab
1499 3056 1565 3096 eo
1610 3039 1752 3109 quod
1784 3040 1850 3094 de
1878 3040 2083 3095 ctelesti

2281 532 2370 587 45.
2411 533 2557 588 Bene
2585 541 2766 587 autem
2797 548 2918 586 cum
2948 530 3197 586 llelcanae
3226 546 3481 587 ascensus
3516 530 3811 593 asseritur,
3855 538 3860 561 τ

2211 628 2391 680 omnis
2418 626 2609 681 domus
2644 626 2761 694 ejus
2783 624 3092 679 ascendisse
3132 624 3463 693 perhibetur,
3505 622 3631 693 quia
3677 623 3812 678 illos

2208 729 2437 782 quorum
2468 715 2738 769 mentibus
2774 714 2976 769 eminet
3004 714 3057 768 in
3085 714 3368 768 altitudine
3408 728 3520 769 suae
3550 722 3809 768 contem-

2209 803 2464 872 plationis
2488 804 2636 858 velut
2672 803 3000 859 domesticos
3040 812 3096 858 et
3123 802 3414 857 familiares
3451 810 3619 857 tenet.
3669 801 3810 868 Quae

2207 903 2289 948 est
2319 904 2498 949 autem
2529 896 2803 964 llelcanze,
2830 895 2880 949 id
2904 904 2987 950 est
3012 894 3389 965 Redemptoris
3418 895 3587 950 nostri
3618 894 3811 949 hostia

2204 985 2481 1051 solemnis,
2509 985 2611 1040 nisi
2636 995 2944 1041 sanctorum
2973 1001 3193 1041 suorum
3223 985 3477 1040 cordibus
3512 984 3807 1039 ineffabilia

2204 1076 2346 1131 i'lius
2375 1078 2599 1131 interna:
2627 1093 2782 1132 amor
2807 1077 3164 1132 eruditionis?
3189 1076 3320 1131 Nam
3349 1092 3537 1132 eorum
3563 1077 3805 1145 quisque

2203 1165 2302 1219 sibi
2344 1163 2683 1219 inell‘abiliter
2728 1165 3029 1234 complacet
3068 1165 3123 1221 in
3177 1181 3264 1230 eo,
3306 1165 3447 1233 quod
3474 1181 3532 1220 se
3574 1174 3801 1219 ostensa

2207 1254 2579 1326 Redemptoris
2606 1256 2906 1312 sublimitas
2948 1265 3056 1311 tam
3084 1256 3385 1311 sublimiter
3410 1257 3587 1311 docet.
3635 1257 3797 1311 Anna

2203 1359 2331 1414 ergo
2358 1361 2417 1400 se
2438 1361 2560 1401 cum
2579 1346 2696 1401 viro
2717 1362 2815 1402 suo
2836 1348 3128 1403 ascendere
3152 1349 3407 1416 abnegat,
3427 1348 3601 1403 donec
3623 1348 3801 1402 lilium

2203 1434 2385 1500 lactat,
2421 1436 2547 1505 quia
2576 1444 2764 1491 sancta
2794 1436 3034 1492 Ecclesia
3063 1438 3246 1491 tandiu
3275 1438 3463 1491 vitavit
3499 1439 3607 1492 alta
3647 1454 3795 1507 pra:-

2200 1524 2428 1580 dicando
2449 1525 2782 1595 contingere,
2805 1526 3041 1597 quandiu
3063 1527 3316 1595 cognovit
3336 1527 3496 1582 rudes
3514 1527 3746 1583 auditor.
3766 1545 3798 1583 ε

2200 1630 2330 1670 suos
2370 1614 2515 1670 velut
2544 1615 2798 1685 parvulos
2838 1616 2947 1670 alta
2982 1631 3178 1685 capere
3221 1631 3556 1685 nequaquam
3600 1633 3795 1688 posse.

2200 1704 2336 1761 Hinc
2364 1721 2595 1775 namque
2631 1706 2682 1760 in
2706 1705 2835 1775 ipsis
2859 1717 3059 1762 sancta:
3088 1706 3342 1762 Ecclesia:
3372 1708 3676 1778 primordiis
3704 1711 3789 1763 fa-

2200 1804 2345 1850 ctum
2388 1805 2472 1851 est
2514 1804 2590 1863 ut,
2635 1796 2784 1851 velut
2821 1797 3046 1867 parvulo
3087 1798 3262 1853 alhuc
3302 1797 3470 1853 Anna:
3509 1798 3643 1869 tilio,
3690 1816 3791 1869 per

2199 1886 2359 1940 trium
2388 1886 2837 1955 evangelistarum
2859 1888 3058 1957 scripta
3078 1928 3093 1953 ,
3119 1886 3355 1942 Matthtei
3377 1889 3601 1955 selicet,
3626 1888 3791 1944 Luca:

2194 1983 2250 2030 et
2277 1975 2464 2043 Marci,
2496 1976 2577 2031 lac
2601 1977 2995 2046 propinaretur,
3017 1977 3109 2046 qui
3126 1977 3472 2031 humanitatis
3492 1978 3789 2032 Dominica:

2196 2067 2474 2122 historiam
2496 2068 2815 2137 scribentes,
2847 2083 3019 2139 pauca
3048 2068 3118 2124 de
3146 2070 3263 2139 ejus
3282 2069 3561 2126 divinitate
3590 2079 3789 2126 tracta-

2194 2168 2418 2224 verunt;
2451 2158 2542 2212 sed
2579 2174 2699 2213 cum
2729 2159 2979 2229 parvulus
3013 2156 3271 2215 Ecclesia:
3307 2160 3537 2231 populus
3564 2176 3781 2216 cresce-

2193 2268 2221 2305 r
2258 2262 2301 2318 t,
2328 2263 2378 2306 et
2411 2253 2464 2307 in
2496 2267 2800 2306 mensuram
2831 2253 3005 2306 aetatis
3048 2252 3397 2322 plenitudinis
3425 2251 3625 2308 Christi
3654 2268 3783 2323 iro-

2192 2342 2374 2399 ficeret
2390 2343 2608 2414 (Epltes.
2633 2360 2706 2409 tv,
2733 2344 2843 2414 15),
2874 2345 2958 2398 cui
2982 2345 3136 2399 lactis
3161 2356 3316 2413 potus
3340 2360 3446 2400 non
3466 2344 3786 2410 suffecerat,

2193 2435 2338 2503 pasci
2368 2435 2491 2489 cibo
2525 2432 2697 2489 solido
2746 2433 3107 2504 perquirebat.
3132 2434 3416 2505 Compulsa
3450 2436 3628 2504 itaque
3665 2452 3787 2491 ma-

2193 2539 2273 2581 ter
2297 2527 2534 2582 Ecclesia
2556 2526 2849 2582 ascendere
2875 2538 2979 2593 est,
3016 2536 3071 2581 ut
3098 2528 3211 2600 ipsa
3241 2543 3457 2599 quoque
3498 2530 3785 2585 cherubim

2192 2616 2364 2684 fieret,
2414 2618 2721 2686 volantique
2766 2632 2928 2688 super
2973 2634 3033 2674 se
3084 2619 3428 2691 Redemptori
3478 2624 3777 2693 appr0pin~

2190 2716 2399 2774 quaret,
2438 2722 2643 2777 pennas
2671 2718 2990 2774 assumeret,
3021 2710 3383 2766 ambulantem
3405 2727 3569 2781 super
3605 2728 3700 2768 eas
3726 2716 3779 2768 iu

2189 2811 2650 2855 sacramentorum
2708 2803 2992 2859 altitudine
3044 2811 3283 2870 teneret,
3330 2812 3493 2873 atque
3537 2819 3602 2858 ex
3657 2805 3781 2872 eius

2189 2891 2469 2960 Majestate
2488 2900 2706 2961 caperet
2725 2893 2866 2962 quod
2890 2894 3133 2964 poscenti
3162 2894 3319 2948 unico
3341 2893 3653 2949 alimentum
3677 2896 3783 2949 da-

2188 2991 2290 3037 ret.
2333 2981 2482 3039 Unde
2519 2982 2717 3039 f.tctum
2752 2994 2834 3040 est
2855 2994 2913 3040 ut
2939 2994 3160 3055 rogatus
3187 3002 3218 3040 a
3262 2986 3515 3041 fratribus
3539 3001 3779 3056 evange-

2189 3073 2307 3128 lista
2328 3072 2588 3139 Joannes,
2624 3091 2730 3130 non
2760 3076 2937 3131 solum
2958 3076 3188 3130 humana
3225 3078 3319 3131 sed
3338 3078 3499 3132 etiam
3526 3077 3783 3147 angelica

490 3136 800 3243 ¹¹¹³βί⁵ίθτίξ
828 3134 1083 3237 fugimus
1113 3135 1165 3187 i“
1196 3149 1347 3243 “ium
1366 3132 1629 3243 ,νθξίθθίτξ
1661 3132 1925 3236 ¹ίξ¹¹δί¹η¹ξ³
1953 3147 2082 3202 ope'
2112 3143 2163 3206 θ
2191 3181 2472 3235 superans,
2515 3132 2732 3223 condita
2756 3176 2949 3224 cuncta
2970 3170 3395 3237 transcenderet,
3423 3180 3478 3226 et
3500 3132 3658 3243 quem
3690 3132 3783 3227 vi-

488 3226 732 3281 rationis.
757 3225 891 3292 Quia
913 3240 1045 3279 vero
1070 3239 1101 3279 a
1126 3224 1304 3279 studio
1330 3224 1567 3291 ejusdem
1595 3224 1719 3278 boui
1744 3224 1920 3294 operis
1945 3239 2081 3278 nun-

490 3334 651 3385 quam
683 3317 999 3373 cessandum
1027 3325 1129 3381 est,
1158 3318 1398 3386 sequitur
1423 3334 1436 3370 :

559 3408 739 3477 (Vers-
792 3411 901 3479 22.)
940 3406 1009 3460 Et
1036 3417 1282 3478 appareat
1310 3408 1382 3461 ibi
1403 3408 1615 3479 jugiter.

558 3498 646 3552 Η..
686 3497 890 3566 Jugtier
921 3513 1151 3567 namque
1180 3498 1249 3551 ibi
1278 3513 1599 3568 apparemus
1625 3498 1766 3554 unde
1809 3515 2080 3570 nunquam

486 3588 826 3643 d'scedimus.
856 3587 1065 3656 Jugiter
1094 3602 1221 3655 erg»
1256 3588 1308 3641 in
1348 3599 1640 3658 conspectu
1678 3589 1884 3643 Domini
1915 3605 2081 3659 appa-

489 3695 611 3736 rere
657 3687 741 3734 est
786 3680 1037 3735 decorem
1087 3680 1241 3735 bonte
1290 3683 1715 3737 conversationis
1762 3684 1922 3737 nullis
1958 3686 2080 3739 vita:

488 3768 724 3824 tenebris
750 3768 1060 3834 obscurare,
1105 3770 1228 3837 quia
1274 3770 1364 3840 qui
1394 3769 1460 3824 ad
1488 3770 1669 3825 illicita
1696 3772 1841 3826 nulla
1871 3771 2077 3838 deﬂuit,

486 3877 515 3913 a
549 3869 759 3915 secieto
803 3859 965 3914 divini
1016 3860 1239 3915 intuitus
1287 3876 1557 3931 nunquam
1585 3864 1724 3925 exit;
1759 3872 1815 3917 et
1841 3865 1991 3934 quasi
2025 3864 2075 3917 in

485 3951 608 4005 luce
655 3950 887 4019 positum
937 3952 1077 4005 hunc
1123 3952 1301 4005 divina
1342 3952 1556 4007 bonitas
1587 3954 1803 4024 respicit
1828 3956 1952 4025 quia
1983 3971 2076 4011 eas

484 4053 619 4103 quas
668 4038 940 4091 damnavit
990 4048 1333 4107 peccatorum
1387 4042 1633 4096 tenebras
1686 4043 1947 4100 electione
1992 4048 2075 4101 sui

490 4128 752 4183 exatninis
800 4144 906 4183 non
945 4130 1194 4185 attendit.
1228 4131 1409 4186 Donec.
1438 4133 1599 4200 igitur
1647 4135 1945 4190 ablaetctur
1996 4139 2075 4191 in-

485 4220 624 4285 fans,
658 4219 723 4274 ad
754 4220 1131 4276 immolandam
1161 4223 1454 4278 solemnem
1487 4224 1715 4280 hostiam
1753 4242 1812 4280 se
1853 4243 1959 4282 non
1988 4244 2075 4285 as-

481 4328 761 4366 ecnsuram
791 4313 940 4368 Anna
971 4315 1270 4377 denuntiat,
1303 4317 1427 4384 quia
1459 4327 1640 4372 sancta
1671 4317 1902 4373 Ecclesia
1954 4328 2073 4375 tan-

482 4404 571 4458 deiu
622 4405 895 4459 custodire
949 4404 1084 4460 ﬁlios
1135 4408 1430 4477 proponit,
1479 4409 1715 4477 quandiu
1764 4410 1832 4464 de
1879 4427 2068 4466 eorum

481 4493 811 4561 perfectione
842 4513 1028 4551 secura
1082 4496 1193 4552 fieri
1242 4499 1419 4554 valeat
1465 4503 1587 4569 quia
1617 4503 1713 4571 ipsi
1744 4504 1810 4556 ab
1849 4515 2069 4575 accepta
2095 4511 2147 4569 D
2173 4541 2274 4580 nec
2304 4526 2551 4593 ignorare
2587 4493 2827 4590 υιίενίυεξ

481 4586 719 4640 bonitate
750 4587 972 4642 ulterius
1002 4604 1107 4642 non
1140 4590 1413 4644 recedant.
1446 4589 1632 4646 Potest
1659 4601 1834 4647 tamen
1873 4610 2065 4649 ascenv-

478 4694 571 4733 sus
600 4678 857 4733 solemnis
885 4679 1073 4733 hostia:
1101 4681 1167 4734 ad
1198 4681 1531 4736 altitudinem
1576 4694 1774 4739 sancta:
1818 4685 2067 4754 prtedica-

480 4767 639 4823 tionis
685 4768 895 4823 referri.
918 4768 1049 4823 Nam
1079 4771 1147 4824 de
1175 4786 1399 4826 ascensu
1432 4773 1528 4827 viri
1556 4772 1673 4842 ejus
1710 4790 1807 4846 per
1838 4775 2069 4844 l’rOphe-

480 4869 588 4912 tam
617 4860 874 4928 scriptum
914 4868 996 4915 est
1021 4879 1033 4913 :
1059 4861 1304 4915 Ascendit
1333 4879 1486 4931 super
1511 4863 1791 4932 cherubim,
1833 4876 1882 4918 et
1920 4867 2064 4921 vola-

476 4950 545 5001 rit
586 4964 739 5018 super
782 4967 979 5017 pennas
1025 4961 1288 5005 ventorum
1333 4952 1501 5020 (Paul.
1556 4970 1680 5019 xvtt,
1732 4954 1842 5024 Η).
1893 4956 2067 5025 Super

480 5038 756 5091 cherubim
788 5039 981 5107 quippe
1010 5039 1265 5095 Dominut
1294 5042 1398 5112 25
1426 5059 1582 5098 ascen
1607 5044 1681 5109 lit,
1734 5047 1858 5114 quia
1887 5047 1937 5100 in
1968 5062 2063 5100 su-

474 5127 727 5188 blimibns
757 5128 1166 5195 praedicatorum
1217 5147 1437 5187 suorum
1485 5135 1753 5190 mentibus
1799 5138 2063 5203 ascendit,

472 5224 529 5268 et
556 5215 794 5270 scientia:
822 5232 931 5273 sua:
973 5218 1309 5274 altitudinem
1344 5224 1512 5289 ponit.
1562 5221 1626 5276 Et
1653 5239 1815 5293 super
1860 5240 2065 5294 pennas

473 5315 755 5361 ventorum
800 5309 983 5375 volat,
1041 5312 1166 5380 quia
1216 5328 1397 5366 coram
1458 5314 1823 5383 spiritttalabus
1872 5332 2059 5373 eorum

472 5394 643 5450 oculis
692 5397 745 5452 in
794 5399 1127 5454 al.itudinem
1177 5402 1324 5456 mira:
1373 5404 1735 5474 inte‘ligentite
1787 5422 1846 5461 se
1885 5412 2054 5464 sancti

470 5481 523 5549 S,
550 5485 702 5541 iritus
731 5487 943 5543 [lati-bus
970 5490 1166 5545 elevat.
1202 5490 1267 5545 Et
1294 5492 1540 5548 tenebras
1579 5495 1854 5553 latibu'um
1901 5515 2057 5554 suum

472 5580 623 5645 ponit
664 5580 849 5649 (Ibat,
885 5583 996 5650 l2),
1026 5585 1148 5653 quia
1180 5586 1475 5652 majestatis
1521 5603 1631 5642 sua:
1674 5590 2054 5649 sublimitatem

470 5671 712 5734 rvprnbis
734 5673 1031 5727 abscondit.
1063 5672 1166 5726 Sel
1191 5674 1241 5725 in
1267 5674 1490 5729 circuitu
1518 5676 1632 5745 ejus
1654 5681 2052 5739 tabernaculum

478 5772 624 5813 suum
675 5760 906 5831 (Mitt),
954 5763 1075 5834 quia
1117 5779 1255 5831 quos
1300 5780 1395 5834 per
1438 5769 1679 5824 sublimia
1736 5773 1874 5829 dona
1941 5781 2052 5832 c7e-

2190 3257 2318 3312 dere
2361 3258 2558 3313 meruit
2598 3259 2928 3329 unigenitum
2955 3261 3009 3314 in
3055 3261 3176 3316 sinu
3214 3259 3388 3318 Patris
3424 3263 3778 3331 prtedicaret,

2187 3351 2406 3406 dicens:
2456 3349 2523 3405 In
2563 3352 2818 3422 principio
2859 3362 2973 3406 erat
3021 3353 3275 3421 Verbum,
3314 3363 3363 3408 et
3402 3354 3618 3409 Verbum
3656 3367 3781 3410 erat

2186 3442 2324 3510 apud
2352 3441 2535 3509 Deum,
2565 3453 2613 3497 et
2644 3442 2781 3497 Deus
2808 3452 2921 3498 erat
2960 3443 3177 3499 Verbum
3208 3444 3386 3516 (Ιααη.
3421 3462 3456 3508 ι,
3491 3447 3568 3516 l).
3613 3446 3776 3503 Tunc

2184 3548 2313 3601 ergo
2339 3533 2492 3588 Anna
2523 3534 2782 3601 ascendit,
2813 3551 2937 3591 cum
2959 3546 3144 3592 sancta
3169 3537 3405 3592 Ecc'esia
3438 3553 3497 3593 se
3524 3539 3574 3593 in
3605 3539 3779 3595 celsi-

2185 3622 2428 3678 tudinem
2458 3625 2650 3678 divinm
2678 3625 3069 3695 praedicationis
3091 3636 3197 3682 tam
3227 3627 3523 3683 sublimiter
3552 3630 3776 3688 extulit.

2185 3711 2335 3768 Tunc
2366 3712 2527 3767 etiam
2559 3714 2854 3768 immolavit
2900 3717 3198 3770 solemnem
3243 3717 3493 3782 hostiam,
3544 3721 3663 3789 quia
3694 3721 3773 3777 de

2182 3804 2489 3873 Cogttiliatie
2512 3805 2809 3859 divinitatis
2845 3807 2894 3859 itt
2918 3808 3222 3861 auditorum
3263 3825 3478 3863 suorum
3515 3811 3776 3868 cordibus

2181 3890 2449 3948 llatnmam
2480 3895 2627 3948 mira:
2656 3895 2959 3949 devotionis
2981 3898 3247 3953 accendit.
3275 3897 3542 3954 Solemnis
3564 3901 3773 3971 quippe

2179 3984 2353 4039 hostia
2406 3986 2522 4052 fuit,
2580 3988 2649 4041 de
2702 3988 3109 4056 incomparabili
3168 3989 3420 4058 eloquio,
3476 3992 3775 4058 singularis

2178 4076 2381 4130 oblatio
2411 4076 2731 4131 devotionis.
2767 4077 2919 4133 Tunc
2948 4079 2997 4131 in
3029 4089 3319 4148 conspectu
3348 4081 3556 4135 Domini
3595 4082 3773 4137 liium

2177 4164 2241 4217 ad
2267 4165 2421 4231 luxit,
2448 4181 2569 4220 cum
2594 4167 2898 4222 auditorum
2937 4182 3156 4222 suorum
3188 4169 3437 4225 cordibus
3465 4170 3765 4240 perfectam

2177 4256 2536 4323 cognitionem
2560 4272 2779 4311 summae
2806 4257 3101 4312 divinitatis
3130 4259 3414 4314 intimavit.
3462 4260 3592 4328 Quze
3629 4278 3768 4332 pro-

2176 4343 2316 4399 fecto
2349 4346 2439 4399 Dei
2469 4346 2733 4414 cognitio,
2760 4346 2884 4415 quia
2913 4361 3020 4400 non
3049 4347 3222 4402 solum
3256 4347 3360 4426 title
3391 4350 3620 4405 tenenda
3650 4365 3761 4419 Cal,

2175 4436 2267 4491 sed
2308 4437 2666 4501 confessione,
2704 4446 2760 4492 et
2798 4438 2945 4506 quod
2986 4439 3277 4505 credimus,
3311 4450 3367 4495 et
3412 4440 3767 4508 conﬁtemur,

2875 4544 2974 4583 nec
3001 4528 3161 4583 silere
3199 4531 3433 4598 permitti
3458 4549 3577 4596 uur,
3621 4549 3764 4602 puer

2171 4614 2490 4679 ablactatus,
2516 4615 2608 4683 qui
2638 4615 2703 4668 ad
2725 4615 2941 4670 domum
2974 4618 3182 4673 Domini
3222 4619 3524 4686 adducitur,
3551 4622 3762 4689 jugiter

2167 4701 2227 4757 in
2250 4712 2541 4771 consptctu
2574 4704 2783 4758 Domini
2813 4721 3035 4760 manere
3063 4705 3388 4762 dvc‘aratur.
3421 4708 3676 4778 Sequitur
3700 4728 3721 4766 ε

2243 4836 2417 4905 (Vers.
2451 4836 2568 4905 9.3.)
2610 4837 2679 4891 Et
2707 4838 2838 4892 dixit
2866 4840 2911 4893 ei
2936 4839 3175 4893 llelcana
3200 4843 3276 4895 vir
3295 4859 3447 4897 suus:
3478 4843 3590 4898 Fac
3615 4849 3758 4917 quod

2170 4924 2258 4979 tibi
2280 4925 2471 4980 bonum
2489 4928 2713 4988 videtur;
2739 4944 2910 4994 mane,
2941 4929 3101 4982 donec
3131 4931 3357 4984 ablue/es
3390 4948 3524 4986 eum.

2239 5056 2328 5111 4i.
2370 5057 2507 5123 Quid
2532 5068 2613 5112 cst
2641 5059 2781 5130 quod
2813 5059 2979 5114 Aona)
3009 5062 3290 5115 consilium
3320 5064 3421 5117 viri
3457 5065 3537 5119 sui
3566 5076 3757 5123 aucto-

2168 5148 2325 5202 ritate
2348 5148 2653 5213 roboratur,
2687 5150 2786 5203 ni~i
2817 5150 2939 5218 quia
2971 5153 3303 5222 propositum
3332 5164 3533 5210 sancta:
3567 5157 3653 5212 Ect
3675 5160 3756 5214 le-

2166 5238 2260 5290 size
2306 5253 2411 5292 non
2443 5253 2506 5293 ex
2533 5236 2766 5294 humano
2796 5242 3135 5307 praesumitur
3167 5242 3389 5312 judicio,
3434 5247 3529 5301 sed
3565 5264 3635 5303 ex
3662 5249 3755 5304 di-

2170 5328 2331 5382 vino?
2369 5328 2501 5382 Nam
2523 5330 2779 5399 quidquid
2809 5345 2994 5387 sanc'a
3028 5332 3265 5390 Ecclesia
3289 5338 3339 5391 in
3362 5339 3618 5405 subjectis
3646 5341 3754 5397 sibi

2166 5421 2475 5475 nationibus
2506 5422 2793 5493 disponere
2834 5423 3021 5491 voluit,
3069 5435 3196 5482 tunc
3237 5429 3450 5484 demum
3487 5430 3537 5485 id
3567 5442 3751 5488 ratum

2165 5512 2365 5575 lubuit,
2396 5528 2514 5567 cum
2543 5528 2609 5567 ex
2635 5513 2859 5570 interna}
2891 5517 3132 5572 veritatis
3154 5519 3363 5585 judicio
3388 5522 3515 5591 quid
3559 5524 3751 5595 dispo-

2162 5599 2391 5653 nendum
2415 5611 2557 5656 esset
2583 5604 2816 5670 agnovit.
2853 5603 2919 5658 Et
2944 5607 3066 5674 quia
3096 5608 3413 5665 ﬂdVOCJllﬂll
3442 5614 3550 5685 26
3580 5614 3749 5671 habe-

2163 5708 2279 5744 mus
2301 5696 2438 5761 apud
2477 5692 2684 5747 Patrem
2711 5693 2770 5766 _(I
2808 5694 2965 5756 Joan.
2997 5714 3048 5761 η,
3084 5699 3158 5770 l),
3191 5702 3281 5771 qui
3312 5704 3616 5775 interpellat
3644 5721 3751 5777 pro

2162 5784 2335 5845 nobis,
2368 5783 2656 5854 subjungit,
2690 5796 2850 5857 atque
2878 5790 2989 5842 ait:
