4000 6298
292 283 376 331 -ίἾ
1156 282 1226 337 ‘IN
1268 282 1533 337 PRIMUM
1577 280 1809 334 Mliill'l
1850 276 2365 332 EX'PUSITIONES.
2411 306 2475 317 -—
2518 278 2642 331 Mli.
2675 276 2720 331 ’l.
3523 277 3592 328 ﬁ“.

377 391 554 457 (Ἶρι-ε.
584 390 705 458 23.)
752 392 1040 451 Precorquc
1076 397 1129 441 ut
1165 391 1377 459 impleat
1416 390 1669 444 Bom’mrs
1704 389 1907 443 verbum
1942 392 1982 446 Λ
2016 395 2125 441 tate
2167 387 2421 441 vanitatis
2461 384 2675 449 habuit,
2716 386 2809 439 sed
2860 402 2924 439 ex
2975 387 3171 441 v'rtntc
3203 388 3366 441 bona:
3416 390 3591 442 inten-

274 496 473 535 ιριιιηι.
1766 537 1789 552 ,
2006 477 2191 543 tionis,
2217 477 2462 547 sequitur
2486 494 2499 530 :
2546 474 2616 529 Et
2638 476 2887 546 amp/mra
2918 478 3038 529 riui.
3074 476 3252 530 Virtus
3279 492 3407 533 vero
3436 478 3593 535 bona

369 570 461 625 ιδ.
503 570 657 638 Quod
688 579 774 626 est
801 572 1046 634 verbum,
1076 571 1222 640 quod
1256 569 1585 640 implendum
1617 572 1895 630 asseritur,
2002 565 2315 621 intentionis
2339 576 2419 621 est
2446 567 2682 621 charitas
2714 568 2829 634 Dei,
2855 582 2973 635 quae
3004 569 3054 621 in
3079 567 3372 623 electorum
3407 573 3590 626 cordi-

272 664 402 717 (ιίδί
424 664 806 733 pra‘destiuata
836 664 1123 719 conversio
1150 664 1505 732 gentilitatis?
1549 662 1614 715 Et
1656 663 1780 731 quia
1807 678 1902 730 per
2001 656 2101 710 bus
2122 655 2457 721 diffunditur,
2482 673 2581 727 per
2607 657 2806 712 donum
2828 658 3059 727 Spiritus
3086 660 3281 715 sancti.
3316 660 3477 727 Quod
3506 666 3591 716 nio

280 755 425 822 ejus
443 755 759 823 sanguinem
779 755 1196 809 reconciliamur
1220 755 1351 821 Deo,
1378 753 1490 823 ipse
1508 768 1606 822 pro
1630 752 1899 821 implendo
2002 748 2194 802 mirum
2220 751 2500 805 charitatis
2522 750 2719 803 donum
2750 761 2896 805 recte
2919 752 3027 805 vini
3058 752 3423 822 appellatione
3453 752 3589 821 ﬁgu-

284 848 473 900 verbo
495 854 764 915 precatur,
797 845 951 913 cujus
978 847 1203 900 obtentu
1229 846 1372 899 salus
1394 852 1579 898 nostra
1605 842 1894 913 perﬁcitur.
2002 847 2174 905 ratur,
2201 841 2305 910 27
2337 840 2463 908 quia
2507 849 2740 894 mentem
2772 848 3020 912 occupat,
3047 850 3103 895 et
3129 857 3161 897 a
3193 844 3421 899 terrenis
3462 844 3591 899 affe—

280 934 525 993 l‘recari
559 937 723 992 etiam
752 936 802 990 ei
830 944 913 990 est
942 951 1001 989 se
1044 936 1095 989 in
1123 935 1465 990 humanitate
1489 943 1759 1002 assumpta
1802 949 1899 1002 pro
2001 927 2175 980 ctihus
2192 929 2412 990 alienat,
2431 937 2487 981 ut
2506 929 2865 983 intentionem
2888 931 2952 982 ad
2974 931 3590 1000 smculumnon'habeat,

284 1029 479 1082 salute
513 1038 694 1083 nostra
722 1035 929 1081 aeterno
961 1025 1102 1079 Patri
1135 1026 1394 1081 continue
1432 1023 1720 1090 exhib-re;
1756 1023 1899 1094 quod
2001 1029 2163 1083 quam
2190 1016 2257 1069 ad
2279 1018 2579 1085 appetenda
2612 1020 2728 1072 sola
2753 1019 2993 1075 caelestia
3022 1020 3339 1077 inﬂammat.
3364 1022 3589 1092 verum,

276 1118 429 1173 dum
461 1119 539 1173 sic
564 1133 623 1173 se
651 1118 847 1173 ollcrre
874 1134 980 1172 non
1007 1116 1228 1183 desinit,
1252 1115 1549 1184 receptioni
1574 1124 1771 1169 nostra:
1790 1114 1901 1168 adi-
2002 1118 2061 1163 ut
2089 1110 2244 1179 hujus
2272 1126 2490 1180 quoque
2517 1113 2730 1166 virtutis
2768 1129 2873 1167 non
2915 1113 3200 1183 perfectio,
3239 1115 3335 1172 sed
3379 1116 3591 1170 initium

275 1218 416 1261 tum
448 1209 515 1262 ad
540 1209 702 1263 vitam
734 1208 885 1261 facil.
915 1206 1049 1273 Quia
1078 1222 1207 1260 vero
1232 1205 1599 1275 dispositionis
1631 1221 1741 1259 sea:
1763 1221 1898 1259 con-
2002 1200 2332 1269 designetur,
2386 1206 2647 1273 amphora
2689 1205 2817 1271 vini,
2863 1214 2918 1259 et
2967 1220 3075 1261 non
3118 1206 3371 1276 poculum
3427 1209 3591 1262 luisse

287 1300 482 1355 silium
507 1301 841 1369 exquirendo
873 1298 1124 1369 perie‘it,
1152 1308 1276 1367 apte
1301 1296 1666 1352 subinfertur:
1700 1296 1899 1351 Hausit
2000 1290 2323 1344 ostenditur.
2368 1291 2427 1345 In
2471 1295 2787 1362 amphoram
2830 1294 3031 1365 quippe
3079 1296 3391 1365 reponimus
3440 1297 3587 1367 quod

276 1408 428 1462 ergo
474 1392 675 1458 mulier,
708 1400 760 1444 et
796 1390 1008 1443 lactavit
1038 1390 1203 1459 ﬁlium
1245 1404 1396 1442 suum
1433 1388 1597 1441 donec
1642 1398 1895 1441 antorem
1999 1382 2323 1450 quandoque
2361 1398 2457 1451 per
2494 1384 2742 1452 pocu'um
2769 1386 3135 1454 propiuemus.
3174 1384 3317 1443 Hinc
3337 1399 3421 1443 est
3443 1390 3585 1443 enini

278 1498 417 1533 ,ειιηι
438 1498 471 1533 α
495 1482 647 1534 (acre,
674 1479 878 1534 Deinde
905 1480 1185 1547 sequitur:
1999 1472 2143 1539 quod
2178 1471 2222 1525 is
2257 1474 2347 1540 qui
2379 1490 2626 1537 superna:
2658 1475 2934 1529 rharitatis
2970 1476 3355 1546 perfectionem
3399 1487 3584 1546 gusta.

375 1569 553 1637 (νει-ε.
585 1567 700 1636 24.)
741 1567 809 1621 Et
831 1568 1050 1621 adduxit
1074 1584 1208 1629 eum,
1230 1577 1499 1638 postqvam
1524 1568 1893 1635 oblectaverat,
1998 1573 2173 1630 verat,
2212 1564 2321 1619 Deo
2356 1568 2715 1635 omnipotenti
2740 1568 3102 1624 coalitebatur
3122 1569 3347 1624 dicens:
3384 1570 3587 1639 Impiu-

287 1660 355 1709 iu
385 1659 559 1712 vitulis
593 1658 773 1721 tribus,
803 1667 856 1711 et
887 1655 1047 1711 tribus
1078 1656 1264 1711 modiis
1304 1659 1518 1728 fariute,
1560 1666 1608 1712 et
1642 1662 1895 1729 amphora
2001 1654 2238 1722 guastiin
2261 1655 2375 1708 oleo
2392 1666 2544 1726 caput
2571 1673 2756 1722 meum,
2780 1666 2828 1710 et
2855 1657 3094 1727 poculum
3115 1675 3283 1717 meum
3302 1660 3587 1722 inebriatus

286 1753 431 1809 cini:
463 1763 515 1805 et
537 1752 756 1805 adduxit
776 1767 891 1806 eum
912 1753 966 1804 iu
996 1751 1203 1805 domum
1232 1748 1447 1804 Domini
1476 1752 1529 1803 in
1560 1749 1695 1804 Silo.
1928 1747 1971 1805 Β
1997 1760 2152 1810 quam
2173 1748 2477 1814 pra’clarunt
2499 1757 2573 1800 est
2605 1747 2777 1817 (Prol.
2807 1764 2936 1812 xui,
2962 1747 3015 1820 5)
3037 1750 3050 1802 ε
3074 1750 3136 1804 in
3176 1753 3435 1821 amphora
3459 1767 3589 1821 ergo

367 1841 459 1895 46,
486 1842 624 1908 ρυξά
652 1857 885 1910 namque
911 1858 1008 1911 per
1030 1841 1255 1895 vitulum
1276 1843 1381 1895 hoc
1402 1841 1524 1895 loco
1549 1840 1897 1908 signiﬁcatur,
2001 1833 2112 1886 vini
2142 1834 2357 1888 Samuel
2380 1836 2592 1890 oblatu~
2620 1838 2941 1905 ostenditur,
2965 1840 3088 1907 quia
3117 1840 3321 1895 electus
3341 1842 3592 1911 quisque,

281 1933 403 1985 snsi
435 1932 773 2001 propositum
796 1931 1063 1985 imitanda:
1104 1931 1227 1984 vita:
1252 1931 1655 2001 perfectorum?
1690 1930 1795 1985 Sed
1822 1932 1902 1985 vi-
2001 1940 2125 1980 eum
2147 1926 2214 1980 ad
2236 1928 2566 1996 evangelicae
2595 1928 2989 1997 praadicationis
3015 1931 3369 1986 ministerium
3394 1947 3595 2002 praepa-

286 2024 451 2078 sulus
493 2032 579 2077 est
604 2037 727 2077 cum
759 2022 811 2075 in
837 2021 1001 2076 corde
1026 2021 1269 2075 exoritur
1294 2020 1649 2090 prolicientis,
1678 2020 1777 2075 bos
1802 2036 1898 2073 au-
2003 2026 2176 2083 ratur,
2207 2018 2373 2087 ipsius
2402 2020 2799 2087 prtedicationis
2831 2020 3036 2075 bonum
3062 2022 3336 2092 proponit,
3361 2038 3468 2077 non
3496 2039 3595 2093 pro

288 2124 411 2166 tt‘m
444 2129 567 2166 cum
598 2127 697 2182 per
744 2112 910 2165 robur
948 2110 1162 2164 virtutis
1194 2110 1260 2163 ad
1290 2110 1540 2164 allectum
1583 2109 1903 2179 perducitur
2001 2123 2141 2163 vana
2180 2108 2339 2177 hujus
2368 2108 2546 2164 saeculi
2585 2110 2899 2175 ambitione,
2932 2112 3026 2167 sed
3059 2127 3157 2180 pro
3190 2112 3305 2167 sola
3331 2113 3597 2168 charitate

294 2216 515 2273 magna:
546 2199 996 2257 conversationis.
1023 2198 1141 2265 Quo
1163 2199 1216 2253 in
1239 2199 1359 2255 loco
1382 2200 1537 2254 valde
1556 2200 1900 2268 quaerendum
2004 2201 2335 2268 impendere.
2372 2201 2432 2258 lu
2457 2202 2637 2255 vitu'is
2677 2216 2805 2271 ergo
2845 2202 3129 2257 adducitur
3175 2219 3273 2271 pro
3311 2204 3594 2274 proposito

286 2300 386 2344 est
414 2306 514 2345 cur
544 2306 651 2345 non
684 2306 823 2344 unus
859 2290 1077 2355 vitulus,
1110 2290 1205 2344 sed
1235 2298 1345 2344 tres
1383 2291 1448 2343 al
1486 2290 1900 2345 tabernaculum
2003 2286 2350 2355 fortitudinis,
2396 2291 2446 2344 in
2479 2290 2663 2344 farimn
2704 2291 2896 2347 modiis
2932 2306 3031 2361 pro
3070 2292 3315 2349 doctrina
3338 2294 3513 2358 verbi,
3534 2295 3589 2350 in

288 2384 524 2439 adducti
567 2384 940 2453 perhibentur.
970 2383 1077 2438 Sed
1105 2385 1157 2437 in
1186 2384 1358 2437 tribus
1386 2383 1568 2437 vitulis
1596 2383 1774 2437 infans
1804 2382 1903 2438 de—
2004 2378 2265 2445 amphora
2292 2380 2403 2433 vini
2431 2395 2527 2449 pro
2558 2379 2859 2435 intentione
2878 2378 3182 2436 .charitatis.

300 2477 448 2530 latus
474 2475 802 2541 ostenditur,
838 2485 896 2529 ut
935 2490 1121 2529 eorum
1160 2473 1394 2528 formam
1438 2473 1674 2528 insinuet
1712 2473 1805 2542 qui
1832 2472 1901 2528 ad
2076 2466 2165 2526 48..
2208 2468 2338 2539 Quae
2384 2469 2627 2540 profecto
2650 2471 2905 2528 virtutum
2950 2471 3122 2538 initia,
3154 2473 3242 2526 ubi
3277 2473 3390 2527 sint
3432 2473 3598 2543 perﬁ-

298 2566 708 2637 przndicationis
727 2566 1082 2621 ministerium
1105 2566 1457 2623 instruuntur.
1484 2561 1762 2619 Perfectus
1783 2574 1895 2619 ete—
2003 2560 2191 2614 cienda
2214 2561 2429 2625 edocet,
2461 2576 2583 2615 cum
2612 2559 2922 2629 subjungit:
2968 2558 3036 2613 Et
3056 2562 3276 2617 adduxit
3298 2564 3351 2617 in
3387 2565 3596 2619 domum

306 2658 417 2711 nim
448 2657 663 2721 doctor,
696 2664 754 2711 et
782 2656 1158 2725 peccatoribus
1187 2654 1583 2718 convertendis,
1631 2662 1687 2708 et
1721 2663 1902 2710 custo-
2006 2650 2296 2703 Itomiuiin
2328 2650 2463 2707 Silo.
2498 2649 2697 2704 Domus
2728 2650 2942 2708 Domini
2965 2660 3149 2704 sancta
3177 2649 3414 2707 Ecclesia
3448 2664 3599 2710 recte

299 2750 517 2803 (liendis
553 2748 715 2817 justis
757 2748 1018 2816 invigilat.
1064 2746 1237 2817 Quasi
1261 2748 1402 2801 enim
1444 2745 1669 2800 colonus
1708 2747 1900 2800 summi
2006 2742 2346 2812 intelligitur,
2369 2758 2489 2811 qua:
2512 2741 2762 2795 nimirum
2788 2742 2841 2795 in
2867 2741 3098 2796 Silosita
3123 2744 3596 2813 esseperhibetur.

309 2837 715 2909 patrisfamilias
738 2846 1025 2907 utrumque
1052 2839 1248 2892 bovem
1270 2837 1463 2892 aratris
1486 2836 1689 2901 inserit,
1717 2844 1773 2889 ut
1796 2851 1900 2891 non
2002 2832 2117 2887 Silo
2142 2845 2321 2889 autem
2352 2834 2501 2887 locus
2520 2841 2603 2887 est
2628 2834 2681 2887 in
2708 2849 2816 2904 quo
2840 2849 2964 2887 arca
2996 2833 3091 2889 Dei
3124 2836 3386 2892 mansisse
3414 2838 3598 2907 perhi-

310 2930 1015 3000 salumvigilarestamibus
1032 2944 1103 2987 ue
1124 2938 1398 2993 corruant,
1420 2928 1515 2982 sed
1538 2928 1697 2981 etiam
1722 2927 1903 2996 lapsos
2004 2922 2182 2981 betur.
2232 2922 2371 2989 Quid
2408 2936 2538 2993 ergo
2587 2923 2728 2980 aliud
2770 2923 2885 2979 Silo
2929 2924 3034 2979 isto
3076 2925 3128 2978 in
3160 2926 3279 2981 loco
3325 2927 3597 2995 signiﬁcat

306 3022 484 3091 possit
516 3022 730 3090 eligere
759 3030 819 3075 ut
836 3019 1165 3075 ~subsistant.
1197 3018 1303 3074 Sed
1327 3020 1417 3088 qui
1453 3019 1588 3073 duos
1614 3019 1779 3072 boves
1800 3018 1901 3073 ba-
2005 3030 2167 3085 quam
2195 3017 2393 3070 veteris
2416 3015 2547 3085 legis
2571 3015 2949 3071 traditionem?
2970 3016 3103 3071 Nam
3130 3018 3277 3072 velut
3296 3033 3475 3073 arcam
3501 3018 3599 3073 Dei

306 3114 409 3167 bet
439 3113 491 3167 in
530 3113 898 3181 subjectorum
946 3110 1329 3173 sollicitudine,
1380 3118 1436 3163 ιι
1481 3124 1600 3163 esse
1630 3109 1905 3180 perfectus
1934 3113 1980 3176 ς
2010 3107 2273 3171 continet,
2316 3106 2443 3160 dum
2466 3107 2743 3162 carnalem
2781 3107 3013 3162 litteram
3047 3107 3178 3164 foris
3204 3108 3443 3173 exhibet,
3476 3124 3599 3179 qua

313 3202 513 3267 valeat,
558 3200 751 3255 bovem
791 3201 1010 3254 tertium
1035 3200 1227 3268 jungat
1266 3202 1319 3257 in
1350 3200 1528 3254 divina
1573 3200 1906 3269 contempla-
2003 3197 2063 3254 in
2099 3199 2213 3253 suis
2245 3199 2472 3253 secretis
2513 3199 2809 3269 spiritalem
2836 3198 3115 3254 scientiam
3140 3199 3381 3255 clausam
3426 3210 3595 3255 tenes.

311 3295 485 3358 tione,
502 3299 562 3344 ut
578 3300 635 3346 et
655 3306 721 3345 co
741 3290 814 3344 'da
830 3290 1202 3360 proximorum
1223 3289 1592 3358 integrojugo,
1611 3291 1904 3360 loquendo,

310 3383 461 3437 velut
492 3382 721 3449 arando,
753 3382 981 3451 aperiat,
1011 3381 1437 3450 etsemetipsum
1462 3396 1559 3450 per
1578 3382 1903 3449 singularem

314 3473 516 3527 sutoris
532 3471 903 3526 fortitudinem
927 3472 990 3524 ad
1013 3470 1312 3525 conditoris
1332 3471 1414 3524 sui
1439 3473 1674 3541 speciem
1696 3486 1908 3539 semper

314 3561 601 3617 cx'endat.
649 3560 869 3616 Samuel
914 3574 1044 3629 ergo
1090 3562 1141 3614 in
1173 3561 1352 3615 vituEis
1390 3561 1559 3616 tribus
1587 3561 1651 3614 ad
1688 3563 1905 3617 domum

308 3652 530 3705 Dotnini
560 3651 801 3718 ducitur,
828 3666 951 3705 cum
983 3652 1121 3705 bene
1147 3651 1375 3720 quisque
1398 3648 1683 3720 proﬁciens
1712 3668 1908 3721 propo-

311 3746 393 3797 nit
422 3754 479 3796 ut
509 3759 580 3798 ex
611 3743 801 3798 labore
856 3742 1255 3811 pratdicationis
1294 3743 1551 3812 prodesse
1580 3743 1757 3797 valeat
1786 3759 1911 3813 pro-

308 3834 495 3896 aimis,
541 3844 597 3887 et
623 3848 692 3886 ex
714 3841 927 3887 secreto
954 3832 1150 3903 quietis
1177 3832 1440 3886 inhmrere
1482 3832 1684 3890 intimas
1716 3834 1911 3888 visioui

316 3924 641 3979 condtoris.
672 3923 741 3979 Et
761 3925 886 3993 quia
911 3923 961 3978 id
992 3924 1131 3979 bene
1159 3924 1415 3978 exhibere
1445 3925 1658 3979 animus
1682 3926 1912 3995 imperiti

314 4031 594 4086 nunquam
620 4016 841 4084 poterit,
873 4016 926 4068 in
960 4024 991 4068 t.
1010 4014 1127 4068 ibus
1149 4015 1312 4068 etiam
1330 4015 1516 4069 farina:
1542 4016 1731 4072 modiis
1752 4015 1911 4071 oder-

325 4116 433 4159 tur.
484 4104 561 4158 Ex
607 4102 776 4158 larina
806 4104 1006 4174 quippe
1032 4119 1349 4173 cumpaues
1393 4103 1545 4169 ﬁunt,
1590 4107 1912 4174 praeparatio

316 4194 639 4250 refectionis
668 4194 961 4265 perﬁcitur.
987 4194 1141 4261 Quod
1175 4211 1302 4249 vero
1334 4210 1441 4250 non
1472 4195 1523 4248 in
1547 4196 1795 4265 panibus,
1819 4195 1914 4251 sed

312 4285 375 4338 in
405 4283 593 4338 farinae
615 4285 810 4341 mediis
839 4281 1083 4349 oﬁertur,
1114 4284 1312 4337 bonam
1339 4284 1683 4339 devotionem
1710 4285 1912 4340 doctri-

316 4393 453 4432 nam
477 4391 784 4448 proponere
812 4376 1134 4439 ostenditur,
1156 4390 1273 4432 non
1297 4376 1462 4444 ipsius
1489 4375 1747 4431 doctrina:
1767 4391 1915 4431 com-

2010 3290 2151 3359 Quid
2182 3299 2262 3346 est
2289 3307 2440 3361 ergo,
2473 3307 2583 3360 quo
2605 3292 2617 3343 l
2643 3290 2845 3346 domus
2877 3290 3087 3345 Domini
3121 3291 3173 3345 in
3201 3291 3314 3345 Silo
3338 3291 3441 3347 sita
3479 3308 3600 3349 esse

2010 3384 2345 3454 perhibetur,
2379 3384 2485 3437 nisi
2512 3383 2639 3453 quia
2678 3388 2861 3438 sancta
2902 3379 3137 3437 Ecclesia
3169 3382 3223 3436 in
3261 3393 3600 3437 sacramento

2010 3476 2411 3546 Scripturarum
2441 3476 2589 3529 velut
2608 3475 2661 3529 in
2692 3474 2812 3529 loco
2824 3474 3052 3531 fundata
3073 3475 3453 3543 cogno-citur?
3473 3474 3603 3529 ll'uc

2009 3568 2504 3624 Samueladdnctus
2533 3566 2810 3631 asseritur,
2837 3566 2944 3621 illic
2972 3566 3206 3629 oblatus,
3240 3566 3366 3636 quia
3402 3578 3601 3636 prmter

2012 3666 2165 3712 sanet
2182 3672 2251 3710 'm
2285 3655 2577 3711 Ecclesiam
2602 3656 2754 3709 locus
2782 3670 2887 3709 non
2909 3664 2993 3708 οτι
3016 3654 3105 3708 ubi
3127 3655 3317 3708 merita
3340 3655 3599 3708 virtutum

2013 3756 2285 3815 crescant,
2306 3756 2358 3801 et
2381 3747 2447 3801 ad
2472 3746 2685 3801 culmen
2716 3744 3061 3816 perfectionis
3086 3746 3323 3800 veniant.
3354 3746 3458 3799 Sed
3481 3762 3602 3801 cum

2015 3838 2130 3905 ipse
2157 3837 2246 3905 qui
2275 3836 2538 3891 adductus
2557 3846 2640 3890 Cal
2660 3840 2936 3899 asseritur,
2960 3835 3077 3905 ejus
3098 3850 3313 3904 quoque
3334 3837 3607 3892 dilationis

2014 3943 2175 3982 causa
2206 3935 2561 3993 memoratur,
2584 3942 2707 3982 cum
2729 3926 2974 3980 subditur
3000 3944 3012 3979 :

2089 4019 2265 4090 (Vera.
2292 4018 2407 4087 2i.)
2453 4016 2586 4071 Puer
2610 4024 2780 4069 autem
2801 4016 2970 4069 adhuc
2996 4024 3106 4069 erat
3137 4017 3453 4087 infantulus.

2087 4110 2220 4165 Nam
2250 4112 2293 4166 si
2326 4109 2620 4164 infantulus
2650 4116 2773 4164 tunc
2798 4124 2906 4162 non
2933 4118 3096 4175 esset,
3129 4110 3255 4163 dum
3285 4125 3383 4180 per
3403 4125 3462 4164 se
3489 4124 3608 4179 pos-

2016 4210 2101 4255 set
2138 4200 2415 4265 accedere,
2466 4198 2587 4253 duci
2614 4199 2721 4253 huc
2750 4198 2817 4253 ab
2846 4198 2953 4254 alio
2997 4214 3105 4255 non
3149 4208 3449 4270 oporteret.
3501 4202 3605 4257 Se-

2017 4291 2203 4360 quitur
2227 4306 2239 4343 :

2090 4381 2270 4453 (Vers.
2293 4381 2410 4453 25.)
2438 4381 2512 4439 Et
2535 4382 2935 4439 immolaverunt
2962 4380 3199 4447 uitulum,
3220 4390 3278 4437 et
3316 4382 3611 4438 obtulerunt

328 4470 548 4524 modum
578 4468 858 4523 exhibere.
885 4466 1094 4522 Modius
1122 4480 1250 4535 ergo
1290 4466 1472 4521 farina:
1501 4475 1701 4521 sanan
1725 4467 1912 4537 przcdi-
1951 4486 1996 4545 ο
2019 4491 2237 4546 puerum
2269 4475 2411 4529 (leti.

322 4559 556 4614 cationis
584 4557 1037 4627 praeparationem
1067 4555 1353 4626 signiﬁcat.
1383 4556 1493 4611 Sed
1524 4557 1576 4610 in
1607 4556 1779 4611 tribus
1802 4572 1917 4611 mo-

327 4651 429 4704 diis
473 4650 662 4706 farina:
709 4648 885 4703 infans
932 4648 1236 4714 adducitur,
1285 4648 1411 4717 quia
1450 4646 1575 4701 dum
1626 4647 1920 4716 prtedicare

328 4744 711 4811 proponimus,
751 4741 972 4795 verbum
1004 4741 1242 4795 scientize
1267 4754 1630 4808 prznparamus
1670 4747 1921 4808 peccato-

324 4835 475 4888 ribus
500 4835 566 4886 al
589 4832 1028 4896 conversionem,
1051 4832 1213 4901 justis
1243 4833 1308 4885 al
1337 4840 1537 4886 statum
1570 4846 1924 4901 perseveran-

330 4927 438 4990 tiae,
466 4933 523 4979 et
542 4923 699 4979 nobis
721 4923 787 4977 ad
800 4938 1088 4993 supernam
1112 4924 1650 4991 contemplationem;
1675 4922 1923 4978 velcerte

334 5034 471 5072 unus
505 5017 724 5072 modius
762 5026 868 5083 est,
900 5026 958 5069 ut
989 5016 1243 5083 diximus,
1288 5033 1386 5086 pro
1414 5017 1769 5071 conversione
1801 5032 1925 5085 pec-

331 5112 553 5174 catoris,
606 5110 747 5164 alius
786 5124 885 5178 pro
915 5108 1196 5178 disciplina
1233 5107 1529 5176 conjugati,
1572 5108 1763 5162 tirtius
1798 5122 1928 5161 vero

337 5218 437 5269 pro
467 5201 757 5255 excellenti
789 5202 1023 5269 puritate
1049 5202 1400 5257 continentis.
1432 5199 1496 5253 Et
1523 5200 1684 5254 modii
1710 5200 1927 5269 quidem

336 5292 588 5345 dicuntur
634 5307 730 5360 pro
761 5305 1015 5345 mensura
1048 5290 1409 5345 discretionis.
1459 5288 1612 5345 Unde
1656 5300 1712 5345 et
1738 5291 1929 5346 beatus

2096 4564 2185 4620 49.
2225 4565 2486 4635 Superius
2511 4566 2577 4621 de
2603 4567 2717 4622 sola
2748 4567 2902 4625 Anna
2939 4567 3261 4623 dicebatur:
3295 4565 3365 4621 Et
3392 4567 3613 4622 adduxit

2023 4671 2141 4708 eum
2178 4671 2370 4717 secum,
2420 4665 2689 4726 postquam
2721 4654 3089 4709 oblactaverot.
3145 4654 3295 4710 Nunc
3337 4663 3518 4709 autem
3543 4655 3613 4709 de

2028 4747 2263 4804 llelcana
2300 4750 2522 4818 pariter,
2549 4757 2605 4803 et
2641 4749 2708 4801 de
2737 4747 2891 4801 Anna
2924 4746 3297 4814 subjungitur:
3335 4746 3403 4799 Et
3431 4748 3617 4800 immo-

2029 4840 2082 4894 ια
2114 4850 2265 4895 erunt
2308 4841 2541 4903 vitulum,
2585 4849 2633 4893 et
2670 4840 2962 4892 obtulerunt
3002 4852 3214 4907 puerum
3266 4836 3410 4891 Heli.
3462 4836 3615 4892 Tunc

2026 4932 2339 4987 immolatus
2373 4940 2456 4984 est
2482 4931 2697 4994 vitulus,
2738 4944 2859 4983 cum
2886 4928 3149 4982 adductus
3186 4937 3271 4981 est
3299 4927 3537 4992 Samuel,
3562 4937 3617 4982 tt

2029 5022 2260 5077 oblatus.
2286 5020 2341 5075 Si
2373 5034 2501 5089 ergo
2534 5020 2602 5073 ibi
2632 5027 2748 5072 erat
2776 5027 2903 5072 tunc
2923 5016 3186 5083 Hclcana,
3219 5027 3275 5072 et
3300 5034 3424 5073 cum
3451 5017 3618 5073 duce-

2029 5113 2209 5173 batur,
2251 5119 2307 5165 et
2353 5126 2473 5164 cum
2517 5109 2865 5172 oﬁerebatur,
2895 5122 3063 5177 quare
3110 5125 3216 5164 non
3260 5110 3464 5164 dictum
3514 5118 3617 5173 est,

2029 5204 2371 5258 adduxerunt
2388 5217 2520 5257 eum
2542 5216 2747 5267 secum,
2774 5202 2914 5256 sicut
2934 5202 3134 5255 dictum
3165 5209 3269 5267 est,
3300 5201 3617 5256 immolave-

2031 5302 2178 5355 runt,
2202 5300 2258 5347 et
2280 5292 2630 5345 obtulerunt?
2651 5290 2757 5345 Sed
2779 5292 2903 5359 quia
2930 5292 3045 5346 hinc
3065 5291 3133 5347 ad
3156 5290 3449 5347 Ecclesiam
3478 5300 3533 5347 et
3552 5290 3622 5345 ad

340 5379 537 5434 nudus
580 5381 862 5450 perhibet,
912 5382 1138 5436 dicens:
1191 5379 1315 5436 Non
1374 5382 1492 5451 plus
1549 5399 1731 5452 sapere
1777 5398 1932 5452 quam
2026 5382 2307 5439 .Christum
2338 5382 2642 5447 retulimus,
2668 5382 2749 5437 illi
2781 5382 3003 5447 lactare,
3041 5383 3116 5437 illi
3150 5381 3421 5439 adducere
3448 5384 3619 5453 perti-

343 5482 543 5538 oportet
586 5489 800 5542 sapere,
850 5473 942 5526 sed
994 5489 1183 5543 sapere
1234 5474 1304 5528 ad
1350 5472 1686 5528 sobrietatem
1744 5471 1930 5544 (Rom.

342 5576 434 5624 xtt,
466 5561 547 5630 5).

414 5652 504 5706 i7.
528 5652 690 5721 Quod
718 5654 987 5725 profecto,
1009 5669 1118 5726 qua
1137 5656 1545 5727 medicatorum
1572 5655 1707 5712 ordo
1733 5656 1938 5711 electus

330 5746 681 5817 uigentibus
708 5745 919 5817 [Forte,
946 5748 1151 5804 electus
1172 5764 1234 5806 ex
1258 5747 1550 5819 geminus],
1583 5766 1688 5805 non
1710 5765 1773 5802 ex
1805 5748 1937 5806 levi-

2030 5482 2149 5536 .net,
2181 5472 2378 5528 offerre
2400 5481 2457 5528 et
2474 5473 2765 5528 immolare
2793 5474 2894 5529 sibi
2932 5483 2985 5528 et
3011 5473 3245 5529 Christo.
3266 5471 3388 5541 Ipsa
3420 5475 3623 5544 quippe

2039 5563 2233 5621 institit
2271 5563 2440 5619 verbo
2480 5564 2907 5634 .prmdicationis,
2949 5561 3043 5617 sed
3085 5563 3281 5631 quibus
3321 5563 3619 5619 doctrinam

2040 5656 2276 5713 insinuat
2296 5657 2548 5713 virtutem
2565 5656 2917 5726 adimplenda:
2937 5656 3263 5726 operationis
3283 5672 3621 5728 nequaquam

2041 5747 2431 5805 subministrat.
2473 5744 2732 5801 Litteram
2780 5743 2981 5818 quippe
3020 5742 3307 5814 Scriptura:
3344 5746 3622 5811 loquendo
