4000 6280
406 268 470 320 47
1615 269 1854 327 SANllTl
1892 266 2221 325 GBEGURII
2261 263 2475 324 MACNI

3629 252 3725 309 48

410 388 647 456 exhibet,
676 386 770 441 sed
800 385 969 454 ipsum
993 383 1190 438 bonum
1217 399 1274 437 se
1304 381 1838 453 petentibusnonnisi
1866 396 1986 435 cum
2021 384 2063 441 Α
2095 380 2293 434 teribus
2321 378 2581 447 agnoscit.
2624 375 2822 444 Aperte
2864 371 3022 439 igitur
3059 368 3277 425 Samuel
3313 368 3430 423 Heli
3462 369 3715 424 oblatus

409 493 612 549 sponso
637 477 767 532 dare
796 483 989 544 potest.
1024 472 1335 528 lmmolatur
1363 486 1493 540 ergo
1522 472 1718 527 vitulus
1768 487 1890 525 cum
1921 470 1998 524 di-

404 571 534 624 vina
580 569 750 636 gratia
790 565 939 622 cordi
985 565 1125 619 bona
1158 564 1392 634 petentis
1423 563 1740 630 infunditur,
1771 570 1830 617 ut
1858 562 1995 616 bona

408 675 529 729 quia:
560 657 879 713 destinando
908 655 1169 710 deliberat
1193 655 1372 710 studio
1392 655 1520 710 boni
1549 655 1730 725 operis
1758 655 2000 709 hilariter

399 749 706 818 impendat.
737 746 946 801 Vitulus
977 746 1119 800 enim
1149 752 1278 799 tunc
1294 745 1622 811 immolatur,
1640 745 1764 814 quia
1781 744 1995 799 victima

402 837 540 892 boni
590 837 769 906 operis
816 835 1075 905 propositi
1123 835 1190 889 ab
1219 835 1580 905 omnipotenti
1628 835 1743 890 Deo
1789 834 1998 890 devotze

410 932 607 987 mentis
647 931 922 986 oblatione
960 929 1270 999 suscipitur,
1311 929 1356 985 si
1393 929 1446 983 id
1474 928 1618 998 quod
1656 928 1705 983 ei
1754 928 1998 983 vovendo

408 1038 563 1078 mens
592 1022 832 1087 exhibet,
862 1028 1036 1075 totum
1069 1021 1179 1074 Deo
1215 1028 1483 1075 mactatur
1513 1035 1610 1089 per
1648 1020 1991 1073 hilaritatem.

406 1114 614 1167 Debac
638 1112 1007 1166 immolatione
1028 1110 1179 1165 vituli
1204 1111 1461 1164 Dominus
1486 1110 1537 1163 in
1564 1108 1859 1177 Evangelia
1882 1109 1957 1162 ait
1980 1125 1993 1160 :

411 1203 600 1269 Sivvos,
632 1220 745 1257 cum
765 1203 879 1256 sitis
909 1202 1054 1267 mali,
1084 1202 1247 1255 nostis
1268 1200 1404 1254 bona
1429 1200 1552 1253 data
1574 1200 1701 1253 dare
1730 1200 1855 1266 ﬁliis
1882 1214 1990 1253 ves-

410 1280 747 1363 tris,quanto
772 1293 937 1362 magis
974 1293 1081 1361 28
1114 1290 1277 1345 Pater
1301 1306 1441 1343 meus
1470 1290 1689 1343 caelestis
1719 1287 1864 1341 dabit
1890 1289 1997 1357 spi-

408 1386 562 1438 ritum
602 1384 789 1437 bonum
818 1382 1102 1452 petentibus
1132 1397 1189 1435 se
1227 1379 1443 1450 (Matth.
1476 1398 1564 1446 \‘ll,
1610 1380 1708 1448 ll;
1742 1378 1871 1433 Luc.
1917 1395 1990 1439 x1.

411 1476 535 1539 1'5)?
559 1475 691 1529 llinc
722 1474 917 1528 Paulus
945 1474 1050 1527 ait:
1086 1472 1186 1536 Qui
1208 1474 1428 1527 seminat
1454 1474 1508 1526 in
1532 1471 1992 1537 benedictionibus,

407 1568 472 1619 de
510 1564 946 1619 benedictionibus
977 1573 1027 1617 et
1054 1574 1226 1627 metet,
1262 1565 1610 1635 unusquisque
1639 1574 1789 1633 prout
1833 1563 1994 1617 desti—

409 1658 547 1709 navit
568 1656 631 1709 in
661 1656 815 1710 corde
843 1672 955 1720 suo,
989 1672 1094 1707 non
1123 1671 1187 1708 ex
1218 1656 1450 1721 tristitia,
1476 1672 1508 1708 a
1546 1664 1649 1708 tea:
1670 1655 1992 1716 necessitate,

2098 471 2379 536 asseritur,
2416 468 2539 538 quia
2576 467 2750 521 solum
2784 463 3114 519 suﬁicienter
3138 476 3276 516 nova
3307 460 3565 531 prmdieat
3592 457 3722 528 qui

2098 577 2215 617 eam
2242 560 2506 615 rationem
2530 573 2634 627 qua
2667 553 3009 622 intelligenda
3034 560 3161 606 sunt
3185 559 3367 605 vetera
3396 565 3503 605 non
3528 549 3719 617 igno-

2097 661 2201 707 rat.
2251 651 2319 706 Et
2362 651 2487 719 quia
2516 647 2735 704 easdem
2779 646 3088 715 Scripturas
3127 651 3341 699 veteres
3390 641 3724 710 intelligere

2097 743 2216 796 sine
2258 747 2591 811 praeceptore
2634 751 2739 791 nor.
2788 750 3098 805 possumus,
3143 743 3198 788 et
3232 733 3425 787 doctor
3461 731 3594 785 nihil
3646 730 3721 784 in

2099 833 2254 887 nobis
2281 830 2528 886 docendo
2552 827 2783 898 prolicit,
2815 826 2861 880 si
2891 824 3035 895 quod
3065 825 3180 895 ipse
3208 823 3339 878 foris
3369 822 3608 891 loquitur
3645 821 3721 876 in

2096 924 2349 979 cordibus
2376 921 2576 977 nostris
2598 935 2693 991 per
2715 919 2949 973 divinam
2977 917 3202 987 gratiam
3224 931 3332 970 non
3358 914 3720 985 Tnl‘undatur,

2097 1022 2269 1067 mater
2294 1028 2399 1066 non
2427 1010 2542 1066 sola
2571 1023 2797 1078 puerum
2829 1006 3046 1073 obtulit,
3071 1004 3166 1060 sed
3188 1020 3309 1060 cum
3336 1005 3474 1058 viro.
3501 1002 3563 1057 Ei
3592 1018 3717 1057 au-

2099 1113 2207 1157 tem
2248 1103 2331 1158 cui
2373 1102 2540 1156 tilium
2575 1100 2743 1154 tradit
2782 1111 2842 1154 se
2870 1113 2992 1154 cum
3037 1097 3203 1153 verbo
3248 1095 3506 1167 prteconii
3534 1095 3714 1150 Anna

2099 1194 2410 1256 insinuavit,
2440 1193 2625 1247 dicens
2651 1209 2664 1243 :

2169 1282 2347 1354 (Vers.
2376 1282 2489 1351 9.6.)
2533 1279 2775 1347 Obsecro,
2808 1282 2881 1336 mi
2912 1280 3152 1346 Domine,
3192 1280 3312 1333 vivit
3352 1280 3534 1333 anima
3576 1286 3711 1345 tua,

2106 1395 2200 1448 ego
2230 1392 2342 1430 sum
2367 1376 2458 1429 illa
2486 1375 2690 1440 mulier,
2721 1391 2835 1445 quae
2858 1374 2997 1427 stetit
3025 1389 3200 1427 coram
3224 1382 3272 1426 te
3294 1372 3395 1426 hic.

2172 1465 2261 1519 51.
2302 1464 2495 1519 Coram
2532 1463 2648 1518 Heli
2685 1463 2838 1518 Anna
2865 1473 2916 1517 st
2951 1462 3036 1527 tit,
3069 1463 3195 1532 quia
3230 1471 3416 1518 sancta
3446 1461 3706 1518 Ecclesia

2098 1561 2380 1615 doctorum
2419 1571 2703 1628 synagoga:
2743 1556 2902 1610 nullis
2949 1555 3414 1625 persecutionibus
3458 1555 3701 1609 corruit.

2098 1649 2251 1718 Quod
2284 1649 2390 1703 tale
2409 1656 2491 1703 est
2511 1663 2577 1703 ac
2606 1648 2649 1702 si
2674 1646 2818 1702 dicat
2847 1644 3085 1701 Ecclesia
3114 1646 3355 1715 glorians
3390 1645 3705 1717 Synagoga:

406 1748 630 1802 hilarent
658 1749 795 1802 enim
822 1748 1055 1801 datorem
1084 1747 1255 1817 diligit
1281 1746 1424 1801 Deus
1455 1746 1544 1817 (II
1569 1746 1686 1801 Cor.
1721 1762 1794 1813 Ix,
1838 1746 1890 1810 6,
1915 1749 1990 1818 7).
2032 1749 2072 1806 Β
2100 1750 2439 1820 praepositis:
2489 1748 2691 1803 Idcirco
2730 1748 2919 1801 Orbem
2962 1759 3158 1817 parere
3201 1759 3298 1814 per
3339 1742 3700 1812 Evangelium

409 1837 545 1903 Quid
578 1852 807 1903 namwe
829 1846 909 1892 est
939 1835 1210 1891 destinare
1256 1836 1308 1890 in
1334 1835 1518 1904 corde,
1559 1837 1659 1891 uiti
1697 1853 1999 1907 pr0ponere

404 1948 475 1986 ex
518 1930 942 1985 deliberatione?
982 1929 1119 1983 Dum
1156 1943 1287 1996 ergo
1316 1928 1601 1982 destinavit
1631 1929 1795 1994 dixit,
1845 1946 1949 1999 qua
1983 1930 1997 1983 i

410 2022 634 2077 vitulum
664 2020 957 2075 adductum
988 2020 1238 2074 asseruit.
1271 2018 1377 2073 Sed
1396 2018 1520 2073 dum
1551 2019 1772 2085 addidit,
1798 2036 1907 2074 non
1932 2036 1997 2074 ex

404 2112 643 2177 tristitia,
689 2120 780 2166 aut
823 2126 888 2165 ex
932 2112 1288 2177 necessitate,
1325 2110 1449 2181 quia
1491 2111 1713 2165 hilarem
1756 2113 1996 2168 datorem

406 2201 581 2270 diligit
622 2200 782 2268 Deus,
823 2200 1114 2254 adductum
1162 2199 1388 2253 vitulum
1433 2201 1665 2268 qualiter
1695 2202 1913 2257 immole
1940 2220 2000 2255 ιιι·

407 2292 675 2362 exposuit.
712 2290 1062 2346 Adducuntur
1089 2305 1219 2359 ergo
1239 2292 1392 2345 vituli
1417 2307 1539 2346 cum
1567 2292 1634 2346 ad
1663 2288 1867 2362 agenda
1892 2293 1998 2348 for-

410 2382 482 2435 tia
510 2382 647 2436 bene
674 2381 1021 2451 proponenda
1050 2396 1432 2450 prteparamur,
1464 2383 1558 2436 sed
1584 2383 1782 2437 vitulus
1807 2384 1998 2437 immo-

410 2472 551 2525 latur
579 2488 699 2526 cum
729 2472 1042 2526 deliberatio
1071 2472 1200 2526 boni
1238 2474 1501 2543 prepo‘iti
1537 2476 1643 2529 Deo
1675 2474 2001 2545 impenditur

411 2563 465 2617 in
505 2563 777 2617 oblatione
808 2576 1012 2630 magna:
1057 2562 1377 2619 devotionis.
1424 2564 1661 2636 Uterque
1708 2576 1910 2635 autem,
1948 2567 2001 2622 id

410 2662 493 2709 est
516 2654 596 2706 vir
616 2660 672 2707 et
702 2667 855 2716 uxor,
885 2652 1109 2706 vitulum
1140 2653 1449 2709 immolasse
1471 2655 1843 2724 perhibentur,
1873 2657 1999 2725 quia

411 2748 601 2803 eadem
645 2747 887 2803 hilaritas
926 2746 1170 2804 ﬁdelibus
1205 2750 1431 2806 subditis
1475 2750 1838 2821 pncdicatoris
1866 2768 2001 2809 voce

410 2825 734 2904 ostenditur,
780 2847 943 2909 atque
980 2840 1036 2895 in
1080 2855 1265 2896 eorum
1308 2841 1565 2898 cordibus
1608 2843 1792 2899 divina
1830 2846 1999 2913 gratia

412 2936 756 2997 propagatur.
813 2928 1017 2983 Pariter
1056 2943 1186 2999 ergo
1227 2931 1453 2986 vitulum
1493 2933 1771 2990 immolant
1799 2951 1921 2990 cum
1945 2936 1999 2989 in

411 3015 576 3072 corde
613 3016 752 3072 bene
777 3018 1112 3088 proticientis
1138 3022 1339 3077 subditi
1375 3022 1555 3077 divina
1582 3025 1833 3080 convenit
1875 3041 1997 3080 cum

2099 1838 2210 1894 Deo
2250 1839 2432 1909 potui,
2469 1838 2595 1907 quia
2624 1836 2849 1890 adversa
2877 1850 2998 1905 qua:
3036 1834 3166 1889 mihi
3193 1832 3452 1890 intulistis
3490 1833 3703 1887 invicta

2101 1930 2345 1989 toYeravi.
2386 1928 2519 1982 Nam
2552 1928 2597 1981 si
2629 1928 2805 1996 [)(BJiS
2840 1926 2983 1981 victa
3016 1924 3272 1980 vetustati
3309 1926 3417 1995 29
3446 1938 3535 1979 me
3567 1926 3705 1979 sub-

2099 2018 2306 2081 derem,
2358 2034 2555 2073 novam
2608 2016 2958 2085 Redemptori
3001 2024 3081 2071 tot
3123 2016 3401 2069 nationum
3447 2015 3703 2070 sobolem

2100 2125 2437 2179 nequaquam
2484 2108 2810 2177 genuissem.
2844 2105 2909 2160 Et
2950 2106 3074 2177 quia
3118 2104 3392 2161 humiliter
3432 2105 3702 2175 loquitur.

2098 2198 2434 2254 obsecrando
2492 2197 2780 2251 Dominum
2841 2205 3019 2251 vocat.
3094 2195 3233 2261 Qnia
3281 2210 3412 2250 vero
3460 2195 3519 2249 ei
3572 2194 3704 2248 vitas

2098 2298 2313 2344 aeterna:
2350 2289 2540 2357 pignus
2571 2288 2624 2341 in
2660 2286 2764 2343 ﬁde
2794 2286 3172 2354 Redemptoris
3202 2285 3317 2340 dari
3343 2285 3572 2356 appetit,
3610 2284 3703 2338 di-

2101 2383 2173 2437 cit
2200 2400 2211 2434 :
2244 2380 2379 2435 Vivit
2409 2382 2585 2434 anima
2616 2390 2722 2433 tua.
2749 2379 2855 2434 Sed
2879 2394 2997 2449 qua:
3021 2394 3079 2433 se
3103 2378 3317 2433 stetisse
3340 2378 3569 2447 gloriata
3590 2387 3702 2447 est,
3764 2428 3769 2429 ,

2102 2488 2295 2543 magna
2327 2473 2394 2526 de
2436 2489 2494 2527 se
2531 2473 2775 2542 protulit.
2810 2471 2876 2525 Et
2913 2472 3037 2541 quia
3067 2473 3255 2526 eadem
3288 2485 3481 2541 magna
3512 2471 3701 2527 humi-

2102 2563 2241 2629 liter,
2275 2577 2379 2617 non
2418 2561 2673 2631 superbe,
2720 2561 2951 2627 dixerat,
2995 2575 3059 2613 ea
3099 2560 3345 2630 protinus
3376 2559 3445 2615 ad
3476 2558 3700 2615 laudem

2101 2655 2490 2724 Otnnipotentis
2521 2654 2611 2708 Dei
2637 2653 2838 2719 retulit,
2865 2654 3048 2708 dicens
3074 2670 3088 2707 :

2173 2746 2350 2816 (Vers.
2368 2744 2485 2814 27.)
2511 2744 2689 2812 Oravi,
2711 2753 2757 2799 et
2781 2744 2921 2799 dedit
2944 2746 3069 2799 mihi
3093 2744 3344 2801 Dominus
3359 2746 3689 2815 petitionem,

2102 2853 2254 2906 quant
2275 2836 2451 2906 rogavi
2479 2852 2616 2904 eum,
2638 2835 2833 2891 idcirco
2853 2846 2903 2890 et
2931 2852 3026 2908 ego
3058 2838 3410 2892 commendavi
3434 2855 3549 2892 eum
3579 2836 3699 2893 Do-

2102 2928 2264 2981 mino.

2174 3014 2261 3070 52.
2291 3016 2478 3073 Divina
2506 3018 2677 3087 gratia
2699 3017 2767 3072 ad
2786 3018 2891 3073 hoc
2916 3025 3117 3073 sancta:
3147 3017 3401 3074 Ecc’esize
3424 3018 3561 3075 ﬁlios
3586 3017 3695 3074 tri-

412 3108 644 3162 humana
672 3107 1072 3178 prmdicatione.
1106 3110 1241 3167 Tres
1261 3120 1440 3168 autem
1462 3114 1613 3169 vituli
1636 3115 1995 3179 adducuntur,
2024 3119 2070 3181 c
2102 3108 2238 3178 buit,
2265 3118 2325 3165 ut
2350 3125 2445 3167 eos
2472 3110 2715 3166 doctrina
2758 3109 3001 3165 veritatis
3031 3110 3298 3176 instituat,
3344 3110 3499 3165 bonis
3526 3107 3707 3165 mori-

413 3196 539 3266 quia
568 3212 693 3252 eum
723 3197 980 3252 auxilium
1012 3199 1177 3269 lapsis
1197 3210 1252 3255 et
1278 3202 1544 3258 stantibus
1573 3204 1733 3272 ferre,
1762 3212 1817 3259 et
1845 3205 2001 3260 nobis

412 3289 542 3358 ipsis
570 3304 730 3359 opem
759 3290 1016 3344 custodite
1037 3292 1402 3362 proponimus,
1434 3293 1560 3348 dum
1603 3312 1707 3350 una
1736 3297 1879 3352 bona
1920 3297 2001 3352 in-

413 3378 655 3433 tentione
687 3378 801 3433 lucc
831 3380 1181 3448 attendimus,
1212 3381 1311 3436 tria
1348 3383 1565 3451 quidem
1599 3394 1724 3440 sunt
1751 3398 2001 3457 respectu

413 3468 616 3537 operis,
646 3468 747 3522 sed
773 3484 938 3523 unum
966 3470 1019 3523 in
1042 3486 1264 3525 munere
1286 3471 1595 3529 oblationis.
1632 3475 1755 3530 Tria
1785 3477 2001 3545 quidem

411 3568 556 3621 sunt,
602 3559 728 3627 quia
772 3574 896 3629 erga
945 3576 1064 3625 nos,
1112 3570 1168 3615 et
1215 3562 1492 3631 proximos
1536 3574 1750 3622 nostros
1792 3568 2004 3625 diverso

413 3659 664 3721 respectu
690 3659 745 3705 et
772 3651 999 3707 diversis
1023 3654 1354 3723 temporibus
1373 3655 1719 3724 exhibentur,
1746 3660 1839 3715 sed
1866 3677 2006 3717 unus

412 3744 760 3808 suntvitulus,
774 3744 897 3813 quia
921 3744 1076 3799 simul
1099 3754 1492 3815 proponuntur,
1512 3756 1569 3804 et
1591 3750 1706 3819 pari
1721 3750 2006 3808 devotione

410 3835 700 3892 oblationis
738 3836 851 3892 Deo
881 3837 1279 3908 impenduntur,
1316 3846 1373 3895 et
1402 3855 1507 3895 una
1538 3841 1593 3896 iu
1623 3842 1701 3898 eis
1730 3843 1992 3910 hilaritas,

417 3933 473 3979 et
499 3924 603 3979 alia
634 3942 741 3981 non
772 3926 1019 3982 habetur.

486 4016 577 4072 50.
616 4017 906 4086 Sequitur:
940 4018 1008 4072 Et
1046 4019 1339 4077 obtulerunt
1369 4039 1579 4094 puerum
1612 4023 1754 4079 lleli.
1799 4023 1859 4080 in
1890 4026 2004 4082 Heli

418 4124 524 4165 non
566 4109 740 4163 solum
784 4124 1028 4178 personae
1071 4111 1232 4165 docto
1266 4128 1354 4165 um
1398 4123 1666 4180 veterum,
1710 4116 1804 4171 sed
1841 4119 2005 4173 etiam

414 4198 673 4253 doctrinm
706 4196 1017 4265 ﬁgurantur.
1042 4198 1181 4264 Quid
1211 4208 1294 4254 est
1318 4216 1448 4270 ergo
1470 4204 1614 4272 quod
1637 4219 1770 4273 puer
1789 4204 2007 4263 Samuel

421 4293 537 4347 lleli
577 4293 789 4347 oblatus
825 4293 1102 4355 asseritur,
1134 4294 1234 4348 nisi
1259 4295 1380 4359 hoc,
1414 4298 1559 4366 quod
1589 4310 1775 4369 aperte
1802 4315 2007 4369 cogno-

418 4386 605 4447 scitur,
636 4384 760 4453 quia
792 4384 1031 4453 quisquis
1058 4386 1400 4453 prredicando
1440 4389 1559 4445 aliis
1591 4391 1849 4459 prodesse
1883 4394 2007 4449 niti-

2106 3202 2204 3256 bus
2232 3210 2476 3265 exornet,
2510 3202 2597 3271 pia
2629 3216 2792 3271 super
2829 3216 2924 3256 eos
2963 3201 3205 3256 custodia
3240 3201 3446 3271 vigilet,
3488 3216 3520 3254 a
3549 3199 3704 3258 malo

2107 3294 2385 3350 declinare
2429 3293 2667 3363 perfecte
2714 3293 2906 3361 faciat,
2959 3304 3013 3349 et
3060 3295 3126 3348 ad
3170 3304 3428 3349 aeternam
3469 3294 3704 3364 patriam

2107 3389 2462 3442 sufﬁcientem
2512 3388 2777 3442 bonorum
2827 3404 3053 3457 operum
3099 3388 3314 3458 copiam
3365 3403 3697 3459 prteparare.

2108 3477 2233 3533 llrer;
2260 3477 2497 3547 ιιι·ιηῖεριο
2527 3478 2807 3532 ministerii
2848 3478 3135 3548 pastoralis
3172 3485 3329 3542 sunt,
3372 3477 3467 3532 sed
3494 3478 3702 3532 electus

2110 3568 2425 3637 predicator
2445 3583 2508 3622 ea
2531 3568 2639 3621 suis
2661 3568 2865 3623 viribus
2895 3569 3119 3639 implere
3136 3584 3294 3638 posse
3320 3567 3432 3622 diﬁi
3453 3569 3533 3624 lit.
3557 3570 3696 3635 Quia

2108 3676 2237 3729 ergo
2268 3675 2367 3717 nec
2391 3676 2483 3715 Slll
2515 3660 2713 3715 virtute
2760 3661 2968 3731 aliquos
3009 3676 3106 3731 per
3134 3660 3483 3731 Evangelium
3516 3671 3700 3732 potest

2109 3751 2346 3819 pignere,
2372 3768 2472 3807 nec
2495 3767 2627 3821 quos
2648 3762 2871 3822 generat
2889 3754 3181 3819 custodire,
3205 3763 3350 3809 recte
3374 3769 3471 3824 per
3488 3754 3700 3809 Annam

2112 3843 2162 3897 in
2209 3843 2461 3898 Eccles7a:
2511 3851 2637 3912 typo
2667 3858 2809 3897 nunc
2838 3842 3069 3897 dicitur:
3105 3842 3283 3908 Oravi,
3316 3850 3365 3897 et
3406 3843 3549 3897 dedit
3573 3842 3704 3898 mihi

2115 3933 2366 3989 Dominus
2393 3934 2714 4005 petitionem,
2745 3951 2899 4004 quam
2928 3934 3103 4004 rogavi
3131 3951 3265 3988 eum.
3298 3932 3503 3987 Idcirco
3529 3944 3579 3988 et
3602 3950 3703 4006 ego

2109 4026 2460 4079 commendavi
2488 4041 2602 4079 eum
2630 4024 2873 4088 Domino,
2906 4026 3102 4078 cunctis
3132 4024 3308 4079 diebus
3338 4023 3516 4096 quibus
3544 4022 3706 4096 fuerit

2110 4115 2495 4169 commendatus
2542 4115 2782 4170 Domino.
2824 4115 2957 4169 Nam
2989 4123 3047 4169 ut
3093 4115 3312 4184 gignere
3343 4116 3515 4185 possit
3540 4116 3703 4172 obse-

2111 4217 2262 4272 crat;
2291 4215 2347 4262 et
2371 4216 2430 4261 ut
2459 4207 2513 4261 hi
2542 4222 2679 4277 quos
2708 4207 2915 4261 orando
2945 4206 3155 4262 obtinet
3180 4206 3233 4261 in
3256 4216 3440 4262 sancta
3468 4222 3706 4262 conver-

2109 4298 2318 4353 satione
2340 4308 2817 4369 permaneant,eos
2840 4300 2965 4353 item
2994 4300 3349 4371 omnipotenti
3376 4301 3486 4355 Deo
3512 4300 3698 4372 preci-

2110 4389 2209 4444 bus
2238 4389 2600 4443 commendat.
2614 4388 2680 4442 Et
2699 4390 2822 4458 quia
2840 4390 2906 4445 ab
2923 4391 3125 4445 eisdem
3152 4392 3403 4461 precibus
3422 4407 3701 4463 nunquam

423 4488 529 4539 tur,
566 4489 671 4528 non
699 4474 874 4528 solum
891 4489 1028 4528 nova
1041 4475 1280 4530 Scribere
1302 4476 1483 4547 debet,
1500 4481 1593 4534 sed
1610 4481 1771 4535 etiam
1788 4486 2005 4539 vetera?
2037 4499 2083 4557 ι)
2109 4479 2325 4543 desiuit,
2340 4480 2547 4535 cunctis
2563 4480 2751 4535 diebus
2765 4496 2823 4537 se
2838 4481 3218 4536 commendare
3238 4480 3405 4536 ﬁlium
3422 4482 3533 4537 Deo
3546 4481 3700 4539 dicit.

416 4562 575 4618 iUnde
600 4571 655 4617 et
684 4561 943 4616 Dominus
971 4563 1021 4615 in
1054 4561 1343 4631 Evangelio
1376 4583 1469 4632 per
1494 4570 1805 4637 parabolam
1835 4573 1966 4628 dicit
1992 4592 2005 4627 :

425 4652 550 4708 Ideo
572 4656 740 4709 omnis
765 4652 936 4707 scriba
964 4654 1143 4707 doctus
1174 4657 1228 4708 in
1257 4672 1417 4727 regno
1446 4659 1689 4713 calorum
1718 4662 1904 4716 similis
1932 4674 2009 4720 est

422 4746 615 4797 homini
645 4746 1018 4814 patrifamilias
1046 4746 1130 4815 qui
1162 4748 1357 4817 profert
1386 4748 1448 4802 de
1479 4750 1719 4807 thesauro
1755 4770 1847 4808 suo
1876 4771 2008 4810 nova

421 4847 471 4888 et
520 4845 689 4889 retera
734 4835 945 4907 (Matth.
996 4853 1111 4900 xm,
1142 4836 1255 4910 52).
1304 4839 1521 4896 Samuel
1548 4857 1677 4912 ergo
1721 4845 1837 4901 Heli
1882 4855 2008 4902 tunc

416 4924 543 4977 oﬁ'et
558 4934 664 4991 tur,
699 4940 819 4979 cum
850 4941 1004 4981 mens
1034 4928 1172 4983 bene
1208 4930 1538 4999 proticientis
1567 4934 1766 4990 subditi
1799 4939 1929 5006 legis
1954 4950 2009 4995 et

417 5015 802 5084 prophetarum
820 5017 1042 5072 scientia
1064 5021 1326 5088 eruditur,
1344 5032 1402 5077 ut
1425 5023 1476 5077 in
1502 5025 1649 5082 libris
1664 5028 2005 5097 antiquorum

420 5107 754 5162 occidentem
788 5108 1017 5163 litteram
1062 5111 1222 5179 legat,
1251 5114 1345 5169 sed
1375 5116 1538 5170 etiam
1572 5119 1865 5174 secundum
1894 5122 2005 5192 spi-

420 5196 581 5251 ritum
608 5196 965 5252 viviﬁcantem
1009 5201 1297 5271 intelligat;
1327 5214 1384 5260 et
1409 5206 1487 5263 sic
1511 5210 1655 5277 quod
1690 5209 1820 5266 foris
1849 5223 2009 5267 sonat

420 5289 671 5359 accipiat,
706 5298 763 5343 ut
802 5297 999 5359 praeter
1028 5292 1417 5352 elementorum
1448 5314 1663 5367 sonum,
1693 5303 1838 5371 quod
1869 5303 2011 5358 intus

420 5379 637 5435 insonet
650 5379 872 5449 spiritus
885 5393 1266 5453 recognoscat;
1295 5396 1351 5443 et
1376 5390 1441 5444 ad
1459 5389 1617 5446 ﬁdem
1636 5408 1773 5448 nova
1793 5393 2005 5460 habeat,

421 5469 537 5534 sed,
564 5468 777 5537 quoties
799 5484 1023 5526 necesse
1050 5470 1230 5540 luerit,
1261 5475 1328 5530 ad
1348 5476 1485 5533 Novi
1514 5479 1846 5536 Testamenti
1875 5498 2008 5538 con-

425 5559 784 5615 ﬁrmationem
811 5560 1112 5632 Scripturas
1130 5574 1344 5623 veteres
1364 5568 1610 5626 adducat.
1634 5570 1787 5627 Tunc
1805 5574 2009 5643 quippe

424 5648 712 5706 defendere
742 5666 876 5707 nova
900 5654 1117 5723 poterit,
1150 5671 1275 5712 cum
1301 5671 1491 5714 eorum
1526 5659 1791 5718 rationem
1820 5678 1886 5718 ex
1919 5678 2006 5718 ve—

2111 4566 2329 4624 Cuuctis
2367 4584 2600 4639 namque
2644 4570 2833 4624 diebus
2865 4570 3092 4625 Domino
3123 4570 3288 4625 lilium
3321 4574 3702 4630 commendare

2113 4671 2195 4716 est
2223 4662 2271 4715 ei
2303 4676 2402 4731 pro
2424 4676 2610 4716 eorum
2640 4661 2814 4716 salute
2842 4677 2980 4731 quos
3010 4671 3233 4731 generat
3260 4664 3407 4719 omni
3439 4664 3595 4734 hujus
3617 4666 3699 4721 vi-

2115 4761 2181 4804 ta:
2209 4759 2451 4821 tempore
2480 4752 2804 4822 supplicare.
2841 4753 2961 4809 Dies
2988 4769 3222 4824 namque
3252 4756 3446 4825 quibus
3468 4757 3701 4815 Domino

2113 4841 2554 4896 commendamur
2603 4851 2847 4914 tempora
2893 4848 3170 4914 praesentis
3210 4846 3331 4901 vita:
3375 4847 3701 4915 signiﬁcant.

2114 4932 2170 4986 ln
2201 4932 2395 5001 quibus
2421 4932 2668 5002 profecto
2698 4935 2886 4990 diebus
2924 4943 3075 4991 tanto
3116 4937 3462 4994 validioribus
3507 4939 3707 4995 divina:

2113 5022 2467 5092 protectionis
2508 5024 2721 5079 auxiliis
2751 5025 3072 5095 indigemus,
3114 5036 3318 5097 quanto
3363 5031 3705 5098 g'avioribus

2114 5111 2397 5180 spirituum
2427 5112 2783 5180 malignorum
2829 5117 3175 5172 tentamentis
3206 5117 3534 5189 impetimur.
3568 5120 3705 5187 Quia

2111 5218 2241 5256 vero
2272 5202 2323 5255 in
2356 5204 2624 5271 plerisque
2668 5205 2953 5263 Codicibus
2990 5223 3097 5263 non
3126 5211 3516 5265 commendatus
3541 5251 3557 5276 ,
3610 5217 3704 5269 sed

2119 5296 2471 5349 commodatus
2502 5296 2715 5365 legitur,
2764 5314 2794 5352 a
2822 5298 2966 5355 bono
3005 5299 3282 5357 intellectu
3314 5319 3421 5358 non
3451 5315 3627 5359 Vacat.
3664 5308 3701 5359 Λ

2120 5395 2292 5442 matre
2314 5389 2513 5458 quippe
2540 5388 2778 5446 Ecclesia
2810 5392 2863 5446 in
2894 5393 2996 5449 hac
3018 5396 3122 5449 vita
3152 5396 3241 5452 lilii
3267 5397 3701 5453 commodaatur.

2104 5478 2384 5549 Quidquid
2414 5495 2541 5536 vero
2570 5484 3002 5555 commodamus,
3053 5487 3105 5543 id
3135 5489 3286 5550 reddi
3332 5490 3488 5545 nobis
3519 5491 3570 5544 in
3603 5489 3707 5544 ﬁde

2116 5568 2435 5639 excipientis
2460 5581 2855 5641 exspectamus.
2890 5577 3012 5634 Dies
3042 5594 3171 5634 vero
3194 5583 3456 5634 virtutum
3489 5581 3705 5649 spitila-

2116 5660 2245 5716 lium
2288 5659 2562 5719 claritates
2602 5674 2746 5721 sunt.
2796 5669 2998 5733 Quibus
3029 5671 3274 5740 profecto
3319 5671 3506 5728 diebus
3535 5672 3704 5727 Anna:
