4000 6292
262 368 333 438 49
1120 379 1186 436 ΙΝ
1223 376 1488 435 PRIMUM
1528 375 1767 432 REGUM
1809 373 2319 432 EXPOSITIONES.
2364 405 2432 416 ο-
2471 375 2598 431 LIB.
2642 374 2679 429 Ι.
3477 357 3544 426 fili

259 502 404 556 illius
434 498 667 556 Domino
695 497 1095 565 commodatur,
1133 495 1258 566 quia
1302 495 1352 550 ei
1392 501 1578 549 sancta
1617 490 1856 546 Ecclesia
1888 495 1930 553 Α
2035 489 2092 543 2.
2124 487 2253 556 Quae
2287 487 2450 543 etiam
2478 496 2662 542 nostra
2705 493 2864 551 sunt,
2894 485 3019 553 quia
3046 484 3100 539 bi
3127 483 3246 553 qui,
3276 485 3545 540 abrenun-

260 593 474 648 electos
489 590 652 646 offert
675 590 731 644 in
751 589 1000 646 claritate
1018 587 1298 651 virtutum,
1322 592 1382 640 ut
1401 599 1496 640 eos
1517 581 1858 654 postmodum

261 684 338 738 ad
381 689 730 752 augmentum
773 679 857 737 sui
900 677 1088 733 aeterni
1135 675 1319 745 gaudii
1364 673 1467 728 sibi
1519 672 1862 742 omnipotens

262 776 328 830 D.
353 792 412 829 us
437 773 693 829 exhibeat
733 772 785 826 in
825 769 1204 841 splendoribus
1248 767 1611 838 praemiorum.
1644 763 1713 818 Et.
1758 779 1858 820 n0-

261 867 488 923 tandum
509 867 636 936 quia
659 865 913 920 omnibus
932 863 1122 917 diebus
1149 859 1558 916 commendatus
1579 857 1858 922 asseritur,

262 971 327 1016 ut
357 962 406 1016 ei
435 960 502 1015 de
523 976 591 1014 eo
618 959 764 1028 quod
793 956 1102 1011 habendutn
1130 962 1218 1010 est
1246 953 1313 1009 de
1332 950 1595 1022 spirituali
1627 964 1859 1006 conver-

261 1054 482 1108 satione
500 1053 632 1107 nihil
655 1051 815 1116 desit,
834 1064 993 1118 quem
1019 1047 1338 1118 prmdicator
1361 1045 1564 1100 electus
1584 1045 1634 1098 in
1661 1053 1860 1098 :eterua

263 1143 377 1198 vita
406 1145 652 1212 recipere
681 1142 1029 1198 tenebrosum
1058 1155 1123 1195 ex
1152 1138 1331 1209 aliqua
1360 1145 1515 1208 parte
1559 1152 1667 1192 non
1701 1145 1860 1209 pote-

263 1237 360 1292 rit.
383 1237 672 1307 Sequitur:

345 1353 364 1415 (
381 1350 533 1404 Vers.
567 1348 684 1418 28.)
718 1346 788 1401 Et
819 1347 1164 1401 adoravertmt
1193 1342 1262 1398 ibi
1291 1342 1591 1398 Dominum.

345 1441 410 1495 Et
435 1457 534 1494 nos
560 1439 802 1494 membra
833 1446 1032 1493 sancta:
1060 1435 1332 1498 Ecclesiae,
1364 1450 1486 1489 cum
1515 1450 1611 1504 per
1631 1433 1863 1503 scriptu-

267 1548 361 1586 ras
399 1530 736 1585 Tcstamenti
786 1529 1030 1595 Veteris,
1079 1527 1445 1590 vrnerationi,
1490 1534 1546 1581 et
1593 1533 1864 1597 praacepto

267 1622 568 1680 conditoris
591 1632 613 1658 α
638 1620 1021 1685 submittimur,
1045 1619 1117 1674 ibi
1144 1618 1385 1689 profecto
1414 1617 1700 1671 Dominum
1728 1619 1861 1670 ado-

267 1730 484 1778 rmus,
537 1713 666 1782 quia
714 1711 933 1766 Patrum
980 1720 1222 1765 veterum
1272 1709 1430 1764 (idem
1485 1719 1760 1771 tenemus,
1808 1714 1865 1761 et

266 1803 516 1857 eannlem
551 1800 712 1856 tidem
742 1815 840 1872 per
866 1800 1208 1868 dilectionem
1240 1797 1293 1856 in
1321 1800 1467 1855 bono
1506 1814 1672 1870 opere
1702 1814 1860 1854 exer-

263 1910 476 1953 ceruus.
796 1893 818 1915 ⁸

909 2006 1138 2062 CAPUT
1178 2007 1242 2062 ll.

342 2100 468 2156 llaec
494 2099 566 2154 de
593 2099 858 2171 principio
904 2099 1083 2172 typica
1109 2097 1466 2168 expositione
1509 2097 1861 2168 protulimus;

264 2210 416 2248 nunc
437 2194 492 2248 in
507 2192 754 2260 ejusdem
775 2191 953 2248 verbis
973 2191 1215 2247 historia:
1237 2206 1334 2245 cru
1356 2190 1596 2244 iitionrm
1621 2197 1862 2245 nostram

263 2302 366 2356 per
388 2286 653 2340 moralem
681 2284 1130 2353 significationem
1161 2283 1515 2351 requiramus.

342 2375 393 2445 (ι
424 2375 561 2445 Reg.
590 2392 630 2439 ι,
660 2374 738 2445 l.)
787 2373 918 2429 Fuit
960 2375 1036 2429 vir
1083 2391 1237 2440 unus,
1267 2373 1461 2446 inquit,
1494 2374 1556 2427 de
1607 2371 1864 2428 (laniat/ra

265 2465 513 2536 Supltim.

347 2558 396 2610 ι.
430 2557 483 2612 1η
513 2557 622 2612 hoc
648 2557 768 2612 viro
797 2573 909 2612 uno
936 2556 1066 2628 quid
1092 2556 1291 2612 rectius
1313 2571 1473 2627 quam
1499 2559 1866 2629 unusquisque

267 2649 325 2718 3
343 2649 381 2715 J
420 2663 594 2702 novus
617 2647 798 2702 stnculi
827 2656 1170 2718 contemptor
1199 2647 1544 2717 designatur?
1589 2649 1680 2703 Vir
1710 2664 1863 2704 nam-

267 2754 380 2806 que
421 2737 652 2806 dicitur,
689 2738 814 2807 quia
850 2739 1126 2808 proposito
1170 2738 1323 2794 fortis
1360 2747 1478 2807 est;
1528 2755 1666 2794 unus
1705 2755 1862 2805 vero,

269 2829 397 2899 quia
447 2844 638 2883 amore
685 2828 1012 2897 singularis;
1062 2830 1142 2884 vir
1182 2845 1414 2899 namque
1459 2838 1574 2897 est,
1625 2831 1750 2901 qu'a
1798 2845 1864 2884 ex

269 2942 327 2979 In
349 2939 464 2992 ~gna
493 2924 696 2978 virtute
724 2935 921 2979 cuncta
949 2924 1234 2994 praesentia
1262 2923 1520 2996 despicit;
1571 2924 1666 2980 sed
1694 2940 1829 2979 uutts
1848 2966 1862 2992 ,

267 3016 397 3084 quia
444 3015 563 3070 sola
593 3015 984 3085 omnipotentis
1011 3013 1107 3069 Dei
1149 3015 1332 3086 specie
1377 3014 1480 3069 frui
1507 3015 1865 3084 concupiscit.

267 3109 527 3178 Quisquis
553 3108 696 3163 enim
734 3106 972 3178 perfecte
1011 3116 1225 3162 terrena
1267 3107 1515 3176 despicit,
1546 3107 1628 3162 vir
1668 3115 1754 3162 est
1795 3122 1865 3162 ex

1965 579 2159 635 tiantes
2187 579 2404 642 saeculo,
2435 577 2744 633 remotioris
2781 576 2904 630 vita:
2932 584 3202 631 secretum
3235 574 3544 644 petivimus,

1962 669 2207 724 monachi
2233 683 2508 723 vocamur.
2535 666 2722 723 Honos
2750 665 2968 736 quidem
2997 665 3202 728 Gmce,
3229 663 3418 720 Latine
3447 681 3543 721 au-

1964 765 2072 812 tem
2104 772 2244 813 unus
2270 757 2486 812 dicitur.
2517 755 2634 810 Hoc
2660 756 2860 826 quippe
2889 754 3046 810 titulo
3069 753 3447 824 appellationis
3471 755 3546 808 in-

1961 847 2268 910 scribimur,
2298 855 2356 899 ut
2379 860 2484 899 vox
2512 844 2745 899 nominis
2776 843 2946 898 nostri
2977 843 3133 898 nobis
3164 843 3399 898 insinuet
3419 842 3544 897 alti-

1967 938 2203 992 tudinem
2227 937 2524 1006 dignitatis,
2550 944 2606 990 et
2632 936 2844 991 animus
2883 944 3066 992 noster
3094 945 3244 991 tanto
3273 936 3552 990 ardentius

1965 1027 2031 1082 ad
2059 1028 2356 1083 conditoris
2389 1027 2654 1082 visionem
2685 1040 2746 1081 se
2773 1025 2968 1094 erigat,
2999 1032 3202 1094 quanto
3249 1024 3554 1079 sublimita-

1965 1128 2073 1173 tem
2103 1119 2386 1184 claritatis,
2417 1119 2469 1173 in
2500 1133 2607 1186 qua
2637 1133 2853 1188 semper
2871 1117 3031 1172 debet
3060 1116 3376 1183 consistere,
3399 1116 3563 1185 quasi.

1967 1211 2020 1266 in
2052 1211 2227 1266 fronte
2256 1211 2532 1282 prmlatam
2563 1217 2764 1279 portat.
2796 1207 2904 1262 Sed
2933 1207 3100 1262 divini
3139 1207 3340 1261 amoris
3383 1205 3554 1262 subli-

1967 1303 2129 1366 mitas.
2154 1302 2207 1356 in
2238 1301 2353 1356 sola
2391 1300 2660 1355 catholica
2693 1298 2931 1354 Ecclesia
2961 1298 3105 1353 veris
3131 1297 3318 1353 electis
3348 1297 3555 1367 impen-

1966 1393 2131 1448 ditur.
2164 1393 2309 1447 Bene
2337 1405 2467 1461 ergo
2496 1393 2598 1459 vir,
2627 1392 2717 1460 qui
2748 1407 2884 1446 unus
2909 1390 3125 1454 dicitur,
3169 1389 3237 1445 de
3281 1390 3561 1445 Ramatha-

1966 1487 2209 1555 Sophim,
2257 1485 2324 1539 de
2353 1493 2536 1539 monte
2579 1482 2833 1554 Ephraim
2877 1482 3040 1538 fuisse
3069 1482 3402 1552 perhibetur.
3441 1482 3546 1536 Ra-

1967 1579 2147 1638 tnatha
2191 1577 2409 1647 quippe,
2459 1586 2517 1632 ttt
2551 1577 2663 1646 jam
2710 1577 2844 1645 dixi,
2893 1577 3177 1632 Hebraeum
3224 1591 3420 1630 non'en
3449 1589 3559 1642 est,

1965 1669 2058 1725 sed
2090 1667 2276 1722 Latina
2307 1668 2580 1722 lorutione
2606 1667 2803 1722 dicitur
2835 1667 2980 1722 Visio
3006 1675 3397 1722 consummata.
3422 1664 3551 1732 Quae

1967 1761 2208 1832 proferto
2240 1761 2532 1832 appellatio
2577 1772 2778 1818 sanctae
2807 1760 3060 1817 Ecclesia:
3106 1762 3386 1824 convenit,
3436 1777 3561 1831 quur

1897 1871 1938 1929 Β
1967 1853 2263 1921 antiquitus
2290 1869 2318 1907 a
2352 1853 2631 1923 prophetis
2661 1854 2884 1923 przcvisa
2917 1861 3019 1920 est,
3052 1853 3157 1908 sed‘
3179 1853 3231 1906 in
3263 1854 3422 1909 linem
3452 1869 3555 1909 ελε-

1969 1949 2213 2003 eulorum
2245 1948 2295 2003 in
2324 1949 2700 2018 Redemptoris
2731 1949 2832 2003 lide
2861 1948 3137 2018 disposita.
3167 1951 3551 2004 Consummata

1968 2055 2098 2109 ergo
2127 2040 2262 2094 vi~io
2303 2048 2490 2094 sancta
2521 2038 2758 2095 Ecclesia
2789 2039 3000 2105 dicitur,
3033 2038 3156 2108 quia
3188 2054 3283 2108 per
3324 2037 3555 2093 Redem-

1971 2141 2181 2202 ptorem
2210 2131 2427 2186 humani
2470 2130 2684 2200 generis
2707 2140 2890 2184 erecta
2922 2136 3003 2184 est
3050 2129 3105 2183 in
3143 2128 3420 2198 relig'ouis
3441 2127 3557 2184 cul-

1969 2223 2130 2287 mine,
2160 2238 2278 2292 qua:
2300 2223 2427 2277 olim
2460 2231 2666 2276 tantum
2699 2221 2922 2291 przevisa
2954 2229 3073 2277 erat
3101 2220 3288 2290 Spiritu
3318 2221 3554 2292 prophe-

1971 2312 2074 2365 tiae.
2125 2300 2251 2367 Haec
2290 2319 2468 2365 autem
2499 2311 2721 2380 Sophim
2755 2325 2875 2365 esse
2917 2309 3240 2366 describitur
3274 2308 3327 2363 in
3371 2320 3555 2362 monte

1971 2398 2223 2470 Ephraim
2262 2400 2526 2455 aedificata
2563 2400 2782 2472 (Supra,
2813 2401 2962 2454 initio
2991 2399 3326 2470 expositionis
3352 2399 3552 2470 allego.

1967 2494 2133 2562 rictu),
2181 2493 2305 2562 quia
2357 2492 2816 2562 contemplatione
2862 2493 2956 2546 Dei
3003 2493 3298 2547 celsissima
3345 2500 3458 2560 est,
3504 2501 3558 2547 ct

1968 2584 2297 2655 spiritalibus
2325 2583 2612 2638 virtutibus
2644 2581 2889 2637 fecunda.
2923 2581 3144 2652 Sophim
3185 2582 3386 2652 quippe
3431 2597 3554 2652 spe-

1968 2679 2091 2734 cula
2119 2676 2337 2744 dicitur,
2366 2673 2620 2745 Epltraim
2652 2671 2995 2729 irttt-tilicans.
3028 2673 3158 2741 Qua:
3188 2676 3431 2744 profecto
3459 2691 3552 2729 ro-

1969 2769 2156 2826 cabnla
2187 2769 2347 2823 situm
2377 2776 2577 2823 sanctae
2608 2765 2648 2819 E
2681 2767 2860 2821 clesim
2899 2775 3047 2821 recte
3086 2766 3389 2832 insinuant,
3436 2781 3557 2836 qua:

1970 2875 2074 2915 non
2103 2860 2277 2914 solum
2302 2858 2598 2912 intentione
2622 2855 2842 2910 visionis
2869 2855 2978 2909 alta
3000 2862 3103 2923 est,
3122 2854 3216 2909 sed
3236 2855 3554 2910 excellentia

1968 2945 2412 3003 conversttionis.
2445 2943 2646 3010 Quibus
2675 2943 2837 2998 etiam
2876 2943 3151 2998 vocabulis
3178 2951 3233 2998 et
3260 2942 3549 2998 haeretico-

1969 3053 2088 3092 rum
2118 3036 2415 3100 dementia,
2449 3043 2501 3089 et
2543 3043 2858 3090 ceterorum
2889 3035 3257 3103 improborum
3302 3034 3557 3088 sterilitas

1970 3129 2309 3199 reprob:.tur.
2342 3127 2418 3181 Illi
2446 3127 2681 3194 quidem,
2716 3127 2838 3179 dum
2869 3142 2897 3180 a
2945 3125 3260 3180 rectitudine
3305 3125 3427 3180 lidei
3457 3125 3549 3179 dc-

268 3201 608 3266 for:itudine,
644 3200 739 3256 sed
769 3201 812 3255 si
842 3199 1180 3268 conditorem
1211 3215 1363 3254 surm
1393 3201 1647 3255 ardenter
1675 3200 1862 3255 videre

1971 3222 2148 3286 viant,
2182 3219 2608 3290 specu'atiomm
2641 3217 2983 3271 sublimitatis
3029 3215 3416 3282 non\babeut;
3467 3215 3556 3269 isti

273 3309 384 3347 non
412 3292 628 3362 cupiat,
675 3307 784 3346 non
813 3300 898 3347 est
946 3306 1086 3346 unus
1113 3306 1180 3345 ex
1227 3292 1546 3346 intentione.
1597 3289 1864 3346 Perfectio

269 3384 438 3449 igitur
455 3383 556 3436 viri
588 3383 639 3436 in
668 3383 940 3452 pncconio
971 3383 1190 3452 ponitur
1219 3384 1462 3450 unitatis,
1487 3392 1544 3437 ut
1573 3383 1664 3452 qui
1695 3398 1863 3438 smcu-

269 3476 385 3530 lum
415 3485 672 3544 potenter
699 3476 923 3545 despicit
952 3485 1185 3531 mentem
1224 3493 1330 3530 non
1364 3476 1586 3542 dividat,
1619 3475 1749 3532 solis
1774 3491 1865 3530 su-

268 3570 454 3637 pernis
485 3568 678 3635 inbiet,
702 3567 769 3622 ad
793 3583 857 3622 ea
892 3576 1097 3622 tantum
1116 3583 1233 3638 qua:
1253 3567 1317 3620 de
1341 3568 1542 3622 vision“
1571 3567 1867 3623 conditoris

269 3670 398 3713 sunt
428 3668 634 3714 aeterna
661 3660 856 3726 gaudia
893 3660 1148 3728 suspiret.
1182 3659 1329 3715 Talis
1356 3661 1597 3730 pt'ol'rcto
1633 3668 1751 3715 erat
1776 3660 1866 3731 qui

273 3748 388 3803 Deo
413 3749 680 3805 confitens
709 3749 787 3803 ait
815 3768 828 3802 :
864 3747 1001 3814 Quid
1032 3749 1159 3803 mihi
1187 3758 1347 3804 restat
1376 3750 1428 3804 in
1470 3750 1594 3804 creto
1613 3791 1626 3812 ,
1676 3758 1725 3804 et
1756 3767 1788 3804 a
1821 3758 1868 3804 te

269 3840 400 3910 quid
431 3840 566 3894 volui
595 3856 753 3910 super
783 3849 970 3893 terram
1003 3839 1176 3909 (Psal.
1210 3855 1373 3903 mut,
1407 3839 1498 3910 25)
1523 3842 1544 3894 ?
1572 3839 1708 3893 llinc
1737 3839 1864 3893 item

269 3931 446 3985 dicit:
488 3929 699 3984 Vultum
732 3940 894 3996 tuum,
927 3930 1164 3998 Domine,
1196 3933 1457 4000 requiram
1502 3931 1672 4000 (Psal.
1711 3947 1862 3992 χχι-ι,

271 4022 353 4092 8).
385 4022 484 4088 Qui
523 4023 670 4076 enim
701 4022 754 4076 in
787 4031 926 4076 terra
972 4022 1102 4076 nihil
1134 4022 1321 4087 Voluit,
1355 4021 1598 4092 profecto
1625 4023 1708 4076 vir
1736 4023 1865 4087 fuit;

273 4115 368 4170 sed
392 4115 484 4184 qui
514 4130 695 4184 neque
726 4115 780 4168 in
810 4115 969 4180 caelo,
999 4129 1172 4183 neque
1203 4115 1254 4168 in
1279 4125 1420 4168 terra
1452 4114 1650 4183 aliquid
1676 4123 1870 4183 praeter

272 4207 448 4274 ipsum
481 4205 674 4270 voluit,
703 4205 819 4274 qui,
859 4206 1057 4275 spretis
1085 4206 1356 4267 omnibus,
1391 4206 1564 4259 solum
1607 4206 1724 4271 ejus
1752 4204 1868 4258 vul-

271 4308 388 4352 tum
413 4298 681 4368 quazsivit,
712 4313 819 4351 non
841 4298 1013 4351 solum
1039 4297 1136 4361 vir,
1175 4297 1268 4352 sed
1290 4297 1452 4351 Ctiiﬂll
1479 4312 1614 4350 unus
1639 4296 1867 4350 exstitit.

277 4391 353 4446 De
369 4391 469 4446 hac
497 4391 707 4445 unitate
725 4389 984 4445 Dominus
999 4390 1050 4444 in
1071 4389 1364 4460 Evangelia
1379 4390 1505 4442 Mar:
1517 4390 1598 4443 lue
1614 4391 1866 4458 loquitur,

271 4483 460 4538 dicens
484 4500 498 4535 :
525 4480 762 4546 Martha,
791 4481 1028 4545 Martha,
1060 4481 1285 4535 sollicita
1314 4498 1389 4547 es,
1417 4491 1466 4535 ct
1499 4481 1724 4535 turbaris
1744 4497 1871 4552 erga

271 4577 531 4647 plurima;
562 4593 719 4645 porro
741 4592 901 4629 unum
919 4585 994 4630 est
1019 4576 1362 4629 necessarium
1385 4573 1536 4641 (Luc.
1561 4591 1617 4641 κ,
1639 4573 1726 4638 Η,
1752 4572 1864 4645 49).

273 4645 412 4722 llinc
438 4665 617 4721 Lucas
643 4669 711 4720 de
738 4666 980 4735 perfecto
1009 4665 1342 4721 credentium
1367 4679 1594 4720 numero
1618 4664 1863 4733 loquens,
1905 4645 1949 4696 υ

271 4758 389 4811 ait:
421 4755 554 4810 Erat
584 4757 659 4810 eis
689 4771 778 4810 cor
803 4772 982 4821 unum,
1021 4763 1071 4809 et
1117 4757 1295 4810 anima
1323 4772 1428 4810 una
1477 4754 1614 4826 (Act.
1648 4769 1721 4822 tv,
1752 4753 1862 4825 5‘2).

276 4846 454 4902 Unum
483 4847 688 4918 quippe
710 4847 788 4901 eis
816 4863 914 4903 cor
938 4855 1075 4913 erat,
1122 4847 1248 4917 quia
1273 4862 1372 4917 per
1401 4847 1752 4902 intentionem
1781 4860 1867 4900 ra-

276 4941 438 4996 tionis
465 4941 644 4998 solum
671 4941 1006 4995 conditorem
1039 4950 1397 5010 aspexerant;
1443 4955 1602 4995 unam
1632 4940 1866 4994 animam

274 5032 568 5097 habebant,
612 5032 738 5101 quia
789 5047 884 5100 per
915 5031 1256 5088 affectionem
1297 5032 1498 5088 amoris
1545 5032 1720 5086 solum
1752 5031 1866 5100 ejus

277 5123 468 5179 faciem
499 5123 684 5177 videre
729 5123 1126 5178 desiderabant.
1177 5123 1312 5179 llinc
1339 5133 1421 5177 est
1468 5123 1616 5193 quod
1645 5123 1871 5190 diligens

277 5215 554 5289 Propheta
585 5233 771 5273 secum
803 5224 1041 5285 reputat,
1069 5216 1255 5272 dicens
1287 5234 1300 5269 :
1337 5215 1511 5270 Sitivit
1549 5217 1726 5269 anima
1756 5231 1871 5268 mea

272 5307 347 5360 ad
375 5305 544 5362 Deum
587 5310 785 5379 [autem
816 5309 1002 5376 rivum,
1030 5307 1238 5378 quando
1283 5307 1481 5361 veniam
1521 5315 1569 5360 et
1611 5304 1870 5376 apparebo

273 5411 398 5453 ante
438 5401 629 5472 {aciem
672 5398 772 5453 Dei
803 5399 976 5470 (Psal.
1005 5416 1113 5462 xu,
1145 5398 1244 5469 9)?
1274 5397 1378 5455 Pro
1409 5399 1508 5454 hac
1534 5399 1739 5453 unitate
1768 5398 1866 5453 ob-

274 5491 494 5544 tinenda
546 5489 759 5544 Veritas
801 5489 1005 5544 docens
1049 5490 1162 5544 ait:
1199 5487 1299 5554 Qui
1347 5505 1448 5543 non
1496 5490 1869 5543 renuntiaret-it

273 5581 513 5635 omnibus
543 5597 660 5651 qua:
686 5581 915 5648 possidet
946 5597 1046 5636 non
1077 5590 1241 5651 potest
1271 5597 1411 5635 meus
1442 5595 1553 5635 esse
1580 5579 1869 5650 discipulus

276 5671 426 5739 (Luc.
464 5688 573 5736 xrv,
605 5670 724 5739 53).

347 5845 368 5872 ἰ
398 5834 455 5892 In
484 5835 647 5891 Guss.
681 5841 738 5890 et
763 5832 928 5889 Vatic.
955 5834 1286 5891 submittitur.

1967 3325 2118 3374 vero,
2148 3309 2270 3377 quia
2294 3315 2443 3362 recta
2475 3306 2655 3360 vident
2686 3321 2805 3374 quae
2836 3312 3014 3373 agant,
3048 3313 3100 3357 et
3132 3318 3196 3359 ea
3219 3303 3394 3358 lacere
3417 3319 3560 3357 sem-

1968 3414 2068 3469 per
2091 3397 2450 3460 dissimulant,
2477 3394 2750 3463 speculam
2778 3392 2995 3462 quidem
3027 3391 3247 3458 habent,
3269 3391 3361 3445 sed
3390 3393 3560 3444 v'rlu-

1972 3500 2082 3542 tum
2105 3496 2342 3542 montem
2366 3486 2468 3557 31
2494 3485 2779 3539 excellenti
2803 3484 2909 3536 vita
2935 3497 3041 3535 non
3066 3482 3329 3538 obtinent.
3356 3481 3553 3536 Sancta

1971 3597 2102 3636 vero
2132 3579 2368 3634 Ecclesia
2399 3577 2520 3646 quia
2553 3577 2606 3630 in
2635 3574 2880 3646 Sophim,
2913 3574 2965 3629 id
2994 3583 3079 3630 est
3109 3574 3161 3628 in
3191 3575 3558 3644 speculatione

1970 3673 2210 3728 sublimis
2252 3679 2362 3732 est,
2411 3669 2689 3739 gloriatur,
2737 3667 2922 3722 dicens
2956 3684 2968 3719 :
3003 3664 3201 3721 Nostra
3245 3670 3562 3720 conrersut'o

1969 3767 2023 3820 iu
2063 3765 2202 3820 caelis
2244 3773 2319 3818 est
2352 3763 2572 3834 (Philip.
2606 3779 2682 3826 Ill,
2715 3760 2828 3831 ‘20).
2861 3761 2997 3827 Quia
3027 3761 3188 3814 etiam
3221 3759 3273 3813 in
3305 3761 3559 3812 virtutum

1976 3865 2157 3910 tuante
2184 3869 2278 3922 per
2301 3853 2426 3907 boni
2458 3852 2636 3921 operis
2667 3852 2894 3905 lructxm
2924 3851 3210 3904 constituta
3241 3857 3343 3916 est,
3373 3850 3561 3902 elisam

1973 3942 2268 4013 reproboru
2295 3960 2323 3992 n
2360 3941 2516 3994 fidem
2546 3941 2862 4010 reprobatis,
2898 3941 2973 3993 ait
3007 3958 3018 3992 :
3053 3938 3213 3993 Fides
3248 3941 3358 3992 sine
3387 3941 3558 4007 operi-

1973 4035 2065 4088 bus
2090 4043 2293 4088 mortua
2323 4042 2398 4086 est
2423 4032 2561 4103 (Jac.
2591 4049 2650 4097 tt,
2679 4031 2766 4096 ΞΟ,
2795 4033 2908 4101 ‘26).
2939 4032 3076 4087 Hinc
3107 4033 3232 4086 item
3260 4033 3560 4101 praedicans

1972 4125 2101 4180 dicit
2126 4144 2136 4177 :
2171 4123 2309 4178 Dum
2330 4133 2529 4194 tempus
2551 4124 2817 4189 habemus,
2843 4141 3112 4194 operemur
3139 4124 3326 4177 bonum
3353 4125 3423 4176 ad
3451 4141 3560 4177 om-

1975 4235 2082 4283 nes,
2115 4218 2341 4271 maxime
2359 4227 2530 4270 autent
2559 4216 2627 4270 ad
2651 4217 2956 4271 domesticos
2982 4217 3104 4288 ﬁdei
3127 4216 3326 4284 (Colat.
3354 4233 3423 4282 vr,
3451 4216 3560 4287 10).

1976 4310 2072 4364 Vir
2101 4313 2236 4377 ergo
2259 4307 2350 4376 qui
2395 4324 2531 4363 unus
2559 4308 2755 4363 dicitur
2803 4309 2869 4363 dc
2917 4317 3098 4364 ntonte
3145 4308 3396 4380 Ephraim
3445 4325 3566 4364 esse

1977 4407 2327 4465 memoratur,
2367 4399 2492 4469 quia
2539 4407 2596 4454 et
2643 4405 2856 4455 terrena
2891 4399 3191 4470 despicere,
3235 4409 3289 4455 et
3333 4415 3574 4469 superna,

1975 4489 2309 4553 desiderare,
2359 4489 2409 4543 ei
2440 4490 2614 4545 solum
2645 4490 2799 4562 prodi
2819 4501 2864 4545 st
2898 4492 2987 4561 qni
3020 4507 3114 4562 per
3144 4491 3299 4545 fidem
3333 4491 3563 4544 catholi‘.

1977 4595 2096 4634 eam
2123 4579 2260 4633 intra
2279 4587 2521 4633 sanctam
2538 4577 2971 4636 Ecclesiam‘sese
2996 4579 3194 4635 contim
3217 4589 3255 4632 t.
3280 4578 3351 4632 Se
3373 4579 3562 4641 ,uitur:

2049 4671 2227 4740 (Vers.
2245 4669 2322 4739 1.)
2350 4670 2418 4724 Et
2439 4688 2623 4725 nomen
2644 4673 2757 4742 ejus
2780 4671 3035 4738 llelcana,
3059 4670 3209 4740 litim.
3227 4667 3562 4732 Hieroboant,

1975 4763 2073 4832 ﬁtii
2106 4761 2283 4825 Heliu,
2309 4761 2412 4831 ﬁlii
2443 4761 2609 4826 Titan,
2647 4751 2748 4831 filii
2777 4760 2944 4830 Suplt.

2044 4853 2098 4907 5.
2135 4853 2249 4908 Hoc
2288 4851 2450 4905 etiam
2482 4865 2675 4905 nomen
2720 4849 2966 4919 superius
2995 4848 3022 4887 δ
3050 4848 3404 4914 ostendimus,
3436 4849 3566 4917 quia

1974 4944 2042 4998 ab
2069 4942 2126 4996 Η·
2149 4943 2292 4996 bram
2317 4942 2495 5010 lingua
2526 4943 2578 4994 in
2606 4947 2867 5002 nostram,
2898 4937 2988 4991 Dei
3015 4936 3047 4990 fe
3070 4953 3212 4996 rvor.
3239 4953 3287 4989 vr
3307 4946 3562 4992 rteretur.

1977 5033 2131 5101 Quod
2160 5031 2298 5103 prof.
2317 5040 2406 5087 cto
2448 5045 2645 5086 nomen
2679 5028 2778 5083 viii
2807 5029 2944 5083 bene
2971 5029 3218 5096 congruit
3245 5028 3419 5083 ordini
3451 5028 3564 5098 spi-

1977 5123 2142 5178 ritalis
2161 5121 2530 5192 expositionis.
2556 5118 2657 5186 Qui
2677 5119 2820 5173 enim
2845 5118 2927 5173 vir
2950 5135 3085 5172 unus
3105 5117 3318 5181 dicitur,
3347 5133 3570 5174 necesse

1977 5223 2058 5270 (st
2086 5224 2143 5268 ut
2170 5229 2236 5268 ex
2262 5212 2356 5267 Dei
2387 5211 2601 5274 fervore
2631 5217 2936 5266 censeatur.
2967 5209 3098 5276 Quis
3127 5209 3269 5264 enim
3300 5217 3396 5264 aut
3426 5216 3565 5263 tent-

1977 5303 2182 5373 poralia
2231 5301 2540 5370 despicere,
2583 5308 2676 5355 aut
2719 5314 2903 5354 amare
2944 5299 3185 5355 rm‘estia
3231 5299 3348 5354 sine
3386 5299 3564 5354 divina

1977 5394 2146 5462 gratia
2178 5409 2246 5464 po
2277 5393 2385 5446 sit?
2420 5391 2647 5448 Necesse
2673 5392 2872 5462 quippe
2909 5399 3080 5446 estut
3121 5391 3262 5444 hunc
3289 5391 3460 5460 gratia
3491 5393 3571 5445 di-

1976 5489 2095 5542 vina
2126 5484 2446 5556 praeveniat,
2481 5491 2624 5551 quati
2647 5500 2766 5549 nus,
2811 5482 3040 5552 Spiritus
3081 5481 3252 5535 sancti
3295 5481 3415 5548 igne
3444 5495 3564 5533 suc-

1975 5593 2190 5644 census,
2211 5585 2421 5645 quanto
2440 5573 2716 5630 ardentius
2736 5589 2942 5628 summa
2973 5572 3165 5640 diligit,
3193 5579 3345 5624 tanto
3375 5570 3568 5623 lortius

1975 5671 2079 5726 ima
2134 5675 2463 5722 contemnat.
2518 5665 2617 5721 Cui
2674 5665 2835 5720 etiam
2896 5665 2948 5718 in
3000 5663 3330 5732 genealogiae
3379 5662 3568 5715 ordine

2044 5835 2069 5869 ⁵
2099 5829 2348 5904 Superius
2374 5828 2516 5883 nulla
2540 5826 2761 5882 occurrit
2788 5825 3064 5895 explicatio
3093 5825 3242 5895 hujus
3267 5824 3510 5882 nominis.
