4000 6296
350 286 353 287 ν
437 316 509 384 31
1634 320 1876 386 SANC'I'I
1917 328 2006 383 Gtt

2120 327 2242 382 JRll
2285 324 2506 386 MACM
3648 332 3721 393 {"2

433 446 669 509 quatuor
708 445 919 510 patrum
949 442 1163 496 nomina
1204 442 1631 512 perscribuntur,
1663 443 1789 511 quia
1836 442 1889 496 in
1922 440 2024 495 ﬁde
2055 444 2096 500 Δ
2130 440 2272 496 tione
2295 444 2489 499 mentis
2509 452 2701 499 cuncta
2724 460 2903 500 rerum
2927 457 3313 516 corporearum
3341 444 3721 519 phantasmata

438 528 816 600 Redemptoris
841 546 1028 587 eorum
1066 534 1444 603 prmdicatione
1472 533 1688 603 genitus
1716 542 1798 589 est
1839 534 1932 603 qui
1971 534 2022 586 in

433 626 683 681 ruindem
719 627 936 682 humani
967 629 1181 696 generis
1220 628 1636 699 Redemptorem
1667 644 1766 700 per
1791 636 2024 698 quatuor

434 713 901 785 Evangeiistarnm
929 718 1126 785 scripta
1159 719 1224 772 de
1252 719 1401 774 omni
1430 719 1611 773 mundi
1658 728 1810 788 parte
1852 718 2025 773 credi-

430 807 581 860 dere.
631 804 734 873 Qui
783 808 948 861 etiam
1011 807 1364 877 Ephrathzeus
1427 809 1646 863 dicitur.
1707 809 1785 864 De
1838 817 2025 863 mente

432 886 685 966 Ephraim
740 907 798 953 et
852 897 1206 968 Eplirathzeus
1259 909 1343 955 est
1396 900 1486 970 qui
1555 901 1609 955 in
1663 900 1826 956 fertili
1882 911 2021 955 terra

428 987 631 1043 sterilis
651 1004 757 1043 non
787 996 891 1045 est.
940 991 1071 1044 Nam
1103 991 1343 1060 plerique
1372 992 1510 1046 intra
1559 1000 1802 1047 sanctam
1835 991 2023 1048 Eccle—

430 1079 563 1134 siam
591 1082 811 1136 nomine
835 1093 1125 1138 censentur
1162 1084 1309 1148 ﬁdei,
1359 1086 1511 1148 cuius
1540 1086 1719 1140 nullos
1746 1086 1881 1152 prof.
1899 1094 2025 1140 runt

432 1166 636 1225 fructus
664 1172 915 1226 actionis.
962 1173 1064 1238 Qui
1096 1174 1345 1227 nimirmn
1376 1174 1501 1226 dum
1532 1174 1600 1228 de
1629 1174 1869 1230 Ecclesia
1899 1191 2034 1242 pro-

429 1261 617 1324 dcunt,
642 1260 790 1315 velut
805 1261 876 1316 de
902 1272 1087 1317 monte
1110 1262 1384 1318 fructifera
1414 1272 1534 1318 esse
1562 1266 1896 1331 sr-ntiuntur;
1927 1265 2021 1321 sed

428 1348 552 1417 quia
582 1348 682 1417 ipsi
710 1349 976 1403 bonorum
1006 1365 1229 1420 operum
1260 1369 1293 1405 n
1334 1368 1367 1405 n
1395 1353 1596 1406 habent
1627 1352 1885 1419 fructum,
1907 1368 2013 1409 non

428 1445 557 1492 sunt
599 1437 933 1508 Ephrathazi.
980 1440 1057 1495 De
1100 1451 1286 1496 monte
1338 1456 1467 1510 ergo
1516 1441 1772 1511 Ephraim
1817 1454 1917 1506 est,
1967 1456 2023 1498 et

429 1517 781 1598 Ephrathmus
803 1546 908 1584 non
932 1540 1037 1597 est,
1059 1532 1150 1601 qui
1176 1532 1333 1587 fidem
1356 1548 1386 1588 c
1408 1532 1675 1588 ethoiicam
1700 1535 1751 1589 in
1780 1533 2020 1590 Ecclesia

429 1618 625 1673 dedicit
646 1659 667 1685 ,i
694 1619 787 1675 sed
815 1635 981 1690 opera
1009 1622 1171 1686 digna
1203 1622 1322 1675 ﬁdei
1356 1640 1462 1677 non
1490 1623 1770 1694 impendit.
1804 1623 2022 1678 Talibus

426 1708 670 1777 profecto
713 1710 912 1765 veritas
951 1710 1004 1765 in
1053 1706 1342 1779 Evangelia
1374 1714 1757 1777 comminatur,
1787 1714 1971 1767 dicms
2004 1732 2018 1767 :

2128 546 2493 599 removentur,
2525 548 2579 593 et
2616 538 2801 593 oculus
2829 538 3122 602 reiovetur,
3155 555 3277 595 cum
3307 557 3403 595 usu
3445 543 3719 598 continua:

2127 623 2492 681 meditationis
2514 628 2701 683 eadem
2729 629 2922 683 mentis
2950 628 3176 685 intentio
3195 630 3261 683 ad
3282 638 3485 686 :eterua
3513 634 3720 686 sustol-

2128 710 2282 766 litur.
2316 713 2445 778 Quae
2484 715 2726 785 profecto
2773 733 2893 771 cum
2936 718 3182 772 diutuna
3234 721 3624 776 consuetudine
3664 723 3718 776 in

2125 804 2370 873 supernis
2398 806 2595 860 morari
2644 807 2911 869 didicerit,
2958 809 3147 863 eadem
3175 810 3531 865 diuturnitate
3577 828 3718 867 con-

2125 896 2449 961 suetudinis,
2467 899 2754 966 puritatem
2774 900 3006 964 obtinet,
3026 916 3133 969 qua
3152 902 3277 955 dum
3300 903 3399 956 clm
3414 904 3495 959 ius
3513 914 3724 960 acterna

2126 985 2379 1052 respicit,
2412 987 2465 1040 in
2514 1002 2701 1041 eorum
2751 989 2919 1057 gloria
2950 991 3223 1045 exsultare
3270 992 3478 1061 plenius
3525 995 3718 1065 possit.

2124 1073 2276 1127 Anna
2299 1090 2428 1143 ergo
2456 1093 2567 1130 nan
2594 1077 2844 1133 habuisse
2886 1078 3023 1133 ﬁlios
3049 1080 3266 1145 dicitur,
3318 1092 3374 1135 ut
3408 1099 3513 1136 non
3542 1084 3719 1138 solum

2126 1163 2433 1220 inclinantis
2481 1167 2817 1237 imperfectio
2871 1169 3202 1238 designetur,
3247 1170 3341 1226 sed
3384 1174 3547 1228 ctiam
3594 1177 3728 1230 vita:

2123 1257 2551 1324 contemplativa:
2581 1258 2865 1312 celsitudo.
2894 1259 3083 1327 Magno
3104 1261 3248 1315 enim
3273 1264 3585 1317 meriturum
3612 1266 3723 1320 sita

2126 1357 2207 1402 est
2250 1348 2514 1413 culmine,
2568 1366 2687 1420 quae
2717 1352 2769 1404 in
2818 1352 3161 1406 fecunditatis
3198 1369 3307 1408 sua:
3334 1356 3531 1423 gaudio
3561 1356 3728 1412 facile

2125 1436 2310 1491 haberi
2333 1455 2439 1493 non
2471 1450 2599 1509 pote
2634 1451 2680 1495 t.-
2707 1441 2842 1497 llinc
2871 1452 2953 1496 est
2982 1444 3124 1498 enim
3150 1446 3293 1513 quod
3317 1444 3483 1501 Jaciib
3510 1447 3722 1503 Rache-

2125 1525 2228 1579 lem
2257 1528 2542 1598 cnujugem
2573 1531 2771 1586 habere
2794 1531 3065 1586 desiderat
3089 1533 3241 1604 (Gen.
3272 1552 3420 1601 χχιχ,
3450 1536 3536 1601 18,
3557 1540 3719 1609 seq.),

2122 1615 2217 1668 sed
2248 1625 2422 1670 tamen
2452 1618 2497 1670 ‹·ἰ
2523 1619 2670 1687 prius
2697 1617 2788 1672 Lia
2820 1620 3199 1686 substerniur,
3220 1633 3275 1676 ut
3300 1640 3396 1691 pro
3424 1625 3715 1679 obtinenda

2123 1704 2265 1760 illius
2297 1721 2407 1774 Spe:
2428 1707 2477 1761 ie
2500 1710 2841 1777 septenarius
2867 1726 3129 1765 annorum
3172 1729 3425 1769 numerus
3464 1715 3514 1768 in
3545 1717 3722 1771 soceri

428 1798 704 1870 Auferetur
736 1817 769 1853 a
792 1800 930 1854 vobis
960 1818 1175 1871 regnum
1200 1801 1316 1866 Dei,
1342 1811 1392 1854 et
1413 1801 1622 1854 dabitur
1648 1803 1786 1871 genti
1810 1802 2021 1873 facienti
2056 1812 2096 1868 η
2127 1796 2346 1849 servitio
2375 1799 2701 1865 geiiiinetur,
2730 1801 2856 1869 quia
2884 1811 3093 1857 amator
3122 1804 3243 1874 vita:
3263 1805 3721 1874 contemplativzc,

427 1891 653 1957 fructum
670 1890 783 1960 ejus
807 1889 1024 1959 (Matth.
1054 1906 1163 1953 ηε,
1188 1890 1302 1961 54).
1335 1890 1404 1943 lli
1443 1907 1471 1945 c
1498 1891 1598 1944 sub
1630 1890 1869 1944 ﬁculnea:
1897 1906 2017 1960 spe-

426 1980 530 2046 cie,
554 1982 749 2036 colono
778 1989 979 2037 sancite
1006 1980 1254 2036 Ecclesia:
1286 1983 1648 2051 repulsionem
1680 1982 2020 2037 infructuosa:

428 2072 619 2126 animm
662 2072 959 2142 imperans,
1000 2073 1073 2126 ait
1107 2091 1119 2125 :
1156 2073 1378 2126 Succide
1416 2089 1555 2140 eam,
1580 2082 1633 2124 ut
1664 2073 1786 2143 quid
1828 2080 2020 2126 terram

427 2172 643 2234 occupat
670 2162 823 2232 (Luc.
861 2176 971 2228 stu,
1004 2164 1099 2235 7)?
1140 2164 1272 2219 Hinc
1317 2164 1552 2219 Joannes
1603 2164 1842 2233 Baptista
1872 2180 2020 2219 com-

427 2255 657 2321 minans,
687 2255 762 2308 ait
793 2272 806 2309 :
840 2254 964 2308 lant
1009 2256 1203 2309 securis
1231 2255 1303 2308 ad
1346 2255 1575 2309 radicem
1604 2255 1813 2310 arboris
1844 2257 2014 2325 posita

425 2354 527 2409 est.
554 2341 744 2400 Omnis
768 2344 941 2410 arbor,
973 2362 1087 2416 qua:
1114 2363 1218 2400 non
1248 2348 1374 2417 facit
1404 2348 1627 2417 fructum
1655 2345 1843 2400 bonum
1875 2350 2020 2402 exci-

426 2435 595 2499 detur,
636 2443 688 2488 et
725 2436 780 2488 in
816 2435 988 2506 ignem
1024 2436 1254 2488 mittetur
1286 2443 1297 2486 ί
1309 2434 1501 2488 Matth.
1535 2450 1626 2500 tu,
1658 2436 1758 2503 10;
1786 2435 1910 2489 Luc.
1942 2453 2020 2504 tit,

425 2529 501 2599 9).
538 2530 615 2584 De
645 2538 827 2582 monte
856 2537 1074 2598 Quoque
1118 2527 1371 2596 Ephraim
1404 2543 1499 2582 eos
1542 2543 1661 2584 esse
1687 2528 2019 2593 ostenderat,

425 2621 521 2675 sed
551 2635 659 2675 non
690 2616 1066 2690 Ephrathmos,
1090 2618 1158 2672 de
1185 2618 1379 2687 quibus
1406 2614 1616 2672 Veritas
1647 2618 1699 2672 in
1727 2616 2019 2686 Evangelio

426 2727 523 2781 per
545 2710 857 2782 parabolam
900 2711 1067 2764 dicit:
1099 2710 1271 2763 Malos
1311 2712 1446 2765 atate
1485 2712 1692 2781 perdet,
1742 2720 1792 2764 et
1818 2712 2019 2764 vineam

424 2810 574 2856 suam
618 2799 807 2856 locabit
848 2793 968 2854 aliis
1015 2802 1275 2871 agricolis,
1305 2801 1395 2872 qui
1429 2800 1650 2854 reddant
1699 2800 1750 2854 ei
1792 2802 2017 2872 fructum

424 2890 736 2958 temporibus
764 2892 879 2946 suis
926 2890 1138 2961 (Matth.
1174 2902 1291 2957 χχι,
1321 2890 1434 2961 41).
1467 2890 1561 2945 Vir
1587 2904 1717 2959 ergo
1742 2890 1810 2945 de
1832 2898 2018 2945 monte

425 2972 701 3052 prraim,
734 2983 931 3036 dicitur
974 2976 1348 3050 Ephrathazus,
1380 2982 1504 3050 quia
1533 2982 1840 3051 quicunque
1880 2993 2018 3038 intra

422 3079 663 3126 sanctam
710 3069 1008 3125 Ecclesiam
1042 3070 1074 3121 ﬁ
1098 3072 1198 3125 fem
1230 3070 1550 3125 catholicam
1590 3078 1859 3134 tenemus,
1886 3072 2015 3126 dum

2121 1889 2261 1945 hanc
2284 1890 2341 1943 in
2364 1892 2606 1945 ubertate
2627 1893 2811 1946 mterni
2834 1895 3011 1964 gaudii
3032 1896 3142 1949 tho
3164 1869 3391 1966 adipisci
3424 1869 3725 1963 desiderat,

2121 1982 2212 2035 sed
2244 1990 2421 2035 tamen
2453 1983 2502 2037 ei
2532 1987 2771 2038 omnium
2800 1988 3065 2039 donorum
3094 1986 3314 2055 largitor
3344 1987 3575 2057 Spiritus
3604 1989 3726 2042 cito

2120 2084 2226 2122 non
2260 2069 2462 2137 tribuit,
2494 2088 2561 2126 ne
2590 2073 2827 2127 habitam
2854 2074 3009 2142 quasi
3035 2075 3194 2128 vilem
3225 2074 3508 2144 desiviciat,
3556 2077 3601 2130 si
3629 2075 3715 2130 fa-

2121 2162 2296 2217 cilitas
2324 2164 2373 2217 ei
2406 2164 2544 2218 hanc.
2588 2180 2687 2234 pro
2731 2175 2857 2220 voto
2904 2176 3297 2234 reprarsentat;
3332 2168 3426 2223 sed
3473 2178 3623 2224 tanto
3648 2185 3719 2224 ea

2120 2248 2327 2304 fruatur
2352 2251 2581 2317 dulcius,
2611 2255 2997 2326 sollieitiusque
3025 2258 3314 2321 custodiat,
3340 2269 3541 2327 quanto
3571 2260 3721 2316 hanc

2121 2341 2393 2397 diiﬁcilius
2420 2354 2777 2412 promeretur.
2810 2347 2989 2413 Quare
3018 2356 3073 2400 ct
3102 2350 3344 2416 sequitur
3377 2368 3391 2403 :

2194 2430 2366 2501 (Vers.
2401 2434 2480 2503 ⁸5.)
2515 2433 2582 2487 Et
2612 2436 2923 2490 ascendebat
2950 2441 3026 2491 vir
3050 2439 3137 2492 ille
3188 2443 3402 2495 statutis
3429 2443 3627 2507 diebus,
3655 2451 3726 2496 ut

2123 2520 2394 2586 aderaret,
2421 2532 2471 2576 et
2497 2524 2788 2578 immolaret
2817 2525 3038 2581 Domino
3059 2532 3373 2584 exercituum
3400 2533 3451 2585 in
3474 2532 3609 2588 Silo.

2192 2611 2245 2664 5.
2278 2613 2509 2669 Statutis
2539 2615 2751 2681 quidem
2780 2617 2967 2673 diebus
2997 2616 3261 2683 ascendit,
3288 2623 3409 2689 quia
3451 2624 3504 2677 in
3534 2626 3721 2693 splen-

2120 2701 2343 2756 doribus
2369 2711 2587 2759 interna:
2613 2705 2835 2762 visionis
2865 2709 3122 2777 paulatim
3148 2711 3378 2779 proﬁcit.
3404 2711 3541 2778 Quid
3564 2715 3721 2769 enim

2118 2804 2246 2848 sunt
2286 2794 2390 2849 illa:
2431 2796 2891 2854 manifestationes
2924 2800 3119 2855 interni
3162 2802 3405 2867 luminis,
3448 2804 3548 2859 nisi
3593 2807 3720 2859 dies

2120 2886 2306 2941 electa:
2336 2889 2567 2942 mentis?
2593 2897 2649 2943 et
2676 2890 2861 2944 statuti
2894 2906 3123 2961 namque
3162 2892 3277 2948 dies
3304 2902 3458 2957 sunt,
3489 2895 3612 2966 quia
3653 2897 3711 2950 in

2118 2975 2366 3047 profectu
2382 2978 2637 3046 spiritalis
2662 2980 2786 3034 vitae
2814 2982 3004 3050 podtis-
3029 2983 3207 3037 divina
3234 2985 3570 3041 ordinatione
3594 2986 3714 3042 dis-

2116 3074 2415 3137 ponuntur;
2458 3070 2642 3123 statuti
2688 3071 2852 3125 etiam
2892 3072 3012 3127 dies
3065 3083 3222 3136 sunt,
3278 3076 3401 3144 quia
3433 3078 3485 3132 in
3514 3093 3709 3133 eorum

425 3176 522 3230 per
550 3161 799 3215 ardorem
842 3160 1143 3217 ametionis
1176 3171 1387 3216 terrena
1426 3161 1726 3230 abjicimus,
1772 3162 2013 3217 cmlestia
2046 3170 2090 3231 ρ
2121 3158 2364 3213 claritate
2394 3175 2500 3214 non
2547 3176 2832 3228 possumus
2876 3163 3085 3217 admiti
3132 3180 3254 3220 cum
3302 3166 3570 3237 volumus,
3611 3168 3717 3224 sed

422 3269 689 3320 alumnus,
714 3261 931 3323 oportet
955 3263 1011 3308 et
1037 3262 1095 3307 ut
1122 3269 1153 3307 a
1181 3253 1408 3308 terrenis
1427 3267 1548 3323 qum
1570 3254 1892 3324 despicimus
1918 3271 2015 3327 per

421 3344 552 3399 boni
578 3343 758 3413 operis
787 3342 1025 3397 laborem
1055 3358 1398 3412 separemur,
1427 3353 1479 3397 et
1504 3344 1571 3399 ad
1597 3360 1658 3399 ea
1688 3360 1808 3413 qua:
1838 3346 2013 3414 diligi-

422 3450 539 3489 mus
566 3434 810 3489 emlestia
836 3447 1219 3504 prmparcmur.
1253 3432 1385 3489 E~se
1414 3448 1543 3503 ergo
1574 3435 1624 3488 in
1670 3433 1930 3501 Ecclesia,
1960 3445 2015 3491 ct

422 3542 590 3596 npera
633 3526 773 3581 bona
801 3541 910 3581 non
952 3524 1150 3589 facere,
1181 3525 1307 3595 quia
1335 3525 1403 3580 ad
1441 3527 1777 3597 atquin-eadm
1799 3536 2016 3582 internae

421 3621 608 3675 salutis
628 3619 830 3675 bonum
863 3636 969 3675 non
1001 3620 1240 3689 prodest,
1266 3621 1344 3674 vir
1356 3620 1449 3688 qui
1471 3619 1538 3673 de
1558 3626 1741 3674 monte
1759 3616 2011 3689 Ephraim

420 3710 696 3774 asseritur,
729 3709 892 3764 etiam
912 3708 1266 3778 Ephrathaeus
1295 3709 1458 3764 fuisse
1486 3717 1835 3764 memoratur.

490 3800 543 3855 ιι.
591 3800 741 3856 Unde
784 3810 841 3857 et
868 3803 998 3857 duas
1045 3817 1243 3857 uxores
1272 3802 1472 3857 habere
1502 3801 1842 3865 describitur,
1875 3802 2005 3871 quia

421 3893 609 3946 activa:
636 3893 760 3947 vitm
788 3908 886 3962 per
909 3892 1291 3948 fecunditatem
1321 3893 1449 3948 boni
1477 3894 1657 3962 operis
1684 3901 1738 3947 et
1764 3900 2013 3947 contem-

425 3983 635 4051 plativa:
683 3983 802 4037 vitm
849 3983 1193 4053 conjuugitur
1236 3998 1332 4054 per
1362 3998 1601 4037 amorem
1652 3983 1877 4037 interna:
1917 3985 2013 4037 de.

424 4072 745 4128 kctationis.
778 4073 1140 4138 Quamobrem
1174 4072 1479 4128 Pliencnna:
1508 4072 1600 4127 filii
1630 4072 1795 4128 fuisse
1822 4073 2014 4128 dicun-

423 4168 529 4229 tur,
577 4165 747 4218 Anna:
780 4174 958 4218 autem
990 4166 1081 4219 lilii
1123 4181 1229 4218 non
1280 4164 1461 4219 fuisse.
1509 4164 1645 4232 Quid
1697 4166 1837 4219 enim
1887 4175 2012 4220 sunt

424 4256 615 4310 activze
642 4256 766 4311 vita:
796 4256 907 4321 lilii,
938 4256 1039 4310 nisi
1070 4257 1332 4310 bonorum
1373 4272 1597 4325 operum
1642 4256 1879 4311 fructus?
1903 4259 2011 4329 32

423 4334 488 4401 Et
512 4347 639 4416 quid
665 4357 749 4402 est
775 4347 917 4415 quod
946 4347 1099 4401 Anna
1130 4346 1266 4402 ﬁlios
1294 4364 1401 4401 non
1428 4347 1609 4413 habet,
1636 4348 1737 4402 nisi
1766 4349 1891 4419 quia
1920 4366 2009 4404 tuo

422 4439 504 4493 nis
532 4438 918 4508 contemplatio
944 4454 1008 4491 ea
1052 4454 1171 4507 qua:
1204 4438 1313 4506 jam
1359 4454 1541 4493 amare
1583 4439 1745 4508 (cepit
1784 4440 2009 4495 internae

2116 3265 2239 3304 cum
2285 3250 2467 3304 divina
2494 3251 2804 3321 dignatione
2831 3254 3192 3309 sublevamur.
3222 3256 3526 3326 Aliquando
3556 3275 3712 3316 nam-

2116 3354 2221 3407 que
2274 3355 2373 3394 nos
2425 3339 2478 3394 in
2532 3342 2990 3411 contemplatione
3038 3345 3262 3398 internae
3309 3345 3441 3401 lucis
3486 3349 3709 3419 excipit,

2113 3432 2435 3504 quandoque
2466 3433 2571 3488 labi
2620 3449 2788 3503 usque
2834 3435 2904 3489 ad
2950 3434 3310 3504 pra-ferendas
3361 3439 3715 3496 humanitatis

2118 3525 2368 3579 tenebras
2396 3526 2669 3595 relinquit.
2696 3526 2856 3592 Quasi
2888 3527 3030 3581 enim
3059 3529 3277 3584 statutis
3303 3530 3489 3584 diebus
3509 3531 3709 3597 elevat,

2115 3616 2306 3685 quibus
2328 3618 2695 3672 ammnitatem
2727 3618 2949 3672 internae
2981 3618 3112 3673 lucis
3144 3635 3249 3674 non
3274 3619 3477 3688 jugiter
3505 3621 3705 3689 aperit,

2114 3706 2209 3761 sed
2234 3722 2329 3777 per
2361 3716 2606 3777 tempora
2633 3724 2744 3763 sua:
2771 3708 3137 3778 dispositionis
3156 3712 3404 3764 ostendit.
3434 3711 3556 3766 Dies
3577 3725 3711 3779 ergo

2116 3798 2284 3852 nostri
2315 3806 2463 3865 sunt,
2491 3799 2615 3868 quia
2645 3799 2697 3852 in
2731 3800 2935 3869 magnis
2964 3801 3341 3869 Splendoribus
3380 3801 3705 3873 excipimur,

2114 3904 2236 3942 cum
2264 3888 2491 3944 interna:
2515 3890 2701 3956 gloriae
2726 3891 2882 3947 nobis
2904 3891 3250 3960 pulchritudo
3272 3893 3559 3949 revelatur.
3583 3893 3706 3949 Sta-

2116 3981 2217 4034 tuti
2241 3996 2370 4036 vero
2398 3981 2512 4036 dies
2537 3981 2737 4038 idcirco
2758 3983 3124 4049 nominantur,
3142 3984 3266 4052 quia
3291 3992 3349 4038 ut
3372 3985 3559 4040 intima
3586 3986 3707 4041 luce

2116 4070 2379 4138 fruamur,
2413 4088 2518 4126 non
2557 4080 2639 4127 est
2686 4073 2855 4127 nostri
2885 4073 3216 4143 conaminis,
3260 4075 3353 4129 sed
3403 4075 3595 4129 divinat
3622 4076 3701 4131 di-

2114 4163 2403 4231 gnationis.
2423 4162 2575 4233 Stepe
2597 4177 2828 4232 namque
2848 4163 3101 4217 diuturno
3128 4165 3363 4231 si’entio,
3381 4166 3705 4220 instantibus

2115 4254 2619 4322 supplicationibus,
2663 4256 2866 4310 crebris
2894 4256 3200 4323 gemitibus,
3252 4256 3397 4310 illam
3443 4256 3597 4311 nobis
3624 4256 3700 4311 in-

2117 4354 2283 4428 ternm
2330 4347 2463 4402 lucis
2511 4349 2737 4416 gloriam
2784 4350 2982 4419 aperiri
3032 4350 3361 4418 flagitamus,
3394 4359 3449 4406 et
3498 4352 3550 4406 in
3590 4351 3704 4420 ejus

2114 4435 2426 4491 animnitate
2466 4438 2631 4507 recipi
2661 4454 2773 4494 non
2822 4455 3111 4495 meremur.
3158 4441 3311 4511 Saepe
3348 4441 3423 4496 nil
3470 4442 3577 4496 tale
3605 4457 3702 4512 pro

420 4529 892 4599 contemplationis
908 4530 1101 4599 gaudia
1122 4530 1229 4585 cito
1256 4546 1361 4585 non
1383 4530 1629 4585 obtinet?
1651 4530 1768 4585 Filii
1790 4532 2007 4601 quidem
2037 4538 2087 4599 ι)
2113 4527 2230 4594 ejus
2259 4527 2524 4583 desiderio
2562 4530 2789 4597 agimus,
2836 4530 2933 4585 sed
2979 4533 3157 4586 subito
3198 4549 3298 4587 nos
3325 4532 3501 4587 divina
3531 4534 3702 4603 gratia

420 4629 547 4675 sunt
573 4632 805 4691 contem;
822 4620 1003 4676 latine
1026 4621 1145 4675 vita:
1170 4622 1362 4691 gaudia
1394 4622 1619 4677 interna:
1635 4622 1879 4678 visionis.
1900 4623 2009 4679 Sed

425 4726 595 4779 mens,
624 4726 745 4781 qua:
780 4713 1133 4781 contemplaii
1180 4721 1380 4766 arteina
1425 4712 1676 4780 inchoat,
1725 4714 1790 4768 ad
1820 4729 2007 4769 eorum

423 4805 619 4872 gaudia
649 4805 965 4874 excipienda
1008 4813 1159 4860 tanto
1200 4804 1468 4861 dilﬁcilius
1507 4808 1778 4874 pervenit,
1808 4816 2010 4875 quanto

424 4896 592 4948 e.iam
622 4894 835 4949 illorum
865 4896 1317 4965 pulchritudinem
1344 4912 1449 4950 non
1472 4897 1714 4951 attendit.
1731 4896 1858 4963 Quis
1881 4912 2009 4967 ergo

423 4988 477 5040 in
507 4985 677 5054 gloria
707 4985 825 5053 ejus
860 4985 1269 5053 pulchritudinis
1295 4986 1528 5054 gaudere
1565 4989 1816 5057 praevalet
1845 5005 2005 5058 quam

424 5093 533 5131 non
557 5076 745 5131 videt?
781 5076 929 5129 Mens
957 5086 1136 5132 autem
1165 5094 1285 5148 quae
1312 5080 1363 5133 in
1390 5088 1711 5135 aeternorum
1742 5082 2005 5135 bonorum

419 5182 452 5220 c
474 5168 878 5237 intemplatione
905 5184 965 5223 se
991 5168 1201 5222 noviter
1229 5169 1423 5234 elevat,
1447 5170 1514 5223 ad
1538 5186 1600 5225 ea
1626 5179 1774 5224 tanto
1806 5171 2006 5225 tardius

419 5258 675 5326 assurgit,
698 5268 901 5328 quanto
931 5258 1278 5317 humanitatis
1305 5274 1415 5316 sua:
1442 5262 1731 5316 familiares
1754 5263 2007 5319 tenebras

417 5349 686 5404 velociter
712 5365 822 5405 non
848 5351 1089 5421 deponit,
1118 5352 1243 5420 quia
1270 5352 1397 5407 dum
1441 5369 1471 5406 a
1501 5368 1560 5408 se
1586 5353 1821 5423 abjicere
1847 5370 2005 5408 mun—

419 5442 589 5498 (lanas
615 5454 773 5500 curas
800 5461 907 5500 non
937 5446 1210 5514 praeralet,
1233 5445 1381 5500 velut
1409 5446 1460 5499 in
1487 5444 1658 5500 oculis
1679 5454 1854 5513 gestat
1893 5446 2012 5514 pul-

421 5537 628 5601 Verem,
649 5550 760 5605 quo
796 5535 851 5591 id
892 5536 1037 5605 quod
1067 5536 1214 5603 cupit
1244 5536 1427 5589 videre
1473 5551 1578 5590 non
1611 5544 1808 5601 potest.
1860 5535 2010 5590 Prius

420 5638 553 5692 ergo
579 5626 913 5695 abjiciendus
937 5635 1020 5682 est
1049 5625 1223 5696 pulvis
1249 5641 1318 5680 ex
1349 5627 1507 5679 oculo
1528 5667 1544 5693 ,
1592 5625 1787 5681 deinde
1817 5628 2007 5681 oculus

413 5712 764 5771 "fovendus.
797 5715 978 5772 Pulvis
1022 5716 1220 5784 quippe
1266 5712 1517 5781 abjicitur
1549 5728 1670 5768 cum
1713 5714 1780 5769 ab
1828 5714 2005 5772 inten-

2113 4619 2392 4687 pra‘venit,
2418 4621 2487 4673 ab
2515 4620 2624 4674 imo
2653 4629 2849 4676 nostra:
2883 4623 3208 4679 inﬁrmitatis
3232 4626 3411 4695 erigit,
3438 4626 3489 4680 in
3512 4641 3698 4696 super-

2113 4724 2180 4761 na
2222 4710 2385 4776 rapit,
2431 4709 2936 4781 insperantibusque
2974 4715 3127 4768 nobis
3168 4716 3392 4784 gloriam
3434 4717 3698 4773 sumlucis

2112 4816 2144 4854 ο
2177 4799 2365 4854 tendit.
2415 4800 2616 4855 Diebus
2665 4818 2795 4872 ergo
2845 4807 3061 4860 statutis
3089 4806 3446 4873 ascendimus,
3490 4810 3615 4876 quia
3648 4809 3696 4862 iu

2112 4893 2621 4962 contemplationem
2652 4897 2950 4951 caelestium
2982 4899 3089 4969 33
3131 4901 3410 4954 sublimari
3441 4904 3548 4955 non’
3570 4918 3692 4971 pos-

2111 5000 2297 5040 sumus
2350 4995 2535 5040 nostro
2586 4988 2903 5051 conamine,
2965 4989 3055 5044 sed
3107 4990 3285 5043 divina
3326 4990 3698 5059 dispositione.

2111 5076 2382 5129 Ascensus
2404 5090 2619 5145 quoque
2643 5075 2759 5131 dies
2784 5084 2944 5145 sunt,
2973 5078 3095 5145 quia
3123 5078 3338 5147 quando
3365 5078 3454 5132 illa
3481 5080 3700 5134 subtini

2112 5165 2230 5218 luce
2275 5181 2382 5218 non
2431 5164 2676 5231 fruimur,
2726 5167 2779 5221 in
2811 5168 2920 5221 imo
2965 5184 3184 5233 sumus;
3218 5176 3273 5222 et
3301 5184 3421 5223 cum
3474 5170 3524 5223 in
3558 5170 3695 5225 illius

2110 5254 2216 5308 alta
2245 5256 2453 5310 visione
2481 5258 2822 5322 assumimur,
2875 5273 3036 5326 quam
3085 5259 3139 5312 in
3186 5260 3294 5313 imo
3338 5259 3695 5329 jacuissemus

2110 5358 2236 5404 ante
2280 5351 2662 5420 assumptionis
2694 5360 2889 5404 nostra:
2916 5350 3127 5413 horam,
3175 5354 3571 5421 cognoscimus.
3608 5352 3693 5407 Di-

2112 5443 2402 5510 Splicemus
2427 5458 2526 5497 nos
2557 5452 2683 5496 tunc
2711 5441 2887 5506 nobis,
2920 5442 2971 5497 in
3018 5457 3126 5512 quo
3172 5443 3388 5509 fuimus,
3422 5444 3694 5513 placemus

2113 5542 2291 5587 autem
2323 5534 2374 5587 in
2402 5549 2510 5603 quo
2538 5548 2738 5597 sumus,
2771 5534 2892 5603 quia
2920 5533 3170 5603 absorpta
3196 5534 3307 5601 jam
3340 5550 3491 5589 mens
3512 5550 3694 5589 amore

2113 5624 2411 5682 caelestium
2438 5664 2453 5689 ,
2483 5625 2609 5679 dum
2642 5624 2851 5679 lmtatur
2893 5626 3046 5688 luce,
3092 5642 3196 5694 qua
3245 5626 3457 5688 fruitur,
3503 5635 3694 5680 cuncta

2112 5726 2325 5771 terrena
2366 5716 2591 5770 horrore
2633 5714 2796 5770 nimio
2837 5713 3174 5782 dedignatur.
3211 5712 3363 5770 Unde
3412 5722 3465 5770 et
3506 5716 3694 5770 beatus
