4000 6296
459 239 532 297 55
592 240 605 251 ’
1096 204 1111 211 ’
1661 234 1901 293 sum
1941 228 2264 289 GREGOltll
2306 232 2516 289 MAGNI
2800 292 2803 293 ν
3416 252 3419 255 >
3653 232 3717 288 se

459 360 527 416 tis
553 357 857 415 eﬂ‘ersmur.
880 355 1068 412 Divina
1098 364 1278 415 tamen
1300 354 1585 411 clementia
1613 355 1811 410 electas
1834 357 2040 407 mentes
2144 350 2253 403 nim
2277 364 2428 404 mens
2444 388 2461 417 ,
2489 363 2599 418 quo
2625 346 2904 404 sublimius
2935 347 3141 402 tollitur
3169 345 3223 402 in
3251 346 3430 402 divina
3478 356 3719 402 content-

454 450 743 520 aliquando
780 450 859 505 sic
882 464 994 503 suae
1020 447 1318 504 dulcedinis
1347 447 1612 503 inlusione
1640 446 1925 510 exltilarat,
1977 452 2037 497 nt

452 556 548 596 eas
581 542 633 595 in
685 540 892 595 timoris
921 538 1340 610 magnitudinem
1377 554 1483 594 non
1513 538 1752 593 inducat.
1802 534 1954 591 Unde
1980 545 2037 590 et

452 631 702 687 subditur
736 648 753 685 :

528 723 705 795 (Vers.
731 720 810 793 4.)
860 719 1012 777 Venit
1048 736 1171 793 ergo
1215 720 1344 788 dies,
1368 730 1417 776 et
1461 716 1742 776 immolavit
1774 711 2027 772 llelcaua.

526 815 580 869 9.
613 812 749 880 Quid
773 822 857 869 est
882 814 1025 882 quod
1050 814 1181 889 dicit
1213 831 1227 867 :
1250 813 1410 868 Venit
1430 813 1577 880 dies,
1622 825 1678 867 et
1704 812 2032 878 immolavit;

454 921 510 965 et
539 928 646 966 non
677 911 814 965 dixit
844 928 857 964 :
891 910 1168 976 Adnravit,
1192 918 1248 965 et
1277 909 1589 974 immolavit,
1622 909 1722 962 nisi
1752 907 1857 978 35
1887 907 2033 975 quia,

457 1012 514 1055 ut
540 1002 785 1072 superius
813 1001 955 1068 dixi,
982 1000 1060 1055 sic
1087 1016 1228 1066 smpe
1256 1000 1432 1054 divina
1478 998 1789 1067 dignatione
1834 997 1903 1051 ad
1950 998 2034 1051 vi-

453 1092 683 1147 dentium
711 1093 935 1163 gloriam
963 1093 1155 1146 divina:
1176 1092 1435 1147 claritatis
1461 1091 1788 1155 extollimur,
1814 1099 1870 1143 ut
1892 1089 2034 1143 nulla

456 1194 584 1239 tunc
622 1184 947 1253 jutliciorunt
994 1184 1225 1237 immista
1264 1182 1693 1237 con~ideratione
1734 1182 2032 1235 turbemur.
2082 1216 2095 1229 .

454 1270 518 1324 Et
549 1288 745 1341 quanq-
772 1289 856 1326 am
901 1274 1018 1327 sine
1062 1286 1251 1340 magna
1290 1272 1635 1327 veneratione
1680 1269 2034 1339 omnipotenti

454 1362 564 1416 Deo
592 1362 763 1417 electa
786 1363 961 1416 anima
987 1376 1259 1431 nunquam
1284 1362 1520 1426 as~istat,
1553 1370 1733 1416 tamen
1763 1362 1909 1415 velut
1936 1362 2035 1415 im-

451 1453 645 1515 molat,
676 1460 732 1505 et
762 1468 867 1507 non
898 1451 1115 1511 adorat.
1149 1451 1276 1506 dum
1305 1451 1381 1507 sic
1411 1452 1500 1505 illa
1530 1452 1721 1507 summi
1744 1452 1922 1520 gaudii
1952 1452 2033 1507 fe-

451 1544 651 1599 licitate
673 1542 885 1611 fruitur,
926 1552 983 1597 nt
1008 1542 1310 1611 dejectione
1334 1543 1541 1599 timoris
1563 1542 1707 1598 nulla
1736 1544 2029 1612 quatiatur.

451 1631 509 1687 ln
559 1634 702 1688 hunc
752 1633 951 1703 quippe
995 1632 1246 1688 allectum
1289 1642 1541 1699 venerat,
1587 1648 1707 1701 qua:
1751 1633 1966 1689 dicebat
2015 1651 2029 1686 :

2139 443 2393 514 platione,
2411 457 2479 496 eo
2498 441 2741 495 devotius
2760 455 2819 494 se
2838 439 3078 494 extendit
3100 440 3153 494 in
3174 447 3359 494 sancta
3379 441 3717 508 operatione.

2137 531 2326 587 Partes
2352 547 2583 601 namque
2606 532 2792 585 matris
2816 531 3001 599 hujus,
3017 540 3071 584 et
3105 530 3351 596 ﬁliorum,
3376 534 3718 601 p'aiparatio-

2135 640 2231 679 nes
2251 634 2559 679 sanctorum
2573 637 2796 692 operum
2817 630 2961 676 sunt.
2985 620 3153 676 Unam
3167 636 3295 677 vero
3316 631 3524 693 partem
3556 622 3717 679 Annae

2137 718 2304 771 tristis
2316 716 2690 785 exhibet,quia
2706 730 2802 785 per
2815 715 3324 785 contemplationem
3336 759 3348 778 ,
3368 731 3473 785 qua
3489 731 3718 784 superna

2136 807 2419 872 desiderat,
2437 806 2691 876 quandiu,
2711 806 2763 859 in
2780 806 2881 860 hac
2904 821 3140 859 aerumna
3169 807 3425 874 temporis
3444 805 3719 876 impedita,

2136 911 2367 966 superna
2412 910 2532 964 quae
2576 910 2722 950 amat
2771 911 2877 950 non
2928 897 3170 962 obtinet,
3222 897 3276 950 in
3327 896 3458 951 solis
3511 894 3721 951 ﬂetibus

2136 994 2347 1057 pastum
2398 987 2703 1041 refectionis
2734 986 2916 1041 habet.
2947 986 3192 1054 Jejunam
3225 1003 3260 1057 q
3300 988 3424 1057 ippe
3465 1003 3526 1041 se
3555 996 3719 1053 tenet,

2137 1080 2380 1143 quoties,
2410 1093 2469 1132 se
2496 1078 2790 1148 projectam
2822 1079 2890 1131 ab
2917 1079 3132 1132 arternis
3158 1078 3365 1147 gaudiis
3395 1093 3721 1143 memorans,

2137 1166 2267 1222 ﬂere
2296 1184 2402 1222 non
2432 1175 2625 1237 potest.
2664 1166 2870 1221 Partem
2900 1168 3061 1235 igitur
3089 1184 3248 1221 unam
3279 1183 3309 1221 a
3342 1168 3481 1222 tristi
3512 1168 3723 1236 accipit,

2136 1260 2261 1329 quia
2292 1274 2561 1327 nunquam
2599 1274 2695 1328 pro
2726 1269 2852 1312 voto
2906 1255 3171 1323 reﬁcitur,
3228 1257 3327 1312 nisi
3378 1273 3499 1312 cum
3553 1258 3725 1312 flendo

2136 1350 2380 1405 satiatur.
2422 1350 2591 1415 Quam
2632 1349 2683 1401 ei
2712 1348 2791 1402 vir
2818 1347 3170 1418 Ephrathscus
3200 1348 3366 1403 tristis
3397 1348 3603 1409 tribuit,
3639 1349 3726 1419 q-:i

2137 1456 2259 1495 cum
2300 1448 2504 1509 partem
2555 1436 2859 1492 Phenenna:
2908 1437 3201 1503 tribueret,
3252 1438 3419 1495 tristis
3451 1455 3561 1493 non
3609 1438 3728 1502 fuit,

2136 1531 2258 1601 quia
2289 1530 2534 1584 videlicet
2560 1529 2770 1583 laetatur
2791 1530 2843 1584 in
2875 1530 3267 1599 praeparatione
3295 1531 3561 1585 bonorum
3588 1546 3725 1599 ope-

2138 1639 2289 1689 rum,
2307 1623 2432 1690 quia
2459 1622 2703 1691 supernis
2730 1635 2851 1689 quae
2880 1630 3026 1674 amat
3061 1620 3296 1690 quandiu
3324 1620 3598 1687 dill'ertur,
3624 1624 3733 1695 36

450 1729 722 1785 liscuietur
751 1747 831 1784 me
858 1730 1030 1783 osculo
1056 1729 1162 1783 oris
1188 1730 1267 1782 sui
1298 1728 1475 1799 (Cant.
1503 1745 1540 1795 ι,
1567 1730 1644 1795 l).
1674 1727 1843 1794 Quem
1874 1728 2034 1781 timo-

2142 1713 2344 1781 gaudiis
2369 1728 2475 1767 non
2506 1712 2734 1766 laetatur.
2766 1712 2912 1793 Hanc
2932 1721 3078 1767 certe
3105 1722 3311 1782 partem
3335 1713 3502 1768 Acme
3528 1715 3731 1771 tribue-

451 1824 524 1875 ris
553 1822 798 1875 allectum
828 1819 1142 1890 prsetendit,
1171 1834 1290 1888 qua:
1330 1819 1563 1873 osculari
1614 1818 1853 1888 appetit?
1900 1818 2037 1873 Hinc

451 1912 612 1965 etiam
655 1910 723 1964 de
751 1908 934 1980 Moyse
959 1910 1216 1978 scriptum
1244 1916 1328 1962 est
1353 1927 1365 1961 :
1400 1905 1536 1971 Quia
1557 1908 1665 1962 Deo
1712 1907 2032 1979 loquebatur,

449 2001 580 2053 sicut
619 2002 747 2054 solet
774 2001 911 2071 loqui
940 2002 1018 2053 vir
1048 2011 1068 2034 ει
1103 2000 1172 2052 ad
1201 2001 1423 2052 amicum
1443 2016 1591 2053 suum
1618 1998 1815 2069 (Exod.
1848 2015 2032 2066 sunt,

451 2088 565 2159 ιι).
595 2088 724 2143 Nam
743 2132 763 2157 ,
787 2089 933 2143 velut
960 2088 1209 2143 veniente
1238 2088 1323 2141 die
1343 2126 1359 2153 ,
1391 2088 1533 2143 hunc
1578 2087 1854 2156 Scriptura
1881 2100 2033 2143 sacra

449 2184 528 2240 sic
559 2182 836 2237 immolare
861 2190 961 2235 ost.
983 2182 1115 2246 ndit,
1148 2190 1205 2235 ut
1234 2196 1357 2235 eum
1387 2195 1417 2233 a
1438 2181 1630 2235 loratio
1658 2181 1863 2235 timoris
1890 2181 2031 2236 nulla

453 2273 851 2343 prostravisset.
882 2271 998 2339 Quo
1028 2273 1079 2326 in
1109 2272 1226 2328 loco
1247 2271 1351 2327 hoc
1375 2270 1663 2326 notandum
1687 2271 1863 2337 video,
1889 2272 2033 2340 quod

454 2373 514 2419 ut
541 2364 826 2431 adoraret,
853 2372 909 2418 et
938 2362 1269 2427 immolaret,
1319 2363 1612 2417 ascendere
1649 2363 1875 2429 dicitur,
1928 2379 2035 2417 non

456 2466 632 2511 tamen
661 2456 913 2510 adorasse
934 2463 987 2509 et
1016 2453 1350 2519 immolasse,
1380 2454 1629 2507 veniente
1656 2452 1744 2507 die
1762 2494 1777 2518 ,
1809 2453 1903 2507 sed
1933 2453 2035 2507 im-

454 2548 685 2602 molasse
708 2546 905 2601 solum.
928 2546 1026 2600 Alii
1050 2559 1180 2613 ergo
1199 2554 1323 2600 sunt
1341 2546 1455 2601 dies
1469 2546 1662 2615 quibus
1676 2546 2034 2613 ascendimus,

456 2645 514 2689 nt
537 2637 842 2704 adoremus,
871 2644 925 2691 et
953 2636 1318 2700 immolemus;
1350 2636 1486 2691 alius
1534 2637 1622 2692 ille
1651 2637 1764 2693 dies
1789 2638 1881 2707 qui
1909 2637 2034 2692 dum

453 2726 691 2790 venerit,
725 2727 1084 2782 immolamus.
1117 2727 1249 2781 Dum
1276 2726 1418 2781 enim
1449 2735 1635 2781 nostro
1668 2729 1950 2782 conamine
1980 2729 2034 2783 in

455 2818 756 2871 divinarum
800 2832 979 2872 rerum
1026 2816 1376 2871 meditatione
1432 2818 1841 2887 suspendimur,
1884 2818 2034 2888 quasi

455 2911 639 2966 statuti
672 2925 925 2966 ascensus
956 2910 1121 2965 nostri
1150 2909 1266 2966 dies
1301 2919 1455 2971 sunt,
1485 2910 1607 2980 quia
1635 2910 1894 2979 quosdam
1922 2911 2034 2979 spi-

460 3002 668 3056 ritualis
706 3002 921 3057 luminis
946 3001 1125 3057 radios
1155 3002 1456 3066 intuemur,
1506 3003 1764 3071 quosdam
1810 3019 1908 3057 nos
1935 3003 2032 3071 ipsi

2142 1817 2255 1868 rat,
2291 1805 2381 1871 qui
2409 1806 2626 1859 aiternis
2651 1820 2711 1860 se
2741 1805 2954 1859 intuens
2981 1805 3257 1859 exclusum
3289 1806 3443 1860 bonis
3466 1807 3729 1875 loqueba-

2140 1904 2245 1960 tur,
2276 1895 2505 1950 dicens:
2551 1894 2787 1950 Fuerunt
2829 1896 2953 1949 mihi
2994 1896 3238 1967 lacryma:
3282 1914 3412 1951 mea!
3443 1915 3605 1967 panes
3646 1900 3732 1951 die

2137 2002 2199 2038 ac
2220 1996 2386 2051 nocte,
2414 1987 2535 2040 dum
2563 1986 2753 2040 dicitur
2778 1988 2904 2041 mihi
2930 1988 3154 2056 quotidie
3185 2003 3202 2041 :
3228 1986 3313 2042 ubi
3342 1998 3417 2041 est
3447 1987 3588 2042 Deus
3616 1998 3730 2042 tuus

2141 2074 2313 2147 (l’sal.
2356 2092 2475 2143 xu,
2513 2074 2617 2146 4)?
2666 2075 2771 2130 Sed
2827 2077 3130 2131 inchoantia
3174 2076 3349 2130 adhuc
3387 2077 3731 2147 inxperl‘ectio

2136 2167 2479 2235 designatur,
2523 2168 2651 2223 dum
2699 2167 3001 2237 Ephrathtei
3040 2167 3239 2236 conqu
3281 2168 3451 2221 altera
3500 2167 3729 2221 alteram

2137 2258 2375 2327 allligere
2401 2267 2458 2314 et
2477 2260 2828 2313 vehementer
2855 2273 3055 2326 angere
3094 2258 3426 2329 perhibetur.
3480 2257 3731 2313 Perfecto

2137 2349 2281 2403 enim
2303 2350 2496 2417 cuique
2524 2364 2591 2404 eo
2625 2364 2963 2419 nequaquam
2997 2362 3174 2419 pugna
3204 2350 3557 2404 committitur
3586 2364 3727 2403 uxo-

2136 2455 2254 2494 rum
2271 2482 2286 2505 ,
2311 2456 2419 2509 quo
2448 2438 2600 2495 firma
2618 2440 2730 2509 jam
2752 2441 3085 2512 experientia
3116 2442 3265 2496 novit
3290 2440 3523 2495 discrete
3542 2441 3731 2510 dispo-

2136 2548 2265 2587 nere
2292 2532 2637 2601 indigentiam
2666 2533 2847 2602 operis
2883 2542 2939 2588 et
2978 2533 3332 2587 intentionem
3372 2532 3722 2601 contempla-

2139 2623 2319 2677 tionis.
2350 2623 2482 2677 Nam
2504 2624 2650 2678 velut
2670 2624 2723 2678 in
2754 2639 2886 2692 pace
2909 2632 3190 2692 utramque
3208 2638 3432 2679 uxorem
3464 2624 3726 2692 possidet,

2137 2713 2230 2780 qui
2290 2728 2392 2767 nec
2451 2721 2692 2781 tempora
2747 2712 2927 2781 operis
2982 2712 3425 2781 contemplationi
3479 2712 3730 2781 deputat,

2138 2818 2238 2858 nec
2265 2803 2736 2874 contemplationis
2765 2813 2873 2858 ota
2920 2818 3017 2873 per
3045 2803 3394 2858 in'entionem
3422 2802 3604 2873 aperis
3640 2802 3729 2855 in-

2136 2895 2361 2964 quietat.

2213 2989 2395 3059 (Vers.
2425 2987 2501 3059 6.)
2534 2989 2801 3062 A/ﬂigebat
2830 3006 3024 3060 quoque
3045 3005 3158 3042 eam
3182 2987 3366 3041 azmula
3388 2988 3499 3058 ejus
3523 3028 3538 3053 ,
3568 2996 3619 3041 et
3644 3005 3728 3040 vc-

456 3092 611 3148 nnbis
636 3093 969 3161 ordinamus,
988 3094 1055 3146 ab
1087 3095 1193 3147 imo
1214 3102 1409 3148 nostra:
1429 3070 1777 3149 humanitatis
1804 3070 2035 3164 quadam

2142 3078 2400 3133 Itementer
2419 3082 2672 3151 angebat;
2704 3082 2756 3136 iu
2806 3090 3023 3144 tantum,
3054 3090 3108 3133 ut
3137 3082 3469 3149 exprobraret
3510 3080 3557 3133 ei
3585 3079 3725 3150 quod

457 3182 737 3238 altitudine
764 3182 1124 3238 sublevantur.
1156 3183 1261 3238 Sed
1305 3184 1429 3254 quia
1478 3184 1560 3239 his
1602 3185 2038 3241 meditationibus

455 3271 572 3326 sine
601 3272 778 3327 divina
806 3273 977 3341 gratia
1008 3273 1137 3326 nihil
1168 3274 1373 3341 agitur,
1420 3282 1473 3328 et
1504 3274 1629 3343 quia
1660 3290 1760 3329 nec
1788 3276 2035 3329 timorem

460 3363 615 3418 nobis
663 3363 1012 3432 prmvalemns
1042 3363 1315 3432 incutere,
1362 3381 1464 3418 nec
1508 3366 1698 3419 divina:
1743 3367 2038 3424 dulcedinis

460 3453 780 3506 suavitatem
811 3452 1066 3507 exhibere
1087 3494 1102 3517 ,
1133 3469 1386 3510 ascensus
1410 3456 1627 3524 quidem
1656 3456 1772 3512 dies
1792 3466 1915 3511 sunt
1934 3501 1947 3522 ,
1982 3459 2035 3512 in

455 3540 650 3611 quibus
675 3539 903 3596 adorare
931 3550 986 3597 et
1014 3542 1292 3597 im.uolare
1316 3546 1617 3607 statuimus.
1662 3546 1755 3602 sed
1782 3557 1957 3603 tamen
1986 3549 2037 3604 in

457 3632 535 3687 eis
561 3646 661 3687 nec
686 3631 1002 3701 adoramus,
1030 3649 1129 3690 nec
1156 3634 1514 3690 immolamm.
1547 3637 1670 3693 Dies
1699 3648 1876 3693 autem
1902 3639 2039 3695 alius

456 3723 631 3790 venit,
662 3732 716 3779 et
744 3724 1108 3794 immolamus,
1137 3728 1261 3796 quia
1290 3728 1464 3783 subita
1496 3729 1612 3783 luce
1638 3731 1821 3798 gratim
1849 3732 2040 3786 divina:

459 3814 846 3883 respergimur,
871 3824 927 3870 et
947 3815 1014 3871 de
1041 3817 1207 3886 gloria
1250 3818 1545 3886 Majestatis
1574 3820 1689 3888 ejus
1716 3820 2037 3875 inellabilem

460 3905 786 3975 percipimus
824 3908 1204 3964 abundantiam
1256 3910 1576 3966 dilectionis.
1625 3911 1725 3966 llic
1768 3926 1896 3980 ergo
1925 3914 2041 3967 dies

460 4008 567 4048 non
593 4003 676 4051 est
705 3997 915 4054 illorum
941 4000 1155 4069 aliquis,
1186 4000 1279 4054 sed
1306 4001 1425 4055 illos
1446 4016 1473 4056 s
1493 4002 1707 4067 'quitur,
1731 4003 1853 4072 quia
1879 4002 2036 4056 nimi-

458 4108 575 4146 vnm
601 4092 646 4147 si
674 4099 858 4146 nostra
887 4091 1237 4160 dispositione
1266 4092 1404 4147 hanc
1449 4093 1641 4146 divina:
1669 4094 1851 4159 gratiae
1878 4094 2038 4162 largi-

454 4192 622 4240 tatem
652 4185 895 4252 accpere
937 4198 1044 4236 non
1075 4183 1367 4246 valeamus,
1399 4191 1574 4236 tamen
1604 4198 1722 4236 eam
1765 4198 2036 4252 nunquam

457 4289 846 4345 promeremur,
878 4272 977 4329 nisi
1004 4273 1225 4327 omnino
1251 4288 1517 4337 curemus,
1549 4282 1607 4325 ut
1630 4281 1685 4326 et
1710 4274 2035 4339 meditando,

456 4375 512 4421 et
536 4364 775 4436 quotidie
807 4363 1050 4431 legendo,
1100 4371 1156 4417 et
1193 4364 1419 4427 orando,
1441 4372 1497 4417 et
1528 4364 1579 4417 in
1612 4364 1675 4418 iis
1704 4380 1820 4432 qua-
1843 4381 2036 4433 possu-

456 4428 573 4512 mus
613 4428 979 4524 spirituali—bus
1025 4451 1352 4508 claritatibus
1403 4428 1765 4507 immorentur.
1816 4428 2036 4511 \lenisse
2067 4428 2117 4487 D

453 4555 635 4601 autem
661 4545 776 4600 dies
805 4545 1031 4609 dicitur,
1081 4553 1138 4598 ut
1180 4560 1410 4613 superna
1449 4545 1684 4612 dignatio
1707 4546 2035 4615 designetur,

453 4637 579 4704 quia
620 4651 742 4690 cum
787 4634 985 4689 electas
1013 4636 1220 4690 animas
1248 4636 1455 4701 visitat,
1505 4652 1610 4689 non
1655 4646 1735 4690 e-t
1775 4636 2039 4694 facultatis

456 4734 678 4790 nostrae,
710 4724 803 4778 sel
839 4725 1093 4779 bonitatis
1120 4740 1250 4779 sure.
1278 4724 1532 4793 Sequitur
1562 4742 1575 4754 ·

528 4814 712 4885 (Vera.
748 4816 782 4867 4
813 4824 868 4869 et
896 4815 988 4884 5.)
1040 4815 1289 4885 Deditque
1328 4814 1651 4879 Pltenennw,
1704 4826 1751 4869 et
1784 4818 1940 4886 ﬁliis,
1989 4828 2039 4872 et

453 4904 664 4975 ﬁliabus
692 4914 882 4975 partes.
914 4906 1077 4959 Anna:
1099 4916 1269 4959 autem
1290 4906 1428 4959 dedit
1448 4916 1644 4975 partem
1670 4923 1825 4960 unam
1851 4909 2033 4975 tristis,

454 4997 575 5068 quia
604 4997 807 5050 Annam
847 4997 1111 5067 diligebat.

529 5084 617 5141 10.
643 5085 760 5140 Filii
782 5101 1011 5155 namque
1034 5086 1333 5143 Phenenna:
1352 5098 1478 5145 sunt
1504 5090 1696 5144 mentis
1716 5106 1882 5146 sacrae
1907 5107 2038 5147 con-

455 5178 573 5233 silia
594 5216 611 5241 ,
638 5192 759 5247 qua:
788 5193 884 5246 per
912 5177 1145 5232 studium
1180 5181 1397 5249 pietatis
1438 5181 1626 5236 activa:
1656 5182 1777 5235 vitae
1813 5183 2036 5238 subcre-

454 5276 635 5323 scunt.
663 5267 763 5335 Qui
800 5268 1048 5323 nimirum
1077 5270 1168 5323 lilii
1198 5285 1318 5325 cum
1346 5282 1516 5327 matre
1543 5282 1722 5342 partes
1745 5273 2033 5343 accipiunt,

456 5376 579 5416 eum
607 5359 828 5415 consilia
855 5360 1069 5430 pietatis
1096 5361 1163 5416 ad
1193 5363 1530 5433 splendorem
1569 5380 1815 5432 superna;
1851 5366 2039 5433 gratias

454 5450 508 5505 in
539 5466 761 5519 operum
789 5451 1051 5505 bonormn
1078 5452 1430 5531 pinguescunt
1454 5453 1759 5510 devotione.
1795 5452 1886 5511 Pia
1920 5465 2034 5511 ete-

529 5656 552 5683 ⁸
586 5648 777 5713 t.ilol.,
811 5666 921 5704 cum
945 5651 1107 5703 amico
1138 5666 1248 5703 suo.

2139 3170 2469 3224 conclusisset
2502 3170 2753 3226 Dominus
2792 3173 2990 3226 vulvam
3019 3171 3150 3241 ejus.

2214 3258 2301 3312 ll.
2323 3259 2404 3312 Ab
2432 3263 2623 3313 scutula
2649 3260 2800 3313 Anna
2829 3258 3233 3328 alliigituncum
3254 3258 3605 3313 immoderata
3638 3258 3726 3311 iu-

2143 3350 2311 3402 tentio
2342 3350 2467 3403 boni
2498 3353 2675 3419 operis
2704 3355 2885 3405 turbat
2918 3367 2989 3420 qu
3013 3360 3155 3406 etem
3202 3359 3427 3404 interna:
3473 3350 3722 3405 visionis.

2142 3439 2424 3509 Allltgitur,
2458 3456 2579 3495 cum
2596 3443 2648 3496 ei
2680 3443 2766 3495 illa
2815 3444 3142 3511 pnnponitur
3169 3457 3287 3510 qua:
3316 3457 3436 3496 esse
3482 3440 3649 3495 nobili
3679 3457 3727 3494 -r

2140 3534 2553 3602 comprobatur,
2604 3544 2659 3588 et
2707 3535 3055 3589 vehementer
3083 3536 3330 3603 angitur,
3370 3534 3495 3603 quia
3536 3534 3727 3588 electa:

2141 3624 2334 3677 mentis
2358 3625 2744 3694 contemplatio
2770 3634 3115 3694 angustatur,
3164 3626 3288 3679 dum
3318 3626 3362 3681 is
3391 3626 3480 3693 qui
3504 3625 3558 3678 in
3586 3639 3725 3678 con-

2139 3716 2489 3786 temptatione
2516 3717 2825 3771 sublimium
2851 3732 2971 3772 esse
3009 3718 3277 3773 desiderat
3302 3732 3421 3771 sese
3450 3718 3502 3771 in
3534 3717 3727 3772 activae

2141 3809 2263 3862 vitae
2293 3810 2546 3878 operibus
2585 3811 2987 3866 immoderatius
3013 3812 3221 3867 dilatat.
3271 3814 3483 3881 Angere
3522 3811 3728 3880 quippe

2140 3902 2403 3970 stringere
2433 3911 2535 3958 est.
2580 3902 2774 3958 Mentis
2804 3907 3002 3973 quippe
3048 3904 3181 3959 visio
3228 3905 3539 3971 stringitur,
3566 3920 3723 3968 cum,

2142 3993 2397 4063 impedita
2420 3996 2865 4064 occupationibus
2880 4012 3121 4066 operum,
3150 3998 3202 4051 in
3227 3998 3314 4052 illa
3336 3999 3560 4051 interna:
3591 3997 3728 4051 lucis

2142 4086 2499 4140 immensitate
2528 4102 2862 4155 nequaquam
2894 4087 3166 4142 dilatatur.
3205 4091 3267 4140 lit
3311 4089 3432 4157 quia
3459 4088 3600 4141 hanc
3626 4102 3726 4142 ve-

2142 4177 2421 4232 hementer
2466 4194 2664 4247 angere
2692 4180 2889 4233 dicitur
2913 4220 2929 4244 ,
2974 4181 3268 4234 notandum
3292 4187 3373 4232 est
3401 4180 3527 4247 quia
3560 4178 3725 4232 etiam

2141 4268 2266 4322 boni
2317 4270 2497 4337 operis
2544 4269 2898 4325 immoderata
2943 4272 3245 4326 sollicitudo
3276 4270 3728 4339 contemplationi

2140 4374 2247 4414 non
2286 4375 2474 4429 parum
2506 4369 2684 4416 nocet.
2736 4360 3026 4417 Phenenna
3072 4364 3271 4432 quippe
3306 4363 3514 4416 Annam
3555 4363 3725 4417 vehe-

2142 4458 2351 4504 menter
2372 4452 2544 4519 angit,
2577 4453 2701 4519 quia
2728 4467 2907 4515 mens,
2940 4454 3063 4505 dum
3100 4453 3284 4507 activae
3308 4455 3431 4505 vitm
3463 4454 3727 4508 immode-

2141 4548 2256 4593 rate
2286 4540 2627 4610 impenditur,
2663 4542 2816 4596 Valde
2836 4541 3055 4597 diflieile
3085 4552 3186 4606 est,
3219 4552 3275 4596 ut
3296 4560 3416 4598 eum
3449 4546 3515 4597 ad
3544 4545 3728 4614 dispo-

2142 4631 2316 4685 nenda
2367 4642 2489 4686 tem
2508 4648 2577 4687 na
2631 4648 2691 4687 sc
2739 4642 2999 4702 occupat,
3059 4634 3111 4687 in
3159 4635 3367 4689 visione
3422 4636 3725 4689 cm‘cstium

2139 4729 2389 4790 potenter
2412 4732 2613 4789 surgat.
2642 4721 2740 4776 Cui
2764 4722 2927 4776 etiam
2949 4722 3097 4776 velut
3117 4723 3282 4777 sterili
3307 4722 3598 4777 Phenenna
3630 4740 3728 4778 ex-

2140 4815 2396 4882 probrat,
2425 4816 2547 4883 quia
2573 4813 2699 4867 dum
2729 4829 2797 4869 ex
2825 4814 2998 4869 activa
3040 4815 3146 4867 vita
3190 4814 3453 4867 ὺοιιοτιιιιι
3495 4830 3726 4883 Operum

2143 4906 2347 4961 fructus
2367 4907 2476 4960 cito
2505 4905 2849 4976 proferimus,
2879 4914 2936 4961 et
2966 4906 3031 4959 ad
3062 4906 3282 4960 interna:
3313 4907 3728 4975 cautemplatin-

2145 5000 2226 5053 nis
2263 4998 2457 5066 gaudia
2510 4998 2663 5051 facile
2698 4998 3002 5067 pertisgere
3046 5013 3150 5052 non
3198 4999 3470 5066 valemus,
3527 4999 3728 5054 sterilis

2143 5092 2243 5146 ista
2273 5091 2530 5153 cernitur,
2554 5089 2679 5144 dum
2702 5089 2866 5145 rudes
2891 5090 2959 5144 de
2978 5090 3091 5157 ejus
3119 5088 3441 5145 fecunditate
3467 5091 3729 5160 despera-

2144 5197 2279 5236 mus.
2312 5181 2444 5234 Dum
2481 5194 2611 5247 ergo
2657 5196 2756 5249 pro
2786 5181 3109 5235 fecunditate.
3151 5179 3498 5237 Phrnennam
3544 5182 3726 5251 diligi-

2144 5287 2284 5339 mus,
2316 5270 2466 5324 Anna
2491 5269 2761 5338 allligi'ur,
2790 5270 3023 5336 angitur,
3041 5277 3096 5324 et
3112 5271 3407 5325 sterilitatis
3430 5273 3726 5344 approbrio

2144 5371 2379 5425 notatur,
2411 5361 2534 5429 quia
2560 5362 2687 5414 dum
2716 5360 2978 5415 bonorum
3000 5361 3273 5416 actionum
3302 5363 3722 5420 sollicitudinem

2146 5469 2252 5509 non
2279 5466 2340 5508 ea
2386 5462 2509 5522 qua
2536 5449 2795 5506 debemus
2835 5448 3160 5508 discretione
3196 5453 3596 5523 re5tringimus,
3628 5470 3721 5523 νιι⁴
