4000 6324
145 355 203 408 51

964 348 1028 406 IN
1073 348 1337 406 PRIMUM
1382 346 1620 404 ΠΕΟ·οΜ
1659 346 2178 411 EXPOSITIONES.
2219 385 2288 396 —
2325 355 2453 412 LIB.
2497 357 2536 415 l.

3322 364 3391 421 58

142 471 339 526 ritatem
385 460 859 532 contemplationis
921 471 1076 520 tanto
1135 465 1292 521 nobis
1347 463 1705 520 difliciliorem
1734 466 1783 524 Δ
1811 461 1930 518 lleli
1961 475 2014 520 et
2045 465 2198 523 Anna
2235 469 2539 538 insinuant;
2583 485 2705 525 nam
2743 485 2865 527 cum
2907 471 2996 527 ille
3037 482 3165 529 ante
3209 483 3395 544 postes

140 561 420 620 reddimus,
450 564 656 625 quanto
719 556 1039 612 nobiliorem
1069 558 1236 612 vitam
1275 556 1558 613 excellenti
1583 565 1698 611 stu-

134 657 214 712 dio
242 665 566 722 nequaquam
609 649 924 704 retinemus.
970 649 1077 705 Sed
1113 651 1238 721 quia
1280 649 1346 704 ad
1388 650 1580 704 altiora
1611 648 1695 704 iu-

135 746 332 802 cboavit
367 740 689 806 ascendere,
731 743 775 796 si
817 741 970 797 fortis
1015 749 1097 797 est
1141 743 1194 797 in
1240 757 1340 797 suo
1391 742 1692 812 proposito,

131 832 417 904 lmjusmodi
445 839 779 886 tentamenta
825 831 1091 896 tolerans,
1122 849 1230 888 non
1263 834 1532 901 desperat.
1561 831 1693 886 Nam

130 927 190 982 ad
225 941 283 980 ea
326 938 442 992 qua:
485 922 654 994 carpit
681 923 786 976 alta
831 924 1309 994 contemplationis
1336 923 1609 987 innititur,
1639 930 1695 976 et

129 1018 188 1072 de
213 1015 427 1073 actionis
449 1014 574 1068 cibo
603 1012 874 1068 consolari
919 1015 1172 1083 chpieit,
1221 1014 1312 1083 qui
1344 1014 1394 1068 in
1417 1014 1530 1068 sola
1557 1027 1692 1066 con-

127 1109 299 1163 ditoris
321 1106 500 1175 specie
526 1103 788 1159 delectari
817 1105 1144 1174 concupivit.
1185 1104 1324 1174 Apte
1358 1103 1541 1172 itaque
1566 1101 1693 1156 sub-

125 1200 292 1254 dilur:

189 1314 360 1385 (Vi-rs.
389 1309 475 1378 7.)
510 1307 681 1363 Porro
713 1308 866 1361 Anna
905 1309 1092 1377 ﬂebat,
1133 1316 1183 1360 et
1222 1323 1325 1360 non
1354 1303 1588 1374 capiebat
1611 1306 1690 1359 ci-
1729 1335 1736 1338 -

125 1405 268 1550 (mini.
296 1493 349 1548 ln
378 1493 502 1548 ﬂetu
529 1494 736 1563 quippe
758 1491 955 1547 ardens
983 1489 1306 1544 desiderium
1337 1488 1529 1543 divinae
1555 1503 1691 1542 con-

66 1551 70 1562 Ι
123 1584 460 1655 tetnplationis
502 1551 843 1646 ostenditur,
882 1581 937 1635 in
985 1579 1367 1650 dedignatione
1406 1593 1534 1632 vero
1583 1576 1690 1632 cibi

122 1689 144 1715 ⁸
169 1678 440 1746 deSpectus
460 1674 665 1728 laetitia:
697 1674 1048 1728 transeuntis.
1077 1670 1228 1727 Mens
1253 1670 1397 1724 enim
1445 1684 1566 1738 quae
1586 1668 1693 1723 fer-

122 1769 347 1821 ventibus
387 1765 672 1820 desideriis
713 1766 921 1819 interna
955 1762 1262 1827 desiderat,
1293 1761 1419 1816 dum
1461 1769 1690 1815 terrena:

120 1861 296 1913 hetitia:
317 1858 744 1912 blandimentum
775 1855 1001 1923 respuit,
1025 1853 1149 1908 dum
1170 1852 1490 1906 instantibus
1515 1850 1682 1921 gemi-
1714 1835 1763 1895 Β

122 1951 247 2004 tibus
279 1947 479 2004 infundi
513 1947 619 2004 sibi
641 1961 890 2018 superna:
919 1945 1052 2000 lucis
1071 1943 1437 1999 arntenitatem
1461 1943 1683 2011 expetit,

118 2041 198 2096 tlet
224 2042 415 2110 utique,
440 2050 496 2095 et
516 2039 702 2094 cibum
731 2054 836 2093 non
868 2037 1031 2106 capit.
1068 2035 1220 2090 Hunc
1245 2049 1478 2103 namque
1506 2033 1684 2087 cibum

116 2130 411 2190 fastidiebat.
445 2130 537 2198 qui
570 2128 790 2183 dicebat
821 2145 834 2181 :
867 2127 1051 2181 [lenuit
1079 2126 1337 2180 consolari
1365 2127 1542 2178 anima
1571 2140 1686 2178 mea

117 2219 270 2286 (Psal.
321 2235 510 2284 um,
537 2217 618 2290 3).
649 2219 755 2274 Sed
802 2219 894 2287 qui
934 2218 1110 2273 cibum
1153 2218 1330 2272 sola'ii
1379 2231 1573 2286 capere
1618 2215 1686 2271 de

115 2310 487 2364 oblectamento
556 2325 742 2364 rerum
799 2308 1136 2363 conditarum
1191 2307 1511 2374 dedignatus
1565 2314 1680 2372 est,

111 2399 277 2468 epulas
303 2398 621 2454 deliciarum
671 2414 926 2464 suarum,
957 2399 1082 2467 quia
1133 2398 1187 2452 in
1235 2398 1352 2452 sile
1398 2396 1684 2452 conditore

114 2492 385 2558 invenerit,
407 2491 540 2546 dicit
573 2510 586 2544 :
619 2489 822 2545 Memor
863 2491 938 2561 fui
970 2489 1110 2554 Dei,
1154 2498 1204 2544 et
1238 2491 1518 2558 delectatus
1569 2504 1684 2542 sum

112 2582 280 2654 (Ibid,
307 2584 382 2653 4).
411 2583 492 2637 Ad
518 2584 625 2638 has
651 2583 894 2653 profecto
923 2581 1111 2651 epulas
1139 2580 1354 2635 llentem
1400 2579 1685 2648 coniugem

111 2679 418 2741 hortabatur,
445 2693 571 2732 cum
600 2677 810 2731 diceret
836 2693 849 2728 :
883 2672 1057 2739 Quare
1083 2675 1243 2729 tris'is
1264 2691 1318 2728 es
1337 2676 1514 2728 anima
1544 2690 1681 2742 mea,

111 2780 154 2824 et
177 2786 322 2840 quare
348 2767 630 2823 conturbas
674 2766 791 2820 me?
827 2766 994 2837 Spera
1031 2767 1085 2819 in
1119 2763 1249 2826 Deo,
1301 2765 1545 2836 quoniam
1573 2765 1675 2833 37

111 2860 260 2910 adhuc
279 2855 557 2927 confitebar
586 2857 690 2920 illi,
721 2861 950 2909 salutare
978 2855 1142 2908 vultus
1171 2855 1270 2908 mei
1300 2864 1350 2907 et
1383 2853 1518 2908 Deus
1539 2869 1681 2906 mens

113 2950 267 3016 (Psal.
299 2964 418 3013 nn,
452 2946 527 3018 5).
577 2946 710 3013 Quae
740 2947 988 3000 nimirum
1016 2943 1321 2999 exhortatio
1353 2943 1438 2997 hic
1467 2957 1681 3010 quoque

110 3039 443 3107 cognoscitur,
472 3038 605 3107 quia
635 3054 664 3090 a
695 3037 808 3092 Viro
837 3051 934 3092 suo
976 3052 1072 3090 cur
1101 3034 1246 3097 lleat,
1293 3043 1347 3088 et
1375 3048 1542 3102 quare
1573 3049 1678 3087 non

111 3130 353 3196 comedat,
377 3137 431 3182 et
449 3127 714 3182 afﬂictum
741 3142 838 3182 cor
865 3126 1078 3192 habe-.t,
1104 3126 1482 3193 interrogatur.
1515 3122 1676 3188 Quasi

1801 556 1984 626 templi
2010 557 2224 614 Domini
2256 561 2504 626 sederet,
2536 571 2592 617 et
2621 562 2770 616 Anna
2801 571 3016 629 oraret,
3045 578 3106 618 os
3129 562 3244 632 ejus
3275 563 3390 618 lleli

1798 647 2120 714 observavit,
2161 659 2218 706 et
2257 667 2378 706 eam
2420 652 2624 707 ebriam
2666 646 2897 710 vocavit.
2945 653 3052 708 Sed
3097 654 3229 720 hate,
3269 669 3389 722 quas

1797 745 2019 814 injurias
2043 746 2311 816 patienter
2336 747 2604 809 sustinuit,
2632 746 2986 801 humilitatem
3014 747 3258 817 responsi
3289 763 3384 802 cx-

1798 834 2103 889 h'ibuitcum
2131 836 2358 889 veritate
2383 835 2626 890 rationis.
2653 835 2912 890 Ancillam
2940 849 2998 890 se
3021 834 3137 903 ejus
3157 837 3388 889 asseruit

1794 940 1860 980 ex
1891 927 2059 980 multo
2084 925 2272 982 dolore
2299 934 2356 980 et
2385 940 2616 981 maerore
2647 925 2812 994 loqui,
2847 934 2904 979 et
2933 925 3198 979 furentem
3236 925 3288 978 in
3326 940 3388 981 se

1795 1017 2052 1080 animum,
2084 1031 2190 1071 non
2237 1016 2409 1070 solum
2449 1015 2676 1077 sedavit,
2718 1017 2811 1069 sed
2848 1015 3010 1068 etiam
3059 1031 3158 1083 pro
3199 1030 3387 1070 conse-

1796 1107 2012 1177 quendo
2041 1107 2216 1161 fructu
2246 1107 2328 1162 sui
2358 1105 2611 1161 desiderii
2653 1106 2720 1160 ad
2749 1106 3047 1160 orationem
3094 1107 3382 1160 convertit.

1816 1251 1828 1260 ο
1868 1218 1956 1273 ll.
1988 1219 2092 1273 Sed
2127 1220 2251 1289 quia
2299 1221 2413 1274 hzec
2459 1218 2644 1274 ultima
2693 1218 2760 1272 ad
2807 1218 3084 1273 historiam
3131 1217 3386 1280 diximus.

1795 1325 1902 1364 non
1934 1312 2001 1365 ab
2032 1327 2091 1365 re
2117 1313 2324 1380 agimus
2352 1311 2395 1366 si
2428 1311 2480 1365 in
2500 1311 2583 1366 his
2609 1310 3034 1366 sacrzehistoriac
3053 1309 3230 1364 verbis
3259 1325 3386 1364 eru-

1795 1401 2058 1457 ditionem
2106 1418 2176 1457 no
2207 1411 2343 1456 tram
2399 1402 2559 1471 paulo
2614 1402 2862 1456 subtilius
2918 1401 3276 1470 requiramus.
3328 1400 3387 1455 Si

1792 1505 1922 1562 ergo
1959 1508 2138 1549 rerum
2175 1495 2309 1549 ordo
2348 1494 2656 1563 requiritur,
2711 1495 2859 1564 prius
2905 1494 3274 1556 manducavit,
3322 1501 3387 1547 et

1794 1585 1947 1650 bibit,
1973 1585 2169 1641 dehinc
2197 1601 2437 1639 amarum
2483 1587 2720 1640 animum
2764 1586 2966 1647 habuit,
2998 1587 3172 1640 oravit
3202 1586 3382 1640 Domi-

1794 1693 1923 1731 num
1972 1676 2104 1732 llens
2147 1678 2384 1746 largiter,
2418 1687 2606 1746 postea
2659 1686 2844 1730 votum
2890 1677 3055 1744 vovit,
3098 1685 3152 1729 et
3198 1692 3385 1745 preces

1794 1767 2187 1837 multiplicavit.
2221 1765 2358 1832 Quid
2388 1766 2764 1835 multiplicatio
2790 1780 3008 1834 precum
3041 1766 3238 1828 Annze,
3283 1765 3383 1818 nisi

1791 1861 1936 1916 illam
1963 1861 2255 1914 electorum
2283 1858 2667 1928 perfectionem
2698 1856 2980 1927 significat,
3006 1856 3072 1910 ad
3094 1871 3252 1924 quam
3283 1872 3384 1910 nos

1792 1953 1994 2008 Doctor
2021 1953 2268 2020 egregius
2296 1952 2564 2013 hortatur,
2593 1950 2775 2004 dicens
2807 1967 2819 2003 :
2846 1948 2974 2003 Sine
3002 1947 3381 2002 intermissione

1790 2053 1934 2099 orate
1969 2043 2021 2114 (1
2056 2042 2233 2096 Thess.
2265 2059 2320 2105 v,
2365 2041 2482 2110 l7)?
2519 2041 2648 2096 Sine
2697 2041 3092 2095 intermissione
3142 2053 3376 2106 namque

1789 2149 1946 2190 Orare
1990 2135 2091 2189 nisi
2139 2134 2412 2203 perlectus
2457 2133 2540 2186 vir
2585 2140 2799 2202 potest;
2854 2147 3012 2186 orare
3066 2131 3207 2185 enim
3265 2130 3382 2184 sine

1788 2224 2184 2278 intermissione
2211 2231 2294 2278 est
2335 2239 2433 2292 per
2469 2222 2718 2278 allectum
2749 2221 3154 2291 supplicationis
3182 2219 3378 2272 condi-

1788 2314 1892 2368 tori
1947 2329 2164 2383 semper
2227 2313 2498 2368 assistere.
2560 2311 2661 2378 Qui
2727 2320 2906 2366 autem
2962 2309 3380 2380 imper-lectionis

1787 2404 1962 2458 adhuc
1992 2401 2305 2458 inﬁrmitate
2349 2402 2688 2472 deprimitur,
2729 2416 2796 2456 eo
2833 2402 2950 2456 sine
2982 2400 3379 2455 intermissione

1787 2493 2070 2547 Dominum
2092 2509 2198 2548 non
2225 2492 2493 2558 obsecrat,
2521 2491 2662 2560 quod
2694 2491 2746 2544 in
2775 2491 2892 2560 ipso
2922 2491 3082 2544 ctiam
3112 2488 3377 2543 orationis

1787 2593 2032 2654 tempore
2067 2600 2097 2638 a
2127 2593 2418 2654 conspectu
2444 2584 2558 2652 ejus
2585 2584 2780 2638 mentis
2807 2583 3035 2637 elabitur
3063 2581 3373 2650 vagatione.

1787 2675 1931 2731 Bene
1977 2684 2158 2730 autem
2198 2685 2325 2730 ante
2373 2690 2592 2746 precum
2643 2674 3143 2744 multiplicationem
3191 2681 3376 2726 votum

1781 2771 1999 2823 vovisse
2023 2776 2207 2822 sancta
2238 2767 2430 2820 mulier
2448 2767 2661 2831 dicitur,
2685 2765 2809 2836 quia
2835 2764 2936 2819 nisi
2965 2763 3086 2834 quis
3114 2778 3172 2818 sc
3204 2770 3374 2816 totum

1783 2860 2016 2916 caelitem
2046 2874 2143 2928 per
2188 2858 2447 2928 propositi
2487 2857 2719 2926 rigorem
2759 2855 3034 2920 exhibeat,
3071 2869 3138 2907 eo
3184 2853 3378 2922 smpius

1782 2953 1850 3006 ab
1894 2950 2090 3005 atl'ectu
2137 2949 2539 3019 supplicatiOnis
2589 2947 2854 3012 educitur,
2910 2960 3020 3014 quo
3069 2943 3372 2998 mobilitate

1782 3041 1977 3097 mentis
2034 3041 2086 3095 in
2135 3054 2323 3110 gyrum
2373 3037 2652 3094 mundana:
2688 3033 3004 3088 intentionis
3031 3033 3287 3096 vertitur,
3322 3039 3376 3084 et

1783 3135 1836 3188 in
1903 3140 2199 3202 conspectu
2273 3129 2481 3183 Domini
2531 3143 2628 3198 per
2667 3126 2862 3180 fortem
2908 3123 3207 3178 custodiam
3263 3137 3369 3175 non

109 3219 391 3272 dicatztlur
407 3220 476 3273 de
504 3234 619 3273 non
648 3217 827 3272 habita
853 3215 1322 3286 contemplationis
1350 3215 1679 3284 perleclione
1708 3217 1753 3278 C
1788 3234 2023 3280 ιειιειυτ,
2064 3223 2169 3279 ςεά
2215 3221 2444 3293 spiritali
2488 3218 2765 3289 proposito
2810 3231 2930 3270 sese
2975 3229 3172 3268 vovere
3214 3211 3372 3266 electi

112 3307 446 3376 eo:.tristaris,
494 3324 662 3376 quam
691 3307 737 3362 si
775 3308 920 3362 rudis
967 3324 1072 3361 non
1103 3307 1340 3368 obtines,
1391 3305 1679 3375 proliciens

108 3399 384 3454 obtinebis?
411 3399 567 3456 Unde
598 3409 655 3454 et
679 3415 799 3469 qua:
828 3399 1025 3455 alllicta
1070 3401 1138 3454 ab
1163 3400 1350 3454 :Blnttll
1393 3399 1678 3454 comedere

109 3490 273 3554 noluit,
297 3506 326 3544 a
356 3492 468 3545 viro
493 3492 782 3546 cohortata
814 3492 1184 3556 manducavit;
1230 3492 1351 3560 quia
1381 3507 1500 3561 qua:
1529 3491 1555 3530 ι’
1585 3507 1669 3546 sa-

109 3581 224 3636 niori
250 3581 469 3637 εωεὶιίυ
502 3583 612 3636 ima
641 3582 886 3652 despicit,
937 3583 1319 3650 perfectionem
1345 3583 1675 3652 contempla-

107 3672 245 3726 tionis
272 3673 428 3727 habet
457 3673 512 3726 in
541 3687 671 3743 spe,
712 3687 872 3742 quam
919 3674 1157 3744 nondum
1189 3673 1350 3727 habet
1392 3674 1444 3727 in
1480 3673 1678 3727 virtute

106 3765 444 3834 experientiae.
474 3763 620 3819 Fere
667 3765 812 3819 enim
840 3764 1108 3820 deficienti
1149 3775 1204 3820 et
1248 3767 1496 3836 collapsre
1544 3782 1675 3820 con-

108 3857 406 3926 tetnplationi
436 3859 556 3928 spei
579 3866 856 3912 renovata:
883 3859 1132 3926 gaudium
1161 3859 1311 3914 cibus
1342 3868 1441 3914 est.
1469 3859 1549 3912 Ad
1577 3859 1674 3912 viri

105 3961 214 4015 ergo
236 3950 310 4003 sui
344 3965 534 4004 vocem
573 3950 729 4002 Anna
759 3950 1024 4016 relicilur,
1052 3966 1172 4006 cum
1204 3951 1676 4021 contemplationis

107 4036 306 4094 intemio
324 4055 596 4094 concussa
621 4055 720 4109 per
741 4029 1089 4095 tentationem
1111 4041 1178 4096 ab
1203 4056 1267 4101 to
1287 4042 1377 4110 qui
1414 4057 1471 4094 se
1493 4057 1675 4096 amare

103 4140 312 4199 auperat
331 4129 396 4184 ad
423 4146 584 4200 spem
609 4130 694 4186 sui
726 4130 995 4198 profectus
1015 4131 1300 4185 excitatur.
1335 4128 1486 4184 Unde
1523 4145 1672 4184 sum-

107 4222 307 4287 ptocibo
326 4222 595 4289 surrexit,
612 4221 970 4288 omnipotenti
996 4223 1103 4276 Deo
1125 4237 1314 4292 preces
1332 4223 1483 4288 ludit,
1507 4233 1674 4290 atque

106 4312 145 4365 ei
164 4328 334 4370 sexum
366 4315 608 4382 virilem,
635 4313 680 4368 si
710 4313 849 4367 hunc
877 4316 943 4370 ab
970 4330 1038 4370 eo
1067 4317 1314 4386 accipere
1351 4327 1670 4383 mereretur,

104 4405 246 4459 vovit.

167 4495 241 4551 15.
289 4498 485 4555 Natum
542 4501 715 4557 lilium
771 4503 1128 4571 omnipotenti
1176 4501 1288 4558 Deo
1334 4511 1529 4571 vovet,
1576 4503 1669 4571 qui

1784 3333 1936 3371 incns
1963 3314 2273 3370 «mlestibus
2298 3311 2504 3382 gaudiis
2533 3309 2755 3381 poterit,
2782 3308 2827 3362 si
2857 3307 3076 3376 largiter
3104 3304 3232 3359 ﬂere
3257 3304 3371 3372 jam

1747 3434 1756 3447 -
1783 3411 1961 3472 novit,
1992 3406 2038 3462 si
2085 3404 2304 3460 ﬂetuum
2333 3403 2578 3470 largitate
2607 3415 2854 3470 superna:
2881 3396 3179 3453 dulcedinis
3207 3410 3370 3465 sapo-

1781 3515 1893 3554 rem
1919 3507 2134 3568 gustare
2152 3497 2262 3565 jam
2285 3495 2488 3559 didicit,
2520 3502 2705 3562 atque,
2727 3492 2780 3546 in
2801 3491 2939 3544 illius
2961 3489 3184 3543 interna:
3203 3488 3375 3541 refec-

1782 3592 1942 3646 tionis
1971 3606 2079 3643 suae
2117 3588 2309 3657 gaudio
2355 3588 2464 3657 38
2511 3593 2797 3653 occupata,
2845 3580 3113 3651 respii‘ere
3162 3585 3374 3631 terrena

1779 3683 1983 3737 fastidit
2036 3680 2098 3749 A;
2117 3688 2234 3734 cite
2263 3679 2312 3746 ig
2335 3687 2419 3731 tur
2446 3685 2569 3730 ante
2595 3685 2777 3728 votum
2808 3687 2962 3726 suum
3005 3669 3217 3723 ﬂevisse
3259 3667 3368 3720 Iar-

1779 3775 1918 3842 giter
1943 3772 2095 3826 Anna
2124 3770 2466 3833 describitur,
2492 3766 2617 3834 quia
2649 3773 2815 3818 totum
2838 3776 2958 3816 sese
2978 3761 3096 3828 quis
3116 3757 3370 3813 exhibere

1778 3866 1856 3921 sic
1887 3865 2139 3927 (adit-1n,
2173 3870 2383 3916 terrena
2410 3857 2778 3913 obliviscendo
2799 3896 2815 3922 ,
2847 3870 2952 3908 non
2985 3851 3213 3921 poterit,
3244 3848 3369 3913 ni-i,

1783 3953 1990 4023 magnis
2033 3966 2293 4006 accensus
2346 3949 2588 4011 lletibus,
2639 3946 2691 4000 in
2730 3953 2957 3998 mortuae
3003 3941 3115 4008 jam
3171 3941 3370 3991 munlo

1776 4043 1972 4099 mentis
1998 4041 2193 4096 solatio
2221 4036 2594 4094 delectationis
2623 4035 2822 4089 intima:
2851 4034 3094 4101 recipere
3121 4029 3362 4084 suavita-

1778 4147 1882 4191 tem
1914 4134 2080 4189 novit.
2107 4131 2172 4186 Et
2200 4133 2326 4202 quia
2353 4132 2403 4184 in
2434 4120 2628 4198 gaudio
2657 4129 2849 4181 anima:
2879 4126 2979 4178 hoc
3009 4123 3366 4190 lacrimarum

1773 4227 2026 4282 solatium
2067 4239 2173 4279 non
2211 4223 2486 4291 recipitur,
2525 4220 2571 4297 si
2619 4234 2679 4273 se
2716 4217 2861 4287 prius
2911 4231 3015 4268 non
3059 4211 3227 4265 allicit
3273 4225 3371 4279 per

1774 4315 2191 4371 amaritudinem
2231 4311 2682 4382 compunctionis,
2724 4318 2779 4362 et
2814 4307 2900 4376 qui
2923 4304 3068 4375 ’quid
3107 4303 3158 4357 in
3201 4317 3260 4356 se
3301 4300 3370 4355 de

1775 4407 1973 4461 labenti
2010 4405 2144 4458 vivit
2172 4403 2357 4457 hutitia
2387 4401 2618 4455 salubris
2660 4397 2888 4452 tristitia:
2932 4393 3162 4463 pugione
3190 4400 3365 4444 trans-

1777 4497 1904 4570 ﬁgit.
1947 4499 2100 4552 Anna
2139 4511 2326 4549 amaro
2360 4493 2538 4549 animo
2576 4501 2701 4546 ante
2741 4487 2952 4544 ﬂevisse
2982 4485 3150 4539 relata
3179 4489 3283 4546 est,
3314 4489 3370 4534 ct

104 4587 322 4653 gaudium
344 4593 835 4661 contemplationis
864 4592 930 4646 ad
960 4592 1188 4649 lructum
1215 4593 1410 4650 mentis
1434 4594 1669 4664 expetit,
1705 4587 1750 4643 Ι)
1775 4596 1852 4652 sic
1881 4595 2100 4662 largiter
2128 4591 2255 4646 llere
2287 4591 2544 4660 potuisse.
2589 4585 2741 4653 Quod
2782 4585 2916 4638 bene
2947 4580 3202 4634 Salomon
3235 4575 3366 4629 insi-

105 4690 195 4729 non
236 4677 300 4732 ad
339 4680 591 4738 favorem
635 4684 905 4740 vanitatis.
933 4684 1040 4740 Sed
1082 4687 1220 4741 bene
1264 4687 1569 4756 petentibus
1612 4687 1666 4742 in

101 4772 553 4838 contemplationis
591 4773 860 4829 desiderio
899 4776 1144 4831 carnales
1182 4778 1452 4846 praepositi
1489 4779 1668 4834 obsis-

105 4863 201 4910 tere
226 4860 575 4918 vehementer
614 4864 820 4928 solent;
871 4881 938 4921 eo
984 4866 1185 4936 quippe
1232 4868 1464 4937 ineptius
1509 4883 1669 4936 agere

101 4953 422 5009 secretiorem
450 4956 626 5010 vitam
652 4967 972 5028 appetentes
1011 4961 1268 5029 cogitant.
1299 4976 1406 5029 quo
1436 4962 1534 5033 ipsi
1559 4963 1665 5016 vim

101 5036 302 5096 interere
351 5045 660 5103 dulcedinis
717 5049 985 5118 ignorant.
1037 5049 1137 5117 Qui
1181 5052 1226 5106 si
1277 5052 1562 5120 aliquando
1615 5052 1667 5106 in

99 5129 343 5195 spiritales
371 5137 632 5194 subditos
668 5155 804 5196 voce
831 5156 1036 5212 aspera:
1065 5142 1384 5198 invectionis
1421 5143 1667 5206 saeviunt,

98 5217 156 5270 ab
180 5219 252 5274 eis
286 5223 591 5282 humillima
623 5230 835 5286 ratione
864 5231 1083 5286 sedandi
1113 5239 1255 5285 sunt.
1282 5231 1412 5286 Nam
1435 5234 1477 5286 si
1503 5247 1563 5287 se
1591 5232 1668 5287 ir-

100 5309 468 5373 rationabiliter
496 5328 696 5375 contra
711 5330 1088 5390 recteageutes
1103 5322 1339 5391 erigunt,
1354 5324 1665 5379 reverentia

100 5403 365 5467 superioris
403 5408 622 5464 ordinis
651 5411 816 5478 exigit
860 5420 918 5464 ut
965 5421 1092 5467 tunc
1140 5412 1494 5479 honorentur,
1543 5429 1666 5470 cum

100 5492 291 5548 modum
325 5498 558 5553 rationis
615 5501 902 5556 excedunt.
945 5501 1091 5568 Quos
1134 5517 1266 5558 sane
1314 5511 1570 5574 utrosque
1612 5511 1670 5560 et

98 5584 315 5642 carnales
336 5590 558 5644 scilicet
579 5591 851 5662 praelatos,
878 5602 933 5648 et
950 5595 1220 5664 spiritales
1241 5595 1502 5661 subiitos,
1529 5595 1670 5652 bene

160 5783 180 5809 ⁸
213 5775 304 5832 ΔΙιί
332 5777 478 5836 Ειιξιὶ
503 5821 520 5848 ,
557 5780 869 5854 despectura.

1775 4695 1926 4754 nuat,
1969 4686 2152 4740 dicens
2185 4681 2348 4750 :Cor,
2391 4680 2528 4754 quad
2564 4680 2703 4732 novit
2735 4672 3131 4730 amaritudinem
3178 4668 3365 4719 animm

1774 4794 1898 4839 sum,
1930 4778 1984 4830 in
2007 4775 2195 4846 gaudio
2217 4775 2328 4845 ejus
2351 4789 2453 4826 non
2478 4771 2716 4824 miscetur
2741 4775 3014 4819 extraneas
3043 4757 3226 4827 (Prov.
3252 4769 3361 4819 XIV,

1781 4865 1886 4936 l0).
1921 4864 2219 4919 Extraneus
2247 4862 2447 4932 quippe
2477 4869 2560 4914 est
2600 4857 2690 4926 qui
2720 4856 2893 4908 adhuc
2921 4852 2987 4904 de
3023 4848 3176 4903 honi~
3205 4854 3360 4899 cxte-

1772 4935 2001 5012 rioribns
2031 4954 2380 5008 intentionem
2408 4946 2781 5005 delectationis
2802 4943 2985 4997 habet.
3009 4939 3107 5006 Qui
3135 4945 3281 4992 certe
3310 4935 3360 4990 in

1771 5046 1967 5116 gaudio
1990 5043 2263 5099 amaricati
2287 5041 2462 5096 cordis
2488 5055 2595 5093 non
2619 5037 2892 5104 recipitur,
2914 5032 3033 5099 quia
3059 5046 3163 5084 non
3187 5035 3366 5099 potest

1774 5139 2012 5208 experiri
2035 5151 2158 5205 qua:
2180 5136 2250 5189 sit
2277 5135 2484 5186 interna
2509 5128 2710 5194 laetitia,
2731 5126 2830 5182 nisi
2857 5125 2945 5195 qui
2970 5121 3204 5194 perfecte
3233 5134 3366 5173 con-

1775 5242 2014 5288 temnere
2037 5230 2362 5285 exteriorem
2389 5231 2564 5280 curat.
2595 5223 2700 5277 Sed
2728 5219 3022 5275 notandum
3044 5214 3217 5269 adhuc
3238 5211 3363 5281 quia

1727 5345 1736 5360 ··
1775 5333 1900 5379 ante
1945 5323 2047 5376 ista
2085 5319 2264 5375 omnia
2311 5317 2608 5373 surrexisse
2651 5312 2817 5367 relata
2862 5317 2946 5365 est
2983 5317 3038 5363 et
3075 5313 3362 5372 antequam

1775 5421 2038 5481 surgeret,
2071 5407 2374 5465 comedisse
2402 5414 2458 5459 et
2487 5405 2702 5459 bibisse.
2735 5401 2866 5468 Quis
2893 5408 2978 5455 est
3000 5397 3152 5452 cibus
3176 5394 3362 5447 electa:

1780 5503 2000 5563 animm,
2036 5499 2135 5553 nisi
2171 5498 2321 5565 justa
2361 5496 2604 5550 veritatis
2645 5508 2834 5548 vocem
2885 5507 2899 5544 :
2945 5488 3110 5542 Omne
3156 5482 3360 5539 uerbum

1778 5595 1912 5668 quod
1941 5591 2168 5664 procedit
2195 5591 2258 5644 de
2286 5606 2376 5643 ore
2407 5587 2499 5641 Dei
2530 5585 2705 5657 (Matt.
2733 5601 2806 5649 tv,
2834 5582 2930 5653 4)?
2957 5589 3013 5637 et
3040 5575 3171 5650 quid
3199 5585 3281 5630 est
3310 5571 3358 5626 ei

1845 5786 1870 5826 δ
1901 5786 2000 5842 Alii
2032 5787 2202 5857 Editi,
2245 5787 2462 5842 senioris
2494 5784 2708 5842 consilio
2753 5786 2855 5838 ima
2901 5782 3138 5854 despicit.
