4000 6290
572 358 638 412 ω
1768 323 2011 383 sane“
2051 316 2378 377 GltELUltll
2421 313 2630 370 MAGNI
3772 306 3832 351 ﬁn

570 478 814 533 surgere,
846 460 946 515 nisi
974 474 1035 513 se
1076 455 1143 510 ad
1182 461 1378 508 statum
1417 460 1663 517 superna:
1699 438 2012 498 intentionis
2050 434 2155 490 eri-
2183 438 2233 494 Α
2260 446 2409 483 suam
2459 443 2576 482 esse
2617 424 2982 479 indubitanter
3022 419 3222 482 credit,
3254 433 3406 472 suam
3447 429 3683 482 namque
3718 414 3843 470 hanc

2048 529 2058 533 -
2297 522 2307 533 ο
2352 522 2379 533 -Α
2430 531 2438 533 μ
2752 520 3033 533 4...,A__-_.-n
3095 510 3178 533 ...Α
3212 508 3416 533 .ιξ..,.ι...ο
3455 525 3465 533 .
3508 505 3708 533 οηέκιηρ
3737 510 3841 533 ι..ιὲ-

572 558 733 627 gere‘!
782 554 923 607 Ante
970 561 1100 617 ergo
1149 541 1469 600 surrexisse.
1525 551 1688 609 quant
1740 547 1928 588 amaro
1974 529 2154 583 animo

576 625 738 704 fuisse
767 646 994 708 dicitur,
1023 650 1079 696 et
1107 646 1393 706 antequam
1422 638 1667 699 surgeret
1712 625 2065 681 manducasse
2102 630 2159 674 rt

578 744 796 807 bibisse,
827 738 951 807 quia
974 737 1144 791 electa
1167 732 1341 787 anima
1370 728 1437 782 de
1465 738 1704 781 mrumna
1733 721 1855 775 vita:
1884 715 2161 790 praesentis

579 833 765 887 dolere
792 806 900 883 nou
932 825 1155 895 poterit,
1188 821 1233 875 si
1263 834 1383 875 sese
1410 816 1477 871 ad
1506 816 1594 869 illa
1622 828 1742 882 qua:
1772 811 1823 865 in
1854 806 2161 863 ctelcslibus

580 920 817 994 perdidit
847 934 953 972 non
979 913 1253 975 extendit;
1286 919 1342 964 et
1368 923 1425 963 se
1451 906 1516 960 ad
1547 905 1635 958 illa
1663 915 1872 958 summa
1902 914 2009 952 non
2049 896 2162 951 ele-

583 990 701 1081 vat,
731 1013 776 1068 si
804 1027 836 1066 a
865 1009 1154 1078 Scriptura:
1190 1018 1359 1060 saera:
1387 999 1584 1071 pabulo
1604 996 1833 1066 jejunat.
1880 990 1949 1046 Ut
1975 1003 2162 1056 surga-

586 1128 700 1167 mus
722 1122 879 1175 ergo,
910 1100 1297 1157 manducamus
1324 1102 1377 1148 et
1407 1092 1669 1155 bibimus,
1699 1087 1823 1157 quia
1854 1093 1964 1137 tum
1995 1082 2059 1135 ad
2088 1081 2163 1133 al-

594 1202 870 1260 titudiuem
909 1192 1124 1263 superni
1168 1185 1367 1242 amoris
1415 1182 1695 1252 erigimur,
1728 1194 1847 1232 cum
1879 1175 2165 1243 Scriptune

583 1303 753 1344 sacra:
781 1282 1055 1354 profundis
1095 1288 1152 1334 et
1190 1275 1517 1346 planioribus
1542 1271 1788 1326 sensibus
1830 1268 2163 1321 roboramur.

586 1376 787 1430 Dehinc
805 1375 848 1426 si
870 1384 1168 1441 surgamus,
1196 1362 1601 1420 amaritudinem
1624 1359 1802 1414 cordis
1822 1355 2165 1425 acquirimus,

586 1463 710 1531 quia
741 1464 865 1515 dum
894 1463 944 1513 in
991 1473 1223 1529 superna
1262 1471 1357 1525 per
1403 1468 1642 1507 amorem
1674 1450 1927 1514 ferimur,
1970 1462 2087 1515 qure
2117 1446 2169 1499 iu

585 1554 696 1608 imo
717 1560 840 1605 sunt
867 1564 976 1603 non
1007 1546 1162 1601 nobis
1186 1544 1426 1615 pnnbeut
1455 1539 1818 1596 blandimenta
1848 1537 2057 1608 gaudii,
2076 1535 2172 1591 Sed

586 1647 931 1716 asperitatem
952 1640 1274 1698 afflictionis.
1300 1638 1404 1693 Sed
1433 1637 1653 1706 jam.ah
1693 1649 1879 1689 amaro
1902 1634 2080 1687 animo
2109 1631 2174 1685 ad

586 1740 809 1792 fletuum
840 1736 1036 1789 fluenta
1064 1730 1502 1793 conscendinus,
1535 1726 1656 1795 quia
1682 1741 1803 1778 cum
1832 1723 1945 1792 jugi
1975 1722 2172 1776 valida-

588 1844 693 1894 que
719 1823 1136 1893 cmupunctioue
1164 1817 1551 1885 transligimur,
1583 1830 1645 1867 ea
1678 1813 1815 1866 mala
1842 1827 1963 1881 qum
1987 1811 2039 1864 in
2071 1810 2172 1863 hac
2207 1793 2247 1848 Β

590 1920 728 1973 Valle
750 1918 1105 1986 lacrymarum
1135 1909 1476 1973 incurrimus,
1500 1915 1553 1960 et
1572 1904 1744 1958 futura
1765 1918 1883 1972 quae
1903 1902 2171 1961 timemus,

590 2023 646 2066 t-t
672 2020 873 2066 acterna
906 2008 1045 2062 bona
1071 2019 1189 2073 quae
1214 2002 1487 2056 amisimus
1509 2040 1523 2065 ,
1561 1997 1690 2052 flere
1720 1996 1990 2065 copiosius
2030 1994 2176 2045 valc-

594 2120 733 2159 mus.
783 2100 921 2155 llinc
970 2113 1099 2153 vero
1141 2095 1211 2149 ad
1253 2091 1619 2148 vovendorum
1667 2095 1917 2141 votorum
1968 2090 2177 2137 secreta

592 2194 961 2267 procedimus,
986 2190 1113 2259 quia
1133 2188 1260 2242 dum
1303 2186 1370 2240 ab
1400 2181 1545 2238 omni
1574 2179 1720 2249 quod
1768 2178 1898 2231 foris
1925 2176 2054 2230 libet
2084 2172 2180 2228 flc-

595 2266 745 2340 tuum
778 2299 875 2337 nos
903 2282 1122 2349 largitas
1150 2276 1364 2347 sepelit,
1394 2273 1541 2328 velut
1569 2279 1710 2324 totos
1730 2268 1950 2324 effectos
1972 2266 2181 2321 caelites

595 2374 843 2445 supernis
871 2370 1148 2426 obtutibus
1176 2364 1445 2432 ostendit,
1475 2370 1529 2416 et
1554 2370 1677 2414 vota
1709 2372 1962 2412 vovetnus
1990 2357 2183 2425 quibus

596 2464 674 2518 sic
698 2471 900 2517 teterna
926 2462 1067 2515 bona
1096 2458 1339 2527 placent,
1390 2461 1449 2507 ut
1496 2467 1649 2506 meus
1697 2458 1880 2503 nostra
1913 2464 2009 2517 per
2039 2447 2182 2501 nulla

600 2567 812 2610 terrena
840 2560 1003 2621 atque
1028 2547 1264 2605 carnalia
1302 2561 1363 2601 sc
1389 2544 1649 2612 inquinet.
1685 2541 1887 2595 Dehirc
1915 2538 2185 2608 profectus

603 2656 811 2700 nostros
836 2658 1054 2714 precum
1097 2637 1470 2708 multiplicatio
1511 2634 1783 2702 sequitur,
1832 2631 1955 2700 quia
1987 2646 2053 2685 eo
2073 2629 2184 2698 jam

602 2736 883 2798 libentius,
923 2732 1117 2802 saepius
1145 2743 1200 2785 et
1228 2729 1514 2783 instantius
1540 2733 1739 2780 mterua
1770 2721 1975 2778 orando
1997 2721 2188 2789 quaeri-

600 2843 753 2891 mus,
780 2840 887 2894 quo
932 2824 985 2877 in
1016 2823 1133 2878 solo
1164 2819 1467 2874 futurorqu
1499 2818 1761 2872 bonorum
1791 2813 1985 2868 solatio
2015 2812 2185 2879 respi-

601 2930 802 2969 ramus.
836 2913 991 2967 Mane
1020 2918 1196 2964 autem
1244 2908 1500 2972 adorant,
1548 2906 1684 2959 etin
1723 2903 1995 2959 civitatem
2036 2916 2189 2955 suam

610 3013 974 3063 l‘CVCl‘lllllllll‘.

2261 522 2532 576 civitatem
2562 533 2680 572 esse
2709 520 3066 583 cognoverat,
3090 510 3179 579 qui
3209 508 3421 562 dicebat
3455 525 3466 558 :
3502 505 3708 560 Scimus
3733 510 3841 571 quia

2259 613 2303 664 si
2337 610 2592 664 terrestris
2615 608 2794 661 doetus
2842 612 3018 656 nostra
3049 600 3198 669 hujus
3228 597 3564 651 habitationis
3597 594 3831 648 dissolva-

2263 712 2363 762 tur,
2392 698 2511 761 quia
2534 693 2931 765 a’diﬁcatiouem
2962 689 3204 743 habemus
3232 703 3296 740 ea:
3332 685 3436 738 Deo
3456 726 3472 751 ,
3515 685 3721 737 domum
3743 699 3835 735 uuu

2262 794 2634 859 manufartam,
2669 796 2692 822 ³
2723 785 2812 839 sed
2841 794 3083 837 a’terimm
3114 782 3165 833 iu
3214 778 3355 831 coalis
3384 775 3471 844 (ΙΙ
3514 776 3636 828 Cor.
3676 790 3737 840 ν,
3775 773 3833 843 l).

2265 882 2327 935 lli
2354 899 2398 935 ac
2428 881 2441 932 i
2469 895 2617 932 erum
2652 876 2777 930 dicit
2809 873 3167 932 :Jerusalem,
3197 884 3310 940 qua:
3339 883 3542 920 sursum
3564 874 3670 929 est,
3698 875 3847 917 mater

2266 981 2441 1024 nostra
2471 980 2542 1021 cst
2577 964 2719 1035 (Cal.
2755 981 2823 1027 tv,
2872 961 2983 1029 ‘26).
3010 961 3112 1013 Sed
3142 958 3233 1025 qui
3266 957 3318 1009 in
3350 956 3437 1007 illa
3489 952 3703 1008 sublimi
3733 952 3847 1005 ciii-

2267 1071 2375 1113 tate
2405 1058 2601 1113 reverti
2632 1072 2736 1109 non
2770 1060 2965 1122 potest,
3000 1049 3183 1102 redeat
3207 1044 3554 1099 nihilominus
3581 1043 3634 1095 in
3674 1041 3849 1096 civita-

2268 1161 2373 1205 tem
2404 1165 2553 1204 suam
2588 1146 2884 1209 lizuuatha;
2916 1152 2971 1196 et
2997 1142 3086 1209 qui
3114 1139 3180 1191 ab
3230 1136 3486 1190 altissima
3521 1134 3607 1187 illa
3636 1133 3851 1200 deponi-

2271 1252 2373 1304 tur,
2405 1242 2456 1292 iu
2483 1240 2634 1292 istius
2655 1234 2908 1288 Ecclesia}
2933 1233 3104 1285 adhuc
3129 1230 3178 1281 iu
3205 1229 3310 1281 imo
3334 1224 3745 1296 peregrinantis,
3766 1223 3849 1277 sed

2267 1330 2508 1388 sublimis
2536 1329 2654 1383 vita:
2691 1325 2898 1393 fulgore
2932 1320 3189 1377 radiantis
3208 1360 3222 1383 ,
3254 1318 3461 1373 visione
3489 1324 3755 1370 teneatur.
3782 1313 3849 1366 Eo

2270 1424 2466 1492 quippe
2498 1420 2621 1475 hinc
2660 1418 2851 1471 iterum
2885 1414 3061 1467 redire
3110 1411 3175 1465 ad
3205 1407 3542 1464 revisendum
3583 1405 3744 1474 juhar
3772 1404 3852 1456 alti

2272 1517 2492 1584 verique
2520 1511 2736 1567 luminis
2767 1507 2985 1578 poterit,
3025 1520 3133 1573 quo
3162 1518 3283 1556 eum
3305 1514 3522 1555 sensum
3551 1513 3714 1566 quem
3745 1512 3853 1550 car-

2275 1606 2357 1660 nis
2385 1604 2594 1659 sarcina
2625 1602 2693 1655 ab
2722 1600 2948 1652 interna:
2979 1594 3112 1649 lucis
3135 1600 3343 1648 secreto
3366 1588 3589 1645 retrahit
3616 1603 3783 1656 usque
3801 1586 3858 1640 ad

2278 1709 2436 1751 teme
2464 1694 2488 1731 ιι
2522 1691 2703 1746 infima
2738 1706 2845 1744 non
2876 1686 3117 1756 deponit.

2354 1785 2433 1839 l6.
2491 1782 2631 1851 Quid
2679 1789 2763 1836 cst
2814 1787 2995 1833 autem
3030 1776 3176 1847 quod
3206 1781 3328 1844 post
3356 1772 3561 1826 dierum
3610 1769 3856 1823 circulum

2279 1880 2432 1934 Anna
2464 1876 2698 1945 concipit
2736 1881 2791 1927 et
2820 1871 2993 1943 parit,
3025 1868 3123 1923 nisi
3165 1866 3290 1936 quia
3321 1865 3572 1933 gaudium
3622 1859 3860 1930 perfecta:

2279 1966 2582 2023 dzvutionis
2629 1960 3015 2031 contemplatio
3061 1958 3127 2011 ad
3171 1955 3466 2011 conditoris
3513 1950 3858 2021 [ulchritudi-

2281 2074 2402 2112 neut
2443 2054 2609 2109 semel
2640 2054 2856 2106 elevata
2905 2064 3012 2102 non
3043 2045 3299 2114 suscipit?
3340 2043 3468 2097 Post
3515 2042 3723 2095 dierum
3745 2052 3861 2106 ergo

2281 2149 2538 2203 circuium
2568 2141 2885 2212 concepisse
2917 2145 2969 2193 et
3016 2136 3290 2207 peperisse
3335 2134 3559 2195 dicitur,
3592 2131 3718 2200 quia
3746 2129 3859 2182 dum

2283 2257 2350 2295 cx
2381 2234 2769 2293 consuetudine
2792 2228 3176 2298 contemplatio
3206 2227 3271 2279 ad
3299 2238 3529 2293 superna
3563 2221 3785 2291 rapitur,
3820 2219 3862 2271 in

2283 2332 2419 2385 visio
2460 2346 2490 2383 e
2519 2325 2736 2397 suptrni
2766 2322 2986 2377 luminis
3016 2335 3206 2373 munus
3233 2316 3427 2385 accipit
3456 2312 3771 2367 desiderata.-
3798 2310 3855 2361 fe-

2284 2422 2589 2479 cunditatis.
2618 2416 2861 2472 Circulus
2904 2426 3138 2480 namque
3178 2409 3384 2463 dierum
3428 2414 3511 2460 est
3548 2404 3743 2458 inlusio
3786 2402 3856 2455 di-

2285 2515 2421 2568 \‘izm
2446 2512 2596 2566 lucis.
2626 2509 2755 2576 Qua:
2786 2507 3027 2577 profecto
3058 2504 3112 2556 in
3133 2517 3231 2555 suo
3262 2499 3463 2553 ambitu
3484 2496 3676 2550 dirblls
3702 2493 3858 2565 pluri-

2288 2606 2386 2657 bus
2416 2601 2671 2669 cingitur,
2699 2597 2827 2650 dum
2852 2610 2956 2648 una
2986 2607 3081 2646 sua
3107 2589 3351 2645 claritate
3377 2595 3609 2640 mentem
3635 2583 3861 2647 irradiat,

2288 2692 2381 2747 sed
2409 2690 2488 2744 sui
2518 2684 2820 2758 splendoris
2856 2682 3036 2737 radios
3068 2695 3163 2749 per
3192 2677 3333 2732 vices
3360 2674 3738 2743 dispensath
3768 2688 3869 2724 tua-

2290 2780 2645 2839 nifestationis
2664 2779 2714 2832 ei
2740 2775 2994 2838 insinuat,
3021 2785 3300 2842 quousque
3322 2766 3611 2838 perfectius
3633 2763 3869 2833 gaudium

2291 2873 2358 2927 de
2387 2868 2635 2939 ampliori
2670 2863 3108 2920 manifestatioue
3136 2856 3577 2925 comprehendat.
3611 2854 3708 2907 th
3739 2861 3871 2908 certe

2293 2970 2415 3034 post
2440 2962 2646 3015 dierum
2683 2955 2940 3012 circulum
2969 2953 3121 3006 Anna
3169 2949 3434 3018 concipit,
3460 2949 3584 3017 quia
3637 2945 3872 2999 nimirum

2294 3051 2531 3122 quandiu
2579 3047 2773 3102 mentis
2827 3044 3000 3099 aciem
3049 3038 3520 3107 contemplationis
3566 3035 3773 3089 rulitas
3827 3034 3871 3086 in

676 3122 763 3177 ‘5'
793 3121 920 3177 pos‘
948 3117 1691 3218 "“E‘up‘ica‘i09‘im,P'ec‘m‘
1722 3111 2026 3218 cu',“.“.""‘_'
2220 3156 2264 3218 ρ
2295 3111 2483 3213 gyrum
2526 3135 2902 3193 mutabilitatis
2938 3132 3177 3187 concutit
3197 3169 3210 3190 ,
3268 3130 3378 3198 ipsa
3426 3143 3576 3180 mens
3607 3124 3672 3176 ad
3706 3123 3871 3193 perci-

600 3217 729 3284 juge
770 3227 928 3268 mane
974 3209 1205 3265 aderare
1254 3215 1337 3261 est
1385 3207 1524 3259 inter
1550 3219 1745 3272 magna
1770 3203 2024 3256 virtutum
2049 3200 2187 3252 dona

604 3303 925 3361 humilitatis
951 3300 1207 3355 virtutem
1234 3297 1531 3361 custodire;
1564 3303 1618 3349 et
1639 3295 1761 3362 quia
1785 3294 1837 3347 in
1862 3293 1949 3346 illa
1978 3291 2191 3345 sublimi

611 3395 816 3450 visione
845 3392 1044 3447 diutius
1074 3398 1218 3443 stare
1251 3403 1355 3442 non
1404 3393 1581 3456 potest
1628 3386 1804 3439 anima
1849 3398 1968 3452 qum
2015 3384 2192 3437 adhuc

609 3490 712 3541 ista
742 3483 1102 3554 corruptionis
1139 3481 1349 3535 sarcina
1391 3486 1782 3549 prtcgravatur,
1814 3486 1937 3547 apte
1986 3476 2037 3529 in
2066 3476 2197 3531 civi-

610 3586 780 3631 tatem
810 3591 961 3629 suam
992 3572 1192 3628 reversi
1222 3587 1263 3624 ι’.
1285 3569 1546 3624 feruntur.
1597 3568 1779 3623 Electa
1809 3569 1983 3621 anima
2003 3606 2018 3631 ,
2051 3583 2192 3631 cum,

616 3666 924 3721 infirmitate
954 3670 1342 3735 praegravante,
1371 3676 1401 3714 a
1423 3660 1517 3714 Dei
1543 3659 1998 3729 contemplatione
2028 3659 2199 3728 repel-

615 3760 762 3821 litur,
786 3765 844 3811 ut
864 3756 1038 3809 redire
1059 3754 1111 3807 in
1136 3753 1380 3807 eamdem
1403 3750 1622 3805 visionis
1643 3749 1977 3804 altitudinem
2003 3748 2196 3811 valeat,

611 3850 777 3905 debet
803 3846 1006 3902 habere
1035 3852 1343 3899 constructa
1372 3841 1594 3896 mdilicia
1635 3840 1965 3900 munitionis,
2008 3845 2200 3907 quate-

617 3959 720 3997 nus
741 3983 755 4003 ,
779 3940 845 3995 ad
875 3937 1218 4007 semetipsam
1240 3934 1479 4004 relapsa,
1514 3932 1565 3986 in
1596 3933 1707 3986 alto
1738 3948 1795 3985 se
1823 3939 2027 3995 teneat,
2061 3929 2203 3983 unde

617 4034 814 4085 iterum
829 4030 895 4083 ad
920 4028 1164 4083 eamdem
1187 4026 1385 4079 intima:
1413 4024 1691 4079 charitatis
1711 4021 2045 4075 altitudinem
2070 4035 2203 4075 con-

616 4128 823 4188 surgat.
855 4117 1005 4183 Quod
1047 4124 1102 4170 et
1145 4114 1243 4169 sub
1282 4122 1409 4183 typo
1444 4112 1738 4165 Jerusalem
1786 4111 1972 4165 electtn
2012 4110 2204 4163 animre

623 4227 720 4281 per
750 4209 1073 4279 Prophetam
1100 4206 1295 4261 dicitur
1326 4204 1443 4259 :Sta
1481 4206 1534 4257 in
1564 4205 1787 4269 excelso,
1817 4201 1865 4257 et
1893 4202 2004 4256 vide
2022 4204 2208 4273 jucun-

620 4307 835 4358 ditatem
855 4316 967 4373 qua
998 4292 1159 4352 rimiet
1182 4297 1272 4351 tibi
1294 4298 1399 4366 39
1423 4312 1455 4348 a
1486 4294 1593 4348 Deo
1624 4304 1710 4347 tuo
1733 4293 1978 4357 (Baruclt.
2010 4310 2078 4358 tv,
2105 4292 2203 4357 56;

626 4412 677 4448 v.
712 4393 785 4465 5).
835 4393 997 4458 Quasi
1026 4391 1198 4455 dicat,
1229 4387 1328 4442 etsi
1368 4402 1585 4440 manere
1611 4385 1810 4454 iugiter
1853 4385 1904 4438 in
1935 4385 2031 4439 Dei
2073 4400 2207 4439 con-

2293 3231 2542 3304 piendum
2592 3228 2809 3297 plenum
2862 3227 3085 3279 internae
3133 3219 3427 3288 majestatis
3475 3216 3727 3285 gaudiqu
3780 3231 3873 3267 uou

2294 3321 2543 3389 assurgit.
2579 3318 2735 3374 Velut
2783 3317 2926 3370 enim
2967 3314 3018 3367 in
3050 3312 3279 3383 quodam
3320 3309 3521 3363 εἰκώ-ι
3550 3308 3668 3361 dies
3712 3315 3875 3360 tans-

2295 3420 2452 3475 eu..t,
2494 3425 2613 3463 cum
2662 3422 2813 3460 meus
2864 3403 3166 3458 inehoautis
3216 3400 3267 3452 iu
3314 3395 3786 3465 contetrp'ationis
3829 3411 3878 3446 se

2295 3502 2510 3557 culmen
2543 3499 2753 3560 elevat,
2785 3494 2881 3549 sed
2934 3495 3019 3547 vix
3054 3508 3151 3562 per
3203 3489 3430 3559 respecti
3474 3488 3632 3555 jubar
3678 3486 3879 3540 luminis

2299 3606 2417 3644 eam
2464 3587 2638 3641 adhuc
2667 3592 2942 3639 rorantem
2981 3597 3045 3634 ac
3091 3580 3475 3633 discurrentem
3524 3576 3682 3629 lixam
3716 3575 3768 3628 in
3795 3588 3880 3626 sua

2301 3680 2419 3733 luce
2466 3684 2664 3730 servat.
2711 3673 2838 3727 Post
2897 3671 3104 3725 dierum
3156 3684 3283 3736 ergo
3327 3667 3582 3722 circulum
3625 3665 3877 3734 concipit,

2300 3767 2423 3837 quia
2451 3767 2597 3836 prius
2626 3779 2654 3816 a
2684 3761 2991 3816 mutatioui-
3023 3774 3132 3813 sua:
3155 3757 3414 3824 vertigine
3436 3756 3487 3808 iu
3516 3754 3689 3808 standi
3723 3756 3879 3807 robur

2303 3857 2478 3911 anima
2508 3853 2755 3916 ducitur,
2787 3860 2840 3904 et
2869 3866 2989 3905 cum
3020 3858 3163 3902 stare
3197 3848 3300 3901 fixa
3346 3864 3409 3899 ex
3443 3861 3540 3899 usu
3570 3846 3621 3898 iu
3653 3854 3884 3899 conteru-

2303 3947 2540 4017 platioue
2589 3942 2864 4003 didicerit,
2928 3939 3178 4009 gaudium
3210 3937 3461 4008 perfetta:
3509 3935 3809 3989 devotionis
3841 3934 3883 3987 in

2304 4036 2477 4090 fructu
2505 4048 2616 4089 sua:
2639 4030 2975 4087 fecunditatis
2996 4026 3369 4098 apprehendit.
3395 4024 3440 4091 Q
3464 4024 3548 4078 iod
3571 4026 3734 4077 etiam
3760 4039 3882 4077 cons

2306 4136 2519 4197 ceptum
2553 4125 2725 4195 parit,
2755 4121 2970 4191 quando
3001 4120 3257 4191 proximis
3286 4117 3353 4172 ad
3392 4118 3618 4186 gloriam
3648 4129 3883 4186 superna:

2307 4217 2604 4287 maiestatis
2627 4213 2934 4268 inuotescit.

2381 4312 2467 4365 Π.
2500 4310 2664 4364 Natus
2692 4322 2823 4360 vero
2874 4320 3008 4374 puer
3054 4303 3104 4356 in
3136 4302 3309 4356 tribus
3341 4300 3516 4353 vitulis~
3547 4299 3612 4352 ad
3639 4298 3881 4351 tab~rnao

2309 4402 2486 4458 culum
2518 4398 2765 4463 ducitur,
2798 4396 2921 4464 quia
2958 4393 3025 4448 de
3056 4393 3301 4460 largitate
3337 4391 3635 4460 spiritua‘is
3666 4386 3890 4442 munt-ris

627 4482 974 4554 temptatione
1000 4497 1105 4534 non
1136 4488 1290 4549 poles
1310 4520 1326 4546 ,
1378 4493 1447 4532 ne
1472 4492 1642 4545 usque
1670 4476 1736 4530 ad
1768 4477 1869 4529 ima
1898 4476 2183 4545 deponaris

2311 4490 2510 4559 gratias
2532 4488 2735 4541 referre
2761 4486 3020 4539 debemus
3052 4498 3277 4537 summa:
3307 4480 3577 4535 Trinitaii.
3608 4480 3681 4532 De
3710 4479 3890 4548 quibus

627 4586 685 4631 ut
710 4576 777 4631 ab
798 4575 920 4629 altis
941 4572 1193 4629 custodite
1215 4580 1318 4625 tum
1341 4571 1572 4624 turribus
1597 4569 1662 4622 ad
1690 4584 1813 4623 eum
1840 4569 2210 4638 contemplano

626 4669 754 4723 dum
801 4666 918 4722 sine
962 4663 1278 4718 difficultate
1321 4663 1686 4715 conscendere
1725 4674 1884 4727 quem
1938 4657 2212 4713 desideras

625 4758 822 4829 possis.
860 4755 915 4809 ln
950 4754 1210 4808 Bamatha
1256 4750 1471 4820 quidem
1501 4749 1772 4804 civitatem
1798 4764 1949 4801 suam
1988 4747 2213 4802 reverti-

628 4862 734 4914 tur,
766 4851 810 4904 si
839 4864 958 4904 cum
989 4863 1020 4901 a
1049 4846 1240 4900 divinae
1269 4842 1561 4911 Majestatis
1601 4841 1808 4894 visione
1837 4839 2132 4909 repellitur,
2158 4840 2210 4892 in

632 4950 938 4996 sanctorum
962 4938 1274 5007 angelorum
1308 4932 1764 5003 contemplatione
1793 4932 2075 4985 retinetur.
2106 4930 2213 4985 Sed

631 5050 754 5088 cum
786 5033 856 5087 de
886 5032 984 5086 ista
1013 5029 1279 5085 subtiliori
1328 5035 1515 5081 natura
1535 5069 1547 5087 ,
1582 5024 1632 5079 id
1659 5032 1740 5079 est
1766 5023 2036 5091 angelica,
2068 5021 2215 5088 cogi-

636 5137 751 5179 tare
782 5139 886 5177 non
911 5121 1185 5191 prawalet,
1215 5120 1256 5173 si
1284 5120 1348 5171 a-l
1382 5120 1568 5172 beatos
1596 5122 1879 5185 martyres,
1904 5112 1987 5167 vel
2014 5112 2220 5166 electos

637 5218 802 5277 alios,
835 5215 923 5284 qui
950 5212 1060 5281 jam
1105 5211 1409 5265 mternitate
1457 5208 1658 5277 recepti
1704 5214 1858 5271 sunt,
1909 5203 2219 5257 meditando

635 5324 681 5361 re
699 5322 808 5361 CUI’I
825 5306 882 5369 it,
910 5304 1033 5371 quia
1055 5302 1121 5355 de
1147 5300 1380 5371 perfecta
1404 5314 1589 5353 eorum
1617 5296 1784 5364 gloria
1810 5294 2029 5361 cogitat,
2057 5294 2219 5347 nimi-

641 5413 757 5453 rum
790 5405 917 5451 tunc
962 5396 1015 5449 in
1061 5410 1156 5448 sua
1212 5392 1427 5447 civitate
1465 5388 1748 5458 recipitur,
1797 5386 1887 5455 qui
1937 5386 2136 5438 ttiorari
2166 5387 2218 5439 in

635 5488 959 5543 sublimibus
986 5483 1315 5556 prohibetur.
1343 5481 1487 5535 Bene
1525 5488 1704 5533 autem
1735 5476 1919 5531 cadent
1956 5475 2216 5528 Itautatha

637 5582 830 5637 civitas
875 5594 972 5635 sua
1015 5577 1241 5642 dicitur,
1285 5574 1412 5643 quia
1454 5585 1613 5643 quam
1666 5566 1999 5621 familiar.ter
2027 5565 2216 5634 diligit,

717 5797 738 5822 “
773 5788 939 5843 Abt‘st
976 5787 1065 5841 sed
1095 5796 1337 5839 "lernam
1373 5783 1423 5834 iu
1455 5781 1591 5834 rwlis
1622 5779 1672 5832 in
1703 5776 1865 5831 Gilot.

2311 4579 2497 4635 vitulis
2519 4577 2805 4632 Dominum
2848 4575 3141 4630 obsecrans
3189 4573 3450 4641 propheta
3478 4570 3608 4624 dicit
3641 4587 3653 4621 :
3690 4567 3892 4622 Omnem

2314 4673 2463 4741 aufer
2486 4668 2827 4739 iniquitatem,
2853 4674 2902 4719 et
2923 4665 3097 4734 accipe
3141 4662 3326 4716 bonum
3347 4701 3362 4727 ,
3394 4670 3441 4714 et
3472 4660 3745 4713 reddemus
3772 4660 3893 4711 ritu-

2313 4761 2390 4815 los
2415 4757 2667 4813 (abiaram
2706 4765 2999 4810 nostrorum
3045 4753 3216 4823 (Osee.
3257 4768 3375 4813 xw,
3413 4751 3492 4819 5).
3523 4749 3686 4815 Quasi
3717 4748 3891 4803 dicat:

2318 4848 2423 4903 Pro
2464 4848 2711 4917 largitate
2759 4858 3038 4899 munerum
3083 4842 3366 4897 reddemus
3410 4839 3669 4894 sacrificia
3714 4837 3894 4898 laudis,

2317 4955 2413 5011 per
2438 4937 2754 5007 obsequium
2772 4936 3056 4990 labiorum.
3087 4933 3195 5003 ω
3215 4932 3274 4986 ln
3300 4931 3521 4986 domum
3541 4944 3671 4984 vero
3695 4924 3897 4982 Domini

2320 5045 2455 5100 puer
2476 5025 2784 5084 oli'erendus
2811 5026 3129 5089 adducitur,
3162 5039 3287 5079 cum
3318 5036 3487 5077 sacrm
3516 5021 3712 5075 mentis
3737 5017 3903 5089 profe—

2321 5130 2439 5174 itus
2457 5160 2470 5183 ,
2501 5126 2701 5173 sancta:
2730 5116 2980 5171 Ecclesia:
3008 5114 3319 5170 doctoribus
3350 5112 3623 5168 revelatur
3646 5154 3661 5180 ,
3692 5119 3754 5165 ut
3783 5109 3900 5163 dum

2330 5209 2617 5265 collatione
2644 5208 2946 5277 sapientum
2977 5205 3284 5267 discutitur,
3316 5202 3507 5258 fraude
3538 5202 3707 5256 hostis
3739 5196 3900 5253 callidi

2328 5318 2664 5373 nequaquam
2690 5301 3008 5354 maculetur.
3034 5300 3219 5353 Potest
3240 5305 3295 5353 et
3314 5297 3510 5352 domus
3532 5295 3740 5350 Domini
3762 5301 3903 5347 mter-

2328 5415 2451 5452 nam
2494 5396 2723 5466 patriam
2778 5394 3081 5463 designare.
3138 5393 3214 5446 De
3254 5391 3356 5446 hac
3389 5389 3591 5458 quippe
3638 5384 3905 5442 Psalmista

2327 5491 2629 5551 exsu‘tans,
2659 5486 2787 5540 dicit
2820 5503 2831 5538 :
2864 5485 3009 5538 Beati
3031 5485 3119 5554 qui
3149 5483 3459 5536 habitantia
3485 5480 3635 5533 domo
3668 5489 3754 5531 tua
3773 5518 3785 5541 ,
3813 5474 3905 5528 Do-

2329 5581 2480 5642 mine,
2502 5580 2554 5631 in
2578 5576 2767 5631 swcula
2791 5575 3096 5630 swculorum
3111 5571 3398 5626 laudabunt
3420 5581 3467 5624 te
3491 5568 3666 5640 (νισι.
3688 5580 3900 5627 Lxxxm,

2406 5776 2413 5800 '
2465 5774 2657 5837 \'alic.,
2705 5772 2913 5843 inﬁrma
2945 5787 3044 5825 non
3078 5770 3304 5839 deponit.
