4000 6296
106 338 162 390 61
982 342 1045 396 ΙΝ
1091 343 1347 399 l‘lllMUM
1390 345 1630 402 ιικῦυδι
1675 349 2182 411 EXl’USlTlONES.
2223 390 2290 399 —
2333 359 2460 419 LIB.
2505 364 2540 417 Ι.

3320 381 3391 435 αξ

102 453 177 505 5:.
205 451 261 504 In
276 449 503 504 domum
525 452 879 522 Dominipuer
895 453 1194 524 adducitur,
1211 473 1333 512 cum
1355 460 1526 515 electa
1547 477 1698 516 mens
1729 467 1772 520 A
1799 461 1901 535 41
1940 466 2047 524 alta
2095 483 2273 527 meat:
2303 476 2353 528 iu
2382 490 2628 546 superna:
2657 482 2842 549 patria:
2881 489 3389 556 crmiemplationem

106 545 155 597 in
187 544 294 596 alta
324 543 650 608 sustollitur,
681 555 734 598 et
758 545 827 599 de
853 547 999 600 omni
1026 549 1170 615 quod
1199 550 1550 619 spiritualiter
1577 567 1702 622 pro-

105 637 211 689 ﬁcit
241 636 613 705 omnipotenti
654 637 769 691 Deo
798 638 1000 706 gratias
1044 638 1249 695 referre
1275 644 1500 712 satagit,
1532 660 1561 698 a
1592 659 1702 713 quo

102 727 382 794 profectus
409 727 494 781 sui
523 728 619 782 sibi
645 729 884 798 impensa
918 745 1141 785 munera
1164 735 1521 801 recognoscit.
1557 735 1701 791 Bene

100 825 283 870 autem
313 834 454 872 unus
479 818 679 872 vitttlus
710 820 1039 886 immolatur,
1070 836 1194 876 cum
1226 833 1335 878 tres
1369 824 1532 880 delati
1561 827 1702 882 refe-

101 918 328 974 rantur,
371 911 499 980 quia
545 911 644 964 etsi
692 928 1042 980 personarum
1091 911 1325 969 Trinitas
1353 915 1698 972 confessione

101 1003 339 1056 ﬁdelium
369 1003 422 1056 in
456 1003 649 1056 divinis
673 1003 918 1058 laudibus
944 1004 1155 1059 canitur
1176 1046 1190 1068 ,
1235 1006 1546 1061 earumdem
1577 1024 1699 1077 per—

98 1108 358 1147 sonarum
390 1093 766 1160 inseparabilis
795 1094 974 1148 unitas
1003 1095 1345 1164 pncdicatur.
1374 1097 1478 1150 Sed
1500 1099 1694 1166 qualis,

96 1191 190 1236 aut
217 1192 426 1252 quanta
465 1183 539 1237 sit
566 1185 710 1247 laus,
755 1184 801 1238 si
838 1185 1033 1239 devota
1064 1200 1173 1239 non
1209 1186 1319 1240 sit?
1346 1186 1485 1256 Apte
1514 1188 1696 1258 itaque

97 1273 274 1328 tribus
306 1273 490 1328 vitulis
521 1274 745 1328 totidem
777 1273 964 1329 farina:
993 1275 1157 1329 modii
1188 1276 1608 1346 coniunguntur,
1634 1288 1697 1334 ut

92 1366 160 1421 de
185 1383 257 1422 eo
287 1367 433 1437 quod
464 1368 513 1421 in
542 1367 638 1421 Dei
669 1363 918 1422 laudibus
944 1385 1039 1423 ore
1068 1370 1294 1424 dicimus
1319 1387 1414 1439 per
1442 1372 1691 1427 devotio-

93 1470 216 1508 nem
247 1456 528 1510 satietnur.
555 1455 689 1509 Nam
717 1457 833 1510 sine
863 1456 1030 1510 farina
1055 1459 1281 1512 vitulum
1305 1459 1482 1523 olleit,
1515 1462 1602 1531 qui
1638 1462 1689 1515 in

96 1543 186 1598 Dei
219 1544 468 1598 laudibus
499 1545 659 1600 verba
701 1545 916 1614 quidem
949 1547 1090 1615 edit,
1120 1547 1214 1602 sed
1241 1564 1307 1602 m'
1329 1558 1421 1604 nte
1450 1565 1582 1618 vaga
1623 1551 1691 1604 ad

89 1651 153 1690 ea
175 1651 304 1704 qua:
334 1635 573 1703 loquitur
617 1651 724 1690 non
753 1635 1006 1692 iniendit.
1035 1637 1144 1693 Sed
1171 1639 1216 1693 si
1251 1639 1412 1694 verba
1443 1639 1538 1695 Dei
1568 1643 1686 1698 l..u-

89 1724 303 1788 dando,
333 1726 421 1778 vel
451 1725 658 1780 orando
677 1765 692 1791 ,
737 1726 1076 1796 proferentes
1103 1728 1507 1795 bilarescimus,
1558 1732 1686 1786 dum

1803 573 1863 611 se
1900 561 2144 630 elevant,
2191 566 2285 620 sed
2335 585 2431 638 per
2465 571 2816 628 humilitatem
2875 579 3230 648 omnipotenti
3278 585 3390 640 Deo

1802 650 2245 719 substernuntur,
2274 668 2330 712 et
2351 661 2495 714 omni
2525 664 2690 718 corde
2719 666 2771 719 in
2799 668 2996 724 virtute
3027 671 3256 740 Spiritus
3279 683 3385 730 tam

1800 739 2098 797 sublimiter
2125 745 2421 802 elevantur.
2465 750 2589 807 llaec
2611 770 2716 808 non
2738 772 2803 810 ex
2834 759 3024 815 ordine
3045 739 3185 829 ,ised
3235 781 3384 820 ειιιιιο

1800 832 1984 885 tuatim
2042 834 2109 888 ad
2156 835 2466 902 historiam,
2515 843 2631 898 sive
2669 863 2719 899 m
2761 848 2927 903 ralem
2979 851 3384 922 intelligentiam

1798 928 2115 993 exponendo
2145 931 2581 1001 perstrinximus,
2615 946 2674 992 ut
2702 941 2862 994 verba
2903 943 3159 1010 spiritalis
3187 948 3382 1002 cantici

1797 1015 1940 1083 quod
2003 1019 2343 1090 subsequitur
2392 1027 2686 1082 secundum
2735 1033 2992 1087 moralem
3044 1038 3386 1110 typicamque

1797 1105 2229 1174 explanationem
2283 1114 2444 1182 paulo
2493 1116 2649 1171 latius
2691 1119 3023 1190 indagemus.

2420 1203 2649 1259 CAPUT
2686 1205 2772 1263 Ill.

1868 1282 1932 1356 (ll
1963 1288 2095 1356 llr-g.
2144 1307 2200 1359 u,
2256 1293 2326 1362 l.)
2358 1293 2425 1346 Et
2457 1298 2622 1352 oravit
2665 1302 2839 1370 Anna,
2867 1313 2918 1356 et
2945 1305 3060 1359 ait:
3090 1305 3384 1366 Exsultavit

1794 1392 1884 1430 cor
1905 1395 2073 1433 meum
2098 1382 2151 1434 in
2184 1381 2431 1439 Domino.

1867 1466 1916 1519 l.
1949 1467 2006 1521 ln
2045 1471 2213 1526 Anna:
2240 1490 2467 1546 persona
2493 1490 2692 1536 sancta:
2720 1481 2972 1541 Ecclesia:
3001 1496 3183 1559 typum
3213 1495 3381 1550 latere

1787 1555 1898 1622 jam
1937 1561 2287 1616 ostendimus.
2321 1563 2450 1630 Qua:
2478 1567 2750 1638 nimirum,
2795 1583 2925 1630 nato
2951 1574 3062 1644 jam
3109 1596 3295 1647 puero,
3326 1584 3377 1638 in

1795 1646 2021 1702 Domino
2050 1652 2322 1708 exsultare
2348 1669 2407 1709 se
2438 1659 2708 1730 perhibet,
2757 1665 2882 1732 quia
2915 1667 2985 1720 de
3033 1646 3271 1740 ecquod
3311 1675 3376 1728 ad

1793 1738 1948 1792 tidem
1975 1740 2348 1813 Redemptoris
2371 1751 2622 1815 gentilem
2654 1757 2908 1823 populum
2934 1738 3245 1818 traxitvane
3267 1780 3374 1820 non

92 1817 462 1886 intelligentia:
489 1819 778 1874 miscemus
806 1819 1077 1888 gaudium,
1109 1821 1253 1876 illius
1282 1823 1392 1876 vini
1418 1825 1564 1892 quod
1593 1825 1686 1878 lte-
1720 1823 1760 1880 Β
1789 1832 1996 1895 tumuit,
2026 1833 2120 1888 sed
2149 1835 2200 1888 in
2233 1852 2298 1891 eo
2342 1839 2538 1894 laetitia:
2575 1817 2687 1898 sua:
2726 1817 3079 1904 intentionem
3127 1857 3314 1921 tenuit,
3345 1874 3374 1911 a

92 1912 257 1965 tiﬁcat
288 1928 387 1966 eor
415 1911 649 1965 hominis
687 1912 1001 1981 amphoram
1033 1912 1214 1968 farince
1242 1915 1530 1971 sociamus.
1571 1915 1685 1972 Hoc

89 2002 336 2069 profecto
371 2002 642 2067 insinuat,
690 2003 781 2070 qui
810 2012 1075 2074 exoptans
1104 2005 1181 2058 ait
1213 2021 1224 2058 :
1260 2003 1540 2060 Benedicat
1592 2023 1685 2062 nos

91 2092 245 2158 Deus,
281 2093 424 2147 Dens
439 2103 631 2159 noster,
657 2094 920 2147 benedicat
940 2112 1034 2148 nos
1058 2094 1218 2160 Deus,
1241 2106 1292 2150 et
1314 2107 1543 2152 metuant
1566 2115 1686 2154 eum

85 2201 262 2240 omnes
301 2188 438 2256 ﬁnes
466 2197 619 2242 terra:
648 2186 819 2254 (Psal.
853 2205 975 2244 vat
996 2228 1011 2254 ,
1045 2189 1106 2254 7,
1139 2189 1216 2260 8).
1248 2190 1412 2257 Quasi
1446 2201 1556 2249 tres
1600 2193 1685 2247 vi-

91 2279 228 2332 tulos
271 2278 344 2333 ad
392 2279 810 2336 tabernaculum-
842 2282 1029 2348 duxit,
1078 2284 1169 2352 qui
1224 2283 1391 2338 Deum
1440 2285 1682 2352 laudans,

89 2370 388 2425 divinitatis
417 2371 534 2440 ejus
565 2388 762 2427 nomen
795 2375 1120 2443 repetendo,
1172 2390 1524 2444 personarum
1567 2393 1688 2446 pro-

91 2461 348 2529 prietates
380 2463 656 2530 exposuit.
707 2462 813 2518 Sed
841 2480 963 2518 cum
1007 2474 1264 2531 metuant,
1296 2481 1403 2521 non
1433 2482 1561 2532 tos,
1590 2469 1687 2522 sed

89 2570 202 2606 eum
251 2553 424 2617 dixit,
464 2555 711 2624 proiecto
757 2558 851 2624 qui
881 2563 991 2611 tres
1017 2557 1241 2611 adluxit
1284 2559 1479 2616 vitulos
1516 2575 1683 2614 unum

92 2643 408 2701 immolavit.
440 2645 508 2698 Et
536 2646 659 2715 quia
685 2645 912 2700 farinam
942 2648 1150 2712 vitulis,
1189 2657 1246 2704 et
1284 2649 1469 2704 larina:
1504 2651 1684 2705 vinum

93 2735 340 2803 miscuit,
363 2736 625 2807 gloriatur
646 2778 661 2805 ,
700 2737 887 2793 dicens
917 2757 930 2790 :
961 2739 1044 2792 Ad
1083 2741 1248 2809 ipsum
1295 2758 1384 2795 ore
1429 2757 1541 2796 meo
1569 2742 1684 2796 cla-

96 2827 260 2891 mavi,
311 2836 361 2880 et
400 2828 654 2881 exsultaei
699 2828 792 2882 sub
835 2830 1014 2900 lingua
1052 2846 1164 2883 mea
1198 2829 1370 2901 (Psal.
1403 2847 1535 2897 va,
1571 2831 1681 2902 l7).

97 2917 225 2969 llum
255 2917 399 2971 enirn
430 2917 717 2984 clamavit,
748 2919 904 2988 quasi
932 2919 996 2972 ad
1025 2920 1407 2975 immo’andum
1436 2921 1684 2977 sacriﬁcii

95 3009 154 3060 vi‘
167 3008 317 3062 ulum
341 3007 518 3077 duxit,
549 3008 644 3064 sed
665 3010 767 3064 sub
791 3009 966 3077 lingua
996 3025 1093 3066 sua
1115 3011 1388 3066 exsultare
1417 3025 1521 3065 non
1553 3025 1682 3079 pos-

92 3112 188 3168 set,
217 3103 261 3157 si
291 3103 402 3157 alta
432 3104 609 3173 precis
647 3119 758 3160 sua:
800 3103 962 3158 verba
1003 3119 1111 3158 non
1160 3103 1500 3171 intelligeret.
1546 3103 1678 3158 Cum

1787 1935 1894 1989 quo
1920 1922 2256 1982 fecunditatis
2285 1945 2394 1984 sua:
2428 1931 2566 1988 dona
2585 1939 2844 2007 suscepit.
2889 1940 3094 2006 Quibus
3124 1945 3374 2002 nimirum

1786 2013 1965 2068 verbis
1990 2017 2065 2068 sic
2088 2016 2284 2072 laetitia:
2311 2037 2420 2076 sua:
2449 2024 2608 2079 situm
2637 2027 2858 2098 indicat,
2892 2043 2948 2085 ut
2983 2051 3198 2091 causam
3232 2041 3376 2107 pari-

1790 2109 1871 2156 ter
1913 2106 2284 2163 exsultationis
2323 2112 2562 2180 ejusdem
2611 2121 2878 2178 ostendat.
2923 2122 3130 2180 Sterilis
3158 2106 3372 2196 quidem

1785 2189 1956 2261 ﬂevit,
1989 2199 2201 2263 pariens
2240 2204 2548 2270 exsultavit,
2597 2217 2652 2260 nt
2679 2219 2878 2265 sancta:
2915 2211 3166 2270 Ecclesia:
3196 2234 3374 2274 mores

1787 2286 2152 2354 portenderet,
2197 2307 2316 2360 qua:
2343 2309 2404 2349 se
2447 2296 2498 2348 in
2530 2297 2670 2352 lianc
2717 2301 2910 2356 vallem
2940 2303 3295 2376 lacrymarum
3343 2329 3372 2364 a

1786 2375 2017 2442 paradisi
2048 2380 2256 2444 gaudiis
2295 2382 2587 2450 projectam
2627 2385 2794 2454 dolet,
2841 2391 2935 2445 sed
2976 2375 3075 2462 pro
3105 2395 3382 2454 lucrandis

1787 2463 2066 2520 animabus
2102 2469 2276 2523 exsilii
2303 2471 2386 2525 sni
2432 2488 2700 2529 aerumnas
2727 2480 2996 2546 patienter
3019 2485 3263 2538 sustinet.
3317 2487 3372 2542 lu

1785 2550 1888 2608 bu‘c
1917 2562 2124 2610 tantum
2169 2560 2441 2616 ex-ultare
2469 2567 2768 2633 consuevit,
2799 2569 2842 2622 si
2884 2570 2937 2624 in
2965 2587 3200 2629 mrumna
3237 2585 3372 2632 tem-

1787 2644 1954 2711 poris,
1985 2659 2089 2715 qua
2139 2650 2400 2717 premitur
2421 2688 2438 2716 ,
2481 2668 2576 2722 per
2605 2653 2945 2714 fecunditatis
2972 2677 3080 2716 su.e
3121 2665 3367 2735 g'oriam,

1787 2732 2152 2801 multiplicatis
2180 2738 2246 2791 eli
2265 2738 2386 2806 etis,
2417 2742 2652 2801 caelestis
2679 2748 2863 2815 patria:
2891 2750 3083 2804 damna
3115 2732 3367 2824 reparen;

1787 2828 1894 2876 tur.
1929 2822 2064 2878 Dict
2109 2841 2276 2896 ergo:
2329 2828 2624 2886 Exsultavit
2667 2852 2755 2889 cor
2796 2854 2963 2893 meum
3013 2841 3067 2895 in
3112 2822 3371 2912 L'omino,

1785 2926 1836 2980 qr
1863 2913 1906 2966 ia
1937 2913 2036 2968 [ευ.
2057 2924 2143 2972 tus
2172 2919 2250 2972 sui
2278 2923 2538 2991 propositi
2569 2941 2763 2982 consec
2806 2937 2858 2982 ta
2889 2939 2990 2985 est.
3023 2932 3140 2998 Quo
3171 2934 3220 2987 in
3251 2935 3371 2990 loco

1787 3006 2080 3060 notandum
2111 3018 2194 3063 est
2224 3014 2346 3078 quia
2372 3013 2474 3068 hoc
2493 3017 2635 3083 quod
2664 3017 2899 3086 glorians
2923 3021 3157 3091 loquitur
3185 3041 3370 3080 orasti

1788 3097 2120 3163 perhibetur.
2152 3100 2284 3155 Nam
2312 3106 2640 3172 pnemissun
2673 3117 2758 3163 est
2785 3127 2796 3162 :
2832 3109 2898 3163 Et
2925 3113 3090 3166 orarit
3118 3115 3290 3180 Anna,
3318 3126 3371 3170 et

92 3194 339 3247 clamavi,
362 3209 513 3262 ergo.
548 3195 811 3249 ίιιιρηεχίι
830 3211 949 3265 (μου
977 3195 1247 3259 clamavit,
1281 3202 1335 3248 ει
1356 3210 1477 3249 cum
1500 3193 1678 3248 exsul-
1707 3194 1751 3256 C
1783 3190 1894 3243 ait:
1917 3189 2206 3248 Exsultavit
2235 3213 2323 3250 cor
2349 3214 2516 3252 meum
2536 3201 2588 3255 in
2620 3200 2862 3258 Domino.
2895 3203 3024 3270 Qua-
3046 3216 3224 3261 autem
3239 3208 3370 3262 nihil

96 3283 219 3335 tavit
243 3282 298 3337 in
328 3283 608 3338 oblatione
636 3285 1022 3355 omnipotentis
1051 3283 1165 3347 Dei,
1198 3300 1305 3338 non
1335 3284 1508 3338 solum
1536 3284 1678 3338 vitu-

94 3374 194 3424 tum
219 3372 440 3438 habuit,
471 3373 570 3429 sed
610 3374 772 3428 etiam
795 3373 979 3428 farina:
1009 3374 1244 3440 modios,
1278 3381 1333 3428 et
1362 3374 1676 3444 amphoram

93 3461 212 3514 \ini.
257 3461 427 3530 Igitur
454 3464 691 3527 vitulus,
720 3464 886 3518 larina
933 3471 989 3518 et
1014 3464 1228 3531 vinum,
1283 3465 1397 3518 laus
1439 3471 1522 3518 est
1562 3462 1676 3523 Dei.

91 3552 104 3607 i
127 3554 387 3610 stellectus
408 3556 601 3619 laudis,
623 3564 677 3610 et
699 3556 877 3610 laetitia
898 3556 1104 3612 devota:
1131 3557 1344 3612 mentis.
1369 3556 1479 3610 Cur
1499 3565 1677 3609 autem

95 3645 298 3700 tuodius
347 3657 402 3702 et
457 3649 722 3716 ampliora
752 3648 805 3702 in
857 3648 953 3702 Dei
994 3649 1267 3704 oblatione
1310 3649 1493 3702 nomin
1531 3657 1675 3713 ntur,

92 3738 182 3790 nisi
225 3739 352 3808 quia
391 3755 662 3794 mensura:
708 3747 836 3794 sunt
879 3740 1132 3794 nomina?
1177 3739 1294 3794 Hoc
1339 3740 1502 3795 etiam
1551 3739 1678 3808 quid

90 3828 437 3895 spiritualiter
464 3830 668 3885 indicet
712 3829 910 3884 Paulus
956 3830 1196 3900 exponit,
1241 3829 1468 3885 dicens:
1507 3830 1678 3885 Unus.

92 3916 292 3984 quisque
317 3928 338 3949 ίι
362 3917 634 3986 proprium
663 3917 856 3971 donum
883 3918 1033 3971 habet
1060 3934 1125 3972 ea:
1158 3918 1290 3983 Deo,
1318 3935 1449 3972 unus
1475 3918 1680 3988 quidem

90 4008 158 4055 sic
184 4007 316 4058 alia:
345 4023 464 4059 vero
498 4009 573 4059 sic
603 4005 659 4078 (Ι
702 4006 823 4061 Cor.
861 4023 958 4071 vn,
991 4009 1064 4079 7).
1098 4007 1234 4064 llinc
1269 4009 1470 4064 Veritas
1501 4010 1632 4064 dicit
1660 4027 1674 4063 :

97 4093 384 4148 Mansuram
437 4096 662 4163 bonam,
699 4107 749 4150 et
785 4100 1106 4167 confertam,
1153 4109 1201 4152 et
1250 4103 1590 4170 coagitatam,
1629 4109 1678 4154 et

91 4186 522 4256 sapa-emnean
551 4187 748 4242 dabunt
776 4190 830 4242 in
852 4192 1021 4243 sinum
1043 4199 1262 4245 vestrum
1288 4190 1436 4256 (Luc.
1465 4209 1536 4251 vr.
1561 4191 1672 4261 58).

94 4273 234 4331 llane
287 4278 448 4333 nobis
495 4295 801 4334 mensuram
862 4282 1133 4337 custodire
1183 4299 1338 4338 sacra
1398 4284 1677 4355 Scriptura

95 4369 358 4438 prmeepit,
403 4369 595 4425 dicens
624 4389 637 4424 :
669 4369 696 4407 λ)
731 4372 906 4443 Supra
948 4383 996 4428 te
1022 4392 1153 4430 onus
1182 4392 1246 4429 ne
1273 4376 1536 4431 (araveris.
1568 4378 1675 4433 Sed

92 4455 268 4511 electa:
298 4465 493 4528 anima:
523 4461 677 4516 valde
696 4463 995 4518 cavendum
1024 4474 1125 4529 est,
1152 4475 1209 4521 ut
1229 4467 1341 4522 haec
1371 4469 1469 4522 tria
1497 4470 1674 4523 omni-

1785 3299 1812 3332 a
1842 3281 1952 3336 Deo
1984 3291 2166 3352 petere
2191 3283 2481 3354 ﬂagitando
2520 3294 2882 3361 cognoscitur,
2915 3310 3012 3350 cur
3035 3311 3220 3352 orasse
3249 3315 3368 3367 pet-

1783 3372 2042 3429 liibetur?
2069 3376 2174 3430 Sed
2221 3379 2345 3448 quia
2377 3380 2482 3436 hoc
2522 3381 2757 3438 futurum
2789 3401 2908 3442 esse
2948 3403 3046 3456 per
3075 3390 3369 3458 prophetia:

1783 3465 2027 3532 spiritum
2058 3476 2244 3522 sancta
2275 3471 2467 3526 mulier
2496 3482 2736 3538 noverat,
2770 3485 2826 3530 et
2855 3477 2906 3530 id
2937 3478 2988 3529 ﬁt
3007 3480 3048 3532 ri
3081 3480 3370 3536 vehemen-

1785 3565 1865 3608 ter
1885 3565 2054 3624 optat,
2085 3569 2140 3614 et
2167 3563 2485 3618 exsu'tando
2517 3565 2769 3636 loquitur,
2798 3577 2852 3622 et
2878 3569 3104 3625 orando.
3131 3570 3372 3628 Exsulta.

1783 3643 1874 3698 bat
1900 3647 2116 3714 quidem
2146 3651 2470 3710 certitudine
2499 3655 2822 3726 futurorum,
2855 3663 3205 3719 vehementer
3230 3681 3366 3720 exo-

1785 3746 1939 3806 ptans
2003 3738 2118 3796 ﬁeri
2167 3745 2310 3812 quod
2365 3759 2587 3803 noverat
2640 3753 2973 3809 revelatione
3025 3761 3367 3814 sacramenti.

1783 3826 1982 3884 Sancta
2011 3847 2226 3901 quoque
2253 3833 2493 3892 Ecclesia
2522 3839 2646 3895 inde
2674 3842 2852 3898 divina
2891 3845 3154 3902 beneﬁcia
3183 3864 3369 3905 amana

1781 3918 1852 3973 do
1900 3928 1955 3975 et
1980 3925 2288 3978 venerando
2317 3929 2536 3997 recolit,
2560 3933 2811 4000 pnedicat
2860 3944 2915 3990 et
2944 3949 3083 4002 orat,
3128 3940 3251 4006 quia
3293 3941 3368 3994 ιίι

1784 4011 1976 4066 mirum
1999 4013 2050 4067 id
2077 4012 2206 4071 foris
2235 4017 2503 4087 loquenlo
2533 4025 2862 4092 exsequitur,
2887 4027 3032 4096 quod
3061 4030 3207 4085 intus
3231 4033 3370 4087 miro

1783 4104 2050 4161 desiderio
2080 4107 2193 4162 ﬁeri
2225 4112 2394 4180 cupit,
2425 4122 2480 4168 et
2509 4113 2708 4171 factum
2740 4134 2928 4187 magna
2956 4121 3241 4178 devotione
3272 4141 3361 4179 ve.

1783 4206 2020 4250 neratur.
2072 4196 2210 4254 Dict
2257 4215 2426 4270 ergo:
2474 4203 2883 4264 Exaullavitcor
2911 4229 3076 4268 meum
3103 4215 3158 4269 in
3198 4214 3371 4271 Domis

1780 4302 1867 4351 no,
1923 4288 2045 4356 quia
2076 4305 2298 4346 munera
2339 4308 2457 4362 qua:
2507 4297 2572 4349 ad
2626 4308 2841 4354 asterna:
2886 4302 3082 4359 laetitia:
3138 4306 3369 4362 lructutn

1780 4382 1979 4452 accipit
2005 4382 2072 4437 ad
2113 4388 2410 4455 temporale
2433 4391 2685 4457 gaudium
2716 4409 2824 4449 non
2853 4399 3138 4454 convertit.
3171 4400 3368 4470 Sequi-

1782 4479 1897 4526 tur:

92 4552 284 4616 potenti
319 4553 429 4608 Deo
459 4554 657 4609 ardore
686 4556 787 4625 pia:
816 4555 1120 4614 devotionis
1147 4558 1372 4625 ollcrat,
1412 4570 1468 4615 et
1493 4561 1670 4617 studio
1701 4568 1750 4627 υ
1847 4564 2021 4634 (Vers.
2057 4566 2132 4636 l.)
2172 4566 2243 4622 Et
2287 4572 2572 4628 exaltatum
2617 4585 2693 4629 est
2730 4593 2889 4630 cornu
2935 4595 3102 4633 meum
3146 4581 3199 4636 in
3252 4581 3365 4636 Deo
3413 4639 3416 4643 ,

94 4643 377 4700 manifesta:
420 4647 684 4703 veritatis.
741 4646 892 4705 Unde
937 4660 994 4706 et
1031 4651 1268 4721 eiusdem
1319 4654 1487 4708 Anna:
1536 4655 1676 4710 ﬁlius

89 4735 346 4790 sacerdoti
394 4738 612 4792 oblatus
665 4741 943 4796 asseritur.
975 4742 1130 4809 Quod
1177 4744 1424 4813 profecto
1473 4757 1529 4802 et
1573 4764 1674 4804 nos

86 4824 286 4891 agimus
306 4869 322 4892 ,
352 4828 396 4881 si
421 4845 548 4883 cum
579 4829 633 4884 in
662 4841 846 4887 sancta
887 4836 1300 4891 conversatione
1343 4837 1672 4907 proficimus,

87 4929 204 4967 eum
262 4915 502 4973 fecundis
543 4920 654 4989 jam
705 4924 970 4978 mentibus
1009 4925 1322 4995 spiritalium
1356 4930 1673 4996 gaudiorum

84 5003 309 5059 fructum
331 5008 684 5076 proferimus,
715 5012 781 5066 ad
827 5015 1168 5082 przelatorum
1213 5026 1519 5074 nostrorum
1543 5037 1668 5075 exn-

87 5108 204 5148 men
243 5095 488 5154 ducimus
513 5115 676 5155 omne
704 5103 848 5170 quod
887 5104 938 5157 in
968 5105 1123 5159 nobis
1167 5122 1232 5160 ex
1271 5123 1498 5177 superna
1538 5128 1670 5166 con-

85 5189 428 5254 templatione
454 5204 765 5260 generatur.
797 5194 864 5247 Et
890 5197 1016 5266 quia
1045 5198 1201 5253 electi
1232 5200 1329 5254 viri
1359 5201 1499 5256 inter
1525 5203 1664 5258 dona

83 5278 322 5335 sublimia
371 5282 692 5341 humilitatis
719 5303 828 5342 sna:
866 5289 1064 5347 bonum
1100 5309 1205 5348 nou
1245 5294 1532 5364 deserunt,
1578 5314 1666 5354 se-

84 5371 258 5438 quitur
289 5391 304 5426 :

156 5460 331 5528 [Vel-5.
361 5463 478 5532 28.)
514 5465 580 5519 Et
610 5467 954 5524 adoraverunt
981 5470 1052 5525 ibi
1083 5472 1381 5532 Dominum.

154 5551 237 5606 l8.
269 5551 327 5608 ln
375 5555 544 5611 domo
592 5557 820 5624 Domini)
853 5561 1132 5619 Dominum
1180 5566 1438 5636 adorant,
1488 5574 1574 5642 qui
1613 5582 1669 5629 ct

152 5720 173 5788 ς
201 5711 267 5788 In
287 5714 451 5788 Giiot.
485 5719 640 5772 deest
675 5681 953 5788 probi-inm.

151 5779 176 5817 δ
209 5780 306 5840 Ubi
336 5787 451 5843 lucc
480 5787 536 5843 iu
566 5779 1100 5865 sancta'Scriptura?
1125 5795 1374 5855 Fortasse
1406 5797 1667 5856 Ecclesia-

1777 4672 1889 4710 ηιεο
1898 4696 1912 4710 ο

1848 4747 1900 4802 2.
1936 4749 2073 4815 Quid
2103 4759 2186 4805 est
2213 4767 2384 4807 cornu
2415 4753 2602 4821 Annae,
2637 4755 2733 4811 nisi
2776 4765 3014 4827 potestas
3039 4767 3239 4814 sancta:
3265 4758 3368 4816 Ec-

1779 4842 1998 4898 clesizn?
2037 4845 2190 4912 Quod
2220 4846 2464 4917 profecto
2493 4864 2658 4904 cornu
2693 4859 2817 4904 tunc
2845 4852 3160 4906 mirabiliter
3187 4868 3244 4907 se
3271 4869 3367 4908 ex-

1780 4933 1934 5000 tulit,
1964 4949 2085 4989 cutn
2134 4935 2230 4991 Dei
2261 4936 2425 4992 Filius
2464 4953 2562 5008 per
2599 4949 2928 5008 assumptam
2978 4942 3367 4999 humanitatem

1780 5036 1985 5082 natura:
2014 5039 2210 5085 nostra:
2237 5032 2550 5101 participem
2577 5047 2636 5087 se
2662 5032 2806 5087 iecit.
2829 5032 2887 5087 ln
2915 5050 2980 5088 eo
3010 5035 3169 5103 igitur
3195 5052 3365 5093 cornu

1779 5130 1979 5175 sancta:
2007 5121 2167 5177 Eccle
2197 5123 2261 5176 ia:
2283 5123 2574 5177 exaltatum
2599 5133 2699 5188 est,
2730 5131 2779 5179 in
2810 5143 2916 5198 quo
2943 5125 3176 5184 humana
3206 5138 3364 5186 natu-

1780 5228 1838 5265 ra
1864 5211 1974 5280 jam
2021 5212 2268 5283 splendet
2305 5230 2466 5284 supra
2496 5216 2717 5283 angelos
2764 5218 2991 5273 elevata.
3025 5219 3130 5273 Sed
3181 5222 3230 5276 in
3264 5223 3368 5279 hoc

1777 5301 1922 5370 quod
1950 5303 2090 5358 hunc
2116 5303 2283 5357 Deum
2313 5320 2467 5357 suum
2499 5313 2554 5358 et
2581 5306 2869 5362 salutarem
2900 5319 3084 5365 sancta
3125 5309 3364 5368 Ecclesia

1778 5396 2124 5464 singulariter
2150 5398 2364 5460 asserit.
2395 5399 2692 5470 Synagoga:
2744 5403 3102 5472 repulsionem
3139 5405 3368 5459 latenter

1779 5487 2032 5540 ostendit.
2065 5486 2121 5541 lu
2152 5486 2264 5540 Deo
2295 5488 2458 5556 igitur
2494 5491 2719 5566 salutari
2749 5501 2934 5547 nostro
2961 5494 3255 5549 exaltatum
3284 5505 3367 5551 est

1777 5593 1944 5631 cornu
1973 5585 2235 5643 nostrum,
2265 5578 2388 5648 quia
2417 5580 2715 5638 sublimitas
2767 5581 3156 5641 Ecclesiastica:
3185 5595 3332 5656 potes
3353 5614 3366 5626 -

1773 5733 1856 5787 stit
1879 5731 2106 5807 i‘ut._‘.’.'2,
2135 5749 2243 5807 quo
2272 5733 2396 5807 loco
2426 5735 2670 5804 legimus,
2704 5737 2890 5791 altiora
2917 5746 2964 5790 te
2991 5752 3053 5789 ne
3074 5739 3244 5807 quam.
3265 5739 3358 5799 ris,

1782 5802 1925 5871 quod
1971 5803 2110 5859 idem
2149 5803 2433 5875 signiﬁcat.
