4000 6294
622 338 692 394 63
1831 332 2074 391 SANCTl
2115 323 2441 387 GRECORII
2486 329 2697 384 MAGNI
3814 332 3873 383 Gl

622 451 747 505 tatis
792 450 845 505 in
893 450 1223 505 humanitate
1253 450 1409 504 nobis
1444 455 1626 505 erecta
1670 453 1753 503 est
1800 441 2194 514 Redemptoris.
2230 442 2275 502 Α
2302 440 2516 509 clcquio
2565 441 2827 496 Salutaris
2874 441 3087 497 dicitur.
3142 441 3217 496 De
3275 455 3382 511 quo
3423 442 3587 495 etiam
3643 440 3881 500 llahacuc

622 538 775 597 Unde
798 548 854 596 et
882 542 949 596 de
988 541 1177 596 eodem
1219 540 1577 611 Redemptore
1606 555 1703 609 per
1729 537 2039 593 Zachariam
2068 533 2201 587 dici-

620 644 743 690 tur:
780 634 961 689 Erexit
990 649 1146 689 cornu
1174 634 1358 687 salutis
1384 633 1550 697 nobis,
1597 633 1651 685 in
1679 631 1831 685 domo
1862 627 2030 682 David
2058 625 2201 696 pueri

619 730 720 792 sui,
767 730 896 781 sicut
924 728 1120 781 locutus
1168 736 1244 780 est
1282 744 1370 796 per
1406 744 1464 780 es
1498 736 1794 779 sanctorum
1831 720 2200 791 prophetarum

618 834 827 871 suorum
860 816 1009 887 (Luc.
1043 833 1079 881 ι,
1110 816 1200 882 69,
1242 816 1355 886 70),
1384 831 1503 884 quia
1533 816 1825 870 exaltatum
1848 827 2015 868 οηνηιι
2042 823 2199 862 suum

620 910 805 975 refert,
841 910 1071 965 latenter
1119 908 1338 973 indit-at,
1383 910 1504 977 quia
1558 915 1684 961 ante
1730 921 1896 959 cornu
1940 902 2201 956 habuerat

617 1002 760 1069 quod
802 1004 1095 1056 exaltatum
1126 1017 1230 1055 non
1282 1011 1417 1055 erat.
1468 999 1668 1053 Sancta
1714 997 1912 1065 quippe
1961 989 2197 1045 Ecclesia

618 1100 744 1145 ante
785 1091 1157 1160 Redemptoris
1200 1090 1486 1143 adventum
1531 1103 1700 1142 cornu
1753 1087 1893 1139 habu
1919 1092 1959 1146 t,
1990 1081 2113 1150 quia
2146 1080 2197 1133 in

616 1184 935 1251 patriarchis
965 1194 1018 1238 et
1048 1185 1323 1253 prophetis
1356 1192 1460 1236 tam
1495 1190 1643 1235 recte
1670 1179 1776 1250 42
1805 1175 2021 1231 vivendi
2052 1172 2197 1227 trdi-

619 1289 917 1342 nentquam
956 1275 1330 1342 delinquentes
1357 1270 1659 1338 corrigendi
1707 1275 2027 1337 potestatem
2063 1263 2117 1316 di
2156 1263 2200 1316 i-

615 1365 757 1420 nitus
786 1366 1008 1435 accepit.
1056 1364 1159 1418 Sed
1208 1374 1382 1416 tamen
1414 1378 1582 1417 cornu
1624 1361 1915 1414 exaltatum
1962 1372 2067 1411 non
2098 1356 2199 1408 ha-

613 1458 746 1522 buit,
764 1457 885 1527 quia
914 1456 1013 1509 etsi
1042 1456 1222 1510 vit-ere
1245 1454 1386 1521 jnz'te
1408 1460 1637 1524 poterat,
1663 1461 1840 1504 tamen
1862 1448 1926 1502 ad
1959 1446 2196 1501 Paradisi

611 1547 800 1614 gaudia
829 1545 945 1600 sine
993 1543 1363 1613 Redemptoris
1393 1541 1674 1612 praesentia
1704 1539 1879 1593 redire
1905 1553 2012 1591 non
2043 1543 2197 1605 pote-

610 1648 717 1692 rat.
739 1637 888 1692 Nunc
907 1646 1085 1691 autem
1102 1642 1301 1690 sanctae
1326 1631 1578 1687 Ecclesiae
1593 1646 1760 1686 cornu
1780 1627 2074 1682 exaltatum
2092 1633 2193 1691 est,

609 1730 699 1797 qui
724 1729 835 1799 jam
883 1729 1064 1784 mundi
1095 1727 1509 1795 Redemptorem
1540 1724 1845 1779 venientem
1871 1720 2195 1790 recepimus,

2302 530 2406 584 sibi
2450 530 2701 599 gaudium
2744 531 3090 599 repromittit,
3123 531 3345 586 dicens:
3399 530 3647 585 Gaudebo
3677 532 3729 585 in
3780 531 3879 587 Dee

2302 619 2427 673 Jesu
2456 638 2568 676 meo
2599 623 2617 692 (
2641 622 2844 676 Habac.
2877 638 2955 687 nt,
2986 621 3054 676 18
3076 625 3117 692 ).
3150 621 3289 677 Ecce
3314 631 3559 677 veterum
3586 621 3880 678 Judmorum

2304 713 2526 769 vocibus
2557 716 2811 770 Dominus
2839 715 2994 770 Jesus
3021 716 3162 770 Deus
3189 717 3466 772 asseritur.
3499 716 3608 771 Sed
3639 734 3782 772 nunc
3798 717 3876 773 Ju-

2303 804 2401 859 daei
2431 806 2767 862 Salvatorem
2797 817 3130 875 exspectant,
3157 823 3319 877 quem
3348 808 3516 862 Deum
3542 823 3662 863 esse
3688 824 3875 879 nequa-

2301 908 2463 963 quam
2509 896 2754 952 credunt.
2808 897 2913 953 Sed
2957 898 3187 953 fortasse
3236 898 3339 953 hoc
3367 897 3535 952 Judazi
3565 900 3619 953 in
3670 915 3766 954 ore
3791 915 3878 955 suo

2302 987 2596 1055 reprobare
2622 990 2975 1055 contendunt,
3006 998 3062 1044 et
3091 990 3215 1044 dum
3244 990 3425 1046 Iesum
3454 990 3791 1045 Salvatorem
3822 992 3881 1045 in-

2305 1088 2690 1150 terpretantur,
2721 1083 2884 1138 Deum
2914 1083 3248 1139 Salvatorem
3277 1099 3385 1137 non
3428 1082 3688 1151 unigeniti
3716 1098 3880 1151 perso-

2301 1185 2446 1233 nam,
2490 1172 2582 1226 sed
2615 1171 2787 1227 Patris
2811 1174 3153 1242 intelligunt;
3198 1185 3569 1229 verumtamen
3603 1175 3655 1229 in
3698 1174 3875 1229 eodem

2303 1259 2422 1314 loco
2483 1262 2770 1331 subditur,
2838 1264 2975 1319 unde
3037 1265 3294 1333 unigenitt
3356 1281 3589 1334 persona
3652 1267 3879 1336 apertius

2302 1351 2735 1408 demonstretur;
2788 1356 3007 1410 Domine
3051 1356 3231 1425 Deus,
3275 1359 3473 1429 inquit,
3513 1361 3675 1415 vir.'us
3729 1378 3874 1424 mea,

2299 1442 2550 1496 constitue
2564 1445 2717 1512 pedes
2731 1462 2869 1499 meos
2884 1447 2936 1499 in
2952 1448 3408 1513 consummatione,
3432 1458 3482 1503 et
3502 1455 3656 1519 super
3681 1452 3875 1505 excelsa

2301 1542 2467 1587 statue
2509 1552 2609 1598 me,
2642 1546 2697 1588 ut
2724 1538 2925 1591 vincam
2982 1539 3036 1591 in
3090 1538 3330 1593 claritate
3368 1541 3530 1610 ipsius
3569 1540 3739 1613 (Ibid.
3776 1543 3874 1613 19).

2303 1623 2444 1680 Ecce
2475 1626 2585 1682 Deo
2612 1626 2849 1696 loquitur
2876 1628 3061 1683 dicens
3085 1646 3099 1682 :
3141 1629 3328 1684 Statue
3355 1648 3436 1684 me
3464 1648 3621 1702 super
3652 1637 3871 1687 excelsa.

2301 1717 2406 1771 Sed
2449 1718 2573 1787 quia
2605 1719 2761 1774 dicit.
2804 1719 3020 1773 Vincam
3060 1722 3113 1775 in
3135 1723 3374 1775 claritate
3402 1723 3585 1792 ipsius,
3620 1723 3762 1779 alius
3780 1727 3875 1779 uti-

612 1835 707 1888 per
735 1820 888 1889 cujus
916 1819 1138 1887 gratiam
1166 1832 1271 1870 non
1300 1815 1474 1870 solum
1506 1822 1651 1868 recte
1679 1826 1965 1881 possumus
1991 1810 2187 1872 vivere,
2229 1817 2270 1874 Β
2299 1828 2403 1881 que
2433 1821 2510 1868 est
2530 1813 2721 1882 dequo
2742 1814 3097 1881 dicit.Quiset
3113 1830 3183 1885 go
3196 1816 3357 1871 estde
3372 1831 3480 1885 quo
3496 1816 3629 1871 dicit
3646 1819 3748 1873 nisi
3772 1821 3877 1873 uni-

607 1915 702 1968 sed
745 1923 801 1969 et
830 1914 896 1967 ad
927 1913 1157 1983 paradisi
1187 1913 1375 1979 gaudia
1408 1911 1653 1975 transire,
1688 1909 1811 1979 quia
1840 1907 1928 1961 ille
1951 1907 2058 1971 jam
2090 1920 2189 1973 pro

607 2006 764 2060 nobis
793 2013 1035 2059 mortuus
1064 2004 1380 2065 resurrexit,
1413 2004 1464 2056 in
1488 2001 1640 2069 cujus
1664 2008 1835 2054 tttO'te
1858 2014 1924 2051 ιη’
1948 2013 2002 2051 rs
2032 1995 2188 2062 obiit,

606 2108 661 2153 et
689 2098 967 2168 paradisus
994 2114 1052 2152 se
1097 2097 1217 2166 ejus
1263 2096 1506 2150 lidelibus
1552 2094 1834 2150 reseratit.
1882 2091 2188 2145 Exaltatum

606 2201 689 2247 est
715 2205 845 2260 ergo
872 2207 1039 2246 cornu
1089 2199 1329 2245 nostrum
1361 2190 1412 2243 in
1458 2188 1568 2243 Deo
1600 2196 1804 2253 nostro,
1836 2187 1981 2256 quia,
2023 2184 2187 2239 ell‘usa

600 2284 710 2352 jam
740 2285 911 2352 gratia
938 2283 1109 2338 sancti
1135 2283 1364 2350 Spiritus
1391 2282 1443 2335 in
1473 2280 1771 2335 electorum
1793 2278 2188 2334 multitudinem

606 2377 921 2446 impressam
943 2374 1317 2443 Redemptoris
1336 2372 1621 2441 imaginem
1651 2373 1914 2435 videmus,
1942 2371 2071 2424 dum
2098 2369 2191 2437 qui

604 2476 821 2521 terrena
850 2467 1031 2521 omnia
1076 2465 1375 2535 despiciunt
1403 2464 1579 2520 carnis
1610 2463 1915 2533 voluptates
1945 2462 2154 2531 fugiunt
2173 2504 2188 2529 ,

605 2558 820 2627 propria
850 2557 1247 2625 derelinquunt,
1271 2564 1420 2610 tanto
1450 2556 1627 2609 alliori
1658 2563 1928 2625 potestate
1957 2556 2187 2617 radiant,

604 2658 808 2718 quanto
838 2650 951 2704 haec
983 2659 1128 2703 tanta
1158 2650 1367 2709 virtutis
1399 2648 1622 2717 insignia
1654 2650 1706 2703 in
1740 2657 1979 2703 veterum
2011 2650 2190 2703 multi-

607 2741 792 2795 tudine
833 2726 1287 2796 sanctaEcclesia
1319 2757 1424 2795 non
1470 2741 1721 2795 habebat.
1754 2739 2056 2795 Exaltatum
2106 2751 2190 2795 est

607 2850 776 2888 cornu
805 2844 1043 2889 nostrum
1074 2835 1123 2888 in
1157 2835 1267 2890 Deo
1290 2835 1367 2890 sal
1393 2835 1509 2889 ttari
1539 2844 1744 2899 nostro,
1767 2835 1890 2904 quia
1921 2844 2189 2903 quotquot

601 2937 729 2977 eum
756 2925 1061 2995 recipimus,
1090 2925 1237 2980 dedit
1264 2925 1417 2981 nobis
1448 2933 1769 2996 potestatem
1802 2925 1940 2981 ﬁlius
1970 2925 2062 2980 Dei
2096 2926 2189 2980 lie-

601 3017 644 3069 ri
669 3016 847 3085 (Joan.
881 3032 919 3079 ι,
950 3014 1061 3069 12⁸.
1092 3015 1203 3070 lloc
1230 3031 1398 3070 cornu
1423 3016 1661 3070 exaltare
1680 3016 1893 3070 volebat
1923 3016 2187 3073 Salutaris

512 3095 515 3098 ⁴
604 3115 808 3174 noster,
836 3122 957 3160 cum
985 3107 1224 3161 diccbat:
1260 3106 1395 3161 Ecce
1418 3108 1535 3161 dedi
1574 3105 1713 3161 vobis
1741 3117 2043 3178 potestatem
2079 3109 2185 3162 cal-

2293 1905 2503 1972 genitus
2525 1906 2617 1959 Dei
2646 1906 2828 1971 Filius,
2860 1922 3020 1977 quem
3044 1922 3150 1961 non
3170 1909 3345 1962 solum
3363 1924 3547 1962 verum
3580 1909 3875 1975 hominem,

2292 1994 2385 2047 sed
2424 1996 2584 2048 etiam
2625 1995 2790 2050 Deum
2818 1997 3027 2051 credit?
3051 1996 3182 2050 Dum
3214 2011 3345 2066 ergo
3384 1998 3495 2053 Deo
3520 2000 3776 2068 loquitur,
3809 2002 3877 2055 di.

2290 2100 2445 2142 cens:
2462 2086 2704 2141 Gandebo
2720 2090 2824 2158 43
2836 2090 2888 2143 in
2904 2088 3013 2143 Deo
3022 2088 3145 2143 Iesu
3161 2106 3295 2155 meo,
3309 2099 3357 2144 et
3370 2090 3636 2145 vincamin
3651 2091 3878 2148 claritate

2290 2179 2473 2248 ipsius,
2517 2195 2625 2234 non
2658 2179 2824 2234 Deum
2862 2181 3025 2235 alium
3050 2221 3066 2244 ,
3099 2181 3192 2236 sed
3233 2183 3375 2237 Deus
3406 2198 3697 2253 personam
3727 2186 3874 2239 aliam

2291 2269 2648 2326 demonstrat.
2694 2271 2943 2327 Haesunt
2979 2282 3177 2328 sanctae
3216 2272 3469 2329 Ecclesia:
3507 2276 3765 2341 rationes,
3798 2278 3873 2333 ha:

2291 2370 2478 2416 contra
2528 2361 2835 2417 Judzeorum
2868 2365 3143 2435 perﬁdiam
3176 2366 3515 2422 invincibiles
3554 2370 3874 2424 assertiones

2294 2466 2390 2519 per
2420 2452 2728 2506 universum
2758 2454 2944 2508 orbem
2975 2453 3194 2509 diffusae.
3232 2453 3519 2510 Dilatatum
3546 2472 3680 2524 ergo
3702 2473 3764 2512 os
3788 2458 3868 2511 ba-

2294 2541 2384 2596 bet
2409 2550 2594 2596 sancta
2635 2541 2877 2599 Ecclesia
2923 2559 3087 2614 super
3129 2544 3380 2600 inimicos
3403 2560 3555 2615 suos,
3585 2546 3714 2615 quia
3749 2546 3871 2616 jam,

2292 2641 2515 2687 auctore
2541 2632 2673 2701 Deo,
2705 2634 2907 2704 ubique
2931 2636 3297 2704 cognoscitur,
3328 2635 3467 2692 unde
3496 2644 3552 2690 et
3576 2635 3871 2693 Judmorum

2292 2725 2512 2794 perﬁdia
2551 2726 2925 2781 convincatur.
2956 2727 3186 2782 Causam
3216 2728 3376 2797 igitur
3412 2728 3620 2783 dilatati
3652 2729 3765 2782 oris
3786 2745 3873 2783 au-

2290 2815 2457 2884 ιίίβιιι,
2488 2817 2578 2888 qui
2611 2818 2859 2873 Salutare
2884 2817 2978 2873 Dei
3004 2827 3222 2888 negant,
3254 2827 3311 2873 et
3350 2819 3418 2873 de
3443 2820 3642 2888 gaudio
3666 2818 3869 2874 Saluta-

2291 2907 2365 2963 ris
2398 2909 2563 2962 nostri
2597 2907 2859 2963 lcr'anlur
2889 2918 3208 2979 argumento
3237 2909 3570 2965 c0t.l.;siouis
3599 2926 3731 2966 sum.
3775 2910 3871 2965 S-d

2286 2999 2433 3054 feriri
2466 3008 2711 3070 possunt,
2745 3016 2774 3053 a
2822 3000 3167 3068 blas,-henti's
3196 3016 3324 3056 vero
3364 3002 3474 3055 suis
3518 3017 3739 3057 cessare
3786 3019 3876 3056 no-

2294 3093 2427 3145 lunt.
2457 3091 2573 3145 Jtm
2606 3091 2699 3146 Dei
2732 3091 2976 3147 Salutare
3011 3092 3241 3147 mundus
3267 3093 3500 3162 excepit,
3544 3093 3724 3148 omnis
3754 3109 3874 3148 caro

600 3199 753 3251 randi
781 3215 935 3268 super
970 3207 1247 3264 serpentes,
1288 3207 1337 3251 et
1377 3199 1689 3267 scarpiones,
1715 3208 1765 3252 et
1793 3215 1993 3252 omnem
2022 3201 2180 3253 virtu-

2293 3181 2436 3246 vi-lit,
2481 3180 2698 3235 Judaeus
2740 3198 2844 3235 non
2874 3183 3061 3247 credit,
3108 3182 3255 3252 quia,
3291 3190 3349 3236 ut
3376 3183 3504 3246 dixi,
3539 3182 3873 3236 Salvatoretu

602 3299 701 3343 tam
757 3291 953 3343 inimici
993 3288 1144 3359 (Luc.
1177 3306 1232 3352 x,
1276 3288 1387 3357 l9).
1420 3289 1554 3343 ll'nc
1597 3290 1725 3345 item
1773 3306 2019 3345 asserens
2066 3291 2181 3345 ait:

602 3366 950 3445 Quodcunque
977 3377 1214 3448 ligaveris
1256 3394 1410 3446 super
1450 3388 1635 3431 terram
1663 3380 1759 3432 erit
1798 3380 2011 3451 ligatum
2052 3382 2184 3434 etin

600 3468 741 3521 czlis
770 3467 981 3537 (Matth.
1021 3485 1129 3533 H‘l,
1186 3467 1295 3538 l9).
1330 3466 1464 3523 Hinc
1494 3469 1684 3522 iterum
1725 3472 2071 3539 repromit'it,
2102 3472 2182 3524 di-

600 3572 761 3611 cens:
793 3557 1049 3612 Sedebitis
1080 3576 1230 3629 super
1256 3559 1401 3612 sedes
1416 3559 1710 3630 judicantes
1732 3561 1999 3634 duodecim
2027 3563 2184 3615 tribus

601 3647 770 3702 Israel
796 3646 985 3717 (Ibid.,
1020 3665 1129 3711 xix,
1160 3647 1273 3719 28).
1310 3649 1459 3703 Dicat
1491 3663 1619 3717 ergo
1650 3651 1801 3705 Anna
1835 3669 1847 3703 :
1878 3650 2185 3705 Exaltatum

597 3747 674 3792 est
704 3756 863 3792 cornu
894 3755 1061 3792 meum
1093 3740 1144 3792 in
1180 3738 1287 3793 Deo
1320 3756 1455 3796 meo.
1487 3749 1544 3793 ut
1575 3741 1826 3796 videlicet
1853 3751 2053 3797 sanctae
2080 3742 2179 3798 Ec-

598 3830 773 3885 clesia:
799 3830 965 3899 gloria
997 3830 1333 3900 designetur,
1367 3849 1487 3902 qua:
1529 3834 1799 3902 singulare
1846 3835 2056 3890 culmen
2090 3853 2186 3906 po-

600 3920 815 3976 testatis
844 3920 1050 3975 obtinet
1086 3922 1154 3977 de
1199 3925 1481 3993 praesentia
1526 3923 1917 3995 Redemptoris.
1955 3928 2019 3980 Et
2058 3929 2183 3997 quia

596 4010 707 4078 jam
758 4011 810 4065 in
841 4019 955 4067 toto
985 4014 1183 4067 mundo
1214 4013 1553 4081 distenditur,
1586 4030 1706 4084 quae
1745 4018 2013 4085 quondam
2044 4018 2180 4072 intra

597 4097 835 4153 Judteam
866 4103 1331 4170 perst'cutionibus
1360 4106 1673 4173 angebatur,
1704 4108 1946 4174 sequitur
1971 4127 1981 4160 :

671 4189 848 4259 (Vt-rs.
898 4189 976 4261 1.)
1019 4189 1307 4245 Dilatatum
1343 4203 1420 4245 est
1457 4211 1512 4247 os
1554 4211 1720 4248 meum
1764 4214 1917 4266 super
1946 4200 2181 4253 inimicos

599 4297 758 4335 ηιεοε.

669 4372 721 4425 5.
738 4371 990 4439 Quienim
1017 4372 1217 4429 inimici
1230 4372 1481 4430 Ecclesia:
1510 4375 1599 4429 alii
1625 4376 1964 4445 quamludzei
1984 4379 2180 4433 intelli-

598 4466 756 4535 gendi
787 4468 955 4521 sunt?
977 4465 1153 4536 Supra
1177 4482 1312 4535 quos
1334 4468 1584 4521 nimirum
1613 4468 1889 4522 dilatatam
1914 4485 1975 4524 os
1997 4469 2180 4532 habnt,

2290 3281 2586 3341 exspectat,
2618 3273 2710 3342 qui
2758 3272 2899 3327 D.-us
2939 3274 3177 3327 ron-sit.
3211 3273 3443 3327 Audiant
3472 3287 3601 3340 ego
3632 3274 3877 3327 maledic-

2292 3363 2490 3417 tionem
2520 3364 2797 3432 prOpheta:
2818 3364 3044 3417 dicentis
3069 3382 3081 3415 :
3107 3363 3606 3417 Maledictusltomo.
3639 3365 3728 3435 qui
3754 3381 3875 3418 con-

2288 3454 2406 3524 ﬁdit
2433 3454 2486 3508 in
2516 3455 2739 3520 homine,
2769 3464 2819 3508 et
2859 3473 2890 3508 α
2927 3456 3146 3510 Domino
3177 3456 3367 3510 recedit
3396 3473 3487 3510 cor
3514 3457 3628 3527 ejus
3658 3456 3871 3525 (Jerem.

2292 3563 2319 3599 χ
2360 3562 2415 3607 ιι,
2450 3544 2525 3612 5).
2577 3544 2632 3599 ln
2684 3547 2952 3601 hominem
2993 3546 3160 3601 Judaei
3191 3548 3486 3612 conlitlunt,
3536 3548 3628 3616 qui
3655 3548 3877 3602 credere

2290 3639 2340 3692 in
2376 3638 2790 3710 Redemptorem
2820 3637 3109 3707 refugiunt,
3142 3638 3268 3691 dum
3298 3636 3689 3692 Antichristutn
3718 3642 3770 3691 in
3816 3641 3872 3688 ti-

2289 3746 2356 3784 ne
2376 3732 2556 3787 mundi
2578 3731 2978 3801 ptatstolantur.
3001 3730 3056 3782 lu
3078 3744 3307 3798 quorum
3330 3726 3702 3784 co:.t‘usioncm
3731 3730 3876 3783 l'sal—

2289 3825 2444 3877 tnista
2484 3824 2756 3893 prattlicat,
2799 3823 3016 3877 dicens:
3062 3822 3311 3875 Viderunt
3352 3839 3525 3876 omnes
3565 3824 3698 3893 ﬁnes
3731 3834 3879 3876 terra!

2289 3914 2533 3969 Salutare
2554 3914 2649 3968 Dei
2681 3914 2852 3979 (Psal.
2882 3930 3041 3978 xcvn,
3074 3914 3151 3985 5).
3175 3914 3336 3979 Quasi
3363 3913 3639 3983 perﬁdiam
3669 3913 3878 3969 ludam-

2288 4023 2405 4060 rum
2444 4006 2734 4062 confundat
2778 4006 3001 4060 dicens:
3055 4004 3193 4071 Quid
3244 4005 3294 4057 in
3337 4012 3613 4074 posterum
3647 4006 3881 4059 visiones

2287 4096 2556 4151 differtis?
2585 4097 2754 4162 Quem
2785 4095 3110 4164 exspectatis
3126 4095 3235 4164 jam
3268 4095 3437 4162 venit,
3461 4110 3623 4164 quem
3654 4098 3881 4164 promis-

2289 4206 2407 4243 smn
2459 4189 2720 4244 habuistis
2745 4188 2857 4257 jam
2905 4188 3160 4242 omnibus
3199 4186 3393 4241 linihus
3425 4198 3580 4241 terra:
3608 4190 3880 4257 apparuit,

2285 4296 2406 4335 cum
2436 4280 2704 4334 clausistis
2731 4279 2943 4345 oculos,
2968 4279 3177 4332 transiit
3202 4294 3217 4344 ;
3251 4278 3357 4331 imo
3380 4277 3457 4331 sic
3478 4276 3607 4331 ραδςί
3641 4277 3766 4331 facti
3795 4292 3878 4330 es-

2288 4372 2375 4435 tis,
2400 4372 2540 4439 quod
2569 4385 2752 4423 coram
2777 4369 2925 4423 VODi!
2950 4376 3096 4421 tanta
3122 4369 3209 4421 lux
3236 4368 3405 4428 stetit,
3433 4375 3487 4421 et
3521 4383 3625 4420 non
3654 4366 3881 4420 vidislis.

2289 4461 2444 4531 Ergo,
2472 4461 2699 4532 jubilate
2726 4459 2949 4515 Domino
2979 4460 3144 4513 omnis
3177 4468 3334 4519 terra,
3368 4466 3599 4523 cantate,
3631 4464 3678 4509 et
3703 4458 3884 4512 exsul-

598 4556 723 4624 qnia
755 4564 943 4611 contra
986 4570 1171 4611 eorum
1221 4557 1497 4626 perlldiam
1529 4559 1767 4613 omnium
1813 4561 2051 4627 gentium
2076 4562 2185 4630 jam

2294 4565 2415 4621 tate,
2447 4564 2493 4607 et
2516 4554 2759 4624 psallite;
2799 4552 3005 4621 psallite
3029 4550 3137 4605 Deo
3160 4567 3225 4604 no
3256 4559 3335 4602 tro
3364 4551 3416 4602 in
3447 4550 3674 4614 cithara,
3697 4559 3749 4601 et
3771 4564 3888 4600 voce

598 4646 831 4701 lidelium
863 4646 1069 4714 linguas
1096 4655 1296 4703 movet.
1327 4646 1399 4702 Os
1427 4663 1556 4717 ergo
1586 4660 1785 4706 sanctae
1824 4650 2075 4705 Ecclesia:
2105 4652 2184 4704 di-

598 4741 821 4796 latatum
850 4748 953 4806 est,
993 4741 1117 4812 quia
1157 4756 1255 4811 per
1301 4742 1604 4797 universum
1635 4744 1820 4799 orbem
1850 4743 2181 4809 diﬂ'unditur,

597 4842 655 4888 et
698 4832 824 4888 dum
879 4831 1126 4887 nationes
1181 4833 1457 4889 universas
1508 4835 1887 4904 praedicatione
1941 4838 2182 4892 veritatis

596 4926 794 4990 erudit,
824 4925 1129 4981 Judaeorum
1160 4926 1465 4993 stultitiam,
1493 4928 1660 4982 veluti
1703 4927 1926 4985 dilatato
1957 4944 2073 4989 ore,
2105 4943 2183 4983 re-

597 5018 899 5087 prehendit.
947 5019 1013 5073 Et
1038 5022 1164 5088 quia
1195 5021 1299 5075 hoc
1329 5020 1451 5075 inde
1477 5020 1669 5091 potuit.
1718 5021 1843 5089 quia
1872 5021 2179 5075 venientem

598 5109 652 5162 in
702 5124 866 5163 carne
914 5111 1097 5165 mundi
1148 5112 1562 5183 Redemptorem
1602 5113 1897 5181 gaudenter
1945 5111 2177 5181 excepit,

599 5217 816 5255 causam
840 5202 1047 5258 dilatati
1080 5205 1191 5259 oris
1220 5207 1463 5275 exponit,
1496 5205 1715 5260 dicens:

668 5293 847 5365 (Vera.
880 5295 955 5365 1.)
998 5293 1131 5359 Quia
1174 5296 1349 5351 lwtata
1370 5314 1483 5350 sum
1521 5297 1576 5349 in
1608 5294 1830 5349 salutari
1856 5302 1964 5348 tuo.

669 5385 721 5438 4.
750 5385 867 5442 Jam
913 5388 1033 5458 quis
1062 5389 1133 5442 sit
1160 5390 1408 5444 salutaris
1446 5388 1541 5442 Dt-i
1571 5387 1937 5455 cognovimus.
1970 5386 2045 5442 De
2072 5400 2181 5457 quo

597 5477 759 5531 etiam
790 5476 950 5533 lsaias
982 5479 1283 5536 vaticinans
1312 5490 1335 5514 ιι
1368 5482 1437 5533 ait
1467 5497 1479 5532 :
1515 5481 1715 5534 Videbit
1744 5480 1909 5534 omnis
1931 5497 2052 5533 caro
2090 5480 2187 5534 Sa-

597 5569 765 5622 lutare
811 5569 938 5634 Dei;
970 5571 1209 5625 videbunt
1248 5586 1425 5623 omnes
1455 5572 1585 5634 ﬁnes
1626 5580 1776 5625 terra:
1806 5571 2055 5624 Salutare
2094 5570 2188 5624 Dei

598 5658 732 5714 llsa.
784 5660 1014 5727 “1,10;
1061 5659 1209 5714 Psal.
1242 5677 1407 5728 xcvn,
1455 5660 1532 5730 3).
1565 5659 1722 5714 Jesus
1769 5669 1950 5715 autem
1999 5671 2186 5716 nostro

667 5807 689 5833 ⁸
718 5796 841 5853 llaec
868 5796 1013 5853 Isaiae
1043 5797 1362 5852 omittuntur
1394 5797 1445 5852 in
1474 5796 1645 5852 Vatic.
1679 5804 1732 5852 et
1763 5797 1815 5851 in
1841 5795 2107 5853 Gussanv.

2291 4646 2479 4718 psalmi
2507 4687 2520 4709 ,
2543 4647 2595 4699 in
2624 4643 2755 4699 tubis
2785 4644 2921 4697 ducti
2946 4643 3079 4709 ibus,
3105 4652 3153 4695 et
3183 4658 3300 4696 voce
3326 4640 3460 4695 tubae
3483 4657 3708 4694 cor-new.
3734 4638 3885 4692 lubi-

2291 4742 2395 4794 late
2422 4740 2476 4793 in
2502 4747 2773 4809 conspectu
2798 4738 2929 4807 regis
2957 4735 3167 4790 Domini
3194 4752 3210 4799 ;
3234 4746 3499 4789 moveatur
3521 4752 3667 4788 mare
3694 4744 3745 4787 et
3777 4734 3886 4803 ple-

2292 4833 2468 4886 nitudo
2498 4831 2549 4900 ej
2585 4848 2632 4894 s,
2674 4831 2812 4884 orbis
2854 4840 3107 4883 terrarum
3135 4870 3149 4893 ,
3183 4836 3233 4881 et
3268 4830 3490 4881 universi
3519 4829 3606 4897 qni
3647 4827 3889 4879 habitant

2288 4926 2342 4977 in
2372 4942 2450 4978 eo.
2486 4924 2731 4977 Flumina
2757 4920 3001 4991 plaudent
3030 4935 3185 4971 manu
3232 4919 3287 4972 in
3336 4919 3583 4986 idipsum,
3639 4926 3839 4969 montes
3864 4914 3886 4950 δ

2287 5013 2613 5068 exsultabant
2653 5020 2774 5065 ante
2802 5011 2987 5080 [aciem
3016 5007 3248 5071 Domini,
3290 5008 3535 5078 quoniam
3568 5006 3727 5069 venit,
3762 5020 3885 5075 quo-

2290 5106 2431 5159 niam
2487 5104 2619 5158 venit
2669 5102 2912 5172 judicare
2968 5109 3160 5153 terram
3203 5097 3369 5167 (Ibid.
3420 5112 3491 5160 tv,
3523 5096 3682 5167 seq.).
3718 5094 3881 5161 Quasi

2289 5197 2467 5252 dicat:
2498 5194 2632 5261 Quia
2683 5202 2791 5246 tam
2844 5193 3102 5244 immensa
3132 5190 3375 5244 catcitate
3426 5196 3771 5257 premuntur,
3821 5193 3879 5238 ut

2292 5302 2630 5359 neq-aquam
2660 5286 2845 5339 videre
2874 5281 3192 5343 meruerint,
3222 5295 3318 5335 vos
3345 5278 3579 5347 gaudete
3607 5277 3885 5332 abundan-

2292 5385 2417 5447 tius,
2448 5382 2539 5451 qui
2566 5379 2791 5434 vidistis.
2817 5375 2924 5431 Sed
2953 5389 3113 5444 quam
3144 5371 3481 5435 mirabiliter,
3515 5380 3683 5437 atque
3707 5366 3913 5422 iucﬂ‘a»

2293 5477 2472 5531 hiliter
2499 5470 2833 5542 gaudendum
2874 5469 2963 5529 sit,
2997 5466 3147 5534 signa
3177 5462 3359 5532 gaudii
3388 5476 3749 5526 coacervans,
3780 5460 3851 5510 ait
3876 5477 3887 5510 :

2290 5567 2542 5634 Jubilute,
2573 5571 2796 5625 cantate,
2822 5569 2871 5613 et
2895 5558 3119 5629 psallite.
3148 5553 3536 5609 Gelebritatem
3558 5566 3783 5622 quoque
3806 5551 3889 5602 hc.

2296 5660 2425 5714 tilia:
2455 5657 2725 5713 insinuare
2747 5652 3001 5720 gestiens,
3023 5649 3375 5702 instrumenta
3402 5643 3518 5712 ejus
3541 5656 3887 5705 enumerans,

2360 5793 2385 5828 ι’
2428 5790 2618 5854 thot.,
2653 5785 3036 5841 cxsultarerunt
3068 5789 3186 5835 ante
3213 5781 3397 5852 {aciem
3432 5776 3670 5833 Domini.
