4000 6304
123 329 179 382 ες
947 331 1008 386 l.\'
1051 334 1304 390 rmth
1348 336 1581 393 uncuu
1625 338 2134 398 exposmouns.
2181 374 2242 384 —
2283 345 2407 400 LIB.
2455 349 2492 404 ι.
3279 364 3347 416 αι»

115 442 261 496 dicit:
298 439 511 493 Psallite
539 440 764 495 Domino
795 443 847 495 in
875 445 1096 512 cit/tarn,
1129 456 1178 498 et
1206 448 1426 512 tit/rara,
1469 457 1517 503 et
1554 467 1675 503 rore
1702 457 1749 513 Α
1780 452 1974 521 tetigit,
2023 455 2239 523 sanguis
2274 459 2440 513 stetit.
2495 460 2610 516 Non
2647 471 2730 520 est
2765 479 2894 532 ergo
2937 479 3154 524 sanctus
3182 482 3238 526 ut
3266 484 3351 529 cst

115 529 297 599 psalmi,
319 529 370 580 in
391 527 528 582 tubis
557 530 830 583 a‘uctilibus
852 541 899 584 et
921 549 1036 585 rore
1057 531 1188 586 tuba:
1210 551 1428 600 cornere,
1449 535 1670 606 jubilate

112 624 157 674 in
182 629 438 689 conspecm
475 621 614 690 regis
644 619 886 675 Domino.
935 621 1071 687 Quid
1103 623 1153 676 in
1185 633 1474 693 conspectu
1506 626 1665 692 regis,

113 710 200 763 n'si
229 710 276 762 in
313 707 618 776 cognitione
660 708 1078 780 Redemptoris?
1118 711 1221 766 Sed
1251 727 1281 765 a
1311 714 1523 783 quantis
1554 714 1668 769 hzec

109 798 400 865 gaudiorum
431 798 750 854 soli-mnitas
793 800 864 854 sit
891 801 1096 868 agenda
1126 803 1388 872 exponit,
1437 803 1664 860 dicens:

110 886 352 941 Moventur
383 905 548 952 mare,
579 899 629 942 et
672 890 936 957 plenitudo
965 892 1097 961 ejus,
1142 892 1279 946 orbis
1317 903 1586 957 terrarum,
1619 905 1668 947 et

107 980 307 1032 universi
331 979 417 1048 qui
443 979 680 1034 habitant
707 983 758 1034 in
779 999 858 1036 eo.
890 981 934 1036 0
963 983 1140 1036 infelix
1171 983 1378 1052 Judtea,
1407 985 1536 1040 lines
1559 995 1666 1040 ter-

105 1085 166 1121 ne
207 1069 444 1122 viderunt
476 1069 724 1125 Salmare
754 1071 868 1137 Dei,
901 1075 1076 1127 omnis
1105 1083 1248 1128 terra
1285 1084 1552 1130 commota
1575 1075 1667 1145 ju-

105 1159 236 1222 bilat,
259 1158 447 1226 gaudet
473 1161 632 1214 unive
662 1177 754 1216 sus
779 1162 942 1226 orbis,
973 1161 1190 1218 ﬁumina
1213 1164 1471 1234 plaudunt
1492 1167 1664 1220 mani-

101 1250 441 1310 bus,-montes
467 1251 779 1317 exsultant;
825 1252 917 1306 sed
959 1253 1118 1322 impia
1163 1252 1468 1309 Jquorum
1499 1256 1660 1310 corda

103 1353 196 1390 non
225 1337 462 1404 credunt,
488 1348 543 1392 ct
575 1340 626 1393 in
656 1341 913 1396 cmcitatis
939 1358 1048 1396 sum
1075 1343 1311 1398 tenebris
1341 1344 1521 1399 livoris
1551 1361 1664 1415 pa:-

101 1444 160 1481 na
186 1430 461 1483 feriuntur.
505 1430 612 1485 Scd
641 1446 799 1500 quem
844 1433 1215 1502 blaspltemare
1243 1451 1350 1489 non
1397 1444 1662 1503 metuunt,

97 1529 267 1572 sancta
297 1518 534 1574 Ecclesia
567 1522 824 1576 attentius
853 1523 1215 1590 commendat,
1246 1525 1461 1580 dicens:

157 1629 326 1698 (Vers.
352 1629 431 1701 2.)
475 1630 600 1686 Non
630 1644 708 1687 est
733 1645 943 1690 sanctus
963 1644 1020 1689 ut
1046 1646 1121 1691 est
1152 1636 1430 1694 Dominus.

159 1721 211 1775 5.
257 1721 310 1775 In
340 1721 700 1794 descriptione
729 1726 1101 1797 Redemptoris
1129 1730 1308 1784 omnia
1336 1731 1665 1802 incompara-

1774 541 2050 611 Dominus,
2077 548 2201 615 quia
2229 548 2471 617 quisquis
2500 554 2670 620 potuit
2697 567 2917 611 sanctus
2942 559 3194 617 existere.
3228 565 3345 630 ejus

1770 632 1978 702 accepit
1998 648 2221 690 tnunere
2251 646 2307 690 ut
2335 648 2552 695 sanctus
2581 656 2700 697 esse
2737 647 3018 713 potuisset.
3049 649 3164 706 Hoc
3200 668 3350 707 nam-

1769 735 1873 787 que
1901 731 2080 775 sancta
2113 723 2345 779 Ecclesia
2372 729 2716 799 subsequenti
2759 735 2925 789 verbo
2954 737 3250 806 insinuans,
3279 742 3350 797 ad

1769 809 2014 863 emndem
2049 809 2458 883 Redemptorem
2488 833 2556 870 ex
2585 820 2746 874 nimia
2772 824 3035 880 cltaritate
3063 832 3336 884 converti-

1771 902 1875 961 tur,
1914 897 2098 953 dicens
2128 917 2141 952 :

1843 989 2018 1054 (Vers.
2051 991 2128 1062 2.)
2183 990 2366 1066 Neque
2405 997 2540 1052 enim
2566 1008 2643 1052 est
2667 1001 2801 1056 alius
2827 1013 2978 1059 extra
2997 1013 3066 1062 te.

1841 1077 1893 1132 6.
1928 1079 2271 1150 Subauditur,
2303 1099 2536 1143 sanctus.
2571 1089 2733 1146 Extra
2760 1109 2880 1147 eum
2909 1105 3125 1152 sanctus
3154 1099 3350 1168 aliquis

1768 1178 1930 1236 esset,
1961 1172 2006 1226 si
2036 1173 2238 1244 absque
2266 1176 2410 1233 dono
2443 1180 2701 1248 unigeniti
2729 1185 3166 1244 sanctiﬁcationis
3193 1192 3352 1259 spirio

1770 1265 1876 1311 tum
1920 1259 2119 1316 habere
2156 1265 2437 1332 potuisset.
2468 1267 2572 1322 Sed
2605 1272 2724 1338 quis
2753 1272 2858 1328 hoc
2881 1290 3124 1332 asserere
3151 1295 3218 1332 au
3239 1281 3346 1335 leat

1766 1346 1832 1401 de
1859 1347 2179 1417 hominibus,
2209 1355 2350 1422 quod
2375 1356 2442 1411 de
2480 1359 2694 1426 Angelis
2724 1378 3060 1436 nequaquam
3091 1373 3345 1425 constat?

1765 1437 2033 1508 Scriptum
2062 1445 2258 1515 quippe
2284 1455 2367 1501 est
2393 1466 2405 1501 :
2452 1450 2610 1506 Verbo
2642 1452 2849 1509 Domini
2869 1460 2981 1512 cae’i
3001 1461 3198 1527 ﬁrmati
3223 1474 3345 1517 sunt

1769 1535 1820 1580 et
1838 1531 2023 1599 spiritu
2049 1535 2154 1586 oris
2175 1535 2286 1604 ejus
2309 1540 2474 1592 omnis
2496 1541 2653 1595 virtus
2676 1560 2849 1599 eorum
2874 1546 3044 1616 (Psal.
3073 1568 3237 1616 χχχιι,
3264 1555 3344 1620 6).

1766 1616 1998 1673 Verbum
2029 1621 2235 1678 Domini
2280 1634 2363 1679 est
2403 1629 2703 1696 unigenitus
2749 1633 2861 1688 Dei.
2895 1636 3061 1701 Quem
3101 1616 3343 1706 profectio

1765 1712 2092 1777 evangelista
2119 1711 2353 1770 Joannes
2382 1717 2674 1777 insinuans.
2705 1723 2814 1776 ait:
2851 1723 2916 1778 In
2945 1729 3200 1797 principio
3231 1743 3345 1786 erat

97 1819 204 1871 bilia
225 1817 592 1885 designantur.
621 1819 750 1875 lude
770 1821 912 1875 enim
941 1837 1100 1878 verus
1127 1821 1458 1894 Redemptor
1479 1797 1662 1880 osten-
1698 1823 1741 1882 Β
1775 1797 1995 1894 [crium
2027 1841 2042 1866 ’
2084 1811 2132 1854 et
2179 1803 2400 1859 verbum
2444 1821 2555 1862 έναι
2599 1814 2738 1881 apud
2764 1813 2948 1884 Dem”,
2979 1826 3028 1870 εί
3065 1817 3204 1874 De“
3233 1831 3345 1874 θνατ

95 1910 240 1974 ditur,
269 1908 408 1978 quod
440 1909 496 1962 in
543 1911 689 1966 omni
719 1911 859 1981 quod
893 1911 958 1965 ad
989 1912 1107 1980 ejus
1135 1913 1360 1981 gloriam
1391 1915 1586 1970 dicitur
1613 1916 1663 1971 ei

95 2013 237 2052 nemo
265 2007 633 2068 comparatur.
664 1999 757 2055 llle
786 2001 928 2056 enim
958 2018 1146 2057 omnes
1176 2005 1405 2059 redemit
1429 2007 1519 2074 qui
1550 2021 1668 2059 om-

96 2087 234 2142 nibns
277 2089 524 2143 excellit.
564 2089 719 2156 Quod
751 2099 895 2146 recte
942 2101 1132 2146 contra
1169 2091 1404 2148 Judmam
1447 2094 1660 2161 dicitur,

93 2193 196 2246 qua:
224 2193 289 2232 eo
324 2179 587 2236 audacius
620 2180 1034 2254 Redemptorem
1054 2184 1300 2256 despicit,
1328 2201 1436 2255 quo
1466 2190 1666 2242 multos

93 2284 144 2321 se
167 2269 407 2324 habuisse
429 2270 582 2326 viros
607 2271 816 2336 recolit,
841 2273 931 2342 qui
955 2288 1147 2344 magna
1169 2277 1478 2330 claruerunt
1509 2275 1665 2332 laude

97 2360 394 2415 sanctitatis.
427 2358 570 2415 Hinc
601 2370 684 2417 est
722 2363 864 2418 enim
906 2365 1049 2432 quod
1081 2365 1381 2422 illuminato
1409 2382 1548 2422 czcco
1575 2384 1662 2422 ex-

97 2451 393 2518 probrantes
418 2452 611 2507 dicunt
636 2471 649 2505 :
687 2453 760 2507 Tu
783 2455 851 2509 sis
874 2455 1154 2526 discipulus
1182 2457 1341 2521 illius,
1371 2473 1465 2512 nos
1493 2465 1664 2511 autem

95 2540 246 2612 Moysi
266 2543 510 2613 discipuli
537 2561 732 2598 sumus.
764 2547 988 2610 Scimus,
1020 2543 1339 2618 quia‘dloysi
1367 2549 1566 2602 locutus
1588 2560 1665 2604 est

93 2631 237 2697 Deus,
259 2632 388 2686 hunc
417 2635 680 2688 nescimus
708 2635 844 2690 unde
867 2637 933 2690 sit
957 2636 1134 2706 (Joan.
1165 2653 1241 2702 ix,
1272 2635 1359 2702 Q8,
1390 2637 1502 2709 29).
1528 2638 1661 2694 llinc

95 2721 205 2771 item
238 2719 560 2790 gloriantur,
590 2731 646 2777 et
673 2722 859 2779 dicunt
884 2743 896 2778 :
929 2724 1118 2780 Semen
1136 2726 1358 2780 Abralne
1388 2745 1583 2786 sumus.
1615 2739 1664 2782 et

91 2811 990 2886 neminiservivimusunquam'(Joan.
1009 2833 1116 2882 vut,
1135 2817 1245 2888 55).
1263 2817 1367 2872 Sed
1381 2819 1540 2874 homo
1557 2820 1666 2893 44,

102 2897 188 2952 fuit
213 2898 440 2972 Moyses,
467 2902 636 2958 homo
659 2904 952 2973 Abraham,
970 2905 1132 2962 homo
1153 2905 1414 2964 Christus.
1449 2909 1665 2966 Verum-

106 3001 265 3046 tamen
295 2992 367 3048 illi
394 2995 662 3066 assumpti
684 2995 751 3051 ad
780 2995 1106 3052 locutionem
1137 2998 1252 3066 Dei,
1284 2999 1386 3054 iste
1415 3015 1662 3074 assump-

103 3083 233 3138 tusiu
259 3082 620 3141 divinitatem.
663 3084 743 3140 Illi
773 3088 1028 3157 assumpti
1049 3087 1115 3142 ad
1149 3089 1523 3156 ministerium,
1561 3091 1663 3147 iste

96 3184 144 3226 ut
168 3173 456 3244 unigenitus
472 3184 784 3246 assumptus
811 3178 875 3230 ad
900 3191 1144 3247 regnum.
1159 3176 1312 3233 Unde
1331 3189 1385 3233 et
1404 3179 1658 3249 loquitur,

92 3263 254 3317 dicens
275 3303 290 3316 .
325 3262 519 3319 Omnia
547 3282 660 3336 qua:
684 3264 836 3320 habet
866 3265 1025 3322 Pater
1045 3285 1160 3322 mea
1187 3276 1307 3323 sunt
1337 3269 1517 3340 (Joan.
1547 3286 1657 3339 xvt,

92 3352 187 3422 15).
209 3354 319 3410 Non
349 3366 427 3410 est
454 3364 670 3411 sanctus
689 3366 746 3410 ut
767 3367 843 3412 est
872 3358 1144 3414 Dominus.
1177 3360 1292 3416 Hoc
1319 3363 1480 3418 etiam
1509 3378 1659 3418 sacra

90 3444 341 3513 Scriptura
368 3455 628 3511 testatur,
658 3446 843 3502 dicens
868 3465 882 3500 :
915 3447 1010 3503 Cui
1039 3467 1095 3504 se
1120 3451 1314 3521 infudit
1353 3453 1520 3506 omnis
1550 3452 1660 3522 ple-

91 3535 249 3589 nitudo
275 3537 565 3592 divinitatis
596 3538 940 3608 corporaliter
969 3539 1104 3609 (Col.
1135 3557 1190 3606 ιι,
1225 3541 1299 3611 9).
1334 3541 1470 3596 Hinc
1497 3543 1660 3596 Joan-

89 3640 171 3678 nes
196 3627 300 3679 ait:
350 3625 436 3680 De
464 3626 788 3697 plenitudine
817 3627 929 3699 ejus
954 3645 1132 3684 omnes
1158 3632 1446 3698 accepimus
1477 3631 1656 3701 (Joan.

91 3733 119 3779 ι,
151 3717 248 3788 16).
282 3718 397 3774 Νοιι
430 3730 510 3774 est
557 3731 770 3774 sanctus
799 3731 853 3775 ut
884 3731 959 3777 cst
1001 3723 1276 3779 Dominus.
1309 3723 1445 3792 Quia
1496 3726 1547 3781 in
1592 3741 1659 3782 eo

87 3810 214 3878 quod
244 3811 509 3866 Dominus
536 3812 818 3880 asseritur,
863 3814 1161 3869 sanctitatis
1199 3815 1315 3884 ejus
1340 3816 1658 3870 excellentia

89 3901 497 3956 commendatur.
517 3900 623 3956 Sed
645 3899 815 3956 Judaei
837 3902 1300 3974 Christum,quem
1323 3914 1655 3976 exspectant,

87 4003 257 4055 purum
299 3989 582 4044 hominem
607 3999 875 4056 asserunt,
908 3999 960 4046 et
988 4002 1166 4048 tamen
1197 4010 1350 4048 suum
1376 3994 1657 4050 Dominum

90 4073 298 4129 futurum
327 4087 384 4131 et
423 4078 775 4146 singulariter
812 4087 1054 4134 sanctum
1085 4081 1328 4136 credunt.
1363 4081 1467 4138 Sed
1489 4083 1660 4138 -P.~al-

88 4166 224 4220 mista
261 4167 380 4222 illos
409 4169 736 4237 reprobans,
768 4185 866 4223 nos
887 4169 952 4223 ad
985 4169 1105 4225 ﬁdei
1136 4171 1382 4239 gaudium
1408 4173 1660 4228 cohorta-

88 4266 180 4319 tur,
205 4257 385 4313 dicens
413 4277 428 4311 :
462 4258 696 4313 Jubitate
724 4258 834 4313 Deo
858 4262 1022 4315 omnis
1051 4270 1210 4326 terra,
1236 4264 1416 4316 servite
1438 4263 1658 4320 Domino

84 4349 130 4399 in
177 4349 372 4403 laetitia.
409 4348 623 4403 Intrate
651 4351 704 4403 in
749 4361 1018 4418 conspectu
1063 4352 1173 4422 ejus
1209 4354 1264 4406 in
1293 4353 1656 4420 exsultatione,

87 4439 243 4492 scitote
281 4443 536 4511 quoniam
590 4439 842 4494 Dominus
871 4442 980 4510 ipse
1016 4451 1092 4495 est
1123 4440 1259 4494 Deus
1292 4441 1462 4513 (Psnl.
1494 4459 1564 4509 ιο,
1598 4444 1652 4508 1,

1777 1889 1996 1947 Verbum
2027 1896 2203 1965 (Joan.
2240 1914 2275 1960 ι,
2310 1899 2382 1970 1).
2416 1899 2471 1955 Si
2497 1917 2623 1971 ergo
2647 1906 2806 1959 etiam
2827 1910 3000 1977 angeli
3025 1912 3342 1968 sanctiﬁcnli

1764 1980 2058 2036 creduntur
2083 1984 2134 2038 in
2161 1985 2317 2053 Filio,
2345 1990 2513 2045 multo
2544 1995 2711 2061 magis
2739 1996 2805 2050 de
2845 1999 3024 2054 homin
3051 2003 3149 2056 bus
3172 2005 3343 2058 credi-

1764 2076 1852 2122 tur
1879 2072 2002 2138 quia
2030 2084 2180 2129 extra
2211 2093 2331 2131 eum
2364 2081 2802 2139 sanctiﬁcationis
2829 2089 3056 2156 gratiam
3099 2091 3339 2149 invenire

1764 2175 1869 2215 non
1901 2174 2145 2230 possunt.

1835 2251 1885 2306 7.
1911 2252 2095 2308 Potest
2119 2256 2279 2311 etiam
2308 2259 2409 2315 hoc
2436 2262 2552 2318 sine
2580 2264 2754 2333 aliqua
2784 2269 3154 2328 subauditione
3181 2273 3341 2330 intel-

1749 2339 1872 2408 ligi.
1901 2341 2034 2397 Cum
2053 2358 2178 2412 ergo
2205 2347 2366 2402 dicit:
2396 2348 2508 2404 Nec
2523 2363 2599 2406 est
2618 2355 2754 2410 alius
2775 2367 2918 2411 extra
2943 2368 3009 2425 te,
3033 2362 3160 2428 quid
3189 2364 3333 2420 aliud

1763 2430 1815 2484 in
1836 2430 2192 2504 Redemptore
2212 2453 2369 2506 quam
2406 2440 2596 2496 divinae
2624 2448 2866 2500 essentia:
2895 2448 3338 2509 incommutabili-

1762 2527 1844 2576 tas
1868 2521 2224 2590 designamr?
2256 2525 2403 2582 Unde
2432 2537 2485 2583 et
2513 2529 2708 2587 Judaeis
2739 2533 3234 2605 blasphemantibns
3257 2543 3339 2596 di-

1762 2612 1873 2666 cit.:
1930 2613 2215 2687 Antequam
2267 2619 2531 2676 Abraham
2575 2625 2722 2693 ﬁeret
2749 2643 2844 2697 ego
2870 2645 2981 2683 sum
3014 2630 3194 2703 (Joan.
3225 2649 3338 2698 vni,

1765 2700 1897 2774 58).
1951 2703 2186 2775 ldipsum
2251 2710 2303 2762 in
2360 2709 2554 2766 Genesi
2618 2713 2786 2786 Moysi
2840 2700 3160 2785 insinuans,
3223 2723 3340 2778 ait:

1762 2791 1878 2865 Ego
1936 2813 2048 2850 sum
2102 2799 2190 2869 qui
2239 2817 2351 2854 sum
2408 2801 2632 2870 (Exod.
2698 2821 2792 2871 ιιι,
2849 2807 2980 2879 14).
3041 2811 3150 2866 Deo
3197 2816 3339 2868 enim

1762 2884 2038 2952 unigenito
2059 2902 2178 2943 esse
2206 2897 2288 2943 est
2333 2890 2657 2948 dissimiliter
2710 2911 2982 2965 nunquam
3042 2916 3179 2956 esse.
3239 2901 3340 2969 Qui

1765 2984 1913 3029 certe
1957 2985 2132 3032 status
2177 2989 2324 3035 tanto
2370 2982 2528 3051 longe
2571 2993 2652 3038 est
2680 3000 2711 3039 a
2755 2990 2960 3043 cunctis
3004 2993 3340 3058 mortalibus,

1765 3075 1965 3134 quanto
2007 3066 2202 3122 clarius
2239 3072 2584 3139 cognoscitur
2610 3075 2732 3142 quia
2775 3080 3060 3134 momentis
3119 3081 3340 3148 singulis

1687 3179 1731 3238 ρ
1765 3169 1860 3222 pt'r
1885 3155 2046 3208 multa
2069 3158 2360 3213 variantur.
2386 3159 2571 3216 Potest
2597 3164 2702 3220 hoc
2731 3175 2784 3219 et
2809 3167 2875 3220 ad
2899 3167 3120 3235 justitite
3142 3179 3340 3226 statum

1765 3242 2052 3312 pertinere,
2092 3247 2215 3315 quia
2245 3248 2540 3306 electorum
2569 3268 2691 3309 esse
2719 3263 2802 3310 est
2843 3257 2894 3311 in
2927 3258 3037 3313 Deo
3069 3276 3162 3328 per
3181 3260 3339 3328 justi-

1763 3331 1889 3386 tiam
1920 3350 2156 3390 manere.
2188 3336 2256 3391 Et
2282 3341 2406 3410 quia
2436 3342 2738 3410 nnigenitus
2765 3344 2855 3401 Dei
2887 3347 3024 3402 Deus
3051 3359 3156 3418 est,
3181 3361 3338 3407 extra

1761 3437 1882 3477 eum
1913 3441 2018 3479 non
2047 3427 2353 3498 e.~taliquis,
2387 3431 2511 3499 quia
2541 3449 2699 3489 nemo
2729 3439 3019 3492 electorum
3052 3441 3150 3494 nisi
3182 3443 3234 3496 in
3258 3445 3339 3512 ip-

1761 3529 1823 3569 so
1867 3524 1968 3570 est.
2002 3516 2156 3583 Quod
2200 3521 2246 3574 si
2275 3522 2504 3577 refertur
2530 3524 2596 3578 ad
2624 3525 2958 3582 divinitatem
2988 3529 3121 3598 ejus,
3155 3541 3215 3586 ut
3242 3549 3338 3588 ne-

1761 3610 2389 3676 quaquamintellectum
2419 3615 2764 3671 humanitatis
2792 3619 2906 3687 ejus
2935 3631 3177 3689 evacuet,
3209 3626 3335 3693 quia

1755 3697 1932 3768 justus
1956 3717 2074 3757 esse
2101 3703 2206 3776 45
2237 3721 2342 3760 non
2371 3716 2549 3777 potest
2571 3710 2660 3778 qui
2692 3710 2849 3764 ﬁdem
2880 3728 2986 3766 non
3015 3714 3176 3768 habet
3202 3715 3337 3770 divi-

1761 3806 1843 3845 na:
1873 3792 2256 3850 lncarnationis
2279 3813 2294 3860 ;
2321 3796 2490 3851 Judaei
2522 3813 2651 3867 ergo
2682 3815 2777 3870 per
2805 3801 2916 3856 haec
2943 3802 3144 3871 singula
3176 3806 3337 3860 verba

1760 3881 2045 3953 feriuntur,
2087 3886 2197 3956 qui,
2227 3886 2352 3942 dum
2386 3888 2801 3959 Redemptorem
2826 3901 3194 3960 contemnunt,
3236 3899 3338 3952 Au-

1716 3986 1728 3994 ·
1762 3975 2058 4028 tichristum
2113 3985 2446 4044 exspectant,
2505 3978 2594 4046 qui
2639 3979 2777 4032 Deus
2826 3997 2931 4033 non
2977 3997 3096 4036 es~e
3139 3982 3338 4051 liquido

1761 4081 1899 4134 com;
1922 4068 2161 4121 robatur.
2195 4068 2342 4122 Unde
2387 4078 2441 4123 ct
2469 4085 2566 4139 per
2591 4072 2803 4126 beatum
2831 4071 2928 4126 Job
2954 4074 3149 4128 dicitur
3169 4091 3187 4128 :
3220 4075 3336 4128 lla-

1761 4157 1920 4212 bitent
1947 4161 1999 4212 in
2047 4159 2374 4216 tabernaculo
2403 4163 2513 4232 ejus
2543 4163 2670 4216 socii
2697 4165 2806 4236 ejus
2835 4166 2922 4236 qui
2945 4182 3047 4220 non
3076 4176 3150 4220 est
3193 4167 3336 4238 (Job.

1761 4268 1908 4317 xvnt,
1943 4251 2053 4316 15).
2087 4253 2141 4306 Τ.
2166 4253 2508 4309 bernaculum
2540 4256 2851 4312 Antichristi
2879 4269 2960 4314 est
2988 4275 3138 4314 amor
3177 4261 3338 4330 perﬁ-

1761 4343 1884 4411 diae,
1915 4359 2024 4413 quo
2053 4345 2171 4399 ﬁdei
2197 4347 2513 4402 contradicit
2542 4347 2932 4419 Redemptoris.
2964 4350 3018 4405 ln
3049 4367 3157 4422 quo
3183 4353 3338 4408 nimi-

1763 4449 1878 4486 rum
1910 4434 2258 4489 tabernaculo
2300 4433 2468 4490 «ἰυόωὶ
2508 4454 2647 4492 nunc
2676 4451 3011 4508 permanent,
3057 4444 3178 4514 quia
3209 4445 3335 4500 dum

83 4527 131 4590 Ξ,
158 4529 225 4599 5).
255 4530 331 4585 llli
364 4530 658 4585 Dominum
694 4540 907 4594 vocant,
941 4533 1028 4601 qui
1067 4531 1207 4586 Deus
1238 4549 1342 4586 non
1373 4534 1462 4587 sit.
1495 4533 1656 4589 Nobis
1691 4555 1735 4612 υ
1761 4525 1996 4596 perﬁdiae
2023 4543 2133 4582 sua:
2175 4529 2333 4582 silum
2377 4517 2974 4596 amanteriuhabitam.
3007 4545 3193 4588 contra
3233 4534 3337 4590 Re~

85 4634 196 4688 ergo
218 4620 582 4688 jubilandum,
633 4621 786 4675 nobis
828 4622 878 4674 in
927 4622 1106 4675 laztitia
1154 4623 1512 4686 serviendum,
1563 4625 1654 4693 qui

85 4710 225 4764 talem
254 4712 527 4766 habemus
556 4711 857 4776 Dominum,
909 4712 998 4780 qui
1029 4712 1190 4765 etiam
1221 4712 1360 4767 Deus
1391 4713 1653 4768 veraciter

85 4803 333 4868 credatur,
369 4804 464 4872 qui
494 4803 834 4870 majestatetn
865 4803 1174 4866 divinitatis,
1205 4820 1361 4874 quam
1393 4806 1444 4858 in
1489 4821 1548 4860 se
1577 4821 1661 4859 af-

82 4892 249 4955 seruit,
283 4893 800 4961 incomparabilibus
831 4893 1103 4948 miraculis
1130 4894 1517 4966 comprobavit.
1552 4895 1653 4968 Qui

83 4994 194 5047 ergo
225 4983 555 5036 invisibilcm
587 4983 704 5050 ejus
746 4983 1080 5038 divinitatem
1108 4984 1392 5054 abnegant,
1424 4987 1655 5056 patenti-

83 5068 168 5122 bus
193 5072 448 5141 Operibus
493 5071 741 5126 credant.
773 5072 878 5126 Sed
923 5088 1083 5142 quam
1113 5073 1245 5126 mira
1277 5059 1534 5130 sanctitas
1564 5075 1650 5129 illa

80 5168 168 5223 est,
194 5175 311 5228 qua:
338 5168 667 5231 peccatores
687 5161 1022 5216 sanctilicat?
1050 5160 1205 5216 Unde
1225 5169 1279 5216 et
1306 5162 1374 5216 de
1402 5163 1653 5232 peccatri-

82 5265 136 5305 ce
159 5253 376 5308 muliere
407 5253 581 5308 dicit:
617 5253 964 5308 Remittuntur
984 5256 1030 5308 ei
1071 5263 1285 5322 peccata
1313 5257 1496 5322 multa,
1522 5272 1650 5326 quo-

82 5345 206 5396 niam
230 5345 416 5400 dilexit
437 5345 662 5399 multum
686 5343 836 5414 (Luc.
860 5360 949 5410 vn,
973 5345 1088 5414 47).
1113 5344 1263 5400 llanc
1282 5345 1653 5401 excel'entiam

82 5434 381 5501 sanctitatis,
418 5436 514 5489 illa
545 5436 595 5488 in
626 5435 770 5488 ﬂuxu
799 5435 1069 5503 sanguinis
1091 5435 1265 5505 posita
1295 5449 1650 5504 cognoscens,

59 5495 179 5578 'ait:
227 5527 286 5583 Si
315 5531 550 5600 tetigero
585 5528 664 5582 vel
702 5525 960 5596 ﬁmbriam
1003 5527 1289 5581 vestimenti
1332 5528 1466 5598 ejus,
1505 5528 1650 5582 salva

82 5631 158 5668 ero
185 5616 395 5685 (llattlt.
424 5635 504 5683 ις,
535 5618 650 5686 21).
683 5616 786 5672 Sed
814 5617 930 5686 quis
960 5617 1117 5673 ﬁdem
1146 5617 1263 5688 ejus
1290 5626 1572 5684 assereret,
1605 5619 1648 5684 si

85 5705 285 5769 effectus
308 5711 431 5768 ﬁdei
460 5727 576 5767 non
604 5711 856 5782 pateret?
885 5709 1014 5766 Nam
1045 5720 1102 5766 ut
1129 5711 1503 5769 vestimentum
1533 5710 1648 5781 ejus

1756 4615 2089 4685 demptorem
2119 4626 2376 4686 pugnant.
2418 4618 2518 4685 Qui
2549 4620 2711 4674 etiam
2735 4621 2853 4691 ejus
2873 4623 2962 4691 qui
2995 4638 3100 4678 non
3129 4635 3205 4678 est
3240 4642 3332 4679 so-

1755 4705 1822 4760 cii
1865 4719 1984 4759 esse
2012 4707 2335 4770 referuntur,
2367 4709 2492 4776 quia
2524 4710 2575 4762 in
2617 4711 2896 4778 proposito
2935 4727 3034 4766 suo
3062 4713 3333 4770 diabolum

1755 4797 2030 4865 adjuvant,
2074 4798 2188 4866 qui,
2229 4797 2356 4852 dum
2386 4815 2415 4852 a
2445 4816 2667 4855 summa:
2697 4801 2838 4856 illius
2867 4803 3112 4857 essentia:
3151 4819 3334 4859 amore

1755 4887 1980 4954 corruit,
2033 4901 2219 4941 verum
2273 4901 2392 4941 esse
2435 4889 2677 4958 pr..tinus
2706 4889 2902 4944 amisit.
2936 4889 3031 4945 Cui
3082 4892 3332 4950 nimirum
3380 4922 3390 4936 ο

1755 4992 1863 5030 non
1886 4992 2006 5032 esse
2035 4985 2117 5031 est
2137 4978 2205 5031 ab
2231 4994 2494 5034 summam
2524 4980 2664 5034 illam
2689 4981 2897 5035 beatam
2929 4986 3213 5038 essentiam
3236 5003 3333 5056 per

1755 5068 1952 5122 amoris
1995 5069 2455 5140 participationem
2503 5069 2699 5124 reverti
2750 5088 2857 5126 non
2889 5089 3065 5143 posse.
3115 5074 3179 5130 Et
3205 5080 3329 5148 quia

1751 5159 2057 5216 Judmorum
2088 5162 2335 5232 pOpulus,
2367 5178 2473 5216 non
2504 5163 2676 5217 solum
2707 5163 2926 5220 arduam
2958 5176 3168 5239 patrum
3193 5180 3333 5227 vcte-

1756 5267 1872 5306 rum
1904 5252 2383 5317 conversationem,
2425 5252 2518 5308 sed
2549 5254 2710 5308 etiam
2751 5255 3128 5312 miraculorum
3159 5269 3333 5316 osten-

1753 5342 1960 5397 sionem
1990 5341 2057 5395 ad
2097 5350 2439 5410 augmentum
2465 5343 2713 5400 elationis
2738 5345 2944 5413 habuit,
2973 5347 3258 5404 subditur:

1830 5433 1849 5504 (
1866 5432 2014 5487 Vers.
2041 5431 2132 5502 2.)
2164 5431 2231 5485 Et
2255 5449 2358 5488 non
2386 5441 2463 5487 est
2489 5435 2639 5506 fortis
2671 5435 2801 5488 sicut
2834 5435 2970 5491 Deus
3001 5447 3194 5494 noster.

1825 5521 1877 5576 8.
1907 5522 2066 5590 Quasi
2092 5524 2323 5579 inaniter
2348 5524 2667 5595 gloriantem
2688 5524 2836 5580 Judze
2855 5542 2923 5580 Im
2947 5528 3224 5596 reprimat,
3251 5524 3329 5579 di~

1755 5630 1922 5671 cens:
1951 5613 2099 5682 Quos
2124 5631 2316 5686 magna
2348 5617 2538 5674 fecisse
2559 5617 2774 5682 astruis,
2807 5620 2922 5688 puri
2945 5619 3187 5674 homines
3216 5619 3331 5675 lue-

1753 5714 1897 5772 runt;
1920 5721 2079 5777 quem
2095 5708 2347 5779 praulico,
2365 5725 2470 5766 non
2486 5710 2660 5765 solum
2681 5709 2844 5766 homo
2855 5718 3071 5767 sanctus
3085 5709 3178 5766 fuit
3195 5751 3210 5776 ,
3231 5711 3325 5767 sed
