4000 6288
615 285 679 337 σι’)
1816 265 2056 322 SANCTI
2100 262 2423 319 CREGOIHI
2463 260 2672 317 MAGNI
3832 257 3895 307 GR

615 394 777 445 etiam
800 396 990 459 potens
1015 387 1173 440 Deus.
1198 384 1329 437 Dum
1354 396 1483 449 ergo
1506 378 1761 434 fortitudo
1784 377 2089 446 respicitur,
2112 391 2205 427 cx—
2236 378 2283 437 Α
2310 381 2365 426 et
2394 386 2460 425 ex
2499 370 2677 439 seipso
2705 378 2917 439 potens,
2954 365 3250 436 paralytiro
3282 363 3585 433 imperans,
3616 363 3693 418 ait
3723 381 3737 416 :
3787 363 3894 421 Tibi

616 481 870 537 cellentia
922 477 1204 541 indicatur,
1256 475 1379 542 quia
1430 473 1677 527 nimirum
1726 470 1946 523 omnino
1996 466 2203 522 inﬁrma

617 581 700 625 cst
728 569 903 625 omnis
939 565 1198 621 fortitudo
1246 561 1480 617 hominis
1511 560 1563 612 in
1591 557 1995 628 comparatione
2034 554 2206 609 deita-

616 664 706 718 tis.
740 659 858 726 Quo
880 668 1058 712 tamen
1089 656 1141 709 in
1168 654 1291 708 loco
1318 650 1545 706 assertio
1566 647 1861 702 divinitatis
1886 661 1992 701 non
2016 646 2128 714 pro'
2152 652 2207 697 at

616 750 993 807 excellentiam
1021 746 1222 817 operis,
1250 744 1343 799 sed
1370 740 1862 812 incomparabilitas
1884 736 2208 793 fortitudinis

616 842 850 895 ostendit
904 840 1186 893 veritatem
1237 834 1475 888 deitatis.
1533 830 1699 897 Quasi
1747 830 1942 884 dicat:
1996 827 2053 881 In
2101 828 2207 881 hoc

615 933 958 1002 cognoscitur
979 930 1102 998 quia
1128 943 1255 982 vera
1277 924 1519 996 protulit,
1547 923 1670 993 quia
1692 922 1947 975 deitatem
1970 933 2127 986 quam
2158 920 2205 970 in

617 1039 676 1077 se
706 1021 933 1077 asseruit
973 1016 1482 1087 iucomparabilibus
1525 1012 1778 1081 operibus
1815 1008 2206 1077 comprobavit.

621 1111 769 1167 Unde
792 1127 888 1181 per
913 1109 1262 1176 semetipsum
1291 1104 1418 1158 dicit
1448 1120 1460 1154 :
1494 1101 1554 1155 Si
1585 1117 1741 1169 opera
1774 1115 1876 1151 non
1900 1098 2132 1166 fecissent
2156 1096 2209 1148 in

617 1205 721 1270 eis,
765 1217 878 1273 quae
918 1215 1064 1253 nemo
1110 1198 1243 1249 alius
1293 1194 1433 1264 fecit,
1492 1200 1756 1261 percolunt
1807 1204 1911 1240 non
1966 1184 2211 1239 haberent

620 1296 799 1363 (Joan.
824 1309 909 1357 xv,
932 1290 1023 1358 ει)
1078 1289 1194 1341 .Iam
1223 1301 1351 1339 vero
1381 1284 1494 1353 ipsa
1520 1298 1682 1352 opera
1708 1279 2042 1334 discutienda
2065 1288 2207 1334 sunt.

617 1386 829 1454 Moyses
854 1398 1000 1436 mare
1032 1378 1227 1447 (Exod.
1272 1394 1377 1440 xw,
1415 1376 1524 1441 Η),
1572 1374 1751 1428 lleiias
1791 1370 1989 1426 llumcn
2029 1371 2213 1426 divisit

622 1472 738 1541 (IV
780 1471 910 1540 Reg.
944 1486 1013 1527 ιι.
1046 1468 1134 1538 8);
1168 1466 1424 1520 Dominus
1462 1475 1647 1519 noster
1689 1462 1845 1518 Jcsus
1875 1477 2036 1532 super
2064 1477 2243 1516 mare,

617 1562 908 1617 ambulavit
938 1558 1151 1630 (Matth.
1184 1573 1302 1620 xw,
1334 1555 1447 1624 Ἡ).
1479 1554 1616 1621 Quid
1640 1568 1768 1622 ergo
1800 1561 1882 1607 est
1915 1552 2213 1621 elegantius

619 1656 670 1709 in
700 1653 846 1707 sicco
873 1649 1119 1721 profundi
1154 1648 1308 1700 alveo
1336 1648 1473 1699 viam
1511 1643 1806 1699 transeunti
1835 1643 2033 1712 popqu
2060 1641 2213 1696 exhi-

2307 463 2440 527 dico,
2467 477 2619 531 surge
2647 458 2862 530 (Matth.
2906 472 2982 521 ts,
3020 456 3097 524 6).
3136 455 3271 508 llinc
3295 455 3459 507 etiam
3486 454 3744 525 scriptum
3776 465 3895 509 est:

2310 551 2566 624 Quotquot
2587 551 2866 621 tangebam
2887 566 3023 610 eum,
3048 548 3179 601 salri
3199 547 3395 617 ﬁebant
3415 564 3448 600 α
3470 563 3773 620 quocunque
3796 549 3899 601 lan-

2308 660 2469 715 guore
2496 640 2804 695 tenebantur
2834 638 3031 709 (Marc.
3081 654 3149 702 ι-ι,
3180 637 3294 692 56).
3328 637 3393 691 Et
3433 639 3628 692 iterum
3672 656 3687 691 :
3731 638 3899 692 Virtus

2307 735 2371 787 de
2390 735 2480 788 illo
2502 732 2758 799 exibat,et
2774 731 2994 786 sanabat
3016 747 3193 784 omnes
3216 728 3366 793 (Luc.
3385 746 3455 796 Vl,
3507 729 3585 796 9).
3613 729 3728 786 Hoc
3751 745 3898 785 nam.

2309 838 2415 891 que
2445 822 2654 889 insigne
2684 819 3034 883 fortitudinis,
3072 835 3169 872 nec
3199 818 3438 889 Moyses,
3468 833 3569 873 nec
3600 817 3784 873 Helias
3815 820 3899 873 ha-

2310 913 2439 967 bere
2468 912 2663 981 potuit,
2687 918 2764 975 nt,
2797 910 2922 963 dum
2966 908 3403 978 incomparabilia
3426 908 3576 976 signa
3600 909 3901 962 innotesce-

2311 1010 2461 1069 rent,
2512 1001 2807 1055 adventum
2852 999 3112 1068 unigeniti
3158 999 3496 1068 apertissime
3538 999 3898 1067 designarent.

2312 1093 2479 1148 Recte
2518 1108 2646 1159 ergo
2698 1092 2982 1163 Synagoga
3026 1102 3290 1164 perpetuo
3329 1091 3545 1145 silentio
3598 1091 3900 1152 damnatur,

2311 1198 2432 1237 cum
2464 1184 2712 1236 subditur
2741 1200 2754 1234 :

2386 1274 2561 1344 (Vets.
2587 1273 2666 1343 5.)
2703 1271 2881 1327 Nolite
2910 1274 3254 1344 multiplicare
3282 1274 3419 1345 loqui
3449 1274 3713 1328 sublimia.
3744 1272 3903 1327 Rece-

2314 1364 2441 1417 dant
2470 1373 2638 1417 retera
2669 1365 2731 1416 de
2756 1381 2843 1417 ore
2871 1374 3055 1418 vestro.

2385 1455 2437 1508 9.
2468 1454 2628 1521 Quasi
2660 1456 2802 1508 dicat
2833 1473 2845 1507 :
2880 1454 3015 1508 Dum
3046 1455 3535 1525 incomparabiliter
3562 1470 3702 1509 nova
3732 1457 3904 1510 cerni.

2315 1545 2407 1611 tis,
2439 1554 2588 1612 gesta
2615 1545 2957 1615 antiquorum
2990 1544 3483 1614 reprehensibiliter
3502 1542 3725 1611 effertis.
3750 1543 3905 1611 Quasi

2315 1639 2456 1692 enim
2486 1638 2670 1692 umbra
2702 1639 2790 1691 illa
2836 1643 3243 1707 praecesserant.
3274 1636 3380 1691 Sed
3420 1652 3563 1693 nunc
3591 1637 3769 1707 palam
3801 1638 3903 1691 veri

619 1747 769 1808 here,
793 1760 859 1796 an
884 1743 1049 1810 ipsum
1080 1739 1242 1792 maris
1265 1738 1457 1791 faciem
1487 1737 1625 1790 viam
1650 1734 1863 1788 facere?
1885 1733 1965 1787 lili
1993 1732 2212 1809 quippe,
2248 1750 2293 1809 Β
2321 1731 2503 1786 fideles
2549 1732 2664 1785 haec
2696 1730 3071 1800 Redemptoris
3101 1730 3269 1785 nostri
3318 1744 3482 1800 opera
3533 1728 3908 1784 venerabiliter

620 1835 745 1903 quia
786 1832 1131 1889 humanitatis
1175 1830 1616 1899 deprimebantur
1662 1826 1935 1897 pondere,
1981 1825 2033 1877 in
2085 1839 2213 1893 pro-

624 1925 771 1977 fundi
794 1923 967 1978 solido
987 1923 1125 1973 viam
1144 1935 1247 1988 qua
1280 1926 1568 1988 pergerent
1595 1915 1938 1984 requirebant
1961 1932 1975 1979 ;
2001 1912 2093 1968 sed
2122 1912 2213 1980 qui

621 2015 831 2066 iolirma
872 2010 1119 2064 humana:
1158 2018 1363 2062 natura:
1404 2008 1456 2061 in
1498 2006 1870 2059 celsitudinem
1920 2001 2216 2055 divinitatis

622 2102 976 2170 assumpsisse
1016 2098 1388 2166 cognoscitur,
1438 2112 1601 2167 super
1639 2110 1806 2165 aquas
1845 2094 2043 2148 virtute
2089 2107 2216 2161 pro-

628 2197 743 2263 pria
767 2192 1059 2247 ferebatur.
1084 2190 1291 2261 Moyses
1313 2190 1381 2243 de
1409 2187 1684 2243 consortio
1712 2186 1976 2239 sermonis
2004 2183 2213 2238 Domini

623 2283 966 2354 splendorem
997 2281 1172 2334 vultus
1200 2279 1432 2333 obtinuit
1463 2275 1660 2345 (Exod.
1690 2290 1870 2339 χχχιι,
1903 2272 2018 2344 Q9),
2053 2272 2219 2326 .losue

623 2372 957 2427 orationibus
971 2370 1142 2424 solem
1166 2368 1279 2423 fixit
1298 2367 1481 2436 (Josue
1501 2382 1555 2431 ιι,
1578 2364 1659 2428 12,
1691 2364 1796 2433 1'5);
1818 2362 1910 2417 sed
1932 2365 2055 2430 quia
2080 2360 2219 2415 Deus

626 2473 710 2517 tst
737 2460 922 2523 Jesus,
971 2475 1151 2514 coram
1182 2457 1458 2526 discipulis
1486 2457 1537 2510 in
1576 2457 1705 2509 solis
1733 2457 1933 2507 virtute
1980 2454 2219 2524 resplen-

626 2555 760 2607 tluit.
778 2553 832 2606 in
858 2552 999 2606 illius
1022 2550 1211 2605 faciem
1229 2549 1317 2602 lilii
1342 2548 1503 2601 Israel
1523 2547 1796 2601 intendere
1817 2561 1922 2599 non
1947 2554 2217 2617 poterant,

627 2644 781 2698 istius
808 2642 1031 2710 gloriam
1058 2641 1147 2708 qui
1180 2646 1490 2692 meruerunt
1533 2651 1757 2691 cernere
1797 2635 2126 2697 ceciderunt,
2164 2641 2223 2686 ut

625 2742 1182 2802 apertc'cogoosceres
1204 2729 1326 2799 quia
1344 2728 1581 2782 divinum
1597 2728 1849 2783 existeret
1866 2742 1973 2795 quo
1990 2726 2219 2778 humana

630 2827 904 2878 transiret.
930 2822 1081 2887 lluic,
1107 2822 1158 2875 in
1182 2828 1364 2875 monte
1387 2820 1491 2873 illis
1513 2820 1905 2884 assistentibus,
1929 2820 1995 2871 ab
2018 2826 2221 2870 artemo

594 2949 597 2953 ›
627 2914 788 2967 l'atrc
813 2914 1006 2967 dicitur
1032 2929 1046 2964 :
1071 2910 1175 2964 Hic
1193 2920 1269 2964 est
1292 2909 1339 2961 F
1343 2909 1462 2972 ilius
1484 2926 1623 2963 meus
1645 2909 1883 2973 dilectus,
1909 2910 1960 2961 in
1978 2925 2073 2977 quo
2098 2908 2223 2963 mihi

630 3004 936 3074 :omplacui,
967 3004 1135 3068 ipsum
1156 3001 1332 3054 audite
1360 2999 1573 3074 (Matth.
1596 3015 1724 3063 xvn,
1756 2998 1809 3067 5,
1835 2998 1912 3070 6).
1936 2998 2003 3052 Et
2026 2998 2223 3052 idcirco

2319 1821 2566 1883 adorant,
2600 1821 2723 1889 quia
2760 1820 2904 1890 quod
2936 1820 3284 1875 umbrabatur
3322 1819 3393 1873 ibi
3432 1818 3799 1873 occultatione
3823 1830 3906 1870 sa-

2316 1914 2599 1978 cramenti,
2642 1913 2694 1966 in
2738 1914 2969 1966 adventu
3011 1910 3386 1980 Redemptoris
3429 1910 3633 1979 patuit,
3685 1923 3908 1979 exspec-

2314 2011 2458 2058 tasse
2483 2017 2680 2070 corpus
2702 2000 3001 2056 revelandm
3030 2000 3291 2054 veritatis.
3325 1998 3463 2064 Ergo
3483 1999 3529 2054 si
3558 2000 3624 2052 ad
3655 2013 3799 2053 nova
3827 2012 3907 2051 re—

2316 2095 2576 2158 ferantur,
2611 2105 2795 2148 vetera
2824 2110 2929 2147 non
2960 2100 3106 2160 sunt,
3137 2092 3261 2160 quia
3300 2091 3353 2145 in
3383 2091 3583 2163 Spiritu
3610 2098 3804 2144 sancto
3833 2089 3910 2142 in-

2317 2184 2549 2248 tellecta,
2585 2191 2903 2239 vetustatem
2943 2184 3174 2252 aliquam
3216 2198 3321 2238 non
3368 2183 3657 2251 reipiunt.
3705 2181 3782 2235 De
3822 2181 3909 2236 illo

2316 2282 2513 2351 quippe
2541 2290 2838 2335 reuovaute
2873 2280 3053 2334 omnia
3079 2279 3293 2348 spiritu,
3324 2278 3605 2332 Psalmista
3633 2285 3908 2347 precatur,

2319 2375 2501 2429 dicens
2532 2393 2544 2426 :
2574 2372 2767 2427 Emitte
2790 2374 3029 2443 spiritum
3052 2382 3195 2425 tuum
3220 2380 3270 2424 et
3309 2369 3641 2433 creabantur,
3673 2378 3724 2422 et
3763 2385 3909 2423 rem»

2319 2466 2459 2519 rabis
2490 2464 2678 2534 {aciem
2707 2471 2860 2545 terge
2901 2462 3072 2528 (Psal.
3101 2477 3209 2526 cur,
3238 2459 3350 2531 50).
3397 2459 3588 2515 Vetera
3620 2473 3749 2525 ergo
3770 2468 3908 2524 sunt,

2324 2560 2368 2613 si
2417 2558 2797 2627 Redemptoris
2844 2557 3101 2626 operibus
3143 2554 3527 2620 conferantur;
3574 2554 3669 2609 scd
3702 2570 3823 2608 cum
3852 2554 3908 2606 ad

2326 2650 2693 2705 confirmanda
2726 2650 2837 2703 hzec
2867 2648 3182 2718 spiritaliter
3213 2648 3298 2702 illa
3329 2645 3673 2717 proferimus,
3707 2662 3773 2700 eo
3801 2646 3908 2715 spic

2322 2744 2427 2795 r‘tu
2456 2754 2563 2807 quo
2587 2738 2700 2793 haec
2722 2737 3062 2805 intelligimus
3083 2737 3170 2790 illa
3193 2744 3540 2791 renovantur.
3565 2735 3768 2789 Sancta
3788 2748 3909 2801 ergo

2326 2832 2564 2887 Ecclesia
2594 2832 2718 2885 dum
2747 2829 2961 2884 Judaeos
2999 2829 3067 2883 de
3110 2838 3349 2883 veterum
3381 2828 3694 2882 narratione
3737 2841 3910 2895 repre-

2325 2923 2529 2989 hendit,
2560 2921 2683 2992 quid
2712 2920 2855 2975 aliud
2882 2935 3042 2988 quam
3084 2933 3178 2973 eos
3204 2927 3324 2973 acta
3362 2918 3579 2971 Patrum
3616 2916 3909 2988 spiritualia

2325 3014 2613 3068 carnaliter
2659 3014 2958 3081 intelligere
2997 3013 3351 3082 designatur?
3390 3014 3672 3086 Synagoga
3720 3012 3911 3067 etenim

625 3096 787 3149 etiam
832 3093 1045 3156 llelias,
1074 3092 1165 3161 qui
1210 3108 1276 3146 ne
1319 3093 1528 3161 plueret
1571 3091 1768 3144 caalntn
1815 3090 2027 3154 clausit,
2059 3097 2114 3142 et
2159 3094 2219 3144 ut
2248 3110 2292 3170 ε
2322 3114 2510 3161 comm,
2549 3114 2788 3163 sanctam
2833 3105 3127 3162 Eccgesiam
3154 3121 3215 3160 se
3263 3113 3415 3160 mmo
3445 3106 3703 3160 “melius
3730 3106 3913 3174 erigit.

629 3186 837 3256 plueret
864 3183 1124 3237 reseravit
1154 3180 1277 3253 (III
1321 3180 1447 3251 Reg.
1493 3196 1626 3243 xvn,
1663 3180 1728 3250 l)
1760 3181 1810 3232 in
1859 3178 1975 3247 ejus
2003 3194 2222 3247 compa-

630 3275 840 3327 ratione
867 3272 994 3340 quid
1026 3280 1106 3325 est
1135 3271 1227 3339 qui
1268 3271 1469 3339 apertis
1500 3270 1683 3329 ctelis,
1734 3268 1847 3321 Pati
1863 3283 1946 3321 em
1983 3266 2224 3321 exhibuit

632 3372 823 3418 testem
853 3377 964 3416 sum
995 3360 1191 3414 divina:
1221 3360 1625 3427 generationis?
1667 3356 1790 3413 Non
1817 3368 1893 3411 est
1922 3374 2042 3428 ergo
2074 3357 2224 3428 {ortis

630 3462 685 3506 ut
717 3452 986 3514 Dominus,
1014 3453 1139 3519 quia
1170 3451 1425 3519 quidquid
1460 3450 1669 3503 virtutis
1698 3447 1910 3518 Moyses
1937 3446 2143 3501 ostend-
2165 3461 2224 3501 re

637 3546 834 3614 potuit,
866 3543 1139 3608 Dominus,
1185 3558 1288 3596 non
1322 3542 1435 3611 ipse
1462 3540 1607 3596 fecit.
1640 3539 1797 3593 1:5;8
1831 3548 2008 3592 autem
2044 3538 2223 3592 omnia

630 3654 751 3706 qua:
779 3639 910 3691 mire
936 3638 1100 3704 gessit
1128 3636 1343 3705 propria
1370 3634 1564 3688 virtute
1593 3632 1856 3696 exhibuit,
1883 3633 2009 3702 quia
2041 3631 2224 3684 Domi-

629 3746 731 3785 nus
753 3730 914 3783 eti‘tm
948 3730 1111 3800 Moysi
1145 3728 1262 3783 fuit.
1295 3728 1412 3783 Non
1441 3728 1584 3782 enim
1632 3726 1846 3797 Moyses
1875 3726 2074 3794 populo
2100 3740 2226 3794 per-

632 3825 846 3877 deserta
879 3821 1162 3889 gradienti,
1195 3821 1287 3874 sed
1332 3819 1588 3873 Dominus
1622 3833 1817 3871 manna
1848 3818 1981 3886 pluit
2013 3815 2219 3888 (Exod.

635 3928 746 3976 ιιι-ι,
777 3910 865 3979 l3,
893 3911 1048 3982 seq.).
1083 3910 1200 3965 Non
1233 3910 1463 3981 Moyses,
1495 3909 1587 3964 sed
1620 3909 1877 3963 Dominus
1902 3909 1952 3961 in
1975 3907 2223 3963 columna

631 4003 769 4070 ignis
791 4017 888 4073 per
915 4012 1150 4066 noctem,
1182 4011 1237 4057 et
1268 4002 1421 4056 nubis
1453 4004 1505 4055 in
1527 4002 1632 4065 die,
1666 4001 1923 4071 populum
1946 4000 2225 4071 prascessit

637 4097 823 4163 (lbid.,
851 4112 961 4161 xxv,
990 4096 1098 4165 19).
1145 4095 1259 4150 Non
1298 4096 1528 4166 Moyses,
1559 4096 1652 4149 sed
1678 4096 1900 4149 verbum
1928 4094 2072 4163 quod
2112 4092 2225 4147 fac-

632 4197 747 4241 tum
772 4196 857 4241 e:t
882 4187 944 4239 ad
963 4201 1105 4249 eum,
1128 4202 1318 4254 aquam
1341 4186 1407 4239 de
1429 4201 1560 4255 rupe
1588 4185 1843 4255 produxit
1867 4184 2033 4255 (Ibid.
2080 4201 2185 4240 xvtt
2204 4225 2221 4251 ,

631 4281 670 4332 6
693 4283 732 4348 ).
758 4278 875 4333 Non
906 4278 1134 4350 Moysrs,
1165 4278 1260 4332 sed
1282 4278 1537 4332 Dominus
1573 4278 1807 4332 volatilia
1838 4277 2223 4345 concupiscen-

636 4372 779 4426 tLhus
808 4370 1050 4425 exhibuit
1090 4368 1255 4440 (Ibid.
1290 4386 1404 4431 xvr,
1445 4370 1553 4436 l7).
1589 4368 1741 4424 Unde
1769 4378 1821 4422 et
1852 4368 2109 4425 Dominus
2127 4368 2223 4425 Ju-

2326 3206 2528 3269 qoanto
2558 3198 2690 3266 legis
2730 3206 2787 3252 et
2814 3198 3198 3268 pr0phetarum
3242 3197 3461 3251 sc?entia
3493 3196 3784 3264 superbius
3827 3210 3915 3249 ex.

2327 3289 2552 3352 tollitur,
2580 3304 2741 3358 qttatn
2772 3289 2884 3342 suis
2906 3287 3148 3357 patribus
3171 3286 3426 3340 divinitus
3447 3285 3784 3353 inspiratam.
3819 3284 3911 3337 sibi

2326 3390 2503 3434 autem
2534 3379 2885 3433 materialiter
2908 3379 3200 3433 exhibitatn
3231 3377 3433 3432 didicit.
3466 3374 3613 3430 Unde
3633 3376 3909 3443 sequitur:

2327 3471 2382 3525 Ν
2386 3475 2511 3527 alita
2533 3473 2873 3543 multiplicare
2894 3473 3034 3543 loqui
3053 3469 3313 3536 sublimia,
3338 3472 3641 3542 gloriantes.
3659 3469 3729 3523 Et
3757 3477 3815 3523 ut
3839 3478 3913 3522 tu-

2326 3580 2475 3618 mere
2502 3564 2771 3627 desinant,
2798 3563 2933 3632 suth
2958 3563 3090 3631 ngit,
3119 3563 3301 3619 dicens
3326 3580 3339 3615 :
3372 3560 3631 3615 Recedant
3659 3570 3835 3614 cetera
3860 3560 3915 3612 de

2326 3671 2415 3707 ore
2441 3662 2625 3706 vestro.
2658 3652 2775 3705 Jam
2820 3652 3019 3721 quippe
3046 3653 3093 3705 ei
3126 3661 3307 3706 vetera
3336 3659 3481 3717 sunt,
3527 3666 3664 3719 quae,
3699 3660 3761 3703 ut
3788 3650 3914 3709 dixi,

2326 3757 2424 3811 per
2452 3751 2800 3797 renovantem
2830 3742 3073 3812 spiritum
3107 3756 3212 3795 non
3254 3742 3642 3810 intelliguntur.
3675 3740 3809 3795 Tale
3840 3752 3919 3796 est

2328 3834 2489 3902 igitur
2518 3852 2581 3889 ac
2609 3836 2652 3889 si
2674 3824 2828 3889 dicat
2861 3852 2874 3887 :
2922 3834 3147 3903 Dignum
3176 3842 3259 3888 est
3304 3842 3362 3886 ut
3391 3834 3457 3887 ab
3498 3848 3686 3886 eorum
3730 3847 3918 3885 narra-

2326 3923 2472 3977 tione
2494 3922 2670 3987 sileas,
2696 3937 2925 3992 quorum
2956 3938 3124 3976 novos
3145 3932 3200 3977 et
3218 3922 3527 3991 splendidos
3547 3937 3739 3976 sensus
3771 3923 3917 3990 igno-

2326 4030 2435 4070 ras.
2468 4015 2596 4080 Quae
2636 4015 2882 4069 nimirum
2913 4015 3012 4070 etsi
3034 4015 3302 4070 subtiliter
3331 4016 3614 4083 intelligis,
3651 4024 3915 4069 tumorem

2328 4105 2645 4173 arrogantia:
2665 4106 2756 4160 tibi
2784 4114 3038 4175 praestare
3062 4121 3165 4162 non
3187 4105 3405 4169 debent,
3427 4107 3550 4174 quia
3575 4106 3718 4161 Deus
3746 4108 3919 4161 scicn-

2327 4195 2523 4247 t'arum
2559 4194 2813 4249 Dominus
2842 4202 2945 4249 est.
2996 4195 3326 4264 Redemptor
3353 4196 3549 4266 quippe
3579 4196 3800 4250 humani
3830 4211 3920 4265 ge.

2327 4285 2489 4346 neris,
2541 4284 2663 4353 quia
2694 4285 2885 4337 summi
2932 4283 3106 4339 Patris
3130 4294 3211 4338 est
3242 4284 3505 4346 Verbum,
3542 4283 3805 4339 Dominus
3843 4293 3921 4339 est

2327 4377 2509 4442 utique
2539 4375 2775 4429 omnium
2806 4376 3177 4431 scientiarum.
3226 4377 3345 4429 Alta
3388 4378 3606 4446 quippe,
3638 4386 3693 4429 ct
3727 4391 3918 4444 magna

636 4459 851 4513 rimosio
868 4471 1076 4529 patrum
1094 4460 1403 4514 fortitudine
1419 4461 1706 4528 gloriantes
1722 4461 1983 4528 reprimit,
2003 4460 2218 4514 dicens:
2254 4487 2301 4546 ι)
2329 4465 2341 4519 Ι
2381 4476 2535 4520 cutus
2564 4476 2645 4519 est
2696 4467 2888 4535 Isaias,
2923 4482 3112 4536 magna
3142 4469 3350 4523 locutus
3376 4477 3459 4523 est
3502 4467 3702 4523 let-cn-i
3724 4485 3799 4535 es;
3831 4470 3920 4523 sed

638 4550 764 4606 Non
785 4551 1011 4622 Moyses,
1038 4553 1126 4605 sed
1149 4551 1307 4605 Pater
1323 4570 1461 4606 meus
1485 4554 1625 4607 dedit
1650 4556 1786 4608 vobis
1806 4571 1991 4623 panem
2015 4555 2078 4608 de
2097 4555 2220 4609 ccelo

638 4641 802 4712 (toan
823 4657 893 4706 vt,
918 4640 1302 4713 32).&,6Hinc
1331 4642 1604 4696 Psalmisla
1625 4659 1728 4696 non
1752 4643 1970 4714 Moysen
1994 4644 2224 4698 inaniter

634 4732 888 4798 cllerens,
936 4732 1029 4786 sed
1058 4732 1343 4786 Dominum
1376 4733 1713 4787 laudabiliter
1739 4734 2025 4799 extollens,
2054 4734 2217 4788 dicit:

637 4822 789 4877 Fecit
825 4823 1086 4876 mirabilia
1126 4824 1181 4876 in
1210 4833 1348 4875 terra
1385 4821 1458 4875 1E
1463 4825 1626 4895 gypti,
1658 4825 1711 4877 in
1742 4842 1922 4893 campo
1954 4825 1996 4879 Τ
1997 4826 2220 4891 Itaneos,

632 4915 911 4982 interrupit
941 4898 1100 4977 m‘are,
1125 4923 1172 4967 et
1202 4913 1442 4984 perduxit
1464 4930 1570 4980 eos,
1601 4922 1650 4968 et
1679 4915 1858 4968 statuit
1880 4932 2043 4987 aquas
2071 4917 2220 4988 quasi

639 5007 692 5057 in
718 5014 849 5058 utre.
876 5003 1073 5057 Eduxit
1094 5021 1180 5058 eos
1207 5005 1263 5058 in
1288 5005 1417 5058 nube
1442 5006 1558 5069 diei,
1587 5015 1633 5058 et
1658 5014 1765 5060 tota
1788 5008 2007 5060 noctein
2034 5008 2225 5061 i'lami—

642 5096 850 5147 natione
875 5094 1030 5163 ignis.
1061 5093 1256 5147 Eduxit
1285 5112 1469 5164 aquam
1499 5095 1563 5149 de
1590 5107 1757 5167 petra,
1790 5105 1839 5149 et
1869 5097 2080 5149 deduxit
2107 5104 2228 5151 tan-

636 5199 793 5253 quam
821 5183 1037 5251 ﬂumina
1069 5199 1248 5253 aquas.
1285 5181 1352 5236 Et
1377 5184 1639 5237 mandarit
1669 5183 1885 5236 nubibus
1913 5184 2146 5254 desuper,
2178 5192 2227 5237 et

633 5273 699 5342 ja
739 5290 833 5326 uas
873 5273 988 5327 coeli
1027 5276 1247 5344 aperuit,
1274 5285 1323 5327 et
1352 5276 1480 5345 pluit
1516 5276 1623 5329 illis
1667 5291 1861 5328 ntanna
1901 5273 1969 5326 ad
2008 5274 2226 5327 mandu-

643 5361 893 5426 candum,
925 5372 973 5417 et
1005 5364 1133 5433 pluit
1180 5380 1332 5435 super
1360 5381 1447 5418 eos
1492 5364 1625 5417 sicut
1663 5365 1919 5432 pulverem
1944 5379 2146 5429 carnes,
2177 5373 2227 5417 et

643 5454 773 5506 sicut
817 5472 1030 5509 arenam
1076 5458 1237 5509 maris
1279 5457 1507 5510 volatilia
1536 5465 1760 5526 pennata
1805 5454 1975 5524 (Psal.
2010 5471 2223 5521 uxvu,

645 5542 732 5603 l2,
769 5548 919 5615 δρψ).
954 5544 1211 5600 Dominus
1240 5556 1417 5599 autem
1454 5545 1609 5600 Jesus
1639 5545 1789 5600 fontis
1834 5547 2227 5615 incomparabi-

644 5632 767 5687 liter
798 5650 900 5690 non
928 5636 980 5689 in
1009 5635 1183 5689 aliena
1215 5636 1407 5688 virtute
1436 5637 1700 5705 apparuit,
1734 5633 1826 5687 sed
1852 5633 1902 5687 in
1932 5648 2045 5689 sua.
2074 5631 2225 5690 Unde

2329 4556 2572 4623 profecto
2602 4556 2731 4610 nhil
2760 4557 3032 4623 dicerent,
3074 4558 3118 4611 si
3160 4558 3266 4613 hoc.
3294 4557 3527 4637 Verbum
3573 4558 3919 4613 scientiarum

2332 4642 2590 4698 nomium
2636 4661 2740 4699 non
2788 4646 2887 4709 eis,
2922 4658 3209 4716 antequam
3254 4648 3620 4717 loquerentur,
3663 4647 3921 4702 scient'as

2331 4732 2545 4787 indicar.
2567 4742 2607 4787 t.
2644 4733 2794 4788 Unde
2823 4746 2877 4789 et
2906 4736 3213 4803 frequenter
3238 4738 3289 4790 in
3326 4737 3472 4791 lib-is
3500 4739 3742 4804 ejusdem
3774 4739 3920 4793 Isaia:

2286 4852 2289 4855 -
2330 4821 2604 4890 propheta:
2634 4823 2682 4877 le
2718 4822 2733 4877 i
2762 4840 2861 4877 ur:
2900 4822 3119 4879 Verbum
3147 4826 3282 4891 quod
3302 4828 3493 4896 factum
3514 4835 3589 4879 est
3620 4827 3690 4879 ad
3724 4826 3921 4881 Isaiam

2330 4912 2652 4979 prapltetam.
2681 4912 3012 4981 Frequent-r
3041 4925 3094 4969 et
3120 4917 3171 4970 in
3204 4917 3337 4970 libro
3357 4915 3603 4971 Jercmia:
3628 4912 3917 4973 scribitur:

2343 4999 2558 5057 Verbum
2586 5004 2722 5073 quod
2746 4990 2936 5075 factum
2964 5017 3041 5060 est
3059 5008 3128 5060 ad
3150 5006 3428 5062 Jeremiam
3451 5025 3580 5077 prop
3618 5020 3779 5064 etant.
3808 5010 3923 5068 lloc

2338 5090 2564 5145 Verbum
2597 5094 2940 5149 scientiatum
2972 5095 3253 5150 Dominum
3292 5096 3529 5152 Joannes
3562 5098 3615 5151 in
3656 5100 3921 5154 a‘ti-simo

2329 5183 2521 5235 summi
2570 5180 2742 5238 Patris
2781 5185 2899 5237 sinu
2931 5185 3213 5253 aspiciens,
3245 5186 3319 5238 ait
3348 5200 3364 5239 :
3412 5185 3477 5239 In
3507 5190 3768 5257 principio
3811 5199 3921 5243 erat

2336 5270 2580 5339 Verbum,
2606 5283 2653 5325 et
2690 5272 2909 5326 Verbum
2928 5285 3041 5327 erat
3062 5276 3201 5344 apud
3224 5275 3284 5328 D:
3300 5288 3466 5345 um,et
3494 5277 3629 5332 Deus
3651 5291 3766 5332 erat
3798 5280 3919 5333 Ver-

2329 5364 2448 5416 bum
2473 5361 2649 5425 (Joan.
2679 5380 2720 5429 ι,
2753 5362 2827 5432 1).
2871 5362 3006 5419 llinc
3037 5366 3225 5425 Paulus
3254 5368 3600 5423 scientiarum
3632 5370 3920 5425 Dominum

2333 5451 2748 5524 Rvdrtnptorem
2797 5466 3037 5510 nostrum
3067 5456 3172 5526 [ι’]
3220 5457 3526 5520 insinuans,
3554 5459 3683 5513 dicit
3721 5479 3735 5512 :
3789 5460 3921 5525 Quia

2326 5546 2379 5597 in
2410 5544 2522 5614 ipso
2556 5545 2752 5599 habitat
2778 5549 2943 5603 omnis
2970 5548 3232 5618 plenitudo
3264 5549 3554 5603 divinitatis
3583 5555 3922 5621 corporaliter

2333 5634 2466 5706 (Col.
2500 5651 2557 5700 ll,
2589 5636 2665 5707 9).
2697 5638 2827 5691 Dtnn
2868 5652 2997 5707 egro
3026 5638 3193 5694 dicit:
3226 5639 3496 5695 lleccdant
3527 5651 3697 5695 vetera
3730 5646 3796 5697 de
3838 5656 3921 5699 are
