4000 6292
172 321 243 371 αἱ

1070 321 1132 373 l.\'
1175 321 1429 377 PRIMUM
1471 321 1712 378 REDUM
1754 324 2266 389 EXl‘OSITIONES.
2299 365 2368 378 -—-
2410 338 2534 394 LIB.
2579 341 2616 395 Ι.

3409 359 3477 410 τη

174 446 362 496 rrstro,
399 452 524 504 quia
559 434 701 488 Dens
742 436 1073 487 scientiarum
1117 433 1369 488 Dominus
1409 447 1503 499 est,
1547 437 1672 506 quid
1702 447 1784 493 est
1812 444 1859 500 Α
1893 451 2064 496 tuum
2099 449 2270 501 minas
2302 465 2405 504 non
2437 454 2823 510 erubescebant
2859 459 3224 518 delituscendo
3257 468 3477 540 fugere,

179 528 322 581 aliud
345 526 549 588 dicere.
573 528 677 582 nisi
699 527 994 598 Synagoga:
1019 536 1202 596 aperta
1226 529 1437 582 ratione
1458 540 1780 597 monstrare,

183 627 240 672 ut
270 626 424 672 tanto
466 617 701 673 sollicite
743 627 918 671 tacere
961 617 1188 683 debeat,
1215 625 1418 686 quanto
1464 633 1569 672 non
1608 620 1781 674 solum

182 709 330 776 quod
356 711 482 773 sint,
515 709 613 764 sed
643 709 804 764 etiam
828 725 857 762 a
884 723 992 776 quo
1021 709 1128 762 sint
1153 724 1216 762 ea
1244 724 1364 777 qua:
1391 709 1520 764 dicit
1542 709 1782 775 ignorat’

180 803 347 867 Quasi
380 801 527 856 dicat
558 820 572 854 :
617 801 766 854 Illam
797 801 1107 863 scientiam,
1139 816 1298 870 quam
1330 809 1540 870 patrum
1567 809 1781 856 tuormn

181 892 351 946 fuisse
399 892 634 952 astruis.
664 899 812 946 tanto
845 890 938 944 tibi
976 890 1104 944 dare
1148 890 1510 958 arrogantiam
1542 907 1646 944 not
1688 893 1781 945 de-

180 983 321 1048 buit,
347 989 550 1053 quanto
578 998 686 1036 non
713 981 973 1050 ipsorum,
997 982 1089 1033 sed
1116 981 1369 1048 unigeniti
1400 979 1517 1034 Filii
1543 981 1632 1036 Dei
1664 982 1778 1047 fuit,

178 1083 229 1125 et
260 1074 430 1138 ipsam
455 1073 698 1126 eamdem
723 1071 1000 1125 scientiam
1030 1087 1133 1125 non
1159 1071 1286 1124 intel
1315 1072 1429 1138 igis.
1457 1073 1591 1126 Dicit
1620 1088 1775 1140 ergo:

179 1160 456 1216 Ret-edunt
486 1172 652 1215 retera
682 1161 746 1213 de
774 1177 862 1213 ore
904 1169 1088 1212 vestro.
1134 1158 1203 1213 Ut
1245 1157 1413 1212 Judzei
1444 1175 1777 1229 nequaquam

179 1260 250 1305 tte
293 1262 478 1305 rat-cut
502 1251 645 1319 quod
672 1251 685 1303 i
730 1250 966 1315 telligere
996 1257 1144 1303 recte
1168 1264 1275 1302 non
1306 1249 1499 1318 pneval
1537 1259 1615 1303 nt.
1642 1249 1780 1304 Deus

177 1343 569 1404 scientiarum,
601 1340 751 1403 dicit,
785 1339 1040 1392 Dominus
1088 1346 1189 1402 est,
1223 1346 1280 1392 ut
1325 1337 1467 1406 quod
1518 1340 1781 1392 veraciter

181 1435 283 1489 Dei
314 1460 325 1482 ι
347 1450 432 1488 sse
456 1433 829 1504 comprobant,
858 1430 1164 1484 hominibus
1194 1428 1453 1484 fallaciter
1478 1446 1582 1482 non
1613 1431 1779 1483 ascri-

181 1533 334 1576 mnt.
360 1521 464 1577 Sed
495 1525 620 1574 dum
653 1521 720 1574 de
756 1519 934 1573 verbis
970 1518 1241 1586 jactantizc
1270 1515 1448 1570 Judma
1480 1518 1776 1586 reprehen-

177 1615 353 1679 r‘itur,
379 1613 499 1683 quia
524 1613 672 1666 nullo
695 1611 884 1665 timore
913 1609 1311 1677 conn-ungitur.
1337 1608 1385 1662 ei
1408 1610 1569 1663 etiam
1591 1611 1658 1664 de
1684 1627 1778 1666 oc-

178 1705 346 1758 cultis
390 1702 714 1774 perfiforum
753 1701 994 1756 cordium
1045 1699 1277 1754 motibus
1322 1707 1586 1755 tormenta
1636 1717 1775 1756 nun-

180 1795 410 1847 lim-tur.
442 1792 575 1848 Nam
607 1793 880 1862 sequitur:

255 1905 435 1959 (Veis.
468 1905 548 1974 '5.)
582 1903 651 1958 Et
677 1904 777 1975 ipsi
805 1912 1170 1974 prwparanlur
1190 1905 1545 1975 cogitationes.

253 1993 345 2046 10.
379 1992 543 2058 Quasi
571 1993 717 2047 dicat
745 2010 758 2045 :
793 1992 959 2058 Quem
991 1993 1367 2063 blasphemare
1411 2010 1517 2049 non
1547 1995 1773 2059 metuis,

176 2101 292 2139 non
321 2085 498 2139 solum
550 2085 746 2151 lingua:
794 2083 1016 2138 habebis
1059 2085 1327 2152 judicent,
1360 2085 1450 2138 sed
1492 2094 1546 2139 et
1575 2086 1770 2140 cordis.

179 2176 338 2230 [inde
359 2186 411 2229 et
438 2192 532 2244 per
551 2175 742 2230 Isaiam
766 2175 1139 2238 comminatur,
1159 2175 1341 2228 dicens
1357 2213 1372 2228 .
1393 2173 1500 2245 Ego
1523 2191 1698 2244 opera,
1724 2184 1774 2228 et

173 2271 523 2341 cogitationes
551 2286 725 2322 eorum
750 2270 893 2322 venio
914 2277 968 2321 ut
991 2284 1215 2338 congreg
1244 2265 1467 2339 m(lsai.
1501 2283 1638 2328 ωινι,
1658 2267 1769 2333 18).

176 2360 320 2414 Ilinc
351 2376 448 2429 per
477 2359 694 2432 Moysen
741 2359 994 2412 Dominus
1018 2372 1049 2411 c
1071 2357 1386 2422 tntminans,
1416 2357 1490 2410 ait
1522 2373 1535 2408 :
1578 2355 1772 2409 Nonne

174 2455 292 2505 hare
312 2450 521 2504 condita
545 2458 664 2503 sunt
687 2450 824 2520 apud
847 2466 945 2514 me,
978 2457 1027 2502 et
1066 2449 1268 2519 signata
1287 2448 1338 2499 in
1359 2446 1612 2499 thesauris
1648 2447 1770 2498 meis

176 2542 366 2610 (Dent.
409 2557 559 2595 xxxtt
606 2539 724 2612 5b)?
751 2539 811 2592 Et
845 2540 969 2610 quia
993 2539 1073 2592 his
1095 2537 1273 2592 verbis
1301 2529 1569 2591 silentium
1596 2535 1769 2606 Syna-

170 2647 332 2701 gnga:
363 2634 694 2704 prmcipitur,
725 2631 1000 2685 videamus
1022 2628 1134 2698 jam
1165 2637 1350 2684 sancta
1382 2626 1621 2681 Ecclesia
1652 2626 1770 2695 qui-

172 2725 280 2778 bus
304 2726 326 2777 f
355 2725 640 2778 cunditatis
660 2739 771 2776 sum
796 2721 1038 2777 laudibus
1059 2721 1111 2774 in
1141 2721 1307 2774 Anna:
1329 2734 1461 2774 voce
1485 2719 1766 2788 gloiietur.

171 2815 330 2868 Subd
364 2831 428 2868 ns
452 2829 682 2883 namque
707 2814 782 2867 ait
808 2829 822 2867 :

245 2925 428 2988 (V'ers.
458 2924 538 2995 ι.)
563 2926 728 2979 Arcus
757 2927 968 2996 fortium
989 2929 1259 2994 superatus
1287 2930 1382 2975 est.

245 3017 272 3070 1
289 3016 336 3069 ι.
361 3015 615 3083 Quisnam
637 3024 721 3071 est
743 3030 901 3070 arcus
922 3013 1157 3076 fortium,
1181 3012 1283 3066 nisi
1311 3011 1642 3066 fraudulenta
1664 3027 1766 3066 sa:-

168 3109 302 3162 vitia
331 3107 635 3162 Judmorum
660 3109 684 3161 ?
725 3106 804 3160 Ex
831 3105 1045 3160 occulto
1083 3104 1313 3174 quippe,
1344 3104 1494 3172 quasi
1523 3118 1588 3158 ex
1634 3119 1762 3158 arcu

1886 543 1936 586 et
1967 537 2055 605 qui
2087 537 2369 594 ιιΙΙΙΙῘΘΓυιη
2401 545 2561 598 verba
2588 547 2894 618 timuerant,
2925 555 3300 611 auctoritatem
3324 567 3441 630 prin

1885 635 2060 702 cipum
2092 637 2340 694 libertate
2369 639 2700 709 frangebant.
2731 645 2869 702 Vicit
2901 649 3064 704 robur
3094 650 3436 710 formidinem
3459 701 3476 725 ,

1886 733 2138 789 terrores,
2171 730 2360 791 minas.
2393 740 2449 786 et
2477 738 2649 790 ctedes
2678 743 2986 809 superavit;
3017 751 3073 799 et
3104 759 3243 812 quos
3279 762 3462 816 super-

1884 816 2148 869 veuieudn
2173 818 2371 888 induit,
2401 821 2452 876 in
2481 825 2688 880 cmtesti
2720 829 2907 884 militia
2941 832 3200 889 mirabilis
3229 835 3468 892 audacia:

1886 906 2178 972 insignibus
2216 910 2522 978 illustravit,
2565 926 2617 969 ut
2649 917 2786 971 inter
2825 917 3050 987 ﬂagella.
3077 924 3254 982 cmdes
3282 935 3337 981 et
3372 944 3473 997 op-

1884 997 2096 1064 pt'obria
2141 1015 2247 1054 non
2291 1012 2591 1059 metuerent
2635 1007 2764 1077 48,
2794 1011 2886 1064 sed
2935 1013 3142 1069 exsulta
3174 1025 3285 1071 ent.
3323 1017 3477 1075 Scri-

1883 1097 2030 1155 ptum
2064 1090 2262 1159 quippe
2283 1091 2350 1145 de
2378 1094 2456 1148 eis
2479 1094 2581 1150 hoc
2594 1095 2703 1164 jam
2729 1099 2925 1155 rubore
2948 1103 3144 1159 indulis
3165 1116 3247 1160 est
3273 1124 3288 1161 :
3316 1107 3476 1165 Ibant

1881 1181 2102 1243 apostoli
2130 1184 2408 1253 gaudentes
2438 1204 2469 1239 a
2498 1201 2770 1258 conspectu
2805 1195 3028 1256 concilii,
3061 1199 3301 1267 quoniam
3328 1201 3475 1272 digni

1881 1270 2040 1325 habiti
2066 1284 2184 1327 sunt
2204 1293 2299 1345 pro
2330 1281 2532 1333 nomine
2563 1281 2687 1335 Jesu
2718 1287 3081 1342 contumeliam
3111 1293 3219 1358 pati
3251 1270 3468 1355 (Αειίν,

1879 1360 1939 1412 Μ
1971 1363 2014 1431 ).
2047 1362 2182 1419 Illuc
2205 1366 2314 1434 jam
2348 1370 2719 1436 prmdicnntes,
2751 1374 2939 1429 dicunt
2970 1394 2984 1430 :
3029 1376 3191 1433 Omne
3219 1386 3468 1452 gaudium

1877 1453 2200 1520 existimate,
2233 1458 2454 1525 fratrs,
2485 1477 2597 1514 cum
2629 1463 2679 1515 in
2709 1468 3011 1521 tentationes
3033 1473 3201 1524 aerias
3231 1475 3476 1529 incideri-

1879 1543 1942 1594 tis
1973 1541 2111 1612 (Jac.
2145 1563 2182 1612 t,
2211 1547 2290 1620 ἓ).
2337 1550 2481 1605 Bene
2528 1567 2657 1620 ergo
2686 1556 2919 1611 dicitur:
2953 1561 3116 1614 Arcus
3143 1565 3351 1634 fortium
3380 1585 3477 1620 su-

1877 1641 2083 1696 peratus
2111 1644 2205 1726 est,
2237 1645 2286 1689 et
2307 1639 2504 1707 inﬁrmi
2531 1644 2750 1698 accincti
2777 1658 2894 1701 sunt
2930 1650 3134 1707 robore.
3158 1654 3291 1719 Quia
3322 1658 3469 1726 prius

1878 1734 1907 1772 a
1949 1724 2172 1779 mortuis
2203 1731 2514 1792 resurrexit.
2566 1741 2621 1786 et
2665 1735 2742 1789 sic
2788 1738 2852 1790 ad
2899 1739 3092 1795 emittm
3143 1724 3473 1817 Redemptor

1803 1812 1851 1874 Β
1879 1811 2028 1876 abiit,
2053 1823 2107 1867 et
2124 1813 2216 1884 Spi
2251 1817 2379 1872 itum
2403 1832 2648 1875 sanetum
2672 1825 2944 1896 di~cipu|is
2962 1831 3122 1885 misit.
3147 1831 3297 1888 Prius
3318 1811 3467 1891 nam-

1880 1919 1985 1995 que
2014 1909 2346 1976 superandus
2376 1923 2492 1967 erat
2521 1930 2676 1970 arcus
2724 1917 2972 1986 fortium,
3019 1932 3074 1977 et
3105 1937 3226 1995 post
3272 1928 3465 1985 intimi

1881 1994 2078 2049 robore
2109 1999 2438 2067 accingendi.
2478 2002 2626 2059 Unde
2665 2016 2720 2061 et
2757 2010 3014 2080 scriptum
3042 1994 3125 2069 est
3159 2035 3169 2068 :
3218 2016 3467 2075 Nondum

1875 2094 1989 2137 erat
2016 2088 2228 2155 spiritus
2262 2094 2446 2161 (latus,
2473 2099 2592 2164 quia
2621 2096 2772 2153 Jesns
2815 2105 3039 2158 nondum
3067 2109 3237 2177 fuerat
3261 2112 3466 2180 gloriﬁ.

1875 2184 2017 2230 coms
2047 2180 2222 2246 (.Ioan.
2250 2199 2340 2246 vn,
2371 2184 2480 2255 39).

1948 2270 2033 2324 l3.
2067 2271 2181 2337 Qun
2213 2275 2264 2327 in
2289 2274 2410 2330 loco
2439 2279 2732 2334 notandum
2759 2291 2843 2336 e-‘t
2873 2285 2993 2356 quia
3024 2286 3127 2343 hnc
3158 2299 3343 2347 contra
3371 2293 3464 2348 Ju-

1875 2363 2042 2417 daeum
2075 2367 2267 2420 dicitur
2307 2383 2428 2436 qua:
2463 2372 2720 2428 miracula
2769 2375 3142 2448 Redemptoris
3179 2391 3329 2440 tanto
3368 2402 3463 2440 su-

1833 2487 1842 2498 .
1877 2453 2092 2521 perbius
2118 2453 2366 2522 despicit,
2399 2469 2603 2526 quanto
2629 2462 2767 2516 inter
2793 2465 3050 2534 Supplicia
3083 2479 3352 2526 mortuum
3383 2489 3466 2527 re-

1874 2545 2167 2610 cognnsrit.
2204 2545 2342 2600 Dicit
2379 2563 2509 2617 ergo
2543 2568 2555 2602 :
2606 2551 2768 2605 Arcus
2795 2555 3004 2625 fortium
3045 2569 3315 2622 superatas
3360 2574 3456 2623 est.

1870 2644 1920 2687 et
1959 2635 2158 2706 inﬁrmi
2194 2639 2412 2693 accincti
2461 2651 2580 2695 sunt
2608 2642 2808 2699 robore.
2859 2647 3020 2713 Quasi
3071 2663 3296 2706 mortem
3346 2653 3454 2708 Re-

1871 2723 2168 2794 demptoris
2188 2727 2536 2784 calumnianti
2555 2732 2850 2803 Synagugre
2873 2739 3218 2807 respmuleat,
3241 2741 3459 2798 dicens:

1870 2813 1988 2870 Noli
2021 2816 2296 2887 despicere
2323 2822 2465 2891 quod
2514 2824 2650 2878 mori
2683 2827 2877 2895 potuit,
2923 2830 3015 2884 sed
3060 2831 3252 2889 mirare
3280 2836 3460 2903 potius

1868 2911 1994 2978 quia
2047 2920 2287 2967 mortuus
2333 2915 2661 2976 resurrexit.
2719 2926 2774 2971 et
2813 2922 2988 2986 gentis
3037 2931 3140 2977 tua:
3201 2927 3455 2984 szcvitiem

1869 3002 2238 3058 reviviscendo
2289 3007 2581 3074 superavit.
2634 3005 2701 3060 Et
2745 3010 2870 3076 quia
2928 3013 3031 3068 hoc
3075 3015 3143 3069 de
3183 3021 3461 3086 prmterito

1868 3092 2134 3161 ostendit,
2178 3109 2285 3148 non
2341 3095 2515 3150 solum
2566 3095 2931 3156 denuntiando
2969 3104 3018 3158 ei
3059 3104 3327 3174 loquitur,
3357 3108 3455 3163 sed

173 3201 524 3269 ltedemptori
549 3199 742 3254 vulnus
771 3196 1106 3261 inflixerant,
1135 3209 1296 3264 quem
1324 3195 1562 3263 gentium
1592 3195 1760 3249 mani-

1870 3185 2192 3241 insultando.
2258 3187 2421 3255 Quasi
2492 3189 2636 3244 enim
2701 3191 2934 3249 inaniter
3001 3195 3274 3253 insultanti
3349 3201 3454 3254 im-

169 3293 272 3346 bus
321 3291 662 3346 occidebant.
711 3288 818 3343 Sed
870 3295 1152 3356 superatus
1192 3295 1275 3341 est
1304 3302 1460 3342 arcus
1505 3286 1760 3354 fortium,

168 3383 295 3450 quia
327 3382 418 3451 qui
449 3395 638 3435 eorum
665 3380 889 3433 vulnere
915 3378 1069 3441 obiit,
1097 3392 1126 3430 a
1171 3377 1398 3430 mortuis
1411 3377 1720 3431 iresurrexit
1738 3416 1756 3442 ,

170 3479 222 3532 ia
249 3478 445 3532 cmlum
471 3475 732 3540 ascendit,
754 3476 1076 3545 promi-sum
1098 3472 1356 3542 Spiritum
1387 3480 1630 3527 sanctum
1652 3470 1759 3527 dis-

167 3571 362 3640 cipulis
391 3570 557 3623 misit.
591 3565 746 3628 Unde
774 3565 908 3620 subd
933 3573 1022 3620 tur
1047 3581 1060 3618 :

241 3660 424 3730 (Vers.
455 3657 533 3727 5.)
565 3657 633 3711 Et
659 3657 856 3728 inﬁrmi
885 3657 1102 3708 accincti
1125 3664 1244 3709 sunt
1271 3653 1472 3710 robore.

237 3752 329 3807 12.
363 3750 741 3821 Appellatione
771 3748 987 3814 quidem
1039 3748 1267 3811 roboris,
1300 3747 1472 3801 virtus
1514 3744 1756 3801 ostendi-

162 3855 251 3899 tur
271 3844 507 3914 Spiritus
532 3842 724 3897 sancti.
757 3838 908 3895 Uudc
929 3849 986 3895 et
1010 3839 1256 3894 eumdem
1287 3837 1544 3908 Spiritum
1576 3836 1758 3890 Domi-

165 3951 268 3989 nus
293 3933 570 4003 discipulis
599 3933 1002 4002 repromittens,
1035 3931 1106 3982 ait
1136 3947 1149 3982 :
1190 3929 1291 3984 Vos
1320 3938 1489 3982 autem
1513 3928 1683 3982 sedete
1700 3929 1755 3981 in

162 4028 400 4089 civitate,
429 4026 592 4078 donec
635 4023 930 4078 induamini
967 4023 1151 4076 virtute
1187 4038 1251 4075 ex
1280 4023 1384 4075 alto
1416 4019 1564 4089 (Luc.
1609 4037 1750 4084 xxiv,

159 4115 279 4183 49).
296 4111 494 4170 Robur
521 4123 698 4170 autem
721 4114 892 4182 gratia
919 4113 1090 4167 sancti
1115 4112 1346 4180 Spiritus
1371 4118 1516 4164 recte
1537 4110 1751 4175 dicitur,

161 4219 326 4272 quam
359 4213 417 4258 ut
446 4204 601 4259 electi
633 4204 920 4274 recipiunt,
960 4210 1148 4258 contra
1178 4202 1356 4255 omnia
1388 4199 1613 4254 adversa
1654 4199 1755 4254 hu-

159 4297 249 4365 jus
274 4297 460 4352 saiculi
483 4297 650 4350 fortes
681 4295 835 4350 fiunt.
863 4293 1112 4361 Quivero
1138 4292 1330 4347 infirmi
1353 4293 1459 4346 hoc
1484 4291 1626 4354 loco,
1654 4292 1753 4346 nisi

161 4387 412 4456 apostolo
436 4385 711 4455 intelligen
735 4387 766 4440 ti
788 4387 954 4440 sunt?
981 4384 1085 4439 Sed
1112 4383 1305 4438 infirmi
1336 4381 1600 4452 profecto,
1625 4399 1750 4438 cum

161 4496 320 4534 arcus
350 4479 566 4534 fortium
597 4478 850 4543 tenditur,
884 4493 992 4532 non
1022 4493 1143 4531 cum
1173 4478 1370 4530 virtute
1396 4491 1463 4530 ex
1493 4477 1602 4530 alto
1633 4492 1752 4531 ves-

1865 3285 2160 3346 properet,
2210 3277 2395 3335 dicens
2441 3298 2455 3334 :
2507 3281 2645 3348 Quid
2707 3283 2861 3339 vobis
2925 3287 3124 3356 proluit
3186 3292 3455 3350 occidisse

1862 3381 2020 3437 quem
2046 3369 2236 3423 mortis
2257 3367 2479 3438 laqueus
2503 3386 2611 3426 non
2641 3373 2815 3442 potuit
2843 3379 3069 3432 tenere?
3096 3379 3198 3432 Vns
3221 3384 3450 3438 occidis-

1863 3457 1949 3521 tis,
1981 3472 2048 3511 ne
2073 3465 2194 3525 pust
2235 3473 2356 3512 eum
2382 3468 2523 3516 totus
2564 3461 2792 3518 mundus
2812 3464 2951 3531 iret;
2978 3467 3072 3522 sed
3105 3469 3302 3525 idcirco
3333 3481 3455 3541 post

1859 3560 1982 3602 eum
2038 3558 2180 3603 totus
2223 3551 2453 3606 mundus
2500 3553 2676 3618 vadit,
2717 3555 2842 3624 quia
2883 3573 3068 3613 verum
3112 3576 3171 3616 se
3220 3561 3311 3618 Dei
3362 3564 3451 3619 Fi-

1860 3636 1989 3692 lium
2016 3640 2283 3709 probavit,
2310 3641 2435 3696 dum
2469 3644 2750 3700 moriendo
2779 3647 3072 3704 humanum
3109 3667 3278 3721 genus
3307 3657 3451 3711 redi-

1858 3743 2049 3797 meret,
2070 3743 2124 3787 et
2144 3733 2270 3790 dum
2293 3737 2623 3805 resurgendo
2648 3739 2912 3795 viventem
2935 3758 2994 3797 se
3009 3755 3365 3808 monstraret,
3393 3759 3450 3804 et

1859 3824 1926 3878 ad
1956 3825 2150 3879 caelum
2198 3827 2618 3896 conscenderet,
2647 3841 2702 3884 et
2747 3832 2994 3900 spiritum
3024 3846 3268 3890 sanctum
3319 3855 3448 3907 pro-

1857 3917 2078 3972 missum
2107 3917 2378 3987 discipulis
2405 3919 2720 3977 destinaret.
2771 3923 2838 3976 Et
2877 3926 2999 3992 quia
3032 3943 3128 3997 pro
3160 3930 3450 3986 increduli-

1857 4007 1982 4061 tatis
2009 4022 2119 4061 sua:
2143 4010 2334 4064 merito
2362 4009 2644 4081 Synagoga
2677 4027 2706 4065 a
2735 4014 3148 4084 participatione
3174 4019 3452 4086 promissas

1855 4096 2037 4163 gratia:
2065 4098 2276 4168 repulsa
2311 4107 2410 4166 est,
2457 4100 2508 4154 id
2538 4103 2707 4170 ipsum
2737 4118 2795 4157 sa
2823 4112 2920 4158 .cta
2962 4104 3200 4163 ECelesia
3240 4110 3444 4179 impro-

1855 4202 2052 4255 perans
2080 4189 2150 4253 ei,
2180 4190 2436 4258 subdens,
2467 4192 2538 4246 ait
2573 4209 2586 4245 :

1928 4278 1948 4349 (
1965 4278 2097 4334 Vers
2127 4277 2219 4349 5.)
2261 4281 2460 4352 Repleti
2487 4285 2652 4354 prius,
2682 4303 2778 4354 pro
2799 4289 3016 4357 panibus
3040 4307 3097 4344 se
3130 4292 3447 4361 locat-erunt,

1853 4377 1904 4421 et
1927 4370 2151 4439 famelici
2176 4375 2398 4428 saturati
2419 4384 2557 4430 sunt.

1928 4460 2013 4514 14.
2046 4463 2147 4529 Qui
2177 4463 2390 4520 luerunt
2419 4467 2566 4536 prius
2591 4469 2800 4536 repleti.
2837 4471 2937 4526 nisi
2965 4473 3054 4540 qui
3082 4476 3445 4543 cognitionem-

162 4571 389 4623 tiuntur.
443 4567 576 4622 Nam
627 4567 681 4621 in
737 4569 866 4621 hora
913 4565 1204 4620 Dominica:
1252 4564 1748 4633 comprehensionis

1870 4553 1969 4620 Dei,
2012 4561 2297 4622 antequam
2342 4558 2519 4612 caeteri
2558 4560 2771 4629 populi,
2817 4561 3158 4617 habuerunt?
3186 4563 3286 4630 Qui
3314 4581 3449 4635 ergo

159 4659 425 4729 scriptum
450 4658 518 4712 de
543 4658 620 4712 eis
646 4665 749 4720 est,
778 4657 925 4726 quia,
956 4656 1134 4709 relicto
1174 4653 1419 4718 Domino,
1449 4671 1624 4708 omnes
1665 4657 1751 4726 fn-

161 4758 348 4820 gerunt
378 4747 590 4819 (Matth.
617 4763 763 4814 xxvi,
791 4747 904 4817 56).
930 4747 1012 4800 Au
1042 4761 1149 4799 non
1177 4745 1327 4800 valde
1356 4743 1595 4802 infirmus
1622 4754 1749 4800 tunc

163 4839 358 4895 Petrus
395 4849 550 4900 erat,
583 4854 704 4893 cum
754 4839 1137 4906 interrogantis
1157 4836 1425 4891 ancillula:
1448 4851 1635 4890 vocem
1677 4837 1746 4890 ti-

163 4931 318 4994 muit,
343 4939 396 4984 et
421 4929 835 4998 Redemptorem
864 4927 1078 4994 negavit
1101 4925 1289 4996 (Ibid.,
1313 4943 1460 4991 um,
1486 4926 1612 4994 πη
1629 4925 1745 4980 Jam

160 5026 365 5092 quippe
383 5030 667 5092 superatus
689 5031 807 5077 erat
826 5037 985 5076 arcus
1007 5020 1246 5083 fortium,
1276 5020 1564 5075 anniltilata
1589 5019 1743 5075 εωνί-

163 5123 184 5166 t
202 5129 234 5166 a
262 5099 591 5177 Judatornm,
623 5112 747 5180 quia
776 5111 1104 5182 Redemptor
1133 5119 1307 5166 morte
1337 5111 1473 5166 victa
1502 5125 1752 5166 surrexe-

160 5215 280 5271 rat;
302 5212 354 5260 et
377 5213 556 5258 tamen
581 5205 757 5258 adhuc
784 5204 974 5258 infirmi
1003 5204 1234 5274 apostoli
1258 5212 1540 5273 superatos
1563 5202 1750 5267 fortes,

158 5298 357 5353 clausis
397 5295 601 5365 januis,
633 5296 944 5350 metuebant
990 5297 1186 5368 (Joav.
1225 5312 1312 5359 sx,
1345 5293 1469 5365 i9).
1524 5293 1630 5350 Sed
1660 5294 1752 5349 ubi

159 5405 255 5444 eos
280 5389 447 5444 robur
475 5387 649 5442 induzt
679 5387 808 5441 libet
830 5387 1024 5442 intueri
1059 5402 1221 5458 quam
1263 5386 1430 5441 fortes
1458 5383 1603 5440 fecit.
1637 5383 1747 5440 Re-

160 5479 382 5548 pentino
415 5478 620 5548 quip;:e
649 5478 824 5530 sonitu
853 5491 1016 5546 super
1041 5491 1137 5531 eos
1162 5477 1389 5547 Spiritus
1408 5483 1626 5530 sanctus
1657 5489 1752 5529 ve-

160 5569 260 5633 nit,
287 5577 343 5622 et
374 5581 566 5622 eorum
598 5565 961 5620 inﬁrmitatem
1006 5565 1059 5619 in
1089 5565 1236 5619 mira:
1272 5563 1550 5619 charitatis
1577 5563 1748 5617 virtu-

162 5667 270 5712 tem
308 5659 642 5727 permutavit
689 5657 821 5723 (Act.
853 5673 917 5720 η,
965 5655 1066 5725 22,
1092 5657 1246 5727 seq.).
1274 5654 1567 5724 Cmperunt
1605 5654 1748 5709 enim

163 5747 428 5805 Christum
456 5748 570 5819 jam
602 5747 795 5803 robore
824 5748 992 5802 induti
1021 5748 1307 5818 praedicare
1325 5788 1342 5816 ,
1379 5747 1468 5817 qui
1497 5761 1752 5817 persecu-

1855 4644 2046 4713 repleti
2078 4646 2223 4716 prius
2244 4646 2570 4716 intelligendi
2598 4657 2720 4702 stunt
2748 4651 2836 4704 alii
2865 4666 3026 4720 quam
3047 4652 3235 4721 Judazi,
3266 4657 3356 4724 qui
3388 4658 3442 4712 in

1857 4733 1960 4790 fide
1988 4736 2282 4790 conditoris
2316 4736 2428 4792 fere
2455 4737 2524 4791 ab
2565 4738 2682 4807 ipso
2711 4739 2926 4795 fuerunt
2964 4742 3230 4813 principio
3257 4747 3442 4801 mundi

1853 4827 2046 4882 eruditi
2068 4829 2091 4882 ‘l
2111 4828 2213 4897 Ipsi
2236 4826 2453 4896 quidem
2480 4845 2580 4900 pro
2611 4833 2834 4900 panibus
2857 4849 2916 4888 se
2946 4834 3274 4910 locaverunt.
3299 4837 3442 4906 Quid

1853 4916 1992 4970 euim
2018 4931 2184 4985 panes
2210 4917 2312 4971 hoc
2340 4917 2460 4972 loco
2491 4919 2809 4988 significant,
2842 4923 2941 4978 nisi
2971 4923 3222 4995 mysteria
3249 4928 3444 4984 divinas

1853 5003 2285 5062 luc.trnationis?
2327 5008 2502 5064 Locus
2540 5019 2720 5065 autent
2753 5013 3194 5070 inveniendorum
3239 5034 3452 5089 panum.

1853 5111 2004 5150 s-acra
2035 5105 2119 5151 est
2145 5097 2444 5166 Scriptura.
2482 5098 2630 5155 Unde
2657 5110 2710 5157 et
2732 5105 2904 5173 panis,
2935 5108 3025 5174 qui
3052 5107 3119 5162 de
3144 5110 3281 5165 cath
3314 5111 3440 5166 des-

1854 5190 2056 5257 cendit,
2085 5191 2149 5244 ad
2182 5190 2554 5253 inveniendum
2587 5209 2646 5248 se
2675 5195 3044 5264 ignorantibus
3069 5200 3196 5255 dicit
3233 5221 3246 5255 :
3280 5203 3442 5258 Scru-

1857 5281 2036 5335 tantini
2085 5281 2411 5350 Srripturas,
2453 5285 2572 5354 quia
2608 5287 2736 5355 ipsa:
2781 5297 2900 5342 sunt
2937 5307 3052 5358 qua:
3092 5294 3439 5349 testimonium

1854 5372 2120 5443 perhibent
2151 5373 2214 5426 de
2251 5391 2331 5429 me
2360 5373 2549 5447 (Joan.
2581 5394 2634 5440 v.
2663 5379 2776 5450 59).
2819 5379 2924 5436 Pro
2955 5383 3181 5453 panibus
3222 5399 3351 5453 ergo
3381 5403 3439 5441 se

1853 5473 2186 5538 locaverunt,
2217 5474 2341 5544 quia
2371 5489 2562 5532 omnes
2585 5476 2890 5547 Scripturas
2916 5490 3264 5549 acceperant,
3297 5493 3351 5536 ut
3385 5484 3436 5537 in

1851 5563 1930 5618 eis
1978 5572 2310 5619 sacramenta
2366 5563 2561 5621 divina:
2605 5565 2996 5624 incarnationis
3043 5571 3281 5626 invenire
3337 5573 3438 5626 de.-

1854 5656 2095 5710 buissent
2129 5675 2142 5710 :
2171 5655 2264 5710 sed
2293 5672 2413 5712 eum
2446 5658 2599 5726 panis
2646 5659 2820 5721 venit.
2864 5658 3168 5728 Synagoga,
3215 5677 3336 5730 qum
3379 5678 3448 5716 so

1855 5763 1952 5818 pro
1981 5761 2119 5819 pane
2164 5746 2459 5816 locaverat,
2488 5749 2661 5805 locum
2691 5749 2928 5818 reliquit,
2972 5749 3026 5803 in
3051 5765 3159 5820 quo
3197 5752 3438 5807 invenire
