4000 6284
517 234 526 240 .
575 298 637 353 Ἠ
1819 295 2061 354 δΑΝετι
2097 293 2424 353 GREGORII
2464 295 2674 353 MAGNI
3781 314 3845 366 η

575 424 766 477 panem
799 409 982 463 debuit
1009 425 1168 480 quem
1195 426 1313 480 qua:
1346 411 1458 466 ivit.
1497 411 1799 482 Scripturas
1825 410 2040 481 quidem
2060 453 2076 476 ,
2107 421 2166 466 ut
2195 414 2236 469 Α
2268 409 2382 481 ‘20),
2414 412 2492 465 sic
2519 412 2713 466 dicitur
2742 413 2810 468 ab
2843 413 2921 469 eis
2950 415 3142 486 accipi,
3188 417 3326 472 sicut
3355 419 3529 484 nosci,
3564 421 3724 489 sicut,
3756 442 3846 492 per

575 497 708 563 dixi,
732 498 799 552 ad
827 499 1258 567 cognoscendum
1285 499 1701 572 Redemptorem
1723 503 1926 568 habuit,
1948 503 2042 557 scd
2071 504 2162 572 qui

574 591 870 643 secundum
897 587 1200 659 Scripturas
1234 600 1483 658 venerat,
1516 593 1818 647 venientem
1843 593 2161 648 confutavit.

577 679 830 735 Famelici
859 697 988 750 ergo
1033 683 1257 737 saturati
1287 693 1433 751 sunt,
1459 685 1584 754 quia
1611 677 1704 756 qui
1729 687 2070 742 crediderunt
2097 689 2164 744 de

575 773 841 838 gentibus,
887 772 1010 828 dum
1044 775 1295 844 mysteria
1339 775 1531 830 divinae
1576 775 1965 834 lncarnationis
2001 794 2162 834 vene-

575 872 758 917 ranter
786 864 1074 933 accipiunt,
1108 864 1380 921 caelestem
1410 867 1585 921 cibum
1619 867 1820 922 habent
1847 867 1912 922 ad
1940 870 2163 924 internae

575 955 949 1010 delectationis
970 974 1143 1011 usum.
1178 958 1430 1014 Famelici
1459 959 1674 1030 quidem
1704 961 1832 1015 dicti
1861 969 2003 1028 sunt,
2036 961 2162 1030 quia

576 1059 703 1105 ante
732 1051 1018 1105 adventum
1063 1052 1455 1122 Redemptoris,
1491 1051 1814 1109 inﬁdelitatis
1855 1053 1993 1108 fame
2031 1070 2161 1140 prq-

571 1141 722 1210 jecti,
752 1143 1045 1212 spiritualis
1067 1144 1378 1198 refectionis
1403 1145 1577 1199 cibum
1611 1146 1811 1198 nullum
1835 1146 2158 1198 habuerunt.

582 1232 674 1286 Vel
705 1245 853 1286 certe
883 1232 1106 1287 [stltelici
1140 1232 1408 1298 dicuntur,
1440 1235 1565 1301 quia
1593 1235 1882 1302 spiritualis
1910 1235 2012 1288 cibi
2043 1235 2163 1288 dul-

576 1324 818 1378 cedinem
865 1341 987 1379 cum
1039 1339 1227 1392 magna
1280 1326 1536 1380 aviditate
1582 1327 1898 1396 suscipiunt.
1950 1327 2161 1397 Repleti

573 1429 724 1475 vero,
775 1414 862 1482 qui
920 1429 978 1467 se
1025 1431 1122 1483 pro
1175 1431 1314 1484 pane
1362 1417 1707 1482 locaverunt,
1737 1418 1957 1471 audiant
2001 1435 2159 1485 quem

573 1505 1003 1572 exspectabant:
1060 1502 1169 1574 Ego
1227 1522 1339 1559 sunt
1378 1507 1526 1573 panis
1574 1509 1741 1571 rivus,
1790 1507 1876 1577 (lui
1931 1508 1994 1562 de
2036 1510 2161 1563 caelo

574 1591 815 1646 descendi
843 1593 1023 1658 (Joan.
1055 1610 1127 1660 γι,
1157 1593 1244 1657 55,
1269 1594 1356 1660 41,
1389 1598 1544 1665 seq.l.
1570 1595 1674 1648 Sed
1701 1597 1824 1664 quia
1851 1613 1956 1651 non
1983 1615 2158 1654 mere-

574 1681 768 1735 bantur
791 1696 1105 1750 agnoscere,
1141 1683 1531 1751 respondebant
1559 1702 1571 1736 :
1599 1683 1789 1738 Nonne
1817 1686 1900 1740 hic
1925 1695 2001 1740 est
2020 1689 2160 1757 [ilius

2266 501 2422 556 ﬁdem
2447 512 2606 559 notus
2633 506 2700 559 ab
2722 505 2818 570 eis,
2852 521 2947 575 per
2973 507 3254 564 charitatis
3281 510 3610 567 desiderium
3642 524 3824 584 patera

2263 593 2594 662 concupisti.
2638 594 2935 665 Syuagogte
2966 597 3128 666 igitur
3166 601 3216 654 in
3251 603 3439 671 primis
3464 604 3709 673 patribus
3733 609 3837 675 glo-

2262 684 2423 736 rianti
2443 724 2458 749 ,
2490 685 2525 738 ii
2563 685 2791 740 accincti
2823 688 3021 743 robore
3050 700 3072 724 ὀ
3103 689 3479 760 praeferuntur,
3512 704 3571 749 ut
3599 695 3727 751 dum
3755 715 3840 753 no-

2263 787 2389 826 vum
2421 775 2632 828 culmen
2677 777 2972 832 electorum
3003 781 3335 849 conspicitur
3372 785 3714 853 praecelsum,
3757 804 3841 842 ne-

2262 876 2531 931 quaquam
2560 865 2793 920 inaniter
2815 867 2950 922 ultra
2979 870 3259 937 glorietur.
3292 872 3359 927 Et
3387 875 3511 944 quia
3534 891 3564 929 a
3589 877 3848 934 diseubitu

2263 963 2464 1009 sant-ta:
2511 957 2761 1012 Ecclesiae
2799 960 2951 1016 cibus
2995 963 3117 1017 vita:
3157 981 3432 1034 nunquam
3477 968 3703 1034 tollitur,
3749 973 3850 1025 tam

2262 1045 2438 1099 lutura
2470 1065 2629 1117 quam
2663 1052 2933 1118 prattesita
2965 1055 3258 1120 insinuans,
3291 1058 3367 1110 ait
3395 1075 3407 1110 :

2337 1136 2520 1206 (Vers.
2555 1141 2587 1190 6
2626 1139 2644 1208 )
2689 1140 2861 1195 Donec
2906 1146 3095 1198 s'erilis
3125 1148 3320 1215 peperit
3346 1149 3626 1218 plurimos,
3670 1160 3720 1204 et
3745 1169 3853 1222 qua:

2262 1230 2451 1284 mullos
2479 1231 2695 1285 habebat
2724 1235 2860 1303 ﬁlios
2887 1237 3155 1306 inﬁrmata
3184 1251 3277 1293 est.

2337 1319 2424 1373 16.
2457 1319 2586 1386 Qum
2613 1332 2696 1376 est
2723 1326 2941 1393 sterilis,
2974 1328 3074 1381 nisi
3102 1338 3286 1384 sancta
3318 1329 3579 1398 Ecclesia,
3611 1343 3669 1388 ut
3698 1351 3852 1406 supra

2265 1413 2424 1469 latius
2451 1415 2502 1468 in
2545 1415 2712 1470 Anna:
2743 1426 2869 1488 typo
2894 1422 3003 1488 jam
3034 1421 3304 1476 diximus?
3333 1423 3469 1489 Quid
3500 1435 3585 1480 est
3615 1441 3746 1495 ergo
3777 1427 3848 1481 fac

2264 1505 2487 1559 melicos
2516 1509 2766 1571 saturari,
2814 1509 2988 1564 donec
3017 1512 3213 1566 sterilis
3242 1515 3430 1584 pariat,
3466 1517 3564 1572 nisi
3603 1533 3775 1587 usque
3805 1521 3850 1573 in

2263 1596 2445 1649 mundi
2499 1596 2657 1650 ﬁnem
2709 1614 2904 1667 panem
2944 1601 3066 1655 vitae
3104 1604 3416 1673 possidere?
3463 1607 3617 1672 Quod
3659 1616 3717 1662 et
3747 1610 3853 1679 ipse

2264 1689 2608 1754 repromittit,
2643 1689 2828 1744 dicens
2860 1709 2873 1743 :
2907 1689 3043 1745 Ecce
3064 1710 3155 1763 ego
3183 1695 3438 1751 vobiscum
3467 1715 3578 1751 sum
3613 1716 3773 1771 usque
3803 1704 3852 1756 in

571 1773 767 1842 Joseph
784 1774 807 1825 Σ)
827 1775 1076 1845 quomodo
1099 1775 1246 1838 dicit,
1272 1776 1390 1844 quia
1413 1776 1476 1829 de
1497 1777 1622 1830 caelo
1649 1778 1888 1832 descendi
1910 1778 2060 1848 (Lac.
2085 1797 2157 1845 tv,
2193 1783 2236 1841 Β
2267 1781 2760 1834 consummationem
2781 1784 2958 1837 stcculi
2982 1783 3195 1854 (Matth.
3221 1803 3404 1850 χχι-ιιι,
3437 1788 3550 1860 20).
3575 1791 3692 1845 Non
3717 1794 3853 1848 enim

570 1863 676 1928 ‘22;
709 1863 866 1917 Joan.
908 1881 980 1931 v1,
1013 1865 1140 1932 4%)?
1180 1866 1299 1935 Ipse
1328 1878 1528 1928 autem,
1577 1869 1666 1937 qui
1707 1871 1816 1941 49
1841 1872 2019 1926 omnia
2061 1887 2162 1926 no-

573 1956 799 2008 verntad
811 1955 1179 2010 delectationis
1190 1973 1299 2011 sua}
1313 1960 1607 2014 recubitum
1623 1959 1894 2018 famelicos
1907 1975 2164 2021 venturos

571 2045 946 2113 prOphetabat,
966 2049 1148 2100 dicens
1179 2065 1192 2100 :
1225 2049 1385 2102 Amen
1408 2049 1522 2104 dico
1545 2050 1704 2116 vobis,
1727 2054 1847 2124 quia
1868 2053 1931 2107 ab
1956 2053 2164 2110 Oriente

571 2146 620 2186 et
648 2136 925 2189 Occidente
948 2139 1166 2204 venient,
1185 2150 1233 2192 et
1250 2143 1539 2196 recambent
1563 2159 1677 2196 cum
1699 2143 1980 2209 Abraham,
2009 2145 2164 2201 Isaac

571 2235 620 2278 et
640 2225 802 2280 Jacob
832 2229 886 2280 in
915 2246 1071 2298 regno
1094 2230 1358 2298 caelorum,
1387 2233 1486 2302 ﬁlii
1515 2243 1682 2286 autem
1707 2237 1853 2300 regni
1881 2237 2161 2306 projicien-

573 2323 654 2368 tur
673 2316 726 2368 in
758 2317 989 2371 tenebras
1012 2322 1289 2375 exteriores
1316 2321 1529 2393 (Matth.
1561 2341 1676 2392 vm,
1701 2325 1786 2390 ll,
1813 2325 1923 2397 12).
1949 2327 2162 2398 Repleli

570 2421 700 2475 ergo
729 2423 788 2462 se
831 2408 1144 2464 locaverunt
1175 2427 1272 2480 pro
1319 2415 1573 2482 panibus,
1604 2415 1697 2468 sed
1740 2415 1969 2472 famelici
2016 2428 2164 2474 satu-

570 2505 777 2562 rantur,
809 2499 933 2565 quia
963 2498 1257 2570 Synagogte
1283 2501 1375 2557 ﬁlii
1406 2504 1458 2557 in
1489 2504 1783 2576 Seripturis
1810 2509 2010 2563 sancti»-
2043 2527 2161 2579 pas-

573 2598 685 2642 tum
713 2589 833 2644 lidei
864 2591 932 2645 de
958 2591 1129 2647 futura
1158 2593 1532 2650 lacarnatione
1559 2595 1935 2668 Redemptoris
1959 2601 2164 2658 habue-

571 2686 729 2743 runt;
760 2680 854 2734 sed
886 2698 1045 2748 nunc,
1093 2684 1349 2753 projectis
1372 2686 1473 2742 illis
1493 2727 1508 2753 ,
1541 2688 1666 2742 dum
1695 2691 1921 2759 gentiles
1947 2692 2000 2746 in
2037 2708 2161 2749 eum

571 2773 836 2827 veraciter
862 2775 1107 2840 credunt,
1138 2776 1437 2834 divinitatis
1464 2789 1518 2834 et
1555 2781 1904 2842 humanitatis
1929 2786 2047 2856 ejus
2073 2803 2161 2843 sa-

571 2873 842 2917 cramenta
856 2863 906 2918 in
929 2864 1302 2922 delectationis
1317 2869 1515 2925 intima:
1535 2871 1829 2931 refectione
1839 2878 2156 2948 suscipiunt.

643 2975 730 3030 15.
777 2975 910 3042 Quia
949 2994 1079 3034 vero
1119 2995 1216 3050 per
1266 2984 1539 3052 egregium
1585 2986 1871 3044 Doctorem
1921 2990 2157 3046 dicitur:

571 3064 762 3122 Omnes
787 3070 1020 3124 eamdem
1046 3089 1218 3127 escam
1249 3077 1709 3144 mmducaverant,
1742 3091 1792 3134 et
1815 3098 1992 3137 onmes
2017 3100 2160 3138 eum-

568 3160 684 3213 dom
721 3163 1007 3230 spiritalem
1045 3174 1221 3232 potum
1265 3165 1500 3220 biberunt
1547 3168 1816 3240 (bibebant
1843 3173 1908 3226 de
1936 3174 2161 3243 spiritali

568 3261 908 3322 consequente
947 3270 1038 3308 eos
1076 3266 1241 3322 petra,
1285 3267 1432 3326 petra
1461 3269 1631 3313 autem
1659 3272 1772 3315 erat
1799 3262 2054 3337 Christus)
2104 3265 2160 3339 (1

569 3339 688 3394 Cor.
733 3359 783 3405 x,
819 3346 871 3408 5,
903 3342 979 3410 4),
1031 3353 1208 3413 potest
1255 3348 1644 3405 rationabiliter
1689 3353 1867 3423 colligi
1912 3357 2036 3424 quia
2084 3357 2161 3410 illi

569 3431 1049 3497 manducaverunt,
1079 3444 1134 3489 et
1163 3451 1270 3491 non
1301 3447 1425 3492 sunt
1456 3442 1714 3508 saturati,
1750 3443 1836 3498 isti
1867 3445 2160 3499 manduca-

571 3532 782 3590 verunt,
815 3536 869 3580 et
891 3529 1120 3582 saturati
1145 3539 1290 3585 sunt.
1315 3531 1468 3597 Quod
1496 3534 1748 3590 nimirum
1773 3547 1960 3591 contra
1991 3538 2162 3609 Syna—

568 3625 760 3682 gogam
789 3629 821 3668 a
850 3625 1033 3670 saneta
1065 3616 1304 3674 Ecclesia
1332 3630 1480 3676 recte
1509 3623 1727 3690 dicitur,
1756 3634 1813 3680 ut
1853 3628 1888 3681 ii
1916 3631 2006 3696 qui
2037 3639 2162 3684 sunt

569 3704 668 3757 sub
697 3705 866 3772 gratia
895 3707 1025 3760 mira
1056 3710 1378 3766 celsitudine
1406 3715 1756 3782 prateminere
1787 3717 1886 3771 sub
1919 3718 2036 3787 lege
2065 3735 2161 3790 po-

568 3794 686 3848 sitis
715 3795 1080 3864 designentur.
1114 3799 1253 3866 Quid
1281 3803 1426 3857 enim
1465 3804 1570 3858 illis
1596 3803 1694 3860 t‘nit
1721 3822 1780 3861 se
1807 3823 1905 3876 pro
1934 3811 2159 3879 panibus

569 3881 770 3949 locare,
803 3885 902 3939 nisi
924 3897 1258 3944 sacramenta
1283 3893 1492 3947 venturi
1523 3893 1902 3967 Redemptoris
1932 3900 1984 3954 in
2011 3901 2158 3956 Seri-

569 3983 725 4043 ptura
756 3992 910 4032 sacra
944 3982 1292 4050 perquirere?
1329 3984 1567 4050 Quorum
1598 3989 1840 4059 profecto
1870 3995 2159 4062 unusquis-

566 4084 672 4136 que
702 4072 1066 4138 manducavit,
1099 4087 1154 4131 et
1181 4087 1454 4136 saturatus
1484 4099 1589 4137 non
1621 4095 1720 4149 est,
1754 4089 1878 4157 quia
1920 4089 2154 4146 futuram

567 4160 762 4212 summi
787 4161 1040 4229 unigeniti
1065 4165 1492 4224 lnearnationeln
1521 4175 1768 4240 credidit,
1799 4178 1890 4230 sed
1919 4195 2157 4247 przesen-

571 4259 678 4328 tem
720 4267 827 4306 non
869 4254 1022 4309 vidit.
1066 4256 1386 4314 Mandncare
1425 4262 1640 4329 quidem
1671 4268 1718 4320 ei
1751 4266 1878 4332 luit,
1920 4269 2156 4328 divinam

568 4324 997 4396 lncarnationem
1036 4345 1087 4398 in
1119 4348 1314 4402 mentis
1343 4348 1610 4407 desiderio
1637 4354 1869 4410 dulciter
1902 4359 2156 4428 retinere,

567 4435 624 4481 et
665 4444 770 4482 non
801 4433 1027 4485 saturari
1057 4434 1105 4486 ei
1135 4432 1234 4487 fuit
1262 4435 1623 4494 desideratam
1665 4440 1780 4510 ejus
1816 4451 2151 4512 pneseut'am

567 4535 674 4574 non
697 4520 900 4576 videre.
932 4523 1039 4578 Sed
1071 4523 1285 4593 inﬁrmi,
1315 4529 1404 4596 qui
1429 4530 1624 4586 robore
1645 4533 1954 4602 accingendi
1975 4549 2150 4608 erant,
2184 4525 2228 4583 ο

566 4611 863 4666 saturitatis
910 4630 1020 4668 sua:
1075 4618 1341 4685 praeconia
1393 4609 1461 4674 ab
1507 4637 1573 4675 eo
1619 4637 1727 4691 quo
1773 4629 2154 4684 saturabantur

567 4717 705 4771 pane
733 4703 1023 4760 audiebant
1049 4724 1061 4760 :
1090 4706 1235 4762 Beati
1261 4711 1396 4764 oculi
1415 4714 1500 4782 qui
1523 4713 1691 4766 vident
1713 4733 1825 4786 qua:
1845 4735 1929 4772 vos
1948 4720 2148 4775 videtis.

567 4799 726 4852 Amen
748 4799 862 4853 dico
892 4802 1027 4856 vobis
1052 4804 1172 4872 quia
1195 4805 1341 4859 multi
1367 4821 1512 4876 reges
1531 4817 1580 4860 et
1602 4811 1864 4877 propheta:
1883 4815 2152 4868 coluerunt

565 4893 734 4946 videre
763 4911 878 4963 qua:
907 4912 992 4949 ros
1019 4897 1217 4960 videtis,
1245 4908 1297 4952 et
1324 4916 1427 4953 non
1457 4902 1709 4969 uiderunt,
1751 4914 1799 4956 et
1831 4906 2011 4960 audire
2036 4923 2150 4978 qua

561 4998 652 5055 res
681 4983 893 5051 auditis,
916 4997 964 5038 et
987 5003 1088 5040 non
1117 4989 1393 5042 audierunt
1419 4989 1631 5060 (Matth.
1660 5009 1770 5058 xm,
1797 4993 1884 5063 16,
1911 4996 2019 5067 l7).
2045 4997 2144 5063 Qui

564 5069 708 5124 enim
752 5072 934 5128 videre
962 5075 1237 5143 volebant,
1265 5078 1375 5144 jam
1408 5080 1606 5136 intima:
1642 5083 2014 5139 delectationis
2047 5101 2143 5154 pa-

565 5175 687 5215 nem
713 5178 810 5230 per
834 5163 1154 5220 desiderium
1201 5171 1620 5238 manducabant;
1665 5172 1760 5228 sed
1799 5175 1922 5242 quia
1963 5175 2146 5230 videre

565 5267 671 5305 non
700 5261 977 5322 poterant,
1010 5257 1288 5314 habebant‘
1305 5263 1555 5329 gaudium
1584 5263 1863 5330 desiderii,
1903 5265 1996 5321 sed
2037 5283 2142 5323 non

565 5340 832 5399 habebant
878 5361 974 5416 per
1001 5345 1306 5406 fruitionem
1337 5354 1656 5408 saturitatis.
1699 5353 1831 5408 Nam
1869 5357 1970 5411 etsi
1999 5355 2144 5412 Scri-

566 5443 720 5502 ptura
748 5437 892 5493 dicat
924 5457 936 5491 :
971 5439 1104 5503 Quia
1143 5460 1329 5512 panem
1368 5461 1567 5499 omnem
1604 5448 1909 5502 suavitatem
1952 5449 2146 5504 haben-

545 5533 663 5612 ιιειιι
690 5537 740 5581 et
761 5547 963 5584 omnem
1002 5533 1343 5601 dulcedinem,
1392 5535 1530 5591 Deus
1553 5538 1629 5593 eis
1667 5539 1810 5594 dedit
1837 5540 2002 5612 (Sap.
2029 5557 2139 5611 xw,

639 5734 661 5767 ⁵
691 5727 863 5784 Vatzc.
896 5739 945 5786 el
979 5731 1122 5788 (ὅλοι
1172 5737 1518 5806 proferuntur.

2265 1877 2391 1921 sunt
2437 1870 2536 1924 nisi
2575 1870 2806 1926 famelici
2837 1891 2974 1944 quos
3011 1887 3195 1932 saneta
3240 1881 3479 1936 Ecclesia
3519 1887 3682 1953 parit.
3720 1885 3855 1954 Ergo

2265 1960 2438 2017 donec
2465 1963 2621 2031 parit,
2649 1962 2877 2020 famelici
2899 1978 3227 2036 saiurantur,
3256 1974 3382 2042 quia
3408 1990 3576 2044 usque
3601 1977 3652 2030 in
3677 1980 3854 2035 mundi

2268 2052 2426 2106 ﬁnem
2463 2053 2572 2108 Deo
2615 2055 2751 2111 ﬁlios
2795 2069 3036 2125 generat,
3069 2064 3157 2130 qui
3200 2064 3324 2118 dum
3355 2068 3563 2123 venisse
3606 2069 3659 2123 in
3699 2085 3854 2128 carne

2267 2142 2682 2213 Redemptorem
2700 2149 2943 2214 credunt,
2970 2167 3159 2220 panem
3178 2155 3317 2220 vitae,
3341 2172 3500 2226 quem
3525 2159 3853 2228 desiderant,

2265 2236 2582 2303 comedunt,
2626 2246 2681 2292 et
2709 2240 3043 2309 plenitudine
3071 2245 3369 2313 replentur.
3405 2248 3508 2302 Sed
3541 2249 3717 2308 donec
3745 2263 3853 2307 ste-

2266 2324 2380 2378 rilis
2429 2324 2690 2394 plurimos
2737 2330 2905 2398 parit,
2957 2347 3020 2386 ea
3065 2349 3184 2401 qua:
3221 2337 3418 2392 multos
3449 2339 3684 2395 habebat
3723 2342 3853 2400 ﬁlios

2266 2411 2585 2470 inﬁrmatur.
2630 2417 2892 2474 lnlirmari
2921 2421 3216 2494 Synagogte
3245 2437 3330 2480 est
3359 2429 3698 2487 institutione
3732 2435 3853 2502 legis

2266 2505 2462 2559 veteris
2485 2522 2674 2576 parere
2698 2524 2804 2562 non
2830 2527 3006 2580 posse.
3032 2513 3161 2580 Qua:
3186 2517 3327 2570 enim
3352 2520 3507 2574 tidem
3534 2522 3634 2576 viri
3664 2525 3853 2593 prioris

2267 2595 2521 2664 perdidit,
2555 2598 2769 2654 diabolo
2794 2601 2906 2670 jam
2937 2613 2991 2657 et
3020 2620 3128 2659 non
3159 2606 3271 2661 Deo
3311 2611 3466 2678 parit.
3500 2610 3648 2668 Bene
3677 2624 3851 2670 autem

2263 2685 2461 2740 dicitur
2488 2705 2501 2740 :
2533 2688 2660 2755 Quae
2689 2693 2888 2748 multos
2917 2695 3148 2750 habebat
3184 2697 3343 2764 ﬁlios,
3375 2702 3498 2770 quia
3522 2705 3648 2757 dum
3681 2706 3738 2760 in
3762 2722 3851 2761 ve-

2262 2777 2424 2832 ritate
2452 2777 2844 2850 Scripturarum
2876 2786 3177 2854 subjectum
3206 2790 3304 2844 sibi
3332 2794 3436 2863 50
3466 2796 3726 2864 populum
3757 2814 3852 2852 au-

2267 2867 2492 2939 tiquitus
2514 2869 2751 2928 erudiret
2775 2877 2983 2930 venturi
3012 2875 3390 2950 Redemptoris
3411 2884 3704 2940 adventum
3730 2903 3854 2943 cou-

2263 2961 2574 3031 cupiscere,
2607 2963 2674 3019 de
2712 2967 2998 3038 complexu
3035 2971 3272 3028 cmlestis
3299 2976 3484 3044 sponsi
3512 2975 3650 3031 ﬁlios
3674 2981 3853 3048 parie-

2262 3054 2374 3110 bat.
2407 3056 2560 3112 Nuac
2588 3067 2769 3113 autem
2791 3076 2910 3131 qua:
2943 3062 3174 3119 habebat
3209 3064 3347 3122 ﬁlios
3373 3068 3638 3125 inﬁrmata
3661 3081 3766 3139 est,
3799 3082 3852 3128 et

2212 3151 2229 3210 ζ
2265 3147 2406 3204 ﬁlios
2433 3167 2540 3205 non
2573 3151 2755 3206 habet.
2783 3154 3093 3224 Scripturas
3121 3158 3332 3226 quidem
3368 3163 3480 3217 suis
3515 3163 3851 3221 auditoribus

2265 3242 2514 3309 exhibet,
2565 3243 2659 3298 sed
2707 3246 2829 3315 quia
2862 3245 3275 3320 Redemptorem
3319 3262 3513 3322 negat,
3562 3254 3674 3310 Deo
3722 3257 3854 3312 ﬁlios

2265 3349 2539 3402 nunquam
2569 3345 2810 3403 generat.
2859 3335 3121 3392 lnﬁrmari
3151 3355 3279 3408 ergo
3309 3340 3536 3409 dicitur,
3577 3346 3664 3400 cui
3693 3347 3854 3416 spiri.

2266 3424 2425 3478 tualis
2453 3423 2751 3481 fecnmlitas
2781 3441 3022 3497 negatur.
3058 3429 3121 3484 Et
3146 3433 3270 3500 qu?a
3304 3443 3410 3488 tam
3440 3435 3737 3507 Synagoga:
3768 3456 3852 3494 re-

2265 3517 2443 3585 pulsio
2472 3531 2634 3584 quam
2655 3518 2848 3573 eiectio
2870 3524 3182 3588 gentilitatis
3209 3525 3738 3596 incomprehensibili
3760 3532 3851 3587 Dei

2257 3603 2460 3673 judicio
2486 3607 2627 3661 laeta
2660 3617 2760 3673 est,
2791 3614 2968 3680 seqnit
3008 3629 3071 3666 r:

2335 3718 2512 3787 (Vers.
2545 3719 2686 3789 6-8.)
2717 3719 2968 3776 Dominus
2990 3724 3290 3793 mortiﬁcat,
3312 3734 3362 3780 et
3378 3728 3622 3797 viviﬁrat,
3647 3729 3852 3785 deducit

2264 3809 2334 3862 ad
2381 3811 2595 3881 inferos,
2639 3820 2686 3863 et
2727 3812 2953 3877 reducit;
3005 3812 3257 3869 Dominus
3287 3833 3564 3886 pauperem
3605 3821 3756 3890 facit,
3804 3829 3850 3874 et

2263 3901 2422 3964 ditat;
2452 3903 2689 3955 humiliat
2709 3912 2757 3956 et
2782 3904 3029 3959 sublevat.
3055 3904 3286 3960 Suscitat
3307 3909 3372 3962 de
3393 3909 3594 3980 pulvere
3613 3927 3846 3988 egenum,

2260 4000 2310 4044 et
2334 3990 2398 4044 de
2418 3999 2644 4045 stercore
2670 3995 2822 4061 erigit
2853 4011 3147 4064 pauperem,
3177 4005 3232 4050 ut
3259 3999 3433 4051 sedeat
3455 4015 3568 4054 cum
3597 4003 3825 4073 principi

2260 4081 2372 4144 bus,
2404 4092 2452 4136 et
2476 4084 2664 4137 solium
2685 4084 2866 4154 gloria:
2887 4094 3074 4142 teneat.
3715 4096 3725 4105 '

2332 4194 2417 4248 17.
2451 4195 2614 4260 Quasi
2640 4196 3039 4266 obstupescenti
3070 4200 3227 4256 alicui
3250 4201 3317 4256 de
3339 4210 3446 4256 tam
3469 4204 3656 4260 e'ectte
3676 4207 3850 4276 gentis

2260 4288 2409 4357 repnl
2442 4289 2566 4343 ioue
2589 4290 2934 4359 respondeat,
2963 4290 3150 4348 dicens
3179 4313 3191 4347 :
3225 4293 3360 4361 Quid
3393 4297 3444 4350 in
3471 4297 3553 4351 his
3576 4301 3846 4353 rationem

2259 4380 2476 4447 quaeris,
2508 4395 2627 4448 quae
2652 4397 2859 4436 summa
2883 4384 3020 4437 ratio
3044 4385 3662 4455 ineomprehensibiliter
3683 4388 3847 4446 facit?

2259 4466 2411 4533 Quod
2445 4469 2606 4521 etiam
2648 4483 2816 4536 genus
2856 4473 3132 4538 quaerendi
3167 4478 3357 4530 «ἔοι-ιιιι·
3385 4480 3632 4546 egregius
3660 4495 3849 4548 repre-

2255 4557 2517 4622 hendens,
2551 4560 2626 4614 ait
2656 4578 2668 4611 :
2701 4559 2888 4626 "omo,
2925 4574 2976 4615 tu
3005 4566 3117 4635 quis
3145 4581 3216 4628 es,
3246 4569 3332 4638 qui
3353 4570 3665 4636 respondeas
3695 4570 3848 4626 Deo!

2256 4647 2510 4719 Nunquid
2536 4650 2660 4704 dicit
2687 4651 2986 4722 ﬁgmentum
3019 4657 3102 4724 [ac
3126 4659 3204 4710 ori
3233 4675 3326 4712 suo
3347 4676 3366 4713 :
3397 4657 3535 4723 Quid
3569 4677 3650 4714 me
3676 4663 3845 4731 feciin

2252 4745 2368 4799 sic?
2402 4746 2502 4798 Aut
2543 4762 2646 4801 non
2691 4745 2843 4801 habet
2875 4758 3178 4818 patestatent
3205 4755 3397 4822 ﬁgulus
3426 4772 3490 4809 ex
3532 4757 3710 4811 ladem
3737 4759 3844 4814 luto

2253 4837 2397 4890 aliud
2423 4839 2626 4910 quidem
2643 4858 2732 4896 vas
2751 4845 2923 4913 facere
2949 4845 3002 4898 in
3031 4845 3298 4916 honorem,
3323 4848 3468 4902 aliud
3491 4867 3605 4906 vero
3635 4853 3690 4904 in
3718 4869 3845 4906 con-

2253 4930 2513 4984 tumeliam
2543 4933 2560 5000 (
2579 4931 2726 4986 Rom.
2762 4951 2849 5004 ιιι,
2881 4934 2970 5003 20,
3001 4935 3129 5007 2i)?
3160 4937 3288 4994 Tale
3330 4951 3411 4995 est
3438 4957 3567 5010 ergo
3591 4959 3657 4997 ac
3686 4944 3732 4998 si
3764 4945 3844 4999 di-

2251 5028 2338 5072 cat
2372 5037 2383 5071 :
2415 5019 2548 5086 Quia
2579 5025 2817 5080 omnium
2851 5027 3108 5084 Dominus
3136 5039 3282 5085 recte
3309 5032 3672 5100 cognoscitur,
3703 5049 3843 5105 opus

2251 5108 2410 5175 illius,
2437 5120 2490 5164 et
2515 5112 2564 5166 in
2583 5112 2778 5170 Judaei:
2800 5118 3123 5186 abjectione,
3149 5131 3203 5175 et
3228 5121 3279 5176 in
3295 5124 3531 5190 gentium
3550 5126 3837 5192 electione,

2248 5203 2614 5258 venerandum
2657 5213 2713 5260 et
2762 5223 2866 5262 non
2914 5208 3308 5267 discutiendum
3353 5229 3473 5269 esse
3515 5217 3834 5274 sentiamus.

2248 5289 2537 5349 Mortiticat
2570 5297 2785 5365 quidem
2824 5298 3110 5366 Dominus,
3154 5305 3278 5373 quia
3307 5303 3839 5376 incomprehensibili

2242 5382 2446 5452 judicio
2485 5388 2753 5456 quondam
2795 5391 3028 5446 electum
3056 5393 3361 5450 Judzeorum
3392 5398 3648 5466 populum
3677 5414 3708 5453 a
3738 5417 3837 5458 eo-

2246 5474 2488 5543 gnitione
2515 5479 2756 5534 veritatis
2782 5493 3020 5552 separat,
3052 5493 3110 5540 et
3137 5485 3188 5538 in
3231 5495 3550 5557 perpetuum
3591 5488 3833 5543 damnat.

2245 5565 2514 5640 Viviﬁcat,
2544 5571 2667 5643 quia
2693 5574 3047 5644 gentilitatem
3074 5577 3139 5632 ad
3169 5579 3500 5649 agnitionem
3528 5581 3611 5637 sui
3646 5581 3839 5652 unigeo
