4000 6354
536 417 606 474 75
1754 415 1992 469 SANCTI
2036 413 2358 470 GBEGORII
2400 417 2606 473 MAle
3710 413 3715 417 ’
3743 423 3802 480 ‘70

538 544 656 583 mus
687 535 742 582 et
779 530 1087 592 inconcussa
1135 522 1433 577 humilitate
1478 522 1760 576 sublimem
1809 523 2045 577 animum
2092 539 2120 577 a
2154 531 2193 584 Α
2231 528 2388 590 mitti,
2419 543 2537 581 eum
2563 545 2656 598 per
2688 532 2929 585 excelsos
2951 532 3116 588 caalos
3140 536 3377 590 tonanzia
3401 537 3604 605 judicia
3635 536 3807 593 audie-

540 633 678 671 vaua
707 615 1062 670 delectatione
1086 611 1437 666 refrenamus.

608 719 696 773 22.
728 717 959 772 Possunt
986 721 1163 767 autem
1196 714 1361 783 pedes
1394 723 1704 767 sanctorum
1739 714 1868 768 ﬁdes
1895 723 1948 768 et
1974 729 2126 767 amor

539 807 911 877 Redemptoris
949 803 1197 872 intelligi.
1247 803 1450 869 Quibus
1482 804 1725 873 profecto
1757 805 1978 874 pedibus
2005 819 2126 873 gra-

536 903 779 962 diuntur,
829 913 948 952 eum
981 911 1104 950 eum
1136 911 1293 965 quem
1336 911 1432 964 per
1475 895 1632 949 ﬁdem
1678 896 1860 951 ﬁdeles
1899 895 2127 950 credunt

536 1005 722 1044 amore
743 996 1165 1056 consequuntur.
1201 986 1309 1043 Hos
1342 986 1586 1055 profecto
1613 989 1775 1056 pedes
1799 989 1999 1042 servari
2024 987 2124 1041 sibi

535 1097 563 1133 a
599 1080 824 1134 Domino
851 1078 1186 1148 postulabat,
1220 1078 1308 1146 qni
1341 1078 1682 1144 precabatur,
1716 1077 1936 1132 dicens:
1969 1088 1989 1111 ε’
2016 1078 2122 1132 Su-

535 1189 622 1239 per
665 1171 868 1224 excelsa
914 1177 1080 1222 statue
1135 1184 1238 1233 me,
1270 1176 1324 1219 ut
1354 1167 1554 1219 vincam
1599 1168 1651 1219 in
1689 1167 1926 1219 claritate
1962 1166 2123 1235 ipsius

537 1259 778 1329 (llabac.
831 1275 907 1319 ιιι,
952 1257 1061 1324 19).
1111 1256 1286 1324 Super
1315 1257 1526 1310 excelsa
1571 1257 1857 1321 statuitur,
1903 1256 1988 1310 cui
2020 1255 2123 1309 Re-

534 1348 828 1417 demptoris
868 1346 1118 1400 divinitas
1161 1346 1448 1399 revelatur.
1502 1344 1569 1398 Et
1613 1347 1666 1399 in
1714 1345 1960 1399 claritate
2005 1346 2122 1412 ejus

533 1442 725 1504 vincit,
771 1440 895 1508 quia
943 1439 1068 1493 dum
1106 1439 1221 1506 ejus
1253 1439 1279 1478 δ
1311 1440 1573 1494 claritatis
1601 1440 1766 1494 radiis
1805 1441 2120 1504 illustratur,

532 1541 723 1584 cuncta
753 1530 968 1598 maligni
999 1530 1220 1599 spiritus
1243 1538 1574 1584 tentamenta
1605 1530 1972 1584 destruuntur.
2003 1529 2127 1584 Sta-

534 1631 678 1675 tutos
721 1621 937 1690 quidem
990 1620 1040 1673 in
1093 1628 1277 1674 monte
1317 1619 1481 1689 pedes
1528 1629 1702 1686 tenet,
1750 1621 1842 1688 qni
1881 1620 2126 1673 veritatis

535 1707 995 1776 contemplatione
1047 1706 1243 1760 arduus
1296 1714 1413 1772 est,
1465 1717 1520 1761 et
1573 1708 1688 1775 ejus
1745 1721 1904 1776 quem
1954 1706 2125 1760 credit

537 1797 731 1851 summi
778 1794 953 1849 Patris
999 1794 1329 1862 unigenitum
1372 1810 1555 1849 amore
1593 1810 1901 1848 succensus.
1951 1795 2126 1862 Super

2229 617 2336 670 rint
2365 628 2578 672 aeterna:
2606 635 2717 674 sua:
2740 621 3121 678 damnationis.
3151 625 3298 680 Unde
3325 637 3379 681 et
3405 629 3655 683 subditur
3681 649 3694 680 :

2299 708 2477 776 (Vers.
2510 708 2618 778 10.)
2658 709 2727 763 Et
2749 729 2900 781 super
2921 715 3060 782 ipsos
3088 717 3142 768 in
3163 717 3304 771 caelis
3345 718 3567 773 tonabit.

2298 799 2385 853 25.
2411 800 2510 866 Qui
2533 802 2674 855 cnim
2695 804 2954 858 caelorum
2981 808 3198 862 nomine
3219 809 3321 864 hoc
3350 809 3492 876 loco,
3517 810 3622 865 nisi
3651 816 3808 868 sancti

2227 892 2455 957 apostoli
2498 892 2890 960 designantur?
2930 895 3134 962 Quibus
3181 898 3427 967 profecto
3469 901 3623 956 ctelis
3651 901 3808 956 subli-

2227 982 2430 1036 mitatis
2483 999 2592 1037 sua:
2639 985 2864 1050 gloriam
2922 987 3180 1042 Dominus
3235 990 3654 1057 repromittens,
3699 992 3805 1044 ait:

2230 1071 2482 1127 Sedebitis
2508 1091 2664 1142 super
2691 1077 2835 1129 sedes
2857 1077 3154 1146 judicantes
3178 1079 3443 1133 duodecim
3467 1081 3630 1135 tribus
3655 1080 3809 1136 Israel

2229 1159 2444 1230 (Matth.
2480 1179 2587 1226 xix,
2619 1162 2733 1229 28).
2778 1164 2976 1218 Horum
3017 1166 3260 1236 profecto
3288 1170 3549 1224 caelorum
3584 1171 3810 1225 tonitrua

2226 1249 2422 1328 dulceis
2466 1252 2719 1307 Dominus
2760 1256 3065 1320 insinuans,
3113 1257 3233 1310 ait:
3269 1257 3380 1327 Ipsi
3415 1259 3623 1328 judices
3671 1261 3810 1313 vestri

2224 1353 2375 1398 erunt
2394 1327 2554 1411 '(Luc.
2589 1361 2664 1412 ιιι,
2695 1345 2806 1417 19).
2837 1347 3011 1417 Super
3028 1346 3240 1403 Judaeos
3269 1327 3430 1418 igitur
3467 1352 3666 1421 impios
3696 1361 3811 1406 tunc

2230 1433 2280 1485 in
2311 1434 2462 1487 cmlis
2503 1435 2728 1500 tonabit,
2759 1437 2882 1502 quia
2926 1453 2956 1490 a
2987 1438 3187 1491 sanctis
3216 1441 3474 1508 apostolis
3502 1447 3632 1494 tunc
3659 1441 3811 1495 terri-

2228 1524 2354 1577 bilia
2380 1524 2578 1591 judicia
2608 1540 2718 1579 suze
2746 1526 3101 1582 damnationis
3127 1528 3367 1592 audient,
3392 1538 3448 1583 ut
3472 1545 3664 1584 eorum
3694 1545 3812 1584 (εχει-

2229 1614 2372 1667 mine
2391 1616 2712 1668 sententiam
2742 1625 2955 1670 aeterna:
2983 1619 3170 1672 mortis
3200 1620 3497 1687 accipiant,
3521 1636 3660 1690 quos
3686 1633 3813 1690 prte-

2229 1704 2472 1758 dicantes
2497 1704 2772 1760 humiliter
2797 1707 2914 1759 vita:
2941 1714 3156 1761 interna:
3182 1709 3321 1763 bona
3353 1712 3812 1778 persecutionibus

2229 1794 2554 1862 amigebant.
2579 1794 2712 1861 Quia
2732 1812 2862 1852 vero
2885 1797 2952 1852 de
2979 1806 3223 1854 extremo
3242 1800 3446 1863 judicio
3466 1800 3570 1854 ista
3595 1801 3812 1872 intelligi

536 1886 749 1939 excelsa
796 1883 1012 1952 quidem
1043 1881 1234 1937 Petrus
1272 1891 1504 1939 statutus
1549 1893 1690 1949 erat,
1736 1885 1826 1953 qui
1866 1899 1987 1937 cum
2021 1883 2125 1937 Do-
2164 1891 2202 1948 Β
2231 1884 2484 1951 debeant,
2506 1885 2788 1954 sequitur:

541 1980 687 2032 mino
717 1977 1084 2032 conﬁteretur.
1114 1975 1298 2030 dicens
1331 1994 1344 2028 :
1378 1976 1450 2029 Tu
1479 1994 1531 2030 es
1559 1978 1791 2031 Christus
1821 1977 1991 2032 Filius
2032 1977 2127 2031 Dei

534 2074 658 2136 vivi,
707 2072 950 2140 protinus
979 2069 1183 2124 audivit
1226 2087 1238 2121 :
1294 2068 1484 2123 Beatus
1527 2088 1615 2134 es,
1661 2070 1843 2124 Simon
1875 2070 2125 2140 Barjona,

533 2165 652 2232 quia
672 2179 792 2216 caro
821 2171 867 2214 et
894 2161 1108 2230 sanguis
1136 2176 1238 2213 non
1261 2161 1500 2213 reuelauit
1525 2159 1633 2226 tibi,
1664 2167 1755 2214 sed
1783 2160 1943 2214 Pater
1965 2176 2125 2226 naeus,

535 2251 619 2320 qui
675 2259 750 2304 est
802 2251 856 2301 in
913 2248 1052 2300 cretis
1111 2245 1328 2316 (Matth.
1380 2264 1487 2312 xvr,
1544 2249 1628 2312 iii,
1687 2248 1798 2313 i7).
1857 2247 2128 2301 Fundatus

536 2344 675 2394 enim
736 2341 862 2404 ﬁde,
916 2354 1178 2394 accensus
1205 2339 1496 2404 charitate,
1542 2356 1664 2394 eum
1703 2355 1864 2408 quem
1914 2340 2127 2392 arnahat

523 2433 695 2485 etiam
737 2430 1086 2501 prtedicabat.
1139 2429 1283 2484 Bene
1335 2444 1464 2496 ergo
1511 2431 1578 2486 de
1631 2431 1874 2499 reprobis
1904 2430 2126 2498 subjun-

534 2533 679 2575 ctum
703 2530 785 2575 est
813 2539 826 2573 :
1544 2505 1552 2514 ~

605 2611 782 2680 (νει-ε.
811 2609 888 2679 9.)
921 2607 987 2662 Et
1017 2610 1159 2679 impii
1185 2610 1239 2662 in
1273 2599 1494 2662 tenebris
1522 2611 1879 2664 conticescent.

602 2701 692 2754 25.
724 2700 823 2767 Qui
849 2701 989 2754 enim
1018 2699 1163 2768 impii
1195 2700 1297 2754 hoc
1323 2699 1375 2752 in
1410 2701 1552 2767 loco,
1583 2701 1683 2754 nisi
1723 2699 1894 2755 διιόίηὶ
1927 2703 2124 2759 intelli-

535 2802 749 2860 gnntur,
793 2795 886 2863 qui
937 2809 966 2848 a
1014 2796 1213 2864 pietate
1260 2810 1399 2848 vera:
1448 2793 1565 2848 ﬁdei
1607 2805 1728 2848 sunt
1759 2799 2023 2860 extranei,
2069 2809 2125 2855 et

541 2883 912 2952 Redemptoris
933 2893 1108 2938 morte
1129 2885 1374 2938 cruenti?
1407 2881 1483 2939 De
1509 2887 1700 2955 quibus
1723 2896 1866 2941 recte
1888 2887 2081 2942 dicitur
2107 2909 2119 2942 :

540 2973 603 3025 In
645 2973 868 3026 tenebris
906 2976 1273 3038 conticescent,
1325 2974 1448 3042 quia
1495 2977 1666 3029 sancti
1708 2992 1868 3045 super
1907 2978 2120 3034 excelsa

537 3065 724 3118 statuti
746 3065 1158 3134 Redemptorem
1182 3066 1388 3129 mundi,
1413 3079 1569 3134 quem
1595 3067 1643 3119 in
1661 3067 1851 3121 divinae
1874 3070 2122 3137 majesta-

537 3159 604 3209 tis
626 3157 868 3211 claritate
896 3156 1253 3218 consniciunt,
1277 3157 1490 3211 aeternis
1512 3157 1754 3213 laudibus
1775 3159 2117 3215 conﬁtentur.

2307 1972 2480 2038 (Vers.
2515 1972 2626 2044 10.)
2661 1973 2912 2029 Dominus
2932 1976 3190 2046 judicabit
3215 1967 3345 2047 ﬁnes
3378 1988 3548 2032 terris.

2301 2063 2391 2117 26.
2433 2063 2534 2128 Qui
2559 2072 2684 2119 sunt
2710 2063 2842 2119 ﬁnes
2871 2057 3043 2130 terrae,
3074 2068 3169 2123 nisi
3201 2068 3384 2122 ultima
3414 2070 3572 2137 hujus
3602 2068 3814 2123 mundi?

2221 2152 2390 2208 'Fines
2416 2169 2546 2208 vero
2589 2163 2744 2208 teme
2791 2155 3048 2211 Dominus
3072 2157 3293 2226 judicat,
3322 2167 3380 2212 ut
3403 2159 3676 2228 aequitatis
3704 2159 3814 2224 eius

2229 2243 2496 2296 sententia
2542 2243 2800 2311 impunita
2844 2252 2939 2299 aut
2983 2247 3370 2300 irremunerata
3410 2249 3552 2302 nulla
3581 2249 3813 2304 derelin-

2230 2339 2387 2400 quat,
2420 2332 2543 2400 quia
2574 2332 2699 2387 dum
2727 2334 2780 2387 in
2806 2333 3008 2402 judicio
3040 2345 3280 2391 extrema
3309 2338 3603 2405 concludit,
3638 2340 3812 2409 aliqua

2229 2420 2562 2474 discutienda
2592 2437 2699 2476 non
2729 2423 2945 2478 deserit.

2303 2512 2478 2581 (Vers.
2515 2513 2624 2582 10.)
2668 2514 2810 2569 Tunc
2839 2516 3134 2572 sublimabit
3157 2537 3317 2574 cornu
3351 2521 3544 2576 Christi
3571 2524 3675 2576 sui.

2299 2603 2390 2656 ‘27.
2446 2604 2670 2670 Quanto
2713 2623 2900 2662 mnnes
2929 2609 3133 2666 electos
3172 2612 3224 2664 in
3251 2620 3451 2666 aeterna
3482 2613 3816 2682 contempla-

2214 2694 2376 2748 tione
2397 2695 2477 2748 sui
2498 2693 2772 2763 Unigeniti
2802 2698 3043 2767 recipiet,
3072 2707 3133 2753 ut
3157 2701 3235 2754 eis
3262 2708 3463 2756 aeterna
3496 2703 3583 2756 illa
3606 2711 3663 2756 et
3689 2702 3818 2758 inef-

2229 2784 2372 2837 talﬁli
2405 2783 3006 2855 Majestatevpuesideat,
3031 2791 3121 2858 qui
3153 2790 3276 2844 dum
3306 2793 3356 2845 in
3389 2795 3669 2862 prtesentis
3702 2797 3818 2849 vita:

2229 2875 2656 2943 peregrinatione
2687 2878 2929 2931 viverent
2955 2894 3139 2934 secum
3167 2894 3184 2918 ε
3218 2896 3321 2934 non
3347 2891 3520 2936 erant.
3557 2883 3702 2936 Tunc
3729 2901 3817 2936 su-

2225 2961 2458 3016 btimabit
2487 2980 2645 3017 cornu
2688 2965 2875 3018 Christi
2915 2969 3016 3031 sui,
3048 2969 3267 3037 quando
3297 2969 3350 3022 in
3373 2971 3696 3026 cel:.itudine
3726 2985 3818 3027 sua

2227 3052 2333 3124 54
2350 3054 2667 3123 respicietur
2685 3055 2982 3110 sublimitas
3010 3056 3398 3127 Redemptoris.
3430 3059 3508 3114 De
3535 3063 3637 3116 hac
3660 3065 3820 3117 subli-

2227 3142 2412 3196 mitate
2452 3159 2546 3211 per
2585 3142 2847 3199 Joannem
2879 3146 3073 3200 dicitur
3108 3164 3120 3198 :
3175 3148 3466 3204 Videbimus
3507 3169 3626 3206 eum
3670 3155 3820 3207 sicuti

539 3248 592 3300 in
612 3249 846 3302 tenebris
863 3256 1196 3314 ergo-tacent
1216 3248 1382 3316 impii,
1415 3249 1540 3316 quia
1561 3247 1724 3302 .ludzei
1750 3250 1870 3304 ideo
1897 3251 2121 3305 Redem-

2237 3247 2306 3291 est
2335 3237 2386 3306 (Ι
2414 3237 2569 3291 Joan.
2597 3255 2673 3297 tn.
2697 3239 2773 3310 ελ).
2802 3241 2929 3293 Nam
2957 3249 3194 3311 potestas
3215 3251 3326 3297 sive
3354 3258 3575 3312 regnum
3609 3246 3820 3302 Domini

539 3347 748 3404 ptorem
796 3353 903 3389 non
936 3336 1242 3403 praedicant,
1276 3337 1417 3404 quod
1447 3338 1728 3393 imﬁ'abilis
1760 3356 1855 3394 eos
1888 3342 1974 3394 illa
2014 3343 2126 3396 cla-

542 3433 672 3477 rttas
709 3425 1009 3479 divinitatis
1041 3441 1144 3479 ron
1175 3426 1422 3479 illustrat.
1463 3425 1730 3495 Scriptum
1761 3431 1957 3498 quippe
2001 3441 2081 3485 est
2113 3449 2125 3482 :

543 3517 615 3570 To
642 3519 777 3570 latur
799 3517 1005 3587 impius,
1039 3533 1102 3570 ne
1129 3518 1296 3570 rideat
1324 3518 1542 3588 gloriam
1565 3517 1774 3573 Domini
1800 3519 1954 3586 (lsai.
1984 3538 2127 3585 xxvr,

543 3607 652 3675 10).
711 3605 804 3660 His
849 3607 1048 3675 quippe
1105 3607 1340 3660 tenebris
1397 3607 1681 3662 damnatos
1749 3626 1842 3665 eos
1895 3613 2127 3677 intuens,

541 3699 775 3753 Joannes
815 3699 888 3752 ait
921 3716 932 3750 :
971 3697 1085 3752 Lua:
1118 3699 1170 3752 in
1216 3700 1436 3753 tenebris
1467 3702 1630 3757 lucet.
1674 3712 1722 3754 et
1769 3703 1990 3757 tenebrae
2017 3720 2131 3757 eam

541 3808 643 3845 non
672 3789 1171 3861 comprehenderunt
1203 3789 1390 3858 (Joan.
1426 3807 1472 3857 I,
1507 3789 1588 3861 5).
1640 3790 1775 3845 llinc
1819 3792 1983 3846 David
2025 3809 2129 3847 non

545 3892 772 3952 optans,
827 3883 920 3937 sed
975 3883 1332 3952 prophetans,
1364 3882 1492 3936 dicit
1542 3900 1559 3935 :
1617 3881 1972 3937 Obscurentnr
1998 3887 2130 3939 oculi

540 3992 732 4041 eorum,
775 3991 840 4029 ue
878 3977 1108 4039 videant,
1150 3985 1198 4028 et
1219 3976 1456 4029 deorsum
1488 3993 1662 4029 eorum
1693 3993 1894 4044 semper
1921 3979 2131 4030 incurva

549 4062 659 4128 (Ps.
703 4082 891 4130 vaul,
923 4063 1047 4134 2i).
1077 4065 1134 4118 In
1166 4067 1400 4120 tenebris
1445 4081 1573 4134 ergo
1603 4078 1779 4120 tacent
1810 4069 1977 4136 impii,
2008 4069 2131 4138 quia

551 4157 646 4210 etsi
677 4155 845 4209 Judaai
877 4155 1068 4207 divina:
1109 4154 1401 4221 Scriptura:
1447 4157 1606 4208 verba
1654 4157 1704 4208 in
1752 4156 1843 4209 Dei
1891 4157 2133 4211 laudibus

555 4246 857 4312 proferunt,
892 4243 1015 4296 dum
1048 4241 1237 4296 Filium
1271 4253 1491 4312 negant,
1535 4244 1646 4298 Deo
1686 4245 1828 4299 Patri
1871 4249 2011 4301 nulla
2041 4265 2133 4301 vo.

547 4349 660 4386 cum
691 4333 946 4401 obsequia
977 4342 1312 4387 consecrant.
1355 4334 1465 4388 Deo
1505 4337 1645 4388 enim
1692 4336 1842 4403 silet,
1875 4340 1960 4408 qui
1984 4383 1998 4406 ,
2031 4340 2132 4394 Pa-

546 4431 678 4475 trem
727 4421 979 4484 laudans,
1010 4416 1298 4492 'Unigeniii
1347 4424 1557 4478 laudem
1607 4435 1767 4482 tacet.
1824 4428 1929 4482 Sed
1977 4447 2134 4498 quem

551 4509 858 4566 cruciﬁxum
899 4510 1233 4579 despiciunt,
1265 4513 1484 4580 quando
1526 4514 1691 4582 ju.lcx
1732 4519 1936 4572 venerit
1966 4536 2130 4589 expa-

545 4611 780 4657 vesccnt.
815 4603 966 4660 Unde
991 4608 1154 4662 etiam
1185 4609 1466 4663 subditur:

616 4693 794 4762 (Vers.
847 4695 900 4760 9,
951 4695 1063 4768 {0.)
1099 4696 1233 4761 Quia
1261 4716 1361 4752 non
1403 4702 1455 4754 in
1487 4703 1788 4772 [ortitndine
1810 4721 1904 4757 sua
1931 4704 2140 4759 robora-

547 4784 682 4836 bitur
705 4787 800 4849 vir,
841 4785 1120 4842 Dominum
1151 4791 1501 4859 formidabant
1530 4794 1816 4847 adversarii
1843 4797 1972 4866 ejus.

617 4876 702 4928 2i.
738 4877 884 4932 Nunc
911 4890 1089 4935 autem
1119 4883 1283 4937 durus
1315 4886 1364 4937 in
1406 4885 1755 4954 inﬁdelitate,
1789 4888 1939 4942 fortis
1971 4890 2020 4943 in
2049 4908 2137 4946 er-

548 4983 670 5020 rore
698 4977 797 5031 est,
829 4980 882 5024 et
907 4987 1067 5038 quem
1097 4974 1317 5028 credere
1342 4975 1507 5029 Deum
1532 4979 1853 5040 contemnit,
1885 4981 2140 5036 audacter

550 5062 921 5131 hlaspliemare
967 5083 1072 5120 non
1112 5085 1195 5122 me
1225 5069 1327 5124 uit.
1373 5070 1530 5124 Velut
1573 5072 1653 5124 vir
1686 5073 1948 5139 siquidem
1995 5092 2135 5130 nunc

549 5155 687 5206 vinci
716 5170 820 5208 non
853 5166 1058 5224 potest,
1102 5162 1195 5214 sed
1231 5169 1356 5215 tunc
1385 5163 1525 5216 sicut
1551 5164 1632 5217 vir
1667 5181 2002 5234 nequaquam
2046 5184 2136 5223 ro-

551 5243 854 5310 horabitur,
895 5264 1017 5302 cum
1056 5251 1099 5304 is
1129 5251 1219 5320 qui
1252 5268 1438 5307 eorum
1481 5255 1685 5310 insidiis
1717 5257 1822 5326 53
1851 5261 2136 5316 cruciﬁxus

550 5344 650 5396 est,
685 5335 733 5387 in
757 5351 851 5389 sua
881 5338 1161 5406 majestate
1183 5344 1568 5413 conspicietur.
1600 5345 1749 5400 Tunc
1775 5347 2138 5405 formidabunt

551 5427 667 5490 ejus
695 5426 1015 5495 adversarii,
1056 5432 1274 5498 quando
1315 5433 1556 5489 cruciﬁxi
1583 5436 1783 5490 virtute
1810 5439 1990 5492 omnia
2021 5455 2138 5493 mo-

553 5513 662 5565 veri
708 5519 1117 5586 consoexerint,
1167 5535 1285 5574 cum
1326 5523 1444 5591 ejus
1475 5521 1677 5589 judicio
1721 5526 1970 5581 universa
2009 5529 2136 5582 sub-

627 5712 650 5739 α
674 5702 754 5781 lbi
786 5707 1017 5781 quidem
1059 5708 1252 5781 legitur
1288 5709 1337 5762 in
1381 5720 1592 5766 cantico
1620 5713 1762 5780 ejus,
1812 5719 1859 5770 ἐν
1898 5727 1957 5781 τῇ
1996 5718 2121 5781 ᾠδῇ,

561 5781 612 5823 at
638 5773 827 5839 aliquis
855 5776 1030 5840 legere
1060 5773 1255 5843 potuit,
1290 5781 1334 5832 ἐν
1361 5789 1420 5846 τῇ
1451 5785 1598 5854 αὐγῇ,
1633 5773 1682 5836 iii
1711 5773 2016 5853 ιηἰιιιιιιίοἲε.⁸
2071 5778 2082 5794 ⁸

2234 3329 2401 3382 nostri
2433 3327 2556 3382 Jesn
2588 3327 2783 3382 Christi
2811 3345 3024 3400 semper
3048 3332 3253 3400 aequale
3282 3343 3393 3398 est;
3435 3334 3528 3388 sed
3569 3343 3701 3388 tunc
3730 3351 3822 3389 su-

2235 3419 2444 3472 blimari
2473 3419 2688 3484 dicitur,
2717 3420 2932 3487 quando
2963 3421 3096 3474 tales
3123 3421 3322 3475 erimus
3353 3432 3410 3476 ut
3437 3421 3552 3490 ejus
3575 3423 3821 3478 sublimi-

2236 3518 2400 3562 tatem
2432 3509 2623 3562 int::eri
2657 3510 2962 3577 valeamus;
3002 3510 3261 3581 quidquid
3291 3513 3430 3566 enim
3461 3529 3604 3568 nunc
3632 3514 3702 3569 de
3733 3515 3822 3568 illa

2233 3601 2560 3655 sublimitate
2591 3603 2820 3654 humana
2852 3619 3001 3656 iniens
3021 3603 3118 3655 sibi
3145 3612 3322 3671 potest
3355 3603 3572 3670 ﬁngere,
3598 3606 3824 3661 omnino

2237 3691 2364 3744 nihil
2395 3700 2475 3746 est
2505 3693 2556 3744 in
2580 3691 2716 3744 illius
2743 3691 2924 3760 gloria:
2951 3693 3370 3761 comparatione.
3397 3693 3528 3747 Nam
3560 3697 3826 3765 scriptum

2236 3789 2317 3834 est
2345 3780 2411 3834 de
2442 3781 2528 3833 illa
2560 3799 2571 3832 :
2605 3780 2754 3844 Quod
2777 3782 2953 3834 oculus
2981 3799 3080 3835 non
3115 3783 3235 3836 vidit
3257 3823 3270 3846 ,
3304 3800 3394 3836 nec
3417 3786 3564 3856 auris
3596 3785 3827 3854 audivit,

2237 3887 2326 3924 nec
2355 3873 2409 3924 in
2447 3888 2534 3924 cor
2564 3873 2785 3925 hominis
2809 3872 3061 3939 ascendit,
3092 3889 3206 3941 qua?
3225 3877 3535 3943 prazp‘aracit
3575 3874 3719 3929 Deus
3745 3876 3825 3930 di-

2236 3962 2413 4032 ligenti
2447 3979 2506 4015 us
2535 3979 2589 4015 se
2620 3962 2775 4031 (Isai.
2804 3979 2944 4026 LXIV,
2986 3962 3048 4028 4;
3092 3961 3119 4015 1
3150 3964 3267 4017 Cor.
3302 3980 3359 4030 ιι,
3389 3963 3467 4034 9).
3503 3964 3661 4019 Prius
3691 3980 3825 4027 ergo

2237 4052 2360 4105 Chri
2393 4060 2447 4106 to
2469 4051 2625 4105 da:ur
2650 4053 2950 4120 imperium,
2981 4052 3174 4105 deinde
3209 4068 3378 4106 eornu
3425 4051 3539 4120 ejus
3565 4053 3827 4106 sublima-

2236 4141 2398 4206 hitur,
2423 4143 2544 4208 quia
2569 4150 2693 4195 tunc
2718 4140 3057 4196 sublimitatis
3086 4140 3201 4208 ejus
3228 4141 3490 4195 celsitudo
3516 4144 3827 4210 respicitur,

2237 4248 2359 4287 cum
2409 4243 2588 4287 nostra
2634 4247 2848 4301 quoque
2879 4241 3068 4285 natura
3096 4247 3125 4283 a
3158 4233 3516 4300 corruptionis
3554 4248 3666 4287 sua:
3718 4236 3828 4288 imo

2237 4321 2564 4382 sublevatur,
2595 4337 2714 4374 cum
2744 4321 3104 4374 renovationis
3134 4336 3242 4374 sua:
3265 4322 3626 4390 integritatem
3650 4340 3828 4378 resur-

2237 4413 2411 4480 gendo
2459 4411 2714 4478 suscipit,
2749 4426 2852 4480 qua
2882 4413 3193 4481 praecelsum
3244 4415 3424 4466 lumen
3467 4415 3829 4483 contemplari

2236 4504 2416 4557 valeat
2461 4503 2854 4572 Redemptoris.

2167 4623 2216 4681 ι)
2312 4613 2399 4666 28.
2440 4611 2496 4666 Si
2525 4628 2652 4667 vero
2677 4614 2726 4667 in
2757 4629 2922 4669 cornu
2952 4613 3142 4684 aliquis
3170 4614 3284 4667 vult
3309 4627 3534 4684 regnum
3576 4615 3831 4682 intelligi,

2245 4719 2340 4774 per
2359 4718 2578 4772 regnum
2606 4703 2731 4758 Chri
2763 4705 2800 4757 ti
2831 4714 3011 4760 sancta
3043 4706 3277 4760 Ecclesia
3307 4708 3636 4773 designatur.
3671 4708 3832 4774 Quod

2242 4795 2485 4863 profecto
2507 4810 2674 4849 cornu
2697 4796 3091 4859 sublimabitur,
3117 4797 3238 4864 quia
3258 4797 3360 4849 ima
3383 4806 3562 4851 nostra
3579 4797 3645 4851 ad
3663 4813 3831 4866 auge-

2242 4889 2413 4944 lorum
2441 4890 2800 4958 :equalitatem
2836 4889 3214 4957 perducentur.
3255 4888 3432 4954 Quare
3461 4897 3516 4942 et
3544 4890 3612 4944 de
3641 4891 3833 4947 electis

2241 4981 2294 5033 in
2334 4979 2620 5048 Evangelii)
2665 4981 2921 5034 Dominus
2951 4979 3116 5036 dicit:
3157 4978 3322 5032 Erunt
3348 4982 3488 5033 sicut
3521 4983 3700 5050 angeti
3737 4982 3835 5036 De:

2238 5077 2293 5127 in
2312 5075 2435 5127 coelo
2456 5073 2666 5144 (Mat-th.
2685 5089 2813 5128 xm.
2839 5072 2951 5139 50).
2979 5073 3050 5125 De
3075 5073 3172 5124 ista
3200 5089 3366 5126 cornu
3391 5075 3470 5126 sui
3497 5073 3835 5130 sublimitate

2241 5166 2432 5218 iterum
2465 5165 2627 5218 dicit:
2660 5163 2948 5226 Futqebunt
2983 5163 3111 5230 justi
3147 5164 3278 5214 sicut
3326 5163 3405 5215 sul
3441 5162 3496 5215 in
3527 5179 3687 5232 regno
3719 5163 3806 5217 Pa
3833 5194 3839 5198 -

2242 5259 2336 5310 tris
2379 5274 2556 5311 eorum
2587 5255 2757 5325 (Ibid.
2800 5271 2908 5308 χιιι.
2945 5252 3054 5324 43).
3089 5254 3468 5308 Sulalimahitur
3496 5269 3626 5322 ergo
3655 5272 3842 5312 cornu

2240 5345 2456 5410 Christi,
2489 5345 2611 5413 quia
2641 5351 2825 5397 sancta
2869 5342 3107 5396 Ecclesia
3153 5344 3205 5395 in
3250 5354 3448 5396 teterna
3486 5344 3838 5413 contempla-

2243 5439 2388 5491 tione
2408 5436 2488 5490 sui
2512 5434 2884 5502 Redemptoris
2906 5432 3227 5496 extolletur;
3257 5442 3310 5486 et
3334 5449 3453 5500 quae
3477 5449 3617 5487 nunc
3640 5435 3696 5488 in
3731 5437 3844 5489 hac

2241 5529 2376 5582 valle
2407 5527 2635 5581 miseria:
2662 5523 3012 5594 depositionis
3037 5537 3145 5575 sua:
3174 5536 3332 5590 poena
3358 5523 3701 5593 deprimitur,
3736 5528 3832 5581 ab-

2305 5717 2328 5753 ι’
2366 5718 2533 5771 Vatic.
2559 5727 2613 5770 et
2638 5717 2827 5782 Gilot.,
2863 5721 3132 5776 charitatis
3162 5724 3324 5775 radis
3349 5721 3662 5776 illustratur.

2317 5799 2337 5825 ε
2374 5786 2516 5842 Gilot
2551 5797 2604 5841 et
2634 5787 2830 5856 Vatic.,
2861 5806 2962 5844 non
2993 5803 3117 5846 erat.
