4000 6338
217 437 274 506 τι
1083 441 1145 494 IN
1187 424 1441 495 ιιιιιιιυιι
1485 419 1716 492 nrzohu
1759 433 1841 488 ex

1951 415 2275 488 smoives.
2317 457 2382 468 -
2425 427 2547 480 Lm.
2591 425 2647 483 ιι.
3432 421 3498 474 ιδ

220 569 401 630 surpta
436 570 570 613 tunc
603 565 798 620 morte,
823 561 1082 607 renovata
1113 558 1298 604 aeterm
1339 546 1515 616 gaudii
1553 543 1817 607 culmine,
1849 554 1900 612 Α
1930 541 2146 596 tulimus
2171 581 2184 604 ,
2228 546 2394 593 restat
2441 546 2497 590 ut
2541 536 2592 589 in
2620 532 2865 603 sequenti
2911 529 3181 585 volumine
3228 528 3503 584 moraliter

219 650 616 708 sublevabitur.
647 647 755 702 Sed
796 645 910 698 ιιωο
933 644 1044 710 jam
1078 641 1254 708 typica
1285 635 1662 710 explanatione
1691 648 1818 696 pro-

223 785 1117 810 ______________.__...___

1120 771 2533 797 Μ

1925 629 2308 696 extiritnautus.

1418 909 1711 988 LIBER
1790 899 2354 1000 SECUNDUS.

749 1067 976 1124 CAPUT
1019 1061 1309 1120 PRIMUM.

301 1163 406 1234 53
427 1163 480 1214 ι.
505 1159 786 1229 Superiori
816 1157 978 1220 libro,
1002 1159 1128 1208 dum
1153 1166 1319 1207 sacra:
1350 1149 1588 1203 historiae
1613 1149 1819 1201 textum

233 1254 513 1309 moraliter
524 1252 936 1313 discuteremus,
949 1245 1117 1299 Anna:
1134 1243 1514 1298 fecunditatem
1534 1239 1585 1292 in
1602 1240 1825 1293 Summa:

229 1343 708 1412 ‘contemplationis
730 1338 1058 1409 perfectione
1080 1336 1374 1406 posuimus,
1399 1333 1519 1400 quia
1542 1321 1827 1396 concipere

239 1435 402 1489 menti
425 1444 506 1488 est
526 1433 592 1485 de
615 1446 820 1485 summa
845 1429 938 1482 Dei
969 1424 1352 1496 omnipotentis
1373 1421 1854 1492 contemplatione

237 1525 583 1579 inetiabiliter
631 1520 895 1589 gaude-re,
929 1533 1118 1587 parere
1154 1523 1334 1569 autem
1381 1515 1434 1567 in
1476 1521 1656 1566 mente
1698 1527 1832 1568 con-

241 1625 414 1685 cepta:
449 1612 729 1668 charitatis
765 1610 987 1675 insignia
1032 1607 1306 1662 occultare
1336 1620 1440 1658 non
1474 1606 1647 1674 posse.
1678 1603 1830 1656 Nunc

240 1707 423 1758 autem
451 1702 679 1773 parienti
710 1703 973 1754 canticum
1004 1698 1184 1752 dicere
1213 1695 1338 1764 quid
1365 1703 1481 1760 'est,
1511 1694 1609 1747 nisi
1645 1692 1826 1747 condi-

1927 1071 2100 1108 servus
2131 1063 2243 1105 tuus
2272 1068 2361 1105 cor
2387 1054 2535 1104 suum
2566 1046 2666 1120 (II
2712 1047 2842 1117 Reg.
2873 1062 2944 1100 vn
2963 1087 2976 1112 ,
3007 1044 3131 1116 27).
3179 1046 3318 1102 Dicit
3342 1062 3471 1115 ergo
3497 1067 3510 1102 ε

1929 1144 2222 1198 Exsultavit
2247 1154 2335 1196 c'or
2356 1157 2523 1196 meum
2546 1141 2600 1193 in
2631 1138 2874 1202 Domino,
2906 1147 2964 1191 ut
2991 1138 3294 1192 libertatem
3321 1141 3516 1191 mentis

1931 1239 2213 1298 assereret,
2243 1233 2360 1287 sine
2385 1246 2494 1301 qua
2525 1231 2690 1284 Deum
2720 1229 2880 1296 digne
2910 1226 3130 1282 laudare
3172 1242 3279 1282 non
3313 1243 3450 1297 poss«
3475 1237 3514 1280 ι.

1932 1323 2224 1391 Sequhur:

2009 1435 2186 1508 (Vers.
2223 1435 2296 1502 l.)
2345 1432 2649 1486 Exalfatum
2678 1442 2753 1484 est
2782 1438 2942 1484 cornu
2978 1445 3145 1482 meum
3170 1429 3223 1481 in
3251 1426 3356 1481 Deo
3382 1445 3514 1482 meo.

2007 1513 2113 1597 55
2143 1526 2195 1578 '5.
2236 1523 2293 1578 In
2315 1539 2482 1579 cornu
2510 1525 2694 1576 electa}
2723 1521 2916 1574 mentis
2940 1520 3167 1573 intentio
3191 1519 3517 1586 designatur,

1935 1622 2054 1686 quae
2075 1615 2388 1668 mirabiliter
2417 1612 2692 1666 extollitur
2710 1625 2831 1665 cum
2857 1609 2922 1663 ad
2946 1625 3066 1663 eum
3091 1607 3376 1676 gaudendo
3399 1623 3520 1678 per-

1934 1706 2082 1758 venit
2112 1703 2203 1772 qui
2233 1717 2394 1770 super
2434 1702 2680 1754 universa
2731 1699 2997 1754 consistit.
3049 1697 3205 1753 Unde
3252 1707 3307 1752 et
3353 1714 3520 1753 cornu

243 1805 438 1851 torem.
457 1806 620 1861 quem
644 1787 982 1843 inefl'ahiliter
1007 1787 1196 1855 diligil,
1221 1785 1360 1841 veris
1389 1785 1674 1854 Ρτωουῐιίῖε
1695 1793 1828 1854 Ρῗῐθ-
1864 1763 1904 1821 B
1933 1804 2087 1847 suum
2130 1807 2234 1846 non
2284 1792 2334 1844 in
2388 1790 2494 1843 alio
2533 1788 2713 1856 aliquo
2759 1787 3052 1842 exaltatum
3098 1789 3319 1856 asserit,
3347 1790 3439 1843 sed
3468 1791 3520 1844 in

238 1883 462 1936 dicare?
494 1881 631 1934 Dicit
662 1893 793 1946 ergo
818 1896 831 1931 :

314 1973 370 2039 (Ι
403 1973 536 2039 Reg.
567 1978 626 2035 ιι,
660 1970 738 2038 1.)
771 1967 1058 2022 Exsultavit
1079 1982 1168 2020 cor
1193 1978 1360 2019 meum
1383 1967 1438 2019 in
1461 1963 1704 2018 Damno.

310 2064 365 2115 2.
414 2062 519 2117 Sed
546 2077 608 2114 ea
640 2075 759 2130 quae
795 2058 1136 2113 manducaVit
1163 2067 1217 2112 et
1246 2057 1407 2120 bibit,
1439 2070 1555 2127 qua:
1592 2069 1830 2109 amarum

239 2154 478 2205 animum
507 2151 710 2216 habuit,
730 2151 848 2218 quze
874 2147 1021 2203 ﬂevit
1047 2148 1280 2216 largiter,
1312 2160 1433 2216 qua:
1455 2155 1636 2200 votum
1660 2146 1826 2211 vovit,

239 2244 364 2312 quia
407 2243 495 2296 illa
545 2257 695 2296 mens
734 2239 1156 2307 omnipotentem
1199 2238 1367 2292 Deum
1406 2238 1565 2306 digne
1608 2237 1833 2291 laudare

239 2339 441 2402 potest,
459 2346 580 2400 qua:
605 2330 778 2398 dignis
801 2327 1060 2397 agonibus
1092 2326 1158 2380 ad
1182 2326 1462 2380 charitatis
1490 2327 1603 2394 ejus
1624 2339 1832 2378 sunnua

240 2424 501 2493 pervenit,
521 2422 635 2477 lucc
655 2421 868 2490 quidem
890 2421 1140 2474 diuturno
1163 2433 1258 2472 usu
1279 2426 1628 2472 contemnere
1653 2415 1834 2469 omnia

240 2514 457 2576 didicit,
498 2522 554 2566 et
580 2513 703 2566 dum
733 2521 925 2565 cuncta
963 2515 1143 2563 creata
1185 2509 1252 2562 ab
1290 2507 1586 2561 intentione
1615 2505 1795 2574 alrjicit
1819 2547 1832 2566 .

242 2609 396 2658 tanto
426 2604 654 2673 amplius
690 2604 745 2657 in
774 2603 980 2657 visione
1019 2610 1234 2655 tnterua:
1277 2597 1573 2668 majestatis
1602 2597 1801 2665 gaudet
1821 2640 1834 2663 ,

241 2699 448 2762 quanto
489 2693 713 2760 alicujus
742 2698 1001 2746 creaturae
1037 2691 1245 2758 species
1275 2690 1327 2742 in
1360 2689 1441 2742 sui
1473 2703 1658 2742 amore
1699 2689 1838 2743 hanc

245 2784 480 2835 retinere
527 2797 632 2835 non
680 2781 953 2848 praevalet.
993 2779 1119 2834 litec
1162 2793 1291 2847 ergo
1335 2778 1462 2832 dicit
1497 2796 1509 2830 :
1543 2775 1839 2832 Exsultat'il

246 2885 337 2922 cor
364 2886 528 2922 meum
558 2873 609 2922 in
639 2867 884 2930 Domino,
907 2883 1024 2936 quae
1048 2883 1192 2935 eum;
1218 2867 1539 2934 cmttemptis
1567 2867 1835 2934 onmihus,

244 2961 422 3013 Solum
453 2969 617 3012 amat.
650 2958 707 3010 In
739 2959 878 3012 hunc
909 2957 1146 3027 profecto
1185 2958 1434 3011 affectum
1470 2968 1710 3023 venerat,
1744 2958 1834 3026 qui

245 3049 495 3101 dicebat:
531 3045 667 3110 Quid
695 3047 819 3099 mihi
863 3055 1022 3098 restat
1064 3048 1116 3099 in
1147 3047 1273 3100 cmlo
1293 3089 1305 3106 ,
1334 3055 1382 3100 ct
1413 3063 1444 3099 a
1479 3057 1524 3100 te
1552 3049 1672 3118 quid
1702 3047 1836 3100 volui

244 3144 401 3207 'super
424 3148 612 3190 terram
639 3136 811 3198 (Psal.
835 3153 1001 3202 Lxxu,
1023 3135 1134 3207 25).
1167 3136 1301 3190 Hinc
1326 3138 1379 3190 in
1410 3137 1517 3192 Deo
1541 3139 1836 3204 exSultans,

246 3230 380 3283 dicit
415 3247 429 3280 :
471 3229 678 3282 Vultum
709 3239 871 3294 tuum,
904 3229 1095 3280 cultum
1122 3237 1281 3292 tuum,
1314 3227 1554 3294 Domine,
1584 3231 1841 3300 requiram

247 3319 424 3385 (Psat.
452 3335 594 3384 xxvr,
621 3315 699 3387 8).
727 3317 860 3371 llinc
885 3332 1079 3386 sponsa
1109 3317 1158 3370 in
1184 3317 1418 3372 Canticis
1445 3319 1596 3386 petit,
1620 3321 1838 3373 dicens:

249 3408 528 3461 Oscutetur
567 3424 645 3461 me
668 3408 843 3460 oscula
887 3409 991 3461 oris
1035 3409 1114 3461 sui
1160 3408 1346 3479 (Cant.
1380 3424 1418 3475 ι,
1449 3409 1527 3475 l).
1557 3409 1684 3462 Dum
1715 3423 1844 3477 ergo

247 3501 414 3554 dicit:
445 3498 736 3553 Exsu'ltavit
761 3516 849 3554 cor
871 3516 1038 3553 meum
1057 3501 1111 3554 in
1129 3500 1376 3567 Domino,
1396 3502 1518 3570 quid
1561 3501 1704 3556 aliud
1733 3501 1843 3573 54

248 3603 413 3656 quam
451 3589 504 3641 in
536 3587 650 3655 ejus
677 3603 738 3642 se
765 3595 789 3624 ο
819 3588 1013 3642 osculis
1059 3588 1334 3642 inhmdsse
1384 3603 1544 3656 quem
1593 3589 1846 3643 ardenter

247 3683 423 3751 diligit
464 3676 760 3750 gloriatur?
801 3680 864 3734 Et
888 3681 1090 3735 idtirco
1130 3681 1216 3735 illa
1241 3681 1356 3735 sola
1386 3681 1504 3736 hanc
1535 3681 1693 3744 dicit,
1727 3686 1844 3751 quae

249 3779 477 3837 experta
507 3770 658 3822 nowit
685 3783 804 3839 qua:
834 3768 912 3822 vis
942 3769 1139 3823 amoris
1175 3768 1246 3824 sit
1279 3770 1330 3822 in
1362 3770 1597 3824 thalamo
1638 3785 1772 3838 spon
1807 3772 1842 3826 i.

249 3857 472 3911 Cunctis
493 3857 693 3926 quippe
722 3857 1029 3926 passionum
1054 3858 1294 3912 victoriis
1324 3858 1609 3926 illustrata,‘
1633 3864 1688 3913 et
1711 3875 1848 3929 prte-

254 3948 360 3999 lata
387 3947 642 4000 virtutum
666 3947 918 4010 culmine,
944 3947 1008 4001 ad
1031 3947 1173 4001 illam
1201 3949 1579 4004 sublimitatem
1606 3953 1849 4020 pervenit

253 4055 320 4092 ex
353 4054 455 4105 qua
488 4053 586 4107 per
612 4038 865 4106 gaudium
909 4039 1057 4092 mirze
1099 4040 1401 4094 t'cvotionis
1441 4042 1846 4097 exsultationis-

254 4145 361 4196 que
387 4146 481 4184 cor
500 4146 660 4184 suum
687 4131 738 4184 in
775 4130 887 4185 Deo
919 4131 1113 4199 posuit.
1147 4129 1209 4184 Et
1243 4132 1364 4200 quia
1395 4147 1488 4186 cor
1513 4135 1668 4187 suu‘m
1698 4133 1847 4199 dicit,

253 4222 382 4288 quid
431 4222 576 4275 aliud
625 4237 785 4290 quam
831 4222 1027 4277 mentis
1081 4221 1190 4276 suae
1237 4223 1538 4277 libertatem
1584 4224 1851 4279 asseruit?

256 4306 490 4380 Reprobi
522 4312 741 4381 quidem
783 4313 944 4367 corda
979 4329 1074 4368 sua
1104 4329 1210 4367 non
1240 4313 1456 4378 habent,
1490 4314 1614 4380 quia
1638 4329 1700 4368 ea
1732 4315 1848 4368 dia-

253 4400 408 4452 bolus
436 4400 696 4466 possidet.
751 4399 902 4454 Unde
930 4408 984 4455 et
1021 4402 1087 4456 de
1132 4401 1408 4470 proditore
1451 4401 1688 4470 (dicitur:
1721 4401 1848 4456 Cum

257 4465 499 4544 diabolus
529 4492 648 4560 jam
675 4493 897 4545 misisset
938 4491 991 4544 in
1032 4465 1149 4556 cor,
1172 4502 1228 4545 ut
1270 4467 1496 4546 traderet
1536 4511 1650 4548 eum
1677 4494 1847 4550 ludas
1879 4465 1928 4523 D
1953 4487 2168 4550 fatetur,
2208 4490 2333 4556 quia
2383 4501 2590 4540 summa
2635 4485 2722 4539 illa
2766 4485 2961 4540 infusio
3007 4485 3201 4539 divina:
3242 4484 3539 4540 dulcedinis
3630 4472 3635 4478 ’

257 4580 280 4613 δ
310 4579 544 4634 Simonis
576 4579 857 4635 Iscariotes
885 4580 1073 4650 (Joan.
1107 4591 1216 4646 xm,
1233 4580 1539 4649 2).Sienim
1563 4583 1725 4640 Judas
1753 4602 1849 4641 cor

254 4685 431 4734 suum,
463 4680 519 4724 et
546 4689 654 4725 non
686 4673 952 4737 diabolus,
984 4673 1309 4742 possideret,
1339 4674 1452 4744 ipse
1489 4675 1668 4742 potius
1698 4677 1749 4730 in
1779 4689 1847 4731 co

254 4764 458 4813 bonum
489 4776 651 4830 quam
683 4762 927 4816 diabolus
967 4761 1166 4816 malum
1199 4773 1446 4833 poneret.
1489 4760 1606 4830 Quo
1657 4776 1842 4823 contra

254 4852 463 4904 electus
489 4853 573 4905 vir
602 4853 862 4921 loquitur,
891 4854 1111 4908 dicens:
1143 4855 1383 4908 Animam
1425 4866 1591 4910 meam
1619 4864 1766 4926 porto
1794 4858 1847 4911 in

256 4943 499 4996 manibus
526 4946 652 4997 meis
685 4944 826 5015 (Job.
860 4957 970 5008 χιιι,
1011 4947 1116 5012 H).
1151 4947 1289 5013 Quid
1320 4963 1460 5002 enim
1488 4949 1628 5003 aliud
1660 4965 1850 5004 manus

253 5037 414 5090 electi
440 5046 524 5090 cst
547 5054 706 5105 quam
733 5047 971 5106 potestas
999 5040 1222 5093 interna?
1243 5039 1543 5094 libertatis?
1563 5042 1696 5106 Quid
1724 5049 1851 5109 ergo

255 5124 305 5177 ei
341 5135 442 5187 est,
475 5127 708 5179 animam
757 5128 808 5180 in
839 5129 1083 5183 manibus
1110 5137 1349 5198 portare,
1385 5130 1486 5183 nisi
1533 5131 1755 5185 interna:
1785 5132 1851 5185 li-

256 5214 486 5267 bertatis
509 5229 541 5282 g
566 5219 735 5268 ori-am
761 5217 812 5269 in
843 5226 1107 5285 puteState
1131 5219 1399 5272 retinere?
1417 5203 1854 5290 Quotiescunque

256 5318 391 5368 ergo
421 5305 658 5370 graviter
685 5305 1072 5374 delinquimus,
1105 5323 1200 5362 cor
1230 5318 1472 5362 nostrum
1505 5325 1602 5363 nos
1625 5326 1729 5363 non
1760 5311 1851 5364 ha-

256 5395 470 5449 bemus.
515 5395 695 5461 Quare
733 5406 787 5451 et
826 5397 1086 5453 Jeremias
1129 5397 1353 5455 Judaico
1394 5401 1593 5470 populo
1621 5402 1856 5470 graviter

258 5483 594 5552 delinquenti
621 5487 997 5557 impropcrans
1019 5533 1033 5552 ,
1067 5491 1139 5542 ait
1170 5508 1181 5542 :
1208 5490 1371 5554 Audi,
1399 5492 1584 5560 popule
1603 5493 1786 5557 stulte,
1810 5501 1859 5547 et

259 5579 348 5646 qui
377 5595 478 5632 non
511 5581 669 5634 habes
710 5598 801 5634 cor
832 5581 1051 5652 (Jerem.
1084 5599 1136 5650 ν,
1165 5582 1279 5649 21).
1317 5582 1451 5636 lliuc
1477 5583 1606 5636 item
1636 5599 1861 5638 conver-

262 5679 356 5720 sus
391 5670 523 5723 alter
562 5673 830 5740 propheta
881 5671 992 5726 Deo
1032 5671 1336 5737 confitetur,
1378 5673 1564 5727 dicens
1599 5691 1613 5726 :
1660 5673 1862 5727 Invenit

304 5792 362 5909 1“)
391 5787 461 5908 Itis
492 5774 739 5866 proculd-
768 5788 857 5841 hin
888 5788 1192 5856 legendum,
1226 5804 1330 5841 non
1362 5799 1538 5850 oculis,
1571 5795 1624 5839 ut
1655 5787 1855 5842 habent

327 5873 358 5909 ιι
385 5873 411 5909 e
451 5865 528 5909 ιιι.

269 5865 358 5910 am
385 5865 528 5910 Cdtlt.

1867 3098 1914 3160 C

1936 1881 2068 1936 Deo.
2099 1881 2198 1947 Qui
2229 1880 2369 1933 enim
2403 1878 2732 1933 transeuntia
2781 1879 2920 1932 bona
2967 1878 3173 1948 diligit,
3205 1880 3362 1946 hujus
3397 1897 3522 1949 pro-

1937 1972 2077 2026 fecto
2107 1969 2252 2025 inten
2278 1971 2329 2024 io
2354 1970 2628 2039 depressa,
2658 1985 2762 2024 non
2791 1970 3022 2023 e‘xaltata
3051 1979 3153 2034 est,
3178 1971 3300 2048 quia
3333 1971 3384 2024 in
3416 1972 3523 2025 imo

1936 2061 2116 2132 ﬁgitur
2147 2061 2232 2115 ubi
2269 2076 2366 2128 per
2394 2060 2720 2115 desiderium
2751 2060 2977 2114 locatur.
3024 2060 3160 2115 Hinc
3188 2070 3272 2115 est
3299 2061 3440 2130 quod
3470 2061 3523 2114 in

1937 2154 2227 2219 Evangelio
2271 2153 2527 2208 Dominus
2550 2153 2678 2206 dicit
2703 2170 2713 2204 :
2753 2151 2948 2221 Ubirst
2979 2147 3248 2206 thesaurus
3277 2159 3392 2207 tuus
3411 2191 3424 2216 ,
3453 2151 3525 2206 ibi

1936 2249 2010 2297 est
2037 2253 2086 2296 et
2109 2259 2197 2297 cor
2219 2252 2358 2295 tuum
2389 2232 2601 2311 (Matth.
2629 2257 2699 2302 vt,
2724 2241 2782 2292 2|
2807 2257 2822 2307 ;
2855 2235 2977 2294 Luc.
3010 2251 3102 2307 ιιι,
3125 2240 3239 2312 δι).
3272 2240 3526 2295 Exaltare

1935 2337 2066 2398 ergo
2093 2347 2258 2385 cornu
2289 2341 2530 2384 nostrum
2559 2329 2775 2384 volehat
2814 2329 3088 2394 Dominus,
3120 2346 3240 2384 cum
3270 2330 3483 2385 dicebat
3509 2349 3520 2382 :

1940 2420 2188 2474 Thesauri
2194 2411 2306 2473 κατὰ
2321 2418 2458 2474 vobis
2477 2417 2743 2473 thesauros
2763 2421 2815 2472 in
2837 2418 2963 2472 τωΐο
2983 2419 3193 2487 (Matth.
3210 2436 3282 2484 γι,
3298 2406 3389 2488 Ξῦ,
3406 2413 3521 2490 55).

1941 2512 2241 2566 E'Xaltatum
2271 2527 2436 2566 cornu
2467 2511 2734 2564 habebant
2765 2509 2800 2563 ii
2837 2510 3032 2577 quibus
3074 2524 3133 2564 se
3162 2509 3357 2565 Paulus
3384 2527 3520 2566 con-

1941 2601 2234 2666 formahat,
2288 2601 2520 2656 dicens:
2563 2584 2761 2653 Nosrm
2808 2601 3126 2654 conversatio
3171 2600 3223 2653 iri
3271 2601 3408 2654 cretis
3453 2612 3526 2655 est

1941 2682 2160 2759 (Philip.
2193 2705 2269 2750 ut.
2299 2687 2414 2757 ‘20).
2456 2686 2565 2743 Sed
2619 2689 2711 2756 qui
2769 2688 3007 2742 cmlestia
3057 2695 3263 2741 tantum
3317 2687 3527 2758 diligit,

1939 2781 1984 2835 si
2017 2782 2158 2834 illam
2207 2781 2409 2833 intima:
2447 2778 2746 2832 dulcedinis
2787 2775 3106 2831 snavitatem
3153 2786 3372 2844 gustare
3420 2794 3526 2832 non

1942 2873 2111 2936 novit,
2139 2886 2446 2940 quanquam
2470 2869 2624 2924 valde
2651 2868 2917 2922 exaltatus
2947 2868 3038 2934 sit,
3063 2883 3090 2920 a
3115 2871 3126 2918 ι
3161 2868 3316 2936 buj‘tts
3348 2877 3527 2923 tamen

1941 2962 2285 3036 exaltationis
2306 2960 2687 3014 sublimitatem
2715 2973 2821 3011 non
2849 2959 3110 3027 pervenit.
3142 2941 3235 3012 ille
3276 2971 3405 3026 erga
3430 2959 3529 3014 hac

1942 3048 2268 3105 exaltatioue
2298 3050 2538 3104 sublimis
2565 3057 2672 3109 est,
2706 3048 2797 3116 qui
2848 3063 2945 3116 per
2974 3048 3305 3102 incrementa
3356 3047 3528 3101 virtu-

1947 3153 2059 3197 tum
2092 3141 2398 3212 proiieieas,
2432 3139 2817 3194 sublimitatem
2857 3135 3080 3191 sttmmae
3111 3137 3528 3205 contemplatio-

1947 3235 2029 3290 his
2065 3234 2329 3301 obtinuit,
2360 3248 2465 3286 non
2495 3231 2668 3285 solum
2699 3237 2760 3283 u't
2797 3227 3032 3296 perfecte
3061 3227 3301 3283 emlesda
3343 3228 3530 3296 diligat

1944 3324 2038 3378 sed
2066 3325 2226 3378 etiam
2251 3331 2308 3376 ut
2335 3322 2536 3376 amoris
2564 3321 2892 3390 perfectione
2923 3318 2973 3372 in
3005 3319 3118 3372 sola
3149 3317 3533 3387 omnipotentis

1951 3414 2040 3467 Dei
2095 3412 2551 3481 contemplatione
2599 3411 2924 3478 requiescat.
2971 3397 3028 3462 ln
3080 3407 3190 3463 Deo
3237 3409 3531 3465 exaltatum

1949 3519 2119 3557 cornu
2149 3501 2329 3566 habet,
2359 3501 2447 3568 qui
2482 3499 2675 3554 interni
2705 3498 2920 3553 luminis
2946 3498 3051 3551 alta
3083 3498 3290 3573 visione
3317 3497 3532 3564 fruitur,

1948 3591 1998 3645 in
2021 3607 2122 3659 qua
2141 3591 2383 3644 familiari
2406 3586 2637 3658 quadam
2659 3587 3032 3656 singularitate
3053 3585 3327 3654 gloriatur.
3354 3584 3534 3652 Quare

1947 3691 2053 3736 non
2081 3682 2174 3747 ait,
2207 3681 2262 3734 lu
2294 3680 2407 3734 Deo
2437 3688 2642 3744 "Orll'fl,
2670 3679 2762 3733 sed
2794 3679 2846 3732 in
2875 3670 2986 3731 Deo
3016 3681 3147 3730 meo.
3174 3675 3352 3732 Meum
3380 3692 3533 3730 nam-

1947 3770 2053 3840 que
2076 3771 2143 3824 de
2171 3787 2237 3824 eo
2265 3771 2396 3824 dicit
2421 3765 2582 3839 quem
2626 3768 2963 3822 familiariter
2992 3777 3055 3821 ac
3084 3766 3427 3835 singulariter
3456 3767 3535 3822 di-

1949 3860 2080 3928 ligit.
2115 3859 2194 3913 Ad
2224 3864 2384 3927 quam
2409 3865 2555 3912 certe
2584 3857 2775 3911 divina:
2821 3855 3196 3911 familiaritatis
3222 3853 3536 3921 dignitatem

1949 3956 2287 4018 pervenerat,
2312 3947 2402 4016 qui
2433 3947 2643 4001 dicebat
2671 3965 2685 4000 :
2719 3944 2858 3999 Deus
2883 3960 3022 3999 meus
3065 3962 3120 3998 es
3145 3955 3220 4010 tu,
3245 3954 3294 3998 et
3323 3946 3536 4015 confite-

1951 4037 2043 4091 bor
2073 4036 2161 4090 tibi
2192 4054 2209 4090 :
2235 4035 2372 4089 Deus
2403 4051 2542 4089 meus
2564 4051 2618 4088 es
2646 4043 2719 4094 tu.
2748 4043 2798 4088 et
2823 4034 3064 4088 exaltabo
3095 4044 3142 4088 te
3172 4033 3343 4104 (Psal.
3373 4050 3537 4099 cxvu,

1952 4126 2071 4196 28).
2105 4126 2240 4181 Hinc
2277 4126 2442 4180 lsaias
2483 4127 2558 4178 ait
2597 4123 2901 4178 incredulos
2929 4125 3250 4193 increpans:
3283 4121 3537 4192 Nunquid

1952 4233 2135 4285 parum
2165 4227 2243 4270 est
2282 4217 2422 4270 vobis
2453 4216 2690 4271 molestos
2719 4231 2830 4269 esse
2853 4213 3160 4280 hominibus,
3192 4215 3313 4286 quia
3341 4215 3538 4269 molesti

1950 4308 2073 4359 (stis
2098 4313 2146 4358 et
2176 4304 2285 4360 Deo
2307 4321 2419 4359 meo
2451 4303 2605 4373 (lsai.
2631 4319 2720 4370 vn,
2751 4303 2877 4373 15)?
2904 4303 3033 4369 Qua:
3053 4297 3539 4372 ergo'exaltalioue

1954 4412 2123 4450 cornu
2173 4397 2226 4448 in
2269 4395 2381 4450 Deo
2424 4395 2756 4460 sustollitur,
2786 4394 2952 4449 Deum
2998 4410 3152 4448 suum
3200 4392 3539 4462 singulariter

1949 4577 2243 4630 cxaltatam
2281 4576 2549 4640 mentem,
2599 4585 2655 4630 et
2693 4575 2776 4629 sui
2822 4575 3254 4644 Suscejtihiletu;
3287 4582 3340 4629 et
3382 4573 3538 4629 valde

1951 4665 2269 4721 familiarem
2302 4666 2445 4722 facit.
2478 4667 2733 4734 Sequitur
2759 4684 2770 4698 ι
3011 4667 3016 4672 ’

2023 4779 2205 4849 (Vers.
2243 4778 2327 4830 Ll
2383 4778 2668 4832 Dilatatum
2707 4795 2782 4832 est
2822 4795 2880 4832 os
2915 4791 3079 4831 meum
3106 4780 3261 4847 super
3302 4775 3540 4833 inimicos

1957 4882 2115 4923 meos.

2028 4959 2079 5012 4.
2123 4960 2224 5024 Qui
2276 4969 2402 5013 sunt
2453 4959 2653 5012 inimici
2701 4957 2889 5012 «lecta:
2928 4957 3160 5018 mentis.
3191 4956 3292 5011 nisi
3322 4955 3542 5026 spiritus

1960 5051 2216 5117 maligni?
2262 5051 2398 5116 Quid
2439 5065 2566 5117 ergo
2597 5057 2678 5102 est
2707 5049 2984 5102 dilatatum
3017 5063 3078 5102 os
3107 5049 3270 5116 super
3296 5047 3542 5101 inimicos

1956 5143 2176 5206 habere.
2208 5142 2307 5197 nisi
2341 5157 2530 5196 omnes
2569 5142 2924 5209 malignorum
2954 5141 3238 5210 Spirituum
3264 5139 3542 5195 suasiones

1956 5233 2281 5300 amplissima
2328 5231 2429 5286 sibi
2472 5231 2659 5286 infusa:
2701 5231 2884 5298 gratiae
2929 5230 3177 5298 largitate
3215 5229 3543 5298 reprobare?

1958 5314 2252 5388 Angustum
2300 5323 2497 5389 quippe
2542 5335 2604 5375 os
2653 5319 2847 5385 habet,
2874 5321 2966 5388 qui
3010 5320 3217 5374 cunctis
3268 5318 3542 5374 fraudibus

1959 5407 2312 5478 malignorum
2343 5410 2623 5479 spirituum
2665 5424 2762 5478 per
2798 5409 3288 5464 considerationem
3318 5408 3544 5462 rationis

1960 5499 2226 5551 contraire
2255 5513 2362 5551 non
2394 5499 2664 5567 prmvalct.
2705 5497 2776 5552 Os
2812 5499 3009 5568 quippe
3039 5499 3232 5551 mentis
3260 5497 3375 5565 ejus
3405 5497 3544 5551 ratio

1961 5593 2074 5647 est,
2123 5593 2178 5638 et
2222 5584 2368 5653 loqui
2396 5587 2712 5641 deliberare.
2759 5586 2831 5640 Os
2873 5601 3106 5655 namque
3155 5586 3393 5654 repletur
3420 5600 3541 5638 cum

1967 5676 2159 5730 tuentis
2193 5678 2330 5732 ratio
2360 5691 2454 5747 per
2478 5676 2704 5730 infusam
2734 5676 2834 5731 sibi
2863 5676 3087 5744 gratiam
3121 5675 3172 5730 in
3202 5673 3542 5744 contempla-

2036 5789 2058 5823 "
2093 5789 2236 5843 Gilot
2261 5798 2315 5844 et
2345 5788 2540 5852 Vatia,
2570 5787 2854 5841 Scariotes.
