4000 6334
544 381 654 455 19.
1705 384 1946 438 SANCTI
1987 385 2124 436 (-RE
2156 385 2308 441 .ORII
2350 389 2556 445 MACNI
3685 392 3774 453 “0

553 495 752 548 tionem
783 504 1000 547 summa:
1025 491 1258 545 veritatis
1287 491 1563 546 attollitur.
1601 493 1807 562 Repleri
1829 496 2039 563 quidem
2063 497 2109 550 ei
2140 496 2188 554 Α
2216 505 2333 550 ctus
2359 499 2570 564 dicitur,
2606 503 2725 568 quia
2771 505 3096 570 rcgeneratis
3147 518 3241 573 per
3283 504 3469 560 salutis
3511 505 3773 562 lavacrum

551 593 630 638 est
678 582 1031 638 illustratione
1057 597 1276 636 summa:
1305 585 1546 638 veritatis
1585 585 1766 640 imbui.
1812 586 1886 640 lbi
1914 587 2112 656 quippe

550 677 720 742 discit,
754 684 806 729 et
848 673 988 742 quod
1031 675 1352 728 mtcrnaliter
1380 683 1612 745 appetat,
1644 685 1697 731 et
1733 680 1874 746 quod
1907 688 2112 746 tempo-

549 768 730 821 raliter
757 772 1080 820 contemnat.
1110 762 1172 817 Et
1210 764 1332 831 quia
1362 779 1565 818 summa
1597 765 1792 820 veritas
1819 780 1971 819 amor
1996 778 2108 834 est,

548 859 834 914 subtilitate
862 857 1099 911 veritatis
1143 857 1405 910 attollitur
1433 858 1601 912 electa
1632 859 1803 911 anima
1825 897 1838 916 ,
1891 858 2110 926 ejusque

549 948 622 1002 rei
665 947 956 1013 charitate,
988 961 1144 1014 quam
1170 946 1447 1009 didicerit,
1479 947 1854 1011 inﬂammatur,
1887 955 1940 1000 et
1963 956 2110 1000 tanto

547 1039 780 1094 strictius
802 1044 979 1090 servat
1000 1037 1380 1101 magisterium,
1401 1046 1600 1105 quanto
1625 1035 1911 1091 fervent'us
1936 1039 1983 1091 id
2009 1037 2106 1091 sibi

546 1129 828 1184 invisccrat
854 1127 934 1180 vis
963 1127 1178 1180 amor's.
1211 1124 1306 1179 Cui
1343 1127 1587 1179 nimirum
1630 1128 1726 1180 etsi
1759 1128 1967 1193 maligni
1999 1128 2108 1193 spi-

545 1219 674 1272 ritus
701 1217 832 1270 mala
873 1223 1178 1283 suggerunt,
1210 1215 1412 1267 dilatati
1445 1215 1552 1268 oris
1581 1217 1858 1285 apertione
1888 1217 2109 1270 confun-

543 1309 751 1368 duntur,
785 1306 926 1373 quia,
957 1305 1181 1357 veritate
1207 1319 1423 1357 summa:
1449 1305 1720 1373 sapientiae
1752 1307 2024 1371 instructa,
2055 1315 2109 1360 et

540 1393 728 1448 summi
771 1393 968 1446 amoris
1015 1392 1215 1445 facibus
1255 1406 1476 1445 accensa
1505 1433 1519 1458 ,
1558 1393 1714 1445 habet
1758 1393 1868 1461 jam
1920 1406 2106 1448 con'ra

540 1483 928 1552 suggestionem
957 1481 1154 1534 erroris
1175 1480 1486 1533 immensam
1512 1480 1681 1534 lucem
1703 1483 1996 1549 sapicutim,
2012 1482 2107 1534 ha.

539 1575 626 1627 bet
655 1581 708 1626 et
728 1579 913 1625 contra
941 1569 1171 1623 oblatam
1197 1570 1374 1623 mundi
1405 1571 1560 1637 hujus
1588 1587 1836 1640 pompam
1867 1572 2106 1626 ineﬂabi-

538 1665 637 1718 lem
682 1663 1018 1717 charitatem.
1050 1659 1106 1712 In
1149 1660 1506 1713 immensitate
1535 1660 1667 1713 lucis
1687 1661 1830 1714 v'det
1874 1676 1991 1729 quae
2021 1678 2106 1714 re-

537 1755 752 1823 probet,
780 1751 873 1805 sed
914 1765 1011 1819 per
1036 1749 1138 1802 vim
1177 1764 1396 1802 summac
1437 1750 1713 1803 charitat's
1739 1758 1880 1802 amat
1925 1751 2102 1816 inepta

2214 590 2446 644 eharitas
2493 591 2582 643 Dei
2629 591 2881 645 cordibus
2927 593 3122 646 nostris
3162 593 3472 658 infunditur,
3505 611 3602 663 per
3635 597 3776 663 cujus

2212 682 2434 747 gratiam
2461 681 2523 734 ad
2546 690 2756 735 mterntc
2786 683 2968 750 patria“:
2999 684 3133 737 bona
3165 700 3545 753 praeparantur,
3573 696 3632 739 ut
3659 687 3774 742 dum

2212 769 2324 823 haec
2345 770 2452 824 vita
2475 786 2570 838 per
2593 771 2922 825 decursionis
2945 789 3049 826 suae
3081 782 3287 844 tempus
3317 776 3564 840 elabitur,
3595 793 3656 830 ca
3687 793 3777 833 nos

2210 856 2316 909 vita
2333 859 2601 927 suscipiat,
2618 859 2765 927 cujus
2782 861 2972 926 gaud'o
2991 863 3115 916 hinc
3133 864 3420 917 electorum
3447 865 3775 931 egredientes

2210 947 2396 1001 animze
2424 950 2539 1002 sine
2570 950 2754 1004 mortis
2781 966 2977 1018 pavore
3021 953 3312 1019 potiantur.
3350 953 3553 1008 Deinde
3582 970 3699 1010 esse
3728 957 3771 1009 ei

2209 1038 2509 1102 ascribitur,
2539 1040 2659 1106 quia
2691 1039 2863 1092 securi
2895 1043 3368 1095 con='umtnation':s
3391 1053 3586 1096 nostra:
3615 1043 3769 1106 diem,

2207 1125 2255 1176 vi
2278 1124 2449 1179 lelicct
2482 1127 2775 1180 c‘a-itatem
2818 1128 3014 1180 ultimm
3040 1131 3467 1192 resurrectionis,
3499 1140 3774 1198 exspecta-

2207 1229 2342 1276 mus,
2371 1214 2493 1267 dum
2536 1216 2585 1268 in
2633 1216 2722 1270 illo
2760 1233 2978 1271 munere
3021 1229 3252 1288 accepta:
3293 1221 3498 1279 requiei
3527 1221 3773 1274 discimus

2206 1305 2430 1357 extremi
2477 1306 2736 1360 examinis
2781 1307 3164 1361 diseussionem
3214 1325 3320 1361 non
3371 1319 3640 1370 metuere,
3682 1312 3770 1364 sed

2206 1396 2481 1460 promissa:
2509 1396 2690 1462 gloria:
2719 1395 2953 1448 lanitium
2987 1407 3316 1465 exspectare.
3369 1396 3565 1452 Ultimo
3591 1409 3766 1452 autem

2206 1484 2322 1536 loco
2355 1483 2503 1534 fortis
2531 1485 2803 1545 asseritur,
2835 1484 2957 1554 quia
2997 1485 3047 1537 in
3079 1485 3271 1551 gaudio
3299 1487 3485 1539 lutura:
3526 1502 3766 1540 resurrc-

2204 1572 2396 1625 ctionis
2426 1571 2628 1625 inﬁrma
2677 1581 2856 1626 nostra
2898 1574 3236 1636 roborantur,
3280 1590 3398 1627 cum
3439 1591 3564 1629 caro
3602 1578 3768 1637 surgit

2203 1665 2268 1716 de
2296 1664 2548 1732 pulvere;
2580 1663 2670 1717 sed
2698 1665 2832 1717 idem
2861 1665 3036 1718 carnis
3066 1674 3257 1718 nostra:
3287 1666 3458 1734 pulvis
3483 1667 3766 1719 translatus

2205 1753 2254 1806 in
2280 1763 2545 1821 perpetua:
2566 1755 2976 1822 incorruptionis
2996 1755 3098 1821 glo-
3115 1757 3239 1820 iam,
3260 1755 3322 1808 ad
3347 1755 3643 1824 iragi‘itatis
3658 1773 3766 1810 suzc

537 1841 823 1910 reprobare
850 1853 965 1908 qua:
993 1838 1160 1892 novit.
1190 1837 1294 1891 Per
1318 1838 1634 1905 sapientiam
1679 1840 1814 1890 mala
1856 1848 2098 1906 suggesta
2139 1837 2178 1894 Β
2206 1843 2470 1896 miseriam
2503 1844 2637 1896 ultra
2679 1861 2782 1898 non
2823 1845 2975 1898 redit.
3030 1845 3131 1897 Sed
3157 1854 3210 1899 et
3242 1845 3526 1899 notandum
3558 1847 3684 1913 quia
3716 1848 3765 1900 in

536 1929 906 2001 reprehendit,
956 1927 1048 1981 sed
1097 1927 1149 1980 in
1198 1926 1393 1980 virtute
1444 1927 1718 1980 charitatis
1770 1927 2096 1994 deprehensa

535 2014 819 2086 redarguit.
868 2015 938 2070 Os
983 2030 1109 2082 ergo
1147 2029 1306 2083 super
1353 2015 1594 2068 inimicos
1631 2015 1848 2075 dilatat,
1879 2015 1999 2083 quia
2031 2030 2095 2067 ex

536 2106 849 2162 abundantia
875 2105 1094 2159 rationis
1115 2112 1299 2157 contra
1331 2103 1597 2156 (lannoncs
1623 2104 1783 2155 multa
1810 2103 2094 2166 deliberat;

534 2207 583 2253 et
611 2213 676 2251 eo
716 2195 925 2250 acutius
972 2209 1155 2248 eorum
1197 2193 1401 2258 objecta
1439 2193 1692 2256 destruit,
1725 2208 1831 2261 quo
1880 2193 1927 2243 id
1960 2192 2097 2246 unde

533 2289 667 2342 mala
695 2293 937 2354 suggesta
959 2283 1210 2352 reprobat
1239 2282 1288 2334 in
1320 2281 1632 2336 sublimibus
1661 2281 1916 2348 agnoscit.
1949 2278 2098 2334 Unde

533 2379 773 2447 protinus
800 2391 1014 2431 causam
1039 2375 1311 2428 insinuans
1330 2410 1344 2433 ,
1380 2373 1455 2426 ait
1479 2390 1490 2424 :

598 2494 705 2562 56
737 2490 870 2554 Quia
899 2490 1071 2542 laztata
1099 2504 1210 2540 sum
1231 2488 1285 2540 in
1306 2486 1523 2539 salutari
1551 2494 1638 2539 tuo

597 2582 651 2637 5.
691 2580 842 2646 Quod
870 2578 1108 2647 prol'veto
1137 2577 1240 2629 tale
1264 2584 1347 2630 est
1377 2591 1441 2629 ac
1487 2577 1528 2628 si
1559 2575 1701 2629 dicat
1734 2592 1746 2627 :
1787 2573 1920 2640 inia
1951 2575 2096 2627 exal-

533 2683 686 2726 tatum
715 2681 787 2724 est
813 2685 970 2723 cornu
1007 2683 1173 2720 meum
1194 2667 1247 2720 in
1281 2665 1388 2718 Deo
1419 2682 1550 2718 meo.
1585 2664 1695 2717 Hoc
1721 2674 1867 2719 certe
1896 2673 1976 2718 est
2007 2665 2094 2718 lu:-

531 2761 624 2816 tari
673 2761 725 2813 in
769 2759 999 2812 salutare
1033 2755 1156 2819 Dei,
1189 2754 1328 2822 quod
1371 2754 1657 2806 exaltatum
1688 2770 1853 2807 cornu
1896 2755 2094 2809 habere

529 2866 578 2902 tn
612 2849 718 2901 Deo
747 2861 866 2900 suo.
918 2842 1066 2908 Quod
1120 2857 1222 2895 non
1267 2841 1334 2894 de
1369 2842 1604 2908 qualibet
1632 2841 1811 2894 laetitia
1844 2843 2093 2896 salutaris

527 2937 803 3004 accipitur,
825 2932 918 2986 sed
949 2931 1013 2984 de
1043 2930 1132 2982 illo
1155 2927 1537 2998 perfectissimo
1557 2928 1768 2995 gaud'o,
1792 2945 1898 2997 quo
1921 2929 2090 2983 electa

527 3025 869 3097 perfectaque
914 3022 1088 3075 anima
1141 3036 1289 3074 more
1316 3035 1526 3088 spOnsa:
1552 3011 1746 3088 gaudet
1775 3022 1824 3074 in
1867 3037 2082 3090 sponso.

527 3121 598 3172 De
645 3133 744 3186 qua
796 3114 1039 3168 nimirum
1090 3112 1268 3165 laetitia
1324 3111 1486 3165 Davil
1534 3112 1816 3174 obsecrat,
1862 3113 2082 3167 dicens:

2205 1933 2286 1985 his
2312 1936 2479 2000 tribus
2501 1935 2566 1986 ab
2594 1934 2764 1987 altero
2791 1934 2854 1986 ad
2878 1935 3101 1988 alterum
3126 1935 3397 1998 ducimur;
3419 1938 3511 1990 sed
3529 1952 3651 1990 cum
3681 1938 3768 1989 ha-

2198 2024 2326 2076 bere
2356 2039 2459 2076 non
2485 2024 2719 2077 habitum
2749 2026 2989 2092 cmperit,
3021 2025 3106 2094 qui
3136 2025 3239 2078 hoc
3267 2027 3458 2093 accipit
3487 2027 3626 2094 quod
3660 2043 3764 2082 non

2199 2111 2401 2172 habuit,
2427 2113 2566 2179 quod
2596 2121 2718 2166 ante
2743 2113 3003 2166 habuerat
3031 2130 3134 2167 non
3158 2115 3372 2169 amittit.
3396 2115 3525 2168 Nam
3548 2131 3668 2169 cum
3701 2117 3765 2170 de

2197 2201 2618 2255 sanctiﬁcatione
2647 2200 2711 2254 ad
2748 2202 2986 2268 requiem
3023 2200 3384 2270 perducimur,
3414 2211 3463 2256 et
3488 2203 3554 2256 de
3581 2205 3764 2270 quiete

2197 2292 2385 2344 anima:
2414 2290 2750 2360 perducimur
2779 2291 2843 2342 ad
2865 2291 3029 2344 robur
3053 2297 3268 2344 aeterna:
3314 2291 3762 2361 incorruptionis,

2194 2387 2250 2434 et
2266 2379 2626 2434 sanctiﬁcatio
2644 2379 2917 2434 charitatis
2938 2389 3158 2446 augetur
3179 2380 3332 2434 nobis
3360 2381 3410 2434 in
3440 2381 3525 2434 illa
3555 2383 3763 2449 requie,

2194 2477 2249 2522 et
2278 2470 2488 2536 requies
2515 2478 2571 2523 et
2599 2485 2752 2522 amor
2780 2470 3038 2524 excrescit
3069 2469 3226 2524 valde
3264 2472 3315 2524 in
3345 2475 3761 2528 resurrectione.

2193 2555 2534 2610 Conditorem
2591 2572 2815 2626 namque
2863 2572 3013 2611 suum
3061 2572 3388 2625 unaquaeque
3441 2559 3616 2612 anima
3665 2576 3764 2630 per

2194 2663 2428 2701 amorem
2445 2647 2725 2716 conjuncta
2749 2649 2798 2701 in
2822 2649 2982 2701 tantis
3007 2649 3310 2702 muneribus
3341 2650 3569 2716 intuens,
3596 2651 3763 2705 Anna:

2192 2737 2412 2790 vocibus
2435 2737 2572 2790 dicat
2599 2753 2754 2806 quam
2802 2737 2936 2791 bene
2974 2738 3111 2806 sapit
3145 2738 3242 2791 sibi
3274 2738 3470 2793 donum
3511 2738 3761 2807 perfecta:

2190 2825 2609 2893 regenerationis
2636 2835 2691 2879 et
2713 2827 2790 2879 vis
2812 2825 3027 2879 amori-t.
3057 2826 3242 2880 Dicat:
3269 2825 3389 2881 Non
3419 2839 3493 2882 est
3518 2839 3757 2893 sanctus,

2189 2924 2245 2968 ut
2287 2922 2361 2968 est
2404 2913 2675 2967 Dominus.
2722 2913 2869 2966 Dicat
2895 2928 3051 2982 quam
3096 2914 3285 2970 melius
3332 2931 3523 2970 munus
3548 2917 3645 2970 sibi
3679 2926 3759 2971 est

2191 3004 2472 3074 promissio
2509 3005 2703 3072 quietis
2750 3005 2801 3057 in
2847 3005 2978 3058 hora
3009 3003 3089 3058 sui
3131 3007 3424 3059 trans'tus:
3461 3003 3636 3076 Neque
3674 3017 3754 3059 est

2190 3096 2322 3149 alius
2351 3104 2498 3148 extra
2529 3104 2591 3147 te.
2619 3094 2696 3147 Di:
2716 3103 2771 3146 at
2805 3109 2963 3162 quam
2995 3095 3251 3163 Optimum
3280 3094 3378 3148 sibi
3409 3095 3621 3162 placens
3643 3097 3752 3165 57

529 3184 702 3264 Redde
729 3207 855 3262 mihi
884 3207 1116 3259 lwtitiam
1141 3202 1384 3257 salutaris
1415 3203 1508 3268 lui,
1534 3211 1580 3256 et
1602 3205 1782 3270 spiritu
1812 3205 2085 3272 principali

2197 3187 2458 3255 prahmin’u
2489 3186 2557 3239 sit
2583 3185 2763 3238 ultima
2791 3185 3068 3238 renovatio
3090 3200 3204 3246 sua,
3238 3185 3288 3238 in
3312 3184 3502 3252 gaudio
3531 3185 3754 3254 perfecti

526 3300 772 3367 ron-ﬁrma
824 3312 903 3348 me
959 3293 1129 3362 (Psal.
1178 3309 1227 3356 1.,
1260 3284 1366 3354 13).
1410 3291 1536 3356 Quae
1566 3306 1691 3358 ergo
1721 3292 1994 3346 dilatatum
2024 3308 2085 3348 os

507 3390 720 3447 ,habere
749 3399 909 3452 super
937 3383 1180 3436 in’micos
1208 3396 1334 3433 suos
1382 3396 1440 3434 se
1467 3381 1598 3446 glori
1622 3388 1742 3443 itur,
1773 3381 1822 3433 in
1853 3381 2085 3435 salutate

526 3478 614 3531 Dei
645 3476 790 3545 prius
838 3474 1011 3526 lanata
1059 3470 1218 3525 fuisse
1255 3470 1321 3524 de
1352 3471 1594 3537 crbitur,
1621 3472 1745 3539 quia
1794 3472 1882 3524 il'a
1929 3472 2084 3525 beata

525 3581 672 3620 mens
691 3581 724 3617 v
745 3563 866 3618 :lide
892 3563 1178 3628 reprobare
1198 3561 1546 3628 malignorum
1576 3562 1854 3630 spirituum
1884 3579 1976 3616 sua
1991 3564 2086 3616 ~io-

524 3673 616 3710 nes
637 3654 855 3724 poterit,
878 3665 996 3722 qua“:
1043 3651 1094 3703 in
1136 3649 1507 3718 Redemptoris
1534 3650 1805 3704 divinitate
1837 3667 1930 3719 per
1957 3668 2086 3704 con-

524 3743 915 3811 templationem
936 3739 1230 3794 sublimiter
1250 3748 1539 3808 assumpta,
1565 3754 1631 3793 ex
1657 3755 1718 3795 eo
1741 3749 1793 3794 et
1814 3742 2085 3809 sapientiae

521 3836 713 3903 accipit
765 3830 1206 3900 magnitudinem,
1257 3838 1310 3882 et
1353 3830 1553 3897 plenitu
1575 3830 1734 3883 linem
1784 3831 2080 3888 charitatis.

521 3927 686 3991 Quem
716 3923 953 3993 profecto
979 3922 1150 3989 dignis
1178 3921 1418 3975 laudibus
1457 3921 1727 3989 prazdicat,
1752 3923 1932 3976 dicens
1963 3941 1976 3974 :

590 4017 760 4084 (Vers.
788 4015 867 4080 2.)
909 4011 1029 4067 Νοη
1058 4020 1133 4065 est
1176 4020 1383 4065 sanctus
1407 4020 1460 4064 ut
1497 4021 1572 4064 est
1602 4011 1883 4075 Dominus;
1928 4029 2086 4082 neque

522 4107 650 4157 cnim
679 4112 751 4157 est
781 4103 911 4156 alius
947 4111 1090 4154 extra
1132 4114 1196 4158 te.
1237 4108 1285 4152 et
1323 4115 1426 4153 non
1463 4108 1537 4151 est
1575 4101 1730 4163 fortis
1776 4101 1906 4153 sicut
1947 4100 2084 4154 Deus

523 4205 711 4249 noster.
1340 4194 1348 4200 ”

590 4287 644 4341 6.
672 4285 762 4338 llis
785 4281 1014 4351 namque
1037 4283 1200 4336 Anntn
1221 4282 1440 4336 vocibus
1465 4297 1686 4350 qumque
1717 4285 1884 4336 electa
1910 4287 2082 4338 anima

522 4381 622 4431 hoc
652 4373 992 4442 Redemptori
1024 4373 1218 4426 clamat
1248 4373 1297 4424 in
1332 4370 1505 4435 laude,
1539 4372 1677 4440 quod
1727 4373 1792 4425 ab
1823 4374 1936 4441 ipso
1968 4390 2085 4428 cre—

520 4468 594 4519 dit
643 4466 694 4517 in
724 4477 963 4517 munere.
996 4461 1101 4514 Sed
1146 4476 1213 4514 ex
1257 4461 1358 4514 h-.c
1399 4461 1498 4528 pia:
1524 4460 1870 4516 confes-iouis
1900 4464 2085 4518 ordine

2183 3276 2398 3341 Spiritus
2437 3274 2515 3327 sui
2557 3281 2610 3326 rt
2651 3273 2954 3341 glorilicatae
2983 3275 3176 3327 carn's.
3230 3273 3413 3327 Dicat:
3448 3273 3511 3325 Et
3542 3291 3642 3327 non
3681 3284 3758 3328 est

2183 3367 2353 3437 fortis,
2383 3366 2514 3418 sicut
2542 3363 2678 3418 Deus
2727 3375 2914 3419 noster.
2965 3365 3031 3418 Et
3075 3366 3364 3420 notandum
3395 3368 3518 3433 quia
3565 3367 3669 3422 hoc
3703 3369 3755 3420 in

2183 3455 2356 3522 prrcis
2398 3454 2605 3509 cantico
2633 3452 2786 3508 Anna
2816 3455 3068 3522 loquitur.
3118 3453 3310 3510 Electa:
3348 3457 3544 3510 etenim
3588 3458 3761 3511 menti

2183 3543 2297 3596 haec
2342 3542 2390 3594 in
2431 3544 2638 3596 cantico
2681 3558 2903 3611 poscere
2933 3541 3209 3609 est,edona
3255 3551 3360 3596 tam
3390 3546 3608 3612 grandia
3635 3561 3759 3600 cum

2183 3631 2374 3698 gaudio
2396 3631 2714 3684 desilerare.
2744 3628 2933 3684 Petere
2953 3631 3148 3700 quippe
3172 3631 3218 3685 ei
3248 3632 3548 3686 desiderare
3576 3642 3682 3693 est,
3707 3643 3763 3687 et

2184 3720 2415 3788 gaudere.
2443 3728 2678 3774 cantare.
2719 3718 2822 3772 Sed
2852 3735 2968 3788 qum
3015 3728 3120 3773 tam
3167 3721 3459 3788 gaudenter
3483 3722 3760 3790 dignitatis

2185 3826 2293 3865 suae
2318 3825 2534 3864 munera
2567 3810 2848 3875 consricit,
2881 3825 3038 3879 quam
3077 3810 3286 3865 fortiter
3313 3812 3536 3864 occultis
3583 3813 3759 3866 hosti-

2185 3903 2282 3956 bus
2307 3901 2592 3970 exprobret
2623 3901 2924 3952 innotescit.
2956 3898 3209 3967 Sequitur
3235 3900 3398 3966 enim,
3429 3909 3482 3953 et
3511 3901 3639 3955 dicit
3669 3919 3683 3954 :

2257 3991 2433 4060 (V'vrs.
2461 3987 2540 4057 5.)
2585 3986 2762 4044 Nolite
2805 3988 3140 4056 multiplicare
3178 3989 3313 4060 loqui
3342 3989 3581 4043 sublimia
3635 4000 3757 4059 glo-

2186 4087 2395 4144 riantes.
2428 4085 2664 4138 νεεράαηι
2692 4092 2856 4137 vetera
2877 4083 2939 4135 de
2957 4100 3046 4136 ore
3067 4092 3248 4138 vestro.

2257 4200 2309 4252 7.
2360 4198 2617 4252 Sublimia
2645 4197 2842 4265 quippe
2871 4204 2924 4250 et
2969 4202 3148 4248 vetera
3175 4195 3393 4263 spiritus
3415 4197 3628 4254 maligni
3673 4197 3758 4250 lo-

2187 4298 2437 4359 quuntur,
2486 4304 2603 4341 cum
2634 4287 2738 4338 alta
2764 4302 2881 4354 quae
2911 4285 3160 4339 videntur
3187 4284 3342 4352 hujus
3379 4285 3559 4338 smculi
3587 4301 3758 4353 appe-

2190 4379 2344 4432 tenda
2367 4377 2604 4432 (idm-libus
2643 4383 2953 4442 suggerunt.
3012 4374 3110 4439 Qui
3139 4387 3268 4441 ergo
3298 4388 3466 4426 cornu
3495 4389 3647 4426 suum
3703 4375 3756 4426 in

2191 4469 2299 4521 Deo
2323 4467 2558 4520 exaltare
2582 4465 2690 4531 jam
2723 4464 2923 4525 didicit,
2975 4464 3065 4529 qui
3115 4462 3283 4515 teneri
3327 4462 3380 4515 in
3424 4461 3616 4528 gaudio
3649 4461 3763 4516 Ma-

517 4558 650 4610 ordo
674 4555 928 4617 innuitnr,
953 4568 1060 4620 quo
1083 4552 1268 4604 eadem
1293 4553 1527 4605 muneris
1547 4555 1684 4608 bona
1706 4570 1822 4622 qua:
1843 4557 2079 4609 scr'atim
2119 4550 2160 4604 ί)
2181 4556 2391 4622 jestatis
2423 4555 2587 4608 novit.
2637 4551 2892 4620 quidquid
2919 4550 3140 4604 otl'ertnr
3163 4552 3260 4605 sibi
3295 4551 3361 4604 de.
3383 4551 3505 4605 blan
3525 4550 3759 4604 limento

517 4644 736 4713 protulit
782 4649 1191 4708 consequamur.
1241 4640 1466 4694 Sanctus
1511 4641 1688 4708 i'aque
1735 4643 1988 4695 D.imiuus
2029 4652 2083 4696 et

518 4737 668 4789 tortis
693 4733 966 4796 asseritur,
999 4745 1025 4783 a
1054 4745 1160 4799 quo
1189 4729 1599 4791 sanctiﬁcamur,
1622 4730 1690 4782 ad
1723 4745 1780 4783 re
1800 4732 1956 4797 [uie-rt
1985 4731 2080 4784 du-

516 4829 712 4889 cimur,
745 4833 798 4878 et
837 4824 953 4890 glor
977 4821 1213 4874 licamur.
1263 4819 1748 4874 Sanctificationem
1788 4836 1815 4872 a
1859 4820 2081 4873 Domino

517 4915 804 4980 accipimus
835 4912 886 4964 in
912 4910 1106 4963 virtute
1147 4908 1602 4975 regenerationis;
1653 4924 1768 4961 esse
1799 4921 1998 4974 autem,
2031 4909 2080 4963 id

518 5013 597 5056 est
624 5003 856 5070 quietem
904 5000 968 5052 ab
1005 4999 1160 5067 hujus
1197 4997 1549 5051 mutabilitate
1585 4999 1942 5066 corruptionis
1967 5039 1982 5063 ,
2025 5001 2074 5054 in

517 5091 893 5146 terminatione
923 5089 1125 5151 exsilii,
1167 5086 1400 5140 fortitudi
1431 5102 1528 5140 .ezn
1585 5088 1634 5139 in
1682 5088 1950 5157 triumpho
1998 5106 2082 5144 re-

517 5177 878 5233 surrectionis.
911 5175 1140 5228 Primum
1172 5177 1350 5242 itaque
1377 5175 1568 5228 horum
1595 5174 1868 5228 munerum
1899 5178 1950 5228 in
1981 5179 2078 5229 ista

515 5290 536 5325 \
554 5274 622 5324 ita
643 5268 1033 5335 consequimur,
1053 5281 1172 5318 cum
1192 5265 1346 5318 electi
1369 5267 1622 5332 enjusque
1650 5267 1822 5316 anima
1849 5265 1897 5317 in
1922 5280 2081 5320 carne

519 5369 595 5412 cst
618 5401 631 5424 ,
662 5356 754 5411 sed
785 5365 1009 5423 utraque
1034 5355 1205 5407 adlmc
1236 5355 1286 5407 in
1315 5368 1486 5422 agone
1525 5353 1702 5421 op-ris
1745 5355 1948 5421 posita;
1990 5371 2077 5408 se-

518 5464 681 5512 quens
698 5455 871 5500 autem
896 5447 946 5499 in
971 5445 1078 5498 sola
1103 5445 1280 5497 anima
1303 5453 1432 5511 rrmt
1467 5460 1493 5495 r
1511 5456 1745 5506 carnem,
1771 5451 1889 5511 post
1907 5444 2081 5497 carnis

519 5540 708 5597 vitam,
749 5543 803 5589 et
838 5533 946 5600 jam
990 5533 1058 5585 de
1106 5530 1262 5598 hujus
1300 5531 1418 5584 vitae
1464 5530 1734 5584 laboribus
1773 5541 2077 5600 assumpta;

519 5622 753 5683 ultimum
807 5640 954 5688 vero,
1001 5623 1052 5675 in
1097 5636 1258 5676 carne
1286 5629 1342 5674 ct
1373 5621 1567 5683 anima,
1599 5621 1690 5674 scd
1724 5630 1943 5687 utraque
1968 5621 2076 5687 jam

517 5733 611 5789 per
637 5715 856 5780 gloriam
895 5711 1206 5766 teternitatis
1238 5711 1504 5765 inuovata.
1550 5709 1702 5765 Prius
1739 5713 1918 5780 itaque
1955 5727 2080 5766 san-

2183 4645 2359 4699 sazcu'i
2397 4644 2636 4704 labentis,
2664 4641 3034 4709 erprobrando
3062 4641 3305 4708 despicit,
3329 4641 3511 4695 dicens
3537 4658 3548 4692 :
3577 4638 3763 4693 Nolite

2183 4735 2520 4802 multiplicare
2547 4734 2681 4800 loqui
2710 4731 2949 4785 sublimia
2987 4731 3285 4795 gloriantes,
3315 4730 3554 4783 recedant
3583 4740 3762 4783 vetera

2185 4825 2247 4876 de
2273 4832 2564 4877 orcrestro.
2607 4822 2680 4874 Ac
2733 4822 2774 4874 si
2829 4827 3013 4888 aperte
3065 4819 3330 4885 loquatur,
3360 4829 3409 4871 et
3435 4819 3614 4872 dicat:
3676 4819 3760 4873 Eo

2186 4913 2312 4966 mihi
2367 4927 2428 4964 ea
2459 4927 2577 4978 qua:
2608 4909 2901 4962 oderantur
2928 4907 3231 4975 displicent,
3290 4922 3398 4975 quo
3424 4922 3519 4976 per
3539 4906 3765 4960 deside-

2185 5005 2319 5057 rium
2351 5001 2450 5053 alia
2476 5001 2630 5052 video
2658 5015 2774 5067 qua:
2801 4999 2955 5052 valde
2978 4999 3212 5068 placent.

2252 5089 2304 5141 8.
2337 5088 2487 5153 Quod
2520 5087 2757 5154 profecto
2783 5087 2978 5147 dicere,
3012 5087 3136 5154 quia
3167 5087 3212 5139 ei
3247 5085 3501 5154 competit
3527 5086 3617 5154 qui
3642 5086 3759 5152 jam

2184 5179 2404 5231 idoneus
2437 5177 2524 5230 ‘ad
2577 5177 2923 5230 ministerium
2976 5177 3365 5243 prmdicationis
3421 5178 3762 5245 agnoscitur,

2183 5273 2305 5330 apte
2327 5279 2538 5334 quoque
2563 5271 2749 5318 contra
2779 5272 3089 5330 arrogantes
3116 5265 3404 5332 sapientes,
3459 5272 3511 5317 et
3563 5274 3762 5319 contra

2184 5355 2509 5421 negligentes
2535 5362 2728 5408 sanctae
2748 5353 2869 5406 vita:
2897 5352 3243 5420 professores,
3273 5353 3369 5407 ista
3393 5353 3601 5421 prolata
3633 5369 3768 5407 scn-

2185 5443 2403 5496 tiuntur.
2435 5442 2552 5495 Alta
2580 5443 2776 5510 quippe
2801 5441 3034 5508 glorians
3067 5441 3316 5508 loquitur,
3339 5440 3427 5506 qui
3457 5454 3552 5508 per
3578 5441 3766 5494 scicn-
3793 5435 3796 5438 ’

2185 5531 2311 5584 tiam
2342 5546 2499 5598 quam
2523 5530 2732 5599 accepit
2751 5545 2808 5584 se
2827 5530 3121 5598 intelligere
3149 5529 3444 5582 sublimiter
3471 5529 3606 5595 g‘ori
3630 5539 3761 5584 etur.

2185 5621 2374 5674 Vetera
2408 5637 2533 5676 vero
2556 5622 2808 5690 loquitur,
2825 5623 2936 5691 qui,
2963 5620 3268 5690 postpositis
3293 5629 3490 5674 sancta:
3511 5619 3766 5689 Scriptu-

2183 5729 2254 5768 rte
2282 5715 2526 5784 eloquiis,
2576 5715 2917 5770 smeularibus
2961 5713 3136 5768 verbis
3185 5721 3496 5782 occupatur.
3552 5710 3765 5764 Dicitur
