4000 6334
200 361 285 411 ὃν
1088 374 1151 427 ΙΝ
1193 371 1454 428 PRIMUM
1498 368 1657 422 illiti.
1685 369 1731 423 Μ
1776 360 2280 429 EXPOSITIONES.
2321 402 2388 417 —-
2427 374 2552 428 LIB.
2594 374 2653 429 Il.
3441 378 3507 433 82

215 493 402 551 itaque
432 486 826 555 arrogantibus
853 504 865 541 :
899 487 1075 543 Nolite
1104 487 1241 555 loqui
1263 487 1502 540 sublimia
1523 487 1823 556 gloriantes.
1862 491 1897 542 Α
1931 502 2051 540 cum
2075 486 2201 542 dum
2233 488 2456 543 intentio
2487 488 2649 556 impia
2675 486 2924 554 tetendit,
2971 487 3151 556 jacere
3190 492 3402 549 malitim
3426 496 3509 563 ja—

222 576 430 640 Quibus
480 577 736 646 profecto
798 579 974 635 verbis
1002 579 1303 633 ostenditur
1325 577 1446 645 quia
1476 594 1580 630 nou
1609 562 1824 630 tundunt

228 665 520 720 locutionis
545 667 827 736 prohibet,
878 667 973 721 sed
1012 667 1258 721 allectum
1293 669 1309 721 i
1351 667 1620 721 teutioais.
1663 667 1827 733 Quasi

233 761 419 821 aperte
448 754 595 809 dicat
628 773 641 809 :
674 754 926 809 sublimia
948 755 1244 823 loquimini,
1274 756 1367 808 sed
1396 755 1462 809 de
1492 769 1557 808 eo
1578 753 1719 822 quod
1747 754 1826 807 al-

240 852 347 898 tum
396 845 468 898 dit
488 845 597 898 itur
635 846 857 914 gloriari
914 844 1163 913 rcfugite.
1228 844 1382 899 Unde
1432 853 1486 899 et
1519 843 1712 898 Paulus
1741 844 1829 913 pie

237 935 558 1006 discipulum
586 937 861 1001 admonet,
902 938 1086 991 dicens
1116 955 1128 989 :
1177 934 1303 989 Noli
1330 937 1489 989 altum
1514 951 1714 1001 sapere,
1738 934 1845 988 srd‘

240 1026 361 1080 time
382 1025 563 1096 (Rom.
593 1042 666 1091 Il,
695 1025 811 1095 9.0).
862 1026 979 1081 Non
1020 1025 1155 1080 dixit
1203 1024 1327 1080 Non
1357 1026 1518 1078 altum
1546 1026 1704 1095 loqui,
1731 1024 1828 1079 ted

246 1118 369 1174 Noli
389 1120 554 1173 altum
576 1135 792 1190 sapere;
822 1120 963 1173 sicut
989 1127 1043 1173 et
1073 1118 1157 1172 hic
1184 1135 1289 1170 non
1323 1117 1524 1172 d'citur
1551 1113 1729 1170 Nolite
1751 1114 1828 1169 lo-

250 1211 323 1281 ῃιὶ
354 1209 616 1273 sublimia,
645 1209 951 1264 sctLNolite
990 1210 1273 1279 gloriantes
1322 1207 1482 1277 loqui,
1520 1207 1644 1275 quia
1675 1220 1827 1260 sacra

249 1300 460 1368 eloquia
489 1300 651 1354 altius
705 1302 1032 1371 exquirenda
1073 1309 1223 1365 sunt,
1269 1299 1362 1354 sed
1386 1315 1492 1369 quo
1531 1298 1690 1353 altius
1736 1315 1830 1353 ev-

241 1390 464 1458 quirens
495 1389 728 1457 prolicit,
757 1388 1103 1458 semetipsum
1128 1388 1380 1441 cohibere
1409 1402 1439 1441 a
1470 1403 1618 1441 vanas
1647 1387 1829 1455 gloria:

241 1476 383 1531 fastu
404 1477 560 1531 debet
586 1492 683 1547 per
707 1478 1004 1532 custodiam
1030 1477 1363 1530 humilitatis.
1427 1477 1627 1531 Dic‘tur
1666 1477 1827 1531 etiam

244 1569 421 1623 otio=e
449 1569 795 1636 loquentibus
831 1587 843 1621 :
898 1567 1160 1623 Recedant
1211 1577 1378 1623 retera
1413 1570 1475 1622 tle
1520 1585 1608 1621 ore
1642 1580 1826 1623 rostro.

246 1661 447 1715 Vetera
493 1664 695 1730 quippe
745 1670 871 1715 sunt
919 1662 1081 1715 verba
1113 1678 1197 1715 sa:
1222 1662 1317 1729 nli,
1347 1663 1471 1727 quia
1501 1661 1624 1714 dum
1652 1662 1703 1714 in
1753 1662 1830 1715 ris

243 1754 522 1822 loquentis
576 1754 788 1807 animus
825 1767 919 1822 per
964 1753 1316 1823 intentionem
1354 1750 1548 1819 ﬁgitur,
1579 1751 1830 1805 devotio-

1930 576 2051 629 eu'a
2072 592 2231 645 supra
2260 592 2320 631 se
2351 578 2401 631 iu
2430 578 2764 633 conditorem
2794 577 3013 632 studuit.
3067 578 3288 648 l’onam,
3342 583 3510 653 inquit

1930 666 2178 734 princeps
2204 681 2413 730 eorum,
2461 667 2629 720 sedem
2681 684 2846 721 meum
2875 668 2943 721 ad
2964 670 3286 739 Aquilonem,
3318 674 3503 726 similis

1929 771 2016 808 ero
2057 755 2319 808 Altissimo
2376 754 2510 817 Usa.
2541 772 2646 823 xw,
2674 756 2758 819 15,
2788 757 2896 827 14).
2955 758 3061 813 Scd
3107 770 3386 826 superatus
3429 775 3511 815 est

1930 859 2057 897 arcu
2115 844 2353 905 fm'tium,
2397 845 2522 912 quia
2556 846 2693 899 Deus
2716 857 3084 915 apostatarum
3109 851 3391 919 spirituum
3422 869 3509 906 su-

1931 934 2126 1002 perbia:
2177 935 2392 999 restitit,
2437 934 2504 988 de
2553 935 2691 990 curio
2734 937 3107 1007 praecipitavit,
3164 941 3509 995 conditiorali

1930 1024 2099 1091 gloria
2127 1024 2336 1079 virtutis
2365 1025 2531 1090 exuit,
2584 1034 2641 1078 ut
2667 1026 2719 1079 iu
2749 1026 2911 1093 lapsis
2963 1029 3166 1096 angelis
3217 1031 3377 1083 homo
3405 1032 3506 1085 dis-

1932 1114 2480 1181 cerctquidtimerrt.
2532 1115 2665 1170 Nam
2711 1118 2836 1187 quii
2871 1117 2939 1172 de
2982 1134 3124 1174 ωνθο
3161 1137 3287 1176 vase
3317 1123 3421 1189 ﬁet,
3465 1126 3507 1177 si

1932 1204 1974 1256 D
2012 1220 2072 1257 us
2121 1219 2219 1258 uec
2264 1206 2443 1259 aureis
2488 1207 2751 1275 superba:
2800 1207 2971 1264 fetore
3026 1211 3197 1279 plenis
3250 1212 3509 1281 ignoscit?

1934 1291 2085 1347 Unde
2140 1302 2193 1346 et
2251 1296 2453 1365 Petrus
2487 1296 2538 1349 in
2570 1296 2807 1365 Epistula
2855 1314 2949 1353 sua
2978 1299 3229 1369 loquitur,
3280 1303 3507 1360 dicens:

1933 1381 2073 1437 Deus
2097 1384 2419 1453 peccantibus
2448 1387 2644 1455 angelis
2668 1404 2767 1442 non
2805 1393 3051 1457 pepercit,
3096 1392 3187 1445 sed
3215 1392 3512 1446 rudentibus

1930 1471 2124 1543 inferni
2176 1473 2431 1527 detractos
2490 1475 2542 1527 in
2593 1484 2844 1530 tartarum
2904 1479 3117 1532 tradidit
3154 1482 3208 1533 in
3257 1483 3511 1552 judicium

1933 1573 2181 1616 resvruavt
2211 1562 2299 1632 (ΙΙ
2328 1562 2473 1617 Petr.
2500 1581 2556 1629 ιι,
2587 1565 2663 1634 tt).
2695 1565 2855 1632 Quasi
2880 1583 3008 1638 ergo
3038 1572 3241 1625 c'ectus
3264 1582 3315 1625 ct
3338 1573 3514 1626 humi-

1933 1652 1997 1706 lxs
2026 1653 2351 1722 pratficator
2393 1658 2825 1723 superbientibus
2868 1659 3011 1713 dicat
3059 1680 3071 1713 :
3100 1661 3168 1716 Ut
3199 1666 3416 1718 ccssctis
3448 1665 3513 1718 ab

1933 1743 2181 1807 elatione,
2231 1745 2283 1798 in
2334 1746 2702 1801 cumformibus
2772 1748 2923 1803 vobis
2971 1752 3198 1819 angelis,
3263 1754 3515 1809 videlicet

244 1844 331 1898 nis
375 1859 488 1898 sua:
544 1844 741 1898 decoe
768 1842 1049 1912 spo'iatur.
1104 1840 1281 1908 Quare
1330 1842 1401 1894 illi
1434 1840 1681 1895 sub?imia
1714 1841 1829 1907 g'o-
1864 1855 1907 1914 Β
1936 1835 2116 1906 lapsis,
2147 1836 2504 1892 damnationis
2524 1838 2714 1892 debitae
2741 1855 2929 1908 poenas
2967 1842 3211 1910 aspicite.

245 1936 454 1990 riantes
478 1935 625 2001 loqui
657 1950 762 1988 non
791 1934 1004 1997 debent,
1045 1943 1100 1986 et
1148 1949 1244 1986 cur
1270 1933 1337 1986 ab
1382 1947 1568 1988 eorum
1616 1947 1709 1986 ore
1738 1948 1831 1986 ve-

248 2032 367 2079 tera
395 2024 627 2077 debeant
654 2023 926 2088 recedere,
974 2022 1087 2077 hate
1126 2038 1288 2077 causa
1316 2022 1509 2076 demun
1543 2030 1670 2087 trat,
1715 2038 1834 2092 quae

200 2152 219 2165 .
245 2114 590 2183 subjungitur
614 2130 627 2169 :

322 2225 503 2292 (γεγε.
527 2224 605 2288 5.)
638 2226 771 2288 Quia
807 2224 946 2280 Deus
970 2228 1302 2281 scientiarum
1332 2224 1583 2280 Dominus
1604 2235 1698 2280 est.

319 2315 375 2367 9.
426 2315 624 2368 Audiat
651 2315 834 2384 itaque
858 2316 1031 2371 sciens
1055 2325 1110 2371 et
1133 2330 1391 2384 arrogans
1434 2316 1556 2386 quia
1583 2332 1689 2371 non
1714 2316 1831 2386 ipse

247 2405 595 2462 scientiarum
624 2405 874 2460 dominus
912 2414 1017 2474 est,
1063 2407 1154 2461 sed
1184 2406 1343 2462 Deus.
1387 2406 1517 2460 Nam
1548 2415 1693 2463 recte
1718 2407 1835 2475 glo-

246 2495 395 2550 rians
423 2494 651 2561 diceret,
683 2496 727 2550 si
758 2496 873 2564 ejus
900 2511 1007 2565 qua
1036 2504 1268 2551 tumeret
1296 2497 1542 2565 scientia,
1575 2513 1682 2551 non
1714 2513 1833 2552 out--

246 2585 501 2655 nipotens
527 2584 689 2649 Deus,
718 2586 814 2640 sed
844 2587 959 2656 ipse
988 2586 1238 2641 dominus
1265 2587 1577 2641 exstitisset.
1633 2586 1833 2643 Audia-

245 2691 370 2731 mus
419 2683 473 2730 et
524 2690 647 2737 nos,
707 2677 925 2745 quando
976 2677 1248 2746 loquimur
1272 2678 1435 2733 verba
1477 2678 1677 2744 stuculi,
1707 2677 1833 2749 quia

249 2764 393 2819 Deus
407 2765 752 2820 scientiarum
777 2764 1034 2821 Dominus
1052 2778 1151 2822 est.
1176 2765 1292 2822 1am
1314 2767 1511 2838 quippe
1541 2768 1834 2823 electorum

247 2867 461 2909 mentes
485 2871 591 2909 non
619 2855 796 2910 solum
845 2856 1000 2922 Novi,
1049 2857 1141 2911 sed
1191 2858 1353 2911 etiam
1398 2856 1611 2911 Veteris
1640 2856 1832 2911 Testa-

247 2947 417 3002 tnenti
452 2947 675 3002 scientia
708 2948 963 3013 innovat;
1019 2948 1165 3004 venit
1190 2964 1420 3020 namque
1444 2948 1536 3017 qui
1582 2949 1789 3004 diccret
1818 2969 1831 3005 :

246 3036 386 3092 Ecce
413 3055 542 3093 noro
571 3040 711 3109 facio
739 3042 914 3094 omnia
942 3039 1097 3110 (Isai.
1122 3056 1271 3104 mu,
1299 3039 1409 3111 l9).
1439 3039 1573 3093 Cum
1604 3055 1732 3109 ergo
1756 3049 1835 3096 tot

247 3143 390 3181 nova
416 3127 714 3183 habeamus
749 3141 870 3196 qua:
913 3129 1057 3197 loqui
1105 3144 1416 3198 possumus,
1470 3138 1652 3183 vetera
1684 3129 1842 3198 loqui.

2010 1968 2095 2022 12.
2129 1968 2197 2023 Et
2222 1986 2357 2037 quos
2398 1971 2596 2025 imitari
2636 1971 2867 2026 dein-aut
2916 1989 3242 2044 proponens,
3294 1977 3408 2031 ait:
3444 1977 3513 2031 Et

1934 2063 2131 2132 infirmi
2178 2064 2396 2117 accincti
2423 2075 2542 2116 sunt
2581 2065 2782 2119 robore.
2825 2064 2882 2120 Si
2923 2066 2993 2120 ob
3046 2068 3514 2136 praesumptionem

1936 2153 2304 2209 atstimationis
2330 2155 2452 2208 mali
2475 2155 2649 2222 angeli
2680 2154 2846 2210 fortes
2876 2165 3154 2222 vocantur,
3184 2156 3513 2213 inﬁrmorum

1936 2244 2224 2313 appellatio
2253 2255 2400 2300 recte
2422 2244 2592 2299 beatis
2624 2246 2898 2314 spiritibus
2925 2248 3194 2313 convenit,
3219 2248 3307 2316 qui
3352 2247 3419 2303 de
3456 2262 3514 2302 sc

1938 2334 2082 2389 nulla
2103 2342 2510 2402 praesumentes,
2561 2337 2744 2390 virtuti
2766 2337 2851 2390 sui
2881 2336 3088 2406 opiﬁcis
3113 2348 3370 2407 perpetua
3416 2339 3513 2394 hu-

1936 2424 2164 2479 militate
2182 2425 2414 2493 subjecti
2445 2435 2592 2480 sunt.
2639 2425 2849 2496 Inﬁrmi
2894 2430 3113 2482 accincti
3161 2440 3281 2482 sunt
3311 2431 3511 2493 robore,

1934 2514 2079 2584 quia,
2132 2513 2450 2569 voluntariae
2498 2515 2860 2584 subiectionis.
2897 2517 3115 2585 riterito,
3143 2518 3315 2572 sancti
3340 2520 3512 2587 angeli

1934 2603 2133 2659 interni
2156 2604 2357 2659 amoris
2384 2605 2600 2660 vinculo
2639 2606 2905 2679 conditori
2932 2622 3035 2662 suo
3065 2606 3338 2675 conjuncti
3368 2617 3511 2663 sunt.

1936 2694 2142 2763 Quibus
2181 2703 2307 2765 apte
2346 2695 2697 2753 accinctiouis
2745 2712 2938 2752 nomen
2965 2698 3231 2767 congruit,
3262 2699 3384 2768 quia
3428 2715 3512 2753 ac-

1935 2784 2140 2841 cinctus
2167 2785 2416 2855 quilibet,
2463 2799 2530 2842 eo
2554 2800 2662 2854 quo
2691 2785 2924 2854 cingitur
2951 2786 3234 2853 ciuctorio,
3267 2803 3335 2846 ex
3364 2793 3510 2845 omni

1934 2883 2087 2945 parte
2106 2875 2386 2941 retinetur,
2446 2875 2568 2944 quia
2596 2875 2843 2930 videlicet
2862 2877 3156 2932 beatissimi
3185 2878 3259 2932 illi
3299 2879 3514 2948 spiritus

1933 2966 2013 3022 sic
2037 2972 2162 3019 sunt
2184 2965 2236 3019 in
2258 2965 2558 3021 teteruitate
2583 2966 2818 3033 solidati,
2876 2982 2946 3021 ne
2977 2967 3046 3021 ab
3093 2982 3157 3022 ea
3192 2968 3385 3024 cadere
3413 2986 3525 3033 un:

1934 3069 2095 3124 quam
2119 3056 2345 3125 possint.
2372 3053 2509 3109 llinc
2534 3064 2617 3110 est
2644 3056 2786 3126 quod
2817 3056 2884 3111 ad
2911 3055 3185 3112 Danielcm
3207 3058 3259 3112 in
3286 3058 3513 3130 Babylo-

1937 3148 2025 3204 nia
2079 3148 2457 3218 praedicantem
2514 3148 2732 3216 angelus
2777 3148 3038 3216 mittitur,
3108 3148 3197 3217 qui
3239 3150 3513 3205 accinctus

246 3216 367 3272 sine
415 3218 571 3286 culpa
603 3217 908 3272 nullatenus
956 3218 1216 3272 valemus.
1274 3217 1832 3286 Recedautigilurde

1938 3216 2120 3294 obrizo
2150 3237 2463 3307 perhibetur
2485 3236 2645 3307 (Dan.
2682 3254 2738 3304 ι,
2771 3236 2848 3304 5).
2897 3236 3036 3292 Hinc
3064 3216 3147 3292 est
3184 3238 3325 3307 quod
3351 3254 3511 3307 ange-

246 3322 345 3362 ore
372 3315 559 3362 nostro
582 3316 790 3373 vetera,
826 3314 883 3361 ut
907 3322 1027 3363 cum
1057 3298 1323 3361 damnata:
1351 3307 1631 3361 Vetustatis
1672 3306 1831 3376 culpa

245 3399 414 3453 etiam
444 3413 475 3453 a
502 3414 751 3457 sermone
800 3400 1179 3471 compescitur,
1208 3399 1260 3453 in
1295 3400 1419 3453 novi
1450 3398 1682 3453 hominis
1710 3398 1831 3468 pul-

246 3492 612 3549 chritudinem
643 3502 999 3548 transeamus.
1049 3491 1207 3558 Quod
1252 3491 1494 3562 profecto
1519 3491 1565 3546 si
1586 3499 1841 3553 contem:

248 3585 448 3649 nimus,
479 3583 760 3639 audiamus
788 3602 799 3637 τ

319 3700 504 3768 (Vers.
526 3700 605 3769 ⁸5.)
632 3698 704 3761 Et
722 3699 824 3771 ipsi
843 3708 1203 3771 praporantur
1232 3699 1582 3769 cogitationes.

322 3790 414 3847 ιθ.
468 3790 631 3858 Quasi
677 3805 709 3845 a
757 3790 954 3845 minori
982 3789 1162 3858 culpa,
1192 3787 1569 3843 subintellccta
1614 3801 1835 3855 compa-

249 3883 501 3946 ratione,
558 3883 666 3956 58
709 3898 810 3937 nos
861 3890 1083 3948 terreat,
1128 3881 1312 3935 dicens
1345 3897 1358 3933 :
1391 3879 1526 3933 llinc
1554 3878 1724 3933 otiosa
1754 3878 1835 3932 lo-
1868 3950 1872 3955 ο

249 3984 481 4042 quentes
532 3975 771 4041 cogitent
814 3988 995 4047 quam,
1030 3980 1270 4027 metuere
1313 3970 1522 4040 culpam
1553 3970 1836 4025 locutionis

250 4063 505 4127 debeant,
534 4063 579 4117 si
605 4064 649 4117 is
670 4064 757 4119 cui
787 4062 1054 4132 loquendo
1078 4062 1404 4131 delinquitur
1451 4063 1611 4115 etiam
1634 4061 1833 4127 cogita-

250 4153 461 4208 tionum
491 4167 743 4207 excessus
764 4151 832 4205 ad
883 4151 1068 4220 iudicii
1095 4152 1176 4205 sui
1218 4166 1443 4205 examrn
1470 4158 1667 4206 servat.
1727 4148 1837 4203 Au-

250 4240 399 4294 diant
428 4241 559 4294 item
591 4249 905 4308 arrogantes
933 4240 1071 4309 quoi
1103 4240 1345 4306 sequitur
1378 4257 1389 4292 :
1836 4285 1841 4291 .

326 4331 507 4403 (Vers.
530 4330 611 4401 ιι.)
664 4333 828 4385 Arcus
858 4334 1068 4402 fortium
1094 4340 1362 4400 superatus
1391 4339 1486 4392 est,
1544 4337 1594 4383 et
1643 4329 1839 4398 inﬁrmi

250 4423 474 4478 accincti
501 4432 620 4476 sunt
646 4422 847 4478 robore.

325 4515 412 4567 lt.
455 4512 575 4567 1.1m
602 4514 802 4583 quippe
841 4513 891 4566 in
928 4512 1215 4579 allegorica
1241 4511 1580 4579 expositione
1608 4509 1839 4563 diximus

1932 3330 2040 3384 lum
2072 3342 2194 3383 cum
2241 3343 2349 3398 quo
2375 3328 2426 3381 in
2458 3327 2778 3399 Apocalypsi
2809 3326 2837 3382 J
2861 3344 3044 3383 tannes
3067 3328 3394 3398 colloquium
3426 3331 3511 3382 ha-

1934 3419 2049 3474 bu't
2077 3433 2240 3472 aurea
2269 3432 2402 3471 20an
2428 3418 2492 3470 ad
2528 3418 2850 3472 mammillas
2879 3417 3266 3473 circumdatum
3290 3434 3513 3489 conspe-

1934 3510 2032 3563 xit.
2081 3507 2215 3575 Quia
2245 3522 2373 3562 vero
2421 3506 2583 3561 iidem
2624 3508 2768 3561 beati
2814 3507 3036 3577 spiritus
3089 3509 3156 3563 ab
3204 3507 3515 3563 humilitatis

1933 3600 2129 3654 merito
2178 3600 2231 3654 in
2287 3599 2487 3653 amoris
2534 3598 2767 3668 gloriam
2825 3606 3198 3663 surrexerunt,
3254 3600 3348 3655 sed
3389 3603 3513 3670 quia

1934 3691 2176 3747 eamdem
2222 3691 2444 3758 gloriam
2492 3692 2546 3746 in
2600 3691 2883 3761 complexu
2938 3692 3515 3758 aaternitatishabent,

1934 3794 1991 3839 et
2015 3784 2065 3836 in
2093 3782 2285 3837 timore
2304 3781 2608 3836 amissionis
2628 3797 2735 3836 non
2762 3781 2983 3850 habent,
3006 3780 3227 3850 gloriosi
3253 3780 3513 3850 siquidem

1936 3872 2275 3929 ineffabiliter
2294 3881 2439 3935 sunt,
2465 3872 2561 3928 sed
2583 3871 2909 3927 inetlabilem
2936 3871 3081 3926 illam
3103 3870 3329 3939 gloriam
3359 3871 3511 3924 amit-

1938 3972 1971 4015 tt
1991 3979 2052 4017 re
2100 3977 2372 4031 nunquam
2412 3968 2654 4031 possunt.
2707 3959 2778 4015 Ut
2828 3961 3010 4030 itaque
3036 3960 3248 4015 desinat
3275 3959 3511 4028 gloriari,

1937 4054 2117 4109 audiat
2145 4066 2402 4121 arrogans
2433 4069 2446 4105 :
2477 4050 2641 4108 Arcus
2669 4052 2879 4123 fortium
2921 4060 3189 4120 superatus
3216 4060 3312 4107 est.
3364 4049 3432 4104 Et
3461 4060 3515 4104 ut

1937 4143 2188 4201 damnata
2216 4143 2374 4211 culpa
2404 4140 2668 4210 superbia:
2696 4139 2981 4210 proﬁciant
3008 4140 3060 4193 in
3084 4141 3400 4206 humilitate,
3433 4142 3516 4195 di~

1939 4233 2080 4288 citur
2099 4231 2201 4286 sibi
2228 4249 2240 4285 :
2272 4230 2480 4301 Inﬁrmi
2523 4230 2743 4284 accincti
2771 4238 2891 4285 sunt
2914 4230 3114 4284 robore.
3163 4229 3347 4285 Robur
3374 4247 3526 4287 nan.-

1939 4339 2045 4394 que
2084 4322 2307 4377 inﬁrmis
2357 4320 2700 4391 impenditur,
2759 4336 2880 4376 cum
2930 4321 3278 4391 subjectionis
3325 4323 3515 4378 merito

1941 4416 2160 4471 mitibus
2188 4413 2483 4471 infunditur
2507 4413 2674 4469 virtus
2700 4428 2945 4483 superna:
2966 4414 3263 4469 charitatis.
3322 4414 3515 4470 Acciuo

1941 4506 2116 4575 gimur
2135 4504 2296 4560 etiam
2328 4519 2449 4559 cum
2473 4503 2540 4557 ad
2563 4502 2713 4558 verbi
2740 4502 3091 4558 ministerium
3136 4518 3516 4572 prteparamur.

248 4604 378 4673 quia
428 4602 691 4657 immundi
733 4603 954 4671 Spiritus
980 4602 1172 4655 horum
1218 4599 1430 4654 fortium
1477 4598 1839 4668 appellatione
1866 4599 1914 4660 ι)
1939 4596 2086 4652 Bene
2118 4598 2296 4664 itaque
2320 4595 2545 4650 accincti
2569 4594 2765 4650 robore
2793 4592 2988 4649 inﬁrmi
3034 4595 3086 4649 in
3115 4595 3221 4648 alta
3250 4596 3517 4650 locutione

247 4691 623 4758 designantur.
679 4689 780 4757 Qui
813 4692 1063 4744 nimirum
1108 4689 1231 4759 quia
1257 4704 1286 4742 a
1316 4688 1521 4743 cmlesti
1559 4686 1724 4755 gloria
1747 4702 1837 4740 su-

251 4780 551 4849 perbiendo
580 4782 918 4848 ceciderunt,
959 4791 1083 4850 apte
1106 4780 1258 4835 elatis
1288 4778 1599 4833 doctoribus
1627 4778 1692 4831 ad
1724 4786 1836 4832 ter-

250 4885 430 4924 rorem
477 4880 874 4941 proponuntur,
917 4878 974 4924 ut
1021 4871 1087 4923 de
1116 4886 1174 4924 se
1222 4876 1373 4923 tanto
1415 4870 1526 4939 jam
1565 4869 1840 4923 humiliter

246 4975 275 5013 s
309 4960 485 5012 ntiant
511 4969 720 5028 quanto
742 4960 901 5014 etiam
931 4961 1150 5027 angelos
1169 4975 1198 5013 a
1218 4975 1444 5030 superna
1467 4959 1632 5029 gloria
1662 4959 1846 5027 lapses.

250 5069 352 5120 per
393 5053 695 5123 appetitum
738 5068 892 5106 vanae
948 5046 1138 5122 gloriae
1177 5052 1631 5121 contemplantnr.
1684 5049 1841 5117 Quod

249 5144 413 5197 ttiam
478 5143 902 5212 Redemptorem
972 5153 1212 5197 nostrum
1257 5142 1308 5197 in
1359 5143 1515 5196 elatis
1567 5139 1842 5209 disci,ulis

251 5235 425 5304 egisse
449 5235 761 5299 recolimus,
814 5237 1047 5305 quicum
1076 5249 1136 5290 se
1167 5234 1407 5301 subjecta
1439 5232 1698 5287 daemonia
1746 5232 1847 5291 ha-.

252 5328 382 5382 bere
428 5330 725 5397 jactareut,
787 5328 854 5382 ab
896 5343 962 5383 eo
992 5328 1232 5398 protinus
1261 5327 1479 5381 audiere
1513 5343 1525 5379 :
1557 5381 1561 5384 ,
1588 5324 1839 5380 Videbam

224 5418 532 5482 ﬂatanom,
577 5422 728 5490 quasi
761 5419 934 5491 fulgur
985 5420 1049 5473 de
1095 5420 1217 5474 caelo
1244 5418 1509 5472 caden'em
1567 5415 1728 5489 (Luc.
1781 5431 1836 5480 Χ,

260 5508 366 5577 t8).
417 5510 593 5564 Arcus
623 5511 810 5578 itaque
849 5509 1064 5565 fortium
1113 5509 1365 5580 superbia
1419 5515 1503 5563 est
1555 5506 1839 5576 spirituum

260 5602 637 5669 malignorum.
697 5600 956 5656 Dicuntur
982 5610 1162 5655 autem
1196 5600 1384 5665 fortes,
1410 5597 1494 5653 vel
1524 5596 1645 5666 quia
1688 5598 1754 5650 de
1784 5611 1843 5650 se

260 5705 448 5760 magna
476 5699 794 5756 senserunt,
823 5691 907 5746 vel
931 5691 1075 5761 quod
1100 5692 1389 5745 humanum
1428 5702 1594 5756 genus
1621 5700 1840 5754 magna-

265 5796 377 5836 rum
408 5784 773 5839 teutationum
806 5783 1004 5852 impetu
1027 5785 1258 5837 vincant.
1292 5780 1462 5839 Ourm
1487 5778 1727 5845 profecto
1758 5791 1818 5825 ar

1941 4690 2048 4761 59
2074 4689 2424 4760 gloriantibus
2440 4694 2845 4757 praeponuntur,
2875 4689 2998 4756 quia
3022 4688 3059 4742 ii
3087 4688 3175 4756 qui
3201 4689 3251 4741 in
3280 4689 3516 4743 ministe-
3590 4688 3593 4691 λ

1939 4784 2075 4837 rium
2106 4783 2389 4837 mittuntur
2415 4781 2658 4849 spiritus,
2680 4787 2903 4849 propter
2918 4794 3011 4832 eos
3038 4779 3127 4846 qui
3157 4778 3517 4833 [nereditatem

1942 4872 2156 4944 capiunt
2184 4872 2389 4933 salutis,
2419 4870 2729 4940 prin-quam
2759 4869 3166 4935 accingerentur
3186 4869 3249 4922 ad
3278 4870 3516 4926 ministe-

1942 4963 2080 5017 rium
2106 4956 2336 5016 humiles
2365 4960 2596 5015 fuerunt.
2624 4958 2762 5013 Ante
2790 4958 2931 5013 enim
2956 4968 3286 5019 memoratur
3308 4960 3513 5014 inﬁrmi-

1943 5061 2046 5117 tas,
2075 5060 2196 5121 post
2222 5066 2350 5106 vero
2380 5048 2644 5105 actiuctio
2674 5048 2906 5103 roboris.
2957 5047 3066 5104 llos
3096 5048 3339 5119 profecto
3371 5051 3517 5107 nobis

1944 5143 2214 5197 accinctos
2266 5138 2460 5193 Paulus
2505 5138 2758 5200 insinuat,
2814 5135 3045 5191 dicens:
3104 5134 3296 5210 Nonne
3336 5152 3517 5192 ‘omues

1946 5240 2064 5285 sunt
2112 5228 2800 5298 administratoriispiritus,
2856 5227 2910 5281 in
2967 5227 3305 5283 ministerium
3353 5231 3517 5291 missi,

1947 5332 2155 5391 propter
2194 5338 2279 5374 eos
2308 5321 2393 5390 qui
2421 5318 2771 5372 [nereditatem
2813 5318 3021 5387 capiunt
3044 5319 3225 5374 salutis
3271 5320 3457 5391 (Hebr.
3483 5339 3517 5391 t,

1947 5413 2070 5483 ti)?
2112 5411 2189 5465 De
2228 5412 2420 5480 quibus
2464 5418 2518 5464 et
2546 5409 2805 5478 prOpheta
2828 5409 2988 5463 etiam
3012 5408 3266 5478 loquitur,
3290 5411 3472 5467 dicuns
3502 5429 3515 5464 :

1948 5504 2119 5559 Millia
2141 5504 2353 5556 millium
2376 5498 2735 5554 ministrabant
2768 5498 2813 5553 ei
2863 5497 3027 5569 (Dan.
3071 5516 3160 5562 vn,
3196 5498 3304 5571 40).
3354 5500 3514 5566 Quasi

1946 5609 2075 5662 ergo
2105 5595 2249 5648 diwat
2283 5610 2295 5646 :
2329 5591 2479 5645 Prius
2509 5605 2605 5644 vos
2632 5590 2924 5659 agnoscite,
2950 5596 3005 5643 et
3034 5589 3110 5643 sic
3142 5605 3235 5643 vos
3282 5590 3347 5642 ad
3378 5592 3513 5645 alio-

1945 5703 2062 5741 rtun
2106 5684 2333 5740 salutem
2363 5690 2679 5751 praeparate,
2722 5681 2845 5749 quia
2876 5680 3075 5734 bonum
3125 5680 3514 5749 prmdicatiouis

1948 5786 2071 5833 tunc
2104 5778 2241 5830 bene
2269 5774 2539 5844 impletur.
2566 5788 2683 5826 cum
2710 5771 3026 5841 prtedicutor
3055 5771 3141 5839 qui
3172 5770 3410 5825 sublimis
3439 5777 3512 5823 est
3542 5820 3547 5823 _
