4000 6300
514 301 582 358 es
729 363 740 378 ,
1719 302 1960 359 SANCTI
2002 298 2328 356 cnseonu
2372 297 2591 356 MAGNI-
3707 312 3775 366 ει

513 417 678 473 verbo
712 416 929 476 humilis
958 431 1077 474 esse
1103 416 1298 486 satagit
1327 416 1644 474 ministerio.
1695 415 1800 471 Sed
1848 416 1973 485 quia
2005 429 2088 468 su-
2117 413 2164 478 Α
2186 411 2439 480 judicium
2485 413 2582 468 sibi
2623 416 2902 468 manduca:
2929 424 2977 469 et
3023 415 3167 472 bibit.
3223 418 3326 484 Qui
3357 433 3486 489 ergo
3534 423 3776 490 quotidie

512 511 707 580 perbos
733 519 789 565 et
813 519 1127 580 arrogantes
1171 508 1545 579 praedicatores
1588 506 1856 572 loquendo
1909 506 2091 561 redar-

511 603 645 670 guit,
677 601 876 668 subdit,
903 601 1086 656 dicens
1120 618 1132 652 :

583 693 762 763 (Vers.
795 693 874 764 5.)
905 691 1105 763 Repleti
1126 695 1266 759 prius
1313 709 1406 763 pro
1435 691 1654 762 panibus
1675 707 1728 745 se
1771 691 2088 754 locaverunt,

511 797 559 842 et
589 786 815 856 famelici
845 785 1067 848 saturati
1089 793 1226 846 sunt.

587 879 671 932 15.
706 876 915 947 Repleti
957 877 1106 948 prius
1137 876 1210 929 illi
1234 885 1358 930 sunt
1383 876 1494 944 qui,
1522 875 1646 930 dum
1681 873 1908 927 tumoris
1945 871 2095 925 cibos

516 970 566 1024 in
608 969 803 1023 mentis
851 966 1145 1026 reﬂ-ctione
1173 967 1491 1037 suscipiunt,
1524 965 1745 1020 delicias
1787 975 2094 1017 sanctarum

515 1060 788 1124 virtutum,
811 1059 957 1113 velut
977 1059 1096 1113 cibo
1123 1058 1232 1127 jam
1273 1058 1437 1127 pleni,
1477 1071 1671 1127 capere
1704 1069 1826 1113 non
1849 1062 2093 1124 po~sunt.

513 1151 621 1206 Sed
644 1159 822 1215 tamen
853 1167 952 1217 pro
980 1150 1207 1220 panibus
1237 1166 1296 1212 se
1317 1150 1516 1214 locant,
1565 1149 1691 1216 quia
1719 1147 1770 1200 in
1804 1145 2095 1214 Scripturis

514 1254 648 1307 quas
692 1240 993 1306 intelligunt
1042 1240 1192 1307 juxta
1248 1239 1669 1307 magnitudinem
1717 1237 1993 1306 sapientia:
2037 1250 2097 1289 se

515 1333 791 1400 percipere
819 1330 1112 1399 spiritualia
1165 1345 1388 1384 munera
1441 1330 1695 1383 virtutum
1727 1336 1935 1398 putant.
1989 1325 2094 1381 Sed

514 1419 742 1485 saturari
769 1427 1058 1487 nequeunt,
1100 1419 1224 1487 quia
1278 1419 1564 1487 repletioni
1606 1417 1932 1486 arrogantia:
1956 1417 2096 1470 dona

515 1510 685 1564 sancti
737 1508 968 1579 Spiritus
1017 1509 1215 1576 addere
1271 1524 1609 1578 nequaquam
1658 1517 1903 1578 possunt.
1979 1507 2099 1577 Ipse

515 1616 747 1671 namque
767 1602 979 1672 spiritus
1007 1602 1296 1672 disciplina:
1316 1602 1494 1674 eﬁ'ugit
1524 1603 1724 1672 ﬁctum,
1752 1611 1799 1656 et
1822 1618 1924 1654 non
1946 1599 2097 1654 habi-

517 1703 591 1751 tat
620 1695 672 1747 in
696 1709 910 1762 corpore
937 1694 1088 1762 pleno
1115 1695 1340 1762 peccatis
1373 1694 1526 1765 (Sap.
1553 1710 1588 1758 t,
1625 1693 1701 1763 5).
1759 1693 1892 1747 lliuc
1934 1693 2096 1746 etiam

2194 501 2574 571 delinquimus,
2618 505 2861 571 quotidie
2890 505 2956 560 ad
2987 508 3313 576 poenitentia:
3336 512 3573 565 lamenta
3596 528 3778 567 curra-

2195 605 2336 656 mus,
2365 593 2487 658 quia
2521 593 2631 660 ipsa
2660 593 2772 646 sola
2803 595 2971 670 virtus
3002 606 3084 650 est
3112 614 3233 667 qua:
3267 609 3492 656 evaeuat
3532 603 3677 668 quod
3727 605 3777 657 in

2195 688 2382 733 ventre
2410 681 2600 735 anima:
2621 683 2774 751 culpa
2807 685 3098 739 coadunat.
3153 685 3218 739 Et
3255 697 3384 741 tunc
3405 705 3529 741 vere
3553 690 3779 744 famelici

2195 779 2393 825 suturai
2421 780 2527 839 tur,
2568 773 2692 841 quia
2741 789 2847 842 quo
2877 776 3164 830 studioiius
3198 770 3523 830 mundamur
3550 781 3782 834 latnento

2199 864 2546 930 pmnitentim,
2587 879 2653 918 eo
2683 865 2982 919 uberiorem
3007 867 3198 920 divinae
3227 869 3408 935 gratia:
3439 867 3672 923 fructum
3694 887 3782 924 re-

2197 954 2426 1022 cipimus
2456 956 2506 1008 in
2533 951 2756 1024 spiritali
2784 958 3100 1028 refi'ctione.
3142 960 3274 1027 Quae
3301 961 3552 1034 nimirum
3585 963 3784 1017 electo-

2197 1061 2314 1098 rum
2337 1049 2611 1108 sator-itas,
2645 1049 2771 1116 quia
2821 1066 2991 1120 us;ue
3047 1054 3096 1105 in
3129 1036 3312 1122 mundi
3355 1054 3436 1106 lini
3461 1073 3509 1108 lll
3543 1057 3785 1109 extenti-

2201 1145 2308 1200 tur,
2335 1138 2433 1190 sub
2457 1138 2530 1199 lit,
2563 1147 2726 1206 atque
2756 1141 2830 1193 ait
2863 1158 2874 1193 :

2271 1228 2445 1295 (Vt-rs.
2483 1227 2558 1297 5.)
2612 1228 2785 1284 Donec
2831 1232 3019 1287 sterilis
3066 1234 3258 1302 peperit
3279 1234 3559 1302 plurimos,
3593 1245 3643 1290 et
3672 1253 3784 1306 qua;

2199 1320 2386 1371 multos
2417 1318 2633 1374 habebat
2660 1321 2798 1390 ﬁlios
2821 1323 3088 1391 inﬁrmata
3117 1331 3211 1395 est.
3466 1318 3470 1320 ἢ

2275 1409 2362 1463 15.
2403 1409 2532 1476 Quae
2564 1412 2746 1479 itaque
2777 1405 2938 1479 hujus
2967 1414 3330 1482 appellatione
3383 1415 3581 1468 sterilis
3611 1419 3788 1484 signa-

2202 1507 2310 1567 tur,
2351 1501 2402 1554 ni
2433 1501 2449 1554 i
2504 1517 2566 1554 ea
2616 1501 2683 1554 de
2716 1518 2818 1574 qua
2852 1502 3050 1565 l’auius
3088 1505 3343 1572 loquitur,
3376 1506 3561 1560 dicens
3595 1524 3608 1559 :
3661 1505 3790 1570 Quae

2201 1607 2404 1644 sursum
2442 1601 2517 1644 est
2536 1591 2826 1645 Jerusalem
2849 1594 3012 1649 libera
3032 1605 3128 1660 est,
3177 1614 3290 1668 qua:
3318 1609 3483 1652 mater
3504 1612 3689 1656 nostra
3717 1614 3791 1654 est

2207 1681 2404 1753 (Galat.
2432 1700 2502 1748 tv,
2531 1683 2618 1746 ‘26,
2651 1685 2778 1752 9.7)?
2837 1684 2987 1740 Unde
3011 1696 3066 1758 et
3092 1691 3250 1756 paulo
3279 1700 3400 1759 put
3423 1692 3573 1746 lsaitn
3605 1694 3793 1747 vatici-

516 1787 773 1856 scriptum
803 1795 884 1841 est
911 1805 923 1838 :
975 1785 1114 1840 Deus
1142 1785 1374 1855 superbis
1396 1787 1608 1853 resistit,
1633 1784 1908 1842 humilibus
1932 1794 2100 1837 autem
2136 1776 2174 1831 Β
2207 1776 2350 1829 nium
2377 1776 2426 1829 ei
2452 1777 2742 1844 coaptavit,
2790 1775 2977 1831 dicens
3011 1795 3022 1830 :
3075 1778 3336 1848 Scriptum
3365 1792 3440 1840 est
3465 1784 3637 1837 enim:
3673 1782 3791 1836 Lce-

517 1878 608 1930 dat
632 1878 853 1947 gratiam
877 1875 933 1949 (1
968 1875 1106 1930 l’etr.
1140 1893 1190 1940 ν,
1227 1875 1302 1949 5).
1328 1876 1546 1932 Frustra
1571 1893 1698 1946 ergo
1726 1892 1844 1946 qua:
1865 1879 1957 1932 Dei
1980 1888 2103 1932 sunt

520 1969 763 2037 accipere
806 1968 1063 2035 gestiunt,
1105 1968 1194 2036 qui
1222 1967 1275 2022 in
1304 1982 1368 2022 eo
1397 1969 1542 2037 quod
1595 1970 1909 2038 superbiunt
1939 1971 2100 2037 largi-

523 2069 694 2113 torem
726 2075 1008 2127 munerum
1036 2059 1137 2114 sibi
1167 2059 1541 2114 adversantem
1569 2061 1818 2115 reddunt.
1859 2061 2101 2116 Saturari

522 2163 652 2218 ergo
676 2159 972 2219 nequeunt,
1003 2151 1126 2220 quia
1153 2165 1376 2206 munera
1426 2151 1788 2221 spiritualium'
1807 2154 2101 2220 gratiarum

522 2256 630 2294 non
661 2240 727 2294 ad
753 2249 1048 2310 ptsrcuntur.
1079 2241 1178 2308 Qui
1207 2256 1337 2298 vero
1362 2249 1484 2298 sunt
1513 2242 1762 2310 famelici,
1796 2245 1899 2303 nisi
1917 2260 1945 2298 a
1973 2245 2107 2302 cibis

522 2333 774 2386 vitiorum
825 2333 998 2397 vacui,
1067 2321 1114 2387 a
1148 2341 1362 2389 tumore
1403 2333 1608 2403 jejuni?
1673 2334 1924 2390 Famelici
1975 2351 2105 2405 ergo

522 2423 749 2478 saturati
780 2431 926 2489 sunt,
957 2423 1082 2492 quia
1114 2423 1288 2484 sancti
1337 2425 1437 2478 viri
1471 2425 1787 2482 humilitatis
1816 2441 1939 2482 arce
1968 2443 2104 2497 pra:-

523 2515 639 2580 diti,
669 2514 793 2568 dum
821 2515 886 2568 de
915 2530 974 2574 se
1004 2515 1110 2568 alta
1134 2531 1240 2570 non
1259 2515 1513 2582 sentiunt,
1538 2518 1645 2572 alta
1683 2518 1935 2572 virtutum
1966 2519 2104 2574 dona

527 2613 923 2673 promerentur.
979 2605 1108 2662 Nam
1162 2622 1260 2676 per
1305 2607 1623 2676 humilitatis
1669 2609 1892 2676 bonum,
1936 2611 2106 2668 sancti

525 2693 754 2764 Spiritus
781 2694 937 2750 sedes
960 2696 1117 2757 tiunt,
1145 2710 1306 2764 quem
1338 2697 1465 2749 dum
1496 2699 1547 2751 in
1570 2713 1630 2752 se
1649 2706 1954 2753 manentem
1978 2701 2110 2754 reci-

526 2789 696 2856 piunt,
725 2785 842 2854 ejus
866 2786 1022 2841 donis
1049 2787 1256 2856 plenius
1275 2786 1568 2855 replentur.
1586 2786 1741 2843 Unde
1767 2796 1822 2843 et
1852 2805 1946 2859 per
1975 2789 2108 2852 Pro-

527 2877 740 2946 phetam
769 2877 1023 2931 Dominus
1043 2876 1172 2931 dicit
1197 2895 1209 2929 :
1247 2876 1419 2946 Super
1441 2894 1586 2945 quem
1609 2879 1876 2950 requiescit
1899 2881 2108 2950 spiritus

529 2984 690 3032 meus,
745 2968 846 3021 nisi
885 2985 1041 3037 super
1081 2967 1342 3032 humilem,
1389 2976 1439 3020 et
1461 2970 1780 3037 quietnm,et
1809 2978 2107 3023 trementem

527 3076 788 3128 sermones
809 3077 949 3130 meos
992 3059 1129 3130 (Isa.
1162 3076 1304 3125 vat,
1337 3061 1429 3130 2)?
1453 3060 1621 3117 Valde
1647 3076 1774 3130 ergo
1798 3070 2109 3118 saturantur

2207 1869 2536 1941 tare,sterilis
2566 1885 2678 1938 quae
2707 1862 2814 1922 noni
2857 1871 3031 1939 paris;
3085 1889 3296 1938 erumpe
3342 1881 3391 1926 et
3438 1874 3628 1938 clama,
3682 1890 3796 1942 qua:

2205 1976 2308 2012 non
2345 1945 2592 2028 parturis,
2651 1961 2770 2030 quia
2801 1961 2946 2014 multi
2999 1962 3098 2030 ﬁlii
3125 1962 3344 2029 deserta:
3367 1967 3536 2034 magis
3560 1983 3722 2034 quant
3749 1967 3794 2019 ei

2204 2066 2319 2120 qua:
2345 2050 2494 2103 habet
2523 2054 2684 2104 virum
2731 2050 2864 2121 (Isa.
2896 2068 3002 2118 Ltv,
3037 2054 3110 2122 l).
3147 2055 3250 2108 Sed
3281 2055 3556 2122 quonme
3577 2054 3794 2109 Jeruea-
3825 2109 3836 2122 ,

2205 2140 2308 2194 lezn
2339 2141 2503 2194 sterili
2542 2183 2555 2208 ,
2596 2143 2883 2196 beatorum
2911 2144 3117 2197 scilicet
3151 2145 3464 2212 angelorum
3491 2162 3678 2200 saneta
3710 2163 3794 2201 so-

2205 2232 2394 2299 cietas,
2425 2232 2765 2309 intelligitur,
2798 2251 2920 2289 cum
2946 2235 3098 2303 juxta
3130 2239 3273 2292 vocis
3302 2256 3414 2294 suae
3437 2239 3800 2315 :igniftcatutn

2206 2324 2272 2377 de
2293 2333 2492 2380 {eterna
2542 2329 2689 2396 pacis
2708 2314 2914 2381 vismne
2945 2331 3165 2397 peicnni
3201 2333 3398 2399 gaudio
3428 2334 3496 2388 sit
3525 2335 3796 2389 fecunda?

2207 2411 2312 2469 Sed
2337 2416 2380 2471 si
2411 2426 2582 2470 mater
2607 2432 2636 2470 e
2670 2427 2688 2470 t
2735 2417 3029 2472 el--ctorum
3060 2420 3357 2486 hominum,
3389 2425 3586 2480 sterilis
3615 2427 3795 2493 prole-

2208 2514 2299 2560 cto
2328 2516 2446 2560 erat
2494 2522 2612 2575 qua.
2639 2506 2710 2561 do
2744 2507 3036 2562 humanum
3065 2525 3234 2578 genus
3261 2513 3314 2566 in
3345 2513 3511 2568 Adam
3544 2518 3802 2590 petierat.

2213 2594 2366 2650 Velut
2404 2599 2544 2651 enim
2595 2601 2860 2666 parturire
2905 2616 3012 2654 non
3061 2611 3254 2677 potu-t,
3309 2620 3432 2657 cum
3460 2621 3585 2660 cum
3615 2607 3670 2660 in
3697 2624 3805 2676 quo,

2209 2686 2549 2749 fecunditatis
2588 2706 2696 2745 suae
2727 2693 3017 2746 exteniere
3055 2695 3228 2748 sinum
3257 2695 3443 2751 debuit
3473 2697 3607 2767 lapsi
3634 2701 3773 2767 spiri

2212 2790 2294 2844 tus
2322 2783 2667 2838 suasionibus
2697 2787 2800 2840 arui
2835 2785 2898 2838 it.
2959 2785 3166 2841 Tandiu
3220 2789 3572 2858 accinguntur
3604 2791 3800 2854 infirmi

2209 2875 2383 2928 donec
2408 2876 2605 2930 sterilis
2637 2878 2830 2945 pariat,
2879 2879 3004 2946 quia
3055 2881 3367 2946 angelo'uni
3397 2882 3682 2937 humilium
3709 2901 3798 2937 va-

2210 2964 2318 3020 liilo
2349 2966 2646 3020 ministerio
2677 2981 2742 3020 eo
2779 2984 2954 3036 uque
2980 2969 3250 3038 indigemu
3287 3013 3302 3036 ,
3332 2971 3504 3027 donec
3533 2983 3805 3047 quotquot

2211 3054 2279 3109 ad
2304 3056 2466 3109 vitam
2497 3057 2858 3126 prmdestinati
2883 3070 3010 3113 sunt
3036 3059 3102 3114 de
3133 3061 3368 3116 humano
3392 3079 3611 3131 genere,
3631 3081 3800 3132 usque

527 3151 781 3218 famelici,
808 3152 932 3220 quia
964 3151 1017 3205 in
1048 3151 1312 3205 donorum
1344 3152 1671 3220 plenitudine
1692 3164 1856 3207 super
1881 3152 2111 3209 humiles
2137 3137 2182 3200 C
2217 3147 2268 3201 in
2299 3148 2481 3202 mundi
2507 3150 2663 3202 tinem
2696 3151 3033 3218 colligantur.
3061 3151 3236 3205 Mittet
3258 3169 3379 3206 nam
3406 3170 3488 3218 ,ue
3520 3153 3564 3206 F
3569 3156 3692 3208 ilius
3715 3161 3799 3209 Ιιοο

529 3252 747 3297 sanctus
773 3242 1004 3312 Spiritus
1028 3242 1337 3310 requiescit.

605 3333 694 3388 M.
751 3331 906 3400 Quod
938 3340 1116 3388 tamen
1155 3342 1344 3387 contra
1384 3333 1714 3402 negligentes
1743 3335 1882 3390 sacri
1929 3335 2112 3390 altaris

531 3425 808 3499 ministros
835 3431 1000 3497 atque
1028 3424 1260 3480 audaces
1282 3424 1535 3480 dominici
1564 3426 1808 3496 corporis
1836 3435 2114 3494 suscepto-

535 3529 626 3571 res
667 3515 773 3577 dici
822 3530 928 3570 non
971 3516 1412 3586 inconvenienter
1457 3523 1658 3585 potest.
1726 3514 1939 3586 Repleti
1986 3533 2114 3572 vero

535 3608 686 3678 prius
711 3615 856 3672 sunt,
885 3608 1247 3681 vitiorumque
1274 3609 1395 3663 cibo
1418 3609 1667 3673 saturati,
1721 3608 1812 3678 qui
1847 3623 1946 3678 pro
1977 3623 2116 3678 pane

535 3715 596 3761 se
624 3701 824 3767 locant,
854 3701 980 3770 quia
1008 3715 1205 3772 corpus
1232 3699 1299 3756 ad
1341 3701 1738 3771 susceptionem
1767 3699 2116 3762 Eucharistiae

533 3797 860 3861 prteparent.
914 3790 1015 3858 Qui
1044 3791 1297 3855 nimirum
1320 3806 1473 3847 come
1493 3791 1632 3861 lunt,
1663 3799 1719 3847 et
1747 3792 1980 3846 saturari
2011 3807 2116 3847 non

531 3891 781 3953 possunt,
803 3884 928 3952 quia
958 3883 1058 3948 etsi
1087 3890 1484 3944 sacramentum
1515 3899 1610 3939 ore
1639 3885 1964 3956 percipiunt,
2008 3887 2116 3940 vir—

534 3984 646 4028 tute
695 3974 1016 4029 sacramenti
1071 3987 1410 4045 nequaquam
1469 3975 1764 4046 replentur.
1820 3975 1865 4030 A
1915 3977 2116 4046 virtute

533 4079 663 4134 ergo
689 4066 775 4119 illa
798 4067 1119 4121 sacramenti
1150 4067 1272 4121 ideo
1290 4067 1557 4136 jejunant,
1588 4050 1884 4139 quia'prius
1927 4068 2116 4137 repleti

537 4155 770 4210 fuerant.
828 4157 1028 4211 Salutis
1072 4159 1270 4228 quippe
1299 4159 1527 4224 fruetum
1559 4175 1666 4213 non
1706 4159 2009 4230 percipiunt
2065 4160 2118 4214 in

534 4247 867 4302 comeslionc
891 4248 1140 4302 salutaris
1170 4249 1377 4314 hosthe,
1428 4251 1520 4317 qui
1548 4265 1610 4304 ea
1640 4253 1834 4321 quibus
1863 4269 1922 4309 se
1947 4254 2122 4324 reple-

533 4347 719 4391 verant
747 4336 945 4406 llagitia
971 4347 1190 4407 portant
1214 4341 1264 4393 in
1311 4349 1508 4409 mente.
1559 4340 1673 4396 Non
1705 4353 2014 4399 saturantur
2036 4361 2120 4400 er-

533 4442 616 4496 go,
692 4428 790 4483 nisi
841 4429 1089 4494 famelici,
1144 4432 1272 4500 quia
1304 4446 1333 4484 a
1371 4431 1513 4485 vitiis
1551 4432 2120 4504 perlectejejunantes

2215 3242 2369 3294 minis
2399 3244 2610 3309 angelos
2635 3257 2774 3302 suos,
2819 3252 2874 3294 et"
2887 3243 3129 3314 colligent
3156 3245 3344 3299 electos
3373 3263 3490 3300 suos
3513 3264 3544 3299 a
3584 3258 3807 3316 quatuor

2215 3331 2378 3386 ventis
2409 3329 2621 3401 (Matth.
2656 3347 2801 3396 xxiv,
2823 3331 2880 3384 δί
2907 3350 2921 3398 ;
2954 3333 3120 3388 Marc.
3147 3351 3257 3397 xm,
3283 3335 3399 3400 ‘27).
3427 3337 3504 3390 Ad
3533 3354 3627 3391 eos
3649 3355 3807 3412 nam-_

2217 3439 2321 3493 que
2348 3424 2678 3494 colligendos
2724 3435 2854 3479 tunc
2910 3427 3158 3482 mittendi
3190 3436 3333 3494 sunt,
3366 3429 3416 3482 in
3445 3446 3680 3500 quorum
3724 3447 3800 3484 sa-

2218 3513 2329 3569 lute
2355 3515 2596 3583 quoti'lic
2626 3517 2931 3584 mittuntur,
2992 3540 3000 3564 ‹
3026 3519 3113 3581 uia
3146 3518 3210 3571 ad
3241 3534 3465 3586 regnum
3506 3536 3616 3574 non
3647 3521 3800 3592 co'li-

2217 3615 2363 3675 gent,
2399 3607 2496 3662 nisi
2530 3607 2724 3676 quibus
2773 3624 2869 3677 per
2898 3609 3063 3680 robur
3110 3611 3457 3665 accinctionis
3504 3627 3616 3665 sum
3666 3627 3806 3665 tmuc

2220 3697 2544 3766 adjutorium
2575 3699 2832 3767 prmhent.
2896 3697 3075 3768 Usque
3113 3700 3274 3753 etiam
3329 3700 3381 3754 in
3423 3700 3607 3754 mundi
3646 3698 3804 3754 ﬂuent

2219 3788 2452 3843 famelici
2474 3799 2801 3843 saturantur.
2859 3789 2965 3844 Sed
2993 3800 3047 3860 et
3094 3793 3230 3849 bene
3261 3792 3524 3861 plurimos
3555 3793 3672 3846 lucc
3702 3801 3800 3845 ste-

2221 3881 2333 3933 rilis
2361 3895 2551 3948 parere
2581 3879 2796 3944 dicitur,
2845 3895 2971 3948 quia
3027 3899 3132 3935 non
3166 3897 3355 3936 omnes
3405 3883 3675 3946 homines,
3716 3883 3804 3937 sel

2223 3970 2382 4028 electi
2419 3971 2762 4033 sofumniodo
2811 3973 2876 4025 ad
2921 3982 3120 4027 aeterna
3178 3973 3368 4040 gaudia
3418 3972 3810 4050 perducuntur.

2224 4061 2360 4131 Apte
2405 4062 2564 4130 igitur
2591 4064 2753 4117 etiam
2801 4075 2988 4132 parcre
3041 4063 3256 4134 dicitur,
3319 4065 3442 4134 quia
3489 4063 3804 4131 angelorum

2224 4153 2520 4210 ministerio
2571 4151 2828 4208 docemur
2874 4168 3103 4221 superna
3162 4167 3366 4222 petere,
3429 4162 3484 4206 ut
3515 4153 3582 4207 ad
3620 4169 3807 4207 eorum

2226 4243 2496 4304 valeamus
2535 4243 2675 4298 bona
2719 4243 3022 4312 pervenire.
3069 4241 3176 4296 Sed
3206 4258 3324 4296 cum
3353 4244 3465 4298 lucc
3495 4244 3695 4298 sterilis
3725 4259 3804 4313 pa-

2223 4337 2312 4404 rit,
2361 4352 2423 4392 ea
2455 4354 2575 4404 qua:
2619 4339 2814 4390 multos
2857 4337 3090 4390 habebat
3125 4337 3260 4391 lilios
3314 4335 3637 4402 inﬁrmatur,
3681 4340 3810 4405 quia

2225 4444 2332 4498 quo
2361 4429 2599 4498 pleniora
2624 4429 2768 4491 lucra
2787 4428 3081 4495 electorum
3110 4443 3205 4498 per
3226 4429 3538 4496 angelorum
3567 4431 3808 4483 ministe-

533 4521 710 4575 divtna
737 4530 1072 4578 sacramenta
1101 4523 1408 4594 percipiunt
1437 4525 1488 4578 in
1521 4526 1854 4594 plenitudine
1885 4529 2112 4583 virtutis.
2150 4515 2204 4589 Β
2229 4522 2305 4575 ria
2333 4536 2565 4590 Slltlt‘mﬂ
2597 4535 2757 4588 νεεηπ
2790 4520 3113 4589 Ρθνοῖρῖυυιν
3175 4518 3334 4588 huius
3382 4520 3691 4590 Babyloni-33
3717 4518 3809 4576 mli

533 4612 600 4668 Et
619 4615 741 4684 quia
767 4615 883 4670 sine
923 4624 1146 4686 peccato
1173 4617 1330 4676 electi
1361 4617 1524 4680 etiam
1558 4619 1653 4682 viri
1703 4635 1823 4682 esse
1853 4637 1959 4676 non
1991 4637 2116 4691 pos-

533 4717 677 4774 sunt,
710 4707 835 4777 quid
883 4715 1073 4774 restat,
1117 4709 1218 4765 nisi
1245 4718 1304 4765 ut
1335 4725 1364 4764 a
1389 4712 1628 4780 peccatis
1679 4713 1870 4782 quibus
1893 4729 1986 4773 eos
2017 4713 2116 4768 hn-

535 4815 690 4853 mana
719 4799 976 4870 fragilitas
1020 4801 1295 4857 maculare
1319 4817 1426 4857 non
1473 4801 1669 4858 desinit
1697 4807 1943 4860 evacuari
1981 4821 2116 4868 quo-

533 4891 668 4950 tidie
724 4895 1025 4959 conentur?
1075 4892 1207 4948 Nam
1264 4895 1356 4962 qui
1408 4895 1650 4963 quotidie
1708 4914 1817 4952 non
1865 4900 2116 4954 exhaurit

532 4981 676 5050 quod
733 4981 1033 5054 delinquit,
1106 4985 1206 5039 etsi
1267 4987 1488 5047 minima
1542 4996 1667 5042 sunt
1721 4998 1938 5058 peccata
1995 5006 2114 5059 qum

533 5074 797 5140 conger-it,
825 5061 1081 5143 paulatim
1105 5077 1282 5146 anima
1312 5078 1570 5148 repletur,
1621 5088 1782 5149 atque
1826 5082 1876 5135 ci
1919 5082 2112 5136 merito

533 5161 786 5218 auferunt
814 5163 1042 5218 fructum
1073 5166 1296 5222 interna}
1321 5169 1638 5240 saturitatis.
1679 5168 1790 5241 llac
1810 5171 2113 5241 repletione

533 5271 632 5311 nos
653 5269 914 5310 evacuare
943 5253 1142 5311 Paulus
1171 5257 1466 5327 insinuans,
1501 5263 1574 5314 ait
1602 5279 1615 5316 :
1669 5261 1860 5319 Probet
1889 5265 2114 5333 seipsum

534 5346 706 5411 homo,
751 5353 802 5400 et
845 5346 920 5400 sic
947 5345 1011 5400 de
1033 5363 1167 5416 pane
1197 5348 1291 5403 illo
1327 5350 1466 5417 edat,
1513 5354 1646 5407 etde
1673 5355 1833 5418 calice
1879 5354 2019 5429 bibat
2059 5355 2112 5425 (ι

535 5437 656 5491 Cor.
680 5451 750 5500 st.
800 5435 913 5511 28).
968 5438 1103 5505 Quid
1133 5441 1274 5494 enim
1306 5451 1386 5498 est
1415 5443 1520 5499 hoc
1549 5445 1672 5500 loco
1716 5446 1826 5516 ϐο
1861 5447 2112 5515 probare.

538 5529 654 5595 nisi,
679 5540 940 5587 evacuata
970 5543 1315 5602 peccatorum
1348 5537 1605 5604 nequitia,
1639 5552 1697 5592 se
1726 5539 2013 5607 probatum
2047 5541 2112 5594 ad

534 5621 855 5680 dominicam
881 5639 1139 5689 mensam,
1173 5633 1229 5680 et
1253 5641 1446 5696 puntm
1478 5626 1772 5688 exhibere?
1797 5628 1871 5684 De
1894 5631 2109 5700 repletis

536 5717 695 5786 etiam
727 5719 905 5791 subiit
938 5738 949 5772 :
1012 5720 1110 5801 Qui
1139 5722 1275 5778 enim
1322 5722 1599 5776 mandarat
1639 5731 1687 5784 et
1732 5722 1853 5784 bibit
1877 5726 2108 5799 indigne,

2219 4613 2554 4685 minuuntur.
2605 4610 2764 4683 Yelut
2803 4612 2947 4680 enim
3001 4609 3206 4664 inlirma
3260 4613 3310 4664 in
3343 4620 3497 4678 partu
3550 4627 3651 4665 suo
3704 4621 3806 4674 est,

2218 4717 2339 4771 qua:
2377 4700 2681 4754 i.inr.!inato
2710 4714 2895 4753 amore
2918 4715 3092 4755 rerum
3122 4699 3532 4764 transeuntium,
3565 4710 3622 4752 ut
3646 4701 3810 4775 solet,

2221 4792 2359 4864 tilios
2388 4792 2608 4864 gignere
2639 4807 2978 4862 nequaquam
3024 4801 3223 4862 potest.
3295 4791 3500 4861 Ubique
3530 4793 3672 4850 enim
3699 4794 3813 4863 jam

2221 4883 2461 4937 eculestia
2494 4896 2654 4950 regna
2701 4883 3012 4951 prmdicant,
3065 4900 3185 4954 qua:
3234 4884 3477 4952 profecto
3517 4885 3643 4938 dum
3679 4885 3808 4939 tide-

2222 4974 2351 5028 lium
2406 4983 2611 5032 mentes
2657 4973 2838 5046 audita
2889 4975 3134 5047 diligunt,
3181 4975 3307 5029 dum
3355 4991 3417 5030 ea
3449 4977 3610 5030 etiam
3651 4978 3742 5031 bo:
3768 4979 3809 5032 is

2221 5067 2462 5121 moribus
2510 5066 2804 5136 inquirunt.
2857 5069 3002 5121 velut
3052 5069 3103 5122 in
3150 5080 3310 5138 partu
3356 5085 3456 5123 suo
3511 5070 3808 5142 Babylonia

2219 5161 2517 5229 stringitur,
2559 5163 2683 5230 quia
2713 5179 2742 5214 n
2767 5171 2884 5224 ater
2922 5171 3105 5217 nostra
3135 5162 3430 5217 Jerusalem
3463 5179 3556 5217 eos
3585 5180 3682 5233 per
3715 5183 3806 5219 or-

2222 5251 2342 5306 bem
2371 5251 2479 5307 Deo
2503 5247 2747 5320 parturit,
2799 5269 2935 5319 quos
2979 5254 3067 5311 illa
3119 5254 3260 5320 Iaso
3303 5256 3620 5325 perditionis
3652 5268 3810 5311 utero

2227 5355 2412 5410 parere
2440 5345 2698 5405 gehennm
2721 5347 3021 5400 consuevit.
3059 5345 3298 5411 Quorum
3322 5354 3500 5401 tamen
3532 5349 3838 5414 accincta.

2221 5453 2338 5489 rum
2396 5438 2558 5489 robur
2607 5453 2712 5489 non
2772 5455 2917 5506 ipsis,
2977 5441 3069 5495 sed
3111 5441 3159 5493 ci
3210 5455 3237 5492 a
3289 5454 3397 5508 quo
3451 5441 3810 5510 accinguntur

2221 5529 2520 5582 ascriliitur.
2569 5530 2705 5599 Apte
2736 5538 2917 5597 itaque
2945 5532 3190 5586 subditur
3222 5550 3236 5585 :

2291 5631 2468 5700 (Vcrs.
2500 5631 2577 5698 6.)
2610 5630 2864 5686 Dominus
2894 5633 3192 5703 morti/ient,
3240 5644 3288 5687 et
3311 5635 3555 5703 viri/icat.

2293 5724 2377 5794 lQ.
2401 5725 2457 5779 lu
2485 5725 2676 5796 quibus
2700 5725 2940 5795 profecto
2969 5727 3146 5798 verbis
3179 5727 3342 5798 etiam
3371 5727 3503 5784 ordo
3536 5726 3808 5782 notandus
