4000 6302
184 297 246 349 85
1035 293 1096 345 IN
1140 292 1396 346 PRIMUM
1440 288 1676 343 llECUftl
1719 284 2230 344 LXl'OSlTIONES.
2271 319 2340 330 —-
2379 290 2504 344 LIB.
2553 290 2610 343 ll.
3389 295 3456 347 Sti

183 422 281 468 est.
343 408 496 462 Prius
541 409 740 477 quippe
768 405 1093 462 utut-tilicare
1126 407 1340 472 dicitur,
1375 408 1564 462 deinde
1586 405 1756 461 vivift-
1788 410 1826 464 Α
1861 420 1918 458 se
1950 407 2298 472 pauperiores
2322 414 2522 470 tenent,
2556 423 2663 476 quo
2685 424 2714 460 a
2745 408 2884 460 veris
2915 421 3030 460 sese
3062 407 3254 461 dis-iliis
3277 412 3455 478 pulsos

185 519 320 562 tare,
348 501 476 570 quia
509 501 608 553 nisi
637 499 886 552 saeculum
941 514 1124 551 amare
1166 499 1490 563 desistimus,
1525 498 1634 551 Deo
1667 515 1760 567 per

185 607 413 646 atno'em
438 591 621 643 vivere
655 605 759 642 non
791 589 1050 654 valemus,
1094 588 1300 642 Joanne
1328 598 1636 654 attestaute,
1669 593 1759 658 qui

185 687 248 736 ait
277 703 286 735 :
320 683 417 745 Qui
441 681 612 750 diligit
643 680 903 744 mundum,
939 698 1042 734 non
1069 690 1143 734 est
1170 682 1397 734 charilas
1428 681 1602 735 Patris
1623 683 1676 735 iu
1703 697 1762 734 eo

186 774 232 842 tl
259 773 415 826 Joan.
443 789 498 835 ιι,
529 770 642 839 15).
703 769 851 826 Unde
901 783 954 824 et
991 773 1034 825 is
1078 772 1169 840 qui
1198 787 1257 824 se
1293 772 1670 826 mortificamur
1709 781 1763 826 ct

186 866 524 924 s'ivilicatum,
580 864 672 931 qui
711 879 768 916 se
791 873 1115 932 prostratum
1159 874 1213 916 et
1239 877 1475 919 ert-ctum
1505 867 1763 918 memine-

185 966 282 1023 rat,
308 956 414 1025 ει
446 954 790 1020 loquebatur,
819 955 1003 1007 dicens
1037 972 1049 1006 :
1082 954 1213 1008 Mihi
1236 957 1456 1009 mundus
1483 956 1761 1024 cruciﬁxus

184 1057 269 1113 est,
301 1058 347 1100 er
393 1063 488 1115 ego
511 1063 633 1098 muri
662 1050 706 1099 ’o
757 1043 956 1115 (Colat.
989 1045 1204 1115 v1.4”).
1259 1045 1400 1100 Vivc'
1427 1063 1500 1107 at,
1531 1046 1622 1099 sed
1655 1064 1760 1100 llU'l

184 1138 353 1190 tuundi
387 1141 515 1192 vita.
570 1137 697 1205 quit
749 1136 960 1189 d'cebat
995 1155 1006 1188 :
1055 1137 1174 1188 Vivo
1197 1137 1338 1206 jam,
1376 1155 1476 1191 non
1501 1154 1612 1206 ego,
1648 1140 1708 1188 ri:
1726 1139 1764 1190 it

186 1246 290 1282 raro
318 1229 369 1280 in
392 1244 471 1279 me
499 1225 739 1280 Christus
770 1225 956 1291 (Ibid.,
991 1242 1047 1292 ιι,
1075 1227 1185 1294 ‘20).
1214 1227 1326 1280 Non
1346 1241 1475 1295 ego
1495 1230 1764 1282 accincto-

186 1335 293 1372 rutn
345 1318 563 1386 aliquis,
615 1318 711 1373 sed
766 1318 1022 1371 Dominus
1076 1320 1365 1373 mort'licat
1406 1329 1459 1374 et
1507 1322 1759 1376 \ivilicat.

188 1407 553 1463 llortilicatum
585 1411 786 1479 quippe
808 1418 862 1462 et
885 1410 1207 1467 vivifictﬂum
1226 1427 1345 1465 esse
1373 1420 1456 1466 est
1483 1413 1761 1480 p-ruseutia

187 1499 319 1552 nul'a
341 1499 750 1567 concupiscere,
781 1509 836 1554 et
862 1510 1062 1554 a‘tetua
1091 1499 1414 1560 desiderare.
1449 1501 1545 1554 Cui
1577 1502 1760 1569 itaque

188 1594 342 1647 dehis
370 1594 692 1649 muneribus
713 1595 1006 1649 referenda:
1049 1595 1153 1648 sint
1196 1597 1383 1663 gratiae
1410 1598 1650 1664 exponit,
1685 1597 1766 1651 di-

188 1701 305 1736 ει·ηά
331 1703 342 1736 :
399 1683 656 1738 Dominus
701 1685 980 1755 mortiﬁcat
1005 1693 1050 1736 et
1080 1685 1321 1754 viri/iret.
1372 1684 1523 1740 Unde
1548 1695 1598 1738 et
1628 1703 1766 1755 prope

1865 495 2064 548 vident.
2099 495 2250 549 Unde
2295 508 2349 550 et
2380 498 2585 550 rexillc
2613 499 2702 568 qui
2752 499 2932 551 saeculi
2979 501 3321 567 possessione
3377 503 3454 554 la-

1867 585 2100 639 tissimus
2129 595 2266 653 erat,
2321 588 2446 656 quia
2477 590 2527 642 ei
2577 604 2730 642 veras
2763 589 2972 642 divitias
3000 588 3255 643 Dominus
3278 600 3454 644 osten-

1866 679 2039 738 derat,
2064 679 2330 732 clamabat
2362 681 2425 732 ad
2478 696 2622 747 eum,
2657 683 2837 735 dicens
2872 701 2883 734 :
2940 682 3154 752 Respice
3183 684 3235 735 in
3266 700 3363 741 me,
3407 694 3456 734 et

1867 772 2104 824 miserere
2152 774 2268 835 mei,
2315 768 2434 843 quia
2464 775 2643 827 unicus
2671 784 2718 828 et
2763 792 2958 844 pauper
2994 792 3105 828 sum
3147 793 3240 845 ego
3283 774 3452 842 (l’sul.

1869 877 2014 925 xxxv,
2050 862 2154 930 16).
2203 861 2337 916 Illuc
2363 864 2623 932 propheta
2666 864 2945 926 Jeremias,
2998 866 3154 919 electi
3200 848 3458 933 cujusque:

1869 951 2308 1006 iilutniualiouem
2341 956 2392 1008 in
2425 970 2482 1007 se
2504 956 2830 1023 exprimens,
2862 956 2938 1009 ait
2968 973 2979 1008 :
3015 955 3126 1027 Ego
3169 960 3243 1010 t'ir
3285 957 3457 1010 videns

1869 1056 2218 1115 ραιιριιτιιιιεηι
2248 1066 2412 1102 meum
2435 1049 2582 1115 (Thr.
2608 1067 2682 1114 ιιι,
2719 1051 2789 1119 l).
2817 1049 3114 1120 Pauperem
3146 1051 3326 1119 itaque
3361 1050 3457 1100 Do-

1871 1137 2014 1189 ntino
2034 1139 2163 1191 face:
2179 1154 2209 1192 e
2223 1148 2303 1191 est
2328 1141 2377 1192 in
2397 1141 2852 1209 contemplatione
2864 1140 3126 1194 bonorum
3146 1140 3458 1210 perenuium

1870 1227 2162 1280 electorum
2208 1239 2414 1284 tuentes
2461 1231 2526 1284 ad
2574 1241 2942 1301 contemptum
2996 1247 3174 1285 rerum
3219 1233 3458 1286 omnium

1870 1320 2154 1374 visibilium
2211 1323 2464 1376 excitare.
2521 1322 2626 1377 Sed
2678 1325 2763 1378 cui
2813 1338 3020 1378 summa
3069 1323 3309 1387 revelat,
3367 1324 3457 1392 qui

1871 1412 2055 1465 eadem
2084 1429 2290 1466 Summa
2322 1415 2520 1468 diutius
2564 1415 2764 1469 laboris
2795 1415 2970 1484 pretio
3017 1423 3125 1468 stnt
3172 1415 3457 1482 quarrenda

1872 1501 2126 1567 insinuat,
2157 1503 2298 1558 dicat
2327 1505 2448 1573 quia
2479 1506 2570 1573 qui
2604 1520 2866 1573 pauperes
2916 1505 3057 1568 facit,
3099 1506 3260 1558 etiam
3303 1505 3456 1566 ditat,

1872 1590 1997 1656 quia
2047 1590 2296 1644 nimirum
2349 1593 2472 1645 dum
2523 1593 2589 1646 ab
2635 1593 2989 1662 omnipotenti
3043 1594 3151 1647 Deo
3197 1594 3457 1647 bonorum

1873 1679 2168 1734 cmlestinm
2217 1682 2578 1748 cognitionem
2629 1683 2975 1750 percipimus,
3015 1681 3083 1733 ab
3134 1682 3248 1748 ipso
3297 1683 3458 1734 etiam

191 1777 284 1844 i-tm
313 1777 624 1832 nominatus
647 1780 889 1846 gentium
919 1780 1237 1847 prmdicatnr
1264 1781 1394 1834 dicit
1426 1797 1438 1832 :
1486 1778 1662 1850 Neque
1682 1783 1767 1850 qui
1803 1780 1845 1838 Β
1873 1772 2120 1825 virtutem
2145 1774 2543 1841 consequimur,
2579 1781 2635 1826 ut
2665 1772 2828 1841 digno
2873 1773 2980 1844 62
3024 1788 3122 1841 pro
3169 1772 3246 1826 eis
3279 1772 3461 1825 labore

188 1870 376 1934 plantat
420 1878 498 1922 est
540 1870 761 1940 aliquid,
807 1887 966 1936 neque
995 1872 1078 1940 qui
1126 1873 1282 1940 riJ-at,
1329 1872 1419 1924 sed
1472 1875 1557 1943 qui
1605 1874 1768 1926 incre—

189 1969 397 2010 mentum
446 1959 540 2012 dat
593 1959 730 2015 Deus
774 1960 1074 2031 (100nm,
1125 1962 1202 2031 7).
1261 1961 1367 2017 Sed
1420 1980 1529 2032 quo
1583 1965 1769 2018 ordine

189 2065 285 2100 oon
310 2051 519 2117 ipotcns
583 2050 727 2104 Deus
775 2051 875 2107 ista
907 2053 961 2106 in
989 2054 1178 2108 elect‘s
1215 2064 1490 2123 operetur,
1525 2057 1767 2123 exponit,

188 2140 355 2194 dicens
381 2159 393 2191 :

253 2231 420 2293 (vers.
448 2230 530 2300 6.)
566 2231 722 2285 Ducit
747 2234 814 2287 ad
833 2237 1049 2305 inferos,
1078 2245 1126 2288 et
1147 2235 1364 2289 reducit.

257 2320 336 2373 l7.
380 2319 448 2374 Ut
486 2323 782 2378 mortificet
826 2325 1044 2395 quippe,
1072 2325 1220 2380 ducit
1248 2326 1315 2378 ad
1347 2327 1579 2390 inferos;
1625 2334 1678 2378 et
1717 2334 1773 2379 ut

193 2412 424 2473 t-ngticct,
458 2411 674 2465 reducit
704 2413 772 2466 ab
803 2412 1002 2466 inferis.
1035 2412 1399 2483 Omnipotenti
1432 2416 1630 2468 ctenim
1664 2415 1772 2468 Deo

192 2501 457 2555 alinferos
499 2502 708 2558 ducere
743 2512 824 2557 est
869 2513 1209 2573 peccatorum
1246 2506 1410 2562 corda
1450 2517 1773 2561 aeternorum

193 2590 502 2643 cmciatuutn
534 2591 694 2645 consi
715 2592 976 2648 leratioue
1009 2600 1230 2649 terrere.
1261 2594 1319 2647 Ei
1348 2611 1561 2665 quoque
1591 2597 1658 2649 ah
1691 2593 1784 2650 in-'

197 2679 308 2731 feris
354 2681 619 2735 reducere
659 2690 741 2736 est
789 2683 1001 2738 territas
1023 2685 1399 2753 pmnitentium
1431 2698 1592 2752 atque
1621 2702 1769 2739 com-

197 2770 339 2824 tuissa
368 2771 666 2838 lugentium
706 2782 934 2840 mentes,
963 2791 1058 2843 spe
1083 2775 1204 2829 vitze
1236 2773 1588 2830 indelicientis
1618 2793 1646 2830 a
1676 2778 1778 2831 ιυΙ⁹

198 2857 314 2912 lere.
343 2859 487 2915 Tunc
543 2862 751 2932 quippe
775 2878 995 2932 peccare
1023 2865 1314 2920 desinimus
1361 2883 1501 2932 cum,
1545 2883 1777 2937 superna

197 2950 348 3016 gratia
399 2951 628 3006 mollitis
668 2954 938 3018 cordibus,
983 2953 1157 3009 futura
1205 2966 1472 3012 tormenta
1525 2959 1779 3013 lorntida-

198 3055 317 3094 tuus.
348 3038 413 3094 Et
440 3042 508 3095 ab
540 3042 734 3098 inferis
763 3043 1064 3098 reducimur
1113 3037 1233 3098 cum
1263 3088 1280 3112 ,
1325 3046 1537 3100 interno
1580 3048 1778 3102 visitati

1872 1873 2162 1918 certemus.
2192 1863 2336 1916 Bene
2363 1873 2541 1918 autent
2573 1865 2815 1919 subditur
2846 1883 2856 1917 :

1945 1956 2120 2022 (γυνθ.
2154 1959 2228 2025 7.)
2264 1955 2518 2010 llum.’l-iat
2547 1965 2596 2010 et
2615 1955 2858 2010 sublevat.

1946 2047 2029 2099 l9.
2063 2046 2195 2111 Q'tia
2237 2047 2289 2099 in
2328 2048 2786 2115 contemplatione
2831 2047 3128 2102 caslestium
3159 2060 3320 2115 quam
3368 2048 3464 2100 ab-

1867 2136 1998 2203 jccti
2041 2144 2164 2190 sunt
2211 2135 2262 2189 iu
2308 2146 2448 2190 terra
2479 2137 2834 2206 conspiciunt,
2883 2137 2977 2191 sed
3033 2139 3082 2190 in
3132 2137 3320 2194 eadem
3370 2137 3464 2190 ah-

1869 2227 2106 2294 jcctiouc
2157 2227 2466 2294 temporalis
2497 2226 2689 2295 inopia:
2720 2242 2814 2296 per
2845 2226 2936 2280 Dei
2964 2227 3192 2294 gratiam
3244 2227 3463 2281 merito-

1873 2333 1989 2370 rum
2023 2332 2081 2371 se
2129 2317 2318 2384 pennis
2347 2317 2632 2370 sublevant
2669 2317 2736 2370 ad
2789 2318 2980 2383 gaulia
3038 2319 3288 2387 perennis
3321 2320 3461 2372 vitte.

1876 2405 2238 2460 llumi'itatent
2268 2422 2395 2476 ergo
2425 2408 2730 2476 percipiunt
2776 2408 2828 2461 in
2853 2409 3213 2463 aestimatione
3262 2410 3457 2474 cxsi'ii,

1875 2498 2256 2552 sublimitatem
2283 2513 2411 2551 vero
2433 2498 2485 2552 in
2528 2499 2916 2567 pratparatione
2948 2507 3147 2554 sancta:
3191 2501 3461 2568 operatio-

1876 2589 1976 2641 nis.
2011 2588 2299 2655 Sequitur:

1947 2678 2121 2750 (Vers.
2153 2678 2231 2750 8.)
2289 2679 2518 2735 Suscitat
2561 2679 2624 2734 de
2677 2681 2882 2749 pulvere
2908 2697 3139 2750 egenum,
3171 2689 3219 2734 et
3248 2680 3310 2734 de
3335 2689 3465 2734 ster-

1879 2789 1996 2824 core
2023 2774 2174 2841 erigit
2205 2789 2498 2841 pauperem,
2529 2782 2584 2825 ut
2604 2773 2776 2827 sedeat
2807 2789 2920 2826 cum
2950 2772 3284 2843 primipibus.

1946 2863 2035 2916 ΞΟ.
2067 2862 2243 2916 Pulvis
2271 2878 2500 2931 namque
2529 2872 2610 2918 est
2653 2863 2864 2918 subtilis
2892 2863 3211 2918 deliberatio
3259 2867 3457 2931 cogita-

1881 2954 2043 3006 tionis
2070 2953 2283 3017 illiritte,
2317 2968 2435 3021 qua:
2463 2968 2580 3007 eam
2612 2961 2844 3008 mentem
2875 2954 2959 3008 cui
2991 2955 3244 3008 insederit
3275 2954 3463 3010 findant

1882 3046 2075 3100 reddit.
2108 3044 2246 3111 Quid
2279 3060 2508 3115 namque
2537 3045 2588 3098 in
2621 3052 2862 3099 stercore
2891 3045 2990 3098 nisi
3032 3045 3168 3100 fmda
3203 3056 3224 3077 λι
3276 3060 3455 3114 perpo-

198 3129 394 3196 solatio,
435 3132 500 3185 ad
533 3148 695 3202 spem
744 3135 908 3190 venite
933 3134 998 3189 de
1053 3137 1378 3205 pmnitentia:
1426 3137 1666 3193 [amento
1692 3135 1848 3196 re-C
1883 3141 2114 3209 tratique
2163 3139 2346 3207 ﬂagitii
2400 3138 2618 3192 audacia
2657 3137 3003 3202 designatur?
3054 3135 3204 3190 Unde
3248 3144 3301 3190 et
3350 3152 3456 3204 pro-

199 3225 459 3292 spiramus.
489 3226 642 3296 Apte
670 3227 849 3295 itaque
881 3229 1137 3284 Dominus
1162 3230 1358 3285 ducrre
1385 3232 1451 3284 τι
1485 3231 1682 3285 inferos
1723 3241 1777 3286 et

198 3315 433 3372 reducere
456 3316 683 3383 dicitur,
712 3318 836 3387 quia
867 3319 1096 3373 humana
1127 3319 1319 3373 duritia
1350 3321 1402 3374 in
1431 3323 1662 3376 hominis
1688 3339 1775 3376 so-

201 3407 286 3458 lius
313 3406 720 3474 prasdicationc,
749 3423 850 3461 nec
879 3416 1085 3463 terrore
1111 3409 1433 3472 concutitur,
1468 3427 1564 3464 nec.
1591 3425 1778 3466 amore

199 3497 508 3552 sublevatur.
537 3496 682 3551 Nam
709 3497 754 3551 si
785 3498 1063 3552 doctorum
1095 3509 1238 3554 esset
1269 3498 1592 3555 mortificare
1621 3513 1778 3569 quot-

199 3599 314 3658 quot
337 3607 519 3646 eorum
545 3590 864 3661 praedicatio
895 3600 1158 3660 tangeret,
1188 3608 1412 3662 pe:care
1440 3593 1774 3656 desinerent;

200 3682 306 3734 etsi
336 3696 522 3736 eorum
548 3689 702 3735 esset
744 3680 1037 3745 viviticare,
1088 3684 1322 3752 quicunq
1347 3699 1394 3736 re
1438 3684 1505 3736 ab
1543 3684 1622 3737 eis
1665 3699 1777 3739 cu:-

200 3773 334 3827 lestia
363 3774 638 3839 audirent,
670 3772 737 3826 ad
759 3788 822 3827 ea
855 3789 953 3828 nos
990 3775 1232 3843 protinus
1255 3777 1395 3829 omni
1430 3784 1627 3830 conatu
1659 3792 1782 3843 per-

201 3864 436 3930 quirenda
464 3865 649 3918 intimi
698 3864 920 3921 allectus
940 3865 1020 3920 sui
1067 3881 1219 3919 amor
1245 3867 1583 3922 accenderet.
1629 3866 1781 3939 Nunc

201 3966 378 4021 autem,
411 3973 535 4011 cum
563 3972 716 4028 smpe
747 3949 1128 4026 peccatoribus
1158 3967 1358 4013 (eterna
1385 3947 1643 4030 sul-plicia
1682 3960 1780 4012 mi-

203 4059 394 4112 nentur,
423 4065 546 4104 cum
574 4064 643 4103 ea
677 4063 796 4117 qua:
837 4059 1060 4118 possunt
1089 4051 1167 4104 eis
1197 4051 1435 4106 cculestia
1477 4053 1614 4106 bona
1646 4068 1778 4120 prte-

201 4139 382 4200 dicent.
431 4150 487 4194 et
528 4155 637 4196 ncc
667 4141 928 4210 supplicia
980 4150 1242 4208 metuant,
1272 4159 1372 4198 nec
1423 4144 1540 4198 lana
1580 4160 1779 4199 concu-

203 4230 413 4298 piscant,
443 4233 750 4287 clamemus
779 4231 944 4286 Anna:
970 4233 1190 4288 vocibus
1214 4234 1268 4287 in
1295 4235 1538 4288 laudibus
1567 4234 1684 4301 Dei,
1729 4246 1783 4289 et

202 4323 245 4376 ei
265 4323 414 4378 etiam
446 4324 599 4390 illud,
624 4325 770 4392 quod
801 4339 898 4393 per
925 4340 1019 4380 eos
1046 4326 1264 4394 quidam
1293 4326 1580 4395 proficiunt
1609 4327 1782 4393 impu-

206 4423 383 4483 tantes,
411 4416 662 4472 dicamus
693 4433 705 4468 :
739 4415 992 4472 Dominus
1017 4418 1295 4487 mortiﬁcat
1325 4427 1374 4470 et
1403 4419 1644 4486 vivi/5cm.
1679 4417 1783 4471 Do-

1882 3231 2043 3298 pheta
2077 3230 2241 3282 vitam
2285 3229 2578 3282 carnalium
2628 3244 2784 3281 (uano
2823 3227 2945 3282 findi
2991 3227 3172 3294 operis
3224 3227 3461 3279 obrutam

1881 3319 2113 3381 intuens,
2149 3319 2223 3388 ait
2251 3335 2261 3372 :
2313 3314 2743 3388 Computruerunt
2775 3316 3013 3386 jumenta
3047 3317 3098 3368 in
3127 3323 3350 3368 stercore
3377 3331 3464 3368 suo

1883 3409 2018 3481 (.loet
2044 3425 2079 3468 t.
2117 3385 2224 3475 ιτ).
2258 3407 2396 3477 Apta
2428 3385 2590 3474 igtur
2619 3407 2760 3460 serie
2780 3385 2928 3460 dona
2962 3399 3050 3459 Dei
3082 3405 3132 3458 iu
3176 3403 3468 3474 ﬂagitiwsm

1881 3517 1997 3556 rum
2039 3499 2394 3554 conversione
2423 3505 2791 3551 numerantur.
2825 3494 2980 3549 Prius
3021 3510 3254 3564 namque
3300 3495 3471 3550 susci-

1884 3601 2026 3644 tatur
2054 3590 2121 3660 de
2170 3589 2390 3660 pulvere
2431 3600 2633 3654 egenus
2661 3601 2822 3656 quam
2858 3601 3064 3655 pauper
3110 3585 3176 3640 de
3205 3594 3469 3650 stercore;

1880 3683 2005 3751 quia
2037 3696 2064 3733 a
2095 3681 2257 3734 corde
2284 3687 2409 3733 ante
2436 3677 2755 3732 deliberatio
2799 3675 3086 3730 immunda:
3126 3675 3470 3744 cogitationis

1885 3772 2235 3836 abscinditur,
2285 3779 2339 3824 et
2386 3767 2730 3838 postmodum
2762 3767 2829 3820 ab
2873 3767 3086 3821 actione
3114 3766 3270 3834 culpa
3321 3780 3466 3819 rese-

1882 3874 2056 3918 catur.
2088 3863 2226 3931 Apte
2264 3874 2480 3929 quoque
2530 3857 2776 3912 suscitari
2803 3856 2870 3910 de
2899 3857 3120 3925 pulvere
3164 3868 3367 3924 egenus
3396 3855 3474 3906 di-

1883 3958 2040 4019 citur,
2093 3970 2296 4025 pauper
2341 3953 2415 4006 de
2464 3959 2704 4005 stercore
2744 3949 2894 4017 erigi,
2946 3947 3072 4018 quia
3123 3947 3264 4001 intus
3306 3962 3471 4016 prava

1882 4049 2183 4104 de'iberans
2213 4044 2411 4100 dormit
2437 4059 2468 4098 a
2489 4041 2948 4112 contemplatione
2969 4040 3209 4109 justitiaz,
3243 4038 3376 4093 foris
3412 4037 3474 4091 il-

1883 4143 2026 4196 licita
2074 4152 2390 4210 perpetrans
2430 4137 2484 4190 iu
2535 4135 2819 4203 iniquitate
2847 4147 2945 4202 per
2976 4141 3156 4186 actum
3188 4130 3354 4200 jacet.
3411 4128 3475 4182 Et

1883 4235 2005 4305 quia
2026 4235 2135 4303 jam
2160 4248 2281 4288 cum
2313 4230 2537 4284 fortibus
2565 4227 2633 4282 de
2653 4227 2903 4294 malignis
2929 4224 3204 4296 spiritibus
3235 4223 3474 4293 trephaea

1883 4327 2256 4397 Consequitur,
2312 4321 2603 4377 suscitatus
2655 4333 2856 4388 egenus
2908 4324 2963 4370 et
3014 4315 3477 4384 erectus'pauper

1883 4422 2007 4490 quid
2033 4427 2303 4474 mereatur
2342 4414 2584 4487 exponit,
2622 4411 2845 4466 dicens:
2889 4408 2957 4464 Ut
2985 4408 3160 4464 sedeat
3186 4423 3301 4460 cum
3329 4408 3474 4475 pritt~

206 4512 362 4565 minus
402 4513 586 4580 itaque
634 4511 786 4565 ducit.
815 4511 880 4564 ad
924 4510 1143 4576 inferos,
1192 4519 1246 4566 ct
1266 4511 1494 4574 reducit,
1539 4513 1662 4580 quia
1707 4512 1779 4565 illi
1817 4519 1864 4580 1)
1891 4511 2104 4583 cipibus,
2129 4521 2176 4562 et
2198 4509 2382 4562 saliunt
2407 4506 2587 4576 gloria:
2609 4511 2794 4558 teneat.

206 4619 406 4674 possunt
436 4609 621 4664 futura
654 4617 919 4664 tormenta
949 4618 1211 4676 metuere,
1238 4610 1309 4663 ilTi
1334 4623 1562 4679 superna
1592 4607 1779 4676 gaudia

206 4698 430 4766 diligere,
472 4699 756 4768 inquibus
799 4715 896 4769 per
923 4715 1015 4754 eas
1063 4716 1226 4754 voces
1267 4717 1400 4770 quas
1447 4701 1576 4755 foris
1623 4701 1784 4754 homo

208 4788 427 4856 loquitur
453 4790 602 4844 intus
629 4789 724 4843 Dei
755 4790 924 4858 pietas
954 4798 1230 4860 operatur.
1258 4789 1348 4844 Est
1385 4799 1564 4844 autem
1597 4791 1646 4844 in
1675 4805 1784 4860 quo

207 4895 312 4934 sese
337 4889 566 4950 quisque
593 4890 908 4951 cognoscat,
948 4883 990 4936 si
1033 4881 1144 4950 jam
1175 4883 1239 4937 ad
1265 4882 1472 4937 inferos
1496 4883 1686 4938 ductus
1733 4892 1786 4938 et

207 4972 439 5028 reductus
465 4977 556 5034 sit,
589 4974 633 5027 si
664 4975 868 5028 mundo
895 4973 1050 5039 obiit,
1073 4974 1222 5030 coalis
1249 4973 1378 5027 vivit
1402 4991 1414 5038 ;
1449 4989 1569 5028 nam
1600 4974 1644 5027 si
1671 4975 1784 5028 cle-

207 5070 313 5116 ctus
341 5073 442 5130 est,
475 5065 714 5132 prolicit.
748 5063 822 5116 De
849 5063 1038 5118 eodem
1071 5080 1198 5118 vero
1223 5062 1469 5132 profectu
1499 5062 1676 5118 subdi
1705 5081 1715 5116 :

271 5152 440 5220 (νει-ε.
475 5155 554 5225 7.)
584 5153 846 5210 Dominus
875 5172 1148 5226 pauperem
1169 5155 1296 5226 facit
1316 5165 1364 5209 et
1387 5155 1540 5209 ditat.

274 5245 352 5300 l8.
387 5247 581 5306 Szeculi
625 5249 822 5304 divites
847 5248 1046 5302 idcirco
1093 5247 1161 5302 de
1208 5247 1350 5315 larga
1391 5246 1638 5301 facultate
1681 5241 1794 5312 gle-

211 5340 421 5404 riantur,
447 5340 576 5409 quia
609 5339 722 5394 alto
734 5348 790 5394 et
810 5339 1331 5408 incomprehensibili
1349 5339 1547 5408 judicio
1570 5339 1664 5394 Dei
1693 5353 1803 5394 ccc-

213 5430 354 5486 lestia
383 5433 462 5488 cis
488 5437 638 5489 bona
667 5431 984 5488 abscondita
1017 5441 1158 5488 sunt.
1185 5433 1440 5489 Dominus
1463 5433 1642 5500 itaque
1665 5434 1796 5487 facit

217 5538 484 5593 pauperes,
516 5541 647 5594 quia
669 5525 798 5582 dum
817 5534 1018 5580 mterna
1047 5525 1236 5582 electis
1263 5525 1403 5580 bona
1436 5525 1684 5589 insinuat,
1727 5539 1792 5578 eo

1961 4604 2050 4657 21.
2083 4601 2284 4657 Sedere
2323 4600 2522 4669 quippe
2577 4595 2956 4664 triumphantis
2986 4601 3086 4649 est.
3145 4591 3294 4646 Unde
3322 4599 3377 4644 et
3427 4590 3477 4644 in

1891 4693 2212 4765 Apocalypsi
2240 4690 2460 4746 Joannis
2509 4688 2747 4743 victoria:
2779 4693 2975 4740 nostra:
3015 4683 3328 4751 dignitatem
3373 4681 3474 4733 Do-

1893 4785 2070 4839 minus
2097 4801 2130 4836 ο
2164 4781 2353 4845 tendit,
2380 4780 2563 4833 dicens
2587 4796 2608 4854 ,ε
2645 4775 2743 4840 Qui
2774 4777 2970 4838 vicerit,
3004 4774 3193 4843 faciam
3233 4787 3347 4824 eum
3389 4787 3472 4823 se-

1894 4875 2012 4930 dere
2040 4875 2092 4928 iu
2117 4875 2298 4925 throno
2323 4885 2454 4934 meo,
2475 4869 2606 4922 sicut
2628 4875 2675 4918 et
2704 4882 2796 4935 ego
2827 4865 2946 4927 vici,
2969 4871 3017 4915 et
3049 4860 3294 4920 scdicum
3327 4858 3480 4912 Patre

1893 4990 2004 5028 meo
2052 4973 2107 5024 in
2167 4971 2351 5022 throno
2396 4965 2506 5034 ejus
2536 4963 2719 5034 (Apoc.
2754 4974 2828 5023 nt,
2859 4958 2972 5025 2|).
3006 4954 3156 5020 Quod
3188 4962 3244 5006 et
3283 4953 3478 5018 Paulus

1895 5063 2128 5126 intuens,
2158 5057 2540 5116 su-citationis,
2567 5063 2727 5121 atque
2753 5049 3002 5106 sessionis
3031 5056 3227 5100 nostrai
3256 5047 3394 5100 dona
3431 5047 3478 5102 in

1897 5153 1991 5209 Dei
2023 5153 2269 5206 laudibus
2296 5163 2601 5211 numerans,
2628 5146 2701 5199 ait
2727 5163 2738 5196 :
2771 5141 3222 5197 Conresuscitarit.
3267 5149 3315 5191 et
3354 5156 3477 5194 con-

1897 5247 2071 5302 sedere
2100 5261 2191 5298 nos
2226 5243 2344 5314 fecit
2372 5241 2426 5295 in
2452 5239 2736 5294 caelestibus
2761 5237 2813 5290 in
2857 5234 3061 5289 Christo
3090 5231 3216 5287 Jesu
3261 5229 3476 5302 (Ep/tes.

1896 5355 1950 5403 ιι,
1985 5336 2064 5405 6).
2094 5336 2226 5388 Cum
2258 5350 2323 5386 eo
2353 5334 2534 5400 itaque
2567 5329 2834 5399 principes
2859 5327 3068 5391 sedent,
3098 5326 3221 5396 quia
3250 5323 3338 5392 qui
3369 5321 3478 5389 ejus

1896 5428 2098 5486 auxilio
2145 5425 2497 5492 malignorum
2535 5421 2818 5488 spirituum
2865 5421 3007 5474 vires
3056 5418 3377 5485 reprimunt,
3429 5413 3479 5464 iu

1896 5536 2084 5577 eorum
2117 5514 2388 5585 triumpho
2414 5511 2725 5582 dignitatem
2765 5509 3022 5568 sessionis
3051 5508 3249 5562 habent
3291 5502 3502 5575 quibus.

287 5759 309 5785 “
347 5751 504 5807 (ἔαξε.
542 5764 598 5806 et
631 5754 796 5808 Gilot.
831 5772 938 5824 per)
960 5765 1216 5824 clrutnqur
1243 5757 1426 5823 flagitii
1458 5756 1678 5808 autlut'itt
1710 5751 2077 5818 desiqnautur.’
