4000 6292
535 287 594 342 87
956 286 972 314 κ

1744 284 1986 341 SANCTI
2025 283 2104 335 Gll

2215 282 2346 336 Olill
2389 285 2598 339 TVM-SN!
3738 288 3808 340 88

528 423 590 462 ex
624 402 955 476 przesitleutts
977 403 1076 456 sibi
1102 403 1299 457 virtute
1326 398 1686 456 dominantur.
1731 401 1952 455 Cum'eo
1983 401 2108 451 item
2145 400 2185 456 Α
2218 396 2418 452 relictis
2470 408 2589 451 νιιερ
2639 397 2908 451 szecularis
2957 396 3335 452 blandimentis
3358 438 3372 460 ,
3411 396 3569 452 fortia
3635 409 3812 454 tenta-

529 494 796 564 principes
841 492 1046 556 sedent,
1091 491 1216 562 quia
1243 491 1343 546 etsi
1373 499 1518 545 stare
1565 505 1663 560 per
1683 506 1878 560 corpus
1925 492 1976 544 in
2019 491 2119 544 hac

527 585 648 639 vita:
671 584 899 639 labentis
926 598 1163 636 :erumna
1213 589 1528 647 cernuntur,
1577 583 1892 636 meritorum
1941 593 2115 635 tamen

528 675 711 728 sedem
764 689 884 727 cum
935 671 1298 740 ltedemptore
1338 672 1390 725 in
1439 672 1756 727 sublimibus
1801 673 2038 737 habent,
2087 687 2116 724 a

528 764 683 832 cujus
733 761 1113 818 conformitate
1156 763 1418 816 claritatis
1464 777 1564 816 nec
1619 763 1669 815 in
1722 763 1821 815 ista
1864 761 2118 815 foeditatis

528 853 669 907 valle
711 861 1050 920 separantur.
1093 850 1259 918 Egeni
1288 866 1503 920 quoque
1553 852 1714 905 rebus
1753 859 1807 906 et
1856 866 2120 921 pauperes

526 953 653 998 sunt
674 961 763 1014 qui
793 953 1014 1015 propter
1040 943 1385 1010 Evangelium
1423 959 1485 997 ea
1536 959 1654 1012 que
1685 945 1735 997 in
1783 944 1982 996 saeculo
2024 944 2118 996 ba-

533 1036 662 1090 bere
689 1041 960 1096 poterant.
1006 1045 1198 1088 cuneta
1227 1035 1476 1102 reliquert
1501 1042 1579 1087 nt.
1607 1033 1706 1099 Qui
1738 1043 1882 1088 certe
1913 1043 1970 1086 ut
1997 1050 2113 1086 eum

535 1127 866 1195 prtncipibus
895 1125 1097 1191 possint
1125 1125 1333 1191 sedere,
1365 1126 1432 1179 de
1460 1126 1680 1194 pulvere
1726 1127 1970 1179 suscitari
2024 1126 2117 1178 dr-

529 1217 678 1282 bent,
711 1226 764 1269 et
791 1216 857 1269 de
879 1225 1118 1268 stercore
1148 1216 1300 1276 erigi.
1326 1215 1461 1280 Quid
1490 1217 1630 1268 enini
1663 1216 1873 1268 favores
1903 1216 2108 1280 linguai,

523 1299 651 1376 quid
692 1317 816 1361 sunt
869 1308 916 1360 al
943 1307 1007 1360 ud
1058 1307 1349 1361 labentium
1401 1309 1717 1376 dignitatum
1768 1311 1970 1372 infulae,
2013 1311 2112 1364 nisi

524 1399 742 1469 puM-‘t
788 1399 918 1452 Nam
971 1414 1090 1452 eam
1141 1413 1302 1466 quam
1355 1399 1683 1453 blandiendo
1751 1400 2031 1454 sordidant
2082 1418 2110 1454 a

523 1489 663 1542 veris
707 1487 1078 1556 splendoribus
1127 1495 1360 1540 mentem
1391 1497 1613 1541 cmeant.
1659 1487 1722 1541 Et
1746 1489 1872 1557 quid
1916 1489 2112 1543 divit-te

449 1640 452 1642 γ
522 1587 829 1647 pereuntes,
882 1587 936 1631 et
1003 1577 1324 1638 transitoria:
1376 1577 1674 1644 facultates,
1724 1580 1821 1633 nisi
1870 1589 2110 1634 stercora

519 1675 717 1722 teterm
747 1667 1090 1734 diligentibus
1117 1669 1284 1722 sunt?
1330 1667 1582 1722 Stercora
1609 1670 1807 1739 quippe
1835 1679 1961 1724 sunt
1989 1687 2109 1740 qua:

2224 497 2399 543 menta
2454 486 2661 540 fortiter
2691 487 2943 552 toll-rant,
2993 486 3234 540 dicamus
3260 501 3276 541 :
3305 487 3488 542 Posuit
3529 505 3684 558 super
3727 507 3813 543 eos

2221 575 2412 628 orbem.
2453 573 2651 630 Orbem
2685 577 2885 645 quippe
2926 592 3088 645 super
3117 593 3213 632 eos
3260 579 3461 647 posuit,
3491 580 3603 647 qui,
3655 589 3811 633 ante-

2220 682 2378 735 quam
2410 669 2488 722 eis
2519 669 2904 737 imponeretur,
2937 671 3036 723 sub
3065 670 3140 723 eis
3169 670 3284 723 fuit.
3311 675 3442 723 Nam
3467 685 3588 723 eum
3607 685 3718 738 jam
3765 675 3810 722 in

2220 771 2383 810 onere
2413 758 2768 811 tentationum
2791 758 2992 812 habent
3020 801 3032 819 .
3065 761 3155 829 qui
3192 759 3270 813 eis
3311 759 3635 814 blandiendo
3667 761 3814 814 Velut

2220 847 2497 914 subjectus
2527 849 2816 913 serviebat,
2845 866 2965 903 cum
2997 851 3048 903 iu
3081 866 3146 904 eo
3177 850 3398 905 delicias
3426 860 3481 904 et.
3508 851 3813 920 voluptates

2219 952 2363 1005 sequ:
2385 939 2492 991 udo
2527 939 2923 993 recutnberent.
2948 937 3014 992 Et
3042 940 3168 1008 quia
3195 954 3413 1007 magnas
3442 955 3510 994 ex
3540 956 3607 994 eo
3637 949 3812 995 tenta-

2220 1032 2394 1084 tiones
2435 1032 2651 1095 habent,
2683 1030 2773 1099 qui
2820 1045 3015 1100 magna
3064 1031 3115 1085 in
3145 1031 3237 1085 illo
3277 1032 3675 1088 oblectamenta
3720 1033 3811 1087 ha-

2217 1122 2469 1183 buerunt,
2503 1122 2812 1190 adjuugilur
2845 1141 2858 1175 :

2289 1214 2464 1279 (Vers.
2495 1212 2572 1283 9.)
2605 1213 2770 1268 Pedes
2790 1224 3086 1269 sanctorum
3114 1233 3321 1270 suorum
3351 1217 3595 1270 servabit.

2284 1304 2372 1355 ‘35.
2407 1302 2611 1368 Quibus
2655 1305 2895 1372 profecto
2939 1305 3114 1358 verbis
3153 1305 3233 1358 sic
3288 1305 3550 1358 auxilium
3613 1306 3816 1360 divina:

2216 1394 2571 1460 protectionis
2596 1391 3107 1463 propitiatid’uisque
3132 1395 3452 1458 ostenditur,
3489 1402 3546 1448 ut
3573 1396 3814 1464 pericula

2215 1485 2568 1538 tentationuai
2599 1485 2781 1552 gravia
2805 1484 3176 1551 designentur.
3209 1485 3373 1550 Quasi
3405 1486 3605 1539 ctenim
3638 1486 3808 1539 dicat:

2215 1572 2347 1627 Tam
2395 1573 2617 1641 grandia
2660 1573 2727 1628 de
2773 1589 2838 1627 eo
2869 1574 2954 1627 cui
3007 1574 3340 1628 adlueserant
3388 1576 3586 1630 saeculo
3635 1583 3809 1630 tenta-
3877 1600 3885 1605 η

2214 1672 2394 1718 menta
2443 1664 2730 1728 sustinent,
2764 1672 2823 1716 ut
2848 1663 2996 1717 solus
3035 1663 3100 1716 ad
3131 1663 3495 1732 adjuvandum
3530 1664 3617 1717 ille
3663 1664 3812 1718 suni-

521 1767 718 1812 sanotte
750 1759 941 1811 animae
974 1759 1024 1811 in
1056 1765 1369 1825 contemptu
1402 1758 1717 1814 humilitatis
1749 1761 1970 1827 habent,
2002 1779 2106 1815 non
2145 1755 2188 1812 B
2220 1756 2328 1809 ciat
2357 1755 2448 1822 qui
2477 1755 2667 1808 deesse
2699 1755 2946 1808 ﬁdelibus
2974 1755 3086 1809 suis
3116 1755 3168 1808 in
3201 1755 3550 1808 tribulatione
3577 1771 3686 1809 non
3719 1770 3805 1823 po-

522 1852 575 1904 iu
607 1851 847 1919 appetitu
882 1849 1152 1904 desiderii.
1189 1848 1345 1903 Unde
1373 1858 1429 1905 et
1449 1850 1704 1906 Salomon
1737 1853 1786 1904 in
1816 1854 2106 1907 anissione

521 1944 782 1997 honorum
831 1943 1205 2011 temporalium
1242 1945 1614 1998 contristatum
1663 1945 1842 1998 saeculi
1885 1945 2105 1998 divitem

520 2037 748 2098 intuens,
782 2035 893 2089 ait:
929 2035 1002 2087 De
1021 2045 1244 2089 stercore
1293 2035 1444 2089 boum
1483 2036 1796 2104 lapidandus
1839 2048 1916 2091 est
1964 2041 2108 2108 p—igrr

521 2125 708 2190 (Ereti.
746 2142 871 2187 xxii,
895 2124 970 2191 9).
1005 2124 1164 2191 Quasi
1193 2125 1374 2178 dicat:
1429 2125 1506 2179 De
1534 2140 1598 2179 eo
1636 2127 1860 2180 verbera
1906 2128 2107 2180 doloris

525 2216 773 2280 sustinet,
805 2215 948 2285 quod
979 2215 1024 2269 is
1053 2216 1146 2285 qui
1177 2231 1274 2284 pro
1296 2224 1496 2269 aeterna
1527 2218 1632 2269 vita
1662 2217 1906 2272 laborare
1944 2234 2106 2284 aopo-

527 2307 591 2358 tit
616 2306 760 2360 velut
786 2315 848 2361 st.
870 2321 1026 2358 rcora
1047 2305 1361 2360 contemnit.
1387 2304 1524 2361 Hinc
1551 2305 1746 2360 Paulus
1769 2308 1841 2360 ait
1869 2327 1879 2359 :
1917 2309 2104 2362 Omnia

519 2399 883 2452 detrimentum
922 2400 1021 2468 feci
1055 2408 1104 2450 et
1152 2398 1376 2452 arbitror
1402 2408 1458 2451 ut
1484 2408 1732 2462 stercora,
1766 2408 1818 2452 ut
1848 2399 2105 2454 Christum

519 2489 866 2557 tucrifaciam.
909 2487 981 2541 De
1012 2487 1230 2556 pulvere
1260 2489 1440 2556 itaque
1470 2503 1672 2556 egenus
1701 2491 2009 2555 suscitatur,
2052 2501 2107 2545 et

518 2578 587 2633 de
622 2587 863 2633 stercore
908 2593 1108 2645 pauper
1135 2578 1376 2645 erigitur,
1406 2595 1526 2633 cuni
1557 2595 1729 2646 mens,
1787 2582 1982 2636 saeculo
2011 2583 2104 2637 al)-

517 2668 850 2728 renuntiaos,
886 2666 1146 2736 quitquid
1168 2667 1266 2720 sibi
1301 2668 1511 2736 placere
1539 2669 1748 2724 solebat
1775 2671 1882 2741 63
1912 2671 1977 2726 de
2005 2671 2106 2726 lin-

517 2771 634 2825 gnte
663 2757 909 2811 humanm
940 2756 1229 2817 favoribus.
1263 2756 1328 2810 de
1356 2755 1563 2812 hono‘re
1585 2759 1726 2826 digni
1756 2770 1923 2824 atum,
1957 2769 2011 2814 et
2042 2762 2106 2815 de

516 2849 841 2903 abundantia
887 2863 1086 2911 rerum,
1119 2849 1310 2912 calcat,
1343 2849 1469 2903 dum
1521 2851 1590 2904 ad
1633 2852 1745 2905 sola
1775 2863 1974 2907 (eterna
2019 2869 2106 2908 re-

515 2941 696 3008 spicit,
727 2957 846 3010 quze
870 2941 981 2996 sola
1015 2941 1268 2996 ardenter
1296 2950 1460 2994 amat.
1493 2941 1552 2996 Ei
1575 2958 1806 3011 namque
1834 2945 2101 3012 suscitari,

516 3041 569 3087 et
598 3034 750 3100 erigi,
783 3041 865 3088 est
889 3049 950 3088 ea
987 3049 1108 3104 qua:
1155 3049 1384 3104 corpore
1409 3034 1738 3106 derelinqnit
1784 3039 1977 3093 mentis
2014 3056 2104 3094 su-

2215 1854 2336 1900 test.
2370 1845 2540 1899 Pe-les
2569 1860 2797 1914 namque
2823 1853 3130 1900 sanctorum
3173 1861 3394 1900 suorum
3425 1861 3678 1912 servare,
3725 1854 3810 1900 est

2212 1952 2503 1993 concussos
2534 1937 2586 1990 in
2619 1937 2914 1990 tentatione
2943 1934 3166 1990 aﬂ‘ectus
3195 1935 3490 1990 electorum
3517 1977 3535 2003 ,
3566 1951 3634 1989 nc
3684 1951 3811 1989 cors

2212 2039 2392 2094 ruant,
2422 2047 2518 2100 per
2545 2032 2769 2102 gratiam
2794 2032 3074 2087 roborare.
3128 2029 3279 2086 Unde
3306 2039 3360 2084 et
3411 2031 3500 2100 qui
3526 2031 3591 2084 al
3621 2046 3812 2085 casum

2214 2130 2515 2187 nutaverat,
2571 2129 2626 2174 et
2678 2130 2856 2175 tamen
2907 2137 2938 2174 a
2985 2119 3215 2175 Domino
3263 2130 3615 2175 Conservatus
3645 2130 3806 2185 erat,

2211 2217 2472 2286 propheta
2520 2216 2697 2270 dixit:
2739 2215 2847 2269 Mei
2893 2226 3064 2268 autem
3115 2231 3242 2280 pene
3287 2215 3413 2268 moti
3453 2225 3573 2268 sunt
3623 2214 3804 2281 pedes,

2211 2305 2495 2374 peneeﬁ'usi
2511 2313 2629 2358 sunt
2641 2322 2841 2375 gressus
2857 2308 2954 2359 mei
2970 2305 3138 2376 (Psal.
3157 2319 3322 2368 Lxxti,
3338 2304 3412 2370 ἓ).
3441 2305 3807 2360 lliuciteruin:

2213 2394 2403 2450 Pulsus
2433 2412 2575 2458 sum;
2605 2406 2652 2449 et
2682 2413 2884 2450 eversus
2931 2414 3048 2450 sum
3079 2408 3135 2450 ut
3183 2397 3438 2461 caderem,
3463 2405 3511 2448 et
3549 2393 3806 2448 Dominus

2210 2487 2429 2556 suscepit
2450 2504 2546 2540 me.
2581 2485 2857 2541 Fortitudo
2882 2505 3016 2555 mea,
3045 2497 3094 2541 et
3120 2488 3353 2541 laudatio
3380 2503 3491 2540 mea
3525 2485 3802 2548 Dominus,

2209 2587 2258 2630 et
2278 2579 2442 2647 factus
2474 2587 2550 2632 est
2574 2578 2698 2631 milii
2726 2579 2779 2632 in
2804 2579 3021 2633 salutem
3056 2578 3225 2649 (Psal.
3260 2594 3360 2633 cxv
3383 2595 3420 2642 t,
3455 2577 3537 2641 15,
3580 2577 3687 2646 ιι).
3738 2576 3804 2631 Et

2211 2665 2277 2720 de
2307 2667 2538 2720 hostium
2570 2664 2880 2720 inﬁrmitate
2909 2667 3200 2735 subjuzixit,
3231 2667 3416 2721 dicens
3443 2685 3456 2718 :

2284 2759 2459 2827 (Vers.
2491 2759 2566 2824 9.)
2599 2759 2668 2812 Et
2689 2759 2832 2829 impii
2861 2761 2914 2814 in
2938 2760 3154 2813 tenebris
3187 2761 3545 2814 conticescent.

2280 2851 2368 2906 ﬁt.
2422 2851 2556 2918 Quid
2597 2861 2680 2906 est
2706 2862 2884 2906 autem
2914 2851 3057 2920 quod
3087 2866 3210 2905 cum
3242 2865 3458 2904 servare
3487 2858 3803 2904 sanctorum

2210 2945 2374 3012 pedes
2404 2944 2661 2998 Dominus
2700 2944 2910 3009 dcitur,
2943 2943 3216 2996 silentium
3247 2949 3576 2995 memoratur
3602 2940 3800 3008 impio-

2217 3049 2356 3097 rum,
2391 3033 2490 3087 nisi
2520 3034 2642 3102 quia
2675 3034 2738 3086 ad
2768 3032 2976 3102 peccati
2999 3032 3203 3102 lapsum
3233 3044 3569 3099 nequaquam
3612 3028 3806 3097 impel-

512 3123 773 3179 blimime
812 3125 1111 3194 ἀθςρῖοει-ε,
1160 3124 1228 3178 Et
1270 3140 1392 3179 cum
1439 3126 1767 3195 principibus
1816 3129 1868 3182 ei
1909 3130 2096 3185 sedere
2126 3133 2170 3192 ρ
2204 3125 2380 3187 lituur,
2415 3125 2514 3179 nisi
2539 3140 2661 3179 cum
2686 3138 2936 3195 perversa
2962 3123 3118 3178 nobis
3138 3122 3489 3190 malignorum
3518 3120 3807 3189 spirituum

516 3224 616 3278 est,
667 3231 911 3284 stupente
961 3218 1147 3284 patrize
1195 3217 1401 3270 civibus
1443 3233 1538 3286 per
1583 3220 1834 3287 gaudium
1883 3231 2096 3276 internae

516 3307 708 3373 quietis
739 3307 1019 3380 interesse.
1051 3305 1150 3371 Qui
1178 3317 1325 3361 certe
1347 3316 1473 3362 tunc
1502 3310 1684 3374 gloria:
1712 3311 1904 3380 solium
1930 3321 2094 3378 tenet,

515 3398 638 3464 quia
685 3397 776 3464 qui
816 3404 922 3449 tam
972 3375 1273 3451 siiblimiter
1321 3397 1570 3464 prmsidet
1600 3413 1628 3451 a
1674 3375 1972 3455 conditoris
2016 3375 2096 3455 sui

517 3485 764 3540 laudibus
796 3501 1067 3554 nunquam
1100 3488 1242 3541 silet.
1269 3486 1420 3540 lianc
1451 3504 1679 3557 namque
1701 3490 1883 3557 gloria:
1917 3492 2097 3547 5"de:l'l

517 3574 797 3630 Psaltnista
850 3577 1120 3631 admirans
1152 3578 1376 3632 Domino
1407 3578 1664 3646 loquitur,
1697 3580 1880 3634 dicens
1911 3599 1920 3633 :
1957 3582 2099 3636 Beati

514 3670 601 3740 ᾳ·ιὶ
627 3669 862 3723 habitant
889 3671 941 3723 in
969 3671 1122 3724 domo
1151 3679 1259 3732 tua,
1295 3671 1533 3733 Domine,
1566 3674 1617 3725 in
1651 3674 1841 3726 sa’cula
1887 3677 2100 3729 strculo-

515 3777 627 3812 rum
668 3759 954 3814 laudabunt
1002 3769 1051 3814 te
1087 3761 1259 3826 (Psul.
1309 3779 1531 3823 LXXXlll,
1585 3762 1659 3826 5).
1719 3764 1865 3819 Hanc
1917 3767 2098 3820 srdem

513 3852 696 3916 glori-.13
743 3851 905 3907 Isaias
953 3852 1224 3922 prmrlieat.
1252 3853 1478 3908 dice-..s:
1521 3852 1778 3908 Gaudium
1826 3866 1875 3910 et
1919 3858 2101 3910 lwtitia

513 3946 796 3999 invenietur
821 3947 874 4000 in
905 3963 984 4005 ea.
1033 3947 1318 4017 gratiarum
1347 3948 1502 4010 actio,
1549 3958 1597 4001 et
1625 3965 1721 4002 vos:
1764 3951 1934 4004 laudis
1961 3951 2096 4023 (Isa.

514 4053 585 4100 LI,
618 4036 695 4104 7)).
731 4036 879 4090 Hanc
929 4037 1057 4090 item
1086 4046 1303 4091 sanctus
1332 4037 1528 4092 Tobias
1555 4041 1865 4108 ostendens,
1895 4044 1969 4096 ait
1995 4063 2006 4096 :
2033 4043 2104 4098 Et

516 4127 656 4180 omni
683 4126 854 4196 lapide
880 4130 1103 4196 pretioso
1137 4136 1185 4181 et
1216 4127 1405 4181 mundo
1427 4127 1612 4196 platea:
1640 4129 1750 4198 ejus
1787 4141 2098 4200 sternentur,

512 4227 561 4270 et
591 4235 677 4283 per
701 4233 874 4271 omnes
920 4233 1055 4270 vicos
1085 4227 1196 4287 ejus
1216 4217 1437 4270 Alleluia
1461 4217 1754 4271 cantabitur
1785 4220 1936 4289 (Tob.
1988 4241 2097 4288 xm,

512 4303 627 4368 22!).
659 4300 766 4357 Sed
791 4316 854 4356 ea
877 4317 995 4371 quze
1032 4311 1330 4370 sequuntur
1357 4311 1574 4369 ereptus
1594 4317 1801 4369 pauper
1856 4308 2101 4374 aspiciat,

514 4391 639 4459 quia
667 4392 732 4444 ad
761 4391 1062 4460 principum
1093 4392 1408 4455 sessionem,
1439 4391 1502 4444 ad
1533 4391 1718 4458 gloriae
1759 4395 1953 4450 solium
1994 4414 2100 4452 non

513 4484 692 4538 statim
719 4492 773 4538 ut
804 4483 966 4537 furr.t
994 4492 1208 4537 erectus
1237 4483 1517 4536 adducitur
1541 4499 1552 4535 :

587 4596 758 4666 (νέοι-ε.
795 4595 872 4660 8.)
904 4593 1136 4658 Domini,
1185 4595 1377 4664 inquit,
1418 4608 1534 4650 sunt
1565 4598 1801 4650 cardines
1856 4607 2029 4668 terra',
2059 4610 2106 4654 et

512 4689 678 4759 posuit
705 4705 858 4755 super
880 4704 966 4742 eos
995 4685 1186 4742 orbem.

587 4779 677 4832 2'2.
710 4778 844 4845 Quia
877 4788 1034 4832 terrae
1083 4779 1301 4833 nomine
1347 4788 1662 4848 peccatores
1693 4781 1746 4835 in
1792 4797 1950 4837 sacro
1994 4785 2105 4839 elo-

511 4868 638 4933 quio
685 4866 1050 4936 designantur,
1100 4869 1348 4923 cardines
1397 4877 1554 4924 terra:
1584 4870 1638 4924 hi
1684 4873 1855 4942 accipi
1903 4889 2104 4930 conve-

513 4958 722 5010 nienter
761 4967 987 5025 possunt
1017 4960 1068 5011 in
1116 4959 1311 5025 quibus
1360 4974 1458 5028 per
1488 4959 1667 5028 inepta
1707 4944 1969 5018 desideria
1997 4982 2096 5019 sae-

511 5048 690 5102 culum
718 5047 928 5111 circuit,
958 5056 1014 5102 et
1041 5049 1106 5103 de
1136 5049 1242 5103 alio
1271 5049 1335 5103 ad
1366 5050 1530 5103 alium
1557 5051 1722 5105 ducit.
1753 5050 1886 5107 Cum
1930 5055 2092 5123 igitur

512 5151 805 5192 conversos
835 5145 1148 5205 peccatores
1175 5138 1484 5207 aspicimus,
1515 5139 1566 5193 in
1589 5139 1800 5194 laudem
1823 5141 2094 5199 ϐτεθιοιηε

514 5226 598 5279 his
624 5226 791 5279 Annae
819 5225 994 5280 verbis
1018 5240 1383 5298 erumpamus.
1407 5227 1570 5295 Quasi
1599 5231 1743 5284 enim
1771 5231 1891 5286 aliis
1917 5234 2095 5288 verbis

513 5313 639 5371 tunc
667 5315 921 5371 d.cimus:
952 5313 1069 5370 1am
1089 5316 1296 5372 Domini
1328 5334 1445 5374 esse
1471 5334 1568 5387 per
1592 5319 1708 5389 ejus
1734 5321 1958 5388 gratiam
1985 5338 2095 5378 ca:-

513 5417 737 5476 perunt,
785 5407 878 5477 qui
926 5407 1016 5461 diu
1071 5409 1124 5462 in
1171 5418 1288 5463 rota
1336 5424 1514 5464 rerum
1559 5413 1949 5468 transeuntium
1999 5431 2095 5483 per

513 5497 696 5551 mundi
719 5497 1208 5566 concupiscentiam
1251 5499 1383 5554 tenti
1410 5510 1556 5554 sunt.
1589 5497 1828 5567 Etcum,
1854 5502 1966 5570 jam
1995 5504 2091 5560 de-

2204 3223 2530 3270 tentameata
2554 3216 2936 3283 suggeruntur?
2956 3213 3089 3268 Cum
3119 3228 3248 3282 ergo
3273 3217 3436 3282 pedes
3455 3228 3550 3266 nos
3576 3227 3668 3266 ros
3699 3211 3808 3263 Do-

2201 3309 2376 3362 minus
2419 3315 2617 3368 servat,
2668 3307 2986 3360 intenebris
3032 3314 3214 3360 licent
3262 3305 3432 3374 impii,
3489 3304 3614 3373 quia
3671 3303 3800 3356 dum

2201 3395 2368 3465 gratia
2399 3395 2578 3449 divina
2609 3395 2962 3464 protegimur,
2986 3410 3172 3449 vocem
3202 3410 3305 3463 qua
3337 3410 3434 3447 nos
3457 3395 3804 3464 praecipitent

2202 3488 2332 3540 dare
2364 3487 2515 3539 nobis
2540 3486 2806 3540 immundi
2837 3487 3054 3555 spiritus
3096 3500 3433 3553 nequaquam
3465 3492 3711 3554 possunt.
3744 3483 3801 3536 In

2204 3577 2441 3631 t-~uebris
2465 3577 2664 3645 quippe
2695 3583 2875 3630 tacent
2899 3618 2914 3641 ,
2953 3575 3078 3646 quia
3106 3575 3396 3643 caliginosa
3439 3575 3796 3644 reproborum

2203 3669 2367 3722 corda
2396 3669 2690 3738 possident,
2724 3686 2751 3722 a
2778 3684 3009 3737 quorum
3036 3669 3148 3739 64
3176 3668 3242 3723 ad
3275 3684 3371 3722 nos
3400 3669 3648 3738 progredi
3691 3669 3793 3722 ob-

2203 3761 2400 3814 scurita
2413 3771 2460 3812 te
2485 3774 2591 3814 non
2622 3761 2838 3814 audent.
2865 3758 3045 3825 Quare
3074 3767 3252 3815 autem
3281 3767 3598 3814 sanctorum
3626 3759 3798 3829 pedes

2204 3859 2384 3904 servet
2413 3850 2652 3919 exponit,
2684 3849 2870 3905 dicens
2897 3868 2909 3903 :

2278 3963 2452 4033 (Vers.
2488 3962 2566 4031 9.)
2599 3961 2736 4026 Quia
2774 3979 2877 4017 non
2903 3965 2954 4017 in
2986 3965 3286 4034 fortitudine
3330 3981 3425 4019 sua
3471 3963 3800 4019 robor-obitur

2205 4055 2297 4106 vir.

2275 4140 2362 4195 25.
2391 4141 2553 4208 Quasi
2583 4141 2730 4196 dicat
2757 4161 2766 4192 :
2797 4142 2998 4198 Idcirco
3032 4153 3200 4211 tetet,
3226 4144 3350 4215 quia
3374 4145 3490 4200 sine
3512 4145 3630 4214 ipso
3653 4154 3801 4198 stare

2206 4248 2312 4288 non
2340 4247 2437 4300 pos
2458 4244 2578 4297 .ent.
2611 4233 2742 4286 Nam
2769 4235 2866 4289 e'si
2898 4236 2980 4288 vir
3006 4237 3215 4289 virtutis
3243 4238 3573 4305 agnoscitur,
3609 4237 3661 4290 in
3697 4236 3802 4289 for-

2209 4327 2432 4380 titudine
2478 4341 2572 4380 sua
2618 4328 2864 4380 timorem
2896 4328 3074 4395 lapsus
3103 4329 3293 4393 habet,
3324 4337 3523 4382 statum
3557 4339 3580 4365 α
3629 4330 3800 4383 robur

2210 4433 2317 4471 non
2344 4417 2545 4482 habet,
2588 4425 2638 4472 et
2687 4419 2845 4473 toties
2886 4419 3068 4473 illicita
3105 4420 3535 4489 concupiscendo
3575 4420 3797 4486 labitur,

2137 4505 2182 4560 D
2209 4509 2420 4575 quoties
2448 4509 2657 4563 interna
2683 4509 2798 4576 ejus
2828 4509 3049 4577 vestigia
3074 4526 3103 4562 a
3134 4510 3358 4565 Domino
3389 4520 3608 4565 tenente
3638 4511 3798 4565 dese-

2212 4607 2422 4652 runtur.
2473 4599 2551 4652 An
2595 4614 2723 4653 vero
2754 4615 2858 4654 non
2897 4600 2977 4653 vir
3017 4608 3135 4654 erat
3172 4603 3256 4655 cui
3297 4601 3348 4654 in
3387 4601 3797 4670 juvencularunt

2208 4691 2376 4746 choro
2403 4689 2720 4744 cantabatur
2751 4707 2763 4741 :
2799 4691 2930 4743 Saul
2947 4692 3193 4760 percussit
3214 4693 3373 4756 mitte,
3413 4700 3468 4746 et
3508 4691 3676 4745 David
3707 4692 3798 4746 de-

2207 4796 2316 4833 cem
2353 4780 2518 4832 millia
2548 4777 2598 4849 (l
2625 4778 2759 4849 Reg.
2794 4796 2942 4847 xvnt,
2976 4779 3074 4848 7)?
3107 4782 3205 4846 Qui
3256 4783 3504 4836 nimirum
3559 4799 3678 4838 cuiu
3715 4785 3797 4838 in-

2207 4877 2290 4922 ter
2313 4883 2478 4923 oni-ra
2522 4868 2820 4922 fortitudini
2846 4883 2955 4923 suae
2986 4870 3331 4938 relinquitur,
3366 4872 3416 4925 in
3462 4875 3640 4927 carnis
3683 4890 3796 4929 suae

2203 4961 2412 5028 culpam
2458 4959 2718 5028 impulsus
2763 4961 2996 5022 corruit,
3035 4969 3196 5028 atque
3239 4962 3290 5014 iu
3320 4979 3380 5017 se
3408 4971 3664 5030 expertus
3709 4981 3742 5017 c
3778 4974 3796 5017 ι

2198 5053 2321 5119 quia
2351 5051 2431 5104 vir
2457 5051 2508 5104 in
2531 5065 2590 5104 se
2617 5067 2724 5104 non
2757 5051 2950 5104 habeat
2978 5059 3175 5104 statum
3206 5054 3429 5119 roboris,
3455 5055 3549 5108 sed
3579 5055 3790 5124 lapsum

2201 5141 2544 5195 inﬁrmitatis.
2580 5139 2732 5196 Unde
2761 5151 2816 5195 et
2845 5143 3008 5196 relabi
3038 5156 3299 5209 metuens,
3327 5160 3448 5199 eum
3481 5161 3510 5198 a
3557 5161 3666 5215 quo
3711 5158 3786 5200 te-

2201 5231 2315 5284 neri
2339 5229 2406 5283 ad
2434 5239 2632 5284 statum
2672 5231 2865 5285 debeat
2893 5233 3159 5300 exposcit,
3191 5233 3375 5288 dicens
3406 5253 3419 5287 :
3446 5233 3570 5288 Non
3596 5253 3679 5290 me
3697 5239 3794 5289 dc-

2197 5323 2456 5393 relinquas
2495 5339 2850 5393 usquequaque
2893 5322 3063 5393 (Psal.
3097 5340 3278 5389 cxvnt,
3312 5326 3388 5396 8).
3438 5326 3607 5381 Nmo
3656 5342 3788 5396 ergo

2199 5428 2257 5469 se
2284 5411 2450 5478 fallat,
2493 5414 2644 5482 quasi
2677 5414 2727 5466 in
2757 5429 2816 5468 se
2838 5416 3000 5469 robur
3019 5416 3195 5470 standi
3226 5419 3482 5486 inveniat,
3510 5421 3635 5488 quia
3679 5422 3784 5474 etsi

2200 5518 2392 5572 magna
2419 5517 2560 5572 stupe
2581 5503 2912 5557 occultorum
2945 5507 3174 5560 hostium
3207 5509 3344 5562 bella
3375 5526 3706 5579 superamus,
3739 5511 3785 5565 si

588 5704 615 5731 ³
641 5692 800 5751 Forte
828 5696 1106 5766 legendum
1136 5705 1323 5754 statum
1352 5695 1569 5762 roboris,
1605 5704 1662 5752 ut
1699 5697 1857 5770 pullo
1885 5697 2021 5756 intra
2048 5717 2062 5754 :
2091 5718 2192 5759 non
2222 5701 2406 5754 habent
2428 5710 2612 5755 statum
2659 5701 2876 5767 roboris,
2911 5703 3000 5756 sed
3034 5705 3231 5773 lapsum
3262 5709 3600 5777 inﬁrmitatis.
