4000 6298
185 306 251 361 99
1031 294 1095 352 IN
1137 291 1405 348 PRlMUM
1445 287 1679 345 REGE.“
1726 286 2234 343 EXFOSITlONES.
2278 315 2346 325 —
2388 285 2512 340 ΗΒ.
2559 284 2617 339 ll.
3390 287 3461 345 99

183 416 343 483 digne
373 428 468 468 eos
490 412 543 466 in
590 409 704 464 suis
724 404 1059 463 suasionibus
1086 402 1425 471 reprobando
1454 399 1599 454 velut
1620 400 1670 451 in
1696 397 1776 451 fn-
1813 411 1848 457 ,λ

188 521 308 573 gain
329 517 520 557 versos
551 498 898 567 insequimur,
924 510 1031 549 non
1060 509 1160 549 nos
1190 501 1314 547 tunc
1335 491 1502 561 refugi
1531 490 1772 559 spititn2,

186 594 286 648 sed
331 608 455 647 eum
484 606 649 659 quem
693 589 745 642 in
784 587 936 640 nobis
963 584 1229 652 aspiciunt
1248 588 1631 650 expavescunt.
1678 579 1774 634 Vel

187 693 344 739 certe
370 684 414 739 si
447 698 548 736 nos
576 681 741 736 etiam
790 679 1009 743 timent,
1040 675 1242 729 idcirco
1283 673 1526 742 proiecto
1566 672 1775 737 timent,

187 775 319 842 quia
350 775 403 828 in
426 773 623 827 divina:
648 770 832 839 gratia:
860 768 1024 823 robur
1067 773 1371 836 assumptos
1398 763 1599 841 vident.
1643 761 1781 832 Apte

185 878 323 931 ergo
348 861 689 931 subiungitur
712 876 726 911 :

263 972 444 1043 (γεγε.
480 972 593 1039 10.)
622 968 898 1023 Dominum
926 965 1282 1039 formidabant
1317 963 1599 1021 adversarii
1644 962 1774 1033 ejus,

184 1077 238 1119 et
267 1081 426 1133 super
447 1064 590 1131 ipsos
619 1064 674 1115 in
700 1062 838 1116 ralis
865 1057 1078 1114 tonabit.

260 1152 355 1205 26.
384 1151 517 1206 (Σαξιὶ
546 1165 777 1218 namque
815 1156 941 1203 tunc
967 1162 1169 1213 sumus,
1200 1153 1322 1202 cum’
1363 1146 1416 1200 in
1446 1145 1776 1199 altitudinem

185 1242 386 1295 divina:
412 1242 599 1309 gratim
627 1238 959 1311 praesidentis
990 1237 1143 1295 nobis
1190 1237 1551 1293 sublevantur.
1583 1233 1646 1286 Et
1690 1244 1776 1288 to-

187 1337 371 1389 nitrua
401 1343 590 1389 contra
617 1334 733 1398 ejus
748 1329 1084 1387 adversarios
1119 1328 1393 1391 habemus,
1424 1342 1543 1381 cum
1589 1326 1778 1381 validis

185 1435 502 1481 sanctorum
547 1423 937 1479 desideriorum
986 1408 1213 1476 vocibus
1243 1435 1403 1475 omne
1429 1418 1572 1488 quod
1624 1414 1778 1471 nobis

185 1517 259 1570 de
314 1531 499 1571 eorum
556 1515 902 1583 suggestione
954 1512 1123 1583 spirat
1178 1510 1445 1565 (abdimus.
1510 1506 1776 1576 Quidquid

184 1606 337 1659 enim
389 1607 682 1659 tonitruum
714 1604 852 1666 ferit,
903 1599 1175 1656 interﬁcit.
1213 1600 1468 1655 Tonitsua
1496 1598 1629 1666 ergo
1667 1613 1774 1655 coc-

188 1695 368 1749 lorum
397 1702 524 1750 sunt
550 1694 786 1764 perlecta
816 1692 1079 1748 desideria
1110 1694 1425 1746 e‘ectorum.
1453 1689 1584 1744 Nam
1625 1689 1774 1749 velut

1955 397 2127 464 (ch's.
2170 398 2370 466 ll.)Et
2409 398 2534 450 abiit
2578 397 2814 451 Ilelcana
2863 398 2913 450 in
2949 395 3231 469 Ramatha,
3280 402 3336 457 in
3365 402 3461 459 do-

1881 503 2019 539 mum
2048 504 2213 541 suam.

1952 598 2000 652 l.
2024 598 2192 664 Quem
2223 599 2463 668 profecto
2495 601 2687 662 virum,
2732 600 2953 655 humani
2978 600 3191 669 generis
3225 601 3455 658 Redem-

1880 698 2124 760 ptorem;
2169 692 2378 743 Annam
2421 706 2549 745 vero
2598 690 2911 758 eoi-jugetn,
2967 690 3087 759 ejus
3127 690 3456 759 Ecclesium;

1881 797 2102 850 puerum
2158 780 2482 844 Saniuclcm,
2539 781 2873 835 credentium
2905 781 3240 847 degentibus
3286 800 3459 852 popu-

1790 926 1793 927 ν
1876 870 2019 936 lum;
2054 870 2556 939 Ramatltaquoque
2587 871 2878 936 civitatem,
2928 870 3199 925 cmlestem
3232 874 3458 942 patriam

1879 961 2166 1029 designare
2195 962 2544 1015 ostendimus.
2576 961 2712 1026 Quid
2741 976 2869 1029 ergo
2893 971 2978 1017 est
3004 963 3150 1031 quod
3178 972 3299 1033 post
3326 980 3458 1020 con-

1873 1051 2016 1119 jugis
2043 1052 2315 1105 canticum
2344 1050 2541 1107 abiisse
2570 1052 2621 1104 in
2654 1050 2975 1105 Ramatham
3005 1053 3278 1109 civitatem
3307 1070 3457 1110 suam

1879 1137 2111 1193 Helcana
2141 1137 2365 1203 dicitur,
2414 1153 2535 1192 cum
2565 1147 2687 1208 post
2718 1146 2899 1193 natum
2933 1156 3153 1209 puerum
3185 1142 3296 1197 Deo
3325 1158 3456 1197 can-

1879 1230 2044 1282 ticum
2074 1229 2228 1282 Anna
2257 1228 2473 1292 dixerit,
2504 1239 2667 1297 atque
2696 1238 2822 1283 ante
2846 1230 2909 1283 ad
2932 1231 3099 1286 coalos
3128 1230 3458 1302 Redemptor

1879 1319 2199 1382 ascenderit,
2246 1333 2404 1389 quam
2435 1320 2686 1387 gentilem
2727 1320 2983 1390 pupulum
3012 1304 3197 1376 sancta
3225 1320 3457 1378 Ecclesia

1878 1411 1931 1463 in
1959 1410 2062 1463 ﬁde
2101 1410 2414 1478 genuisset?
2452 1410 2604 1476 Quod
2631 1410 2875 1480 profecto
2904 1411 2970 1465 ab
3009 1413 3088 1466 eis
3123 1412 3458 1468 solummodo

1878 1500 2136 1570 quaetitur
2165 1500 2253 1568 qui
2284 1508 2488 1554 tantum
2520 1501 2729 1555 Domini
2759 1502 2928 1555 nostri
2956 1504 3291 1563 corporalem
3321 1518 3457 1573 pra:-

1877 1589 2105 1642 sentiam
2147 1591 2286 1644 scire
2336 1598 2646 1645 noscuntur.
2691 1591 2934 1659 Nunquid
2973 1594 3117 1647 enim
3169 1602 3295 1648 tunc
3350 1610 3455 1647 non

1881 1692 2002 1732 eum
2031 1693 2212 1732 secum
2251 1678 2447 1733 Pau'ns
2474 1680 2708 1733 habebat
2735 1680 2825 1748 qui
2858 1680 2921 1733 ad
2954 1680 3163 1735 Patrem
3195 1682 3456 1736 ascende-

186 1797 216 1837 α
241 1784 509 1838 caelorum
548 1758 830 1836 altitujine
859 1782 1171 1836 terribiliter
1198 1780 1439 1835 sonando
1482 1779 1767 1848 prodeunt,
1804 1758 1850 1816 Β
1878 1778 1978 1835 rat,
2030 1783 2150 1822 cum
2199 1769 2411 1823 dicebat
2461 1769 2581 1823 :An
2618 1769 3019 1836 experimentum
3065 1772 3295 1841 quwritis
3340 1771 3454 1840 ejus

184 1889 311 1930 cum
332 1874 403 1928 ab
425 1890 492 1929 eo
518 1872 719 1927 mentis
745 1872 977 1927 culmine
1008 1859 1269 1942 malignos
1294 1871 1517 1941 spiritus
1555 1867 1769 1934 feriunt,

185 1965 275 2021 cui
305 1967 650 2034 omnipotens
690 1964 829 2018 Deus
857 1962 934 2018 sic
963 1963 1233 2032 praesidet,
1265 1972 1323 2016 ut
1371 1975 1555 2014 amore
1585 1959 1772 2028 [ηαξέί-

184 2053 367 2110 dcntis
394 2054 551 2110 facile
585 2061 803 2124 superet
827 2069 989 2109 omne
1034 2054 1176 2123 quod
1201 2053 1266 2107 ad
1297 2065 1527 2123 pugnam
1571 2049 1774 2104 moviri

183 2154 408 2214 poterat
452 2146 622 2200 hostis
666 2143 887 2200 audacia
926 2143 1067 2197 mala
1098 2143 1451 2211 suggerentis.
1497 2140 1601 2195 Sed
1633 2154 1773 2209 pim-

183 2247 448 2293 monente
478 2238 835 2307 Redemptore
857 2237 1103 2291 novimus
1126 2236 1248 2303 quia
1275 2234 1362 2306 qui
1380 2233 1775 2303 perseveraverit

183 2346 348 2401 ιεφιε
366 2332 421 2382 in
442 2329 621 2398 finem,
652 2328 734 2380 hic
761 2327 933 2382 salvus
963 2326 1059 2380 erit
1090 2324 1304 2395 (Matth.
1331 2340 1385 2390 ι,
1412 2322 1524 2391 22).
1571 2320 1772 2375 Eodem

185 2434 408 2489 quoque
460 2419 689 2474 Domino
736 2419 1102 2488 promittente,
1149 2415 1430 2470 didicimus
1477 2416 1595 2485 quia
1649 2426 1778 2482 qua-

185 2528 390 2581 cunque
429 2512 558 2564 hora
584 2519 821 2580 peccator
866 2508 1193 2572 convertitur,
1222 2504 1395 2559 salvus
1423 2505 1516 2558 erit
1558 2502 1771 2575 (Ezech.

186 2618 341 2671 mn,
363 2602 481 2671 2i).
510 2599 568 2656 In
599 2610 842 2656 extremo
866 2602 1046 2671 itaque
1070 2599 1151 2653 sui
1190 2598 1385 2654 cantici
1412 2597 1571 2651 addat
1598 2594 1772 2662 Anni,

188 2706 248 2750 et
294 2697 440 2749 dicat
484 2698 627 2748 unde
653 2702 969 2763 precantem
999 2699 1222 2753 terreat,
1262 2690 1406 2744 dicat
1433 2704 1540 2758 quo
1568 2689 1776 2759 justum

188 2785 495 2840 cautiorem
525 2783 736 2838 reddat.
1600 2793 1605 2801 ·

261 2890 442 2962 (Vers.
465 2890 577 2961 l0.)
608 2890 884 2957 Dominus,
915 2890 1097 2961 inquit,
1116 2886 1373 2959 judicabit
1401 2888 1535 2958 ﬁnes
1564 2897 1739 2944 terra.

257 2980 350 3034 27.
379 2980 498 3034 Non
535 2980 613 3034 ait
647 2986 870 3046 terram,
909 2978 1004 3033 sed
1034 2977 1164 3032 lines
1186 2984 1360 3033 terrm.
1387 2975 1548 3031 Fines
1581 2977 1779 3047 quippe

189 3076 349 3131 terra:
370 3078 515 3133 sunt,
538 3070 630 3141 qui
657 3069 778 3123 vita:
801 3083 899 3123 sua
929 3067 1116 3123 ultima
1144 3081 1266 3122 cum
1294 3065 1464 3135 culpte
1504 3074 1778 3135 perpetra-

188 3164 339 3218 tione
355 3163 684 3217 clauserunt.
714 3160 845 3216 Nam
858 3160 949 3229 qui
969 3166 1174 3229 peccat,
1206 3165 1260 3212 et
1281 3157 1654 3227 corrigitqnod
1683 3156 1776 3211 de-

188 3250 404 3320 linquit,
427 3257 682 3325 terraoest
707 3263 802 3319 per
829 3256 1128 3318 peccatum,
1152 3254 1207 3301 et
1231 3245 1349 3300 ﬂuis
1378 3253 1532 3300 terrae
1555 3260 1658 3299 non
1672 3251 1772 3307 est,

189 3341 314 3412 quia
342 3340 699 3411 delinquendo
726 3336 1108 3407 redemptionis
1130 3350 1238 3391 sua:
1266 3335 1374 3389 alta
1394 3334 1658 3404 deposuit,
1683 3333 1780 3388 scd

189 3432 255 3487 ab
286 3432 399 3486 imo
446 3428 795 3499 depositionis
834 3442 944 3482 suae.
996 3434 1123 3481 ante
1156 3424 1415 3495 judicium
1462 3424 1773 3481 resurrexit.

189 3520 365 3579 Flevit
420 3535 652 3590 namque
677 3520 820 3590 quod
856 3517 1021 3584 fecit,
1062 3524 1116 3573 et
1144 3525 1427 3572 venturum
1456 3515 1689 3584 judicem
1711 3530 1778 3571 eo

189 3612 362 3668 lanius
405 3612 653 3677 sustinet,
681 3626 790 3681 quo
838 3611 891 3665 in
936 3610 1282 3664 damnatione
1311 3607 1639 3663 terrenitatis
1684 3622 1781 3676 per

188 3704 566 3775 paenitentiam
608 3704 805 3774 ipsein
830 3718 890 3758 se
934 3698 1142 3771 ﬂagella
1192 3701 1407 3756 ultionis
1450 3706 1615 3755 tenet.
1644 3697 1778 3773 Quia

187 3808 321 3863 ergo
361 3793 497 3848 lines
553 3800 712 3848 terra:
765 3792 1021 3848 Dominus
1052 3791 1277 3861 judicat,
1323 3806 1613 3846 (‘Olth'l'SUS
1651 3805 1777 3860 pec-

188 3893 343 3940 cator
397 3883 465 3937 ad
496 3882 780 3938 Dominutn
822 3882 1022 3953 priora,
1065 3880 1179 3935 sive
1227 3880 1419 3945 media,
1457 3896 1563 3934 non
1609 3894 1778 3947 expa-

188 3983 400 4030 vescat.
418 3973 554 4047 Quia
576 3973 701 4028 item
726 3972 858 4028 ﬁnes
888 3982 1044 4026 terra:
1062 3972 1321 4039 Dominus
1341 3971 1565 4041 judicat,
1584 3969 1778 4039 justus,

188 4065 439 4120 inchoata
466 4063 695 4132 justitia,
729 4078 834 4116 non
865 4070 1170 4131 prmsumat.
1202 4061 1333 4115 Nam
1362 4061 1406 4114 si
1438 4064 1578 4115 liunc
1605 4060 1673 4113 ab
1715 4074 1779 4113 ea

186 4171 296 4226 qua
345 4156 541 4210 cadere
569 4161 747 4224 potest
776 4153 949 4208 auhuc
985 4153 1238 4222 teqiiitate
1288 4153 1553 4208 labentem
1604 4153 1779 4206 subita

188 4260 340 4300 mors
362 4244 656 4314 intercipit,
680 4244 806 4314 quia
834 4243 884 4296 in
909 4243 1018 4297 suis
1037 4253 1294 4297 extremis
1315 4243 1469 4313 culpa
1493 4241 1775 4308 clauditur,

190 4338 376 4392 ﬁnium
409 4344 568 4391 terrae
593 4335 713 4405 lege
737 4334 1029 4403 judicatnr.
1059 4332 1348 4403 Sequitur:

265 4428 445 4500 (Vers.
475 4426 589 4498 10.)
619 4425 689 4479 Et
717 4424 1147 4493 dabit‘imperium
1175 4425 1282 4496 regi
1311 4439 1422 4490 suo,
1450 4432 1500 4478 et
1524 4422 1774 4478 sublima-

192 4523 266 4576 bit
304 4537 466 4576 cornu
495 4518 690 4574 Christi
710 4517 809 4572 sui.

262 4628 355 4684 28.
394 4626 512 4682 Hoc
539 4623 784 4697 profecto
812 4625 1077 4695 superius,
1108 4625 1233 4694 quia
1273 4622 1337 4678 ad
1367 4623 1781 4692 Redemptorem

193 4719 494 4781 retulimus,
528 4717 580 4771 in
606 4714 763 4784 hujus
790 4729 1005 4785 quoque
1032 4714 1424 4783 explanationis
1463 4714 1649 4769 ordine
1675 4714 1783 4785 G5

193 4828 303 4869 non
327 4819 619 4866 mutamus.
649 4808 767 4877 Ipse
794 4822 1025 4875 namque
1051 4816 1133 4861 est
1161 4823 1263 4878 pax
1294 4815 1494 4874 nostra,
1522 4807 1612 4876 qui
1657 4806 1784 4863 fecit

194 4910 423 4969 utraque
442 4914 609 4954 unum
639 4896 852 4967 (Ephes.
887 4912 942 4962 tt,
978 4896 1085 4967 14).
1117 4896 1236 4967 Ipse
1281 4912 1493 4967 quoque
1522 4905 1606 4952 est
1650 4897 1783 4967 lapis

194 4990 464 5058 angularis
493 4987 549 5059 (Ι
582 4988 725 5041 l’etr.
751 5002 806 5048 ll,
838 4986 892 5050 4,
925 4984 976 5052 5,
1008 4985 1089 5058 6),
1118 4987 1169 5040 in
1199 5002 1306 5056 quo
1337 4985 1463 5041 dum
1486 4986 1781 5042 electorum

194 5080 372 5151 paries
416 5088 644 5147 uterque
673 5075 974 5144 capillatur,
1027 5082 1241 5131 a-ternte
1268 5075 1500 5129 civitatis
1514 5083 1782 5131 structura

195 5167 521 5235 dsponitur.
590 5164 799 5219 Teneat
847 5165 1030 5234 itaque
1090 5179 1293 5218 morem
1360 5179 1515 5222 suum
1582 5165 1786 5219 locutio

197 5264 379 5310 nostra
406 5296 421 5321 ,
454 5262 514 5308 ut
543 5255 758 5323 prolato
786 5252 894 5321 jam
924 5252 1061 5306 sacri
1091 5254 1283 5308 cantici
1316 5261 1369 5308 et
1400 5254 1587 5309 morali
1618 5262 1674 5308 et
1709 5255 1786 5309 al-

201 5345 436 5411 legorico
491 5343 775 5398 intellectu
801 5382 816 5406 ,
864 5343 916 5396 iu
948 5358 1014 5397 co
1042 5349 1266 5411 uterque
1297 5346 1583 5398 conVeniat
1626 5360 1785 5413 quem

200 5436 237 5493 ﬁ
255 5438 303 5491 le
330 5438 626 5500 credimus,
657 5434 895 5489 moribus
916 5449 1334 5503 promereamur.

828 5564 1053 5620 CM‘UT
1092 5563 1154 5618 ll.

277 5680 525 5759 Sequitur
545 5680 693 5734 enim
724 5677 934 5731 divinus
963 5693 1164 5738 sermo,
1190 5687 1241 5731 ct
1264 5677 1392 5732 dicit
1427 5698 1436 5730 ε

1875 1862 1960 1929 qui
1988 1862 2041 1913 in
2070 1876 2150 1913 me
2177 1860 2374 1913 habitat
2404 1858 2637 1914 Christus
2668 1858 2756 1930 (ΙΙ
2784 1860 2904 1915 Cor.
2947 1876 3056 1923 xut,
3089 1861 3184 1930 5)?
3212 1863 3302 1931 qui
3331 1863 3457 1918 item

1875 1950 2072 2004 fatetur
2098 1951 2282 2005 dicens
2306 1968 2319 2003 :
2351 1950 2499 2005 Sicut
2527 1968 2592 2004 ea:
2620 1950 2753 2017 Deo,
2802 1968 2979 2005 coram
3022 1951 3136 2007 Deo
3164 1962 3213 2006 et
3254 1952 3457 2008 Christo

1875 2041 2134 2110 loquimur
2166 2038 2251 2109 (II
2283 2039 2403 2094 Cor.
2432 2057 2488 2105 tt,
2524 2041 2629 2104 l7).
2665 2039 2799 2106 Quid
2832 2050 2915 2095 est
2941 2055 3069 2109 ergo
3089 2042 3231 2109 quod
3258 2052 3457 2098 sancta:

1875 2128 2133 2184 Ecclesia}
2162 2130 2450 2199 aliquando
2480 2130 2648 2184 adfuit
2676 2146 2773 2199 per
2797 2131 3023 2198 gratiaru
3067 2131 3324 2197 ntuneris,
3354 2132 3456 2185 alio

1875 2218 2089 2287 quzmdo
2118 2220 2166 2273 ci
2197 2236 2253 2275 se
2283 2219 2549 2273 subtraxit
2576 2234 2672 2288 per
2700 2219 3154 2288 dispensationem
3186 2221 3457 2289 probatio-

1876 2312 1995 2365 nis?
2021 2310 2200 2365 Adfuit
2231 2326 2482 2381 namque,
2523 2312 2653 2365 utin
2682 2312 3035 2380 a'cquisitione
3059 2311 3306 2366 Gentium
3337 2315 3457 2367 vita:

1877 2404 2044 2458 verba
2075 2403 2409 2457 abundanter
2437 2404 2766 2470 etTunderet;
2798 2404 2893 2459 sed
2920 2404 3205 2474 aliquando
3236 2406 3286 2458 ei
3315 2407 3457 2461 velut

1876 2493 2074 2547 absens
2099 2508 2158 2547 se
2188 2493 2486 2557 abscon-lit,
2518 2500 2594 2559 ut,
2632 2493 2777 2547 verbi
2810 2508 3033 2547 munere
3079 2494 3199 2547 subl
3220 2503 3310 2558 .to,
3360 2511 3454 2549 co-

1876 2588 2165 2659 gnosceret
2181 2580 2296 2635 sine
2317 2581 2432 2651 ejus
2458 2582 2738 2649 praesentia
2756 2581 2926 2650 qualis
2948 2592 3111 2636 esset.
3141 2580 3268 2637 Post
3298 2583 3456 2638 tinem

1877 2670 2059 2741 itaque
2118 2671 2310 2726 cantici
2379 2669 2783 2725 diciturzAbiit
2840 2670 3079 2725 Helcana
3123 2673 3178 2725 in
3243 2673 3450 2726 domum

1876 2780 2043 2827 suam,
2095 2764 2219 2834 quia
2266 2773 2450 2820 sancta
2498 2763 2741 2819 Ecclesia
2779 2781 2847 2819 ex
2876 2765 2992 2833 ejus
3032 2766 3312 2840 prmsentia
3351 2768 3458 2820 alta

1877 2853 2151 2925 prmdicat,
2181 2855 2273 2923 qui
2304 2870 2428 2909 cum
2460 2853 2777 2908 mortalibus
2796 2870 2893 2924 per
2921 2854 3371 2924 dispensationem
3401 2871 3460 2910 se

1877 2943 2179 3005 subtrahit,
2223 2942 2439 2997 aeternis
2487 2957 2547 2996 se
2598 2927 2803 2997 civibus
2841 2942 3041 3010 jugiter
3082 2950 3452 3011 repraesentat.

1879 3032 2081 3088 Domus
2124 3046 2354 3102 namque
2380 3045 2473 3086 sua
2519 3030 2608 3084 il'a
2647 3045 3004 3102 supernorum
3037 3030 3255 3096 civium,
3294 3046 3455 3099 quam

1803 3123 1848 3181 Ο
1879 3122 2134 3187 amando,
2178 3121 2438 3191 repl-ndo
2466 3132 2519 3175 et
2566 3120 2823 3177 sociande
2871 3120 3127 3175 Dominus
3174 3121 3456 3185 inhabitat,

1878 3222 2078 3270 acterna
2109 3214 2341 3269 societas
2369 3224 2470 3269 est.
2504 3213 2561 3268 ln
2591 3230 2711 3269 eam
2742 3213 2900 3282 igitur
2930 3214 3074 3268 vadit
3100 3230 3220 3269 cum
3251 3213 3460 3277 Annam

1878 3303 2097 3366 deserit,
2128 3303 2252 3372 quia
2280 3302 2372 3370 qni
2400 3318 2459 3357 se
2489 3303 2642 3356 nobis
2668 3301 2840 3356 adhuc
2871 3302 3271 3371 proﬁcientibus
3312 3303 3460 3356 salu—

1879 3392 2048 3446 briter
2072 3408 2115 3446 Sl
2138 3392 2358 3457 btrahit,
2384 3390 2633 3460 perfectis
2654 3399 2815 3459 atque
2834 3392 3222 3446 consummatis
3245 3399 3461 3445 :cternzc

1880 3483 2065 3551 patria:
2084 3482 2289 3535 civibus
2309 3495 2375 3535 eo
2402 3495 2462 3535 se
2491 3481 2818 3534 incessanter
2838 3478 3011 3548 jungit
3039 3488 3199 3551 atque
3220 3480 3459 3545 exhibet,

1878 3586 1986 3640 quo
2009 3571 2222 3639 probari
2258 3569 2368 3639 jam
2398 3570 2652 3640 probatos
2690 3568 2806 3638 ejus
2827 3570 3066 3624 absentia
3096 3570 3318 3625 ulterius
3349 3584 3458 3623 non

1879 3669 2113 3732 Oportet.
2155 3660 2296 3732 Apte
2338 3662 2519 3730 itaque
2548 3670 2671 3731 post
2708 3662 2874 3716 Anna:
2908 3676 3176 3717 canticum
3218 3662 3455 3716 dicitur:

1878 3750 2015 3807 Abiit
2038 3751 2277 3807 llelcana
2301 3752 2355 3805 in
2384 3750 2592 3805 domum
2628 3766 2797 3817 suam,
2827 3751 2952 3820 quia
2983 3760 3169 3806 sancta
3195 3751 3457 3816 Ecclesia,

1879 3856 1997 3911 quae
2025 3849 2133 3896 tam
2172 3841 2418 3896 sublimia
2457 3842 2660 3896 electos
2696 3840 2907 3906 edocet,
2948 3840 3088 3895 sicut
3131 3843 3219 3911 pia
3248 3856 3462 3911 semper

1882 3931 2093 3985 Domini
2139 3930 2537 4001 dispensatione
2581 3928 2872 3995 deseritur,
2918 3930 2993 3985 ita
3036 3940 3090 3985 et
3126 3929 3313 3985 eadem
3355 3933 3461 3985 alta

1880 4036 1997 4090 qua:
2017 4022 2207 4076 doceat
2249 4036 2354 4075 non
2396 4035 2612 4090 semper
2649 4020 2830 4074 habet.
2874 4019 2978 4074 Sed
3020 4020 3266 4090 plerique
3296 4023 3455 4076 verba

1881 4128 1950 4166 au
1970 4114 2123 4175 tinnt,
2162 4112 2489 4181 praeteritam
2514 4109 2774 4164 malitiam
2804 4111 3158 4177 detestantur,
3190 4119 3245 4165 et
3280 4126 3463 4165 corre-

1880 4202 2074 4259 ctionis
2104 4206 2227 4256 vitae
2264 4215 2428 4271 opera
2468 4206 2809 4271 proponunt;
2859 4201 2953 4255 sed
2993 4215 3115 4255 cum
3152 4200 3338 4253 audire
3367 4200 3462 4253 de-

1879 4295 2085 4355 siciint.
2114 4309 2179 4347 ac
2219 4294 2264 4347 si
2293 4308 2562 4362 nunquam
2591 4290 2778 4346 eadem
2806 4291 2926 4345 vita:
2961 4291 3128 4345 verba
3158 4290 3451 4354 audissent,

1881 4383 1948 4437 ad
1996 4383 2330 4452 iniquitatem
2380 4381 2626 4436 redeunt.
2693 4380 2918 4435 Auditor
2959 4388 3157 4436 sancta:
3205 4379 3455 4434 Ecclesiae

1811 4487 1862 4548 ι)
1886 4474 2099 4544 gentilis
2133 4473 2362 4544 populus
2398 4475 2624 4529 devotus
2653 4472 2721 4526 ad
2761 4470 3087 4526 audiendum
3127 4471 3255 4537 fuit,
3302 4479 3358 4523 et
3391 4470 3459 4523 aJ

1886 4568 2215 4636 operantium
2244 4574 2543 4635 promptus.
2564 4566 2703 4635 Apte
2725 4566 2905 4633 itaque
2924 4565 3169 4620 subditur
3195 4581 3208 4617 :

1959 4681 2132 4753 (Vers.
2186 4679 2298 4747 ll.)
2330 4679 2467 4732 Puer
2515 4687 2684 4731 autem
2736 4677 2948 4732 Samuel
2992 4686 3101 4729 erat
3148 4676 3379 4728 minister
3407 4676 3461 4727 in

1885 4781 2155 4843 conspectu
2182 4769 2414 4835 Domini,
2445 4778 2565 4822 ante
2591 4770 2777 4839 facient
2806 4765 2926 4820 Heli
2952 4766 3252 4819 sacerdotis.

1957 4863 2011 4916 2.
2038 4862 2114 4916 Ac
2158 4861 2205 4915 si
2253 4866 2441 4930 aperte
2487 4859 2754 4912 diceretur
2783 4873 2797 4910 :
2829 4854 2911 4910 Ex
2946 4871 3013 4910 eo
3052 4855 3194 4922 quod
3237 4852 3458 4917 audivit,

1890 4952 2245 5022 omnipotenti
2295 4951 2404 5005 Deo
2444 4950 2657 5019 placere
2685 4946 2908 5002 studuit.
2938 4945 3040 5013 Qui
3075 4954 3199 5015 apte
3226 4960 3358 5014 puer
3379 4945 3462 4998 di-

1889 5045 2049 5111 citur,
2080 5043 2203 5111 quia
2234 5041 2334 5096 etsi
2365 5039 2581 5110 grandia
2607 5052 2703 5108 pro
2742 5036 3054 5091 defensione
3099 5034 3224 5090 ﬁdei
3268 5043 3464 5091 nostra:

1890 5134 2095 5201 agenda
2116 5138 2445 5200 susceperat,
2471 5137 2649 5182 tamen
2676 5127 2729 5180 in
2755 5125 2942 5180 eadem
2972 5126 3090 5180 lidei
3115 5125 3463 5195 generatione

1889 5225 2064 5279 adlmc
2110 5235 2281 5277 novus
2325 5227 2461 5274 erat.
2511 5215 2582 5270 Et
2623 5217 2747 5286 quia
2786 5215 3056 5286 placidum
3100 5212 3457 5282 omnipotemi

1890 5313 2001 5368 Deo
2054 5312 2407 5366 ministerium
2457 5306 2722 5377 prarbuit,
2777 5306 3019 5361 minister
3072 5305 3122 5358 in
3169 5310 3462 5372 conspectu

1890 5403 2185 5460 conditoris
2246 5400 2362 5453 fuit.
2416 5397 2474 5452 In
2522 5404 2813 5466 conspectu
2853 5396 3051 5450 etenim
3097 5392 3307 5449 Domini
3359 5396 3459 5453 est,

1889 5509 2048 5565 quem
2075 5494 2125 5547 in
2152 5491 2425 5547 oblatione
2467 5488 2847 5556 obsequiorum
2873 5487 3049 5540 divina
3080 5485 3317 5553 dignatio
3356 5482 3466 5553 66

1889 5585 2116 5637 libenter
2159 5580 2365 5650 aspicit.
2409 5579 2453 5632 Α
2480 5594 2587 5646 qtto
2630 5578 2874 5631 nimirum
2914 5575 3123 5629 Domini
3167 5582 3456 5642 conspectu

1886 5673 2076 5743 ρπβ.ιὶ
2119 5671 2270 5727 valde
2312 5676 2554 5725 metuens
2577 5666 2714 5736 quis,
2755 5674 2890 5731 orat,
2925 5665 3146 5720 dicens:
3181 5658 3263 5716 Ne
3292 5662 3453 5732 proji-
