4000 6302
609 272 664 324 Μ
1805 259 2045 313 SiNCTl
2091 258 2175 312 GR

2280 257 2410 311 0R3!
2454 256 2662 312 MAGNI
3798 260 3850 312 Si

606 386 710 436 cias
727 395 860 434 mea
886 380 1020 450 {acie
1047 385 1135 430 tua
1163 375 1334 448 (Psal.
1380 389 1434 441 1.,
1475 371 1576 441 l3).
1609 370 1665 424 ln
1697 386 1803 441 quo
1844 380 1970 424 nem
2012 368 2176 437 recipi
2211 372 2252 426 Α
2284 369 2507 436 accepit.
2534 370 2711 432 Quare
2751 375 2804 419 et
2851 365 3083 420 ofﬁcium
3131 366 3472 422 sacerdotum
3514 369 3577 422 al
3611 374 3848 440 pupulum

607 476 950 527 vehementer
991 469 1233 538 cupiens,
1281 465 1554 519 dilationis
1603 479 1712 519 sua:
1752 478 1957 518 moram
2000 478 2181 516 secum

607 570 835 633 reputat,
886 562 1067 616 dicens
1101 579 1112 612 :
1141 558 1357 623 Quando
1408 548 1630 620 veniam,
1688 565 1735 608 et
1759 553 2017 624 apparebo
2063 563 2182 607 ante

607 656 788 726 faciem
819 653 916 716 Dei
947 653 1116 722 (Psal.
1172 668 1280 718 xu,
1310 651 1406 718 '5)?
1435 650 1569 703 llinc
1607 647 1748 702 Elias
1783 648 2084 714 gloriatur;
2129 655 2183 700 et

603 746 680 802 ait
708 763 720 798 ξ
763 745 896 798 Vivit
929 743 1198 803 Dominus,
1230 744 1283 796 in
1309 743 1455 813 cujus
1478 751 1750 810 conspectu
1779 749 1857 794 st)
1890 739 2010 810 (III
2044 740 2171 810 Reg.

605 854 730 898 xvn,
765 836 841 904 1).
875 836 1116 889 Minister
1152 836 1333 904 itaque
1363 843 1478 888 erat
1518 833 1736 887 Samuel
1788 834 1846 888 in.
1890 844 2181 900 conspectu

605 927 833 990 Domini,
866 926 988 994 quia
1021 927 1071 979 in
1106 941 1255 980 novzc
1309 924 1584 991 religionis
1625 924 1898 994 obsequiis
1936 925 2180 992 omnipoq

603 1019 735 1073 tenti
784 1017 895 1072 Deo
925 1018 1138 1085 gentilis
1166 1017 1398 1086 populus
1429 1015 1586 1072 valde
1621 1025 1873 1085 acceptus
1901 1017 2016 1069 fuit.
2065 1018 2181 1082 Quo

603 1109 849 1165 nimirum
879 1112 1044 1162 verbo
1082 1107 1275 1162 ludam:
1297 1123 1509 1178 quoque
1546 1108 1781 1176 repulsio
1822 1109 2054 1162 latenter
2095 1110 2177 1162 in-

603 1198 800 1264 nuitur,
831 1199 956 1253 dum
997 1199 1142 1252 solus
1184 1197 1420 1260 Samuel,
1470 1197 1524 1250 in
1570 1211 1677 1263 quo
1722 1197 1960 1264 gentium
2011 1195 2181 1251 ﬁlelis

602 1289 828 1358 populus
858 1289 1199 1356 exprimitur,
1231 1295 1358 1341 ante
1387 1286 1670 1343 Dominum
1708 1287 2012 1342 ministrare
2056 1304 2174 1357 per-

602 1381 833 1436 hibetur.
887 1379 1042 1434 Solus
1092 1380 1272 1447 itaque
1305 1379 1358 1432 in
1389 1378 1506 1446 ejus
1531 1387 1824 1448 conspectu
1872 1389 2008 1446 erat,
2054 1382 2178 1447 quia

600 1470 842 1541 profecto
868 1469 918 1524 ei
946 1469 1197 1523 Jutlaicus
1224 1469 1458 1538 populus
1487 1469 1702 1538 placere
1729 1470 1982 1524 desierat.
2029 1471 2180 1536 Quod

601 1572 884 1632 utrumque
907 1578 1003 1632 per
1023 1562 1336 1617 Malachiam
1357 1562 1612 1617 Dominus
1635 1563 1894 1630 loquitur.
1922 1562 2051 1616 Nam
2082 1563 2179 1622 Ju-

596 1653 725 1706 dicas
771 1653 1130 1720 repulsionem
1169 1653 1444 1708 insinuans
1465 1695 1479 1720 ,
1510 1653 1585 1706 ait
1625 1670 1636 1704 :
1669 1651 1791 1706 Non
1821 1661 1894 1707 est
1924 1654 2050 1707 milii
2096 1671 2180 1708 ιὀο

2289 459 2496 511 nesciit.
2557 456 2802 512 Ollieium
2845 455 3182 510 sacerdotale
3235 459 3436 527 quippe
3491 473 3848 528 cognosceret,

2283 549 2325 602 si
2359 549 2422 601 ad
2454 548 2875 615 redemptionem
2909 547 3126 600 humani
3155 562 3271 615 gen-
3294 548 3366 602 ris
3395 564 3514 602 eum
3546 552 3638 620 qui
3687 568 3712 602 a
3747 553 3848 620 lege

2282 647 2338 692 et
2367 637 2640 706 prophetis
2677 635 2849 688 fuerat
2894 636 3184 704 promissus
3211 637 3320 704 jam
3353 639 3562 692 venisse
3609 644 3850 709 praedira.

2284 737 2386 782 ret.
2413 728 2466 781 lu
2497 741 2655 796 quem
2698 724 2940 794 profecto
2971 725 3094 795 quia
3137 743 3242 780 non
3271 727 3445 781 Solum
3479 744 3582 782 non
3619 731 3851 790 credidit,

2283 824 2374 878 sed
2415 822 2574 876 etiam
2615 820 2987 889 persequendo
3038 821 3305 884 insanivit,
3356 830 3408 874 et
3440 821 3726 874 Dominum
3773 841 3853 876 uc-

2283 915 2422 978 sciit,
2454 921 2508 966 et
2537 912 2601 964 ad
2628 911 2885 982 pupulum
2916 911 3151 967 ofﬁcium
3183 913 3549 967 ᾕρει-1111111111.
3592 914 3761 980 Cujus
3787 925 3856 966 ta-

2283 1020 2407 1058 men
2452 1003 2652 1056 malitia
2683 1001 2857 1054 minor
2888 1009 3050 1062 esset,
3084 1001 3127 1053 si
3155 1000 3246 1067 qui
3275 1000 3534 1068 prodesse
3573 1001 3858 1053 minoribus

2286 1093 2662 1162 Redempt‘ris
2705 1094 2993 1146 amentum
3049 1090 3389 1160 prmdicando
3436 1093 3630 1151 noluit,
3681 1108 3858 1145 uocare

2285 1187 2566 1240 timuisset.
2601 1185 2854 1254 Sequitur
2883 1200 3034 1251 ergo,
3066 1192 3121 1236 et
3148 1183 3313 1235 dicit:

2352 1275 2457 1346 67
2509 1274 2708 1343 (νινε.
2759 1273 2835 1334 15,
2889 1271 3025 1341 Lb.)
3070 1271 3176 1326 Sed
3225 1272 3511 1342 quicunque
3557 1273 3860 1324 immolasset

2284 1369 2559 1434 victimam,
2612 1366 2841 1420 veniebat
2873 1382 2997 1434 puer
3036 1364 3343 1430 sacerdotis,
3372 1364 3493 1416 dum
3537 1376 3860 1434 coquerentur

2284 1474 2482 1515 carnes.
2523 1466 2569 1508 et
2613 1453 2827 1507 habebat
2857 1453 3169 1523 fuscinulam
3198 1451 3468 1509 tridentem
3496 1453 3548 1504 in
3577 1467 3739 1503 manu
3763 1468 3858 1510 sua.

2285 1559 2336 1600 et
2382 1547 2612 1600 mittebat
2646 1549 2698 1600 in
2729 1545 2970 1608 lebetem,
3009 1547 3082 1598 vel
3123 1544 3430 1607 caldarium,
3475 1555 3564 1596 aut
3605 1545 3662 1595 in
3697 1543 3860 1606 ollam,

2285 1641 2389 1694 sive
2416 1641 2467 1691 in
2499 1637 2764 1701 cacabum,
2797 1647 2844 1690 et
2871 1654 3020 1692 omne
3056 1635 3191 1706 quod
3220 1634 3420 1688 levabat
3452 1634 3743 1705 fuscinnla,
3777 1635 3860 1686 tol-

597 1742 770 1796 luntas
798 1743 852 1795 in
882 1743 1040 1807 vobis,
1075 1752 1121 1796 et
1147 1744 1459 1813 sacrificium
1488 1760 1591 1797 non
1621 1744 1897 1814 suscipiam
1929 1745 1991 1796 de
2020 1761 2175 1799 manu

2284 1729 2421 1782 lebat
2450 1726 2818 1782 sacerdotibus.

598 1841 766 1884 vestra
792 1831 1056 1901 (Maloea.
1094 1849 1130 1895 1,
1166 1832 1270 1900 10).
1295 1833 1400 1886 Sed
1431 1833 1521 1899 qui
1564 1831 1746 1887 afacie
1785 1850 1877 1887 sua
1903 1833 2177 1890 Judaicam

598 1922 873 1990 perﬁdiam
905 1923 1140 1991 expulit,
1189 1939 1348 1992 quem
1375 1923 1602 1978 libenter
1633 1924 1921 1989 intueatur,
1962 1925 2179 1994 subjun-

594 2025 748 2078 gens,
782 2012 856 2064 ait
889 2031 900 2064 :
931 2013 1008 2064 Ab
1037 2022 1149 2066 ortu
1177 2014 1302 2066 solis
1345 2030 1501 2082 usque
1530 2013 1599 2065 ad
1625 2030 1885 2081 occasura,
1936 2031 2179 2084 magnum

594 2111 668 2156 cst
707 2118 887 2154 nomen
915 2119 1080 2155 meum
1105 2103 1156 2156 in
1184 2104 1433 2172 gentibus,
1486 2112 1535 2154 et
1565 2103 1618 2155 in
1648 2105 1788 2156 omni
1818 2105 1928 2156 loco
1958 2105 2178 2171 o/I‘crtur

603 2195 797 2249 nomini
826 2211 937 2246 meo
984 2195 1174 2248 oblatio
1203 2194 1393 2247 munda
1418 2193 1604 2263 (Ibid.,
1639 2195 1748 2258 11).
1777 2194 1883 2248 Sed
1915 2196 2181 2249 subt‘litcr

596 2299 675 2339 est
700 2287 983 2340 videndum
1013 2287 1156 2354 quod
1185 2287 1382 2340 dic't‘ur
1409 2306 1421 2339 :
1447 2290 1578 2340 Ante
1599 2289 1780 2358 faciem
1809 2287 1929 2341 Heli
1960 2288 2204 2343 Samut-l.

600 2378 817 2442 Domino
859 2379 1186 2443 ministravit,
1222 2379 1344 2446 quia
1396 2379 1802 2447 praedicatorum
1843 2389 2039 2434 sanctae
2078 2379 2181 2434 Ee-

594 2466 770 2521 clcsize
842 2466 1194 2520 mini-teriam
1244 2467 1457 2532 gentilis
1511 2468 1690 2536 populi
1748 2470 2178 2536 conversionem,

594 2570 830 2607 amorem
880 2563 936 2607 et
981 2556 1338 2612 reverentiam
1387 2555 1531 2611 circa
1589 2555 1968 2626 livdcmptoris
2023 2559 2174 2612 obse-

598 2648 802 2716 quium,
845 2656 1088 2700 veterum
1117 2647 1250 2702 ordo
1297 2649 1574 2702 doctorum
1609 2649 1762 2716 longe
1794 2659 1918 2703 ante
1947 2650 2178 2705 videndo

598 2737 873 2806 cognovit,
906 2744 959 2788 et
991 2737 1360 2805 prophetando
1392 2739 1722 2806 przedicavit.
1775 2737 1929 2795 Hunc
1951 2756 2180 2811 namque

593 2842 822 2896 pronum
857 2829 908 2880 in
935 2827 1141 2881 Domini
1171 2828 1469 2882 ministerio
1522 2842 1761 2895 noverat,
1797 2834 1886 2900 qui
1919 2834 2132 2888 dicebat
2163 2855 2174 2888 :

593 2922 898 2977 Adorabunt
936 2940 1050 2976 eum
1078 2941 1253 2977 omnes
1284 2941 1428 2995 reges
1467 2935 1635 2990 terrai,
1668 2944 1841 2980 omnes
1869 2937 2043 2997 gentes
2071 2946 2180 2984 ser-

590 3012 727 3067 uient
747 3013 791 3064 ei
805 3011 977 3077 (Psal.
996 3029 1139 3076 LXXI,
1160 3013 1268 3082 11).
1289 3013 1422 3066 Hinc
1441 3016 1666 3081 Agamus
1690 3018 1942 3084 loquitur,
1959 3019 2172 3073 dicens:

599 3101 780 3155 Veniet
817 3102 1140 3156 desideratus
1186 3107 1379 3160 cunctis
1408 3107 1660 3175 gentibus,
1691 3118 1738 3159 et
1770 3108 2044 3177 replebitur
2064 3111 2177 3179 glo-
2208 3116 2250 3178 ε

588 3194 666 3248 ria
707 3194 889 3247 domus
929 3192 1138 3247 Domini
1162 3194 1363 3264 (Aggtei
1401 3211 1469 3260 tt,
1494 3197 1572 3262 8).
1617 3196 1751 3250 Hinc
1794 3197 1959 3250 Isaias
1997 3198 2126 3250 dicit
2158 3215 2170 3250 :

589 3282 706 3335 Erit
748 3283 901 3336 radix.
941 3283 1108 3349 Jesse,
1136 3287 1220 3353 qui
1264 3295 1502 3356 exsurget
1538 3303 1712 3356 regere
1761 3297 1968 3355 gentes;
2010 3291 2174 3356 111111-

589 3388 699 3426 sum
739 3381 912 3444 gentes
941 3376 1221 3439 sperabunt
1263 3375 1397 3445 (Isa.
1447 3394 1534 3439 x1,
1580 3377 1675 3444 10;
1723 3377 1889 3432 Rom.
1923 3395 2008 3440 xv,
2065 3379 2171 3448 1‘2).

589 3458 725 3516 Hinc
773 3461 1052 3518 Pswlmisla
1108 3465 1184 3518 ait
1215 3483 1227 3516 :
1261 3463 1516 3529 Laudate,
1544 3483 1718 3519 onmes
1763 3478 1957 3536 gentes,
1989 3467 2142 3521 Domi
2155 3500 2170 3509 -

594 3567 717 3603 num
745 3559 793 3604 et
821 3552 1112 3606 collaudate
1138 3570 1272 3618 eum,
1305 3571 1480 3608 omnes
1509 3557 1683 3623 populi
1717 3555 1888 3623 (Psal.
1921 3572 2062 3621 cxvt,
2092 3557 2172 3626 1).

596 3639 733 3700 llinc
784 3642 1091 3710 patriarcha
1138 3642 1304 3698 Jacob
1355 3644 1428 3697 ait
1475 3662 1488 3697 :
1542 3644 1664 3710 Ipse
1713 3647 1810 3698 erit
1861 3649 2174 3717 exspectatio

587 3729 988 3801 gentium(Gen.
1033 3749 1142 3801 th,
1189 3733 1299 3802 l0).
1347 3735 1485 3789 Aine
1528 3735 1718 3790 faciem
1750 3750 1875 3804 ergo
1911 3736 2028 3792 lleli
2071 3739 2172 3792 mi-

589 3824 760 3878 nister
792 3825 997 3881 Domini
1045 3825 1262 3886 Samuel
1293 3842 1429 3897 puer
1455 3827 1573 3894 fuit,
1605 3829 1729 3897 quia
1767 3830 1912 3897 quod
1955 3831 2171 3898 dignum

587 3913 703 3971 Deo
733 3917 1072 3986 postmodum
1114 3919 1329 3990 gentilis
1365 3920 1595 3990 populus
1633 3921 1855 3983 habuit,
1887 3921 2170 3976 doctorum

584 4008 720 4063 ordo
749 4019 990 4066 veterum
1039 4026 1136 4080 per
1177 4014 1470 4082 prophetia:
1511 4013 1756 4082 spiritum
1800 4014 2064 4084 prawidit.
2105 4013 2172 4068 Et

589 4099 768 4152 statim
798 4101 866 4155 de
893 4102 1151 4170 projectis.
1176 4102 1422 4157 subditur
1453 4123 1466 4157 :

665 4194 843 4266 (Vers.
877 4194 969 4262 12,
1020 4196 1134 4266 1⁵5.)
1187 4197 1352 4251 Porro
1383 4198 1481 4266 filii
1513 4197 1638 4252 Heli
1676 4202 1956 4253 nescientes
1989 4199 2172 4254 Domi-

586 4305 730 4352 num,
761 4297 810 4343 et
832 4288 1051 4358 o/ﬁcium
1081 4287 1362 4342 sacerdotis
1391 4288 1461 4344 ad
1489 4289 1753 4358 papulnm.

659 4380 710 4433 5.
744 4379 1009 4434 Subaudis
1031 4388 1199 4434 erant.
1232 4379 1334 4446 Qui
1376 4395 1609 4448 namque
1642 4379 1732 4434 lilii
1761 4379 1876 4436 Heli
1907 4390 2032 4434 sunt
2060 4382 2172 4451 alii,

2354 1817 2405 1870 4.
2434 1817 2570 1884 Quid
2613 1818 2751 1871 enim
2795 1825 2877 1870 est
2926 1816 3204 1892 immolare
3247 1813 3542 1879 victimam,
3586 1814 3694 1867 nisi
3740 1829 3861 1868 vene

2282 1910 2402 1964 ﬁdei
2433 1910 2789 1978 omnipotenti
2815 1908 2923 1962 Deo
2947 1906 3143 1961 oll'erre
3171 1904 3605 1961 confessionem?
3655 1904 3725 1958 Et
3751 1906 3860 1974 quid

2281 2016 2406 2055 vasa
2441 2000 2492 2052 in
2523 1998 2718 2068 quibus
2762 1996 3091 2053 immolando
3123 2012 3251 2050 caro
3291 1995 3560 2064 coquitur,
3611 1995 3717 2048 nisi
3745 1994 3858 2046 lide-

2283 2093 2412 2146 lium
2463 2101 2671 2147 mentes
2720 2091 2877 2146 sunt?
2925 2089 3055 2155 Qua:
3097 2089 3224 2142 dum
3276 2086 3631 2142 Mediatorem
3686 2086 3776 2140 Dei
3818 2095 3860 2138 et

2282 2183 2560 2239 hominum
2613 2181 2884 2234 hominem
2942 2179 3215 2235 Christum
3275 2176 3459 2232 Jesum
3509 2193 3630 2232 esse
3688 2193 3860 2230 verum

2283 2274 2474 2326 summi
2507 2271 2681 2325 Patris
2732 2269 3075 2338 Unigcnitum
3107 2267 3354 2332 credunt,
3394 2268 3649 2322 nimirum
3703 2268 3752 2321 in
3792 2268 3861 2321 his

2282 2377 2409 2416 caro
2439 2363 2690 2430 coquitur
2719 2376 2839 2428 qua:
2868 2359 2979 2415 Deo
3020 2375 3116 2428 per
3145 2359 3446 2413 devotionis
3482 2359 3691 2412 intima)
3722 2359 3858 2412 obse-

2281 2451 2463 2518 quium
2523 2450 2847 2504 immoletur.
2901 2449 3030 2516 Quis
3083 2465 3214 2518 puer
3259 2448 3557 2503 sacerdotis
3608 2457 3700 2503 est
3743 2450 3858 2502 a‘ius

2281 2555 2443 2608 quam
2485 2541 2704 2610 perﬁdis
2743 2541 3040 2611 Synagogze
3071 2540 3377 2608 pastoribus
3414 2553 3510 2608 per
3555 2539 3858 2604 obsequium

2281 2633 2553 2700 subjectus
2584 2633 2848 2702 populus?
2896 2632 2998 2700 Qui
3029 2639 3154 2700 apte
3190 2647 3324 2700 puer
3345 2631 3561 2694 dicitur,
3590 2630 3721 2698 quia
3751 2629 3857 2681 dum

2282 2722 2494 2777 infirma
2537 2724 2667 2791 legis
2704 2723 2770 2777 ad
2820 2724 3053 2777 litteram
3094 2732 3278 2777 tenere
3324 2723 3545 2785 maluit,
3606 2723 3662 2775 in
3706 2723 3858 2775 virum

2281 2814 2576 2884 perfectum
2617 2831 2860 2870 crescere
2895 2831 2990 2884 per
3026 2815 3376 2884 Evangelium
3418 2815 3714 2869 recusavit.
3741 2815 3857 2881 Quit

2282 2925 2408 2963 vero
2439 2917 2521 2962 est
2559 2909 2700 2977 quod
2746 2908 2815 2964 ad
2845 2908 3151 2963 infcrendos
3195 2909 3436 2964 ciborum
3483 2915 3672 2976 raptus
3715 2907 3858 2961 desti-

2280 3009 2438 3056 natur
2466 3003 2490 3056 ?
2517 2999 2653 3066 Quid
2691 3009 2770 3053 est
2811 3004 3002 3054 iterum
3030 3001 3176 3068 quod
3222 3000 3272 3053 in
3316 2999 3462 3053 illata
3489 3000 3751 3052 violentia
3797 3009 3856 3051 te-

2281 3109 2411 3148 nere
2436 3093 2722 3146 tridentem
2753 3093 3070 3147 fuscinnlam
3096 3092 3290 3146 dicitur
3317 3095 3341 3149 ?
3377 3091 3483 3145 Sed
3503 3092 3656 3145 cibus
3688 3091 3856 3145 electa

2281 3185 2472 3237 animm
2501 3197 2730 3251 persona
2761 3192 2845 3236 est.
2876 3182 3268 3249 Redemptoris.
3321 3180 3425 3254 Qui
3455 3181 3698 3250 profeCto
3723 3180 3858 3233 cibus

2281 3274 2332 3327 in
2377 3275 2545 3329 sacris
2587 3273 2730 3328 vasis
2769 3273 3039 3341 coquitur,
3095 3274 3216 3325 dum
3273 3288 3371 3341 per
3416 3272 3650 3326 calorem
3705 3271 3858 3323 sancti

2278 3363 2507 3432 Spiritus
2535 3363 2601 3416 ad
2650 3363 2972 3417 sutvitatem
3014 3362 3324 3416 refcctionis
3353 3363 3402 3415 in
3437 3362 3619 3416 electis
3671 3363 3857 3415 menti-

2276 3457 2376 3510 bus
2425 3462 2776 3525 pracparatur.
2837 3453 2978 3508 Caro
3027 3456 3222 3508 ctenim
3279 3454 3547 3523 coquitur,
3600 3454 3731 3506 dum
3776 3469 3857 3522 per

2277 3544 2510 3616 Spiritus
2540 3547 2708 3600 sant-ti
2751 3546 2976 3609 gratiam
3012 3544 3402 3600 humanitatem
3435 3543 3770 3597 Dominicam
3814 3543 3857 3594 in

2276 3636 2574 3691 divinitatis
2625 3647 2866 3691 naturam
2918 3645 3266 3704 assumptam,
3317 3644 3371 3688 et
3420 3633 3644 3689 ﬁrmiter
3693 3634 3856 3687 cred‘.

2279 3745 2420 3794 mus,
2453 3738 2506 3784 et
2537 3730 2834 3784 efﬁcaciter
2860 3729 3202 3783 conﬁtemur.
3255 3725 3407 3780 Unde
3437 3736 3491 3781 et
3522 3742 3615 3795 per
3643 3725 3858 3792 Moysen

2277 3820 2412 3889 Agni
2447 3821 2711 3890 paschalis
2739 3835 2930 3875 carnes
2957 3819 3315 3874 comedendas
3345 3819 3602 3884 insinuat,
3627 3819 3818 3872 dicens
3847 3835 3855 3867 :

2277 3909 2403 3965 Non
2445 3912 2720 3965 comedetis
2758 3929 2823 3964 ea:
2849 3928 2907 3964 eo
2947 3910 3162 3964 crudum
3189 3911 3326 3982 quid,
3363 3923 3454 3968 aut
3509 3917 3704 3963 coctum
3734 3926 3857 3979 aqua

2277 4006 2476 4077 (Exod.
2506 4022 2599 4071 xn,
2635 4005 2709 4075 9).
2738 4005 2972 4059 Crudum
2997 4004 3194 4072 quippe
3223 4019 3288 4057 ex
3320 4018 3385 4057 eo
3409 4001 3738 4057 manducare
3764 4010 3856 4063 est,

2279 4108 2472 4168 praeter
2515 4098 2746 4168 Spiritus
2793 4096 2964 4150 sancti
3005 4095 3249 4163 gratiam,
3302 4094 3718 4162 Redemptori-m
3766 4107 3852 4145 no-

2275 4197 2442 4244 strum
2467 4169 2656 4257 purum
2689 4186 2960 4240 hominem
2994 4184 3234 4239 credere.
3283 4183 3431 4254 Aqua
3463 4198 3592 4237 vero
3615 4181 3854 4250 coquitur

2275 4296 2396 4333 cum
2427 4277 2806 4347 Redemptoris
2836 4276 3068 4330 essentia
3102 4291 3199 4344 per
3228 4276 3517 4329 hdmanam
3546 4272 3855 4342 sapientiam

2277 4369 2590 4424 ventilatur.
2645 4367 2883 4422 Crudum
2937 4379 3066 4432 ergo
3114 4363 3278 4419 Judcei
3335 4363 3664 4425 comedunt,
3727 4375 3856 4428 aqua

586 4469 687 4522 nisi
717 4467 972 4522 Israelita:
994 4468 1285 4524 secundum
1318 4484 1556 4531 carnem,
1588 4471 1678 4539 qui
1720 4470 2050 4539 Scripturam
2082 4488 2170 4525 sa-
2204 4482 2254 4540 ι)
2277 4459 2764 4524 εοοιυῐηιιτωθιίοίν
2811 4458 2937 4526 (lilia
2987 4458 3061 4512 illi
3107 4456 3223 4525 Plus
3253 4455 3589 4508 ἀῖνίηὶιειιθηι
3641 4461 3855 4519 negant.

588 4576 737 4613 cram
786 4569 1051 4613 noverant
1081 4576 1111 4614 a
1141 4559 1382 4628 patribus
1427 4561 1644 4626 editam,
1690 4570 1745 4616 et
1787 4571 1963 4616 tamen
2009 4578 2168 4631 quem

583 4651 860 4721 Scriptura
893 4652 1210 4720 promiserat
1239 4651 1584 4706 nesciebant?
1613 4651 1759 4718 Quos
1788 4653 2039 4708 nimirum
2077 4671 2172 4726 per

582 4743 929 4812 semetipsam
961 4742 1172 4798 Veritas
1218 4744 1273 4797 in
1303 4744 1592 4811 Evangelio
1633 4746 1894 4814 increpat,
1937 4747 2120 4802 dicens
2153 4767 2164 4801 :

581 4835 842 4889 Abraham
890 4836 1163 4888 exsultavit
1203 4844 1258 4888 ut
1294 4835 1485 4889 videret
1529 4835 1662 4889 dicm
1709 4853 1910 4898 metuit;
1946 4837 2086 4900 vidit,
2121 4847 2168 4890 et

584 4928 786 4994 gavisus
832 4937 907 4980 est
937 4928 1116 4994 (Joan.
1151 4943 1260 4993 vin,
1311 4926 1422 4992 56).
1481 4925 1542 4978 Et
1585 4927 1750 4980 item:
1781 4928 1844 4982 Si
1893 4929 2167 4982 credere'is

583 5011 774 5080 Moysi,
805 5015 1079 5067 crederetis
1109 5017 1280 5078 utique
1307 5023 1356 5069 et
1386 5015 1532 5078 mihi,
1567 5015 1630 5067 de
1658 5032 1736 5067 me
1764 5016 1899 5068 enim
1924 5015 2011 5068 ille
2039 5019 2169 5070 scri-

582 5111 687 5170 psit
732 5103 892 5168 (Ibid.
929 5120 979 5168 v,
1036 5103 1150 5176 46).
1194 5105 1513 5160 Neseierunt
1560 5122 1687 5172 ergo
1727 5107 2028 5170 Dominum,
2076 5109 2169 5177 qui

584 5203 889 5246 venientem
915 5205 968 5247 In
999 5209 1160 5248 carne
1182 5211 1361 5249 nosua
1387 5197 1800 5266 ltedcmptorcm
1829 5207 2166 5266 spreverunt.

586 5278 739 5336 Unde
766 5297 860 5352 per
880 5281 1069 5338 Isaiam
1091 5287 1352 5355 queritur,
1384 5287 1571 5341 dicens
1604 5305 1615 5339 :
1649 5288 1894 5358 Cognovit
1924 5289 2012 5342 bos
2039 5306 2162 5357 pos-

585 5389 835 5429 sessorem
873 5391 1042 5443 suum,
1068 5387 1118 5431 et
1146 5379 1324 5432 asinus
1345 5395 1573 5449 pra’sepe
1604 5378 1812 5433 Domini
1848 5381 1928 5432 sui
1946 5396 1963 5443 ;
1995 5377 2166 5433 Israel

583 5476 750 5520 autem
779 5485 860 5520 me
896 5484 999 5523 non
1027 5471 1258 5539 cognovit
1284 5474 1300 5541 (
1327 5469 1456 5524 Isai.
1491 5487 1529 5535 t,
1558 5470 1592 5522 5
1621 5470 1660 5539 ).
1686 5470 1847 5537 Quasi
1877 5471 2019 5524 dicat
2052 5487 2064 5522 :
2099 5469 2165 5523 Et

586 5555 968 5636 incarnationis
996 5575 1127 5613 mete
1157 5561 1269 5615 vias
1310 5562 1359 5615 ci
1407 5561 1562 5631 longe
1604 5571 1726 5616 ante
1757 5577 1853 5630 per
1875 5561 2165 5630 prophetas

585 5653 788 5717 aperui,
821 5664 870 5708 et
905 5663 1078 5712 tamen
1115 5659 1162 5709 111
1195 5657 1334 5724 quod
1359 5657 1710 5728 promiseram
1739 5655 2032 5710 exhibitum
2057 5669 2162 5707 non

2275 4550 2361 4605 isti
2392 4565 2487 4619 per
2515 4551 2801 4603 humanam
2842 4547 3159 4616 sapientiam
3190 4553 3244 4599 et
3272 4542 3567 4598 divinitatis
3597 4550 3654 4595 et
3675 4541 3855 4594 huma-

2274 4643 2456 4698 nitatis
2503 4642 2621 4711 ejus
2671 4650 3008 4694 sacramenta
3054 4644 3335 4693 evacuant.
3385 4635 3525 4689 Puer
3555 4636 3742 4704 itaque
3779 4649 3856 4687 sa-

2271 4736 2504 4791 cerdotis
2532 4735 2598 4789 ad
2630 4734 2922 4789 tollendum
2968 4732 3201 4786 ﬁdelium
3248 4732 3399 4786 cibos
3447 4729 3701 4793 mittitur,
3736 4730 3856 4798 quia

2268 4825 2572 4881 Iudaeorum
2624 4825 2876 4894 populus,
2924 4839 2951 4876 a
3005 4823 3107 4875 tite
3147 4822 3524 4892 Redemptoris
3578 4822 3854 4890 expulsus,

2271 4935 2508 4973 amorem
2561 4916 2682 4969 ﬁdei
2719 4914 2837 4981 ejus
2875 4930 2903 4967 a
2952 4913 3118 4968 corde
3161 4913 3392 4967 ﬁdelium
3439 4914 3651 4967 auferre
3694 4913 3854 4966 vehe-

2271 5017 2480 5063 menter
2525 5007 2745 5061 studuit.
2794 5005 2895 5071 Qui
2943 5014 3066 5073 aple
3113 5003 3425 5058 fuscinulam
3473 5005 3766 5059 tridentem
3809 5005 3854 5056 in

2271 5115 2430 5153 manu
2492 5097 2740 5152 habuisse
2789 5089 3123 5164 perhibetur,
3177 5096 3368 5163 quibus
3420 5095 3596 5149 carnis
3646 5103 3852 5162 partem

2273 5207 2430 5258 quam
2490 5198 2672 5258 posset
2733 5186 2956 5255 inﬁgere
3009 5185 3255 5241 eductam
3306 5186 3460 5252 coqui
3520 5185 3850 5254 prohiberet.

2265 5280 2549 5336 Fuscinula
2577 5279 2778 5349 quippe
2807 5278 2860 5331 in
2891 5293 3054 5332 manu
3096 5277 3243 5345 pueri
3270 5277 3415 5330 illata
3441 5283 3639 5329 sancta:
3664 5273 3846 5328 Eccle-

2264 5375 2357 5428 siae
2399 5372 2604 5427 Judaici
2643 5371 2827 5442 populi
2871 5369 3178 5440 persecutio
3217 5377 3317 5424 est.
3368 5368 3433 5421 Et
3477 5367 3600 5436 quia
3646 5366 3853 5420 blandi-

2267 5465 2481 5529 mentis,
2507 5463 2680 5533 pmnis
2707 5470 2869 5529 atque
2893 5461 3188 5515 terroribus
3225 5475 3420 5513 nocere
3454 5458 3697 5512 ﬁdelibus
3731 5465 3849 5509 ten-

2267 5560 2420 5627 tavit,
2447 5568 2557 5613 trcs
2587 5557 2772 5627 utique
2807 5556 3068 5610 fuscinula
3099 5555 3288 5609 dentes
3329 5555 3535 5608 habuit.
3582 5553 3727 5606 Bene
3756 5567 3849 5604 au-

2268 5657 2377 5706 tem
2430 5649 2626 5705 dicitur
2667 5649 2792 5716 quia
2849 5646 2991 5716 quod
3043 5647 3251 5702 levabat
3316 5645 3574 5702 fuscinnla
3631 5643 3848 5698 tollebat
