4000 6296
123 302 190 357 93
981 295 1040 348 IN
1085 293 1344 348 PRIMUM
1389 287 1629 344 REGUM
1673 284 2181 342 EXPOSITIONES.
2225 319 2293 329 —
2333 289 2460 345 LIB.
2503 289 2563 344 ll.
3343 292 3408 360 9i

125 427 254 482 puer
301 407 717 475 sacerdotibus,
760 405 882 475 quia
910 417 1100 472 magna
1131 402 1367 472 epulatio
1415 399 1721 467 iniquorum
1753 401 1797 452 Α
1826 411 2018 450 vorare
2046 411 2140 465 per
2159 397 2483 453 desiderium
2508 400 2750 469 cupiunt,
2780 399 3074 456 divinitatis
3113 403 3288 456 cibum
3320 421 3408 460 re-

127 504 479 574 pnelatorum
529 508 667 561 erat,
709 499 754 552 si
787 512 908 551 eum
951 493 1339 549 blandientium
1385 490 1497 544 sive
1538 488 1721 542 furen-

127 595 253 647 tiunt
305 591 608 644 satellitum
660 588 816 642 turba
867 585 1237 646 subverteret,
1285 596 1444 650 quem
1503 581 1555 634 in
1603 581 1723 635 fidei

128 693 321 736 nostra:
351 680 691 734 sublimitate
725 687 870 731 stare
903 691 1000 744 per
1025 673 1417 728 confessionem
1441 671 1722 738 cognovis-

127 782 262 830 sent.
286 771 546 840 Sequitur
583 789 596 823 :

196 865 373 930 (Vers.
407 861 500 925 H,
550 859 664 926 15.)
696 859 786 914 Sic
829 859 1090 928 faciebant
1127 858 1361 912 universo
1409 854 1597 910 lsraeli
1639 869 1723 908 ves

127 956 283 1009 nienti
305 954 357 1005 in
384 951 528 1016 Silo,
555 952 714 1004 etiam
743 959 1018 1020 antequam
1046 947 1311 1000 adolerent
1341 946 1564 1015 adipem.

197 1046 249 1097 5.
275 1043 460 1111 Adeps
489 1042 710 1109 quidem
742 1040 950 1092 interna
976 1037 1244 1108 pinguedo
1280 1045 1381 1101 est,
1415 1037 1466 1089 in
1498 1050 1604 1103 qua
1636 1035 1719 1088 ni-

130 1138 318 1191 mirum
351 1134 438 1186 illa
473 1133 694 1186 devotio
725 1130 919 1184 mentis
959 1130 1319 1199 exprimitur,
1368 1143 1474 1197 qua
1515 1129 1720 1182 electo-

131 1243 243 1282 rum
293 1233 508 1279 mentes
547 1223 816 1277 conditori
861 1237 961 1275 suo
1007 1222 1060 1276 in
1101 1221 1413 1291 perfectiori
1460 1219 1722 1272 charitate

132 1315 475 1383 co;=ulantur.
518 1313 622 1378 Qui
669 1321 820 1366 recte
859 1311 968 1380 jam
1011 1320 1168 1368 cocta
1215 1326 1379 1366 carne
1420 1308 1718 1372 immolant,

134 1406 251 1474 quia
282 1417 567 1468 assurgere
600 1401 717 1470 quis
763 1400 828 1453 ad
870 1400 1260 1456 sublimitatem
1299 1398 1576 1454 charitatis
1614 1413 1721 1450 non

135 1492 348 1564 poterit,
399 1492 502 1546 nisi
535 1493 686 1560 prius
704 1506 824 1560 qua:
853 1490 1024 1545 credit
1060 1499 1204 1544 amet
1244 1488 1498 1560 mysteria
1545 1489 1722 1542 incar-

136 1596 271 1642 nata:
299 1585 616 1639 divinitatis.
649 1583 1059 1638 Humanitatem
1089 1585 1289 1654 quippe
1332 1583 1545 1637 Domini
1593 1583 1719 1636 Jesu

137 1681 188 1734 in
256 1678 593 1732 divinitatem
638 1685 968 1745 assumptam
1026 1691 1123 1746 per
1167 1683 1411 1731 sanctum
1462 1675 1720 1744 Spiritum

1825 490 2122 557 promittat,
2155 490 2381 545 dicens:
2427 490 2578 545 Prius
2623 493 2780 560 coqui
2807 492 2966 546 sinite
3011 493 3153 560 quod
3199 495 3264 546 ad
3322 511 3407 549 re-

1824 581 2109 636 fectionem
2134 583 2252 636 vita:
2270 583 2510 640 habeatis
2539 583 2589 636 in
2616 583 2816 652 Spiritu
2841 595 3028 637 sancto
3056 583 3406 638 intellectum.

1825 673 1906 727 An
1934 691 2040 728 non
2082 684 2208 730 tunc
2237 691 2368 745 puer
2395 675 2690 729 sacerdotis
2719 677 2936 731 crudam
2966 692 3182 730 carnem
3229 678 3403 745 petiit,

1823 780 1945 819 cmn
1971 765 2268 818 illtuninato
2295 780 2324 818 a
2356 775 2380 800 α
2413 765 2637 819 Donuno
2666 769 2712 819 ei
2731 767 2821 834 qui
2845 782 3020 822 cmens
3051 767 3224 820 fuerat
3253 777 3410 821 natus

1824 854 2098 908 diceretur
2122 872 2133 906 :
2171 854 2251 906 Da
2272 854 2488 924 gloriam
2513 854 2645 918 Deo;
2675 872 2769 912 nos
2795 857 2983 909 scimus
3005 858 3126 927 quia
3147 858 3227 909 hic
3258 857 3408 910 homo

1823 955 2059 1014 peccator
2089 953 2165 999 est
2193 943 2372 1016 (.Ioan.
2417 960 2493 1011 tx,
2537 943 2657 1013 ‘24)?
2690 944 2825 1010 Quid
2856 953 2937 998 est
2975 944 3174 1009 dicere,
3201 945 3265 997 da
3297 947 3411 1014 glo-

1824 1038 1955 1089 riam
1979 1035 2110 1102 Deo,
2141 1036 2240 1088 nisi
2272 1051 2378 1088 non
2403 1035 2525 1096 huic
2551 1035 2840 1088 curationis
2859 1034 3161 1088 tutelaudes
3189 1035 3410 1096 tribuas,

1823 1127 1948 1193 quia
1979 1125 2120 1179 Deus
2166 1141 2271 1179 non
2301 1127 2429 1180 est?
2457 1124 2478 1159 δ’
2509 1133 2565 1179 et
2591 1125 2680 1194 qui
2706 1134 2961 1194 peccator
2987 1126 3271 1189 asseritur,
3306 1140 3412 1178 non

1825 1217 1997 1272 solum
2024 1217 2165 1270 Deus
2185 1232 2304 1271 esse
2321 1223 2566 1284 negatur,
2593 1216 2684 1270 sed
2710 1216 2873 1272 etiam
2919 1217 3081 1271 homo
3097 1215 3290 1284 justus.
3315 1215 3410 1268 Cui

1824 1309 2066 1376 profecto
2111 1309 2328 1362 crudam
2380 1322 2537 1376 quam
2565 1307 2784 1376 petebat
2808 1319 3022 1361 carnem
3053 1305 3290 1374 prtebere
3315 1320 3411 1358 no-

1824 1397 1941 1460 luit,
1991 1406 2200 1451 coctam
2249 1395 2460 1458 obtulit,
2503 1396 2630 1466 quia
2658 1411 2817 1464 quem
2859 1394 3047 1448 salutis
3085 1408 3194 1448 sua:
3226 1401 3410 1447 aucto-

1825 1501 1937 1539 rem
1969 1487 2229 1540 instanter
2275 1486 2522 1548 asseruit,
2551 1495 2571 1522 ε
2624 1500 2688 1540 ex
2719 1493 2935 1538 ostenso
2985 1491 3147 1536 tanta:
3183 1481 3410 1534 admira-

1827 1577 1986 1630 tionis
2016 1577 2189 1645 signo,
2239 1592 2349 1630 non
2398 1577 2570 1630 solum
2601 1576 2874 1631 hominem
2900 1582 3162 1637 sanctum,
3195 1571 3288 1626 sed
3325 1586 3410 1624 ve-

1825 1683 1944 1721 rum
1976 1668 2141 1720 Deum
2173 1682 2291 1721 esse
2314 1667 2649 1720 monstravit.
2684 1666 2784 1730 Qui
2815 1673 2993 1718 autem
3018 1664 3164 1731 sequi
3195 1661 3412 1727 bestias,

136 1771 382 1833 credere,
427 1783 551 1838 qua:
586 1767 892 1822 immolatur
928 1769 1037 1822 Deo
1078 1782 1295 1823 carnem
1343 1782 1578 1836 coquere
1617 1773 1719 1820 est,
1754 1760 1802 1820 Β
1829 1759 2019 1812 autissa
2045 1759 2270 1822 ratione,
2294 1757 2522 1829 populus
2542 1764 2800 1824 cmpcrat,
2833 1755 3054 1808 crudam
3075 1753 3174 1806 sibi
3197 1768 3412 1806 carnem

136 1861 264 1916 Ante
304 1861 468 1928 igitur
517 1876 684 1929 quam
722 1859 1035 1914 adoleretur
1070 1859 1255 1935 adeps,
1305 1858 1416 1929 68
1442 1872 1577 1928 puer
1602 1873 1720 1912 car-

139 1969 254 2008 nem
280 1953 579 2023 przeripere
620 1952 821 2007 studuit
843 1953 895 2006 in
925 1953 1178 2006 universo
1221 1951 1438 2018 lsraele,
1468 1952 1593 2018 quia
1621 1967 1718 2020 ap-

136 2047 388 2115 paritores
412 2045 718 2115 Synagoga:
759 2059 924 2098 novos
952 2043 1153 2099 Christi
1197 2043 1536 2097 confessores
1565 2051 1720 2110 puta-

135 2145 319 2193 verunt
365 2145 621 2190 evertere
669 2135 817 2206 prius
864 2151 1024 2204 quam
1076 2149 1172 2189 eos
1222 2134 1578 2203 omnipotenti
1609 2132 1720 2187 Deo

135 2227 358 2282 charitas
386 2224 635 2295 perfecta
659 2226 911 2280 satiaret.
936 2224 1088 2290 Quod
1128 2223 1368 2293 apertius
1398 2225 1510 2290 ipsa
1555 2237 1722 2277 sacra:

138 2315 356 2370 historia:
396 2315 562 2368 verba
592 2314 852 2382 indicant,
874 2315 1068 2382 quibus
1099 2314 1296 2368 dicitur
1324 2331 1336 2367 ε
1381 2313 1515 2366 Dum
1538 2329 1721 2383 coque-

139 2420 299 2463 rentur
327 2425 531 2461 carnes.
569 2406 677 2461 Per
705 2422 824 2475 quzc
854 2407 1100 2460 nimirum
1129 2405 1288 2460 verba
1321 2421 1427 2459 non
1461 2405 1722 2472 perfectio

139 2501 405 2565 coctionis,
449 2499 547 2552 sed
577 2508 868 2567 apparatus
897 2498 1151 2550 innuitur.
1185 2495 1289 2550 Sed
1321 2495 1454 2550 ordo
1507 2495 1722 2548 nefaria:

143 2588 282 2656 hujus
310 2587 618 2640 exactionis
656 2587 958 2640 ostenditur
987 2601 1082 2654 per
1109 2601 1172 2639 ea
1201 2601 1319 2653 ipa:
1351 2595 1681 2653 sequuntur:

205 2676 371 2746 (Vers.
405 2674 518 2744 15.)
564 2677 817 2730 ι”εηὶεἷραι
843 2692 967 2746 puer
994 2675 1277 2729 sacerdotis
1307 2683 1355 2727 et
1384 2674 1584 2726 dicebat
1625 2675 1715 2726 im-

145 2768 340 2822 molanti
363 2783 382 2821 :
406 2765 490 2819 Da
521 2767 653 2839 mihi
681 2783 912 2833 carnem,
949 2775 1003 2819 ut
1039 2782 1250 2837 coquom
1277 2764 1567 2828 sacerdoti;
1619 2780 1724 2818 non

144 2857 263 2922 enim
291 2857 542 2924 accipiam
567 2873 602 2908 a
634 2865 684 2908 te
709 2871 913 2908 carnem
945 2864 1160 2918 coctam,
1185 2855 1276 2908 sed
1301 2854 1534 2908 crudam.

207 2947 254 3000 6.
285 2947 508 3000 Carnem
538 2945 765 3000 crudam
792 2960 959 3014 puero
988 2945 1173 3009 daret,
1206 2945 1297 3012 qui
1325 2959 1506 2998 coram
1538 2958 1724 3013 perse-

147 3033 396 3088 cutoribus
445 3034 842 3102 humanitatem
892 3033 1086 3086 Christi
1129 3047 1314 3102 puram
1361 3040 1644 3098 assereret,
1673 3039 1729 3086 et

1825 1849 2060 1902 exhiberi
2085 1850 2388 1916 importune
2415 1847 2739 1916 postulabat.
2772 1846 2904 1898 Nam
2932 1845 3174 1913 sequitur
3202 1862 3212 1896 :

1897 1942 2074 2011 (Vers.
2108 1941 2220 2012 16.)
2246 1939 2402 1998 Nunc
2422 1940 2592 2006 dabis,
2622 1939 2849 2010 alioquin
2875 1937 3052 1990 tollam
3083 1937 3172 1991 tibi
3204 1938 3270 1991 vi.

1894 2034 2146 2103 Sequitur
2179 2051 2192 2086 :
2247 2045 2255 2053 ‘
3341 2020 3348 2026 ’

1898 2127 2072 2196 (Vers.
2109 2127 2220 2194 17.)
2269 2121 2400 2178 Erat
2438 2124 2570 2178 enim
2599 2133 2860 2194 peccatum
2908 2136 3178 2188 puerorum
3219 2119 3414 2188 grande

1824 2221 1977 2274 nimis
2004 2235 2178 2273 coram
2213 2217 2456 2271 Domino.

1896 2311 1962 2364 Et
1987 2324 2203 2365 causam
2231 2322 2335 2378 qua
2361 2305 2564 2374 grande
2597 2307 2712 2360 fore
2739 2305 2846 2358 hoc
2874 2310 3156 2372 peccatum
3186 2299 3412 2352 demon-

1825 2407 2091 2454 straretur
2120 2397 2383 2465 adjungil,
2409 2395 2592 2450 dicens
2621 2411 2634 2447 :

1895 2492 2070 2565 (Vers.
2105 2490 2216 2560 17.)
2241 2487 2440 2553 Quiade
2491 2486 2762 2540 trahebant
2787 2482 2810 2520 δ
2834 2485 3067 2538 homines
3103 2499 3135 2535 a
3161 2481 3415 2549 sacriﬁcio

1830 2584 2055 2640 Domini.

1815 2663 1820 2668 ’
1894 2681 2005 2750 69
2041 2678 2093 2732 8.
2137 2677 2351 2732 Grande
2392 2676 2552 2731 nimis
2594 2681 2874 2744 peccatum
2906 2686 3025 2727 esse
3054 2669 3415 2737 cognoscitur,

1826 2771 1968 2840 quod
1999 2769 2328 2840 paenitentia:
2358 2766 2606 2837 lacrymis
2635 2781 2741 2820 non
2771 2764 2997 2819 deletur.
3041 2763 3152 2816 Hoc
3183 2774 3416 2826 namque

1825 2861 1984 2915 nimis
2006 2861 2206 2928 grande
2229 2867 2510 2930 peccatum
2541 2856 2841 2927 Synagoga:
2874 2853 3136 2924 propheta
3181 2852 3417 2909 intuens.

1827 2956 1902 3010 ait
1926 2973 1938 3008 :
1972 2955 2246 3008 Peccatum
2266 2952 2418 3007 .ludte
2443 2953 2690 3020 scriptum
2717 2957 2791 3003 est
2815 2949 2947 3018 stle
2972 2949 3160 3017 ferreo,
3177 2945 3226 2996 in
3252 2957 3420 3013 ungue

1829 3048 2167 3101 adamantina
2210 3045 2424 3115 (Jerem.
2449 3059 2580 3109 xvu,
2629 3041 2706 3111 1).
2739 3040 2832 3094 Vel
2863 3047 3010 3094 certe
3032 3036 3234 3105 grande
3267 3033 3421 3086 nimis

149 3138 250 3184 eam
277 3138 402 3192 puer
430 3122 709 3178 sacerdoti
740 3131 1019 3196 coqueret,
1047 3123 1168 3190 quia
1202 3123 1483 3191 perignem
1514 3121 1728 3174 malitia:
1753 3117 1808 3185 ο
1834 3155 2016 3195 comm
2058 3137 2286 3190 υηηίιιο
2330 3141 2610 3204 peccatum
2655 3139 2789 3194 erat,
2820 3130 2944 3198 quia
2988 3127 3053 3181 ad
3084 3125 3417 3196 peccandum

148 3210 374 3267 Iudaicus
421 3213 659 3282 pepulus
691 3213 792 3268 hoc
821 3211 1051 3282 putaret,
1103 3213 1246 3280 quod
1275 3211 1392 3280 ejus
1434 3212 1634 3281 ptzclati
1676 3213 1731 3266 in

151 3303 322 3356 tuentis
346 3319 452 3358 sua:
475 3302 578 3357 ref.
601 3303 780 3358 ctione
808 3303 1036 3357 libenter
1057 3302 1388 3371 exciperent.
1415 3301 1574 3358 Venit
1601 3315 1729 3370 ergo

151 3406 264 3462 puer
288 3393 609 3457 sacerdotis,
667 3403 721 3446 ct
768 3394 985 3448 crudam
1015 3408 1233 3448 carnem
1289 3393 1463 3463 petiit,
1512 3395 1728 3462 quando

151 3483 375 3557 Iudaicus
404 3490 641 3557 populus
669 3488 859 3540 littera:
901 3487 1034 3555 legis
1075 3487 1316 3541 serviens
1342 3528 1358 3550 ,
1397 3487 1727 3540 divinitatem

152 3577 504 3648 Redemptoris
525 3594 729 3646 negare
761 3579 1007 3632 lidelibus
1036 3578 1322 3647 suggessit.
1351 3577 1580 3644 Veniens
1600 3594 1729 3646 ergo

151 3670 291 3724 dicit:
324 3669 442 3724 Non
476 3689 554 3722 σοι
576 3672 738 3740 ipiam
765 3687 797 3722 a
821 3681 867 3722 te
895 3686 1103 3746 carnem
1129 3681 1347 3734 coctam,
1379 3669 1470 3728 sed
1492 3669 1725 3723 crudam.

152 3760 263 3826 Quia
285 3776 438 3828 quem
460 3777 662 3831 purum
685 3761 955 3814 hominem
979 3759 1148 3814 ﬁdelis
1167 3759 1426 3827 compulit
1459 3758 1726 3823 conliteri,

152 3863 202 3902 es
225 3849 430 3903 eDeum
477 3866 586 3904 nec
614 3849 802 3903 audire
836 3849 1022 3903 voluit.
1046 3848 1214 3916 Cujus
1265 3847 1506 3918 profecto
1544 3849 1729 3918 populi

153 3940 500 4010 importunitas
540 3941 868 4005 ostenditur,
899 3957 1020 3995 cum
1047 3942 1211 3996 verba
1241 3941 1499 4010 sacrilega
1531 3942 1582 3994 in
1631 3957 1728 4004 nee

153 4026 265 4082 furia
309 4031 599 4085 exactione
647 4030 1009 4099 geminantur.
1060 4029 1192 4083 Nam
1257 4030 1543 4098 sequitur:
1606 4030 1728 4085 Non

150 4121 267 4173 enim
292 4123 539 4191 accipiant
569 4140 605 4176 α
637 4133 687 4175 te
714 4139 923 4175 carnem
952 4130 1169 4189 coctam,
1203 4121 1294 4175 sed
1321 4123 1553 4175 crudam.
1593 4123 1728 4189 Quia

153 4205 309 4262 lesum
341 4211 626 4265 Dominum
650 4228 716 4264 ac
750 4212 1162 4281 Redemptorem
1186 4223 1453 4278 nostrum,
1490 4231 1594 4268 non
1625 4214 1730 4268 Do-

155 4303 330 4363 minum
367 4313 420 4358 et
473 4303 777 4371 hominem,
826 4305 920 4358 sed
965 4320 1154 4372 purum
1187 4312 1396 4358 tantum
1453 4305 1724 4360 hominem

156 4395 315 4448 aufire
342 4395 498 4449 valde
528 4395 880 4459 desideravit.
909 4395 1014 4450 Sed
1036 4413 1172 4479 quos
1200 4397 1352 4464 quasi
1383 4397 1728 4466 imperfectus

1834 3219 1978 3283 alios.
2007 3226 2372 3298 pertrabebat.
2409 3223 2588 3290 Quare
2613 3231 2668 3276 ct
2695 3221 2975 3275 subditur:
3013 3218 3146 3282 Quia
3187 3217 3422 3270 detrahe-

1835 3319 1954 3372 bant
1981 3318 2212 3371 homincs
2237 3332 2269 3368 α
2294 3314 2554 3382 sacriﬁcio
2585 3310 2814 3365 Domini.
2841 3307 3203 3361 Detrahebant
3223 3305 3422 3374 quippe

1833 3427 1865 3465 a
1914 3409 2176 3464 sacrilicio
2223 3407 2484 3470 homines,
2534 3403 2660 3474 quia
2710 3400 2777 3454 ad
2815 3399 3206 3454 confessionem
3258 3404 3420 3449 recta:

1835 3501 1956 3556 fidei
1987 3499 2234 3569 progredi
2265 3496 2598 3552 inlirmorum
2628 3491 2788 3547 corda
2820 3489 3198 3560 prohibebant.
3233 3486 3299 3539 Et
3329 3502 3422 3538 no-

1834 3593 2053 3646 tandum
2102 3590 2227 3659 quia
2259 3589 2352 3658 qui
2395 3587 2750 3643 detrahuntur
2798 3598 2827 3635 a
2869 3579 3134 3636 sacrilicio
3175 3579 3425 3632 homines

1833 3681 2102 3742 dicuntur,
2135 3678 2258 3748 quia
2293 3677 2544 3730 nimirum
2580 3675 2623 3728 si
2657 3673 2708 3726 in
2743 3671 3104 3725 lideinostrzc
3136 3682 3258 3719 vera
3292 3681 3418 3720 con-

1834 3770 2068 3825 fessione
2099 3770 2470 3837 persisterent,
2498 3766 2600 3820 hos
2628 3753 2838 3819 divinus
2863 3777 3041 3816 sermo
3069 3760 3301 3812 tiliorum
3330 3757 3422 3810 Dei

1831 3859 2193 3928 appellatione
2241 3858 2496 3923 signaret.
2530 3854 2734 3921 Quibus
2772 3850 3014 3922 profecto
3061 3865 3156 3918 per
3199 3847 3422 3901 Psalmi-

1832 3949 2241 4014 starnDiminus
2270 3948 2436 4002 dicit:
2469 3945 2584 4017 Ego
2609 3945 2721 3999 dixi
2752 3943 2824 3996 dii
2844 3944 2989 4005 estis,
3021 3949 3068 3994 et
3099 3940 3198 4009 [itii
3231 3939 3422 3991 excelsi

1831 4058 2024 4104 omnes,
2046 4057 2132 4094 vos
2144 4050 2312 4093 autem
2334 4041 2465 4092 sicut
2487 4037 2718 4091 homines
2734 4033 3023 4088 moriemini
3048 4030 3218 4093 (Psal.
3240 4045 3424 4099 LXXXI,

1832 4130 1885 4194 6,
1920 4130 1994 4199 7).
2029 4130 2282 4198 Sequitur
2306 4137 2485 4182 autem
2518 4143 2532 4179 :

1904 4222 2078 4291 (\j'ers.
2115 4220 2226 4289 18.)
2289 4218 2504 4274 Samuel
2551 4226 2724 4270 autem
2766 4225 2878 4270 erat
2919 4215 3155 4286 minister
3197 4215 3250 4265 in
3299 4229 3422 4265 con-

1831 4324 2007 4379 spectu
2036 4312 2266 4375 Domini,
2291 4327 2418 4382 puer
2440 4311 2699 4363 accinctus
2719 4307 2885 4378 ephod
2909 4307 3065 4360 lineo.

1902 4405 1954 4458 9.
1997 4404 2256 4458 Subtilior
2293 4417 2453 4471 qnam
2486 4401 2639 4455 lanea
2663 4399 2828 4453 vestis
2870 4398 3010 4452 linea
3055 4411 3172 4450 esse
3211 4410 3416 4462 cogno-

159 4483 202 4536 in
229 4500 374 4538 carne
404 4489 653 4550 tentavit,
689 4485 958 4556 perlectos
996 4487 1212 4554 reperit.
1245 4485 1374 4540 Nam
1405 4487 1494 4556 qui
1526 4487 1720 4540 divini-

1837 4497 2013 4552 scitur.
2039 4496 2175 4564 Apte
2197 4501 2374 4547 autem
2400 4491 2617 4546 Samuel
2647 4492 2788 4544 lineo
2818 4488 2993 4560 ephod
3025 4487 3240 4541 indutus
3271 4501 3418 4539 asse-

161 4584 297 4628 tatem
327 4576 706 4648 Redemptoris
727 4592 922 4645 negare
944 4579 1203 4648 compulsi
1233 4587 1374 4643 sunt,
1408 4594 1514 4633 non
1552 4584 1724 4633 solum

160 4661 548 4736 lledemptorem
605 4669 896 4722 noluerunt
944 4683 1161 4737 negare,
1213 4668 1308 4722 sed
1362 4670 1728 4738 compulsores

158 4769 268 4814 suos
291 4759 636 4812 curabantad
670 4760 830 4812 vitam
866 4759 1098 4814 trahere.
1133 4757 1281 4813 Unde
1311 4766 1365 4812 et
1406 4761 1688 4829 sequitur:

220 4846 379 4903 (Veri.
414 4847 524 4919 16.)
557 4848 879 4917 Dicebatque
925 4850 1004 4902 illi
1054 4849 1326 4902 immolans
1358 4866 1374 4902 :
1409 4848 1729 4904 Incendatur

158 4946 353 5005 primum
383 4953 537 5011 )Utla
580 4959 774 4996 morem
804 4942 958 4996 hodie
987 4941 1166 5012 adeps,
1197 4950 1242 4994 et
1275 4943 1400 4995 tolle
1429 4941 1517 5018 tibi
1564 4959 1732 5014 quan-

161 5036 252 5083 tum
276 5032 525 5088 desiderat
548 5037 728 5088 anima
762 5044 867 5088 tua.

222 5121 267 5173 Ἰ.
295 5123 333 5176 Α
355 5126 565 5179 bestiali
588 5126 857 5196 siquidem
893 5128 1131 5196 appetitu
1170 5127 1332 5182 cruda
1372 5129 1732 5198 postulantem

164 5220 378 5268 avertere
406 5217 619 5282 nititur,
653 5217 744 5284 qui
784 5217 830 5270 ei
877 5217 942 5270 ad
974 5218 1180 5270 libitum
1235 5227 1388 5272 cocta
1433 5220 1732 5288 pollicetur.

164 5302 303 5366 Quasi
347 5308 483 5362 male
527 5308 896 5364 esurientibus
923 5308 1118 5364 Jquis
1148 5319 1337 5368 sancta
1367 5310 1603 5366 Ecclesia
1646 5328 1736 5367 re-

165 5407 391 5463 Sponsum
407 5401 674 5469 'prtcbeat,
707 5408 762 5455 et
791 5417 890 5472 pro
917 5403 1253 5458 humanitate
1281 5403 1531 5473 simplici,
1574 5421 1734 5474 quam

230 5584 251 5695 ἶ
297 5575 448 5632 Gilot.
497 5588 553 5632 et
595 5578 791 5643 Vatic.,
846 5577 1066 5634 Domino
1116 5595 1174 5634 eo
1222 5579 1307 5649 qui
1346 5595 1507 5634 circus
1559 5581 1728 5650 fuerat

248 5664 316 5695 ns-

170 5661 316 5703 natus.

232 5716 253 5753 δ
277 5717 447 5784 Iidem,
470 5729 517 5771 It
543 5736 689 5781 quin.

1833 4587 1988 4652 ritur,
2021 4601 2116 4654 per
2143 4599 2304 4652 quem
2333 4583 2676 4638 sacerdotum
2707 4579 3065 4635 ordoelectus
3089 4593 3152 4631 ex
3177 4577 3426 4644 gentibus
3461 4614 3467 4620 .

1833 4677 2163 4743 designatur.
2203 4673 2335 4727 Nim
2377 4674 2427 4728 in
2458 4671 2864 4740 comparatione
2901 4667 3085 4736 legalis
3125 4667 3247 4717 vita:
3284 4680 3421 4716 nova

1837 4766 2104 4834 Evnngelii
2152 4763 2492 4818 conversatio
2542 4761 2633 4815 lini
2683 4759 2953 4814 subtilitas
3001 4764 3102 4808 est.
3159 4754 3229 4807 lbi
3277 4753 3419 4806 enin.

1835 4857 2033 4927 aliquid
2064 4855 2296 4910 animale
2319 4861 2645 4923 praeceptum
2666 4859 2767 4913 est,
2800 4848 2870 4902 ibi
2893 4846 3066 4900 omnis
3090 4843 3424 4898 maledicitur

1837 4963 1866 5001 a
1895 4962 2001 5014 quo
2033 4945 2236 5000 semina
2270 4942 2582 5013 propaginis
2613 4947 2663 4996 in
2696 4941 2825 4994 Sion
2857 4937 3001 4992 nulla
3028 4935 3420 5004 relinquuntur.

1835 5040 1894 5094 In
1923 5040 2072 5096 Novo
2099 5049 2278 5094 autem
2305 5037 2670 5100 Testamento,
2703 5034 2824 5101 quia
2855 5030 3134 5085 subtiliora
3161 5037 3285 5080 sunt
3309 5042 3426 5079 ont-

1839 5135 1948 5193 nia.
1984 5133 2224 5201 quisquis
2253 5131 2368 5199 ejus
2409 5128 2688 5199 praeceptis
2717 5127 2903 5187 utitur,
2936 5123 3083 5178 velut
3125 5119 3425 5177 delicatiori

1839 5224 1930 5278 lini
1961 5232 2108 5277 veste
2140 5222 2459 5275 decoratur:
2494 5219 2565 5273 ibi
2589 5218 2788 5288 quippe
2813 5213 3067 5270 connubii
3103 5209 3424 5265 abstinentia

1839 5317 2142 5374 damnatur,
2173 5315 2260 5368 hic
2286 5314 2434 5368 miris
2465 5312 2707 5366 laudibus
2734 5295 2960 5374 colitur;
2986 5307 3091 5362 illic
3118 5303 3426 5360 sacerdotes

1840 5406 2126 5461 carnalter
2147 5411 2424 5471 generant,
2458 5403 2545 5457 hic
2574 5401 2801 5456 fructum
2838 5398 3094 5470 spiritalis
3119 5389 3426 5465 propaginis

1912 5590 1932 5616 ε
1969 5579 2149 5643 (τιιςςη
2181 5596 2243 5632 ως
2271 5580 2467 5647 offenso
2509 5587 2667 5634 tanta:
2695 5575 3054 5632 admirationis
3077 5574 3242 5643 signo.

1907 5649 1929 5685 ⁴¹
1970 5650 2022 5719 In
2057 5651 2232 5718 Υιιιέη
2267 5661 2341 5704 rct
2371 5649 2611 5705 ahcbnnt.
