4000 6296
605 295 669 349 tt‘)
1748 297 1990 354 ssnon
2028 295 2352 350 Gueconu
2397 299 2614 358 manu
3791 294 3851 347 96

605 423 753 470 tanto
778 416 1048 486 copiosius
1076 415 1322 482 afferunt,
1355 424 1556 488 quanto
1585 416 1747 471 etiam
1778 431 1874 485 per
1902 410 2179 481 coniugale
2216 413 2255 466 Λ

605 509 803 563 bonum
845 507 1111 576 pudicitia:
1161 505 1482 560 detrimenta
1530 505 1732 560 sentire
1780 519 1886 559 non
1935 510 2179 572 possunt.

605 599 749 653 Bene
794 608 971 651 autem
1011 596 1137 650 dum
1188 595 1452 650 Samuelis
1503 596 1664 649 vestis
1708 594 1996 663 exponitur
2042 593 2181 646 linea

607 690 767 743 fuisse
794 686 1124 756 perhibetur,
1160 693 1215 738 ut
1245 686 1369 741 novi
1412 684 1699 739 sacerdotii
1739 684 1959 754 gloriam
2000 690 2185 751 aperte

609 777 935 843 ostenderet,
958 776 1098 846 quod
1120 792 1269 830 novte
1292 776 1558 846 pudicitia:
1573 777 1837 831 nitoribus
1856 775 2180 844 splenderet.

605 869 711 921 Sed
737 868 862 924 dum
895 868 946 920 in
985 876 1279 935 conspectu
1312 866 1519 920 Domini
1549 881 1668 920 esse
1694 866 1934 920 minister
1966 864 2186 919 Samuel

606 961 820 1023 dicitur,
865 960 1045 1030 ephod
1076 960 1221 1014 lineo
1264 961 1536 1014 accinctus
1564 967 1910 1023 memoratur,
1954 958 2077 1027 quia
2102 957 2183 1009 di-

604 1054 727 1107 vina
757 1052 1011 1120 obsequia
1045 1059 1170 1106 tunc
1198 1053 1335 1106 bene
1357 1051 1693 1112 exhibentur,
1723 1067 1842 1105 cum
1887 1048 2187 1103 exhibentis

604 1159 835 1213 persona
858 1142 1088 1195 carna'is
1115 1141 1403 1209 voluptatis
1429 1140 1676 1195 sordibus
1701 1155 1805 1194 non
1837 1136 2100 1201 findatur;
2134 1145 2189 1191 et

605 1240 883 1301 acceptum
920 1231 1029 1285 Deo
1069 1238 1194 1283 tunc
1222 1236 1305 1284 est
1341 1244 1534 1282 munus
1578 1228 1878 1289 ministerii,
1921 1242 2041 1281 cum
2092 1241 2188 1295 per

604 1329 800 1376 sancta:
822 1319 1240 1374 conversationis
1263 1317 1578 1371 munditiam
1607 1318 1715 1372 Deo
1739 1316 1931 1388 placita
1955 1324 2037 1370 est
2066 1331 2186 1383 prr-

603 1427 736 1467 soua
767 1410 1013 1466 ministri.
1063 1409 1131 1463 Et
1159 1410 1281 1478 quia
1314 1411 1454 1463 inter
1477 1408 1768 1478 primordia
1801 1407 2051 1462 navitatis
2079 1421 2189 1461 sua:

602 1502 933 1574 proﬁciebat,
957 1501 1133 1555 adhuc
1158 1501 1400 1570 sequitur
1423 1519 1436 1553 :

674 1591 851 1664 (Vers.
884 1590 996 1660 19.)
1035 1589 1105 1644 Ει
1152 1593 1379 1644 tunicam
1423 1606 1635 1660 parvam
1674 1588 1898 1660 faciebat
1934 1590 1981 1643 ei
2026 1597 2190 1642 muter

602 1701 714 1748 sua,
739 1700 891 1751 quam
917 1681 1169 1752 aﬁ'erebat
1205 1683 1275 1750 ei,
1307 1700 1418 1737 cum
1449 1680 1757 1735 ascendebat
1784 1697 1899 1734 cum
1931 1683 2040 1735 viro
2074 1697 2187 1746 suo,

601 1784 656 1827 ut
680 1774 971 1828 immolaret
1000 1772 1224 1828 Domino
1246 1773 1467 1827 hostiam
1489 1774 1790 1825 solemnem.

673 1864 758 1917 10.
802 1864 1013 1917 Sancta:
1054 1863 1306 1918 Ecclesia:
1358 1863 1585 1917 hostinn
1637 1863 1917 1917 immolare
1964 1870 2045 1916 e,t
2088 1876 2183 1930 per

601 1956 815 2025 eloquia
863 1955 1258 2026 prmdicationis
1301 1955 1604 2009 auditorum
1646 1970 1867 2008 suorum
1917 1954 2079 2008 corda
2127 1954 2180 2006 in

604 2061 842 2100 amorem
880 2045 1173 2101 conditoris
1197 2030 1512 2100 accendere.
1560 2044 1709 2099 Tunc
1738 2045 1917 2112 itaque
1946 2043 2183 2098 Samueli

601 2153 764 2209 parva
795 2137 957 2193 vestis
986 2137 1159 2192 delata
1190 2138 1520 2208 perhibetur,
1565 2137 1689 2201 quia
1719 2137 1847 2189 dum
1873 2136 2049 2190 adhuc
2088 2150 2186 2205 per

601 2228 851 2282 novitatis
880 2242 990 2281 sua:
1021 2227 1351 2281 incrementa
1378 2229 1682 2297 proliceret,
1710 2227 1775 2280 ab
1803 2225 2037 2281 Ecclesia
2061 2238 2183 2295 apta

601 2336 710 2376 sua:
761 2321 1010 2390 parvitati
1061 2320 1271 2389 accepit
1333 2330 1680 2374 monumenta
1732 2310 1983 2388 ju:titia3,
2032 2319 2185 2389 cujus

602 2411 887 2482 splendore
909 2412 1161 2465 radiaret.
1185 2411 1435 2479 Sequitur
1461 2428 1475 2465 :

676 2502 853 2571 (Vers.
897 2500 1012 2570 30.)
1052 2500 1122 2554 Et
1164 2500 1424 2556 benedixit
1470 2502 1589 2557 Heli
1629 2503 1907 2567 Ilelcantc,
1951 2513 1998 2556 et
2032 2504 2188 2556 uxori

612 2605 742 2657 sum,
780 2589 954 2643 dicens
976 2605 994 2642 :
1027 2587 1231 2642 Reddat
1268 2591 1361 2644 tibi
1395 2590 1646 2645 Dominus
1677 2609 1846 2645 semen
1875 2592 1939 2646 de
1975 2594 2192 2657 muliere,

609 2676 726 2743 hac,
753 2693 846 2747 pro
873 2677 1066 2746 femore
1084 2677 1219 2746 quod
1239 2679 1606 2733 commendasti
1636 2678 1875 2735 Domino.

674 2765 761 2819 11.
804 2765 938 2832 Quia
985 2767 1055 2819 in.
1082 2783 1310 2835 persona
1350 2767 1467 2823 lleli
1510 2770 1805 2824 sacerdotis
1851 2771 2009 2824 etiam
2058 2770 2183 2824 boni

605 2855 853 2912 doctores
900 2858 1085 2927 populi
1141 2870 1242 2913 vet.
1265 2860 1338 2913 ris
1393 2860 1773 2930 designantur,
1831 2861 2080 2916 lleleante
2128 2870 2185 2916 et

605 2948 759 3002 uxori
804 2947 920 3017 ejus
960 2947 1299 3004 benedixisse
1346 2953 1708 3019 cognoscitur,
1764 2953 1888 3022 quia
1932 2953 2182 3005 nitniram

605 3041 915 3097 eormndem
946 3048 1185 3097 veterum
1216 3043 1499 3099 doctorum
1525 3046 1658 3099 ordo
1682 3045 1879 3100 Christi
1910 3057 1962 3101 et
1985 3054 2182 3101 smettc

2360 408 2440 461 15.
2483 409 2537 462 lu
2569 409 2735 463 tribus
2766 406 2884 460 ﬁliis
2922 407 3271 476 perfectiores
3292 407 3493 477 quique
3531 413 3724 459 sancte
3754 403 3852 459 Ec-

2288 502 2461 555 clesizc
2499 498 2762 566 designati
2803 509 2948 562 sunt,
2983 499 3074 568 qui
3117 514 3214 567 pro
3254 498 3354 553 lide
3389 499 3663 552 'l‘rinitads
3705 500 3855 551 torua

2286 605 2500 658 semper
2525 590 2705 657 egisset
2733 595 3152 655 cognoscuntur.
3185 587 3291 641 Sevi
3329 589 3373 642 si
3409 590 3559 641 ξυιυς
3604 587 3858 655 perfectos

2286 690 2470 736 sancta
2499 680 2737 735 Ecclesia
2763 682 3023 748 gigneret,
3052 689 3231 733 nostra
3264 680 3546 733 inﬁrmitas
3568 679 3631 732 ad
3651 691 3859 732 :eterme

2288 773 2409 826 vita:
2439 773 2652 841 prmmia
2686 772 2967 839 pervenire
2992 789 3095 824 non
3127 780 3328 840 posset.
3355 771 3543 825 Robur
3589 786 3712 837 ergo
3743 772 3861 823 tilio-

2289 877 2404 916 rum
2435 861 2656 914 (luerunt
2690 861 2918 914 ﬁliarum
2958 861 3216 929 fragilitas
3241 863 3506 929 sequitur,
3541 862 3664 930 quia
3680 873 3858 914 sancta

2288 955 2526 1011 Ecclesia
2574 957 2673 1010 etsi
2714 964 2904 1011 contra
2950 958 3353 1026 superbientem
3403 958 3613 1011 hostem
3650 958 3858 1010 humani

2288 1049 2499 1118 generis
2544 1048 2707 1102 fortes
2762 1049 3020 1118 protulit,
3069 1059 3247 1104 tamen
3297 1050 3362 1103 ad
3417 1058 3633 1104 aeterna:
3682 1053 3863 1119 patriae

2290 1138 2480 1206 gaudia
2507 1136 2666 1193 etiam
2697 1139 2906 1193 inlirma
2930 1139 3046 1209 ejus
3070 1140 3304 1193 membra
3344 1156 3445 1208 per
3462 1139 3573 1193 duo
3601 1140 3865 1193 charitatis

2288 1237 2556 1297 pmcepta
2595 1228 2978 1298 perducuntur.
3027 1227 3092 1281 Et
3132 1228 3255 1297 quia
3280 1228 3332 1283 in
3364 1229 3724 1283 inchoationis
3763 1244 3864 1283 sua

2290 1317 2453 1372 initiis
2483 1334 2587 1371 non
2624 1334 2838 1385 semper
2876 1319 3071 1370 mansit.
3098 1318 3342 1386 quisquis
3368 1333 3435 1371 eo
3471 1325 3722 1385 tempore
3746 1332 3863 1371 eru-

2290 1409 2390 1464 diri
2410 1409 2474 1462 ad
2495 1410 2829 1464 sacerdoale
2854 1409 3200 1463 mini~teritun
3224 1417 3482 1478 coeperat,
3517 1409 3797 1477 sequitur:

2365 1500 2540 1571 (Vers.
2584 1499 2698 1563 ‘2'.)
2740 1498 2817 1553 Et
2854 1501 3220 1571 magnificatus
3269 1508 3347 1553 est
3391 1509 3519 1569 puer
3569 1498 3786 1553 Samuel
3818 1517 3863 1552 ut

2293 1601 2565 1662 conspectu
2599 1590 2827 1645 Domini.

2366 1682 2454 1737 14.
2496 1683 2613 1748 Quo
2661 1683 2713 1735 in
2756 1682 2877 1737 loco
2917 1682 3069 1736 valde
3100 1681 3393 1735 notandum
3425 1689 3509 1735 et
3552 1680 3696 1750 quod
3747 1695 3867 1748 puer

2214 1776 2260 1836 B
2286 1773 2502 1828 Samuel
2534 1772 2727 1827 dicitur
2755 1780 2807 1826 et
2838 1771 3227 1841 magnificatus.
3251 1771 3358 1826 Sed
3396 1782 3452 1825 et
3481 1786 3603 1823 cum
3631 1770 3863 1838 magniﬁ-

2286 1874 2437 1921 Catus
2478 1865 2755 1931 asseritur,
2792 1864 2896 1919 hoc
2922 1864 3140 1921 virtutis
3166 1879 3279 1917 sua:
3309 1862 3636 1932 pra-coniunx
3666 1878 3774 1915 non
3814 1862 3859 1915 iu

2286 1966 2578 2028 COIhpCClu
2601 1957 2903 2025 hominum,
2928 1958 3021 2011 sed
3046 1958 3095 2010 in
3125 1966 3418 2024 conspectu
3442 1955 3655 2007 Domini
3679 1954 3865 2007 habere

2286 2051 2619 2123 perhibetur.
2649 2049 2757 2103 Cur
2785 2063 2910 2116 ergo
2936 2064 3088 2117 puer,
3117 2056 3142 2083 ει
3168 2048 3264 2101 nisi
3289 2048 3412 2115 qu'a
3437 2046 3504 2101 ad
3532 2044 3865 2115 perfectionis

2287 2148 2405 2195 erat
2431 2137 2795 2193 celsitudinem
2819 2136 3174 2190 sublimatus?
3204 2134 3341 2188 Puer
3372 2136 3558 2202 itaque
3587 2145 3643 2187 et
3666 2136 3860 2197 magni-

2288 2230 2481 2284 ﬁcatus
2532 2229 2585 2283 in
2634 2236 2925 2293 tonspectu
2976 2227 3185 2281 Domini
3231 2224 3447 2279 Samuel
3489 2224 3706 2287 dicitur,
3750 2225 3861 2291 quia

2286 2331 2460 2371 novus
2484 2316 2618 2370 ordo
2648 2315 3079 2385 pratdieatorum,
3118 2314 3218 2367 etsi
3249 2313 3314 2367 ad
3346 2327 3555 2381 magna;
3589 2327 3865 2366 conversa

2292 2407 2450 2461 tionis
2488 2405 2858 2462 celsitudinem
2894 2403 3157 2473 pervenit,
3199 2403 3518 2456 humilitatis
3563 2418 3675 2455 sua:
3714 2402 3866 2455 virtu-

2291 2505 2397 2549 tem
2424 2510 2529 2549 non
2553 2494 2701 2563 perdi
2725 2493 2800 2546 iit.
2832 2492 3152 2561 Magniticari
3182 2492 3385 2562 quippe
3412 2500 3539 2545 ante
3570 2491 3737 2545 Deum
3772 2505 3862 2541 non

2291 2586 2592 2656 prodesset,
2626 2585 2670 2638 si
2701 2600 2833 2654 puer
2861 2598 2981 2637 esse
3000 2582 3307 2648 desisteret,
3330 2582 3454 2649 quia
3482 2582 3684 2635 amissa
3705 2579 3859 2633 humi

2287 2677 2457 2741 litate,
2509 2675 2723 2745 placere
2771 2673 3129 2741 omnipotenti
3178 2672 3288 2726 Deo
3334 2671 3402 2726 de
3448 2670 3863 2725 conversationis

2287 2769 2567 2824 altitudine
2600 2784 2702 2821 non
2732 2766 2958 2820 valeret.
2999 2764 3237 2833 Denique
3265 2760 3589 2831 magniﬁcati
3616 2762 3729 2829 jam
3766 2761 3863 2813 lue-

2286 2873 2423 2928 rant,
2456 2862 2543 2930 qui
2576 2861 2629 2915 in
2658 2861 2875 2915 nomine
2904 2858 3028 2913 Jcsu
3058 2858 3124 2912 ab
3145 2856 3382 2911 obsessis
3401 2855 3668 2909 daemonia
3697 2852 3865 2921 ejicie-

2286 2953 2447 3019 bant;
2474 2951 2563 3005 ξιξ-,Ι
2591 2951 2713 3020 quia
2745 2966 2813 3018 pu
2851 2948 2984 3002 ritia'.
3010 2963 3119 3001 sua:
3149 2947 3346 3001 bonum
3379 2944 3744 3013 perdiderant,
3768 2943 3854 2994 hos

2285 3044 2483 3097 veritas
2507 3041 2706 3109 a'gnit,
2737 3039 2924 3093 dict-ns
2952 3057 2964 3090 :
3008 3036 3253 3091 Videbam
3286 3037 3567 3097 Satanam,
3597 3034 3748 3105 quasi
3771 3030 3860 3103 {ale

606 3130 855 3187 Ecclesia:
884 3133 1177 3203 spiritalem
1206 3134 1453 3203 e0pulam
1480 3135 1743 3204 praevidit,
1775 3144 1829 3189 et
1857 3151 2042 3190 eorum
2073 3137 2181 3190 ele-
2207 3135 2258 3203 ε
2288 3152 2383 3206 gur
2412 3136 2475 3187 de
2505 3134 2630 3188 caelo
2658 3132 2932 3186 cadentem
2961 3129 3111 3201 (Luc.
3146 3146 3197 3194 κ,
3230 3126 3340 3196 18).
3379 3126 3517 3181 Hinc
3555 3127 3750 3180 iterum
3780 3123 3864 3177 de-

605 3228 814 3276 ctorum
844 3223 1049 3291 prolem
1070 3222 1300 3277 futuram
1333 3225 1471 3279 cosio
1512 3226 1873 3293 dignam,eum
1899 3225 2187 3280 devotione

608 3313 933 3382 praedicavit.
966 3312 1119 3378 Quod
1164 3314 1408 3381 quamvis
1441 3314 1599 3382 longe
1643 3324 1767 3367 ante
1796 3323 1973 3368 actum
2006 3315 2186 3381 fuerit,

609 3414 785 3457 tamen
823 3411 949 3456 tunc
978 3418 1036 3458 se
1066 3403 1143 3456 eis
1179 3405 1255 3459 sic
1284 3404 1625 3459 benedixisse
1654 3406 1906 3474 innotuit,
1931 3422 2080 3469 cum,
2106 3422 2190 3461 re-

542 3514 551 3524 ·
608 3496 783 3547 velata
805 3492 916 3561 jam
944 3502 1149 3548 nostrae
1168 3493 1552 3564 redemptionis
1574 3495 1761 3563 gratia,
1787 3495 2008 3550 credere
2030 3512 2191 3550 unus-

607 3583 834 3652 quisque
884 3581 1060 3637 tidelis
1098 3592 1332 3652 poterat,
1382 3588 1506 3653 quia
1556 3594 1634 3639 tot
1680 3585 1967 3656 b0na70
2010 3595 2192 3656 patres

609 3674 775 3729 nostri
805 3682 1018 3728 veteres
1042 3674 1108 3729 de
1151 3675 1251 3729 hac
1293 3676 1643 3730 renovatione
1693 3675 2074 3745 praecinebant.
2128 3673 2191 3729 Et

609 3776 665 3818 ut
693 3764 828 3819 ordo
848 3779 956 3834 quo
986 3763 1150 3819 ﬁebat
1176 3776 1522 3833 agnoscatur,
1554 3766 1898 3836 subjunrtnm
1927 3776 2007 3821 est
2033 3785 2045 3820 :

678 3853 853 3925 (Vers.
886 3853 999 3925 20.)
1037 3853 1109 3907 Et
1137 3854 1372 3908 abierunt
1398 3856 1454 3908 in
1474 3855 1638 3909 locum
1664 3872 1832 3912 suum.

679 3943 767 4023 1.2t
810 3943 867 3998 ln
897 3944 1072 3999 locum
1111 3960 1267 4000 suum
1294 3960 1415 4001 cum
1443 3947 1559 4000 viro
1589 3962 1683 4002 suo
1713 3958 1913 4001 sauctte
1941 3944 2191 4000 Ecclesia:

606 4037 790 4101 abire,
825 4046 905 4091 est
932 4038 1055 4090 vitae
1087 4038 1276 4091 actisae
1315 4039 1590 4096 moltstias
1616 4039 1880 4094 interdum
1913 4038 2113 4107 fugere,
2138 4046 2194 4091 et

607 4142 850 4196 superna:
896 4129 1019 4181 vitm
1045 4130 1257 4196 gaudiis
1295 4145 1390 4198 per
1426 4131 1935 4199 contemplationem
1975 4146 2189 4185 vacare.

607 4216 839 4273 Puerum
864 4219 1062 4288 quippe
1087 4220 1153 4273 ad
1193 4219 1380 4274 horam
1413 4223 1702 4291 reliquerat
1730 4231 1900 4274 mater
1930 4223 2037 4281 illa,
2071 4237 2190 4291 qua:

608 4308 821 4364 dicebat
849 4327 861 4363 :
896 4308 1057 4380 Cupio
1080 4310 1292 4367 dissolvi
1314 4321 1361 4366 ct
1383 4328 1494 4365 esse
1514 4328 1626 4366 cum
1658 4312 1863 4367 Christo
1901 4312 2119 4383 (Philip.
2150 4329 2185 4375 t,

608 4397 721 4470 23).
766 4399 824 4454 Si
862 4417 985 4455 cum
1017 4418 1184 4471 puvro
1214 4410 1348 4467 erat,
1380 4403 1595 4470 quando
1627 4404 1873 4459 eumdem
1911 4406 2187 4472 egregium

2289 3225 2561 3289 nuntians,
2586 3224 2659 3277 ait
2685 3242 2696 3276 :
2733 3220 2855 3276 Nisi
2883 3222 3111 3275 conversi
3133 3221 3296 3283 eritis,
3328 3226 3378 3271 et
3393 3216 3707 3363 eqicinmini
3747 3215 3865 3267 sicut

2291 3319 2513 3363 narrmli-
2562 3332 2661 3363 non
2704 3313 2969 3363 intrabitis
3006 3315 3063 3363 in
3105 3326 3319 3363 renuunt
3370 3326 3443 3363 cos
3466 3324 3614 3363 orum
3666 3305 3864 3363 (Matth.

2290 3319 2514 3389 parvuli,
2562 3332 2661 3370 non
2704 3313 2969 3369 intrabitis
3006 3315 3063 3365 in
3105 3326 3319 3383 regnum
3370 3305 3614 3363 caelorum
3666 3305 3864 3376 (Matth.

2290 3424 2439 3475 xvtu,
2476 3408 2553 3474 5;.
2585 3408 2718 3472 Quia
2752 3418 3175 3472 ergomovorum
3223 3401 3634 3471 praedicatorum
3674 3399 3782 3450 vita
3823 3403 3865 3447 et

2293 3498 2538 3554 subiitnis
2553 3506 2636 3552 est
2652 3497 2863 3560 trerito,
2891 3503 2945 3549 et
2971 3494 3125 3564 plana
3151 3508 3247 3561 per
3267 3491 3641 3555 humilitatem,
3665 3484 3865 3543 Samucl

2292 3596 2417 3658 apte
2441 3586 2814 3656 magmlicatus
2837 3592 2903 3638 et
2922 3599 3054 3653 puer
3075 3582 3352 3636 asreritur.
3388 3579 3453 3632 Et
3473 3579 3597 3645 quia
3628 3595 3697 3632 ex
3729 3587 3859 3630 ntro-

2291 3694 2398 3749 que
2429 3678 2583 3732 valde
2611 3676 2821 3744 accepti
2855 3675 2968 3729 Deo
3008 3682 3152 3739 sunt,
3206 3670 3583 3740 magnificatus
3620 3685 3727 3723 non
3753 3669 3865 3721 sint-

2297 3770 2522 3839 pliciter.
2563 3767 2656 3823 sed
2688 3768 2740 3821 in
2773 3775 3070 3835 conSpectu
3097 3762 3310 3819 Domini
3340 3760 3861 3831 fuisseperhibttur.

2293 3862 2551 3929 Sequitur
2576 3879 2589 3914 :

2366 3958 2541 4028 (νει-8.
2572 3955 2685 4026 22.)
2731 3953 2850 4008 Ileli
2879 3964 3049 4007 autent
3074 3961 3185 4005 erat
3213 3965 3371 4003 senex
3400 3947 3564 4028 valde,
3602 3953 3651 3999 et
3689 3942 3861 3997 audiri!

2292 4051 2464 4103 omnia
2485 4063 2599 4119 qua:
2637 4046 2895 4118 faciebant
2918 4044 3015 4113 ﬁlii
3038 4043 3118 4097 sui
3140 4044 3193 4096 in
3214 4022 3663 4099 universo/Israel,
3690 4046 3739 4090 et
3759 4050 3862 4105 quo-

2291 4141 2794 4196 modo'dormiebant
2826 4155 2939 4193 cum
2971 4135 3271 4192 mulieribus
3302 4148 3417 4203 qua:
3444 4129 3782 4207 obseruabant
3809 4124 3861 4178 ad

2291 4232 2480 4285 ostium
2509 4230 2855 4284 tabernaculi.

2367 4322 2452 4376 15.
2496 4321 2552 4374 lu
2583 4335 2740 4389 perso
2781 4337 2809 4372 a
2844 4318 2959 4373 Heli
2990 4333 3095 4373 non
3126 4315 3298 4371 solum
3321 4322 3477 4367 vetus
3497 4309 3860 4366 sacerdotium.

2290 4412 2383 4468 sed
2398 4411 2559 4467 etiam
2581 4410 2921 4479 antiquorum
2935 4418 3151 4478 patrum
3171 4403 3430 4460 doctrinas
3444 4401 3760 4470 ﬁgurantur,
3774 4397 3862 4465 71

518 4566 527 4573 η
609 4490 884 4546 doctorem
920 4508 1088 4561 usque
1116 4494 1182 4547 ad
1213 4493 1427 4547 tertium
1454 4494 1648 4549 emtum
1678 4496 1755 4549 vis
1797 4497 1994 4552 amoris
2024 4507 2181 4553 cxtu-
2218 4499 2262 4556 D
2288 4504 2409 4573 quia
2443 4517 2511 4557 ex
2533 4501 2635 4555 hoc
2657 4498 2803 4569 quod
2829 4498 3050 4567 spiritali
3078 4497 3336 4565 dignitate
3358 4491 3587 4564 praefuit,
3614 4490 3721 4545 hoe
3755 4502 3859 4540 sus-

610 4583 745 4639 lerat
799 4584 895 4656 (II
949 4583 1069 4640 Cor.
1122 4601 1214 4649 xu,
1261 4583 1420 4654 2-1)?
1474 4585 1529 4640 Si
1564 4596 1686 4642 tunc
1726 4598 1980 4644 eratcum
2003 4606 2191 4661 puero,

609 4677 824 4747 quando
862 4677 913 4731 in
955 4677 1203 4746 paradiso
1241 4687 1528 4748 exceptus,
1586 4681 1743 4735 verba
1778 4696 1895 4749 quae
1926 4664 2033 4736 non
2073 4682 2195 4736 licet

610 4770 811 4825 homini
835 4770 981 4838 loqui
1011 4771 1280 4836 audiebat,
1317 4779 1370 4825 et
1401 4772 1450 4825 in
1476 4773 1652 4826 locum
1682 4789 1835 4828 suum
1866 4775 2191 4844 rapiebatur,

611 4862 733 4928 quia
776 4860 1031 4924 ostendit,
1066 4861 1291 4917 dicens:
1330 4860 1453 4915 Non
1497 4862 1737 4917 habemus
1782 4866 1862 4919 ln'c
1906 4876 2194 4919 manentem

607 4941 880 5015 civitatem,
928 4953 1018 5006 sed
1048 4954 1276 5024 fuhtram
1318 4953 1623 5021 inquirimus
1657 4952 1846 5024 (Hebr.
1894 4971 2010 5024 xm,
2057 4956 2188 5026 ii)?

608 5041 715 5096 Sed
742 5058 859 5112 qua:
908 5058 1028 5096 cum
1066 5045 1183 5097 viro
1228 5044 1409 5098 abibat
1457 5044 1507 5097 in
1552 5045 1727 5099 locum
1771 5062 1946 5113 suum,
1992 5046 2191 5102 reverti

610 5132 749 5185 hanc
771 5140 1006 5185 materna
1027 5119 1228 5188 viscera
1253 5136 1514 5202 cogebant
1542 5136 1605 5189 ad
1626 5135 1812 5189 liium.
1846 5136 1975 5190 Nam
2006 5137 2190 5205 loque-

612 5224 770 5276 batur
798 5232 852 5276 Η.
889 5224 1133 5278 dicebat:
1170 5225 1235 5280 In
1266 5243 1423 5282 carne
1466 5245 1673 5283 manere
1698 5240 1773 5283 est
1796 5230 1919 5283 mihi
1951 5247 2187 5284 necessa-

609 5316 746 5367 rium
767 5323 975 5384 propter
993 5330 1079 5370 vos
1112 5315 1330 5387 (Philip.
1363 5333 1401 5382 ι,
1432 5317 1546 5388 24).
1573 5319 1827 5389 Sequitur
1852 5338 1864 5371 :

682 5405 860 5475 (Vers.
894 5404 1006 5475 9.1.)
1055 5406 1289 5462 Visitacit
1317 5426 1438 5479 ergo
1460 5409 1714 5465 Dominus
1734 5412 1957 5474 Annam,
1991 5420 2039 5464 et
2066 5426 2190 5467 con-

610 5498 760 5565 cepit,
790 5506 841 5551 et
864 5499 1058 5566 peperit
1088 5507 1189 5554 tres
1206 5500 1345 5569 ﬁlios
1370 5509 1418 5554 et
1457 5503 1586 5555 duas
1608 5502 1768 5570 ﬁlias.

686 5672 735 5733 ~_
758 5660 919 5733 l-‘orte
959 5660 1256 5733 addendum
1294 5670 1342 5712 et
1382 5660 1778 5733 magniﬁcatus;
1805 5674 1922 5728 qua!
1951 5658 2091 5733 cnim
2135 5660 2187 5714 in

618 5731 978 5801 explicatione
1015 5730 1370 5800 subjiciuntur
1415 5729 1592 5799 potius
1633 5729 1698 5783 ad
1740 5730 1841 5783 hoc
1887 5730 2184 5785 membrum

2293 4593 2437 4661 cepit
2482 4590 2677 4655 oﬂicii,
2707 4599 2764 4643 ut
2793 4588 3009 4642 salutari
3037 4586 3417 4655 prmdicatione
3456 4584 3742 4636 instrueret
3776 4590 3861 4643 pro

2293 4683 2485 4752 quibus
2528 4679 2815 4750 placabiles
2851 4678 3050 4731 hostias
3081 4674 3308 4729 Domino
3338 4672 3572 4727 olferret.
3624 4667 3765 4735 Quid
3787 4673 3855 4719 est

2294 4789 2425 4843 ergo
2464 4772 2605 4841 quod
2637 4768 2752 4823 Heli
2782 4784 2947 4824 senex
2978 4765 3254 4830 asseritur,
3298 4763 3399 4817 nisi
3431 4762 3556 4831 quia
3588 4761 3641 4813 in
3681 4773 3855 4827 repro—

2293 4865 2483 4919 borum
2514 4861 2815 4917 Iudaeorum
2845 4858 3096 4913 cordibus
3130 4857 3211 4910 vis
3242 4854 3540 4909 infirmatur
3574 4851 3855 4907 omlestitun

2298 4952 2708 5010 mandatorum?
2731 4949 2947 5004 Juvenis
2968 4948 3183 5017 quidem
3210 4946 3309 5000 fuit
3329 4944 3445 4998 Heli
3469 4942 3707 5011 quandiu
3730 4953 3856 4993 sacra

2298 5054 2567 5123 Scriptum
2595 5051 2647 5104 in
2675 5047 2859 5103 electis
2879 5047 3176 5117 Synagogac
3193 5045 3299 5097 vim
3322 5056 3525 5109 magna‘,
3544 5035 3857 5095 auctoritatis

2298 5145 2548 5209 obtinuit,
2579 5141 2705 5208 quia
2725 5138 2975 5193 videlicet
3001 5137 3386 5207 promissiones
3408 5132 3619 5186 venturi
3644 5130 3857 5185 Redem-

2298 5235 2467 5306 ptoris
2508 5239 2811 5299 acceperat,
2842 5238 2896 5283 et
2924 5244 3044 5282 eum
3074 5243 3195 5283 cum
3231 5238 3426 5293 Inagno
3465 5224 3737 5280 desiderio
3778 5232 3857 5273 ex-

2298 5326 2593 5396 spectabat.
2643 5322 2794 5376 Tunc
2834 5335 2962 5388 ergo
3012 5319 3129 5373 lleli
3175 5318 3372 5383 senuit,
3433 5315 3651 5388 quando
3698 5310 3856 5368 Jutltrt

2296 5415 2632 5470 devotimem
2665 5410 3013 5466 observandae.
3044 5410 3412 5480 promissionis
3435 5408 3635 5471 amisit,
3664 5415 3721 5461 ttt
3745 5399 3869 5457 desi-

2296 5504 2540 5558 deratum
2589 5517 2619 5555 a
2667 5500 2910 5571 patribus
2954 5500 3064 5552 suis
3114 5498 3528 5567 Redvtuptorem
3583 5511 3761 5553 coram
3819 5502 3865 5541 δυ

2300 5662 2564 5731 pertinent
2593 5676 2751 5729 quam
2792 5659 2859 5715 ad
2887 5658 3050 5724 aliud,
3080 5673 3223 5727 puer.
