4000 6330
111 416 177 470 97
949 404 1013 460 IN
1052 401 1312 460 PRIMUM
1355 403 1590 458 REGUM
1635 399 2145 458 EXPOSITIONES.
2188 432 2257 443 -
2297 401 2421 456 LIB.
2466 401 2526 454 ll.
3307 404 3375 460 2‘8

112 524 380 584 miraeu'is
407 536 470 575 se
495 521 809 588 probantem
840 526 1107 582 cerneret,
1141 527 1194 571 et
1216 516 1436 571 omnino
1466 530 1606 569 eruca
1640 515 1690 569 in
1725 516 1769 576 Λ
1800 522 1957 569 nocte
1981 514 2191 579 -obruti,
2238 528 2332 583 per
2361 513 2564 568 lleliam
2597 521 2774 568 tamen
2801 522 2932 569 sunt
2957 515 3007 568 in
3049 513 3152 569 ﬁne
3192 517 3374 572 mundi

114 628 253 674 tanta
310 616 433 684 ejus
478 614 597 669 luce
644 613 712 667 de
764 611 1007 666 veritatis
1059 610 1344 680 praesentia
1399 608 1686 662 dubitaret.

117 711 274 765 \‘alde
316 710 483 763 etiam
511 704 674 759 fuisse
712 718 877 758 senex
909 702 1124 763 dicitur,
1151 711 1209 755 ut
1245 700 1487 771 profecto
1517 698 1693 752 omnis

113 802 190 854 vis
210 797 328 852 ﬁdei
361 797 414 850 in
442 795 723 867 Synagoga
754 792 1080 846 emarcuisse
1107 789 1384 844 doceatur.
1430 788 1571 843 Vere
1598 803 1687 841 au-

113 901 215 945 tem
242 889 475 943 dicimus
502 887 625 955 quia
652 885 697 938 si
723 883 878 938 valde
921 897 1091 938 senex
1131 889 1252 937 erat
1285 879 1431 945 Heli,
1470 879 1692 934 omnino

116 981 296 1035 debilis
337 978 575 1033 vivebat.
606 974 743 1042 Quid
784 975 924 1028 enim
957 982 1081 1027 tunc
1110 978 1228 1026 erat
1261 970 1377 1025 seni
1404 969 1693 1038 Scriptura:

114 1074 320 1134 vivere,
358 1070 459 1123 nisi
494 1068 724 1123 debilem
764 1066 919 1119 valde
950 1063 1336 1134 a=pirationem
1370 1059 1490 1115 ﬁdei
1522 1059 1695 1131 Syna-

114 1176 257 1229 gogm
278 1158 626 1214 ministrare?
648 1156 827 1210 Senex
854 1153 1069 1222 quidem
1089 1152 1253 1206 valde
1276 1166 1394 1206 esse
1432 1157 1486 1204 et
1514 1150 1696 1203 vivere

113 1259 339 1321 poterat,
363 1266 487 1305 cum
506 1246 1000 1304 Judmorumcorda
1032 1244 1296 1299 nutabant
1327 1252 1385 1296 ut
1411 1240 1695 1295 Dominum

112 1342 289 1397 Iesum
320 1357 423 1396 nec
450 1340 867 1409 Redemptorent
900 1351 1083 1390 verum
1113 1349 1233 1388 esse
1262 1332 1565 1397 crederent,
1598 1345 1697 1385 nec

112 1431 262 1499 quasi
283 1427 657 1498 blaspliemum
680 1434 866 1496 aperte
894 1424 1233 1478 damnarent.
1269 1421 1436 1488 Hujus
1465 1435 1697 1488 namque

112 1520 407 1575 senectutis
435 1518 769 1572 debilitatem
809 1515 1136 1582 evangelista
1164 1512 1403 1568 Joannes
1439 1512 1694 1578 ostendit,

111 1610 334 1665 dicens:
374 1608 479 1661 Alii
510 1606 777 1671 dicebant,
806 1587 1112 1676 quia'bonus
1143 1612 1235 1665 εει,
1264 1602 1356 1657 alii
1392 1619 1531 1668 vero,
1570 1617 1694 1665 non,

113 1700 201 1754 sed
220 1698 419 1752 seducit
441 1700 615 1751 turbas
639 1695 820 1767 (Joan.
854 1712 943 1760 vn,
966 1693 1089 1764 12).
1114 1691 1249 1748 Hinc
1268 1690 1437 1746 alti'mi
1462 1692 1562 1761 ipsi
1587 1690 1698 1746 cal-

113 1789 326 1843 liditatis
353 1787 772 1842 suce‘versutiam
797 1785 1151 1855 proferentes,
1170 1783 1388 1837 dicunt:
1424 1782 1695 1853 Usquequo

1794 602 1859 655 ad
1890 602 2046 655 ﬁdem
2096 601 2472 671 Redemptoris
2515 602 2782 656 CXeilandi
2834 601 3047 673 (Manli.
3101 619 3230 669 xvtl,
3267 605 3374 674 ll).

1794 690 1832 745 S
1866 692 2046 759 quitur
2075 708 2087 741 έ

1869 781 2044 851 (Verr.
2075 779 2190 849 9.5.)
2230 781 2300 833 Et
2329 783 2402 834 ait
2423 782 2492 834 ad
2514 797 2634 835 eos:
2665 778 2843 844 Quare
2872 783 3043 851 facitis
3085 800 3167 837 res
3195 784 3378 853 liujus~

1796 871 1956 938 modi,
1981 888 2105 941 quas
2125 888 2217 942 ego
2239 872 2396 927 audio
2419 889 2499 926 res
2520 875 2768 943 pessimus
2790 872 2852 926 ab
2876 876 3016 929 omni
3043 877 3270 945 populo?

1866 962 1950 1015 l7.
1993 961 2133 1016 Ecce
2177 977 2342 1016 senex
2384 971 2500 1017 erat
2541 962 2688 1026 lieli,
2732 972 2786 1016 et
2825 972 2981 1019 acuta
3022 965 3374 1034 loquebatur,

1796 1049 1917 1122 quia
1960 1052 2008 1105 vi
2040 1060 2125 1105 tus
2164 1052 2304 1107 sacri
2343 1052 2562 1122 eloquii,
2597 1053 2696 1107 etsi
2732 1054 2786 1108 in
2831 1056 3183 1123 reprobozum
3215 1057 3379 1112 corde

1796 1142 1993 1207 drlicit,
2021 1153 2199 1198 tamen
2227 1159 2409 1198 coram
2434 1154 2579 1200 recte
2599 1146 3039 1217 iutelligentibus,
3068 1147 3376 1204 Judarorum

1797 1233 1979 1302 culpas
2003 1232 2271 1286 Subtiliter
2306 1234 2559 1303 exquirit.
2598 1235 2845 1291 Districte
2874 1236 3016 1292 enim
3064 1237 3376 1304 discutiens,

1798 1321 1932 1378 dicit
1960 1341 1971 1375 :
2015 1321 2187 1386 Quare
2216 1325 2388 1393 facitis
2422 1341 2504 1378 res
2538 1325 2911 1395 hujuscemodi,
2949 1344 3076 1397 quas
3103 1344 3195 1398 ego
3221 1329 3378 1382 audio

1796 1429 1880 1466 res
1913 1413 2163 1478 pessimas
2197 1411 2260 1464 ab
2289 1417 2427 1466 omni
2457 1414 2690 1484 populo?
2726 1414 2831 1469 Sed
2861 1417 2952 1485 qui
2983 1417 3273 1485 exquirens
3299 1419 3379 1472 in-

1799 1512 2037 1572 terrogat
2075 1504 2249 1568 Quare
2276 1506 2491 1576 facitis?
2516 1505 2760 1575 profecto
2792 1510 3028 1563 ostendit
3054 1525 3151 1565 eos
3180 1511 3377 1580 impin-

1798 1611 1925 1664 gere
1957 1608 2169 1651 noctem
2194 1600 2410 1654 lueresis
2439 1601 2556 1656 sine
2582 1601 2909 1658 discretione
2937 1605 3183 1660 rationis.
3231 1605 3381 1676 Ipsos

1798 1695 1892 1740 aut
1928 1704 1978 1740 m
2010 1687 2199 1742 fecisse
2229 1705 2317 1744 res
2342 1692 2620 1758 pessitnas,
2659 1707 2793 1760 quas
2835 1693 3105 1760 audiebat,
3146 1696 3293 1761 dicit,
3325 1704 3381 1750 et

1798 1778 1853 1847 ip
1885 1793 1943 1831 as
1964 1792 2051 1832 res
2081 1780 2340 1847 pessimas
2357 1780 2428 1834 ab
2449 1782 2593 1835 omni
2625 1783 2823 1851 populo
2852 1798 2970 1838 esse
2999 1787 3209 1840 asserit.
3240 1786 3380 1852 Quid

112 1880 312 1932 animas
330 1888 544 1931 nostras
567 1876 737 1930 tollis?
755 1877 799 1929 si
829 1885 880 1927 tu
898 1891 954 1928 es
975 1873 1228 1938 Christus,
1252 1872 1336 1926 dic
1359 1872 1506 1926 nobis
1520 1872 1695 1943 palam
1730 1876 1771 1935 Β
1800 1876 1883 1923 est
1912 1868 2036 1929 boc,
2065 1869 2164 1923 nisi
2188 1870 2307 1938 quia
2340 1871 2663 1926 universitas
2689 1871 2893 1928 Judaici
2917 1875 3101 1945 populi
3125 1878 3178 1930 in
3206 1878 3380 1933 hatre-

114 1967 273 2036 (lbid.
306 1984 362 2033 x,
385 1967 503 2033 24).
552 1965 689 2020 Hinc
711 1966 839 2019 item
867 1964 1049 2018 dicunt
1077 1981 1090 2015 :
1118 1961 1390 2033 Magister,
1415 1963 1645 2016 volumus
1666 1978 1699 2015 a

93 2068 157 2110 «te
178 2060 384 2127 signum
405 2057 578 2110 videre
602 2055 817 2119 (Matth.
852 2071 941 2119 xu,
967 2053 1082 2125 '58).

182 2146 265 2200 l6.
306 2146 416 2201 Sed
442 2146 563 2201 lleli
587 2146 740 2200 valde
767 2160 935 2199 senex
960 2141 1164 2199 audivit
1185 2143 1362 2198 omnia
1386 2156 1506 2211 qua:
1537 2140 1699 2197 faeie-

110 2238 234 2291 baut
254 2237 347 2292 ﬁlii
379 2238 465 2291 sui
492 2237 741 2292 universo
766 2235 968 2290 Israeli.
1002 2233 1384 2289 Audiviteerte
1410 2233 1540 2297 lucc,
1572 2232 1697 2301 quia

114 2328 275 2382 novit.
308 2327 467 2393 Quod
499 2337 680 2382 autem
712 2336 735 2362 ἰ
764 2325 1138 2394 cognovimus,
1162 2325 1300 2378 intra
1322 2323 1471 2378 aulas
1493 2337 1697 2376 metuo-

112 2420 199 2473 ria:
236 2419 483 2473 clausum
525 2429 790 2474 tenemus.
838 2412 1098 2473 Consulta
1126 2432 1256 2472 vero
1279 2432 1432 2472 saera
1462 2415 1695 2485 eloquia,

114 2509 244 2561 intra
279 2524 340 2563 se
378 2523 600 2563 omnem
625 2506 931 2562 Judzeorum
957 2505 1235 2576 perﬁliam
1266 2507 1521 2575 scriptam
1564 2505 1698 2561 foris

115 2599 411 2668 poterunt,
466 2607 525 2653 et
552 2599 701 2655 velut
725 2598 815 2653 diu
841 2608 1125 2676 servatam‘
1148 2598 1463 2653 memoriter
1508 2605 1697 2659 osten-

116 2689 261 2741 dunt.
303 2686 477 2755 llujus
502 2689 746 2759 profecto
775 2688 990 2742 auditus
1030 2688 1273 2742 notitiam
1322 2687 1510 2750 Amos,
1550 2687 1699 2741 velut

118 2773 227 2828 lleli
253 2775 556 2842 ascribcns,
586 2776 687 2829 ait:
727 2774 847 2831 Non
872 2777 1022 2847 faciet
1045 2775 1301 2830 Dominus
1321 2775 1525 2829 verbum
1546 2791 1699 2845 super

116 2875 339 2927 terram,
388 2864 529 2935 quod
579 2881 684 2918 non
730 2866 1030 2919 revelaverit
1071 2867 1227 2919 sertis
1277 2866 1385 2919 suis
1434 2865 1694 2935 praphetit

123 2952 292 3017 (Amos
338 2968 422 3018 tu,
450 2952 538 3021 7).
566 2952 703 3008 Ilinc
733 2952 981 3009 llabacue
1024 2955 1134 3009 Deo
1171 2955 1445 3024 unigenito
1475 2954 1700 3009 εοιιιὶιρ-

120 3053 218 3105 tur,
242 3043 327 3096 die
367 3060 431 3095 ns
468 3061 482 3095 :
518 3042 760 3110 Domine,
784 3046 957 3098 audivi
982 3046 1213 3098 auditum
1243 3053 1402 3107 tuum,
1440 3054 1489 3097 et
1516 3045 1697 3108 timui;

120 3131 438 3185 considerari
466 3149 626 3201 opera
651 3143 759 3200 tua,
780 3143 828 3186 et
848 3136 1058 3204 expavi;
1080 3135 1134 3187 in
1156 3135 1323 3188 medio
1345 3134 1560 3187 duorum
1582 3136 1699 3188 ani-

1800 1974 1917 2012 sum
1948 1959 2206 2027 profunola
2234 1962 2550 2015 corruerat?
2579 1960 2685 2015 Sed
2713 1963 3077 2030 ipsius.ruiu:e
3107 1981 3266 2021 cau~a
3291 1983 3380 2022 re-

1799 2046 1953 2115 probi
1980 2047 2292 2101 sacerdotes
2328 2057 2498 2102 eraut.
2548 2047 2697 2104 Unde
2737 2058 2792 2104 et
2831 2049 2997 2106 Oseas
3023 2054 3378 2122 prOpbetat's,

1796 2135 1911 2189 ait:
1944 2132 2114 2188 Causa
2141 2137 2307 2190 ruina:
2348 2138 2525 2205 μορυιί
2557 2140 2848 2194 sacerdotes
2878 2142 3004 2218 mali
3034 2140 3191 2212 (Osee
3216 2160 3265 2209 v,
3302 2146 3377 2216 l).

1798 2226 1931 2281 Nam
1963 2227 2080 2281 ideo
2130 2226 2402 2295 subjectus
2444 2230 2672 2299 populus
2718 2232 2932 2296 c--cidit,
2983 2234 3107 2303 quia
3161 2246 3381 2309 ruentes

1798 2318 2048 2389 praelatos
2086 2319 2292 2373 studuit
2322 2320 2540 2375 imitari.
2575 2321 2707 2377 Cum
2746 2338 2878 2392 ergo
2905 2326 3076 2380 dicit:
3122 2343 3249 2398 quas
3286 2345 3381 2398 ego

1798 2411 1955 2464 audio
1977 2427 2059 2464 res
2078 2428 2123 2479 p.
2140 2412 2325 2464 ssimas
2346 2410 2410 2463 ab
2434 2415 2574 2467 omni
2609 2414 2821 2484 populo,
2852 2415 2979 2484 ipsa:
3004 2431 3091 2471 res
3121 2432 3151 2470 a
3180 2419 3382 2487 popqu

1799 2499 1883 2568 agi
1911 2499 2111 2554 debent
2139 2500 2385 2567 intelligi,
2417 2517 2522 2555 non
2556 2519 2596 2555 Γι
2616 2504 2762 2558 ferri.
2799 2504 2951 2570 Quod
2977 2506 3085 2561 tale
3111 2515 3212 2572 est,
3247 2523 3311 2561 ac
3336 2509 3382 2562 si

1798 2589 1980 2645 dicat:
2029 2588 2137 2644 Res
2168 2591 2449 2658 pessimas,
2481 2606 2615 2661 quas
2658 2594 2770 2648 ﬁeri
2799 2597 2865 2649 ab
2894 2597 3039 2650 omni
3061 2598 3260 2667 populo
3287 2615 3385 2653 au-

1800 2682 1912 2742 dio,
1934 2695 2102 2750 quare
2133 2679 2196 2733 l‘a-
2218 2681 2344 2734 itis?
2379 2680 2528 2736 Unle
2557 2692 2615 2738 et
2635 2686 2813 2738 statim
2855 2686 2985 2754 quid
3008 2686 3203 2741 dixerit
3226 2703 3385 2758 aper-

1800 2769 1905 2823 tius
1933 2768 2224 2831 insinuans,
2255 2768 2331 2822 ait
2355 2785 2368 2820 :

1872 2858 2048 2929 (νει-ε.
2081 2855 2197 2926 24.)
2237 2854 2436 2923 Nolite,
2465 2860 2597 2929 ﬁlii;
2630 2878 2733 2917 non
2759 2872 2837 2917 est
2874 2862 3008 2918 bona
3038 2867 3203 2936 fama,
3230 2882 3385 2935 quam

1798 2966 1891 3019 ego
1941 2952 2095 3004 audo
2138 2953 2203 3006 de
2248 2954 2416 3019 vobis,
2461 2962 2519 3006 ut
2552 2954 2846 3024 transgredi
2892 2956 3099 3025 faciatis
3137 2961 3384 3028 populum

1800 3038 2033 3095 Domini.

1877 3133 1958 3188 l8.
2002 3135 2059 3188 lu
2082 3151 2188 3204 quo
2218 3145 2400 3190 autem
2426 3136 2653 3206 populus
2677 3136 2888 3191 Domini
2924 3137 3174 3193 mandata
3206 3147 3385 3196 trans.

121 3221 319 3274 molium
347 3223 692 3276 innotesceris
723 3221 887 3293 (Hab.
919 3240 991 3288 ut,
1031 3224 1083 3292 l,
1108 3241 1173 3278 ea:
1201 3226 1466 3284 interpret.
1499 3224 1694 3295 LXX).
1729 3233 1770 3293 C
1802 3225 2133 3290 grcdvretur,
2166 3227 2211 3279 si
2242 3226 2342 3295 ipsi
2377 3226 2673 3280 dormirent
2715 3242 2838 3281 cum
2880 3227 3232 3283 mulieribus?
3278 3228 3387 3284 Sed

120 3308 276 3364 Veter
297 3312 396 3364 bus
418 3312 620 3380 quippe
638 3312 933 3382 Synagoga:
956 3316 1261 3369 doctoribus
1287 3316 1511 3368 ﬁliorum
1533 3315 1560 3353 δ
1583 3330 1701 3371 sce-

122 3401 223 3453 lera
249 3401 459 3463 audire,
495 3415 937 3469 prmeognOscere
967 3413 1066 3456 est.
1093 3402 1197 3458 Sed
1226 3404 1352 3472 quid
1384 3418 1699 3473 pratcugno-

122 3493 269 3553 verit,
298 3492 550 3560 exponit,
582 3492 704 3562 quia
729 3494 887 3547 dicit:
941 3490 1153 3559 Omnia,
1176 3511 1289 3565 qua:
1319 3495 1579 3566 faciebant
1603 3497 1703 3564 ﬁlii

124 3584 198 3635 sui
225 3585 359 3636 univ.
377 3600 469 3637 rso
501 3582 716 3650 Israeli,
740 3594 788 3637 et
826 3585 1085 3653 quomodo
1107 3584 1427 3639 dormiebant
1453 3603 1567 3639 cum
1592 3604 1706 3640 mu-

120 3675 345 3739 lieribus,
380 3690 502 3744 qua
527 3673 865 3727 observabant
885 3674 953 3727 ad
975 3676 1163 3728 ostium
1196 3675 1534 3728 tabernaculi.
1572 3681 1704 3730 (lum

124 3764 435 3817 mulieribus
461 3765 664 3834 quippe
695 3764 894 3819 ludatis
922 3765 1158 3820 dormire
1180 3775 1263 3820 est
1300 3767 1462 3821 variis
1492 3767 1706 3822 lueesi-

123 3855 217 3907 bus
255 3871 287 3922 p
330 3853 448 3907 lui.
499 3853 643 3908 Bene
691 3864 868 3909 autem
919 3856 1046 3925 ipsa:
1092 3857 1343 3911 mulieres
1385 3856 1451 3909 ad
1508 3857 1705 3911 ostium

125 3942 452 3995 tabernaculi
506 3942 798 3997 observare
847 3945 1177 3999 referuntur.
1232 3945 1372 4011 Quid
1425 3946 1567 3999 enim
1623 3953 1708 3999 est

122 4032 312 4085 otium
343 4031 703 4096 tabernaculi,
738 4033 787 4085 ui
820 4051 834 4086 ι
864 4033 1040 4088 littera
1071 4034 1202 4103 legis
1228 4035 1707 4104 spiritalisHudaei

124 4130 297 4175 autem
326 4124 457 4174 dum
484 4137 695 4175 sacram
725 4122 1055 4193 Scripturam
1089 4126 1242 4192 juxta
1276 4128 1507 4181 litteram
1536 4130 1707 4183 solam

122 4210 444 4279 intelligunt,
472 4212 545 4266 ibi
569 4213 801 4268 haereses
826 4223 1148 4283 statuerunt,
1180 4219 1320 4272 unde
1343 4219 1408 4272 ad
1438 4206 1717 4274 secretum

121 4315 256 4353 vene
285 4302 370 4356 lidv
396 4305 413 4357 i
445 4305 654 4359 intrare
683 4314 929 4374 potuere.
958 4305 1089 4359 Nam
1122 4308 1260 4361 sicut
1292 4323 1390 4378 per
1416 4319 1502 4363 ost
1527 4326 1612 4363 um
1641 4311 1709 4365 ad

125 4392 375 4446 interiora
403 4396 760 4459 tabernaculi,
787 4398 858 4450 ita
874 4412 971 4466 per
992 4397 1221 4452 litteram
1239 4416 1403 4454 saera:
1418 4399 1708 4470 Scriptusa‘.

126 4481 188 4532 ad
238 4485 541 4551 Spirialem
596 4486 830 4540 intratur
884 4488 1244 4556 cognitionem
1306 4490 1703 4561 Redemptorts.

1803 3313 1924 3380 quia
1973 3314 2078 3367 bne
2122 3316 2171 3368 in
2206 3313 2371 3381 ﬁgura
2412 3315 2759 3383 contingebat
2801 3316 2925 3382 illis,
2978 3319 3079 3373 hoc
3119 3318 3387 3388 profecto,

1804 3402 1946 3472 quod
1984 3403 2265 3457 dominica:
2304 3403 2696 3459 luearnutiouis
2725 3412 2970 3474 tempore
2999 3406 3233 3462 debebat
3272 3409 3387 3464 tieii

1805 3492 2181 3561 prmsignabat.
2208 3492 2339 3546 Nam
2363 3493 2574 3563 quando
2595 3487 2905 3551 sacerdotes
2926 3512 3048 3550 cum
3074 3499 3389 3554 mulieribus

1805 3583 2076 3637 dormiunt
2115 3583 2311 3637 subditi
2349 3585 2595 3638 mandata
2639 3584 2848 3639 Βιιηιίηἰ
2904 3588 3385 3654 transgrediuntur,

1806 3674 1931 3739 quia
1953 3672 2077 3726 dum
2103 3656 2304 3740 praelati
2321 3674 2583 3728 han-esum
2601 3674 2920 3730 admislione
2936 3678 3164 3731 maculat
3191 3688 3294 3745 tur,
3312 3696 3393 3735 re-

1808 3763 1975 3832 proba
2002 3763 2255 3831 subjectze
2277 3764 2570 3833 Synagogm
2593 3765 2877 3820 multitudo
2900 3766 2954 3819 in
2973 3767 3175 3821 eisdem
3205 3766 3390 3823 fetori-

1808 3856 1907 3908 bus
1938 3855 2211 3921 mergitur.
2239 3855 2326 3907 Ait
2354 3870 2401 3908 ei
2413 3870 2480 3922 go
2509 3873 2520 3908 :
2557 3855 2731 3919 Quare
2767 3857 2941 3926 facilis
2972 3875 3051 3910 res
3074 3858 3389 3928 Itujusntodi,

1808 3962 1936 4015 quas
1965 3962 2057 4014 ego
2084 3946 2260 4010 audio,
2297 3963 2376 3999 res
2418 3948 2665 4014 pessimus
2705 3945 2767 3999 ab
2800 3949 2943 4000 omni
2980 3949 3210 4018 )‘OpIJO?
3237 3950 3393 4015 Quod

1812 4036 1916 4089 tale
1940 4045 2020 4089 est
2051 4052 2113 4090 ac
2143 4037 2186 4089 si
2209 4036 2351 4091 dicat
2377 4037 2578 4090 :Tanto
2601 4038 2815 4103 gravius
2833 4038 3164 4107 delinquitis,
3188 4050 3394 4110 quanto

1811 4126 1999 4179 ﬁedius
2032 4127 2338 4182 universum
2370 4128 2623 4197 populum
2650 4139 2827 4182 vestro
2849 4130 3070 4184 crimi.-e
3092 4132 3391 4188 maculatis.

1812 4218 1998 4272 Simile
2027 4220 2189 4272 etiam
2218 4219 2415 4287 aliquid
2448 4236 2543 4288 per
2572 4220 2893 4289 prophetam
2916 4222 3109 4276 diet‘ur
3134 4241 3146 4276 :
3176 4223 3215 4275 Α
3249 4223 3392 4290 Dan,

1813 4308 2002 4376 inquit,
2042 4310 2251 4363 auditus
2281 4319 2355 4362 est
2387 4312 2618 4378 fremitus
2656 4327 2895 4364 curruum
2927 4322 2977 4365 et
3005 4329 3248 4383 equorum
3286 4313 3397 4384 ejus

1814 4396 2025 4463 (Jerem.
2052 4413 2162 4460 vm,
2198 4395 2300 4467 l6).
2333 4395 2388 4449 lu
2416 4412 2523 4466 q::o
2545 4397 2794 4450 nimirum
2817 4398 2939 4453 luto
2963 4415 3067 4453 non
3094 4412 3170 4453 est
3200 4400 3396 4453 inti-lli-

1812 4490 2041 4558 gendum
2084 4490 2227 4558 quod
2274 4505 2303 4542 a
2336 4491 2446 4542 Dan
2488 4489 2729 4544 auditum
2768 4491 3003 4545 sonitum
3055 4492 3268 4556 referat,
3303 4490 3396 4544 sed

125 4573 251 4635 Quia
277 4590 415 4643 ergo
445 4592 544 4644 per
567 4577 963 4631 observantiam
997 4578 1187 4633 litterze
1215 4579 1278 4634 Ju
1304 4583 1395 4633 'aca
1423 4581 1705 4649 decipitur,
1745 4590 1792 4649 ι)
1817 4582 1960 4651 quod
1995 4582 2106 4650 ipse
2136 4581 2381 4634 curribus
2434 4590 2487 4635 et
2510 4582 2663 4648 equis
2692 4581 2938 4644 saeviens,
2976 4583 3220 4635 eumdem
3253 4581 3402 4634 sonin-

127 4662 375 4717 mulieres
397 4667 465 4718 ad
491 4667 713 4730 omium,
746 4683 852 4721 non
887 4668 1026 4722 intra
1052 4669 1478 4739 tabernaculum,
1521 4673 1709 4726 obser-

126 4768 247 4807 vare
268 4755 606 4810 referuntur.
636 4758 704 4812 Et
729 4760 852 4827 quia
882 4761 933 4813 in
959 4762 1204 4815 omnibus
1229 4762 1519 4832 Scripturis
1543 4762 1711 4817 Judtei

126 4844 477 4914 Redemptori
530 4860 720 4903 nostro
768 4852 1169 4917 contradiwut,
1218 4869 1324 4907 nou
1373 4870 1473 4906 una
1521 4853 1714 4906 mulier

126 4934 283 4989 fuisse
310 4938 541 5005 dicitur,
572 4939 670 4992 sed
708 4940 905 5007 plures.
949 4941 1075 4996 llaec
1104 4943 1317 5011 quidem
1348 4942 1446 4997 sibi
1474 4941 1563 4995 lilii
1594 4940 1711 4995 Heli

123 5024 344 5089 faciunt,
388 5029 516 5096 quia
558 5028 715 5096 juxta
754 5031 1028 5100 propheta:
1074 5048 1298 5087 vocem:
1347 5033 1553 5096 Anima,
1597 5047 1714 5103 qute

124 5119 433 5181 peccaverit,
480 5121 599 5189 ipsa
625 5121 875 5174 morietur
919 5121 1133 5193 (Haec/1.
1178 5138 1322 5185 xvm,
1368 5121 1419 5185 4,
1465 5121 1590 5191 ‘20);
1618 5122 1714 5176 sed

126 5208 381 5261 universo
403 5208 426 5261 ι
456 5209 590 5264 raeli
619 5225 682 5263 ea
708 5210 882 5266 facere
904 5213 1169 5274 dicuntur,
1190 5214 1314 5281 quia
1337 5213 1460 5266 dum
1487 5214 1538 5267 in
1561 5228 1714 5267 erro-

127 5300 195 5351 ris
222 5298 305 5352 sui
336 5308 505 5354 nocte
525 5302 732 5369 praelati
755 5303 1044 5366 intereunt,
1077 5304 1317 5370 caliginis
1346 5319 1456 5357 suae
1479 5303 1716 5357 minores

130 5393 373 5447 necitate
403 5394 772 5448 involvuntur.
819 5393 952 5449 Cum
984 5396 1297 5451 mulieribus
1327 5410 1458 5465 ergo
1485 5398 1593 5467 72
1621 5395 1713 5450 ﬁlii

129 5482 238 5537 Heli
268 5485 577 5551 dormiunt,
598 5486 723 5553 quia
752 5488 965 5554 reprobi
995 5486 1161 5542 Judaei
1194 5488 1458 5542 haeresum
1500 5503 1719 5542 suarum

133 5574 459 5629 admistione
483 5590 656 5644 usque
693 5576 744 5629 in
787 5577 968 5631 mundi
1001 5577 1157 5631 ﬁnem
1189 5578 1521 5647 polluuntur.
1583 5579 1720 5635 Dor-

132 5663 298 5720 miunt
349 5668 538 5724 etiam.
591 5668 719 5735 quia
761 5668 860 5723 etsi
907 5669 1217 5738 gravissima
1258 5680 1374 5724 sunt
1413 5671 1610 5727 erroris
1638 5671 1720 5727 sui

202 5792 226 5817 ⁸
271 5782 355 5833 Al.
367 5821 383 5844 ,
416 5783 793 5852 cognoscimus.

1819 4681 1931 4726 tum
1959 4672 2050 4741 qui
2077 4670 2326 4725 audiatur
2350 4679 2491 4738 agat.
2520 4670 2638 4737 Quo
2668 4674 2719 4724 iu
2748 4673 2868 4724 loco
2899 4672 3003 4725 hoc
3030 4673 3187 4724 etiam
3215 4681 3392 4723 notan

1819 4765 1943 4818 dum
1973 4772 2083 4831 est,
2108 4764 2232 4832 quia
2263 4764 2351 4832 qui
2400 4777 2485 4815 res
2531 4762 2791 4831 pessimus
2817 4762 2883 4815 ab
2913 4761 3057 4813 omni
3100 4760 3300 4829 popqu
3344 4775 3402 4815 se

1819 4853 2032 4907 audisse
2052 4852 2257 4915 retulit,
2279 4861 2569 4904 mansueta:
2597 4851 2894 4905 aﬂectiouis
2916 4865 2998 4904 vc:
3014 4850 3077 4903 ba
3099 4850 3325 4917 subjum
3340 4850 3400 4913 it,

1820 4945 2037 5000 dicens:
2084 4943 2280 5009 Nolite,
2311 4943 2408 5012 filii
2428 4960 2445 5008 ;
2485 4960 2589 4997 non
2630 4951 2704 4996 est
2735 4944 2867 4997 bona
2898 4943 3041 5012 fama
3073 4959 3223 5014 quam
3246 4944 3402 4997 audio

1823 5034 1887 5089 de
1922 5035 2087 5102 vobis,
2132 5045 2187 5087 ut
2214 5034 2507 5105 transgredi
2534 5034 2743 5105 faciatis
2784 5033 3027 5103 populum
3066 5034 3293 5088 Domini.
3344 5034 3407 5089 Et

1822 5133 1978 5179 acute
2008 5125 2222 5191 quidem
2264 5122 2608 5193 reprehendit
2636 5121 2789 5189 Heli,
2823 5131 2879 5177 et
2912 5132 3191 5179 mansuete
3221 5125 3405 5179 admo-

1824 5215 1959 5278 nuit,
2014 5215 2138 5284 quia
2183 5214 2459 5282 Scriptura
2509 5222 2721 5284 patrum
2769 5223 3010 5269 veterum
3058 5226 3113 5268 et
3161 5231 3402 5269 errorem

1824 5303 2027 5359 Judaici
2062 5305 2246 5375 populi
2285 5304 2626 5371 denuntians,
2668 5306 2933 5375 increpat,
2964 5315 3018 5360 et
3062 5305 3131 5358 ab
3161 5306 3403 5373 ejusdem

1826 5394 2026 5449 erroris
2050 5394 2131 5447 sui
2165 5403 2345 5460 nocte,
2370 5395 2601 5463 benigno
2624 5394 2839 5457 allectu,
2864 5396 2927 5449 ad
2958 5411 3095 5450 vcta:
3121 5396 3239 5452 ﬁdei
3263 5397 3404 5449 diem

1828 5492 2007 5538 vocat.
2035 5483 2199 5537 Filios
2227 5484 2441 5550 quidem
2472 5499 2569 5538 eos
2591 5487 2844 5554 appellat,
2879 5494 2935 5539 ιιι
2968 5501 3027 5540 se
3056 5486 3255 5540 debere
3284 5501 3406 5539 esse

1827 5574 2065 5628 lueredes
2106 5582 2342 5643 patera-ie
2392 5575 2761 5643 promiasiOnis
2805 5582 3129 5643 agnoscant;
3174 5584 3227 5628 et
3258 5582 3408 5628 tanto

1826 5667 2073 5721 devotius
2112 5665 2292 5719 mundi
2336 5664 2672 5721 Salvatorem
2716 5665 2997 5734 recipiant,
3038 5672 3241 5732 quanto
3280 5679 3406 5734 pro.

1908 5782 1934 5821 θ’
1974 5782 2246 5838 ΟςιιῚῑῖῑυτ
2271 5785 2467 5837 scelera
2494 5784 2544 5836 in
2576 5780 2729 5837 Cttss.
2786 5774 2789 5777 1
