4000 6288
597 375 662 430 aa
1391 382 1394 384 ν
1799 352 2037 408 εΑΝείι
2072 332 2399 404 ’διιιῖυςιιιιι
2441 316 2649 406 διειεκι

3773 345 3870 414 tuo

599 491 904 544 missionem
933 499 1049 553 (llus
1079 481 1238 534 fuisse
1264 476 1458 531 factum
1490 470 1733 543 patribus
1763 484 1867 522 non
1902 467 2168 534 ignorant.
2206 465 2250 519 Δ
2279 465 2533 516 asset-itur
2553 465 2678 517 dum
2707 480 2734 517 a
2767 463 3035 536 Propheta
3066 455 3332 534 ﬂagitator
3361 485 3372 518 :
3407 467 3641 534 Domine,
3671 473 3873 541 inquit,

598 583 702 638 Sed
741 589 794 634 et
823 580 889 633 de
937 574 1140 646 pet-cati
1190 569 1412 625 audacia
1462 580 1557 620 eos
1599 576 1856 618 revocare
1904 559 2173 627 gestiens,

601 675 861 729 rationem
891 665 1183 735 subjungi't,
1216 662 1401 715 dicens
1432 675 1444 710 :

669 756 844 836 (νοις.
877 759 992 828 25.)
1036 756 1095 812 Si
1135 751 1415 826 peccaverit
1462 750 1540 803 vir
1577 748 1632 801 in
1680 748 1864 805 virum,
1914 742 2090 811 pacari
2133 755 2179 792 et

600 829 762 926 potest
792 852 970 915 Deus;
993 850 1039 902 si
1068 848 1238 900 autem
1261 846 1318 898 in
1348 841 1514 895 Deum
1537 836 1845 909 peccaverit,
1873 834 1984 904 quis
2015 829 2182 884 orabit

602 964 693 1017 pro
713 959 791 999 eo.

674 1039 760 1091 19.
805 1035 896 1089 Vir
939 1033 992 1085 in
1035 1030 1205 1083 virum
1238 1037 1464 1095 peccare
1511 1027 1596 1074 est
1623 1021 1785 1073 homo
1819 1016 1872 1068 in
1909 1013 2183 1067 hominem

604 1142 857 1200 perversa
881 1137 1061 1192 agere.
1092 1117 1229 1186 Quid
1259 1127 1342 1171 est.
1371 1127 1501 1181 ergo
1525 1113 1667 1179 quod
1699 1108 1830 1162 dicit
1854 1125 1866 1158 :
1919 1105 2110 1158 Pacari
2137 1106 2187 1156 et

603 1194 708 1291 '73
734 1226 898 1288 potest
919 1215 1078 1272 Deus,
1103 1210 1202 1263 nisi
1231 1207 1355 1276 quia
1389 1204 1511 1286 talia
1537 1209 1755 1270 peccata
1781 1198 1916 1252 levia
1947 1204 2100 1249 erant
2132 1194 2183 1246 in

604 1284 818 1364 illorum
839 1301 1244 1372 comparatione
1273 1284 1591 1365 (μιωςιωιιη
1621 1291 1963 1344 committere
2000 1286 2053 1337 itt
2093 1284 2186 1337 Dei

606 1399 797 1453 Filium
828 1390 1170 1462 cogitabant?
1201 1387 1259 1441 lu
1290 1387 1457 1440 Deum
1486 1382 1686 1462 quippe
1710 1373 2026 1449 peccabant,
2058 1375 2184 1444 quia

605 1503 728 1544 etnn
754 1461 914 1554 quem
943 1480 1308 1535 moliebantur
1337 1472 1586 1528 occidere
1616 1461 1782 1523 Deum
1807 1483 1866 1522 se
1895 1481 2014 1519 esse
2040 1480 2190 1532 apt-r-

604 1578 808 1632 tissime
833 1571 1217 1628 miraculorum
1247 1568 1368 1620 luce
1389 1567 1804 1618 monstraverat.
1841 1556 1957 1611 Hoc
1989 1556 2188 1624 quippe

607 1683 702 1738 per
731 1664 1082 1732 semetipsum
1111 1657 1370 1712 Dominus
1399 1651 1656 1717 ostendit,
1682 1650 1866 1704 dicens
1892 1665 1904 1699 :
1946 1647 2006 1700 Si
2034 1662 2189 1716 apem

606 1776 710 1814 non
752 1757 985 1829 fecissem
1031 1753 1087 1805 in
1113 1751 1205 1813 eis,
1250 1761 1364 1818 qua:
1389 1760 1537 1798 nemo
1576 1743 1710 1795 alius
1752 1740 1892 1810 fecit,
1925 1746 2188 1806 peccatum

2281 550 2443 604 libera
2472 555 2702 607 animant
2728 571 2914 622 meam,
2944 557 3236 609 misericors
3265 567 3312 609 et
3327 558 3501 626 justus
3537 559 3672 615 Deus
3698 575 3876 616 noster

2285 644 2459 712 (I’sal.
2499 660 2639 709 cuv,
2672 646 2749 714 5).
2795 645 2894 701 Per
2935 649 3355 703 miscricordiam
3401 667 3532 706 vero
3561 656 3876 709 conversio-

2287 747 2407 786 nem
2437 744 2780 803 peccatorum
2827 747 3134 806 exspectat;
3180 741 3558 808 perjustitiatn
3590 758 3705 798 non
3749 761 3877 798 con-

2287 842 2471 882 versos
2493 829 2732 886 damnat.
2765 830 2868 886 Per
2888 833 3308 887 misericordiam
3332 838 3574 901 converti
3602 841 3711 890 vult
3747 854 3875 905 pet--

2285 927 2497 974 catorcs
2525 928 2580 973 et
2608 922 2806 987 vivere,
2838 923 2931 976 sed
2962 938 3059 992 per
3079 923 3341 992 justitiam
3365 942 3460 981 eos
3500 929 3591 997 qui
3625 931 3877 984 converti

2287 1011 2575 1065 noluerunt
2604 1014 2715 1067 vult
2744 1015 2968 1082 punire;
3001 1017 3419 1072 misericorditer
3449 1035 3557 1074 non
3579 1021 3758 1074 salvat
3781 1024 3878 1075 nisi

2289 1104 2490 1169 volens,
2521 1121 2617 1173 per
2640 1106 2898 1172 justitiam
2928 1108 3116 1161 nolens
3141 1109 3378 1164 damnat.
3410 1110 3544 1164 Dum
3567 1127 3698 1181 ergo
3730 1115 3880 1167 occi-

2289 1191 2418 1246 dere
2444 1191 2579 1247 velle
2609 1194 2818 1260 dicitur,
2871 1207 3214 1264 peccatorum
3261 1199 3510 1268 impietas
3554 1201 3798 1254 maxima
3829 1211 3876 1255 et

2289 1285 2693 1340 inemendabilis
2719 1289 3038 1352 ostenditur,
3071 1304 3192 1357 qua:
3223 1291 3526 1345 voluntarie
3555 1297 3758 1345 dtvmze
3799 1308 3880 1358 ju-

2289 1379 2445 1432 stitia:
2481 1380 2827 1434 eitsecntione
2873 1381 3142 1450 puniatur.
3175 1380 3265 1436 Sic
3292 1382 3479 1450 utique
3519 1391 3575 1436 et
3604 1383 3881 1453 piissimus

2289 1468 2623 1521 saecularium
2669 1471 3003 1537 negotiorum
3026 1470 3233 1545 iudices
3257 1486 3419 1540 agere
3448 1473 3693 1528 videmus
3719 1514 3737 1539 ,
3792 1476 3880 1545 qui

2289 1559 2486 1613 'vellent
2515 1569 2573 1613 ut
2603 1576 2760 1614 nemo
2789 1560 3144 1630 delinqueret,
3176 1569 3234 1616 ut
3259 1563 3357 1632 ipsi
3388 1563 3579 1632 punire
3603 1566 3880 1620 neminem

2291 1650 2549 1704 deberent
2572 1668 2586 1715 ;
2617 1661 2712 1706 seu
2734 1651 2859 1704 dum
2891 1652 2958 1706 ab
2982 1653 3179 1722 iniquis
3202 1653 3460 1709 audacter
3487 1657 3695 1709 scelera
3730 1672 3883 1712 com-

2293 1739 2593 1805 mittuntur,
2639 1742 2940 1796 voluntarie
2983 1757 3079 1797 eos
3128 1744 3390 1812 puniunt,
3441 1759 3580 1813 quos
3627 1745 3886 1802 libentius

609 1870 712 1906 non
744 1819 988 1902 Iiaberent
1011 1844 1191 1916 (Joan.
1222 1859 1313 1908 xv,
1335 1839 1449 1908 24).
1482 1836 1547 1890 Et
1574 1843 1634 1889 ut
1657 1833 1967 1888 ostenderet
1996 1831 2184 1900 itnpla-
2217 1819 2266 1894 Β
2294 1845 2398 1883 non
2421 1832 2750 1886 commisi-se
2767 1833 3033 1902 punienda
3062 1835 3364 1890 voluerunt.
3389 1835 3506 1902 Quo
3529 1844 3720 1892 contra
3757 1838 3884 1891 illud

606 1941 932 1996 cabilitatem
957 1935 1048 1988 Dei
1075 1933 1265 1995 Patris,
1291 1928 1563 1996 subjungit
1584 1926 1764 1979 dicens
1789 1941 1803 1976 :
1838 1917 1996 1976 Nunc
2017 1929 2186 1974 autem

605 2030 984 2086 excusationem
1009 2041 1109 2077 non
1133 2021 1323 2074 habent
1346 2018 1408 2070 de
1429 2024 1638 2086 peccato
1664 2025 1775 2078 suo,
1809 2014 1928 2082 quia
1952 2011 2189 2064 viderunt

605 2132 652 2175 et
681 2121 899 2174 oderunt
923 2124 1087 2180 nte-,et
1112 2113 1322 2164 Patrem
1348 2124 1516 2162 meum
1535 2103 1750 2176 (Ibid.).
1777 2102 1905 2156 Tale
1930 2109 2013 2154 est
2035 2113 2188 2166 ergo,

608 2228 670 2266 ac
699 2211 742 2264 si
774 2210 918 2262 dicat
939 2204 1147 2271 :‘anus
1183 2216 1346 2270 prece
1375 2197 1502 2252 illud
1536 2203 1818 2266 peccatum
1861 2191 2186 2258 indulgetur,

608 2300 751 2370 quod
783 2300 833 2352 in
866 2298 1038 2366 ipsum
1063 2292 1388 2348 intlultorem
1419 2287 1768 2342 committitur
1799 2303 1812 2335 :
1849 2284 1970 2350 quis
1997 2297 2094 2350 pro
2125 2297 2189 2334 co

611 2369 754 2446 omni
764 2396 1033 2459 petentem
1062 2384 1277 2438 Patrem
1301 2381 1569 2444 obsecrat,
1594 2376 1683 2444 qui
1706 2383 2034 2429 comtcrnum
2061 2369 2192 2424 Uni-

610 2482 851 2550 genituzn
897 2480 948 2531 in
999 2483 1229 2530 mortem
1279 2470 1534 2525 damnat?
1586 2465 1725 2520 Nihil
1773 2464 1915 2517 enim
1953 2461 2192 2531 apertius

611 2575 833 2633 diceret,
859 2570 902 2623 si
933 2567 1210 2630 fateretur,
1237 2563 1453 2616 dicens:
1489 2558 1604 2619 llic,
1638 2571 1741 2624 que
1765 2573 1795 2607 n
1826 2553 1968 2607 velut
2000 2566 2192 2620 purum

612 2659 882 2713 hominem
910 2651 1495 2725 persequimini,etiam
1518 2647 1659 2701 Deus
1674 2654 1776 2700 est.
1808 2644 2048 2696 Rationis
2064 2654 2192 2708 ergo

610 2748 697 2800 lex
725 2745 890 2813 exigit
907 2753 964 2797 ut
981 2743 1070 2812 qui
1091 2740 1424 2796 conditorem
1450 2735 1790 2806 persequitur
1811 2733 1965 2785 venia
1987 2732 2038 2784 d-.
2057 2729 2194 2784 frau-

611 2835 786 2890 detur.
819 2833 924 2888 Sed
956 2843 978 2866 ιι
1011 2831 1157 2886 ducit
1184 2829 1360 2883 divina
1386 2827 1561 2896 pietas
1598 2823 1986 2878 districtionetn
2025 2830 2193 2874 ratio-

613 2928 724 2992 uis;
769 2925 901 2993 legis
928 2924 1070 2978 enim
1099 2922 1406 2990 {equitatem
1431 2916 1686 2978 ostendit,
1716 2914 1812 2968 sed
1843 2915 2065 2985 prolatae
2103 2929 2194 2967 as-

611 3017 864 3071 sertionis
897 3015 920 3051 δ
963 3014 1202 3080 vigorem
1253 3011 1304 3064 in
1336 3007 1658 3079 promulgati
1683 3006 1820 3074 juris
1848 3005 2195 3058 exsecutione

614 3125 720 3162 non
758 3107 948 3161 te..uit.
990 3103 1284 3172 [Equitatis
1314 3101 1458 3155 enim
1494 3101 1672 3167 rigore
1707 3099 1981 3153 decretum
2025 3105 2106 3149 est
2139 3103 2196 3148 ut

2293 1923 2395 1976 hoc
2425 1923 2475 1976 in
2507 1923 2625 1978 loco
2639 1925 2911 1990 tcernitur,
2942 1926 3068 1993 quia
3099 1940 3206 1979 non
3234 1926 3363 1980 dicit
3390 1945 3402 1978 :
3436 1927 3571 1992 Quia
3603 1930 3886 1996 corrigen-

2293 2017 2358 2070 tis
2389 2017 2556 2085 patris
2604 2033 2792 2072 vocem
2824 2018 3009 2073 audire
3057 2018 3165 2088 7a
3191 2020 3481 2073 noluerunt
3506 2061 3521 2085 ,
3556 2021 3649 2075 sed
3696 2037 3714 2074 :
3771 2020 3886 2074 Non

2292 2110 2530 2176 audiere,
2563 2112 2688 2179 quia
2717 2111 2887 2164 volu't
2930 2127 3023 2166 eos
3051 2110 3311 2166 Dominus
3339 2112 3606 2167 occidere.
3655 2112 3768 2166 Sed
3796 2111 3884 2180 qui

2291 2201 2452 2254 divini
2481 2202 2744 2257 examinis
2764 2203 3070 2273 aequitatem
3094 2203 3240 2258 recte
3259 2203 3591 2271 considerat,
3620 2205 3782 2258 intert-
3803 2219 3887 2258 sse

2291 2287 2422 2345 nihil
2452 2300 2602 2360 putat
2631 2309 2696 2346 an
2725 2299 3002 2348 occidatur
3029 2293 3240 2364 aliquis,
3273 2309 3340 2348 an
3373 2294 3463 2348 illo
3486 2294 3540 2347 in
3569 2295 3784 2349 scelere
3809 2295 3889 2348 di-

2292 2381 2534 2434 mittatur
2559 2382 2611 2434 in
2635 2396 2744 2449 quo
2771 2391 2972 2436 teterna
3002 2383 3381 2452 reprobatione
3405 2383 3722 2450 pe-imatur.
3758 2382 3889 2437 Tale

2292 2475 2374 2524 est
2413 2487 2475 2526 ac
2502 2472 2546 2525 si
2575 2473 2721 2526 dit-at
2751 2490 2764 2526 :
2797 2470 2967 2526 Tanta
3015 2472 3113 2526 fuit
3143 2472 3452 2542 magnitudo
3491 2473 3700 2544 culpm,
3740 2484 3802 2528 ut
3838 2483 3885 2527 el

2293 2566 2659 2620 conversionis
2703 2563 3051 2623 niontunenta
3098 2567 3471 2634 Susciperent,
3524 2575 3579 2620 et
3621 2582 3651 2619 a
3690 2566 3890 2620 mortis

2293 2665 2403 2706 sua:
2434 2654 2588 2708 fovea
2628 2667 2846 2723 surgere
2888 2669 3224 2723 nequaquam
3265 2666 3519 2723 possent;
3568 2664 3624 2708 et
3658 2656 3755 2723 qui
3803 2656 3888 2708 ira:

2295 2742 2390 2797 Dei
2425 2744 2638 2813 pelagus
2673 2746 2953 2815 biberant,
2998 2747 3048 2800 in
3080 2746 3442 2802 damnationis
3471 2762 3581 2800 sua:
3611 2749 3888 2801 cumulum

2296 2835 2556 2888 baberent
2585 2851 2691 2888 non
2737 2836 2909 2889 solum
2953 2850 3166 2905 poenam
3197 2836 3464 2890 commissi
3497 2836 3753 2898 sceleris,
3799 2837 3890 2890 sed

2295 2927 2458 2980 etiam
2497 2926 2732 2980 additam
2764 2928 3052 2982 vindictam
3095 2937 3417 2998 contemptae
3463 2929 3889 2998 prmdicationis.

2296 3017 2402 3072 Sed
2431 3033 2529 3072 cur
2556 3019 2658 3073 hoc
2679 3019 2746 3074 de
2774 3021 3043 3088 prtet‘erit't
3073 3021 3348 3083 miramur,
3377 3021 3516 3089 quod
3547 3037 3688 3075 nunc
3711 3037 3892 3088 usque

2303 3106 2417 3161 ﬁeri
2443 3109 2712 3163 cernimus
2746 3127 2758 3161 :
2792 3107 2907 3163 lleli
2950 3110 3197 3164 videlicet
3236 3125 3544 3165 monentem
3579 3112 3716 3165 filios
3762 3128 3894 3166 con-

614 3201 680 3254 ad
711 3199 1054 3267 indulgentiae
1076 3199 1355 3250 obtentum
1380 3194 1522 3248 nulla
1547 3208 1706 3262 prece
1724 3189 2192 3262 pertingeret;sed

2303 3204 2620 3262 temnentes,
2654 3199 2931 3254 Dominum
2961 3199 3210 3254 occidere
3237 3201 3538 3254 volentem?
3574 3201 3709 3266 ρ..ἱά
3737 3205 3888 3257 enim

614 3293 807 3358 quibus
840 3289 1015 3343 oratio
1053 3287 1288 3340 hominis
1322 3285 1467 3338 nulla
1498 3282 1726 3345 sutfecit,
1761 3283 1932 3352 pietas
1962 3281 2195 3334 Redem-

619 3386 786 3452 ptoris
813 3400 918 3437 non
949 3381 1134 3436 defuit.
1163 3377 1348 3433 Omnis
1373 3379 1536 3432 homo
1563 3376 1654 3444 qui
1692 3391 1790 3445 pro
1820 3373 2200 3441 transgressio-

617 3482 771 3535 nibus
797 3488 911 3533 oret
949 3478 1179 3542 tollitur;
1213 3477 1305 3530 sed
1347 3475 1541 3543 quibus
1573 3475 1736 3528 homo
1775 3472 2046 3527 s'tfﬂeiens
2080 3483 2196 3526 erat

617 3571 810 3634 nullu=,
843 3571 956 3638 ipse
988 3568 1128 3622 Deus
1166 3568 1326 3621 homo
1358 3567 1527 3621 factus
1575 3571 1656 3619 est
1693 3565 2017 3618 intercessor
2057 3564 2194 3632 ‘pius.

614 3659 747 3713 Nam
789 3660 840 3712 in
881 3672 1041 3712 cruce
1084 3671 1373 3724 suspensus
1401 3654 1593 3717 oravit,
1640 3653 1857 3706 dicens:
1906 3651 2084 3715 Pater,
2118 3651 2199 3703 di-

613 3754 757 3806 mitte
780 3751 906 3819 illis,
941 3751 1062 3820 quia
1092 3748 1322 3802 nesciunt
1348 3745 1470 3818 quid
1505 3746 1702 3816 faciunt
1733 3743 1883 3814 (Luc.
1919 3759 2050 3808 xx",
2082 3741 2195 3809 54).

617 3844 842 3897 Pacatus
881 3852 962 3897 est
992 3854 1122 3908 ergo
1146 3839 1286 3893 Deus
1319 3839 1381 3892 iis
1410 3837 1499 3906 qui
1523 3837 1573 3889 in
1616 3836 1781 3889 Deum
1813 3843 2195 3905 peccaverunt,

615 3945 720 3988 non
756 3934 928 3987 aliena
954 3947 1130 4000 prece,
1164 3929 1257 3985 sed
1288 3943 1406 3984 sua.
1432 3925 1540 3982 Sed
1569 3933 1792 3996 pacatus
1818 3932 1900 3977 cst
1921 3923 2060 3976 Deus
2091 3938 2196 3976 non

614 4025 884 4089 omnibus,
920 4022 1012 4075 sed
1043 4021 1382 4088 quibusdam.
1410 4017 1636 4082 Quidam
1667 4022 1898 4084 namque
1941 4029 2196 4081 persecu-

620 4125 765 4168 tores
803 4113 1010 4167 Domini
1047 4111 1457 4180 pratdicanlibus
1497 4108 1756 4176 apostolis
1779 4107 2024 4160 conversi
2055 4113 2200 4172 sunt,

615 4204 795 4258 emteri
833 4218 958 4255 tero
997 4203 1226 4270 periere.
1265 4200 1336 4252 De
1378 4199 1490 4251 is:is
1531 4200 1672 4249 enim
1715 4195 1892 4250 Lucas
1932 4197 2199 4261 meminit,

615 4297 834 4348 dicens:
888 4293 1081 4344 Factus
1127 4299 1202 4343 est
1255 4305 1492 4342 numerus
1541 4305 1717 4342 eorum
1764 4289 1986 4357 quinque
2037 4288 2201 4338 millia

619 4388 756 4456 (.lct.
790 4401 859 4445 tv,
893 4384 970 4448 4).
1009 4384 1080 4436 De
1113 4381 1354 4450 reprobis
1379 4396 1508 4433 vero
1532 4379 1913 4447 subjungilur:

689 4477 864 4547 (Veis.
887 4475 1000 4539 9.5.)
1043 4473 1112 4526 Et
1137 4491 1237 4526 non
1267 4472 1537 4525 audierunt
1570 4487 1738 4525 vocem
1763 4473 1927 4540 patris
1955 4473 2054 4537 sui,
2083 4473 2203 4539 quia

617 4573 773 4625 t'o'uit
809 4570 1054 4623 Dominus
1079 4567 1309 4620 occidere
1335 4581 1439 4619 eos.

685 4665 770 4715 ‘20.
819 4661 919 4715 l’er
940 4660 1255 4729 prophetam
1287 4655 1540 4709 Dominus
1561 4653 1899 4718 denuntians,
1924 4655 2032 4707 ait:
2061 4652 2202 4708 Nolo

618 4767 832 4811 mortem
861 4753 1164 4825 peccatoris,
1203 4751 1293 4805 sed
1314 4759 1369 4802 ut
1392 4755 1714 4803 convertatur
1736 4757 1784 4799 et
1822 4749 1953 4799 vivat
1985 4743 2199 4816 (Ezeclt.

621 4865 766 4911 xvtn,
797 4847 899 4913 εἷς
939 4855 986 4899 et
1029 4860 1215 4910 nam,
1250 4825 1358 4912 ll).
1390 4839 1673 4907 Quomodo
1704 4852 1832 4905 ergo
1859 4837 1907 4890 ei
1942 4836 2202 4904 competit

622 4939 759 4992 velle
805 4937 922 4991 oeci
944 4937 1052 4990 lere
1100 4942 1472 5004 peccatorem,
1523 4939 1579 4984 et
1631 4938 1858 4983 mortem
1907 4928 2204 4997 peccatoris

621 5029 807 5083 nolle?
835 5029 939 5082 Sed
963 5029 1014 5081 in
1046 5027 1268 5099 pratfato
1299 5024 1604 5080 testimonio
1635 5022 1877 5090 sequitur
1903 5020 2043 5074 unde
2066 5019 2206 5072 veri-

623 5130 702 5174 tas
729 5126 1052 5185 agnoscatur
1082 5133 1098 5182 ;
1143 5118 1215 5170 ait
1244 5117 1385 5170 enim
1421 5133 1432 5167 :
1485 5113 1593 5168 Sed
1622 5121 1674 5165 ut
1703 5119 2027 5165 convertatur
2051 5119 2098 5162 et
2128 5109 2203 5161 vi-

622 5219 720 5262 vat.
755 5208 856 5274 Qui
880 5209 1019 5262 enim
1041 5215 1380 5276 peccatorem
1409 5205 1522 5258 vult
1548 5205 1726 5257 vivere
1758 5210 1815 5254 ut
1837 5207 2202 5264 movertatvr,

618 5302 663 5356 si
711 5301 853 5354 hunc
892 5298 1349 5353 inconvertibilem
1399 5295 1577 5349 divina
1627 5292 1956 5361 ptaascientia
1999 5290 2201 5353 neStit,

619 5391 831 5446 occidit.
868 5390 992 5445 Vult
1030 5404 1158 5457 ergo
1209 5388 1466 5442 Dominus
1494 5384 1741 5439 occidere
1767 5425 1782 5449 ,
1829 5382 1920 5435 sed
1952 5397 2044 5434 eos
2073 5396 2207 5446 quos

624 5485 910 5553 przcnoscit
949 5483 1188 5539 converti
1221 5481 1382 5535 nolle.
1438 5477 1744 5532 Misericors
1766 5475 1907 5528 enim
1951 5481 2006 5526 et
2030 5471 2204 5541 justus

693 5655 713 5679 η
746 5646 905 5698 Forte
934 5640 1213 5709 legendum
1247 5636 1458 5700 devicit,
1490 5632 1572 5686 vel
1599 5632 1752 5697 vicit,
1787 5629 1910 5684 lic-..t
1941 5628 1991 5680 in
2024 5625 2202 5679 omni-

619 5718 716 5770 bus
747 5715 913 5767 Etlitis
940 5708 1053 5779 lego
1084 5725 1145 5763 ur
1174 5708 1335 5760 ducit.
1457 5775 1467 5779 Α
1598 5762 1602 5766 ι

692 5806 700 5823 ι
749 5785 911 5838 Gilot.
949 5770 1224 5844 eth'at’c.,
1258 5783 1427 5846 rigore
1453 5775 1504 5827 in
1536 5771 1844 5842 prrtttulgati
1869 5770 2008 5840 juris
2049 5781 2199 5824 exse—

2298 3303 2448 3342 sacra
2477 3288 2750 3357 Scriptura
2772 3290 3010 3357 quotidie
3033 3288 3229 3344 ludatis
3250 3290 3390 3342 aliud
3417 3305 3577 3358 quam
3600 3290 3894 3360 caliginem

2299 3380 2376 3432 sui
2405 3381 2603 3434 erroris
2631 3381 2898 3434 insinuat?
2930 3380 3044 3434 Non
3075 3381 3326 3450 equidem
3351 3383 3429 3436 sic
3458 3398 3553 3450 per
3583 3386 3821 3438 latentes
3843 3395 3896 3438 et

2300 3470 2567 3538 spiritales
2594 3471 2894 3524 intellectus
2918 3470 3336 3539 Redemptorem
3367 3470 3648 3538 praedicat,
3685 3481 3746 3524 ut
3778 3473 3894 3539 ejus

2302 3560 2722 3616 incarnationem
2748 3600 2761 3624 ,
2799 3560 3133 3614 nativitatem
3154 3601 3168 3622 ,
3211 3560 3517 3628 passionem
3542 3601 3556 3622 ,
3612 3575 3898 3614 resurrec-

2301 3652 2501 3704 tionem
2530 3680 2544 3715 ,
2574 3650 2627 3704 et
2670 3651 2735 3705 ad
2768 3651 2934 3706 cmlos
2974 3651 3343 3705 ascensionem
3387 3666 3492 3703 non
3519 3659 3774 3720 patenter
3806 3667 3898 3706 os-

2303 3742 2507 3796 tendat.
2539 3742 2647 3797 Nec
2677 3742 2775 3811 ipsi
2808 3751 2914 3795 tam
2945 3739 3340 3795 irrationabiles
3380 3749 3533 3804 sunt,
3569 3755 3625 3793 ut
3653 3749 3767 3794 tam
3802 3758 3896 3794 ex-

2303 3831 2553 3885 cellentia
2603 3831 2742 3885 bona
2775 3831 3122 3900 Redemptori
3161 3831 3450 3886 cnnvenire
3492 3846 3597 3885 non
3639 3832 3897 3897 videant;

2301 3923 2395 3976 sed
2425 3933 2600 3975 tamen
2633 3925 2758 3977 caeci
2783 3932 2926 3984 sunt,
2959 3931 3021 3976 ut
3049 3923 3310 3992 promissa
3335 3923 3574 3991 patribus
3599 3922 3709 3978 suis
3740 3923 3900 3991 signa

2304 4014 2356 4069 in
2384 4013 2797 4084 Rede-ruptorem
2833 4012 3093 4069 t-tl‘nlsisse
3121 4012 3357 4080 audiant,
3405 4022 3458 4070 et
3495 4029 3601 4069 non
3642 4012 3898 4073 credant.

2303 4105 2440 4160 Cteci
2470 4121 2598 4174 ergo
2629 4115 2752 4160 sunt
2782 4120 2800 4145 τ
2851 4123 2955 4160 non
2987 4109 3147 4161 modo
3185 4108 3412 4161 videndo
3457 4107 3750 4176 promissa.
3801 4110 3900 4161 Srfd

2305 4217 2410 4254 non
2436 4201 2703 4255 credendo
2725 4199 2980 4254 exhibita.
3014 4198 3119 4254 Cur
3139 4215 3324 4252 vocem
3349 4199 3562 4268 Scriptu
3593 4214 3637 4251 :c
3665 4215 3899 4252 monen-

2307 4295 2374 4347 tis
2401 4309 2504 4346 non
2530 4279 2770 4357 audiunt,
2796 4293 2896 4346 nisi
2925 4291 3047 4360 quia
3070 4306 3163 4345 eos
3196 4290 3450 4344 Dominus
3477 4291 3724 4343 occidere
3749 4291 3903 4342 vult?

2307 4381 2415 4436 Nec
2446 4383 2636 4436 mirum
2689 4390 2905 4444 tamen,
2953 4381 2997 4434 si
3039 4380 3380 4447 ejusjudicio
3428 4389 3692 4446 pereunt,-
3741 4379 3904 4445 cujus

2313 4473 2649 4543 Unigenituni
2679 4473 2945 4527 occidere.
2978 4471 3184 4525 lnlnnze
3213 4471 3351 4525 enim
3373 4485 3428 4542 _:c
3453 4469 3652 4530 ,uitatis
3682 4469 3899 4522 distric-

2311 4567 2457 4619 tione
2483 4581 2601 4619 cum
2629 4563 2933 4618 Iudaeorum
2980 4564 3178 4632 populo
3205 4562 3409 4629 agitur,
3443 4567 3501 4611 ut
3544 4559 3742 4612 monita
3774 4559 3902 4612 vita:

2311 4657 2586 4727 quotidie,
2630 4654 2923 4726 Seripturis
2968 4654 3343 4722 loquentibus,
3389 4651 3611 4704 audiant
3702 4657 3759 4702 et
3801 4649 3900 4718 ipsi

2311 4749 2598 4820 Scripturis
2625 4749 2964 4803 monentibus
2991 4760 3326 4814 nequaquam
3350 4759 3439 4798 cre
3459 4744 3589 4796 lant.
3622 4740 3727 4795 Sed
3749 4782 3765 4806 ,
3819 4758 3894 4794 r---

2312 4845 2464 4914 pulsa
2491 4842 2796 4898 Judteorum
2826 4838 3070 4911 perﬁdia,
3100 4838 3292 4903 quibus
3317 4834 3653 4889 successibus
3682 4840 3890 4885 sancto-

2313 4951 2429 4989 rum
2448 4933 2852 5003 pt-tedicatornm
2875 4929 3008 4985 ordo
3037 4929 3272 4998 potiatur
3301 4927 3352 4980 in
3376 4925 3625 4994 gentibus
3650 4923 3897 4985 exponit,

2310 5025 2342 5079 d
2365 5039 2491 5079 cens
2523 5041 2535 5076 :

2380 5159 2554 5228 (Vera.
2593 5158 2710 5227 26.)
2763 5157 2902 5210 Puer
2940 5167 3109 5208 autem
3133 5144 3344 5209 Samuel
3390 5149 3699 5220 proﬁciebat
3747 5156 3899 5216 atque

2305 5247 2584 5310 crescebat,
2615 5257 2663 5300 et
2687 5246 2918 5318 placebat
2950 5254 3054 5298 tam
3084 5244 3192 5298 Deo
3222 5259 3374 5312 quam
3400 5240 3714 5294 hominibus.

2377 5360 2466 5414 21.
2509 5357 2832 5413 Proficiebat
2861 5355 3074 5426 quidem
3112 5355 3260 5408 lucro
3290 5350 3719 5421 prccdicationis,
3755 5363 3904 5402 cres-

2307 5453 2462 5506 cebat
2503 5463 2725 5504 numero
2769 5447 3154 5500 ministrorum.
3199 5443 3330 5496 Nam
3375 5440 3442 5494 de
3487 5439 3614 5508 prof
3640 5448 3732 5491 ctu
3787 5437 3896 5504 ejus

2309 5631 2507 5681 cutione
2535 5643 2636 5682 non
2666 5624 2846 5679 tenuit.

2381 5679 2680 5754 c“lit—)ttasse
2725 5690 3006 5762 legendum
3047 5704 3146 5742 non
3178 5685 3328 5741 modo
3373 5699 3474 5752 non
3519 5679 3747 5734 ridendo
3780 5694 3903 5752 pro-

2306 5771 2482 5823 missa.
