4000 6298
131 392 242 447 ιοι

128 506 463 578 App-luitis
494 516 517 543 α
550 507 826 573 gloriatur,
859 508 1042 559 t’iecns
1069 525 1080 556 :
1114 510 1154 559 Α
1182 504 1469 559 Jerusalem
1500 521 1657 575 usque
1691 502 1758 555 ll-
1789 506 1830 562 Α

128 595 377 664 lyricum
430 596 627 664 repleri
667 595 1002 665 Evangelium
1047 595 1238 649 Christi
1292 594 1468 663 (Rom.
1527 612 1610 661 tv,
1645 595 1755 663 l9).

130 684 457 738 Crescendi
487 699 705 755 quoque
753 684 968 737 modum
1025 685 1193 739 Lucas
1238 686 1500 749 meminit,
1529 684 1712 739 dit-cus
1743 702 1757 739 :

130 774 437 829 Crescente
488 792 705 829 numero
744 774 1137 844 discipulorum,
1181 778 1375 847 factum
1421 786 1496 830 est
1530 793 1763 849 murmur

131 862 468 919 Crassorum
499 865 747 918 aduersus
778 864 1028 920 lit-braeos
1048 906 1063 928 ,
1111 884 1171 921 eo
1211 848 1347 937 quod
1375 867 1761 937 despicerentur

128 956 189 1008 iu
226 955 541 1009 ministerio
567 957 735 1010 viduos
760 972 934 1010 eorum
966 956 1100 1027 (Act.
1126 973 1194 1011 vt.
1230 957 1306 1025 i).
1333 955 1396 1010 Et
1421 957 1581 1027 paulo
1604 966 1759 1026 post:

134 1044 336 1117 Elegei
350 1058 471 1113 unt,
504 1048 693 1115 inquit.
728 1047 1049 1113 Stephanum
1078 1048 1281 1117 plenum
1320 1050 1426 1118 ﬁde
1470 1058 1520 1104 et
1559 1050 1759 1120 Spiritu

131 1149 339 1191 sancto
366 1178 382 1201 ,
422 1148 474 1190 et
507 1136 786 1192 Procerum
810 1179 825 1201 ,
854 1147 904 1190 et
930 1140 1149 1207 re'iquos
1172 1136 1362 1207 (Ibid..
1394 1137 1470 1207 5).
1506 1139 1618 1194 llos
1645 1149 1758 1193 sta-

136 1236 299 1280 tuere
328 1236 464 1280 ante
490 1237 816 1297 conspectum
844 1229 1190 1296 apostolorum
1218 1268 1234 1292 ,
1277 1237 1324 1282 et
1355 1239 1563 1283 orantes
1587 1232 1759 1298 impo-

134 1326 376 1370 suerunt
422 1318 496 1370 eis
543 1333 746 1369 manus.
780 1317 909 1371 Item
949 1317 1015 1370 de
1057 1318 1297 1385 proiectu
1346 1319 1449 1373 isto
1496 1335 1759 1375 novorum

135 1406 585 1472 prmdicatorum
613 1408 876 1476 scriptum
907 1415 1026 1463 est:
1058 1402 1127 1461 ’1η
1158 1425 1359 1462 omnem
1390 1419 1579 1464 terram
1604 1412 1760 1464 exivit

141 1512 323 1549 sonus
347 1511 552 1564 eorum,
578 1498 699 1551 rtin
718 1500 849 1563 ﬁnes
869 1498 1189 1553 orbis'terrtc
1209 1499 1358 1555 verba
1382 1499 1757 1568 eorunthsal.

142 1600 317 1645 XVIII,
348 1582 431 1655 5).
802 1570 813 1579 ’

222 1673 327 1729 2‘2.
370 1675 481 1729 Sed
531 1676 798 1731 subtiliter
849 1675 935 1731 est
980 1676 1291 1732 intuendum
1334 1681 1480 1747 quod
1514 1681 1754 1738 dieitur:

144 1762 423 1818 Placebat
452 1778 558 1818 tant
583 1765 691 1820 Deo
715 1782 871 1838 quam
895 1768 1204 1823 hominibus.
1234 1766 1552 1827 Hominibus
1580 1773 1759 1842 placet

141 1854 353 1908 doctor
386 1870 516 1909 eum
543 1872 601 1911 se
629 1857 852 1911 subditis
877 1858 1235 1913 venerabilem
1254 1868 1310 1914 et
1336 1860 1490 1916 bouis
1518 1863 1756 1920 moribus
1792 1871 1833 1929 Β

141 1962 180 2001 o
214 1957 417 2003 natum
451 1951 701 2019 praebet:
756 1952 863 2005 Deo
910 1961 1089 2006 autem
1137 1955 1457 2023 placetcum
1502 1958 1568 2014 de
1612 1960 1754 2016 bona

141 2052 584 2097 conversatione
615 2042 848 2097 inaniter
873 2043 1087 2112 gloriari
1117 2045 1343 2115 refugit,
1365 2058 1432 2102 ‘et
1461 2049 1626 2105 solius
1660 2050 1755 2106 Dei

138 2130 377 2184 laudem
408 2132 712 2199 pratttereti
755 2132 1104 2203 concopiscit.
1149 2134 1285 2189 Dicit
1312 2151 1477 2205 ergo:
1508 2137 1757 2193 Placebat

119 2230 261 2276 itam
300 2222 417 2278 Deo
445 2240 602 2295 quam
623 2223 931 2289 hominibus,
962 2224 1087 2294 quia
1112 2224 1350 2282 nonnulli
1380 2229 1757 2298 praedicatores

144 2322 489 2369 praetextum
515 2315 815 2370 sanctitatis
843 2314 1155 2385 praeferunt,
1184 2333 1345 2386 quam
1391 2334 1496 2373 non
1533 2320 1749 2376 habent.

146 2401 212 2453 lli
246 2417 410 2471 ergo,
434 2403 562 2471 quia
592 2404 693 2458 etsi
722 2405 1028 2460 hominibus
1056 2406 1288 2473 placent,
1312 2405 1426 2464 Deo
1448 2409 1749 2479 displicent,

147 2493 199 2543 iu
234 2504 373 2562 typo
405 2494 533 2547 novi
560 2502 617 2547 et
647 2494 804 2549 electi
833 2496 1199 2564 pracdicatoris
1223 2496 1292 2552 de
1335 2496 1586 2555 Samuele
1612 2515 1755 2557 nunc

145 2581 362 2635 dicitur
387 2599 403 2634 :
442 2582 688 2637 Placebat
718 2593 824 2638 tam
857 2586 962 2640 Deo
987 2602 1136 2658 quam
1165 2587 1472 2643 hominibus.
1516 2589 1752 2645 Veneta-

147 2671 293 2725 biles
321 2673 418 2740 qui
439 2676 544 2725 tem
573 2688 634 2727 se
679 2674 937 2730 exhibent
984 2676 1243 2739 subditis.
1276 2685 1331 2731 et
1371 2677 1482 2733 Deo
1522 2678 1755 2735 oderunt

130 2763 453 2829 puritttem
512 2763 848 2819 intentionis.
907 2765 1224 2823 Hominibus
1271 2768 1485 2838 quidem
1541 2769 1757 2839 placere

147 2850 461 2913 studuerat,
495 2852 586 2920 qui
615 2852 829 2907 dicebat
857 2872 870 2906 :
912 2855 1103 2910 Christi
1142 2856 1304 2911 bonus
1341 2857 1470 2912 odor
1496 2876 1537 2912 s-
1557 2876 1671 2913 mus
1696 2861 1752 2914 in

150 2945 300 2994 omni
324 2941 443 2995 loco
468 2940 560 3011 (II
588 2941 638 2995 ϐε
662 2960 702 2995 r.
742 2959 797 3005 ιι,
832 2942 943 3012 15),
979 2944 1045 3000 Et
1074 2946 1199 3000 item
1228 2964 1243 3001 :
1287 2945 1477 3001 Omnia
1518 2948 1753 3003 omnibus

154 3036 330 3101 {actus
349 3051 489 3096 sum,
513 3042 569 3088 ut
598 3035 704 3106 75
718 3053 893 3091 omnes
911 3040 1133 3108 facerem
1148 3040 1315 3095 salvos
1333 3040 1387 3111 (Ι
1398 3041 1518 3095 Cor.
1545 3058 1618 3107 ix,
1635 3041 1749 3112 22).

152 3120 487 3177 Hominibus
515 3124 679 3179 etiam
730 3126 942 3195 placere
987 3129 1262 3184 auditores
1311 3146 1438 3187 suo;
1486 3134 1749 3198 docebat,

152 3213 345 3267 dicens
377 3231 391 3266 :
427 3214 556 3268 Sine
583 3216 865 3285 offensione
892 3229 1051 3274 estote
1070 3219 1270 3277 ludatis
1296 3234 1344 3277 et
1376 3225 1608 3294 gentibus
1630 3268 1645 3291 ,
1671 3229 1747 3281 si-
1776 3231 1821 3290 C

152 3313 239 3354 cut
277 3313 330 3355 et
367 3321 465 3372 ego
494 3306 731 3360 omnibus
777 3325 869 3376 per
892 3296 1084 3364 omnia
1112 3312 1325 3381 placeo,
1371 3332 1474 3369 non
1515 3334 1750 3387 qurerens

152 3393 294 3460 quod
320 3393 450 3446 milii
472 3396 598 3449 utile
625 3405 719 3458 est,
751 3398 842 3451 sed
865 3400 1001 3469 quod
1024 3402 1197 3456 multis
1227 3403 1280 3474 (Ι
1303 3403 1421 3459 Cor.
1449 3423 1502 3472 κ,
1526 3407 1614 3476 52,
1634 3409 1747 3478 '55).

153 3480 263 3535 Sed
292 3483 385 3551 qui
414 3498 475 3536 se
495 3483 799 3542 hominibus
824 3489 1087 3557 placuisse
1116 3492 1481 3550 insinuaverat
1501 3539 1515 3563 ,
1546 3499 1749 3568 purita-

92 3648 97 3653 ι
155 3582 265 3626 tem
306 3575 493 3629 cordis
523 3578 902 3647 commendat,
949 3582 1170 3638 dicens:
1205 3582 1384 3640 Cloria
1426 3599 1603 3642 nostra
1642 3590 1751 3644 haec

146 3674 231 3718 est
253 3704 273 3730 ,
325 3669 678 3723 testimonium
714 3674 1040 3728 conscientia
1076 3685 1268 3732 nostra:
1300 3678 1386 3748 (11
1417 3680 1535 3735 Cor.
1567 3698 1603 3747 ι,
1640 3683 1748 3751 12).

154 3753 449 3812 Ριειοειιλτ
482 3771 587 3813 tam
618 3759 726 3815 Deo
767 3779 919 3833 quam
948 3765 1253 3823 hominibus.
1280 3770 1379 3837 Qui
1411 3789 1580 3829 novus
1616 3776 1752 3831 ordo

155 3846 577 3913 pmdicatorum
599 3853 960 3909 vmerabilem
987 3871 1047 3911 se
1067 3858 1176 3913 suis
1195 3860 1524 3917 auditordius
1544 3863 1612 3918 ad
1633 3864 1752 3918 imi-

156 3937 426 3991 tationem
457 3937 588 3993 teris
617 3941 877 4009 praebuit,
925 3955 979 4000 ct
1008 3948 1149 4002 intus
1184 3961 1407 4021 accepto
1431 3969 1461 4005 ιι
1516 3953 1624 4009 Deo
1655 3972 1753 4025 per

158 4027 530 4082 innocentiam
560 4034 868 4089 voluntatis.
899 4035 1152 4106 Sequitur
1180 4057 1191 4092 :

236 4116 419 4182 (Vers.
441 4119 561 4190 27.)
600 4121 751 4177 Venit
780 4126 857 4179 uir
886 4125 981 4181 Dei
1012 4129 1081 4182 ad
1106 4129 1243 4185 Heli.

230 4230 322 4285 23.
365 4233 507 4300 Quid
566 4251 662 4304 per
705 4238 846 4295 hunc
893 4243 1063 4296 virum
1105 4242 1239 4313 Dei,
1295 4248 1393 4309 nisi
1445 4260 1752 4307 sanctorum

166 4324 540 4388 apostolorum
572 4327 660 4380 ille
688 4338 858 4384 conus
887 4335 1222 4389 venerandus
1253 4339 1609 4408 exptitnitur?
1650 4344 1751 4410 Qui

167 4420 310 4465 certe
341 4412 422 4464 vir
450 4412 546 4468 Dei
578 4416 792 4483 dicitur,
824 4434 917 4488 pro
947 4424 1263 4479 excellentia
1284 4430 1603 4496 sanctitatis,
1629 4434 1752 4501 quia

170 4501 375 4555 culmen
405 4503 650 4571 ordinis,
697 4510 842 4575 quod
888 4510 941 4563 in
984 4513 1213 4569 universi
1256 4518 1401 4572 orbis
1442 4521 1752 4589 prmltuione

171 4592 579 4655 conscenderat,
610 4596 804 4664 arquai
830 4600 1152 4658 sublimitate
1181 4605 1391 4662 virtutis
1412 4608 1746 4678 disponebat.
1783 4600 1831 4660 D

169 4680 262 4745 Qui
296 4683 547 4752 profecto
575 4686 641 4738 ad
672 4686 789 4743 Heli
822 4697 946 4744 tunc
974 4694 1149 4757 venit,
1190 4697 1405 4764 quando
1433 4701 1513 4752 -aJ
1545 4716 1751 4755 annun-

170 4772 398 4826 tiaudam
458 4776 821 4844 repulsionem
887 4779 1183 4851 Syuagoga:
1246 4785 1362 4852 ejus
1414 4790 1757 4855 pontiﬁcibus

169 4864 413 4916 arcessit.
446 4862 708 4933 Sequitur
737 4885 751 4918 :
1435 4859 1439 4863 ’

233 4961 411 5029 (Vers.
435 4962 527 5026 27,
548 4963 666 5032 28.)
698 4965 765 5019 Et
788 4970 860 5021 ait
880 4969 949 5022 ad
974 4987 1087 5024 eum
1119 4988 1136 5024 :
1168 4972 1418 5046 Nunquid
1445 4994 1548 5033 non
1582 4991 1757 5048 aperte

164 5073 226 5108 re.
243 5058 413 5110 elatus
436 5073 553 5110 sum
593 5057 767 5112 domui
795 5061 959 5130 patris
989 5067 1064 5117 tui
1081 5102 1097 5128 ,
1136 5080 1251 5118 cum
1277 5077 1410 5121 esset
1437 5069 1490 5121 in
1515 5058 1751 5141 {Egypto

160 5149 212 5199 in
242 5149 398 5204 domo
432 5149 730 5204 Pharaonis
748 5193 763 5216 ,
805 5163 853 5205 et
881 5155 1010 5225 elegi
1040 5174 1153 5211 eum
1175 5174 1241 5211 ea:
1261 5161 1495 5214 omnibus
1525 5162 1752 5218 tribubus

168 5237 333 5293 Israel
360 5243 488 5295 mihi
510 5244 853 5309 sacerdotem,
885 5256 940 5298 ut
967 5248 1263 5303 ascenderet
1287 5251 1356 5304 ad
1376 5254 1543 5307 altare
1565 5271 1751 5320 meum,

162 5337 210 5380 et
232 5330 467 5383 adoleret
484 5333 613 5385 mihi
640 5333 926 5401 incensum,
948 5345 998 5388 et
1017 5346 1244 5403 portaret
1270 5339 1434 5408 epitod
1453 5357 1624 5394 coram
1650 5360 1751 5408 me,

162 5428 210 5469 et
246 5419 369 5472 dedi
389 5419 567 5474 domui
593 5423 759 5490 patris
790 5422 864 5475 tui
900 5436 1082 5477 cuncta
1128 5427 1191 5479 de
1225 5429 1499 5497 sacriﬁciis
1525 5431 1752 5501 ﬁliorum

165 5505 363 5564 Israel?

232 5599 323 5654 2i.
362 5601 498 5669 Quia
545 5604 733 5660 divino
773 5606 977 5675 judicio
1004 5608 1181 5664 Judaza
1231 5615 1541 5681 repetiitur,
1589 5618 1755 5687 ipsius

240 5808 264 5835 ⁸
289 5798 515 5854 Additur
536 5798 746 5853 Paulus
775 5799 826 5853 in
856 5798 1018 5856 Gifot.
1049 5813 1102 5857 ct
1127 5802 1294 5859 Valle.

1014 390 1075 443 l.\'
1120 388 1374 442 rutunu
1418 386 1652 442 noenu
1700 361 2214 444 Est'osmoxcs.
2258 423 2322 433 -
2366 395 2490 448 un.
2538 397 2575 448 ιι

3349 405 3446 457 102

1857 502 2043 570 jndicii
2083 507 2349 564 districtio
2394 528 2553 582 quam
2605 516 2738 570 mira
2780 527 3047 585 :cqmtatts
3088 518 3444 597 dispositione

1865 594 2011 649 illata
2038 598 2109 650 sit
2136 599 2555 658 demonstratur.
2592 604 2744 661 Prius
2773 608 2913 661 enim
2937 609 3131 663 collata
3154 594 3278 663 Ἠειί
3302 611 3440 665 dona

1865 700 2231 760 numerantur,
2257 703 2314 748 ut
2340 695 2463 750 dum
2494 705 2600 752 tam
2632 699 2888 767 benignus
2917 702 3075 757 dator
3096 704 3443 773 omnipotens

1865 778 2003 833 Dens
2033 783 2353 853 ostenditur,
2384 796 2804 857 contemptorem
2833 807 2986 847 suum
3014 807 3173 862 quam
3198 782 3342 859 juste
3373 796 3450 851 tea»

1861 870 1965 924 riat
2011 886 2379 939 cognoscatur.
2426 876 2742 933 Revelatum
2786 895 2845 935 se
2889 881 3070 935 domui
3120 885 3289 952 patris
3332 886 3450 949 eius

1861 965 2121 1029 asseruit,
2173 973 2231 1020 ut
2280 967 2596 1036 ignorantia:
2644 971 3046 1026 excusationem
3097 974 3293 1028 habere
3340 991 3447 1028 non

1862 1057 2048 1124 possit.
2083 1057 2336 1115 Eamdem
2369 1077 2497 1117 vero
2548 1079 2659 1117 sua:
2702 1058 3044 1121 revelationis
3087 1069 3446 1136 cognitionem

1859 1160 1919 1201 se
1943 1148 1991 1201 ei
2017 1148 2070 1202 in
2093 1147 2327 1221 Egypto
2350 1154 2659 1209 exhibuisse
2687 1155 2751 1209 ed
2777 1166 2896 1219 =cet,
2929 1167 2987 1212 nt
3016 1173 3075 1213 se
3113 1160 3161 1214 ei
3193 1160 3302 1216 suis
3332 1176 3447 1213 tne-

1860 1236 1977 1291 ritis
2003 1237 2118 1293 lleli
2153 1241 2449 1297 obtinuisse
2478 1258 2815 1314 nequaquam
2849 1256 3017 1316 putet.
3060 1248 3221 1316 Quasi
3262 1257 3447 1319 aperte

1861 1324 2044 1380 dicat:
2091 1326 2202 1384 Illic
2235 1346 2321 1386 me
2359 1332 2408 1386 ei
2449 1337 2879 1402 cognosco-mlum
2925 1339 3162 1406 pncbui,
3213 1341 3299 1394 ubi
3340 1343 3446 1395 inci

1861 1415 2101 1472 oblivisci
2139 1427 2372 1488 poterat,
2406 1425 2675 1481 reminisci
2715 1430 3005 1485 nesciebat.
3032 1430 3093 1485 Et
3123 1447 3187 1485 ne
3218 1434 3329 1502 ipsa
3356 1450 3448 1488 co-

1859 1503 1946 1569 gni
1975 1505 2112 1559 iouis
2156 1507 2349 1563 divina:
2379 1511 2516 1567 dona
2562 1518 2792 1583 reprobo
2823 1534 2982 1587 parva
3030 1519 3256 1576 fortasse
3298 1523 3445 1576 vide-

1862 1602 2066 1662 rentur,
2100 1595 2166 1650 de
2215 1601 2424 1655 etcteris
2453 1603 2698 1661 tribubus
2740 1605 2902 1661 lsrael
2932 1610 2997 1661 ad
3028 1611 3238 1663 culmen
3264 1625 3449 1665 sacer-

1859 1681 1991 1735 dotii
2039 1690 2345 1755 a-sump‘tus
2395 1691 2674 1747 asset-itur.
2721 1691 2886 1759 Quasi
2935 1695 3078 1749 ditat
3118 1714 3131 1748 :
3168 1696 3268 1751 'E‘is
3316 1707 3445 1752 cum

1858 1770 2085 1837 praetuli,
2113 1771 2303 1839 quibus
2332 1791 2437 1830 non
2469 1781 2734 1847 superior,
2776 1781 2868 1836 sed
2897 1783 3116 1852 aequalis
3145 1785 3262 1839 luit.

1929 1910 2017 1965 25.
2060 1912 2362 1969 Notandum
2394 1930 2521 1971 vero
2551 1929 2634 1973 est
2674 1919 2820 1989 quod
2851 1921 2903 1974 in
2942 1920 3120 1976 ollicio
3150 1922 3313 1991 ipsius
3354 1936 3442 1979 sa—

1859 2000 2085 2055 cerdotii
2122 2003 2219 2056 tria
2247 2004 2589 2065 denotantur.
2646 2009 2715 2066 Ut
2746 2012 3077 2075 ascenderet,
3116 2012 3324 2080 inquit,
3375 2015 3445 2067 ad

1857 2090 2023 2144 altare
2064 2110 2229 2147 meum
2254 2133 2268 2158 ,
2297 2105 2347 2149 et
2375 2098 2603 2152 adoferet
2642 2100 2768 2154 mihi
2796 2105 3085 2167 incensum,
3131 2112 3181 2156 et
3214 2113 3445 2172 portaret

1856 2180 2023 2250 ephod
2053 2198 2228 2238 coram
2255 2202 2353 2240 me.
2384 2186 2521 2254 Quid
2547 2205 2675 2246 vero
2705 2192 2757 2246 iu
2788 2193 2891 2248 hoc
2917 2193 3093 2260 altari,
3119 2195 3170 2248 ui
3201 2196 3217 2248 i
3245 2195 3334 2250 ille
3359 2196 3443 2251 la-

1857 2270 1940 2340 pis
1969 2274 2298 2340 ostenditur,
2354 2291 2514 2345 quem
2568 2282 2872 2349 patriarcha
2914 2281 3080 2338 Jacob
3129 2285 3182 2338 in
3231 2285 3444 2341 titulum

1856 2362 2034 2416 erexit
2058 2364 2212 2433 (Cen.
2246 2382 2430 2430 xxvm,
2468 2369 2592 2439 18)?
2640 2371 2707 2427 Et
2731 2374 2850 2442 quis
2878 2375 3013 2443 lapis
3036 2375 3139 2430 iste
3176 2376 3311 2434 alios
3342 2380 3444 2435 nisi

1857 2451 1946 2507 ille
1973 2454 2292 2522 exprimitur
2318 2473 2478 2526 quem
2512 2460 2707 2517 Paulus
2737 2464 2790 2517 in
2838 2464 2993 2518 laude
3036 2465 3272 2521 lidelium
3301 2481 3441 2536 prte-

1855 2545 2017 2608 dicat,
2051 2546 2272 2604 dicens:
2304 2549 2584 2621 xEdiﬁcati
2625 2570 2779 2625 super
2804 2557 3195 2625 fundameufum
3232 2570 3445 2627 aposto—

1854 2637 2022 2692 lorum
2081 2647 2127 2692 et
2181 2641 2565 2710 prophetarum,
2598 2646 2708 2715 ipso
2754 2662 2951 2703 summo
2999 2648 3240 2719 angulari
3269 2650 3442 2719 lapide

1856 2728 2059 2783 Christo
2087 2729 2216 2785 Iesu
2247 2731 2461 2804 (Ephes.
2486 2751 2540 2799 tt,
2581 2736 2701 2806 20)?
2742 2736 2902 2792 Pater
2925 2752 3054 2805 ergo
3085 2739 3127 2792 ll
3165 2739 3198 2792 li
3231 2740 3352 2793 ideo
3384 2741 3437 2794 in

1853 2819 2216 2875 sacerdotium
2245 2823 2451 2878 electus
2476 2839 2508 2878 a
2538 2825 2766 2880 Domino
2808 2834 2891 2881 est
2912 2868 2927 2890 ,
2974 2836 3031 2882 ut
3059 2827 3125 2881 ad
3155 2827 3322 2882 altare
3351 2842 3440 2882 asa

1853 2908 2126 2974 uenderet,
2165 2911 2289 2979 quia
2319 2913 2455 2967 ordo
2485 2914 2766 2970 doctorum
2798 2924 3040 2970 veterum
3068 2915 3136 2969 ad
3161 2916 3265 2972 hoc
3301 2917 3434 2971 sub-

1851 2996 1997 3066 jecto
2025 2998 2124 3053 sibi
2152 3000 2351 3068 populo
2381 3002 2611 3069 prefuit,
2643 3013 2701 3056 ut
2727 3003 2948 3057 humani
2976 3003 3189 3072 generis
3214 3019 3439 3073 repara—

1856 3091 2055 3146 tionem
2089 3091 2142 3145 in
2174 3092 2550 3161 Redemptoris
2578 3096 2813 3151 adventu
2845 3096 3076 3151 futuram
3104 3097 3437 3165 praedicant.

1855 3182 1919 3237 Et
1964 3183 2245 3240 incensum
2297 3186 2566 3253 adolevit,
2599 3188 2722 3257 quia
2773 3188 2820 3241 ei
2852 3203 3012 3258 quem
3055 3188 3287 3241 laturum
3339 3187 3443 3241 Rea

1854 3272 2184 3341 demptorem
2255 3275 2542 3343 practical.
2593 3291 2691 3345 per
2751 3276 3074 3330 desiderium
3139 3276 3443 3330 antiitirum

1854 3364 2018 3418 corda
2046 3364 2343 3433 conjunxit.
2377 3365 2564 3434 Ephod
2594 3382 2810 3437 quoque
2838 3368 3095 3437 portavit,
3127 3368 3249 3436 quia
3293 3367 3438 3422 desi-

1854 3453 2004 3508 derio
2034 3464 2196 3510 tanta:
2240 3457 2657 3525 exspectationis
2684 3458 2858 3526 d’gnte
2895 3457 3319 3512 conversationis
3349 3473 3442 3510 or-

1855 3554 2036 3598 natum
2065 3546 2312 3615 praibuit.
2345 3546 2601 3601 Adoleret
2627 3549 2812 3616 utique
2845 3548 3141 3611 incensum,
3176 3557 3230 3601 et
3258 3548 3437 3617 ephod

1859 3647 1964 3686 non
1994 3642 2255 3701 portaret,
2283 3635 2329 3688 si
2355 3635 2657 3690 auditorum
2685 3636 2849 3691 corda
2876 3636 2929 3689 in
2957 3635 3278 3692 desiderium
3303 3651 3437 3690 ven-

1858 3722 1963 3776 turi
1992 3721 2368 3793 Redemptoris
2391 3726 2740 3791 accenderet,
2772 3741 2803 3779 a
2832 3741 2939 3796 quo
2968 3726 3082 3796 ipse
3121 3725 3276 3781 findat:
3304 3740 3437 3779 cons

1854 3814 2176 3869 versationis
2195 3816 2557 3885 inaequalitate
2582 3816 2839 3871 diﬂ‘erret.
2866 3815 2933 3870 Et
2953 3816 3076 3885 quia
3098 3817 3442 3884 omnipotens

1857 3902 1997 3958 Deus
2024 3904 2303 3958 veritatem
2332 3905 2625 3972 religionis,
2657 3914 2712 3959 et
2742 3921 2846 3959 non
2881 3913 3197 3973 praetextum
3226 3919 3440 3972 quaaree

1855 3992 1947 4047 but
1968 4008 2149 4046 coram
2179 4007 2237 4047 se
2259 4034 2275 4058 ,
2317 4001 2372 4047 tt
2409 4008 2513 4048 non
2543 4003 2725 4050 coram
2755 3995 2955 4065 populo
2980 4036 2996 4062 ,
3044 3996 3151 4065 76
3178 3994 3355 4063 ephud
3383 4010 3442 4048 se

1857 4082 1904 4137 ei
1946 4091 2159 4152 portare
2189 4085 2416 4153 pratccpi
2446 4100 2505 4140 se
2533 4085 2820 4153 perhibuit.
2853 4085 3044 4141 Coram
3075 4084 3296 4139 Domino
3322 4086 3440 4155 qni-

1856 4171 1977 4225 dem
2007 4172 2180 4240 ephod
2210 4183 2425 4242 portare
2461 4181 2543 4227 est
2570 4175 2637 4228 de
2667 4174 2787 4227 vita:
2822 4162 3131 4235 innocentia
3170 4173 3337 4228 solius
3363 4175 3445 4228 uis

1856 4263 1993 4315 vium
2022 4261 2272 4315 bonitati-1
2303 4279 2342 4315 ι’.
2366 4262 2708 4316 tributionem
2739 4248 2998 4331 querere.
3041 4263 3240 4333 Aperte
3263 4271 3444 4318 autem

1858 4351 1956 4404 ista
1987 4359 2172 4405 contra
2203 4350 2319 4405 Heli
2343 4367 2439 4422 per
2463 4353 2844 4421 itnproperiutn
2873 4353 3143 4407 dicu::tui-.
3171 4352 3250 4405 Al
3274 4356 3446 4406 altare

1857 4445 2054 4513 quippe
2103 4458 2208 4497 non
2258 4443 2497 4498 ascendit
2542 4445 2631 4513 qui
2679 4444 3039 4499 Sacerdotium
3088 4443 3251 4506 ilud,
3301 4443 3445 4511 quod

1860 4532 2212 4586 manifestata:
2264 4533 2505 4587 veritatis
2557 4543 2801 4602 tempore
2848 4534 3145 4603 Synagogm
3195 4533 3447 4600 pra-luit,

1857 4637 1978 4675 eum
2029 4624 2117 4691 qui
2178 4631 2325 4676 tanta
2371 4624 2643 4690 signorum
2703 4622 3070 4691 magnitudine
3123 4621 3446 4689 Redemptor

1859 4712 2075 4766 humani
2105 4715 2318 4781 generis
2366 4714 2592 4780 c'aruit,
2652 4714 2909 4782 subjectis
2946 4714 3192 4782 plebebus
3241 4727 3445 4780 nequa-

1857 4820 2017 4873 quam
2051 4807 2374 4873 praedicavit.
2429 4804 2492 4857 Et
2520 4806 2792 4859 inci-nsum
2845 4804 2957 4858 Deo
3006 4820 3111 4856 non
3160 4802 3437 4867 alolevit,

1859 4894 1981 4961 quia
2006 4894 2058 4947 iu
2090 4895 2519 4963 persecutionem
2551 4892 2666 4962 ejus
2696 4892 2974 4961 populum,
3002 4900 3055 4944 et
3076 4905 3181 4944 non
3215 4891 3264 4943 in
3293 4906 3444 4944 anto-

1858 4996 1969 5034 rem
2000 4982 2310 5037 concitavit.
2340 4981 2525 5052 Ephod
2556 4983 2716 5036 etiam
2743 4996 2925 5036 coram
2956 4980 3184 5036 Domino
3221 4989 3442 5050 porta'e

1858 5075 2201 5142 contempsit,
2222 5075 2347 5143 quia
2373 5075 2513 5127 nulla
2541 5073 2816 5141 religionis
2834 5073 3063 5126 veritate
3093 5072 3442 5142 resplentluit.

1856 5163 1931 5218 Na
1957 5185 1985 5216 ιι
2036 5166 2135 5219 etsi
2190 5167 2446 5220 nonnulla
2496 5166 2795 5222 honestatis
2849 5167 3073 5234 insignia
3131 5167 3444 5233 praeferebat

1856 5266 2081 5313 ornatus
2107 5258 2196 5311 ille
2223 5260 2379 5322 vitae,
2412 5274 2477 5312 ex
2509 5267 2657 5328 p"tet~
2678 5267 2768 5312 xtu
2802 5258 3024 5314 fallacia:
3054 5268 3202 5323 erat,
3234 5274 3341 5312 non
3374 5271 3443 5312 ex

1858 5347 2152 5403 intentione
2179 5350 2474 5405 charitatis.
2510 5348 2662 5405 Unde
2705 5358 2761 5405 et
2796 5351 2899 5405 hoc
2932 5352 3103 5420 ipsum
3139 5350 3191 5403 in
3223 5350 3301 5404 eis
3332 5348 3437 5401 Doa

1861 5441 2034 5494 minus
2087 5440 2468 5509 reprehendit,
2520 5442 2747 5497 dicens:
2804 5442 2907 5503 γω,
2943 5444 3104 5509 robis,
3155 5441 3353 5496 Scriba:
3396 5450 3445 5493 ct

1863 5530 2147 5596 Pharistci,
2179 5533 2299 5602 quia
2339 5532 2530 5586 similes
2576 5533 2696 5587 estis
2738 5532 2983 5603 sepulcris
3008 5532 3262 5585 dealbatis
3287 5572 3300 5595 ,
3332 5544 3445 5600 qua:

1865 5622 1994 5693 [oris
2021 5621 2250 5676 videntur
2281 5623 2569 5678 hominibus
2596 5626 2865 5694 speciosa;
2918 5625 3056 5675 intus
3096 5629 3262 5675 autent
3292 5621 3445 5691 pltna
