4000 6330
187 255 285 312 105

1022 248 1090 304 IN
1132 248 1394 306 PRIMUM
1435 251 1675 308 REGUM
1719 249 2234 307 EXPUSITIONES.
2279 280 2345 290 —
2386 249 2511 306 LIB.
2559 253 2620 306 ll.

3361 258 3462 314 i'dﬁ

179 385 262 424 nes
295 367 447 437 regni
475 366 746 431 cmlorum,
783 373 831 418 et
859 367 1201 436 quodcunque
1242 366 1479 436 ligaveris
1505 381 1659 434 super
1679 375 1781 418 ter-
1812 373 1852 427 Α
1886 362 1943 416 In
1968 362 2228 418 universis
2269 376 2396 432 ergo
2426 363 2586 417 Israel
2616 363 2887 433 prosperis
2925 363 3172 418 :emulum
3202 383 3356 422 suum
3383 368 3466 417 v2-

181 475 291 512 ram
309 460 410 511 erit
431 458 657 526 ligatum
679 465 727 509 et
747 456 798 509 in
821 457 981 520 caelis,
1001 463 1051 509 et
1075 456 1409 526 quodcunque
1435 457 1543 527 78
1566 457 1777 511 solveris

180 561 336 615 super
374 555 568 597 terram
608 544 707 595 erit
737 542 958 596 solutum
987 551 1036 594 et
1074 543 1128 595 in
1154 543 1295 596 caelis
1321 541 1370 612 (1
1378 543 1509 608 bid.,
1534 541 1646 611 19).
1671 543 1778 598 Sed

182 639 249 690 de
277 636 536 705 projectis
559 633 867 687 Judteorum
899 633 1146 701 reprobis
1172 633 1419 686 subditur
1452 650 1464 685 :

259 729 448 798 (\‘ers.
473 725 591 794 50.)
634 724 734 788 Qui
761 736 932 778 autem
974 732 1308 778 contemnunt
1345 741 1425 778 me
1453 733 1604 778 erunt
1632 726 1780 796 igno-

185 819 257 872 bil
286 837 330 872 s.
1260 817 1262 819 ﬁ

257 911 348 964 5t.
383 911 488 979 lpsi
515 909 734 979 quidem
764 917 1138 973 contemnunt,
1163 910 1253 978 qui
1278 925 1616 980 nequaquam
1641 911 1782 966 hunc

184 1016 306 1056 esse
329 1001 513 1055 mundi
540 999 957 1068 lledemptoretn
973 999 1227 1054 credunt:
1248 1000 1314 1054 de
1328 1000 1523 1070 quibus
1539 999 1781 1069 profecto

184 1095 300 1164 ipsa
336 1093 545 1146 Veritas
567 1091 620 1145 in
659 1090 949 1159 Evangelio
969 1093 1231 1159 queritur,
1259 1093 1445 1148 dicens
1474 1111 1485 1145 :
1513 1092 1658 1147 Cives
1687 1110 1781 1146 au-

183 1193 285 1235 tem
317 1182 429 1252 ejus
458 1182 678 1235 oderant
726 1181 895 1244 illum,
941 1191 991 1234 et
1036 1183 1284 1236 miserunt
1313 1184 1622 1254 legationem
1667 1193 1782 1254 post

179 1289 322 1334 eum,
346 1273 571 1325 dicentes
595 1287 612 1324 :
639 1269 897 1325 Nolumus
921 1273 1055 1325 hunc
1079 1290 1297 1344 regnare
1324 1291 1480 1344 super
1501 1292 1596 1330 nos
1626 1274 1778 1344 (Luc.

182 1380 303 1423 xxx.
336 1363 450 1423 14).
484 1363 590 1417 Sed
632 1379 820 1417 corum
858 1363 968 1431 jam
1002 1373 1022 1397 ο
1054 1363 1446 1432 ignobilitatem
1487 1366 1779 1429 cernimus,

182 1455 312 1521 quia
345 1462 401 1506 et
427 1467 628 1520 genere
658 1461 711 1506 et
750 1454 1059 1508 conditione
1101 1454 1529 1522 proscribuutur.
1573 1453 1783 1510 Genvre

182 1542 404 1610 quidem
444 1542 704 1610 ignobiles
733 1549 878 1606 sunt,
910 1543 1032 1612 quia
1076 1543 1143 1596 ab
1184 1543 1299 1611 ipsa
1335 1543 1569 1596 Veritate
1597 1543 1783 1597 audie-

183 1642 359 1685 runt:
405 1632 506 1686 Vos
548 1649 616 1685 ea:
660 1643 808 1701 patre
853 1632 1061 1687 diabolo
1101 1633 1222 1686 estis
1271 1631 1451 1702 (Joan.
1499 1649 1619 1700 sm,
1664 1632 1779 1703 44).

1880 451 1991 516 det,
2015 451 2106 521 qui
2137 452 2191 506 in
2213 462 2398 506 sancta
2427 452 2664 508 Ecclesia
2697 453 3079 522 prasdicatores
3109 456 3351 511 veritatis
3388 458 3466 512 fe-

1880 539 2010 594 lices
2037 541 2248 610 aspicit,
2280 550 2333 594 et
2363 559 2539 596 rerum
2567 543 2842 611 opulentia
2871 551 2926 596 et
2951 541 3267 598 celsitudine
3295 543 3469 611 digni—

1883 633 2027 685 tatis.
2069 630 2183 686 lluc
2211 632 2373 685 etiam
2405 634 2546 700 quod
2590 633 2641 686 in
2674 636 2880 702 templo
2905 633 3165 686 videndus
3211 635 3469 688 asscritur

1884 721 2191 790 perfectiori
2214 721 2564 790 intelligentia
2587 723 2910 777 declaratur.
2925 722 2981 776 ln
2997 724 3250 776 omnibus
3269 725 3468 792 quippe

1883 812 2158 879 prosperis
2187 811 2238 864 in
2258 811 2459 880 templo
2488 820 2571 864 est
2591 812 2835 876 mmulus,
2879 811 3004 878 quia
3043 811 3177 865 Ordo
3208 813 3467 883 praedicas

1883 907 2058 954 torum
2084 915 2246 955 omne
2273 901 2415 970 quod
2436 901 2539 956 sibi
2564 901 2854 956 famulatur
2875 903 2942 956 de
2972 901 3226 957 felicitate
3257 912 3464 972 tempo~

1881 991 1976 1053 ris,
2005 992 2058 1045 in
2074 993 2533 1062 contemplatione
2555 995 2791 1062 disponit
2816 995 3148 1048 aeternitatis.
3173 993 3464 1063 Sequitur:

1959 1083 2138 1152 (Vers.
2170 1083 2285 1151 55.)
2327 1083 2683 1138 Verumtamen
2715 1102 2815 1140 non
2839 1087 3077 1157 auferam
3107 1087 3309 1156 penitus
3331 1105 3394 1142 ex
3425 1099 3470 1142 te

1881 1175 2046 1228 uirum
2074 1175 2138 1226 ab
2161 1175 2318 1229 altari
2341 1193 2474 1230 meo.

1955 1267 2062 1336 79
2097 1265 2186 1318 54.
2219 1264 2438 1321 Penitus
2470 1281 2702 1336 namque
2732 1268 2801 1323 ab
2845 1268 3001 1322 altari
3043 1284 3142 1324 suo
3170 1269 3342 1323 virum
3373 1286 3472 1324 au-

1885 1351 1978 1406 fern
1994 1363 2065 1416 et,
2098 1355 2142 1408 si
2173 1354 2240 1408 ad
2273 1355 2392 1409 ﬁdei
2439 1364 2637 1410 nostrae
2678 1358 2940 1412 unitatem
2970 1359 3172 1413 nullum
3218 1359 3473 1414 admitte-

1884 1452 1987 1496 ret.
2027 1443 2245 1499 Penitus
2273 1460 2400 1514 ergo
2449 1463 2555 1500 non
2601 1448 2852 1513 abstulit,
2893 1449 3019 1516 quia
3066 1449 3166 1504 etsi
3211 1450 3474 1519 reprobus

1883 1532 2185 1604 Synagogte
2215 1536 2529 1591 sacerdotes
2577 1538 2802 1606 repulit,
2857 1538 3038 1607 plures
3089 1548 3267 1594 tamen
3301 1555 3368 1594 ex
3397 1541 3476 1595 eis

1886 1621 1954 1672 ad
1996 1623 2077 1675 sui
2109 1624 2470 1692 cognitionem
2509 1627 2931 1682 misericorditer
2960 1629 3204 1684 adduxit.
3233 1629 3473 1696 Quorum

182 1723 341 1778 Cum}
367 1727 516 1778 “(me
559 1725 719 1777 etiam
753 1723 1014 1792 ignobiles
1042 1731 1200 1789 sum,
1231 1725 1355 1792 quia
1385 1724 1581 1778 amissa
1611 1724 1782 1778 liber-
1816 1729 1860 1788 Β
1889 1711 2132 1782 profecto
2161 1715 2214 1768 in
2245 1717 2612 1786 apostolorum
2643 1719 2868 1773 Actibus
2894 1718 3064 1774 Lucas
3091 1713 3367 1786 m'eminit,
3394 1723 3475 1776 di-

182 1821 322 1879 tate,
346 1822 404 1868 et
426 1827 617 1882 regno,
644 1822 900 1882 perpetua
925 1813 1164 1882 gentium
1188 1814 1447 1870 servitute
1471 1815 1782 1884 deprimun-

182 1914 288 1959 tur.
322 1905 431 1959 Sed
462 1920 742 1974 pmnarum
771 1905 1013 1959 ordinem
1044 1905 1242 1960 clarius
1271 1907 1530 1972 ostendit,
1560 1906 1776 1962 dicens:

257 1999 438 2068 (Vers.
469 1999 584 2066 5!.)
605 1997 738 2050 Ecce
758 1998 864 2051 dies
893 2000 1118 2065 venunt,
1137 2009 1186 2053 et
1206 2000 1490 2068 prwcidam
1513 1999 1780 2054 brachium

181 2099 349 2148 tuum,
381 2099 430 2142 et
461 2088 728 2142 brachium
753 2089 934 2142 domus
963 2089 1129 2159 patris
1155 2090 1248 2156 tui,
1298 2099 1354 2142 ut
1395 2107 1501 2144 non
1529 2091 1595 2144 sit
1625 2106 1782 2144 sema:

180 2181 234 2232 in
259 2181 416 2232 domo
440 2188 550 2231 tua.

255 2269 347 2322 59..
381 2269 503 2324 Jan:
547 2272 764 2342 quidem
795 2272 912 2327 sine
942 2273 1167 2328 brachio
1197 2281 1312 2338 est,
1359 2273 1485 2342 quia
1515 2273 1602 2343 qui
1647 2282 1784 2328 tem-

179 2361 330 2429 plum
363 2371 420 2416 et
449 2364 857 2420 tabernaculum
907 2365 1172 2435 perdidit,
1201 2379 1420 2418 manum
1449 2363 1517 2418 ad
1546 2363 1780 2417 oblatio-

183 2468 307 2506 nem
340 2453 594 2510 sacriﬁcii
625 2457 823 2511 veteris
852 2472 959 2512 non
1005 2457 1265 2512 extendit.
1299 2455 1365 2510 Et
1407 2456 1530 2525 quia
1560 2454 1696 2519 Heli,
1732 2453 1782 2508 id

181 2552 264 2595 est
319 2543 620 2610 majoribus
662 2545 961 2616 Synagogze
1007 2546 1400 2612 sacerdotibus,
1442 2545 1781 2615 loquebatur,

183 2647 291 2685 non
321 2633 499 2686 solum
529 2633 808 2689 brachium
838 2637 954 2703 ejus
973 2674 988 2698 ,
1019 2635 1115 2690 sed
1153 2636 1315 2689 etiam
1345 2635 1540 2690 domus
1585 2634 1699 2706 u-jus
1723 2650 1785 2690 se

184 2723 486 2792 prtecidere
508 2725 761 2792 minatur,
784 2735 842 2780 ut
871 2726 1114 2796 profecto
1136 2728 1494 2783 universalem
1526 2729 1660 2783 ritus
1684 2743 1782 2784 ve-

187 2815 320 2870 teris
351 2816 778 2872 deSIructionem
807 2819 1062 2886 insinuet,
1093 2828 1147 2873 et
1179 2821 1281 2874 hoc
1311 2819 1454 2887 quod
1477 2834 1620 2874 novo
1642 2827 1782 2874 tem-

163 2919 322 2975 pore
344 2910 458 2977 jam
488 2909 686 2963 factum
719 2910 989 2964 cernimus
1019 2911 1315 2980 antiquitus
1352 2911 1514 2966 fuisse
1557 2912 1785 2981 disposi-

187 3009 299 3052 tum
330 3000 650 3055 sentiamus.
682 2999 748 3055 Et
796 3002 1074 3056 brachium
1105 3003 1285 3071 itaque
1328 3004 1478 3071 ejus,
1511 3012 1566 3058 et
1594 3003 1786 3058 domus

1885 1817 2015 1857 cens
2045 1820 2057 1854 :
2094 1802 2333 1857 Plurima
2363 1804 2513 1858 turba
2541 1807 2866 1860 sacerdotum
2888 1807 3156 1861 obediebat
3183 1809 3307 1878 fidei
3336 1811 3474 1881 (Act.

1885 1909 1966 1958 vr,
1991 1893 2070 1958 7).
2109 1894 2263 1964 Digni
2313 1911 2545 1966 namque
2591 1904 2741 1952 tanto
2786 1907 2843 1952 et
2871 1915 3014 1954 novo
3054 1899 3352 1955 ministerio
3395 1903 3478 1955 in-

1884 1983 2033 2036 venti
2063 1993 2228 2047 sunt,
2268 1985 2358 2052 qui
2402 1999 2683 2040 remanere
2710 2001 2829 2040 cum
2861 1986 3086 2055 perditis
3124 1988 3176 2042 in
3209 1997 3476 2043 vetustate

1887 2072 2130 2127 noluere.
2157 2073 2264 2128 Sed
2288 2075 2412 2144 quia
2442 2090 2548 2129 non
2573 2076 2746 2130 solum
2770 2077 2974 2132 electos
3004 2078 3382 2147 praedicatores
3404 2080 3474 2134 de

1883 2165 2151 2232 gentibus,
2197 2167 2551 2220 verumetiam
2601 2167 2726 2223 illos
2753 2169 2845 2238 qui
2875 2169 2942 2223 de
2981 2169 3165 2224 Judtca
3195 2171 3475 2225 credidere

1885 2254 1952 2308 ad
1984 2265 2308 2310 tormentum
2339 2257 2552 2311 invidiae
2572 2257 2853 2314 Judaieum
2876 2261 3233 2317 sacerdotium
3265 2263 3471 2331 lubuit,

1886 2347 2132 2416 sequitur
2164 2363 2178 2400 :

1955 2437 2134 2508 (Vers.
2167 2440 2281 2509 55.)
2332 2441 2442 2496 Sed
2468 2451 2522 2496 ut
2565 2442 2812 2514 deﬁciant
2853 2445 2987 2500 oculi
3027 2448 3120 2511 tui,
3163 2457 3214 2502 et
3255 2448 3480 2504 tabescat

1882 2527 2059 2581 anima
2085 2537 2193 2584 tua.

1957 2618 2047 2674 55.
2074 2621 2169 2676 Vel
2201 2623 2404 2680 idcirco
2434 2625 2608 2680 virum
2641 2627 2854 2696 penitus
2899 2643 2964 2682 ex
2994 2644 3061 2684 co
3090 2630 3157 2684 ab
3196 2631 3351 2685 altari
3381 2647 3479 2686 Sttn

1885 2726 1994 2766 non
2025 2712 2278 2783 abstulit,
2307 2724 2364 2768 ut
2395 2715 2511 2770 Heli
2542 2717 2681 2771 oculi
2711 2716 3002 2773 deﬁcerent
3024 2759 3038 2785 ,
3068 2728 3124 2774 et
3151 2721 3328 2775 anima
3362 2721 3480 2790 ejus

1887 2803 2209 2871 tabesceret,
2241 2807 2366 2874 quia
2392 2807 2644 2862 videlicet
2673 2808 2878 2864 electos
2907 2809 2973 2864 de
2998 2809 3183 2866 Judaza
3214 2813 3384 2867 noluit
3410 2816 3476 2867 ad

1885 2893 2242 2948 ministerium
2269 2911 2418 2951 nova:
2446 2897 2845 2966 praedicationis
2867 2915 3164 2970 assumere,
3189 2911 3264 2968 ut,
3297 2919 3478 2959 remo-

1887 2982 1957 3036 tis
1977 2983 2084 3047 eis,
2111 2983 2268 3054 culpa
2289 2987 2353 3037 ad
2380 3002 2593 3054 pmnam
2617 2987 2880 3058 reprobus
2904 2997 3132 3044 teneret.
3159 2991 3480 3046 Defeceruut

187 3088 305 3156 eius
325 3087 587 3145 Dominus
613 3092 872 3161 pmcidi.’
899 3093 1024 3162 quia
1052 3100 1106 3147 ει
1133 3107 1372 3148 summos
1391 3092 1588 3148 Judmm
1616 3094 1787 3163 pomi,
1815 3093 1864 3153 (ς
1896 3087 2129 3144 namque
2161 3076 2304 3130 oeuli
2334 3074 2452 3130 lleli
2490 3094 2612 3132 cum
2655 3095 2923 3134 summum
2955 3083 3315 3136 sacerdotium
3343 3085 3484 3138 veri-

189 3183 338 3249 ﬁces,
373 3195 430 3239 et
474 3187 714 3241 minores
759 3187 1072 3243 sacerdotes
1119 3188 1186 3242 ab
1218 3190 1586 3244 immolatione
1616 3189 1787 3244 veteri

188 3277 409 3345 penitus
437 3279 664 3333 atriovit.
700 3277 852 3334 Unde
900 3289 956 3334 et
999 3282 1386 3336 convenienter
1436 3281 1783 3350 adjungitur:

190 3367 259 3423 Ut
304 3385 410 3422 non
439 3371 508 3423 sit
547 3386 706 3424 senex
733 3371 790 3423 in
816 3370 969 3424 domo
1000 3379 1106 3424 tua.
1141 3370 1312 3425 Senes
1340 3371 1542 3441 quippe
1587 3372 1786 3426 intelli-

187 3460 348 3528 gendi
378 3469 507 3515 sunt
537 3461 870 3528 sacerdotes,
901 3476 1130 3530 quorum
1170 3461 1426 3529 ollicium,
1454 3463 1579 3531 quia
1605 3464 1782 3531 gravi.

189 3558 301 3604 tate
316 3565 527 3618 magum
544 3551 842 3605 honestatis
858 3552 1201 3621 impenditur,
1218 3568 1246 3606 a
1262 3553 1536 3622 religionis
1552 3553 1789 3621 pondere

190 3641 338 3694 nulla
369 3643 561 3708 puerili
586 3643 804 3696 levitate
830 3653 1110 3698 vacuatur.
1139 3645 1423 3698 Brachium
1457 3644 1618 3712 igitur
1647 3647 1782 3713 ejus,

185 3739 241 3782 et
282 3732 477 3784 domus
518 3732 682 3800 patris
726 3731 840 3800 ejus
889 3734 960 3786 ita
1005 3734 1285 3802 pratcisum
1316 3741 1417 3798 est,
1452 3741 1509 3786 ut
1539 3733 1592 3786 in
1623 3735 1730 3785 don
1755 3749 1788 3787 ο

187 3838 282 3876 sua
315 3837 485 3875 senex
519 3838 626 3875 non
676 3822 765 3888 sit,
798 3822 922 3890 quia
963 3824 1042 3877 sic
1077 3826 1276 3877 veteris
1318 3822 1606 3877 sacerdotii
1657 3822 1790 3877 ritus

189 3913 433 3976 evanuit,
458 3922 518 3966 ut
545 3914 767 3968 omnino
789 3929 949 3968 nemo
970 3914 1308 3977 remanserit,
1333 3915 1422 3982 qui
1448 3916 1613 3968 veteri
1639 3928 1790 3967 more

188 4005 480 4058 immolare
505 4005 617 4071 jam
649 4006 837 4074 possit.
864 4006 995 4060 Nam
1029 4021 1124 4075 pos
1150 4021 1311 4074 quam
1336 4005 1666 4074 Redemptor
1693 4006 1790 4058 hu-

189 4096 338 4150 muni
361 4097 579 4164 generis
603 4113 701 4166 pro
721 4099 960 4166 peccatis
987 4097 1185 4152 nostris
1207 4113 1347 4152 novo
1363 4097 1610 4152 sacriﬁcii
1640 4111 1792 4151 more

189 4203 250 4241 se
280 4189 501 4254 obtulit,
533 4203 652 4242 esse
692 4186 949 4243 sacerdos
986 4187 1378 4242 consuetudine
1421 4187 1642 4257 antiqua
1669 4202 1790 4241 ces-

188 4279 352 4332 sarit.
375 4279 480 4333 Sed
501 4279 591 4348 qui
619 4277 799 4333 amissi
819 4278 1105 4332 sacerdotii
1135 4277 1329 4332 damna
1353 4277 1600 4341 sustinet,
1630 4276 1794 4330 habet

194 4379 529 4423 tormentum
559 4367 779 4437 majoris
817 4383 987 4438 pcena‘.
1014 4367 1081 4423 de
1125 4367 1310 4423 dolore
1349 4367 1580 4422 invidae.
1614 4365 1792 4432 Quare

193 4468 248 4511 et
281 4458 532 4512 subditur
555 4477 569 4510 :

267 4550 449 4616 (νοτε.
483 4549 598 4619 52.)
633 4550 697 4602 Et
729 4550 921 4604 ridebis
949 4551 1188 4605 a'nmlum
1221 4559 1360 4604 tuum
1392 4553 1445 4604 in
1474 4550 1684 4617 templo,
1732 4550 1784 4602 in

193 4644 451 4695 unirersis
479 4645 740 4711 prosperis
777 4642 967 4697 Israel.

266 4733 358 4786 55.
393 4732 538 4786 Intra
588 4735 847 4801 templum
886 4733 1083 4803 quippe
1127 4734 1376 4788 azmulum
1423 4750 1580 4789 suum
1618 4733 1786 4798 videt,

192 4825 320 4894 quia
355 4826 470 4893 ipse
497 4826 607 4893 jam
659 4825 801 4882 foras
843 4827 1098 4895 expulsus
1127 4835 1227 4880 est.
1260 4826 1389 4880 Nam
1420 4828 1540 4896 quis
1565 4827 1791 4882 aemulus

193 4922 481 4977 sacerdotii
512 4923 712 4976 veteris
743 4922 878 4976 alius
899 4933 1000 4984 est,
1026 4937 1184 4990 quam
1209 4922 1341 4976 ordo
1373 4937 1631 4976 novorum
1655 4937 1791 4991 pnn-

196 5014 542 5070 dicatorutu?
571 5015 674 5081 Qui
709 5017 954 5083 proiecto
981 5014 1107 5068 dum
1133 5027 1377 5069 veterum
1409 5025 1464 5068 et
1491 5015 1787 5069 electorqu

196 5115 411 5175 patrum
441 5107 618 5160 studia
659 5108 888 5160 vivendo
917 5115 1080 5176 atque
1107 5107 1354 5161 docendo
1386 5106 1674 5176 ad:.cquare
1705 5105 1788 5159 ni-

196 5199 347 5260 titur,
381 5198 526 5251 b-una
561 5199 674 5251 lleli
722 5199 974 5252 nimirum
1019 5200 1070 5252 in
1124 5199 1266 5253 bono
1306 5200 1611 5253 tumulatur.
1655 5197 1790 5253 llinc

196 5287 396 5341 Paulus
424 5287 703 5354 admonet,
736 5289 956 5342 dicens:
989 5288 1189 5342 Bonum
1220 5290 1536 5343 a'mulamini
1562 5290 1614 5343 in
1658 5288 1790 5343 bono

199 5394 368 5432 omnes
401 5376 550 5447 (Cal.
568 5393 640 5441 tv,
675 5376 787 5446 18).
813 5376 944 5444 Quae
973 5387 1152 5443 autem
1187 5379 1346 5433 Israel
1378 5394 1659 5448 prospera,
1691 5379 1789 5434 nisi

197 5467 485 5521 felicitates
528 5467 691 5533 hujus
741 5468 1068 5522 transeuntis
1100 5470 1360 5537 tem,oris
1403 5469 1790 5537 intelliguntur,

200 5554 250 5610 in
279 5559 480 5626 quibus
514 5558 678 5612 Israel
711 5559 1004 5614 secundum
1044 5575 1262 5616 carnem
1294 5561 1448 5616 valde
1482 5561 1794 5616 laetabatur?

270 5678 292 5705 ³
319 5668 489 5723 Gilot.
517 5679 575 5725 et
603 5670 784 5727 Vatic.
818 5672 1132 5728 nobilitatem
1164 5677 1434 5730 cernimus.

485 5767 768 5826 Parnm.
819 5767 1108 5830 LXXIX.

1897 3172 2060 3220 tatem
2095 3165 2213 3220 lidei
2254 3182 2349 3236 per
2377 3183 2471 3223 ora
2503 3170 2913 3238 praedicatorum
2963 3171 3015 3224 in
3044 3173 3230 3228 auditu
3258 3174 3478 3242 habuit,

1890 3261 1949 3308 et
1976 3269 2086 3310 non
2115 3258 2386 3325 cognovit.
2422 3257 2613 3312 Anima
2643 3275 2860 3329 quoque
2899 3262 3014 3327 ejus
3047 3261 3301 3327 tabescit,
3353 3265 3478 3333 quia

1891 3347 1996 3401 vid.
2017 3348 2144 3402 licet
2172 3365 2270 3417 per
2297 3350 2618 3419 repulsionis
2647 3367 2758 3406 suae
2781 3367 2993 3421 pmnam
3035 3355 3328 3422 emarcuit,
3356 3355 3482 3412 dum

1890 3439 2064 3494 sancti
2093 3439 2316 3509 Spiritus
2342 3442 2570 3509 gratiam
2602 3443 2800 3497 amisit.
2835 3445 3092 3513 Sequitur
3117 3463 3130 3498 :

1965 3551 2142 3620 (Vers.
2176 3553 2290 3624 55.)
2341 3551 2409 3606 Et
2454 3572 2577 3624 pars
2623 3573 2813 3628 magna
2854 3557 3035 3612 domus
3083 3568 3187 3614 tua:
3216 3561 3483 3628 morietur,

1892 3657 2006 3694 cum
2037 3645 2105 3694 ad
2135 3643 2332 3696 virilem
2362 3653 2567 3698 atatem
2590 3650 2900 3715 pervenerit.

1962 3732 2051 3786 56.
2070 3732 2226 3788 {Etas
2247 3735 2414 3788 virilis
2437 3746 2645 3805 tempus
2665 3747 2750 3791 est
2770 3739 3052 3793 dominicae
3070 3739 3482 3805 lncarnalionis,

1893 3823 2038 3893 quod
2071 3825 2316 3894 profecto
2348 3826 2640 3894 Apostolus
2690 3829 2956 3897 itt.~inuat,
3009 3832 3231 3886 dicens:
3262 3831 3484 3896 Quando

1894 3917 2031 3969 venit
2059 3919 2326 3987 plenitudo
2367 3922 2630 3988 temporis,
2670 3923 2809 3974 misit
2839 3921 2979 3975 Deus
3009 3922 3203 3977 Filium
3229 3942 3376 3979 suum
3404 3928 3487 3989 fa-

1894 4016 2030 4060 ctum
2057 4023 2122 4060 ea:
2150 4009 2382 4074 muliere,
2415 4011 2608 4080 factum
2649 4012 2738 4062 sub
2781 4017 2913 4092 lege,
2942 4022 2994 4065 ut
3036 4031 3120 4067 eos
3147 4017 3231 4084 qui
3257 4016 3348 4069 sub
3378 4017 3486 4088 lcge

1893 4107 2043 4151 erant
2071 4098 2363 4166 redimeret,
2392 4110 2440 4152 et
2471 4100 2801 4170 adoptionem
2840 4104 3069 4170 [illorum
3110 4107 3485 4173 perciperemus

1899 4185 2040 4258 (Gal.
2073 4205 2143 4253 tv,
2169 4188 2223 4254 4,
2248 4188 2327 4259 5).
2352 4187 2489 4255 Quid
2516 4191 2676 4258 igitur
2717 4204 2981 4263 praecepta
3026 4193 3222 4249 Judzczn
3247 4197 3482 4261 luerunt,

1897 4279 1996 4334 nisi
2027 4280 2270 4347 quaedam
2302 4282 2634 4337 eruditiones
2679 4285 2950 4340 intentae?
2991 4286 3160 4356 llnjus
3188 4289 3315 4343 item
3349 4307 3483 4356 pue-

1899 4370 2033 4424 ritia:
2061 4380 2272 4440 tempus
2309 4373 2448 4427 idem
2479 4372 2769 4443 Apostolus
2810 4377 3066 4446 insinuat,
3093 4379 3278 4434 decus
3310 4397 3322 4431 :
3357 4378 3486 4432 Cum

1817 4467 1868 4524 D
1893 4477 2116 4514 essemus
2147 4463 2369 4531 parvuli,
2417 4461 2509 4516 sub
2555 4465 2819 4518 elementis
2863 4467 3041 4519 mundi
3078 4468 3230 4537 Itujus
3277 4485 3484 4523 eramus

1892 4552 2168 4606 servientes
2199 4552 2392 4620 (Ibid.,
2419 4553 2498 4622 5).
2524 4553 2580 4608 In
2609 4555 2705 4608 viri
2733 4555 2747 4608 i
2792 4571 2922 4625 ergo
2951 4565 3111 4610 aetate
3140 4568 3348 4611 mortua
3379 4569 3483 4624 est,

1894 4644 2020 4711 quia
2049 4644 2101 4697 in
2135 4643 2468 4712 plenitudine
2495 4646 2750 4717 temporis
2776 4648 2826 4699 in
2855 4647 3032 4701 mundi
3066 4646 3483 4716 Redemptorcm

1896 4734 2088 4800 sasxiit,
2139 4743 2193 4788 et
2232 4737 2578 4804 semetipsum
2629 4736 2960 4791 inﬁdelitatis
3007 4753 3265 4792 mucrone
3310 4746 3489 4793 trans-

1897 4827 2031 4881 ﬁxit.
2064 4826 2208 4881 Bene
2257 4835 2434 4881 autem
2476 4843 2582 4882 non
2615 4837 2728 4881 tota
2757 4828 2971 4895 domus,
3002 4828 3096 4883 sed
3134 4844 3257 4899 pars
3290 4845 3485 4896 magna

1898 4919 2091 4973 domus
2117 4919 2232 4988 ejus
2261 4920 2521 4973 moritura
2553 4918 2882 4988 prmdicitur,
2912 4919 3036 4987 quia
3065 4934 3132 4974 ex
3161 4921 3238 4974 eis
3266 4935 3338 4990 qu
3360 4921 3483 4974 d.un

1898 5012 1951 5067 in
1999 5011 2418 5081 Redemptorem
2467 5009 2832 5064 crediderunt.
2884 5009 2947 5064 Et
3003 5025 3218 5066 causam
3265 5014 3488 5083 majoris

1897 5104 2101 5158 doloris
2128 5103 2410 5170 adjiciens,
2443 5102 2519 5156 ait
2547 5119 2562 5155 :

1972 5193 2148 5265 (Vers.
2172 5193 2285 5263 5i.)
2330 5193 2442 5247 Hoc
2471 5203 2644 5248 autem
2677 5195 2769 5248 tibi
2798 5197 3022 5263 signum,
3053 5198 3190 5267 quod
3215 5207 3480 5255 venturum

1899 5295 1974 5339 cst
1997 5284 2192 5337 duobus
2221 5283 2343 5352 ﬁliis
2375 5282 2494 5347 tuis,
2519 5280 2690 5354 Ophni
2711 5293 2760 5337 et
2782 5283 3024 5339 Phineas.
3052 5287 3119 5340 In
3140 5305 3245 5341 una
3273 5292 3355 5343 de
3374 5307 3476 5344 mo-

1901 5377 2100 5428 rientur
2120 5373 2290 5428 ambo.

1974 5463 2064 5518 57.
2095 5463 2154 5517 ln
2179 5463 2389 5520 duobus
2407 5462 2528 5519 ﬁliis
2546 5463 2662 5519 lleli
2684 5465 2952 5533 geminum
2977 5467 3265 5522 sacerdotii
3289 5470 3484 5524 veteris

1903 5556 2146 5613 ordinem
2188 5572 2350 5628 supra
2385 5557 2721 5614 ostendimus
2749 5557 3039 5629 designari.
3072 5557 3173 5624 Qui
3204 5567 3352 5616 certe
3382 5577 3488 5617 una

3053 5769 3090 5821 ἡ
