4000 6290
549 238 643 289 f9?

1713 222 1955 280 SANCTI
2001 221 2322 275 CIlECURli
2366 220 2577 277 MAle

3717 212 3819 265 103

536 348 621 398 die
656 343 853 396 mortui
890 347 1044 403 suut,
1097 338 1219 409 quia
1252 337 1410 393 simul
1442 337 1493 391 in
1523 337 1897 406 Redemptoris
1948 341 2122 387 morte
2152 340 2195 393 A
2224 348 2437 403 semper
2464 334 2528 386 al
2558 334 2728 401 ipsum
2772 331 3023 400 respicit,
3056 338 3112 383 et
3148 329 3269 383 vita:
3292 341 3403 382 sure
3434 325 3820 380 rectitudineiu

536 442 925 489 convenerunt.
980 430 1126 487 Bene
1167 438 1346 484 autem
1387 428 1727 483 sacerdotum
1761 442 1904 480 mors
1950 425 2003 478 in
2046 424 2117 477 si-

538 541 699 591 gnum
730 524 1005 577 moritura:
1034 522 1227 575 domus
1255 518 1429 590 posita
1462 525 1813 582 memoratur,
1841 516 1965 585 quia
1998 529 2118 569 cum

538 626 782 685 pastores
822 615 1123 679 intereunt,
1154 625 1381 666 necesse
1410 621 1494 665 est
1528 618 1586 663 ut
1611 609 1677 662 ad
1706 608 1952 663 eumdem
1982 606 2119 659 inte-

537 713 699 763 ritum
728 720 861 775 grex
890 713 1168 776 sequatur.
1198 702 1262 756 Et
1291 703 1415 772 quia
1459 718 1526 756 ex
1557 701 1689 755 falsa
1720 701 1929 754 ratione
1959 699 2119 752 dece-

539 800 612 869 pti
640 813 786 861 sunt,
818 800 871 852 in
902 798 987 852 die
1017 796 1155 850 tnori
1182 795 1552 865 perhibentur.
1595 791 1672 845 De
1708 791 1859 859 cujus
1891 789 2123 842 falsitate

537 889 672 947 lueis
714 889 909 943 beatus
951 884 1053 941 Joh
1085 885 1347 953 loquitur,
1395 883 1579 937 dicens
1622 899 1633 933 :
1669 881 1759 935 Sic
1799 882 1851 933 in
1881 878 2121 941 tenebris,

536 982 667 1033 sicut
695 979 749 1033 in
779 978 891 1032 luce
917 975 1181 1029 ambulant
1220 972 1360 1044 (Job.
1392 987 1539 1039 XXIV,
1570 971 1680 1040 l7).
1712 970 1817 1025 Sed
1843 969 1933 1038 qui
1972 976 2124 1021 vetus

537 1069 775 1137 expulit,
824 1082 1019 1121 novum
1060 1064 1420 1120 sacerdotium
1470 1060 1811 1132 prmparavit.
1866 1058 2017 1114 Unde
2071 1066 2125 1111 et

537 1159 784 1213 subditur
816 1176 829 1210 :

611 1252 787 1321 (Vers.
820 1250 933 1318 '55.)
964 1248 1032 1302 Et
1073 1248 1329 1303 suscitabo
1374 1248 1499 1300 mihi
1538 1245 1857 1299 sacerdotem
1886 1243 2111 1313 ﬁdelem.

617 1342 708 1395 58.
740 1340 963 1393 Mortuis
984 1353 1217 1407 namque
1246 1337 1367 1391 filiis
1397 1336 1533 1400 Heli,
1562 1334 1768 1389 fidelem
1790 1332 2124 1388 sacerdotem

541 1435 640 1488 sibi
690 1431 947 1486 Dominus
987 1428 1289 1491 suscitavit,
1320 1428 1446 1498 quia
1477 1425 1754 1481 exstinctis
1802 1424 1854 1478 in
1904 1421 2125 1492 perfidia

548 1523 780 1593 pnrlatis
818 1521 1013 1576 veteris
1054 1519 1270 1589 populi,
1320 1518 1523 1573 electos
1550 1517 1615 1569 ad
1645 1513 2008 1570 exhibendum
2036 1528 2124 1566 re-

536 1614 861 1682 demptionis
889 1620 1085 1667 nostra:
1115 1608 1468 1663 ministerium
1498 1606 1706 1661 ascivit.
1739 1604 1842 1671 Qui
1872 1603 2126 1657 nimirum

2225 429 2276 483 in
2303 444 2370 482 eo
2395 428 2592 495 dirigit,
2624 442 2784 495 qnem
2814 441 2913 495 per
2953 433 3282 495 assumptam
3324 421 3719 477 humanitatem
3754 417 3822 469 ad

2223 518 2652 587 componendum
2692 518 2986 571 electorum
3033 516 3267 585 speciem
3299 514 3509 568 venisse
3549 523 3822 576 recogno-

2225 612 2344 664 scit.
2368 609 2472 665 Sed
2498 611 2547 664 in
2574 610 2831 664 C(BCiltlliS
2858 624 2968 663 sum
2991 608 3229 663 tenebris
3256 605 3438 660 Iudaea
3462 620 3566 659 non
3595 615 3823 669 semper

2225 701 2516 755 deserenda
2548 709 2651 767 e~t,
2680 701 2803 769 quia
2837 716 2931 768 per
2955 700 3271 771 prophetam
3294 696 3526 751 dicitur:
3558 694 3619 748 Si
3650 693 3823 761 fuerit

2226 810 2465 846 numerus
2494 793 2721 862 ﬁliorum
2754 791 2945 857 Israel,
2974 793 3106 845 sicut
3134 806 3295 843 arena
3323 788 3507 847 maris,
3533 794 3704 838 tamen
3738 799 3822 834 re-

2225 885 2399 954 liquid:
2421 884 2578 936 salva:
2605 882 2733 951 [ient
2758 880 2907 951 (lsai.
2941 897 2994 946 κ,
3019 878 3134 945 22).
3167 878 3306 933 llinc
3333 876 3529 930 Paulus
3556 875 3629 927 ait
3656 893 3669 926 :
3698 873 3822 925 Ca:—

2225 976 2355 1027 citas
2375 991 2439 1027 ea:
2459 982 2605 1043 parte
2620 974 2834 1041 contigit
2849 974 2903 1025 in
2924 971 3114 1035 Israel,
3129 971 3290 1024 donec
3303 968 3570 1039 plenitudo
3587 966 3823 1036 gentiam

2224 1068 2464 1127 introeat,
2488 1076 2535 1117 et
2557 1066 2630 1118 sic
2656 1065 2823 1118 omnis
2855 1062 3022 1116 Israel
3050 1062 3222 1115 salvus
3245 1068 3267 1095 ⁸
3296 1059 3389 1129 ﬁat
3414 1056 3587 1127 (Rom.
3618 1072 3693 1117 xu,
3727 1052 3821 1113 25.

2225 1156 2338 1228 26).
2394 1158 2545 1211 lianc
2599 1171 2726 1225 ergo
2774 1154 2970 1209 Jui'ma:
3020 1154 3379 1208 visitationem
3426 1150 3827 1217 subsequenter

2228 1250 2483 1314 ost-'ndit,
2515 1248 2637 1315 quia
2669 1248 2798 1300 dicit
2828 1264 2841 1298 :

2300 1340 2473 1411 (Vers.
2495 1340 2607 1409 55.)
2642 1337 2896 1391 Futurum
2915 1346 2990 1390 est
3012 1345 3181 1388 autem
3204 1345 3260 1387 ut
3288 1335 3576 1404 quicunque
3606 1346 3825 1385 reman-

2230 1432 2350 1485 serit
2366 1432 2419 1483 in
2451 1430 2601 1483 domo
2626 1440 2735 1495 tua,
2761 1430 2949 1492 veniat,
2979 1437 3034 1478 ut
3062 1436 3235 1479 oretur
3257 1441 3349 1491 pro
3380 1439 3458 1477 eo.

2301 1520 2386 1573 42.
2419 1519 2569 1573 'l'uuc
2598 1526 2745 1573 certe
2774 1517 2956 1571 Iudaea
2997 1531 3095 1585 pro
3124 1530 3182 1569 se
3216 1513 3359 1568 orari
3406 1512 3691 1566 Dominum
3727 1524 3828 1579 po-

2231 1612 2416 1678 stulat,
2444 1611 2682 1679 quando,
2716 1608 3083 1676 collectisjam
3107 1606 3293 1661 electis
3320 1605 3385 1659 de
3413 1604 3686 1673 gentibus,
3714 1618 3828 1655 ca:-

541 1707 716 1760 fidelis
762 1700 1069 1772 assumptus
1098 1701 1313 1762 dicitur,
1344 1699 1468 1767 quia
1499 1704 1682 1761 vetus,
1714 1695 1799 1749 cui
1830 1694 2125 1758 successit,

2247 1702 2410 1755 :itatis
2438 1716 2551 1754 sua:
2583 1699 2829 1753 tenebras
2854 1714 2961 1751 non
2986 1698 3217 1765 ignorat,
3240 1710 3358 1750 eum
3388 1710 3483 1764 per
3508 1693 3831 1746 sacerdotes

540 1812 637 1863 per
667 1793 1032 1847 inﬁdelitatem
1085 1788 1183 1844 fuit
1228 1788 1568 1857 reproballls-
1617 1784 1683 1837 Ει
1725 1785 1850 1853 (lilia
1892 1799 1954 1838 ea
1995 1781 2126 1836 ﬁdes
2224 1790 2608 1861 opnipotentis
2637 1789 2729 1843 Dei
2769 1789 2818 1842 ei
2854 1786 3033 1842 offerri
3065 1802 3158 1855 per
3187 1784 3578 1841 confessionem
3611 1793 3827 1837 sancta-

538 1884 655 1952 ejus
699 1881 995 1939 sacerdotis
1033 1878 1277 1934 laudibus
1322 1876 1653 1940 ascribitur;
1686 1889 1807 1944 quae
1855 1889 1951 1942 per
1992 1871 2124 1926 dile-

538 1973 770 2028 ctionem
799 1976 1072 2039 operatur,
1103 1968 1214 2038 ipsa
1248 1966 1548 2021 dilectionis
1576 1979 1741 2033 opera
1768 1977 1865 2034 per
1891 1976 2126 2031 sequen-

540 2064 612 2116 tia
632 2061 793 2115 verha
822 2061 1191 2125 designantur.
1224 2056 1355 2110 Nam
1378 2055 1620 2123 sequitur
1650 2070 1662 2105 :

606 2153 717 2222 εο
738 2150 913 2223 (Vers.
931 2146 1044 2217 55.)
1066 2146 1165 2213 Qui
1180 2146 1335 2218 juxta
1350 2163 1439 2201 cor
1458 2161 1624 2199 meum
1645 2152 1694 2197 et
1711 2144 1941 2196 animam
1961 2157 2126 2195 meam

549 2244 735 2313 faciat.

610 2331 700 2385 59.
732 2330 844 2384 lloc
893 2344 1125 2396 namque
1168 2326 1452 2382 ineffabilis
1493 2327 1673 2382 divina
1721 2325 2017 2380 substantia
2054 2325 2127 2378 si-

546 2424 696 2492 gnari
728 2438 823 2491 per
861 2428 1041 2488 partes
1084 2419 1317 2473 hominis
1350 2418 1551 2483 voluit,
1601 2416 1747 2487 quod
1795 2416 1846 2469 in
1876 2430 1936 2470 se
1977 2415 2130 2483 juxta

542 2515 773 2567 litteram
806 2511 1026 2577 intelligi
1059 2525 1164 2563 non
1188 2517 1422 2579 oportet.
1451 2509 1596 2563 Dixit
1623 2506 1959 2578 itaquezQui
1979 2508 2132 2577 juxta

542 2620 633 2656 cor
660 2619 849 2666 meum,
871 2610 920 2654 et
943 2601 1173 2653 animam
1193 2615 1361 2653 meam
1390 2600 1571 2668 faciat.
1590 2598 1707 2653 Non
1720 2598 1864 2667 quod
1882 2598 2134 2667 incorpo-

544 2706 635 2746 rea
663 2700 719 2745 et
740 2689 1201 2758 incircumscripta
1232 2689 1327 2743 Dei
1353 2688 1653 2743 substantia
1694 2703 1790 2742 cor
1818 2695 1874 2742 et
1900 2688 2131 2741 animam

545 2782 758 2847 haheat,
782 2781 877 2837 sed
897 2781 975 2835 sic
993 2780 1230 2849 loquitur
1256 2780 1460 2834 homini
1482 2787 1541 2832 ut
1562 2780 1726 2833 homo
1752 2777 1956 2833 homini
1982 2776 2134 2846 loqui

545 2872 721 2937 solet,
769 2878 828 2924 ut
860 2885 957 2940 per
984 2870 1089 2924 hoc
1125 2869 1268 2938 quod
1298 2884 1367 2924 ex
1398 2869 1564 2924 verbo
1592 2883 1690 2924 suo
1718 2867 1943 2923 audiens
1972 2867 2134 2921 homo

543 2962 841 3030 cognoscit,
872 2969 1059 3031 aperte
1086 2961 1223 3016 sciat
1249 2960 1376 3031 quid
1420 2962 1583 3015 etiam
1622 2960 1753 3015 velit
1779 2959 1940 3015 Deus.
1979 2960 2137 3026 Quod

547 3056 791 3125 profecto
818 3054 927 3110 dici
965 3054 1262 3122 simplicius
1290 3054 1555 3123 potuisset
1587 3070 1601 3106 :
1633 3051 1735 3119 Qui
1758 3053 1917 3107 faciat
1943 3053 2134 3107 volun-
2159 3090 2204 3151 c

547 3153 711 3197 tatem
743 3158 939 3197 meam.
973 3142 1041 3195 Et
1070 3142 1285 3212 pnemia
1313 3141 1493 3211 operis
1521 3141 1764 3210 exponit,
1791 3142 1977 3195 dicens
2005 3159 2017 3193 :

617 3234 794 3304 (Vers.
821 3233 937 3303 55.)
971 3233 1037 3286 Et
1064 3234 1333 3303 ardiﬁcabo
1362 3235 1408 3287 ei
1434 3236 1638 3287 domum
1670 3234 1897 3303 fidelem.

618 3324 706 3378 40.
740 3323 870 3390 Qum
900 3338 1133 3393 namque
1159 3324 1260 3378 ista
1282 3323 1474 3381 domus
1503 3324 1625 3388 alia,
1654 3323 1756 3378 nisi
1797 3332 1998 3378 aeterna
2030 3339 2125 3393 pa-

551 3418 651 3470 tria
705 3415 1057 3485 intelligitur?
1101 3414 1273 3482 Quam
1328 3417 1570 3485 profecto
1614 3415 1833 3470 domum
1881 3415 2136 3471 Dominus

549 3508 966 3573 commendans,
1020 3507 1141 3560 ait:
1180 3506 1241 3561 In
1281 3508 1430 3561 domo
1487 3507 1655 3577 patris
1704 3508 1802 3561 mei
1843 3510 2136 3562 mansiones

550 3601 724 3654 multm
764 3607 881 3652 sunt
926 3597 1104 3669 (Joan.
1125 3614 1231 3661 xiv,
1261 3596 1341 3667 2).
1381 3596 1490 3653 Sed
1528 3596 1641 3652 haec
1670 3597 1860 3651 domus
1890 3597 2136 3652 aedificari

552 3702 694 3741 nunc
722 3668 1080 3756 dicitur,quia
1102 3700 1167 3741 ex
1195 3686 1296 3756 pia:
1324 3686 1445 3740 vita:
1465 3685 1765 3741 actionibus
1786 3668 2134 3757 pneparatur.

553 3778 930 3831 Verumtamen
950 3776 1016 3831 ad
1036 3792 1154 3831 eam
1175 3777 1585 3847 promerendam
1609 3778 1881 3847 indignum
1900 3788 1983 3833 est
2004 3795 2140 3848 npus

552 3868 803 3934 hominis,
851 3869 898 3923 si
947 3884 1056 3923 non
1103 3869 1206 3923 hoc
1235 3876 1361 3938 agat
1400 3869 1573 3937 gratia
1614 3868 1977 3924 misericordis
2020 3868 2136 3924 Dei.

554 3961 696 4015 Bene
717 3962 917 4030 itaque,
942 3976 1063 4015 cum
1093 3960 1287 4016 domus
1305 3960 1594 4016 :edilicium
1616 3962 1854 4032 ponitur,
1884 3961 2140 4015 Dominus

552 4053 601 4104 ei
631 4068 750 4105 eam
791 4050 1059 4105 aedificare
1100 4051 1407 4120 pollicetur,
1439 4052 1562 4121 quia
1592 4052 1844 4105 nimirum
1874 4050 2017 4104 vires
2042 4053 2140 4105 hu-

555 4157 729 4196 mana:
754 4156 783 4194 a
826 4150 972 4194 tanta
1001 4141 1316 4210 operatione
1354 4139 1641 4203 deficiunt,
1673 4140 1718 4195 si
1749 4156 1855 4195 non
1887 4141 2031 4194 divin
2056 4150 2142 4196 tus

556 4228 896 4299 adjuventur.
926 4228 1065 4282 llinc
1118 4225 1317 4282 Paulus
1346 4229 1420 4281 ait
1452 4247 1464 4280 :
1507 4228 1643 4282 Deus
1677 4238 1752 4283 est
1790 4231 1875 4295 qui
1902 4240 2143 4293 operatur

556 4319 611 4370 in
642 4332 720 4369 me
749 4316 872 4369 velle
899 4324 947 4369 et
975 4316 1221 4385 per/icere
1249 4314 1470 4385 (Philip.
1503 4332 1562 4381 ll,
1594 4316 1718 4387 15).
1762 4316 1899 4371 Hinc
1947 4318 2140 4372 iterum

557 4410 721 4465 dicit:
750 4406 874 4462 Non
904 4417 979 4462 est
1003 4411 1238 4473 volentis,
1262 4425 1422 4479 neque
1446 4411 1718 4477 currentis,
1743 4410 1833 4463 sed
1853 4411 2141 4465 miserantis

558 4512 634 4557 est
656 4501 756 4556 Dei
789 4501 965 4571 (Rom.
990 4518 1044 4565 ιι,
1082 4501 1193 4570 ili).
1220 4474 1370 4555 lianc
1398 4502 1617 4554 domum
1646 4474 1713 4555 se
1730 4501 1994 4556 aedificare
2018 4518 2144 4573 pro-
2175 4474 2193 4528 Ι

565 4594 838 4660 mittebat,
870 4608 991 4647 cum
1022 4592 1226 4647 diceret
1268 4609 1279 4645 :
1324 4591 1470 4645 Vado
1499 4609 1688 4662 parare
1717 4592 1855 4647 vobis
1886 4595 2072 4659 locum,
2096 4604 2145 4647 et

557 4687 740 4739 iterum
769 4687 992 4747 veniam,
1040 4694 1089 4738 et
1136 4685 1387 4753 accipiam
1415 4701 1503 4738 vos
1542 4684 1610 4737 ad
1656 4688 1921 4755 meipsum,
1966 4694 2022 4738 ut
2060 4684 2146 4739 ubi

559 4794 653 4848 ego
682 4792 813 4841 sum,
845 4785 894 4829 et
936 4790 1021 4829 vos
1052 4775 1164 4829 sitis
1195 4772 1376 4842 (Joan.
1420 4791 1493 4842 tv,
1519 4774 1574 4842 2,
1610 4775 1683 4845 5).
1717 4774 1854 4841 Quia
1895 4790 2025 4830 vero
2053 4790 2148 4828 vo-

561 4876 773 4921 cantem
800 4882 859 4922 se
886 4867 1112 4935 gratiam
1141 4882 1209 4921 ex
1250 4865 1455 4920 arbitrii
1489 4867 1740 4921 libertate
1767 4868 1959 4921 devote
1988 4882 2112 4922 secu
2136 4900 2141 4904 -

564 4967 715 5013 turus
743 4968 881 5026 erat,
914 4958 1224 5029 adjungitur
1257 4976 1269 5011 :

635 5048 813 5117 (Vers.
845 5050 957 5123 55.)
980 5051 1047 5104 Et
1075 5051 1356 5106 ambulabit
1378 5070 1553 5106 coram
1580 5051 1785 5106 Christo
1817 5069 1928 5106 meo
1952 5056 2149 5106 cunctis

568 5141 769 5195 diebus.

638 5229 727 5285 41.
767 5229 1059 5302 Unicuique
1090 5234 1230 5289 enim
1262 5236 1556 5290 electorqu
1585 5250 1767 5289 coram
1796 5235 2009 5289 Christo
2036 5252 2148 5290 ani-

565 5318 752 5376 bulare
781 5329 865 5375 est
888 5338 947 5376 se
970 5340 1183 5393 semper
1203 5326 1256 5378 in
1282 5335 1574 5396 conspectu
1604 5324 1980 5394 Redemptoris
1999 5328 2145 5394 aspi-

568 5428 722 5478 cere,
755 5421 811 5467 et
856 5429 919 5467 ea
949 5430 1067 5481 qua:
1109 5417 1159 5470 ei
1207 5426 1429 5486 accepta
1471 5417 1747 5486 cognoscit
1785 5417 2017 5487 operari.
2050 5417 2145 5473 Vel

569 5515 713 5559 certe
743 5520 923 5560 coram
954 5507 1163 5560 Christo
1192 5507 1451 5571 ambulat,
1477 5509 1568 5577 qui
1601 5509 1652 5561 in
1682 5508 1826 5563 omni
1859 5507 2003 5577 quod
2037 5509 2144 5577 agit

647 5656 667 5678 ι
698 5642 861 5696 Gilot.
891 5651 944 5696 et
966 5641 1158 5709 V’atic.,
1186 5646 1296 5714 fiet.

2225 1881 2502 1937 Trinitatis
2527 1880 2753 1951 appetit,
2785 1880 2910 1949 quia
2934 1880 2985 1933 in
3006 1886 3277 1933 vetustate
3306 1876 3549 1947 pristina,
3582 1890 3828 1944 superna

2225 1973 2524 2046 promereri
2553 1974 2747 2043 gaudia
2791 1988 2897 2027 non
2947 1973 3250 2041 pricsumit,
3283 1969 3377 2025 sed
3419 1979 3475 2023 et
3519 1968 3676 2021 fidem
3712 1965 3831 2018 Re-

2229 2066 2547 2135 demptoris,
2571 2079 2734 2133 quam
2758 2078 3020 2121 conversa
3041 2063 3265 2131 recepit,
3293 2059 3632 2131 [medicande
3654 2058 3831 2111 etiam

2228 2157 2605 2213 convertendis
2632 2156 2750 2209 aliis
2780 2155 3057 2224 impendit.
3090 2152 3234 2208 Bene
3264 2154 3428 2207 etiam
3458 2150 3708 2205 subditur
3737 2166 3751 2199 :

2303 2247 2476 2318 (Vers.
2509 2246 2623 2317 55.)
2657 2246 2724 2301 Ut
2752 2246 2963 2315 offerret
2993 2260 3255 2297 nummum
3284 2253 3601 2312 argenteum.

2302 2338 2540 2407 Argento
2596 2336 2795 2405 quippe
2840 2334 3052 2403 eloquia
3101 2334 3280 2387 divina
3327 2332 3635 2399 signantur,
3696 2329 3831 2398 quia

2232 2444 2329 2499 per
2358 2427 2683 2496 PrOphetam
2716 2426 2912 2479 dicitur
2942 2443 2954 2477 :
2990 2424 3212 2495 Eloquia
3245 2420 3453 2475 Domini
3478 2421 3597 2490 igne
3621 2420 3833 2472 exami-

2234 2527 2379 2581 nata,
2426 2526 2692 2587 argentum
2737 2517 2857 2585 igne
2903 2514 3173 2585 probatum
3223 2512 3393 2585 (Psal.
3421 2527 3493 2573 XI,
3527 2510 3614 2581 7).
3664 2510 3831 2575 Quod

2234 2610 2477 2680 profecto
2508 2618 2790 2676 argentum
2819 2616 2945 2662 tune
2974 2606 3155 2660 Judzea
3201 2606 3253 2659 in
3302 2605 3394 2659 Dei
3446 2602 3693 2655 lautlitiu.
3731 2602 3833 2653 im-

2236 2698 2458 2767 pendit,
2500 2712 2620 2751 cum
2652 2708 2839 2766 aperte
2866 2696 3023 2749 fidem
3063 2703 3300 2748 nostram
3332 2692 3617 2761 priedicat,
3651 2690 3745 2744 cui
3778 2691 3833 2743 iu

2237 2786 2554 2841 infidelitate
2586 2787 2757 2855 posita
2788 2793 2913 2838 ante
2942 2782 3289 2838 contradixit.
3324 2779 3391 2834 Et
3419 2781 3541 2850 quia
3574 2782 3833 2833 eumdem

2240 2874 2679 2943 Redemptorem,
2709 2888 2869 2943 quem
2901 2872 3130 2926 amando
3164 2869 3451 2941 praedicat,
3483 2868 3646 2922 eziam
3677 2884 3709 2921 c
3736 2885 3839 2919 un-

2239 2963 2497 3035 patiendo
2526 2965 2783 3026 imitatur,
2809 2963 3117 3031 adjungitur
3144 2978 3157 3013 :

2312 3055 2488 3127 (Vers.
2522 3056 2636 3121 55.)
2670 3052 2739 3107 Et
2770 3063 2957 3108 tortam
2985 3053 3160 3124 panis.

2309 3150 2415 3218 81
2450 3146 2536 3199 45.
2579 3145 2736 3199 Panis
2770 3159 3000 3213 namque
3030 3143 3244 3198 nomine
3274 3141 3361 3196 ill:
3391 3140 3713 3209 exprimitur
3743 3140 3843 3209 qui

2234 3238 2303 3294 de
2352 3240 2642 3307 semetipso
2688 3238 2799 3290 ait:
2838 3236 2947 3306 Ego
2996 3252 3108 3289 sum
3158 3236 3308 3302 panis
3336 3235 3475 3301 vietus
3502 3234 3586 3301 qui
3616 3232 3679 3285 de
3704 3233 3845 3285 caelo

2240 3330 2479 3383 descendi
2512 3327 2690 3399 (Joan.
2724 3344 2795 3392 γι,
2830 3326 2941 3399 51).
2976 3327 3139 3382 Torta
3191 3329 3375 3396 itaque
3405 3326 3559 3397 panis
3600 3322 3847 3377 llcdetn-

2238 3422 2407 3491 ptoris
2435 3436 2562 3475 caro
2589 3430 2670 3474 est
2686 3419 2873 3475 aflecta
2890 3418 3185 3489 suppliciis.
3204 3416 3356 3472 Hunc
3380 3432 3611 3486 namque
3635 3424 3845 3469 tortum

2239 3525 2430 3580 panem
2463 3509 2723 3580 propheta
2754 3510 2985 3573 intuens,
3020 3510 3135 3562 ait:
3171 3507 3303 3561 Vere
3327 3508 3600 3577 languores
3630 3515 3848 3559 nostros

2237 3602 2347 3670 ipse
2375 3602 2519 3665 tulit,
2561 3611 2610 3654 et
2648 3601 2851 3654 dolores
2895 3608 3098 3653 nostros
3126 3600 3236 3668 ipse
3260 3599 3482 3668 portavit
3513 3600 3531 3666 (
3557 3595 3683 3649 Isai.
3720 3611 3847 3661 LIII,

2239 3689 2316 3760 4).
2350 3689 2415 3744 Et
2442 3691 2565 3759 quia
2597 3706 2690 3760 per
2717 3689 3005 3758 quemdam
3052 3690 3348 3758 sapientem
3378 3688 3572 3741 dicitur
3601 3704 3613 3739 :
3642 3687 3699 3741 Si
3758 3704 3850 3741 se-

2240 3783 2378 3836 deris
2404 3782 2472 3834 ad
2498 3797 2725 3833 mensam
2756 3782 2998 3849 potentis,
3021 3782 3281 3849 sapienter
3298 3779 3505 3832 attende
3532 3793 3647 3848 qua:
3673 3796 3849 3845 appa-

2242 3884 2433 3927 nuntur
2462 3874 2571 3933 tibi,
2604 3874 2724 3943 quia
2753 3873 2944 3926 similia
2972 3882 3173 3941 oportet
3222 3882 3268 3925 te
3304 3885 3603 3941 prceparare
3630 3870 3649 3939 (
3675 3868 3839 3925 I'ror.

2244 3982 2392 4029 mu,
2429 3968 2478 4028 l,
2508 3964 2562 4029 2,
2594 3981 2698 4018 sec.
2732 3962 2928 4033 LXX),
2959 3970 3153 4017 tortam
3185 3961 3337 4031 panis
3364 3971 3421 4015 et
3446 3974 3719 4013 nummum
3752 3976 3842 4013 ar-

2242 4068 2493 4125 genteum
2540 4055 2721 4110 Iudaea
2753 4064 2881 4109 tunc
2907 4053 3085 4114 oflert.
3118 4068 3239 4107 cum
3269 4051 3688 4119 Redempturem
3728 4065 3839 4124 no-

2242 4159 2305 4202 str
2324 4164 2412 4201 um
2428 4162 2477 4210 a,
2498 4156 2611 4201 erta
2634 4145 2972 4202 confessione
2991 4143 3264 4213 prtedicat,
3294 4150 3350 4196 et
3373 4155 3473 4211 pro
3494 4140 3609 4210 ejus
3630 4154 3839 4199 arnore.

2243 4252 2402 4305 quem
2432 4236 2730 4307 prtrdical,
2774 4236 3040 4293 sustinere
3082 4242 3348 4288 tormenta
3396 4247 3425 4285 a
3474 4230 3690 4302 perfidis
3728 4246 3840 4285 non

2245 4338 2478 4382 recusat.
2533 4327 2591 4381 lu
2643 4343 2749 4395 qua
2801 4328 3053 4381 nimirum
3118 4325 3418 4380 imitatione
3466 4323 3733 4393 passioiiis
3784 4332 3841 4375 et

2248 4418 2540 4474 refeeione
2582 4419 2874 4474 dulcedinis
2918 4419 3043 4487 quia
3090 4416 3246 4471 valde
3288 4416 3610 4477 delectatur,
3662 4414 3844 4481 sequi-

2324 4599 2500 4669 (Vt'rs.
2534 4599 2647 4670 55.)
2688 4598 2937 4671 Dicatque
2965 4600 3165 4653 dimitte
3190 4614 3292 4664 me,
3323 4597 3553 4664 obsecro,
3583 4597 3655 4651 ad
3680 4613 3843 4651 unam

2246 4700 2447 4759 partem
2474 4690 2863 4743 sacerdotalem.

2320 4780 2409 4833 44.
2451 4781 2668 4835 Dimitte
2696 4797 2803 4847 me,
2831 4783 2924 4845 ait,
2948 4782 3101 4851 quasi
3137 4781 3319 4838 dicat:
3343 4779 3464 4835 Noli
3510 4794 3598 4834 me
3619 4820 3635 4845 ,
3687 4780 3843 4849 quasi

2250 4870 2501 4924 infamem
2547 4881 2601 4924 et
2640 4878 2817 4925 morte
2847 4869 3222 4941 Redemptoris
3248 4879 3606 4934 cruenzatam,
3660 4873 3842 4934 repel-

2250 4963 2380 5018 lere.
2418 4962 2587 5017 Unam
2617 4979 2833 5033 qunque
2859 4973 3067 5035 partem
3096 4965 3493 5021 sacerdotalem
3520 4964 3622 5019 sibi
3652 4980 3847 5019 conce-

2252 5055 2302 5106 di
2330 5056 2599 5125 obsecrat,
2620 5057 2743 5126 quia
2774 5059 2919 5113 veris
2944 5059 3311 5115 sacerdmihus
3331 5060 3525 5114 sociari
3548 5060 3841 5123 desiderat,

2254 5155 2309 5199 ut
2338 5163 2523 5201 eorum
2553 5150 2730 5203 valeat
2757 5150 3042 5205 admisceri
3071 5152 3276 5220 gaudiis
3299 5191 3314 5216 ,
3363 5166 3591 5220 quorum
3622 5151 3846 5205 oblatio-

2252 5254 2346 5293 nes
2375 5242 2595 5309 appetit,
2626 5243 2856 5310 seipsam
2887 5242 3135 5304 offerens,
3183 5243 3399 5296 imitari.
3434 5241 3588 5295 Unde
3617 5249 3674 5295 et
3703 5242 3847 5296 refe~

2253 5329 2447 5384 ctionis
2475 5346 2585 5385 suae
2611 5348 2889 5401 exponens
2913 5332 3255 5397 desiderium,
3288 5332 3451 5385 dicit:

2324 5420 2498 5489 (Vers.
2529 5421 2643 5493 5'5.)
2687 5423 2755 5477 Ut
2784 5426 3049 5477 comedam
3080 5424 3355 5477 buccellatn
3385 5438 3556 5492 parm.

2322 5511 2436 5573 Qua
2481 5511 2534 5566 in
2565 5529 2623 5567 re
2654 5515 2945 5568 notandum
2987 5522 3065 5569 est
3099 5515 3220 5583 quia
3254 5523 3286 5567 li
3312 5521 3448 5567 rtam
3480 5512 3633 5582 panis
3666 5528 3719 5565 tn
3754 5513 3849 5568 de-
