4000 6288
258 273 357 325 Nil

1103 289 1167 343 iN
1211 292 1470 354 PiiiiiUM
1514 302 1750 362 REGUM
1795 309 2313 379 EXPOSiTlllNES.
2359 357 2422 366 —
2466 330 2586 384 LIB.
2634 334 2689 386 il.

3440 362 3536 424 liii

247 405 469 458 Votioue
499 407 794 470 oblationis
822 415 1064 475 habitura
1099 427 1400 489 t‘rmlicitut'
1423 476 1438 498 ,
1471 444 1521 488 ct
1554 437 1803 496 buccera.

247 496 298 535 in
346 501 595 535 annotin-
627 509 966 535 ..nn.....o:..-.:..
1041 513 1146 535 μη,
1203 533 1282 535 _,,,,
1400 524 1413 535 .
1633 532 1644 535 _

1891 430 1925 485 Α
1955 428 2190 488 officium
2221 443 2577 500 sacerdotum.
2607 448 2720 504 Filii
2753 467 2983 524 namque
3011 471 3133 516 sunt
3162 469 3250 535 qui
3281 485 3307 523 s
3347 474 3534 532 iritna-

247 496 298 547 in
344 501 597 566 appetitu
625 509 988 566 conn-stionis.
1041 513 1148 570 Cur
1191 533 1320 587 ergo
1350 524 1416 578 ad
1458 532 1848 589 comedendum

247 600 351 637 non
383 595 527 642 torta
563 596 736 660 panis,
769 599 860 652 sed
889 601 1130 660 bucceila
1171 614 1605 682 concupiscitur?
1657 621 1724 676 Et
1752 640 1848 678 cur

244 691 349 727 non
385 677 629 734 buccella
661 723 676 744 ,
727 689 819 740 sed
861 697 1000 746 torta
1041 696 1311 754 offerenda
1349 677 1701 772 perhibetur?
1739 715 1843 770 Sed

239 767 369 831 quia
416 770 465 823 ἰι
512 777 846 834 rotunditate
891 783 1129 842 buecella
1171 792 1490 862 coniicitur,
1541 805 1842 861 rotunditas

237 867 421 911 autem
475 861 588 931 ipsa
641 869 874 950 quodam
918 875 1078 930 modo
1109 894 1206 934 nec
1235 885 1538 956 principio,
1588 909 1687 948 nec
1737 897 1840 952 line

236 945 594 1018 dignoscitur,
637 945 911 1029 rerte'per
939 967 1091 1030 panis
1119 968 1413 1030 bucceliatn
1464 977 1837 1053 Redemptoris

228 1040 512 1096 aeternitas
541 1043 872 1113 designatur.
917 1051 1080 1108 Torta
1131 1058 1292 1125 igitur
1340 1067 1489 1132 panis
1520 1084 1548 1122 a
1583 1073 1734 1128 nobis
1761 1075 1835 1129 of-

229 1129 383 1195 ferri,
433 1143 490 1186 et
538 1152 644 1191 non
694 1140 934 1198 buccella
976 1158 1172 1214 potest,
1213 1154 1338 1222 quia
1387 1160 1478 1227 qui
1529 1168 1828 1232 passionem

224 1216 554 1277 dominicam
589 1226 784 1283 im'tari
811 1234 1111 1306 moriendo,
1134 1241 1247 1296 sive
1276 1259 1492 1302 carnem
1521 1252 1823 1325 alﬂigendu,

223 1326 536 1379 possumus,
567 1325 927 1381 aeternitatem
959 1329 1008 1383 in
1041 1334 1215 1397 nobis,
1249 1353 1408 1406 quam
1441 1358 1826 1412 pmsentettttts

222 1401 343 1468 ejus
372 1412 712 1476 conspectui,
746 1431 851 1470 non
884 1419 1164 1478 habemus.
1201 1401 1280 1480 Et-
1311 1401 1550 1490 buccella
1583 1441 1740 1497 nobis
1770 1444 1820 1498 in

222 1495 557 1560 perfectione
608 1501 860 1562 desiderii
905 1525 1024 1566 esse
1047 1551 1062 1574 .
1092 1531 1221 1572 anon
1271 1529 1407 1576 torta
1439 1527 1608 1593 panis,
1639 1529 1816 1596 debet,

219 1592 346 1657 quia
377 1595 466 1660 qni
498 1595 715 1654 humani
745 1606 956 1668 generis
989 1607 1402 1684 Redemptorem
1443 1627 1817 1693 compatiendo

219 1687 596 1751 tcmporaliter
623 1693 918 1760 sequimur,
951 1697 1003 1752 iu
1029 1716 1260 1772 superna
1287 1709 1459 1776 patria
1486 1727 1593 1768 non
1622 1726 1815 1773 murta.

219 1771 321 1825 lem
363 1773 500 1842 jam,
533 1795 633 1835 nec
660 1784 972 1854 patientem,
1003 1771 1378 1853 sedarternum
1403 1809 1460 1854 at
1479 1819 1566 1869 jne
1587 1819 1816 1873 regnau-

215 1871 322 1916 tem
356 1869 635 1936 possidere
655 1873 1044 1936 desideramus.
1079 1883 1208 1940 Eam
1241 1889 1402 1956 igitur
1428 1909 1590 1962 quam
1617 1897 1812 1953 offerre

213 1962 413 2010 tortam
460 1962 616 2028 panis
643 1963 913 2023 desiderat
940 1971 1069 2028 dicit
1099 1992 1119 2029 ι
1141 1976 1211 2032 Ut
1238 1984 1502 2039 comedam
1531 1987 1809 2046 buccellam

207 2046 384 2110 panis,
409 2051 534 2116 quia
558 2056 804 2110 convrrsi
826 2057 894 2113 de
915 2058 1096 2116 Iudaea
1115 2065 1533 2138 Redemptorem
1565 2087 1804 2135 nostrqu

205 2130 259 2184 in
305 2139 613 2195 teternitate
635 2142 942 2202 refectionis
969 2153 1240 2218 possidere
1278 2158 1604 2229 desiderant,
1653 2171 1804 2238 cujus

205 2225 512 2291 passionem
562 2230 748 2286 imitati
799 2236 884 2291 hic
927 2252 1047 2293 sunt
1076 2243 1143 2298 ad
1172 2249 1544 2307 strenuitatetn
1578 2257 1797 2321 militw,

201 2334 308 2373 non
339 2321 408 2374 ad
437 2326 715 2392 praimium
747 2331 1132 2392 retributionis.

838 2460 1068 2519 CAPUT
1105 2466 1192 2522 ill.

268 2583 320 2638 ί.
363 2584 492 2642 limo
516 2587 584 2643 de
608 2606 763 2645 sacra
795 2593 1014 2652 historia
1047 2601 1220 2670 typica
1267 2608 1646 2676 explanatione
1674 2631 1795 2685 per-

193 2677 486 2746 currimus,
515 2690 572 2735 ut
602 2683 654 2736 in
684 2685 887 2740 eisdem
914 2704 1080 2746 sacra:
1107 2693 1344 2752 historia:
1369 2703 1546 2758 verbis
1575 2710 1794 2765 moralis

195 2768 564 2837 intelligentia;
610 2774 812 2844 aliquid
853 2781 1244 2849 perquiramus.
1294 2787 1482 2860 Itaque
1527 2810 1661 2864 puer
1688 2799 1790 2853 Sa-

192 2861 334 2914 muel
367 2861 418 2915 in
449 2876 743 2934 conspectu
791 2868 1000 2926 Domini
1039 2875 1285 2934 minister
1320 2885 1610 2952 asseritur;
1646 2891 1786 2971 quod

190 2958 371 3006 tamen
404 2955 760 3013 ministerium
809 2976 916 3016 non
965 2964 1252 3039 absolute,
1301 2974 1397 3029 sed
1443 2985 1568 3034 ante
1596 2968 1787 3037 faciem

190 3148 295 3184 non
327 3138 629 3192 Ostenditur
658 3141 917 3208 perfectio
948 3145 1262 3216 ministerii,
1312 3159 1404 3208 sed
1444 3156 1777 3218 humilitatis.
1808 3171 1854 3230 (ς

187 3222 375 3279 Facies
405 3242 638 3296 namque
669 3231 785 3286 lleli
816 3234 1233 3309 uniuscujusque
1270 3243 1592 3305 institutoris
1636 3253 1776 3308 ratio

182 3321 265 3366 cst
292 3315 523 3370 arbitrii.
573 3317 650 3372 illi
681 3336 915 3392 namque
942 3335 1068 3382 ante
1098 3337 1446 3404 praeceptoris
1472 3340 1555 3393 sui
1585 3341 1774 3397 l'at-iem

181 3402 406 3458 Domino
434 3407 740 3478 ministrat,
767 3413 859 3481 qui
887 3415 944 3469 in
988 3418 1320 3478 exhibitione
1363 3427 1646 3485 ministerii
1691 3435 1776 3488 sui

180 3494 381 3562 proprii
412 3497 618 3552 arbitrii
649 3501 911 3556 rationem
942 3522 1048 3562 non
1077 3511 1341 3583 sequitur,
1380 3516 1470 3584 qui
1499 3534 1566 3574 eo
1597 3523 1775 3592 operis

181 3583 374 3638 itinere
402 3589 645 3653 graditur
668 3593 812 3658 quod
839 3594 889 3648 ei
920 3597 1159 3666 magistri
1187 3602 1270 3656 sui
1299 3606 1607 3674 cognitione
1639 3627 1774 3680 pne-

175 3673 408 3728 vilctur.
459 3675 592 3732 Nam
640 3681 863 3750 perfecti
911 3686 1110 3756 quique
1159 3691 1276 3757 viri,
1308 3703 1364 3748 et
1391 3673 1652 3756 docibiles
1676 3702 1770 3758 Dei

176 3763 357 3828 (Joau.
391 3781 462 3826 v1.
494 3765 596 3832 45;
629 3767 760 3824 Isai.
787 3787 896 3838 ων,
927 3773 1036 3844 15),
1067 3777 1297 3836 ministri
1321 3786 1534 3853 quidem
1557 3790 1610 3845 in
1637 3807 1769 3847 con-

173 3866 363 3923 spectu
397 3856 605 3914 Domini
638 3873 782 3928 sunt,
835 3866 930 3920 sed
978 3877 1105 3943 ante
1134 3871 1321 3929 faciem
1353 3877 1585 3937 hominis
1613 3885 1770 3938 mini-

170 3947 266 4000 stri
298 3946 418 4015 ejus
453 3965 560 4004 non
607 3962 753 4018 sunt,
784 3956 908 4026 quia
936 3957 1051 4028 ipsa
1078 3975 1173 4016 eos
1201 3964 1342 4021 intus
1369 3969 1617 4029 divinitas
1645 3993 1768 4030 cru-

168 4039 247 4091 dit
273 4040 511 4104 qualiter
538 4041 668 4098 for’s
693 4046 859 4101 etiam
908 4049 1012 4104 vita
1058 4060 1116 4107 et
1161 4057 1400 4115 moribus
1428 4077 1493 4116 ac
1520 4064 1764 4123 doctrina

169 4131 556 4201 disponantur;
609 4137 749 4192 unde
778 4147 834 4194 et
875 4147 1190 4208 przecursori
1243 4148 1615 4223 Redemptoris
1653 4161 1764 4232 82

167 4223 374 4288 paterni
404 4228 611 4281 oracui
655 4228 812 4285 laude
857 4237 1223 4302 promittitur:
1251 4240 1323 4295 Tu
1361 4246 1583 4316 quidem,
1613 4269 1758 4321 puer,

165 4314 417 4382 propheta
444 4319 698 4373 Altissimi
724 4323 1010 4390 vocaberis;
1037 4329 1244 4398 prwibis
1263 4314 1400 4389 enim
1426 4349 1546 4394 ante
1572 4345 1759 4411 [aciem

169 4405 377 4460 Domini
403 4427 596 4478 parare
622 4416 731 4467 vias
765 4416 877 4486 ejus
907 4418 1076 4489 (Luc.
1127 4439 1184 4491 t,
1228 4425 1357 4498 76).
1399 4430 1538 4486 Ante
1565 4405 1754 4491 laciem

126 4553 130 4556 ,
165 4499 377 4567 quidem
411 4501 620 4558 Domini
653 4508 842 4574 punire
872 4510 1211 4581 describitur,
1251 4519 1341 4587 qui
1371 4520 1423 4575 in
1452 4524 1752 4581 ministerio
1787 4541 1832 4598 υ
1858 4550 1906 4604 ιθ

161 4606 256 4644 Sno
287 4609 395 4647 non
423 4605 542 4650 erat
569 4608 852 4656 secuturus
880 4605 1158 4663 arbitrium
1180 4615 1473 4680 superioris
1499 4619 1749 4690 hominis,

157 4681 251 4734 sed
283 4683 691 4754 inspirationem
739 4691 1049 4753 divinitatis.
1091 4700 1230 4757 Ante
1260 4704 1450 4762 laciem
1477 4726 1606 4780 ergo
1633 4713 1749 4769 Heli

155 4775 372 4829 Samuel
420 4778 653 4836 Domino
703 4785 1005 4844 ministrare
1031 4791 1244 4860 dicitur,
1292 4806 1352 4851 ut
1379 4802 1604 4870 subjecti
1633 4808 1752 4874 qui-

156 4885 262 4937 que
289 4871 404 4940 ejus
431 4877 682 4945 exemplo
709 4877 1024 4948 doceantur,
1050 4897 1319 4954 quatenus
1344 4893 1412 4945 de
1453 4896 1750 4954 ministerio

153 4975 254 5013 suo
278 4963 358 5016 sic
399 4964 618 5032 placere
663 4969 925 5027 conditori
953 4976 1222 5044 studeant,
1254 4992 1308 5035 ut
1339 4994 1533 5051 praeter
1561 4991 1750 5058 pracla-

154 5055 332 5102 torum
380 5066 605 5107 suorum
650 5056 926 5114 arbitrium
965 5077 1126 5131 agere
1167 5070 1364 5140 aliquid
1402 5090 1507 5130 non
1549 5093 1748 5145 praesu-

153 5150 318 5196 mant.
369 5141 504 5197 Nam
534 5146 625 5215 qui
655 5158 780 5204 ante
808 5153 1128 5213 institutoris
1176 5164 1255 5216 sui
1305 5164 1495 5222 faciem
1535 5168 1744 5226 Domini

154 5231 396 5287 minister
419 5241 704 5305 asseritur,
721 5243 764 5296 si
787 5243 903 5312 ejus
929 5245 1116 5304 faciem
1149 5255 1336 5321 punire
1361 5273 1455 5326 per
1482 5269 1745 5319 tumorem

151 5321 401 5392 despicit,
433 5330 682 5386 minister
717 5335 768 5388 in
805 5351 1093 5409 conspectu
1142 5345 1351 5404 Domini
1391 5369 1497 5408 non
1539 5357 1739 5426 existit,

150 5414 273 5479 quia
315 5425 750 5487 omnipotentem
795 5427 1044 5496 ignorare
1090 5440 1461 5510 convincitur,
1509 5450 1595 5504 cui
1646 5467 1744 5521 per

151 5503 263 5571 ejus
290 5509 574 5566 arbitrium
607 5517 822 5582 placere
859 5520 1104 5592 despicit.
1125 5531 1286 5596 cujus
1328 5549 1388 5588 se
1428 5538 1654 5608 imperio
1684 5553 1743 5599 ut

151 5595 198 5646 ei
242 5599 480 5664 placeret
519 5605 847 5674 subjugavit.
885 5609 1035 5670 Unde
1063 5626 1118 5672 et
1143 5595 1281 5689 Heli,
1330 5636 1385 5680 et
1433 5595 1526 5684 lilii
1573 5631 1738 5690 Belial

151 5697 286 5750 esse,
323 5699 376 5742 et
414 5695 629 5749 neseire
667 5695 948 5756 Dominum
987 5707 1252 5776 dicuntur,
1300 5725 1349 5769 et
1389 5719 1454 5772 ad
1485 5725 1736 5790 populum

1953 521 2091 576 libus
2136 529 2374 593 patribus
2415 535 2480 588 ad
2528 521 3252 618 eruditionemsubiguntur.
3285 561 3382 627 Qui
3407 582 3527 634 pro-

3044 614 3064 618 -
3293 614 3326 627 η
3354 614 3380 616 η
3410 614 3504 634 ,ηπ

1949 614 2090 668 Ιμοιο
2119 634 2237 673 cum
2275 628 2585 683 eoru-ndem
2627 643 2838 703 patrum
2887 644 3038 712 sequi
3079 651 3298 704 consilia
3346 673 3532 725 supcr-

1949 705 2019 725 I..!,
2091 709 2102 725 ι
2188 712 2198 725 ί
2307 717 2317 725 ⁸
2355 718 2366 725 ⁸
2514 721 2545 725 “

2967 705 2978 712 _
3346 705 3457 725 -_,..
3482 705 3496 714 .

1947 705 2140 763 hiendo
2169 712 2486 784 despiciunt,
2514 721 2677 778 Belial
2711 728 2798 782 lilii
2829 742 2974 788 recte
3017 741 3378 811 nominantur,
3408 755 3530 818 quia

3280 796 3378 811 ω,

1944 796 2080 864 cjus,
2119 802 2208 868 qui
2251 819 2345 872 per
2381 813 2686 870 superbiam
2725 817 2791 872 de
2832 823 2970 876 cmlo
3015 829 3226 896 Cecidit,
3271 849 3528 903 apostata-

1941 887 2020 954 spi
2055 887 2157 944 itus
2209 893 2506 955 imitatores
2551 903 2702 960 liunt.
2753 908 2853 976 Qui
2901 925 3049 970 certe
3096 929 3245 976 tanto
3293 927 3530 986 deterine

1939 971 2222 1033 Domiu-m
2271 986 2551 1054 nrsciunt,
2599 1005 2800 1062 quanto
2846 1001 2964 1068 ejus
3012 1007 3113 1062 sibi
3161 1015 3522 1082 cognitionem

1936 1072 2274 1135 arrogantius
2316 1080 2608 1139 ascribunt.
2651 1085 2726 1142 Eo
2769 1107 2999 1165 namque
3050 1102 3226 1169 agitur
3272 1117 3333 1162 ut
3379 1115 3521 1180 quod

2911 1157 2925 1165 .
3086 1157 3112 1169 υ
3206 1157 3209 1158 ⁷
3287 1157 3331 1162 "
3381 1157 3519 1180 Ί“”ν“⁴

1931 1157 2071 1211 scire
2095 1161 2290 1218 debent
2316 1171 2670 1237 periculosius
2708 1183 2968 1252 nesciant,
3024 1204 3134 1259 quo
3179 1195 3229 1249 id
3275 1201 3417 1267 quod
3459 1220 3519 1259 se

2955 1245 2966 1252 .
3041 1245 3056 1259 .
3111 1245 3121 1247 ν
3179 1245 3229 1249 ν-
3278 1245 3417 1267 -ι-υιι
3459 1245 3517 1259 υν

1929 1245 2068 1298 scire
2097 1251 2403 1311 existimant
2450 1264 2746 1322 nescientes
2784 1272 2991 1330 discere
3036 1295 3143 1335 non
3193 1297 3402 1344 curant.
3450 1291 3518 1346 Et

1927 1337 2050 1403 quia
2082 1338 2398 1401 invisihiIt-m
2428 1354 2760 1413 conditorem
2800 1377 2983 1422 amare
3031 1384 3322 1441 nequeunt,
3355 1395 3512 1449 quem

1926 1425 2188 1494 ignorant,
2224 1434 2276 1488 in
2306 1443 2548 1509 appetitu
2586 1447 2869 1522 visibilium
2923 1458 3036 1525 ipsa
3083 1476 3203 1529 quae
3231 1468 3328 1521 sibi
3357 1425 3515 1525 bsur-

1921 1529 2050 1582 pant
2078 1519 2171 1576 Dei
2196 1526 2490 1586 ministeria
2520 1519 2800 1608 dissipant.
2831 1519 2983 1602 Unde
3012 1559 3066 1604 et
3088 1553 3122 1605 ii
3143 1556 3236 1622 qui
3264 1557 3512 1628 ignorare

1923 1601 2178 1628 n-...:_--i
2407 1618 2418 1628 '
2631 1626 2639 1628 “

2654 1601 2668 1608 _
2966 1601 2973 1602 κ
3020 1601 3062 1604 _-
3088 1601 3122 1605 --
3146 1601 3236 1622 Ἰ...
3264 1601 3508 1628 σοι-νεαιυ

1920 1601 2202 1663 Dominum
2233 1618 2543 1676 sacerdotes
2565 1626 2720 1682 relati
2747 1641 2890 1700 sunt,
2922 1645 2977 1690 et
3003 1643 3343 1700 sacerdotum
3367 1663 3508 1717 quo-

1920 1708 2016 1717 η.--
2054 1697 2134 1717 -Μ
2175 1702 2187 1713 ⁸
2365 1708 2378 1717 “
2555 1714 2566 1717 ⁸

1915 1708 2020 1762 que
2046 1697 2281 1758 cilicium
2313 1708 2379 1762 ad
2403 1714 2663 1782 populum
2690 1697 2899 1779 nescire
2924 1729 3294 1795 perhibentur.

1849 1801 1892 1859 Β
1989 1805 2041 1862 2.
2083 1808 2150 1864 Et
2199 1821 2260 1866 ut
2302 1821 2732 1886 reprehensionis
2769 1830 2887 1900 ejus
2927 1851 3116 1895 causas
3159 1850 3386 1916 aperiat,
3437 1856 3506 1910 ad

1915 1907 2130 1951 omnem
2159 1900 2526 1963 immolantem
2555 1911 2848 1982 ignorantis
2875 1929 3169 1987 sacerdotis
3211 1951 3344 2004 puer
3379 1956 3502 1998 cum

1915 1985 2146 2044 tridente
2175 1991 2439 2054 fuseinula
2469 2005 2654 2061 venire
2682 2023 3031 2084 memoratur,
3060 2030 3116 2076 et
3141 2027 3362 2084 crudam
3387 2048 3506 2088 car-

1912 2090 2032 2131 nem
2084 2081 2347 2141 violenter
2391 2091 2628 2160 exigere.
2675 2097 2880 2165 Quibus
2933 2109 3173 2176 profecto
3221 2120 3399 2176 verbis
3445 2123 3498 2178 in

1907 2168 2162 2228 aviditate
2204 2191 2314 2232 sum
2343 2185 2652 2252 rapacitatis
2681 2200 2788 2249 tres
2816 2168 2952 2263 gula;
2979 2206 3188 2271 species
3225 2221 3496 2272 notantur.

1905 2255 2036 2310 Nam
2086 2261 2129 2314 is
2174 2263 2328 2333 cujus
2364 2285 2514 2339 puer,
2556 2287 2842 2351 antequam
2890 2304 3250 2359 coquerentur
3283 2317 3493 2372 carnes,

1906 2349 1968 2372 ...Ι
2019 2350 2099 2372 ἔην
2129 2371 2178 2372 in
2246 2359 2254 2372 '
2577 2369 2587 2372 ³

2699 2349 2717 2351 Ὗ
2973 2349 2990 2359 .
3172 2349 3238 2353 κὴ-
3288 2349 3493 2372 ν--ηννν

1904 2349 1970 2402 ad
2015 2350 2347 2414 inferendam
2395 2377 2494 2432 pro
2539 2369 2620 2423 eis
2663 2373 2972 2434 violentiam
3001 2387 3267 2456 veniebat,
3311 2394 3497 2464 legiti-

1904 2454 2043 2464 _M_
2073 2444 2261 2464 __,,,_.
2345 2453 2356 2464 .
2417 2455 2429 2464 .

1902 2454 2046 2496 mam
2073 2444 2387 2506 refectionis
2414 2455 2603 2514 horam
2629 2467 2896 2525 sustinere
2926 2489 3031 2529 non
3063 2489 3304 2551 poterat;
3335 2499 3388 2542 et
3407 2493 3493 2547 cui

1898 2543 2090 2586 carnes
2114 2539 2511 2613 qumrebautur,
2553 2550 2885 2622 simplicibus
2913 2563 3046 2620 cibis
3103 2571 3179 2624 uti
3217 2578 3492 2636 nesciebat

1897 2625 1956 2672 et
1983 2624 2130 2689 quia,
2163 2636 2372 2685 coctam
2403 2649 2668 2707 renuens,
2697 2649 2915 2705 crudam
2957 2669 3176 2714 carnem
3220 2667 3486 2736 exigebat,

3229 2715 3486 2736 -_-,,-.,...,

1897 2715 2166 2766 communi
2200 2725 2591 2789 praeparatione
2617 2736 2858 2793 eamdem
2890 2758 3108 2802 carnem
3149 2753 3312 2812 edere
3343 2759 3489 2815 fasti-

1893 2797 2094 2858 diebat.
2150 2807 2344 2866 Verum
2396 2833 2516 2872 cum
2562 2829 2900 2887 sacerdotum
2932 2840 3192 2910 Voluptati
3243 2853 3485 2910 servierit

1892 2896 2218 2958 perversitas
2242 2901 2582 2977 famulorum,
2615 2917 2744 2984 quid
2790 2932 2873 2977 est
2917 2932 3061 2997 quod
3090 2949 3197 2991 non
3245 2939 3481 3010 ipsorum

1892 2985 2226 3010 οηηηωιλιημ
2289 3008 2301 3010 ς
2363 2995 2374 3010 ι

2933 2985 2948 2997 ,
3245 2985 3479 3010 γυνη...-

1890 2985 2249 3055 “Cadmum!
2283 2995 2374 3048 sed
2402 3013 2601 3067 Pueri)“
2605 3021 2694 3060 ""1
2744 3025 3024 3078 Peccalum
3070 3029 3272 3088 grande
3299 3034 3479 3100 nimis,

1891 3073 2047 3100 AI:AM
2081 3094 2249 3100 --_-A,,,
2284 3085 2319 3100 τι
2421 3090 2432 3100 .
2570 3094 2586 3100 -
2625 3098 2634 3100 _

2744 3073 2760 3078 _
3071 3073 3272 3088 ,νη-η
3299 3073 3476 3100 .......σ,

1890 3073 2048 3128 etiam
2075 3094 2256 3136 coram
2281 3085 2528 3156 Domino,
2561 3094 2726 3155 fuisse
2752 3116 3123 3169 memoratur?
3149 3115 3251 3173 Sed
3276 3124 3476 3182 eisdem

1888 3165 2068 3223 verbis
2095 3175 2439 3234 sacerdotum
2469 3185 2625 3255 culpa
2653 3191 2826 3259 major
2855 3203 3188 3276 ostenditur;
3233 3228 3357 3268 nam
3388 3220 3476 3286 qui

2738 3255 2753 3259 _
3023 3255 3142 3260 η---
3172 3255 3188 3276 ,
3388 3255 3476 3286 ιι...

1881 3255 2150 3315 minorum
2205 3277 2488 3334 peccatum
2546 3281 2752 3346 grande
2809 3286 2968 3344 nimis
3014 3309 3196 3354 coram
3246 3301 3476 3364 Domino

1881 3343 1974 3364 P.'.
2229 3357 2240 3364 ⁵
2415 3362 2423 3364 “

2556 3343 2572 3346 ἡ
2952 3343 2957 3344 γ
3021 3343 3196 3354 πη.-.
3246 3343 3471 3364 vum...“

1879 3343 2043 3403 fuisse
2072 3357 2284 3422 asserit,
2316 3362 2579 3432 majorum
2627 3370 2942 3442 inquitatem
2974 3387 3028 3439 in
3055 3402 3213 3455 quem
3245 3393 3471 3454 damna—

1880 3438 2040 3496 tionis
2091 3450 2364 3507 cumulum
2397 3463 2703 3520 excrevisse
2759 3482 3034 3540 cognovit.
3093 3479 3224 3548 Quae
3287 3499 3464 3548 tamen

1877 3534 2186 3601 magnitudo
2233 3552 2412 3601 reatus
2457 3555 2750 3622 asseritur,
2799 3578 2904 3617 non
2951 3569 3126 3625 solum
3171 3591 3269 3643 pro
3299 3595 3464 3651 ερρρ.

1878 3624 1975 3651 οἷς..
2007 3626 2199 3651 ξΙΙΞΑΞινμ
2241 3649 2251 3651 _
2422 3642 2452 3651 Α.
2535 3645 2546 3651 -

3115 3624 3122 3625 ί
3171 3624 3264 3643 r"'
3299 3624 3420 3651 "rt"
3455 3624 3458 3625 '

1878 3624 1976 3678 titu
2005 3626 2204 3686 illicita:
2231 3642 2597 3710 comestiouis,
2645 3653 2738 3705 sed
2778 3657 2941 3712 etiam
2969 3677 3067 3730 pro
3095 3667 3352 3728 violentia
3381 3692 3461 3729 ra-

1874 3719 2143 3786 pacitatis.
2837 3772 2843 3776 ·

1945 3830 1997 3886 5.
2037 3833 2143 3890 Sed
2173 3839 2238 3894 ad
2267 3843 2421 3900 electi
2451 3853 2601 3918 pueri
2631 3862 2994 3919 narrationem
3033 3869 3243 3928 divinus
3284 3894 3462 3934 sermo

1872 3923 2191 3993 regreditur,
2242 3938 2301 3984 ut
2350 3934 2400 3988 in
2449 3952 2534 4001 eo,
2586 3958 2691 3996 non
2739 3951 2880 4015 quod
2920 3961 3333 4032 reprobandum,
3364 3972 3460 4025 sed

2758 4013 2768 4015 “
2981 4013 2993 4025 Ι
3139 4013 3143 4014 ⁷
3173 4013 3333 4032 “*““”“”“⁷
3364 4013 3459 4025 νδ..

1868 4013 2012 4080 (ἰυοά
2043 4015 2355 4077 ίηῖίίδηάυῐη
2387 4036 2486 4093 εει,
2518 4037 2773 4093 attentius
2819 4047 3238 4110 consideremus.
3264 4057 3459 4132 itaque

1868 4103 2040 4132 nn'lnt'
2075 4106 2210 4132 ':-‘A‘
2244 4127 2265 4132 Α
2284 4129 2299 4132 -
2318 4115 2353 4132 ,9
2374 4131 2379 4132 ,
2433 4127 2443 4132 -
2692 4127 2703 4132 -

1863 4103 2043 4181 ephod
2075 4106 2214 4164 lineo
2241 4115 2513 4173 accinctus
2539 4160 2553 4184 ,
2594 4133 2647 4178 et
2690 4127 2740 4181 in
2771 4145 3058 4204 conspectu
3090 4141 3300 4202 Domini
3336 4103 3456 4208 casse

1866 4195 2196 4258 perhibetur.
2229 4202 2364 4269 Quid
2414 4224 2542 4278 ergo
2573 4213 2626 4268 in
2655 4219 2832 4287 epliod
2864 4195 3006 4282 lineo
3039 4231 3137 4286 nisi
3169 4240 3453 4296 contineo-

1865 4282 1951 4335 tia:
1979 4287 2180 4342 candor
2207 4297 2541 4353 ostenditur?
2569 4318 2677 4373 quo
2717 4310 2964 4370 nimirum
3012 4323 3190 4391 ephod
3221 4331 3452 4400 alcingi-

1862 4388 1981 4427 mur
2003 4417 2016 4438 ,
2069 4395 2188 4434 cum
2220 4384 2285 4436 ad
2321 4388 2547 4445 nitorem
2576 4398 2848 4464 pudicitia:
2877 4423 2938 4460 ex
2971 4414 3114 4466 omni
3143 4428 3294 4483 parte
3324 4425 3449 4476 reti-

1861 4477 2069 4536 nemur,
2095 4485 2214 4525 cum
2243 4477 2432 4532 animae
2458 4491 2512 4535 et
2535 4489 2712 4543 carnis
2734 4508 2854 4559 pars
2883 4499 3022 4552 nulia
3048 4519 3075 4555 a
3095 4505 3446 4569 districtionis

1861 4550 1962 4569 μμ
2037 4556 2049 4569 -
2137 4560 2150 4569 -
2193 4561 2204 4569 -

1909 4566 1973 4620 ge
2002 4556 2298 4617 absolvitur
2323 4607 2338 4631 ,
2382 4584 2478 4635 per
2504 4587 2662 4640 quam
2692 4556 2756 4632 ad
2789 4582 3006 4642 luxuria:
3032 4556 3445 4661 caliginem-dif:

2526 4639 2536 4640 ί
3038 4639 3112 4644 ,--.
3137 4639 3312 4661 οων...
3339 4639 3438 4656 ...ι-

1857 4639 2100 4699 ﬂuamus.
2151 4647 2293 4707 Talis
2338 4655 2518 4725 itaque
2546 4664 2787 4722 minister
2815 4672 2867 4725 in
2897 4690 3184 4747 conspectu
3233 4685 3438 4744 Domini

1855 4741 1976 4799 οτι,
2026 4739 2147 4806 quia
2179 4741 2245 4795 de
2274 4748 2656 4816 omnipotentis
2703 4759 2796 4815 Dei
2842 4777 3052 4832 sperata
3096 4773 3301 4832 visione
3331 4797 3437 4836 non

1855 4826 2069 4893 fallitur,
2101 4833 2185 4886 cui
2217 4851 2337 4889 cum
2369 4846 2518 4895 tanto
2547 4849 2895 4907 accinctionis
2924 4872 3033 4913 sua:
3060 4863 3235 4919 nitore
3264 4868 3437 4926 famn—

1855 4915 2013 4972 latur.
2046 4921 2140 4976 Cui
2173 4926 2415 4992 profecto
2443 4948 2610 4997 puero
2640 4941 2745 5008 83
2775 4947 3068 5004 ascendens
3099 4965 3270 5012 mater
3313 4979 3433 5017 cum

1858 5007 1974 5062 viro
2018 5011 2084 5064 ad
2128 5014 2508 5076 immolandum
2564 5029 2858 5087 solemnem
2918 5038 2986 5093 lto
3019 5043 3144 5098 tiam
3194 5053 3434 5109 attulisse

1856 5114 2074 5167 parvam
2107 5106 2338 5162 tunicam
2368 5111 2578 5170 dicitur.
2613 5118 2782 5176 Mater
2808 5128 3018 5194 quidem
3047 5148 3168 5188 cum
3201 5139 3316 5193 viro
3345 5160 3429 5200 as-

1853 5192 2032 5246 cendit
2073 5198 2288 5265 quando
2325 5218 2473 5258 mens
2509 5192 2875 5275 praedicatoris
2913 5234 3008 5288 per
3047 5228 3430 5293 pnescientiam

1854 5280 2049 5336 interni
2099 5289 2282 5354 sponsi
2327 5305 2444 5347 sese
2490 5297 2554 5348 ad
2595 5307 3006 5374 contemplanda
3049 5317 3292 5374 sublimia
3343 5325 3426 5378 illa

1849 5372 2165 5428 aeternitatis
2192 5380 2383 5445 gaudia
2413 5385 2586 5454 erigit.
2631 5389 2779 5450 Tunc
2815 5372 3016 5471 quippe
3056 5407 3296 5466 immolat
3343 5430 3430 5468 so-

1851 5459 2078 5516 lemnem
2109 5465 2360 5538 hostiam,
2404 5476 2526 5544 quia
2558 5479 2681 5535 dum
2721 5499 2817 5554 per
2844 5487 2984 5549 illius
3013 5497 3210 5553 amoris
3235 5499 3427 5556 inclia-

1850 5550 2007 5605 bilent
2035 5557 2351 5614 suavitatem
2381 5566 2643 5623 conditori
2683 5575 3044 5647 coujnngitur,
3076 5589 3321 5654 supernis
3349 5593 3425 5644 al-

1850 5640 2049 5694 taribus
2077 5643 2291 5700 devotio
2320 5649 2504 5709 festiva
2554 5640 2922 5727 prtesentatur.
2961 5669 3025 5724 Et
3057 5640 3183 5730 :ch
3213 5680 3422 5747 quidem

1845 5747 2066 5800 parvam
2098 5741 2328 5797 tunicam
2377 5746 2569 5816 defert,
2619 5755 2742 5821 quia
2762 5796 2779 5824 ,
2810 5767 2864 5812 rt
2895 5761 2910 5813 i
2939 5777 3034 5831 per
3063 5780 3306 5834 magnam
3341 5777 3419 5825 in-
