4000 6320
536 353 629 409 HI
1757 339 1999 396 SANCTI
2037 337 2365 395 GREGORII
2407 335 2616 391 MACNI
3719 333 3819 386 ΗΞ

533 480 698 525 terna:
723 460 1040 518 visitationis
1069 457 1290 527 gratiam
1322 453 1525 526 pastori
1583 452 1755 506 anima
1787 455 1849 506 ad
1881 466 2112 521 superna
2145 456 2179 510 Α
2217 451 2433 518 quidam
2462 450 2600 504 bene
2629 447 2858 502 vivendo
2888 446 3233 517 praeemineut
3266 488 3280 511 ,
3312 445 3401 515 qui
3432 447 3820 501 auctoritatem

531 557 851 621 sustollitur,
877 550 1127 622 parvulus
1154 556 1327 601 tamen
1357 561 1462 599 non
1493 543 1560 597 ad
1591 559 1679 597 mo
1701 543 1806 595 lum
1851 543 2117 596 subtilita-
2218 543 2329 614 84
2357 558 2514 613 quam
2560 540 2801 610 prailatio
2829 540 2993 608 exigit
3022 540 3219 594 nullam
3266 541 3481 594 habent.
3531 540 3671 593 Nam
3724 549 3823 593 ets:

536 653 602 706 tis
630 664 771 711 sine,
815 645 907 699 sed
952 656 1050 711 pro
1089 654 1272 694 eorum
1318 637 1516 691 viribus
1546 635 1823 704 imponere
1851 642 2118 704 praecepta
2221 636 2285 689 ad
2335 634 2536 699 agenda
2582 634 2722 685 bona
2767 632 3004 686 excitare
3042 630 3283 685 subditos
3330 639 3599 697 satagunt,
3638 638 3824 685 tamen

534 732 956 792 conversationis
992 729 1169 783 debet.
1205 725 1355 780 Unde
1406 734 1460 778 et
1512 724 1722 795 Moyses
1764 740 1793 777 a
1834 733 2016 778 monte
2068 724 2119 777 in
2222 726 2491 781 contraire
2519 723 2957 792 delinquentibus
2984 738 3081 792 per
3123 723 3297 775 zelum
3329 723 3670 776 rectitudinis
3701 738 3818 775 eru-

537 827 795 879 inmenso
845 819 1022 874 vultus
1048 818 1128 872 sui
1157 814 1445 884 splendore
1472 814 1783 883 regrediens
1814 815 1999 869 faciem
2029 829 2122 869 ve-
2221 818 2469 871 besaunt.
2501 815 2601 881 Qui
2640 814 2887 867 nimirum
2936 815 3036 866 etsi
3068 812 3138 865 ad
3167 812 3565 880 redarguendos
3598 828 3701 867 eos
3733 813 3827 866 ali-

538 915 686 982 lavit,
721 921 779 966 ut
809 912 860 965 in
886 926 1022 965 reum
1070 908 1299 978 populus
1342 906 1618 960 intendere
1658 906 1829 958 vi~um
1860 905 2123 975 potuisset
2221 907 2439 976 quando
2478 913 2703 969 exeunt,
2744 912 2941 958 nocent
2980 904 3158 973 potius
3202 903 3470 972 loquendo
3498 920 3669 974 quam
3704 920 3824 972 pro-

540 1005 734 1075 (Ezod.
763 1000 1078 1069 xxxrv,33).
1099 997 1322 1052 Parvam
1341 997 1523 1065 itaque
1550 996 1779 1049 tunicam
1796 1010 1857 1047 ca
1874 1010 1993 1063 qua:
2021 1010 2064 1062 si
2085 995 2124 1047 i-

539 1097 709 1151 ritalis
737 1104 908 1147 mater
929 1099 1011 1146 est
1034 1090 1147 1144 lilio
1177 1087 1405 1154 deferat,
1438 1094 1497 1140 ut
1524 1086 1758 1155 parvulis
1780 1084 1952 1139 adhuc
1974 1084 2121 1137 initia

537 1188 778 1258 quaedam
805 1194 860 1237 et
889 1184 1045 1253 plana
1074 1180 1349 1251 prtccipiat
1374 1221 1389 1245 ,
1420 1186 1475 1232 et
1503 1193 1609 1231 non
1662 1176 1983 1230 fortitudinis
2014 1191 2123 1229 sua:

539 1294 675 1332 onus
722 1277 978 1345 imponat.
1028 1272 1159 1326 Nam
1205 1284 1348 1340 stcpe
1395 1269 1536 1322 inter
1579 1283 1769 1337 magna
1811 1282 1974 1336 Opera
2001 1282 2122 1321 cor-

536 1380 720 1436 ruunt,
751 1369 839 1437 qui
867 1382 961 1438 per
983 1366 1189 1419 minora
1218 1364 1436 1417 vincere
1463 1362 1672 1415 hostem
1700 1366 1942 1429 possunt.
1974 1357 2127 1414 Unde

538 1472 592 1514 et
619 1457 780 1512 David
809 1463 995 1510 contra
1018 1451 1423 1522 Allopbylorum
1446 1449 1792 1504 fortissimum
1818 1449 1870 1502 in
1894 1463 2124 1517 pugnam

541 1548 888 1618 progrediens
910 1588 925 1614 ,
958 1545 1177 1600 loricam
1205 1584 1220 1608 ,
1268 1545 1513 1613 clypeum
1542 1550 1596 1595 et
1627 1540 1873 1593 militaria
1903 1554 2128 1609 qumque

538 1641 889 1694 instrumenta
920 1635 1196 1705 deposuit;
1237 1642 1291 1686 et
1333 1632 1423 1701 qui
1467 1646 1526 1686 se
1563 1632 1617 1684 in
1661 1645 1846 1685 eurum
1890 1629 2128 1699 pondere

539 1736 730 1782 contra
786 1725 995 1779 hostem
1050 1736 1304 1777 exercere
1354 1735 1459 1773 non
1502 1719 1712 1789 potuit,
1765 1718 1817 1789 in
1868 1733 1974 1772 uno
2006 1733 2127 1771 eum

2224 1007 2369 1065 sunt,
2398 999 2522 1066 quia
2553 1012 2740 1051 eorum
2770 996 3186 1050 obstinationem
3218 1012 3326 1050 non
3352 997 3507 1064 digna
3531 996 3830 1051 severitate

2224 1089 2576 1144 confundunt.
2609 1088 2740 1141 Nam
2772 1087 2913 1142 idem
2938 1086 3051 1141 lleli
3083 1086 3313 1142 liliorum
3340 1088 3563 1152 sci-lera,
3600 1096 3661 1141 et
3690 1102 3825 1154 quo-

2226 1177 2388 1232 modo
2420 1178 2487 1230 ad
2520 1176 2848 1231 tabernaculi
2876 1176 3071 1230 ostium
3110 1192 3230 1231 cum
3278 1177 3588 1232 mulieribus
3619 1176 3825 1230 dormi-

2225 1278 2366 1332 rent,
2397 1269 2630 1334 audivit;
2661 1268 2771 1336 qui,
2803 1267 2952 1322 velut
2978 1269 3044 1321 ab
3071 1282 3259 1337 aspera
3304 1269 3611 1323 invectione
3642 1277 3835 1322 aucto-

2225 1358 2399 1413 ritatis
2449 1358 2707 1427 incipiens
2736 1399 2752 1425 ,
2796 1373 2884 1412 res
2933 1358 3195 1427 pessimas
3232 1359 3299 1412 ab
3342 1360 3485 1413 omni
3531 1360 3749 1429 pOpuIO
3778 1374 3837 1412 se

2229 1449 2442 1503 audisse
2474 1448 2762 1517 perhibuit.
2797 1446 2902 1502 Sed
2930 1448 3020 1516 qui
3052 1448 3261 1516 insequi
3290 1463 3381 1501 eas
3411 1466 3540 1519 quas
3571 1450 3838 1519 exposuit

2228 1540 2412 1608 culpas
2440 1539 2642 1601 debuit,
2678 1554 2773 1606 per
2801 1537 3181 1608 subsequentia
3222 1538 3382 1592 verba
3430 1540 3728 1606 lmvigavit,
3761 1539 3839 1591 di-

2228 1646 2394 1686 cens:
2426 1629 2644 1696 Nolite,
2693 1632 2812 1701 filii.
2861 1631 2921 1684 In
2968 1647 3073 1701 qua
3114 1631 3363 1685 nimirum
3410 1634 3839 1701 propinquitatis

2230 1722 2407 1792 appell
2426 1723 2591 1776 itione
2621 1730 2876 1790 quantum
2928 1737 2959 1775 a
3002 1722 3212 1776 Domini
3241 1723 3515 1776 voluntate
3543 1724 3839 1776 dissentiat

540 1818 716 1871 l'undte
738 1815 912 1885 lapide
940 1812 1231 1883 prostratil
1257 1812 1306 1879 (Ι
1338 1810 1467 1879 Reg.
1496 1786 1723 1875 £11.59,
1754 1786 1845 1876 4i),
1872 1812 2025 1880 θεῷ).
2050 1809 2129 1861 Ad
2165 1823 2205 1879 Β
2233 1786 2418 1881 liquet,
2448 1811 2571 1881 quia
2604 1786 2721 1866 illos
2762 1812 2897 1866 lilios
2924 1812 3216 1879 appellavit
3245 1828 3379 1880 quos
3408 1810 3624 1865 divinus
3652 1827 3784 1865 seru
3806 1828 3839 1863 ο

540 1906 918 1962 immolandum
950 1905 1244 1957 solemnem
1272 1902 1505 1955 hostiam
1544 1910 1718 1954 mater
1745 1900 1832 1954 illa
1865 1901 2127 1956 ascende-

539 2012 662 2067 rat,
713 2016 830 2070 qua}
885 1998 1138 2054 dicebat:
1173 1997 1298 2052 Scio
1350 1996 1642 2067 Imjusmodi
1693 1996 1991 2061 hominem,
2046 1999 2131 2066 qui

540 2102 718 2162 raptus
744 2100 817 2144 est
842 2092 897 2144 in
926 2089 1224 2157 paradisum
1259 2085 1346 2157 (ΙΙ
1370 2086 1488 2141 Cor.
1522 2103 1614 2151 xu,
1643 2085 1719 2156 4).
1755 2087 1858 2140 Sed
1887 2086 1954 2140 de
1984 2094 2130 2141 tanta

543 2183 921 2253 magnitudine"
954 2195 1203 2251 magnam
1232 2186 1432 2233 vestem
1463 2178 1697 2245 parvulis
1742 2192 1848 2232 non
1888 2177 2127 2243 adduxit,

540 2277 664 2343 quia
702 2272 1098 2328 dicitzAudivit
1144 2286 1339 2323 arcana
1382 2267 1552 2331 verba,
1594 2283 1707 2333 quas
1749 2284 1851 2320 non
1897 2268 2010 2320 licet
2040 2268 2131 2322 Ito-

540 2364 670 2419 mini
715 2364 851 2433 loqui
896 2360 1103 2432 (lbid.).
1146 2360 1277 2413 ltem
1305 2377 1318 2411 :
1349 2357 1456 2411 Lac
1483 2356 1620 2411 vobis
1660 2365 1833 2427 potum
1863 2356 2000 2422 dedi,
2030 2375 2131 2410 non

540 2472 712 2509 escam
743 2452 797 2524 (I
826 2452 947 2507 Cor.
979 2468 1054 2517 tu,
1087 2451 1163 2521 Ξ).
1198 2449 1423 2504 Parvam
1472 2450 1652 2517 itaque
1700 2464 1864 2518 parvo
1906 2448 2013 2502 lilio
2045 2456 2128 2501 tu-

544 2547 719 2599 nicam
747 2551 921 2597 mater
948 2542 1173 2607 deferat,
1205 2549 1256 2594 et
1285 2555 1384 2609 pro
1413 2540 1572 2593 modo
1612 2540 1854 2608 corporis
1881 2554 2127 2592 mensura

544 2634 838 2691 indumenti
871 2633 1117 2689 tendatur
1138 2674 1152 2697 ,
1195 2641 1463 2700 quatenus
1491 2630 1615 2685 dum
1636 2639 1955 2699 etet-vperataz
1996 2646 2129 2685 con-

542 2727 862 2781 versationis
893 2726 1091 2779 virtute
1120 2723 1356 2787 dimicat,
1402 2724 1543 2776 hunc
1572 2721 1740 2776 hostis
1770 2720 2010 2790 inaequali
2041 2736 2128 2773 ar-

544 2833 754 2878 morum
784 2817 993 2871 sarcina
1023 2829 1130 2868 non
1165 2814 1488 2868 substernat.

616 2908 669 2961 4.
710 2906 776 2962 Ει
803 2908 929 2975 quia
960 2921 1027 2960 ex
1049 2906 1282 2959 discreto
1308 2918 1450 2958 curm
1481 2901 1762 2972 pastoralis
1789 2899 1965 2954 studio
1995 2915 2131 2968 prm-

544 2998 769 3053 dicatori
799 2998 933 3051 Deus
963 3010 1346 3050 conversorum
1377 2993 1524 3047 lucra
1550 2991 1886 3060 multiplicat,
1917 2990 2127 3045 visitata

544 3108 574 3147 a
605 3092 831 3147 Domino
862 3095 893 3143 Α
907 3105 1009 3143 una
1041 3088 1373 3159 perhibetur,
1404 3094 1564 3154 atque
1593 3100 1691 3153 per
1716 3085 1938 3153 gratiam
1965 3082 2129 3137 divini

546 3185 779 3240 muneris
806 3184 859 3238 in
889 3182 1009 3235 [iliis
1036 3189 1091 3235 et
1121 3179 1327 3233 liliabus
1355 3177 1613 3232 meruisse
1638 3176 1862 3244 gratiam
1888 3174 2125 3229 fecundi-

546 3278 689 3331 tatis.
722 3276 852 3342 Quae
884 3275 1019 3328 lilios
1048 3272 1262 3340 quidem
1293 3272 1454 3339 parit,
1486 3285 1605 3324 cum
1643 3283 1738 3322 eos
1767 3268 1929 3322 verbo
1957 3267 2132 3321 lucra-

548 3378 633 3422 tur
660 3383 757 3437 per
783 3380 919 3433 quos
948 3361 1340 3433 prmdicationis
1367 3360 1571 3414 semina
1595 3360 1714 3414 aliis
1736 3359 1937 3413 tribuit.
1969 3357 2132 3413 Filias

549 3473 674 3513 vero
703 3456 840 3525 pavit
865 3469 985 3509 cum
1017 3468 1107 3507 eas
1150 3460 1356 3506 mentes
1385 3450 1449 3505 ad
1479 3450 1862 3518 omnipotentis
1892 3448 1984 3503 Dei
2011 3464 2130 3506 ser-

549 3548 735 3603 vitium
781 3552 1040 3608 revocat,
1084 3556 1201 3610 qua:
1231 3540 1328 3594 etsi
1358 3540 1423 3594 ad
1455 3538 1885 3609 praedicationem
1928 3537 2132 3591 idonea:

552 3654 658 3696 non
682 3646 833 3706 sunt,
860 3636 1007 3691 verbi
1035 3634 1129 3689 Dei
1159 3642 1337 3687 tamen
1368 3648 1550 3687 semen
1578 3631 1858 3698 diligenter
1884 3646 1912 3683 a
1938 3629 2123 3701 przcdi.

550 3728 820 3787 caloribus
843 3732 1120 3794 acceptum
1146 3721 1406 3786 nutriunt,
1435 3719 1576 3790 quod
1603 3719 1752 3773 velut
1776 3718 2134 3787 parturientes

553 3818 889 3889 postmodum
938 3817 1057 3869 lilia:
1089 3830 1184 3884 pt-r
1215 3814 1352 3867 bona
1395 3826 1560 3881 opera
1586 3811 1643 3865 in
1674 3810 1975 3879 exemplum
2005 3825 2133 3879 pro-

550 3912 813 3969 ximorum
836 3908 1077 3977 gignunt.
1105 3903 1212 3959 Sed
1238 3903 1359 3973 quia
1383 3903 1529 3971 prius
1555 3901 1772 3956 Samuel
1794 3901 1934 3954 lineo
1959 3899 2135 3970 ophod

551 4000 823 4056 accinctus
853 3996 1131 4060 asseritur,
1164 3993 1356 4047 dehinc
1382 3992 1408 4044 Γ
1423 3990 1678 4046 ~cunditas
1721 3990 1904 4043 matris
1933 3990 1984 4043 in
2016 3988 2135 4058 plu-

551 4090 765 4145 ralLtate
792 4087 1087 4140 liberorum
1130 4090 1313 4154 potest
1362 4082 1754 4136 rationabiliter
1782 4081 1999 4147 intelligi
2032 4080 2137 4133 hoc

550 4176 694 4247 quod
723 4175 835 4231 lieri
865 4174 1104 4245 quotidie
1130 4170 1398 4225 cernimus
1424 4209 1438 4233 ,
1469 4170 1592 4237 quia
1624 4168 1874 4224 νίᾱυιίερι
1901 4185 1965 4223 ex
1997 4169 2135 4223 bona

551 4267 805 4337 opinione
850 4262 1008 4317 electi
1038 4258 1285 4326 discipuli
1315 4259 1568 4325 magistro
1595 4266 1942 4312 succrescunt
1989 4258 2134 4312 lucra

550 4370 955 4414 conversurum.
1004 4349 1159 4405 Unde
1186 4358 1241 4405 et
1269 4358 1389 4419 post
1430 4357 1606 4403 ortum
1638 4347 1859 4402 fratrum
1891 4359 1944 4404 et
1986 4365 2137 4405 soro-

552 4463 691 4514 rum,
721 4445 1087 4515 magniﬁcatus
1116 4440 1331 4495 Samuel
1354 4440 1495 4509 apud
1522 4440 1803 4493 Dominum
1827 4441 1987 4496 fuisse
2015 4458 2137 4510 pcr-

2234 1918 2395 1973 snpra
2424 1902 2611 1964 Belial,
2646 1900 2699 1955 id
2731 1910 2810 1956 t-st
2837 1901 3055 1970 spiritus
3085 1916 3335 1969 nequam,
3387 1902 3520 1955 lilios
3548 1917 3680 1956 esse
3711 1917 3839 1969 peto

2235 1997 2426 2063 hibuit,
2454 1996 2641 2050 dicens
2687 2012 2700 2048 :
2751 1995 2918 2050 Porro
2964 1996 3063 2065 lilii
3112 1994 3235 2049 Heli
3263 1996 3362 2066 ﬁlii
3413 1996 3600 2052 Belial.
3637 2006 3660 2030 τι
3697 1996 3841 2051 Cum

2235 2087 2547 2141 mulieribus
2598 2086 2797 2155 quippe
2842 2085 3076 2140 dormire
3105 2095 3188 2140 est
3215 2101 3407 2140 secure
3452 2097 3505 2140 et
3529 2088 3651 2141 sine
3682 2096 3841 2142 metu

2232 2177 2424 2232 futurae
2452 2177 2695 2231 vindictae
2724 2191 2973 2246 peccare.
3008 2175 3258 2231 Mulieres
3285 2178 3484 2248 quippe
3512 2179 3843 2233 meretrices

2233 2277 2359 2323 sunt
2385 2267 2834 2336 concupiscentia
2861 2267 3163 2321 sceculares.
3207 2268 3337 2333 Qua:
3363 2269 3499 2323 bene
3537 2269 3604 2322 ad
3651 2270 3848 2323 taber-

2236 2362 2410 2417 naculi
2440 2362 2636 2416 ostium
2666 2359 2955 2415 observare
2986 2361 3353 2428 perhibentur,
3382 2359 3506 2427 quia
3539 2359 3605 2412 ad
3638 2359 3841 2413 introi-

2236 2463 2351 2521 tum,
2374 2454 2523 2522 regni
2552 2453 2786 2509 cmlestis
2814 2451 3160 2506 tendentibus
3187 2450 3525 2506 insidiantur.
3557 2451 3661 2516 Qui
3701 2466 3841 2504 vero

2232 2548 2310 2602 sic
2358 2544 2540 2599 mundi
2582 2543 3047 2613 concupiscentias
3089 2542 3331 2610 sequitur
3354 2582 3369 2607 ,
3404 2548 3463 2596 ut
3489 2556 3635 2610 saepe
3663 2541 3839 2595 divini

2234 2647 2408 2694 metus
2451 2636 2882 2693 consideratione
2934 2642 3248 2699 terreatur,
3300 2634 3556 2703 polluitur
3607 2635 3837 2702 quidem

2235 2746 2358 2785 cum
2388 2728 2720 2793 mulieribus,
2748 2726 2841 2781 sed
2886 2741 2993 2781 non
3023 2724 3241 2790 dormit,
3270 2725 3400 2795 quia
3427 2726 3528 2780 etsi
3558 2734 3839 2793 transgre-

2233 2804 2429 2877 diendo
2458 2806 2657 2873 labitur
2680 2859 2694 2884 ,
2726 2818 2780 2871 in
2811 2817 3136 2887 perpetratis
3166 2824 3343 2871 tamen
3376 2816 3705 2870 lacinoribus
3741 2833 3842 2884 per

2232 2912 2579 2968 securitatem
2610 2923 2947 2977 nequaquam
2976 2906 3285 2975 requiescit.
3316 2905 3596 2959 Dormicus
3646 2906 3839 2973 itaque

2233 3018 2355 3057 cum
2403 3000 2715 3056 mulieribus
2759 2997 2979 3052 nomine
3028 2994 3446 3065 propinquitatis
3476 2994 3841 3047 honorandus

2236 3111 2342 3149 non
2371 3101 2471 3157 est,
2502 3092 2627 3161 quia
2657 3090 2766 3160 qui,
2814 3087 3058 3158 projecto
3083 3085 3193 3154 jam
3223 3084 3317 3139 Dei
3366 3084 3577 3145 timore,
3623 3084 3679 3136 in
3724 3100 3753 3138 s
3796 3083 3842 3135 is

2157 3191 2203 3254 C
2232 3182 2525 3238 sceleribus
2573 3177 2824 3235 obstinati
2874 3185 3036 3241 sunt,
3089 3175 3279 3229 leviori
3328 3175 3696 3242 increpatione
3749 3188 3843 3227 ar-

2233 3272 2430 3341 guendi
2461 3286 2569 3326 non
2598 3278 2745 3334 sunt,
2776 3284 2845 3323 ne
2874 3270 2992 3323 leve
3019 3266 3231 3337 pondus
3261 3266 3466 3336 peccati
3496 3280 3614 3319 esse
3641 3275 3845 3334 putent

2228 3363 2284 3421 id
2325 3364 2377 3418 in
2417 3378 2526 3432 quo
2554 3368 2837 3425 corruunt,
2866 3359 2991 3413 dum
3019 3373 3185 3426 grave
3227 3357 3306 3412 eis
3354 3356 3483 3411 illud
3523 3372 3629 3410 non
3672 3370 3842 3412 sonat

2232 3453 2377 3525 quod
2399 3468 2467 3507 ex
2490 3452 2814 3507 auctoritate
2836 3449 3174 3519 praedicatur.
3208 3447 3315 3503 Sed
3345 3448 3555 3502 remissi
3585 3455 3845 3516 pastores

2231 3544 2371 3600 inter
2400 3544 2635 3599 fomenta
2664 3542 2951 3595 verborum
2981 3538 3225 3609 qumdam
3255 3538 3495 3608 proferre
3527 3539 3705 3592 solent
3750 3554 3841 3590 ar-

2233 3644 2486 3705 gumenta
2514 3635 2755 3690 rationis.
2791 3631 2943 3687 Unde
2966 3644 3025 3687 et
3057 3631 3172 3686 llell
3203 3646 3336 3687 voce
3364 3631 3557 3685 dicitur
3582 3649 3593 3683 :

2307 3728 2479 3799 (Vers.
2508 3725 2624 3794 25.)
2668 3725 2728 3780 Si
2756 3728 3035 3795 peccaverit
3061 3725 3136 3777 vir
3163 3725 3217 3776 in
3246 3724 3428 3786 virum,
3460 3724 3637 3792 pacari
3658 3724 3707 3775 ei
3734 3740 3838 3789 po-

2234 3830 2332 3875 test
2360 3819 2536 3885 Deus;
2584 3819 2628 3872 si
2676 3828 2845 3870 autent
2873 3817 2926 3870 in
2962 3816 3121 3870 Deum
3158 3818 3460 3887 peccat-erit,
3508 3816 3619 3885 quis
3664 3815 3837 3869 orabit

2234 3928 2329 3981 pro
2364 3910 2461 3964 eo?

2308 4000 2361 4054 6.
2405 4000 2499 4053 \'ir
2526 4000 2578 4053 in
2608 4000 2780 4054 virum
2830 4014 3057 4068 peccare
3103 4007 3185 4055 est
3229 3997 3296 4053 de
3338 3997 3496 4052 rebus
3526 3996 3836 4052 labentibus

2237 4093 2553 4147 alterutrum
2581 4092 2678 4145 sibi
2710 4092 2955 4145 homines
2994 4105 3208 4145 nocere.
3242 4089 3298 4143 lu
3330 4087 3495 4143 Deum
3544 4103 3675 4143 vero
3705 4104 3837 4157 pec—

2237 4198 2363 4238 care
2406 4191 2572 4238 estea
2618 4183 2667 4237 ei
2709 4197 2827 4251 quae
2858 4182 2923 4236 ad
2947 4182 3303 4235 aeternitatem
3334 4179 3572 4234 condidit
3598 4177 3833 4232 auferre.

2236 4273 2556 4343 Quicunque
2598 4274 2759 4341 igitur
2786 4280 2878 4326 aut
2905 4288 3055 4328 suam
3085 4280 3177 4326 aut
3205 4271 3423 4325 alterius
3452 4271 3621 4325 ﬁdelis
3651 4271 3835 4323 liotnio

2241 4366 2322 4420 nis
2369 4374 2601 4420 anlmam
2647 4364 2714 4419 ad
2746 4364 3074 4434 peccandum
3107 4363 3385 4430 perrahit,
3422 4362 3472 4414 in
3503 4360 3670 4414 Deum
3704 4376 3839 4429 pec-

2241 4472 2366 4512 care
2395 4450 2749 4519 convincitur,
2778 4457 2902 4524 quia
2933 4472 3028 4509 sua
3055 4457 3103 4511 ei
3133 4456 3344 4509 auferre
3374 4454 3586 4523 prrpria
3619 4446 3831 4509 nititur.

549 4543 785 4603 hibetur,
837 4538 959 4607 quia
1004 4534 1247 4604 profecto
1295 4549 1479 4588 coram
1527 4533 1753 4587 Domino
1797 4536 1907 4601 jan
1959 4542 2129 4603 magni

2239 4548 2389 4614 Quod
2420 4548 2672 4601 nimirum
2716 4556 2865 4601 tanto
2892 4548 3104 4615 gravius
3135 4553 3413 4614 peccatum
3444 4559 3563 4597 esse
3592 4546 3834 4598 ostendi-

548 4638 674 4687 sunt
706 4628 796 4698 qui
849 4641 945 4696 per
990 4622 1235 4691 exempla
1269 4622 1366 4690 piae
1408 4622 1828 4677 conversationis
1858 4625 2133 4692 proximo-

550 4738 667 4779 rum
713 4719 875 4775 corda
924 4716 989 4771 ad
1038 4713 1419 4784 omnipotentis
1465 4712 1559 4767 Dei
1596 4714 1872 4768 servitium
1902 4729 2129 4769 conver-

553 4824 693 4871 ὶυΙιῐ.

624 4902 676 4957 5.
717 4901 936 4970 Magnus
964 4915 1093 4955 vero
1122 4899 1277 4952 nobis
1305 4898 1464 4953 timor
1507 4899 1795 4965 incutitur,
1845 4901 1968 4969 quia
2016 4901 2133 4957 lleli

550 4994 780 5049 ﬁliorum
804 4992 957 5060 culpa
984 4991 1288 5055 damnatur,
1319 4990 1472 5058 cujus
1498 5001 1716 5060 peccata
1740 4991 1955 5061 propria
1988 4994 2132 5046 nulla

550 5081 876 5139 referuntur.
907 5078 1036 5132 Nam
1066 5080 1220 5133 bonis
1265 5079 1489 5133 subditis
1520 5079 1655 5133 bene
1682 5080 1862 5135 vivere
1890 5081 1955 5133 ad
1984 5082 2130 5135 salu-

552 5180 660 5225 tem
708 5166 937 5233 sufﬁcit,
982 5168 1215 5237 prtelatis
1243 5183 1370 5222 vero
1401 5169 1616 5239 propria
1644 5169 1749 5222 vita
1783 5186 1888 5224 non
1919 5170 2126 5225 sullicit.

554 5259 717 5316 Valde
742 5259 938 5313 etenim
984 5274 1146 5313 senex
1176 5270 1292 5326 est,
1337 5261 1426 5329 qui
1459 5262 1637 5316 vivere
1665 5262 2135 5331 irreprehensibili-

2242 4648 2346 4702 tur,
2378 4647 2582 4706 quanto
2612 4648 2667 4692 et
2693 4639 2782 4705 qui
2812 4654 2910 4706 pro
2937 4638 3053 4705 ejus
3079 4636 3416 4691 absolutione
3443 4636 3635 4702 dignus
3666 4635 3836 4688 inter-

2240 4742 2424 4780 cessor
2452 4727 2649 4780 existat
2698 4726 2870 4779 rarius
2920 4725 3207 4778 invenitur.
3239 4723 3367 4776 Nam
3398 4724 3496 4777 sub
3528 4723 3833 4789 interroga-

2238 4818 2424 4871 tione:
2456 4817 2580 4883 Qnis
2630 4815 2799 4869 orabit
2846 4832 2936 4884 pro
2985 4815 3078 4867 eo?
3129 4829 3234 4866 non
3284 4813 3476 4866 dicitur
3522 4822 3579 4865 ut
3633 4811 3831 4864 talibus

2237 4908 2400 4961 etiam
2437 4907 2763 4976 pmnitcutfae
2794 4906 3027 4960 remedia
3056 4906 3406 4972 denegentur,
3460 4907 3550 4957 sed
3583 4904 3706 4972 quia
3752 4905 3830 4957 al-

2238 4998 2370 5051 tiora
2405 5005 2749 5065 peccatorum
2780 4996 2996 5049 vulnera
3040 4994 3307 5048 diilicilius
3338 5004 3609 5048 curantur.

2311 5086 2361 5140 7.
2404 5085 2553 5151 Quod
2604 5094 2782 5139 tamen
2836 5085 3036 5138 idcirco
3083 5083 3283 5137 dictum
3337 5092 3513 5152 potest
3562 5083 3828 5151 intelligi,

2238 5177 2362 5246 quia
2390 5176 2698 5231 sacerdotes
2741 5186 3052 5245 arguuntur.
3106 5175 3201 5229 Vir
3236 5175 3378 5229 enim
3410 5176 3464 5228 in
3494 5175 3669 5229 virum
3701 5193 3832 5245 pec-

2237 5277 2345 5337 cat,
2375 5284 2493 5323 cum
2522 5267 2612 5323 ille
2637 5267 2899 5336 delinquit
2925 5268 3076 5335 cujus
3097 5268 3253 5337 culpa
3283 5268 3601 5335 corrigenda
3630 5269 3701 5323 ad
3734 5271 3833 5321 ho-

553 5364 635 5409 ter
661 5366 875 5421 semper
902 5350 1100 5405 studet.
1136 5352 1284 5406 Unde
1329 5354 1489 5406 etiam
1533 5354 1787 5423 scriptum
1817 5363 1900 5409 est
1926 5373 1938 5408 :
1964 5357 2128 5410 Sene-

551 5457 659 5502 ctus
685 5447 822 5500 em'm
847 5442 1148 5499 venerabilis
1166 5451 1260 5508 est,
1283 5460 1384 5497 non
1405 5444 1669 5511 diuturna,
1693 5463 1849 5515 neque
1874 5464 2125 5502 annorum

553 5554 761 5593 numero
809 5543 1133 5605 computata;
1181 5535 1297 5586 cani
1327 5536 1461 5586 enim
1508 5543 1625 5587 sunt
1670 5551 1846 5587 sensus
1884 5538 2122 5601 hominis,

553 5640 597 5687 et
624 5638 751 5684 tetas
782 5626 1053 5680 senectutis
1082 5627 1183 5678 vita
1213 5624 1539 5677 immaculata
1585 5624 1737 5693 (δίη).
1781 5641 1849 5689 ιν,
1896 5627 1972 5695 8).
2015 5627 2120 5683 Sed

2235 5361 2394 5414 minis
2423 5360 2714 5429 superioris
2737 5358 2990 5428 judicium
3038 5360 3275 5429 respicit.
3328 5359 3463 5425 Quia
3512 5360 3676 5426 igitur
3703 5376 3841 5430 pec-

2234 5457 2354 5503 cata
2384 5448 2581 5504 subditi
2610 5449 2830 5518 populi,
2885 5462 3003 5516 qua:
3051 5448 3116 5502 ad
3161 5450 3472 5503 sacerdotes
3509 5450 3835 5517 respiciunt.

2232 5540 2471 5607 ipsorum
2501 5540 2841 5594 sacerdotum
2891 5541 3140 5609 precLhus
3188 5539 3457 5603 delentur,
3491 5556 3612 5592 cum
3647 5555 3842 5594 sacer—

2228 5631 2328 5685 dos
2378 5631 2428 5684 in
2478 5631 2691 5700 culpam
2738 5631 2975 5697 labitur,
3022 5633 3267 5702 superior
3313 5648 3543 5702 persona
3593 5650 3706 5687 non
3759 5647 3848 5690 est

621 5774 643 5803 ο
685 5759 937 5829 ρυίιξᾱειῐη
983 5758 1066 5814 hic
1112 5757 1303 5811 deesse
1351 5758 1625 5825 videntur;
1683 5762 1927 5829 prtemitti
1978 5765 2117 5817 enim
2148 5764 2325 5821 debuit
2367 5764 2509 5834 quod
2560 5763 2751 5831 legitur
2801 5765 2868 5832 ἲ.
2910 5764 3010 5817 22:
3043 5767 3294 5836 qvomorle
3325 5764 3691 5827 Itonnicbanl,
3726 5780 3847 5823 etc.
