4000 6290
246 311 349 363 H5

1097 309 1160 362 ΙΝ
1205 309 1468 364 PRIMUM
1507 311 1744 366 llEGUM
1791 312 2304 370 EXPOSITIONES.
2348 345 2418 357 --
2459 317 2582 371 LID.
2630 319 2689 372 ll.

3418 331 3515 385 Hi

231 427 393 494 cujus
422 426 678 495 precibus
708 423 899 491 expiet
928 439 976 476 r.
1009 421 1160 488 Quod
1191 433 1246 478 et
1272 424 1382 492 ipsa
1416 424 1623 478 Veritas
1653 440 1748 494 per
1776 438 1834 477 se
1867 429 1904 482 Α
1939 425 2199 496 designat.
2241 430 2362 496 quia
2401 431 2608 499 singu‘a
2651 432 2717 485 ad
2762 443 3086 490 tormentum
3127 443 3364 503 veniunt,
3399 465 3468 514 qu
3489 469 3516 498 ,.

237 519 502 583 insinuat,
548 517 732 571 dicens
766 533 778 567 :
808 514 868 569 Si
919 515 1000 568 sal
1043 517 1326 579 evanuerit,
1378 517 1432 569 in
1481 533 1580 586 quo
1625 515 1840 568 satietur

233 609 455 679 (Matth.
512 625 568 674 v,
620 608 746 676 15)?
796 607 948 660 Dicat
993 620 1122 674 ergo
1168 625 1178 658 :
1232 606 1358 670 Quis
1406 609 1577 662 orabit
1612 625 1706 677 pro
1746 609 1840 662 eo?

237 700 405 766 Quasi
447 699 636 765 dicat,
685 697 806 766 quis
847 698 895 751 ei
946 697 1270 752 intercessor
1304 707 1565 763 remanet,
1599 713 1718 752 cum
1752 698 1839 753 ille

239 807 301 844 se
345 787 792 857 transgrediendo
817 787 1140 856 prmcipilat,
1185 787 1275 854 qui
1306 786 1369 839 ad
1401 785 1838 840 intercedendum

241 896 340 948 pro
371 879 489 932 aliis
518 877 797 932 ordinatus
825 879 940 932 est?
963 875 1082 943 Quo
1111 877 1352 946 profecm
1378 877 1546 945 culpa:
1576 876 1840 944 magnitu-

237 974 312 1025 do
352 979 683 1025 monstratur
709 1014 721 1037 ,
774 971 898 1038 quia
935 969 1176 1038 plerique
1217 984 1404 1024 eorum
1441 984 1470 1022 a
1515 969 1740 1024 Domino
1784 969 1838 1024 in

240 1061 635 1131 impusnitentis
676 1060 854 1116 cordis
882 1060 1161 1128 caliginem
1192 1059 1580 1129 projiciuntur,
1611 1068 1668 1113 et
1695 1060 1838 1115 nulla

238 1153 477 1209 hominis
525 1153 904 1208 adhortatione
949 1153 1285 1224 resipiscunt.
1335 1151 1511 1218 Quare
1552 1160 1676 1222 apte
1713 1152 1838 1207 sub-

231 1243 485 1311 junctum
506 1252 622 1297 est:

314 1356 492 1425 (Vers.
539 1354 657 1422 25.)
697 1353 822 1408 Non
869 1354 1142 1407 audierunt
1185 1368 1354 1407 vacem
1396 1354 1559 1422 patris
1584 1351 1683 1415 sui,
1714 1352 1837 1422 quia

238 1450 400 1502 coluit
427 1464 512 1501 eos
544 1446 798 1500 Dominus
824 1446 1072 1500 occidere.

314 1543 424 1612 85
462 1539 518 1593 8.
549 1541 690 1593 Puer
709 1548 889 1592 autem
909 1537 1126 1592 Samuel
1147 1545 1202 1592 et
1220 1537 1484 1607 proﬁcere
1509 1546 1566 1591 et
1589 1550 1836 1591 crescere

240 1637 596 1692 memoratur,
626 1637 682 1682 et
711 1635 819 1682 tam
845 1628 957 1682 Deo
986 1643 1146 1698 quam
1177 1627 1482 1682 hominibus
1506 1627 1745 1695 placere,
1776 1635 1836 1681 ut

238 1719 410 1774 electi
453 1718 714 1774 auditoris
751 1717 992 1773 studium
1035 1717 1363 1788 designetur,
1396 1718 1488 1787 qui
1530 1726 1691 1774 recta:
1711 1717 1833 1772 vita:

1945 517 2083 570 male
2129 517 2290 572 fuisse
2319 530 2528 574 servata
2556 523 2998 593 comprobantur.
3041 528 3177 583 Male
3204 548 3436 602 namque
3465 539 3515 592 in

1939 621 2000 661 se
2047 608 2432 676 omnipotentis
2462 611 2557 666 Dei
2603 629 2823 668 munera
2869 618 3121 684 custodit,
3161 622 3250 689 qui
3281 623 3510 680 nitorem

1940 698 2221 766 pastoralis
2251 700 2497 759 culminis
2526 717 2623 770 per
2649 706 2886 760 maculas
2914 708 3105 776 polluit
3135 724 3310 779 pravae
3338 715 3508 768 actio—

1941 785 2040 838 nis.
2071 783 2221 840 Unde
2250 796 2306 841 et
2341 798 2466 857 apte
2513 789 2628 844 Ileli
2673 791 2861 846 domus
2909 811 3129 850 munera
3175 807 3230 850 et
3272 799 3518 856 victimas

1940 873 2150 928 Domini
2181 876 2329 930 calce
2375 877 2636 946 abjecisse
2679 883 3106 949 reprehenditur.
3136 886 3265 941 Calx
3303 889 3516 956 quidem

1939 979 2002 1019 ea
2057 981 2179 1034 pars
2224 968 2468 1037 corporis
2517 979 2598 1026 est
2637 985 2739 1040 qua
2773 980 2966 1026 terram
2997 976 3284 1044 tangimus.
3315 977 3372 1032 ln
3423 979 3522 1035 hac

1938 1052 2100 1121 igitur
2128 1054 2361 1111 inferiori
2390 1067 2541 1127 parte
2578 1061 2820 1129 corporis
2848 1064 3041 1118 anima:
3069 1063 3289 1120 affectus
3331 1077 3514 1122 osten-

1937 1143 2079 1198 ditur
2107 1161 2214 1216 quo
2241 1155 2450 1202 terrena
2478 1151 2950 1220 concupiscuntur.

2010 1253 2097 1308 H.
2139 1253 2205 1308 Et
2232 1257 2380 1324 quia,
2410 1266 2470 1312 ut
2505 1260 2822 1327 quibusdam
2847 1263 3020 1318 visum
3055 1273 3159 1332 est,
3190 1281 3290 1335 pro
3327 1280 3519 1323 conse-

1935 1350 2060 1396 cuta
2080 1343 2166 1398 vel
2194 1347 2572 1416 consequeuda
2594 1348 2815 1404 victoria
2837 1351 3066 1406 victima:
3087 1351 3268 1407 offerri
3291 1369 3521 1410 consue—

1936 1438 2126 1485 verant
2151 1441 2204 1485 et
2224 1447 2444 1487 munera
2471 1435 2657 1490 amicis
2678 1437 2812 1500 dari.
2836 1439 2962 1507 quid
2983 1441 3036 1493 in
3057 1441 3287 1496 victimis
3314 1452 3370 1497 et
3396 1459 3518 1498 mu-

1936 1523 2155 1578 neribus
2185 1523 2285 1578 nisi
2311 1524 2700 1594 proﬁcientium
2723 1527 2898 1584 adhuc
2925 1539 3048 1584 vota
3075 1540 3130 1584 et
3151 1531 3510 1600 perfectorum

1941 1615 2256 1670 devotiones
2294 1616 2347 1670 in
2389 1617 2773 1687 omnipotentis
2819 1619 2913 1674 Dei
2945 1620 3187 1676 laudibus
3233 1623 3520 1692 designan-

1937 1705 2064 1759 tur?
2093 1704 2192 1770 Qui
2223 1704 2364 1760 enim
2397 1721 2492 1774 per
2537 1708 2874 1762 occultorum
2903 1709 3136 1764 hostium
3166 1718 3515 1768 .tentamcnta

241 1817 443 1870 iuuere
486 1832 613 1870 suos
646 1825 874 1870 conatus
918 1815 983 1869 ad
1023 1831 1311 1884 supernam
1357 1815 1586 1885 patriam
1631 1814 1828 1884 dirigit,
1864 1789 1906 1848 Β
1934 1795 2264 1864 proﬁcimus,
2295 1810 2417 1885 cum
2445 1795 2513 1850 ad
2543 1813 2728 1853 eorum
2757 1798 3066 1855 conﬂictum
3095 1803 3347 1858 virtutem
3378 1820 3518 1874 pne-

241 1909 372 1962 dum
405 1909 471 1964 ad
502 1909 707 1977 majora
739 1908 1082 1964 convalescit.
1118 1907 1267 1962 Unde
1287 1915 1342 1962 et
1372 1922 1469 1978 per
1495 1905 1835 1961 Psalmistam

239 1999 477 2053 dicitur:
525 1997 872 2052 Ambulabunt
899 1997 961 2050 de
988 2000 1172 2052 virtute
1215 1999 1269 2050 in
1299 2000 1553 2063 virtutem,
1585 1996 1836 2051 videbitur

246 2090 392 2144 Deus
414 2093 627 2146 deorum
648 2091 700 2144 in
721 2090 851 2145 Sion
869 2089 1039 2159 (Psal.
1065 2106 1248 2154 Lxxnt,
1268 2089 1344 2159 8).
1366 2089 1836 2159 Profectusitaque

238 2183 677 2240 conversationis
706 2191 790 2235 est
831 2196 1076 2236 crescere
1107 2181 1310 2235 meritis
1335 2223 1350 2248 ,
1393 2181 1606 2250 placere
1639 2179 1750 2235 Deo
1780 2189 1836 2236 et

243 2276 558 2332 hominibus
612 2284 1000 2329 consummata:
1055 2272 1421 2342 perfectionis.
1477 2273 1544 2327 Et
1588 2274 1712 2344 quia
1767 2272 1834 2327 ad

237 2383 408 2438 opera
437 2366 781 2421 conversatio
809 2365 1060 2434 pertinet,
1094 2364 1450 2433 meritumque
1487 2364 1735 2433 provenit
1764 2379 1830 2418 ex

239 2460 532 2522 charitate,
576 2457 648 2511 illi
680 2456 951 2510 auditores
980 2453 1288 2524 proficiunt,
1319 2463 1375 2508 et
1419 2470 1523 2508 non
1563 2463 1832 2522 crescunt,

242 2548 336 2616 qui
366 2547 508 2600 bona
531 2560 697 2614 opera
721 2559 817 2612 pro
847 2543 1026 2597 studio
1046 2543 1300 2598 vanitatis
1321 2543 1600 2607 exhibent,
1628 2552 1682 2597 et
1708 2543 1834 2597 cha-

242 2639 456 2691 ritateni
487 2650 594 2688 non
635 2633 857 2687 habent.
905 2631 1220 2688 Proﬁcimus
1245 2647 1398 2701 ergo,
1439 2641 1493 2687 et
1519 2634 1830 2701 crescimus,

244 2726 292 2780 si
322 2741 446 2779 cum
493 2723 793 2778 sublimiori
831 2723 1244 2778 conversatione
1289 2738 1388 2792 per
1414 2738 1577 2791 opera
1608 2724 1831 2778 meliora

240 2815 599 2880 sustollimur,
627 2829 693 2866 ex
716 2812 903 2868 eadem
934 2812 1260 2867 sublimitate
1302 2812 1482 2883 operis
1509 2812 1576 2866 ad
1605 2813 1720 2866 sola
1749 2813 1830 2866 in-

241 2908 514 2961 tendimus
541 2920 647 2973 gau
668 2903 734 2957 tia
764 2904 1102 2958 aeternitatis.
1132 2903 1349 2958 Placere
1371 2911 1554 2958 autem
1580 2912 1686 2957 tam
1721 2903 1830 2958 Deo

239 3014 404 3066 quam
433 2997 740 3051 hominibus
765 3011 966 3064 magna:
990 2997 1200 3050 virtutis
1228 3005 1330 3060 est,
1363 2999 1484 3066 quia
1518 2997 1831 3067 plerumque

243 3089 313 3142 dc
345 3089 488 3141 bono
519 3102 686 3155 opere
716 3095 902 3140 nostro
940 3085 1215 3154 proximos
1245 3085 1457 3140 tf‘ostros
1485 3084 1823 3147 offendimus,

1938 1898 2210 1952 paramus.
2253 1884 2498 1953 profecto
2525 1887 2762 1943 victimas
2790 1888 2844 1944 in
2866 1891 3247 1960 omnipotentis
3277 1894 3370 1948 Dei
3401 1895 3516 1947 lau-

1936 1978 2091 2034 dibus
2121 1988 2384 2034 tenemus.
2417 1979 2523 2034 Sed
2565 1979 2790 2036 devictis
2814 1980 2923 2050 jam
2947 1983 3012 2037 iis
3037 1999 3156 2052 qua:
3202 1985 3518 2054 ingeruntur

1936 2069 2092 2125 nobis
2123 2070 2338 2138 praeliis,
2366 2085 2486 2124 (um
2509 2069 2576 2125 de
2598 2071 2820 2125 victoria
2847 2082 3137 2127 consecuta
3160 2073 3514 2144 omnipotenti

1939 2159 2047 2214 Deo
2093 2161 2294 2227 gratias
2342 2159 2569 2228 agimus,
2622 2161 2732 2230 86
2766 2161 2938 2214 eidem
2985 2162 3213 2218 Domino
3262 2164 3510 2219 nimirum

1934 2247 2179 2304 victimas
2229 2248 2583 2305 immolanius.
2617 2247 2717 2314 Qui
2755 2257 2932 2304 autem
2971 2250 3022 2305 ei
3067 2249 3340 2306 familiaris
3366 2267 3517 2307 amo-

1937 2342 2009 2396 ris
2037 2341 2286 2396 affectum
2331 2340 2586 2407 offerunt,
2617 2341 2765 2408 quasi
2816 2342 2991 2395 amico
3040 2357 3259 2396 munera
3309 2343 3514 2412 impen-

1933 2431 2085 2485 dunt.
2119 2430 2338 2485 Munera
2371 2429 2530 2498 igitur
2558 2440 2685 2484 sunt
2712 2428 3030 2484 aﬁectiones
3058 2430 3354 2495 charitatis,
3396 2430 3516 2498 qui-

1934 2526 2034 2578 bus
2079 2523 2241 2577 corda
2287 2523 2584 2577 electorum
2632 2523 2685 2577 in
2733 2522 3055 2577 desiderium
3102 2524 3182 2578 sui
3221 2524 3516 2578 conditoris

1934 2614 2299 2668 inardescunt.
2352 2612 2416 2666 Et
2452 2615 2576 2682 quia
2618 2629 2738 2668 eum
2769 2623 2950 2669 rector
2989 2623 3203 2669 terrena
3252 2616 3511 2683 sequitur,

1934 2703 2202 2774 plerisque
2251 2704 2303 2758 in
2356 2703 2620 2774 spirituali
2674 2702 2928 2759 conflictu
2978 2705 3186 2773 positis,
3242 2705 3515 2775 plerisque

1932 2797 2097 2850 etiam
2121 2795 2233 2864 jam
2261 2796 2514 2850 anhelare
2544 2795 2925 2865 incipientibus
2951 2805 3132 2860 nocet,
3175 2796 3324 2852 calce
3354 2796 3513 2850 nimi—

1931 2899 2049 2938 ium
2079 2883 2175 2938 Dei
2228 2883 2469 2938 victimas
2497 2892 2553 2938 et
2581 2899 2803 2938 munera
2844 2885 3046 2954 abjicit,
3098 2883 3222 2957 quia
3265 2885 3513 2952 exemplo

1930 2993 2040 3032 suae
2068 2977 2358 3046 pravitatis‘
2373 2975 2684 3031 eorumdem
2716 2984 3063 3046 utrorumque
3077 2975 3247 3030 studia
3271 2975 3509 3044 expellit.

1933 3067 2268 3136 Abjiciuntur
2310 3068 2490 3137 itaque
2537 3068 2799 3128 victimae.
2847 3069 2972 3138 quia
3019 3083 3160 3138 saepe
3209 3083 3238 3121 a
3291 3067 3512 3122 rudibus

237 3181 284 3234 si
313 3180 503 3235 eadem
535 3149 678 3233 βοτη
707 3194 868 3248 opem
898 3149 1003 3232 ,ιδῃ
1039 3195 1160 3232 cum
1191 3192 1382 3246 magna
1423 3179 1632 3234 cautela
1664 3179 1828 3234 κλείει,
1854 3149 1900 3211 C
1930 3158 2126 3213 Christi
2174 3157 2430 3211 militibus
2457 3172 2649 3228 pugna:
2675 3159 2966 3227 spiritualis
2993 3159 3143 3213 labor
3172 3158 3508 3225 relinquitur,

240 3286 378 3323 mus.
429 3269 563 3323 Tam
606 3268 716 3323 Deo
748 3268 913 3337 igitur
942 3284 1099 3333 quam
1149 3268 1458 3323 hominibus
1498 3269 1696 3340 placet,
1737 3269 1830 3339 qui

241 3362 293 3413 in
323 3362 471 3413 bono
512 3373 679 3427 opere
707 3357 852 3426 quod
892 3357 1274 3426 omnipotentis
1303 3356 1397 3412 Dei
1426 3357 1698 3426 obsequiis
1726 3356 1829 3410 im-

241 3451 430 3520 pendit
458 3458 650 3504 cautus
675 3457 794 3512 est;
825 3448 915 3516 qui
947 3449 1026 3503 sic
1071 3449 1182 3503 Deo
1228 3451 1444 3519 placere
1472 3460 1644 3519 curat,
1677 3460 1736 3508 ut
1764 3452 1831 3510 de

244 3543 337 3598 Dei
369 3540 672 3595 ministerio
700 3539 932 3607 aliquem
963 3555 1070 3594 non
1102 3540 1358 3596 oﬁendat.

309 3657 364 3711 9.
409 3656 474 3709 Et
500 3657 625 3726 quia
649 3654 719 3710 de
746 3653 1000 3710 Samuele
1043 3655 1216 3709 adhuc
1247 3672 1416 3725 puero
1446 3665 1501 3712 et
1530 3659 1628 3713 sub
1657 3659 1828 3714 aliena

239 3747 596 3804 instructione
647 3746 825 3815 posito
872 3737 1090 3814 dicitur,
1141 3749 1499 3804 communiter
1539 3751 1828 3806 viventium

241 3856 337 3907 per
365 3840 470 3916 hoc
498 3838 609 3892 vita
656 3837 918 3892 eruditur.
967 3837 1098 3891 Nam
1137 3839 1355 3906 quidam
1401 3839 1452 3893 in
1504 3842 1671 3896 sacris
1699 3841 1831 3897 locis

239 3929 610 3984 communiter
636 3927 880 3982 viventes
909 3928 1119 3983 fervore
1143 3929 1345 3982 novitio
1375 3931 1474 3984 sub
1503 3932 1687 3986 colore
1717 3948 1830 3987 ma-

238 4034 356 4086 gna:
387 4018 722 4088 operationis
749 4017 851 4072 sibi
893 4032 1087 4072 vacare
1114 4027 1390 4088 appetunt,
1422 4021 1512 4088 qui
1541 4023 1829 4076 contuber-

241 4111 450 4164 nalibus
483 4109 737 4162 fratribus
787 4123 895 4175 quo
941 4108 1114 4161 minus
1143 4118 1268 4161 sunt
1297 4109 1474 4169 utiles.
1507 4111 1612 4165 hoc
1655 4112 1830 4166 minus

239 4199 474 4269 placent.
520 4195 735 4250 Electus
765 4196 944 4264 itaque
983 4211 1080 4265 per
1120 4194 1334 4250 Samuel
1366 4198 1724 4252 etmmuniter
1755 4199 1828 4253 vi-

239 4290 489 4343 venlibus
542 4285 713 4341 forma
757 4285 1096 4355 proponitur,
1147 4285 1230 4339 cui
1274 4286 1670 4354 imprimuntur.
1717 4287 1827 4343 Deo

240 4382 420 4448 itaque
452 4386 509 4433 et
537 4377 848 4432 hominibus
877 4376 1104 4445 quisque
1133 4391 1318 4430 eorum
1351 4377 1544 4446 placet,
1577 4394 1698 4432 cum
1730 4377 1828 4433 fra-

242 4473 413 4524 tribus
440 4469 587 4524 utilis
612 4475 716 4532 est,
756 4467 868 4523 Deo
897 4468 1143 4522 devotus.
1180 4467 1269 4522 Sic
1297 4483 1425 4537 ergo
1455 4478 1616 4536 agant
1643 4485 1825 4524 curam

238 4563 343 4626 sui,
377 4567 435 4614 ut
461 4575 524 4615 ea
554 4574 676 4628 quae
713 4566 837 4613 sunt
866 4559 1095 4628 proximi
1122 4575 1229 4614 non
1260 4561 1534 4628 omittam,
1563 4571 1829 4630 quatenus

238 4664 302 4701 ex
331 4648 667 4714 benignitate
702 4646 786 4700 bis
833 4645 1044 4716 placeat
1091 4647 1183 4716 qui
1221 4662 1404 4701 secum
1447 4649 1499 4702 in
1537 4649 1644 4703 imo
1682 4658 1827 4712 sunt.

238 4735 488 4806 supernis
519 4749 648 4787 vero
694 4734 864 4787 oculis
901 4749 967 4787 ex
1013 4733 1305 4790 devotione
1349 4735 1670 4792 fortitudinis
1718 4754 1829 4793 suae

242 4826 408 4878 robur
437 4831 602 4878 caute
643 4823 914 4887 exhibeat,
949 4833 1007 4878 ut
1036 4825 1369 4880 inﬁrmorum
1394 4827 1557 4882 corda
1606 4845 1711 4884 non
1742 4837 1827 4882 at-

241 4922 402 4977 terat,
429 4915 556 4968 dum
604 4912 932 4968 fortitudinis
961 4929 1070 4968 sua:
1112 4915 1319 4986 impetu
1356 4915 1422 4971 ad
1461 4932 1692 4988 superna
1745 4919 1826 4974 fe-

241 5006 431 5059 stinat.

309 5105 402 5158 10.
431 5103 525 5158 Vir
553 5113 735 5157 autem
767 5104 860 5158 Dei
883 5105 948 5159 ad
979 5105 1097 5160 Heli
1119 5106 1332 5162 venisse
1361 5106 1705 5178 describitur,
1733 5109 1826 5179 qui

239 5193 484 5262 profecto
529 5193 726 5247 divina:
773 5196 1052 5250 sententia:
1104 5199 1445 5251 severitatem
1495 5199 1821 5266 prolaturus,

240 5293 440 5352 quanta
468 5285 519 5338 ei
549 5284 692 5338 dona
719 5285 1020 5339 contulerat
1047 5286 1332 5356 diligenter
1358 5289 1713 5344 enumeravit.
1759 5289 1826 5344 Et

237 5378 361 5446 quia
393 5375 609 5429 tandem
638 5375 884 5429 vindicta:
908 5391 1067 5444 quam
1090 5387 1386 5432 mereretur
1406 5393 1615 5447 poenam
1633 5379 1836 5434 denun-

241 5468 357 5528 tiat,
383 5463 510 5533 quid
536 5464 632 5516 dat
653 5463 896 5532 intelligi,
929 5463 1031 5518 nisi
1057 5465 1182 5532 quia
1209 5473 1482 5534 pastorum
1505 5467 1677 5535 culpae
1704 5467 1831 5522 sub-

243 5555 387 5608 tilius
409 5554 770 5622 iudicantur?
807 5563 862 5610 et
890 5571 998 5610 non
1038 5555 1212 5611 solum
1257 5566 1476 5626 peccata
1507 5557 1585 5611 eis
1615 5572 1828 5626 pinnam

164 5709 174 5717 ἢ
245 5646 461 5700 ultionis
490 5655 813 5715 aggravant,
841 5647 936 5702 sed
959 5649 1115 5702 etiam
1144 5663 1367 5703 munera
1395 5664 1670 5704 concessa.
1695 5650 1825 5704 ltetn

251 5737 371 5804 quia
397 5737 677 5808 sigillatim
709 5741 895 5795 eadem
923 5739 1063 5794 dona
1107 5739 1349 5809 replicat,
1383 5739 1580 5809 aliquid
1608 5741 1825 5809 gravius

1931 3261 2053 3302 cum
2084 3245 2351 3315 principes
2375 3245 2688 3300 Christiana:
2712 3247 3071 3317 expeditionis
3099 3248 3150 3302 in
3176 3255 3509 3301 terrenarum

1931 3337 2420 3391 blandimentorum
2442 3337 2627 3406 requie
2656 3337 2805 3406 sequi
2829 3337 3073 3404 corporis
3102 3338 3210 3392 otia
3241 3340 3511 3394 videntur.

1931 3425 2094 3481 Calce
2119 3425 2442 3494 abjiciuntur
2473 3440 2714 3488 munera,
2747 3425 2870 3494 quia
2898 3424 3209 3480 atiectiones
3235 3427 3512 3482 charitatis

1933 3533 1962 3571 a
1990 3517 2340 3588 plurimorum
2365 3517 2476 3584 jam
2505 3533 2735 3578 superna
2763 3517 3093 3585 diligentium
3119 3528 3298 3574 mente
3344 3520 3504 3587 frige—

1931 3616 2105 3674 scunt,
2125 3608 2252 3662 dum
2271 3609 2522 3676 prmlatos
2538 3623 2664 3662 suos
2685 3608 2951 3676 aspiciunt
2973 3624 3255 3678 supernam
3280 3610 3507 3680 patriam

1930 3714 2030 3769 per
2078 3699 2223 3754 nulla
2278 3700 2477 3753 amoris
2506 3698 2769 3754 desideria
2817 3714 3078 3768 quazrere,
3130 3701 3224 3754 sed
3270 3704 3512 3771 corporis

1931 3788 2128 3855 frigore
2171 3788 2494 3843 constrictos
2558 3787 2753 3841 inlimis
2817 3788 3263 3844 delectationibus
3307 3790 3510 3858 jacere.

1932 3880 2176 3946 Quorum
2223 3879 2467 3950 profecto
2498 3879 2736 3933 nonnulli
2767 3886 2911 3944 sunt,
2942 3880 3034 3948 qui
3071 3880 3217 3949 ipsos
3245 3881 3511 3950 spiritales

1932 3971 2167 4025 honores
2187 3969 2478 4025 carnaliter
2500 3969 2776 4032 exhibent,
2802 3978 2855 4023 et
2871 3969 3015 4038 quod
3036 3971 3240 4024 meritis
3261 3971 3307 4023 du
3328 3971 3506 4040 betur,

1929 4058 2316 4129 propinquitati
2341 4057 2604 4112 tribuunt.
2645 4042 2758 4123 διιὶ
2787 4057 3030 4126 profecto
3080 4061 3510 4128 praesumptionis

1929 4166 2039 4204 suae
2067 4159 2272 4204 reatum
2303 4155 2743 4218 expavescerent,
2773 4149 2817 4203 si
2849 4150 2971 4214 hoc,
3002 4150 3144 4217 quod
3174 4151 3239 4204 de
3279 4151 3394 4207 Heli
3425 4167 3511 4208 sa-

1929 4238 2152 4294 cerdote
2181 4237 2438 4292 Dominus
2463 4237 2724 4307 qua-ritur,
2756 4245 2960 4292 attente
2990 4248 3291 4306 pensarent.

2003 4369 2176 4440 (Vera.
2207 4367 2324 4439 9.9.)
2366 4367 2674 4435 Ilonorasti,
2718 4368 2928 4438 inquit,
2974 4370 3111 4439 ﬁlios
3153 4381 3284 4432 tuos.
3342 4375 3508 4444 magis

1930 4476 2082 4530 quam
2112 4475 2211 4524 me,
2244 4466 2300 4510 ut
2327 4457 2657 4512 comederetis
2678 4459 2932 4529 primitias
2957 4462 3125 4516 omnis
3151 4463 3396 4532 sacriﬁcii
3415 4482 3508 4533 po-

1932 4549 2042 4621 puli
2071 4551 2168 4603 mei
2201 4547 2392 4603 Israel.

2005 4660 2090 4713 12.
2121 4660 2287 4715 Filios
2313 4661 2510 4730 quippe
2548 4669 2603 4716 et
2632 4662 2963 4732 pr0pinquos
3004 4663 3178 4730 magis
3213 4679 3372 4731 quam
3406 4664 3508 4720 Do«

1929 4749 2132 4804 minum
2161 4750 2412 4814 honorat,
2437 4751 2528 4819 qui
2568 4752 2633 4804 ad
2663 4767 2846 4806 sacros
2874 4751 3095 4806 ordines
3123 4768 3382 4822 personas
3406 4756 3506 4809 eli-

1930 4841 2006 4911 git
2036 4856 2142 4894 non
2171 4855 2236 4893 ex
2267 4841 2689 4894 conversationis
2720 4840 3022 4908 honestate,
3049 4841 3144 4895 sed
3171 4857 3355 4897 amore
3383 4860 3508 4913 pro-

1931 4929 2264 5000 pinquitatis.
2288 4928 2492 4982 Idcirco
2520 4927 2612 4982 tibi
2635 4929 2884 4982 honorati
2909 4929 3234 4996 referuntur,
3264 4940 3322 4986 ut
3348 4934 3509 4988 sacri-

1933 5020 2035 5075 ﬁcii
2065 5019 2320 5089 primitias
2347 5019 2585 5082 ederent,
2610 5019 2734 5086 quia
2758 5019 3002 5073 carnales
3032 5021 3234 5089 praelati
3256 5023 3509 5090 Spiritua-

1929 5111 1993 5165 lis
2017 5109 2239 5164 honoris
2290 5108 2520 5163 culmina
2566 5107 2865 5162 carnalibus
2904 5109 3218 5178 propinquis
3241 5111 3362 5166 ideo
3412 5114 3508 5167 tri-

1929 5199 2117 5261 buunt,
2150 5205 2209 5252 ut
2237 5196 2614 5251 ecclesiasticis
2637 5195 2979 5252 facultatibus
2992 5197 3248 5265 ditentur,
3279 5210 3335 5255 et
3356 5201 3410 5255 in
3439 5203 3510 5257 al-

1930 5287 2157 5342 titudine
2204 5285 2405 5340 ordinis
2449 5285 2790 5339 cumulentur
2849 5285 3172 5342 abundantia
3222 5289 3504 5348 ubertatis.

1936 5379 2045 5433 Nec
2072 5384 2263 5431 curant
2290 5375 2475 5444 quales
2495 5383 2617 5429 sunt
2638 5376 2728 5443 qui
2755 5375 2821 5429 ad
2849 5376 3124 5446 spirituale
3150 5378 3503 5434 ministerium

1935 5465 2182 5532 veniunt,
2225 5465 2318 5519 sed
2351 5472 2554 5518 tantum
2584 5472 2643 5516 ut
2686 5464 2964 5534 temporali
3010 5465 3269 5533 dignitate
3313 5467 3505 5535 pracfe-

1931 5564 2054 5611 rant
2076 5572 2213 5625 quos
2240 5555 2440 5609 carnali
2463 5553 2746 5609 affectione
2775 5556 3227 5625 complectuntur.
3254 5557 3506 5623 Queiitur

1930 5663 2059 5718 ergo
2097 5648 2390 5704 bonorasse
2418 5646 2574 5712 ﬁlios,
2621 5645 2714 5701 sed
2757 5647 3033 5712 scelestos,
3076 5646 3170 5713 qui
3208 5656 3264 5703 et
3305 5648 3507 5702 carnali

1926 5740 2325 5811 propinquitate
2373 5739 2604 5810 proximi
2651 5737 2884 5793 habendi
2915 5751 3024 5793 non
3052 5746 3196 5804 sunt,
3245 5737 3291 5792 si
3319 5737 3496 5793 ecclev
