4000 6298
513 317 620 370 Ηῖἱ

1718 310 1960 364 8ᾹΝ(ἽΊ
2003 311 2092 365 illi

2196 309 2329 362 Oltll
2377 307 2588 361 MACNI
3679 307 3768 361 liti

510 433 738 488 siastica:
768 430 1024 486 doctrinm
1079 428 1490 483 conversatione
1531 440 1866 493 nequaquam
1925 425 2095 493 fulge-
2124 429 2172 488 Α
2201 431 2326 476 sunt
2353 422 2409 476 in
2434 423 2606 477 oculis
2636 421 2930 484 hominum,
2964 420 3126 491 digno
3154 423 3330 475 studio
3360 422 3412 474 in
3449 421 3686 476 interiori
3708 423 3770 477 ab

511 531 686 579 scunt.
717 521 823 576 Sed
848 520 937 589 qui
965 519 1225 587 reprobos
1263 516 1565 586 provc-hunt
1591 515 1762 585 ipsum
1793 515 2088 582 promotio-

514 618 594 671 i-is
621 613 863 671 ordinem
910 612 1236 667 confundere
1304 609 1672 676 designantur,
1718 623 1837 661 cum
1886 606 2086 659 idcirco

513 712 806 764 honoratos
833 706 970 760 ﬁlios
996 704 1180 766 rel‘ert,
1203 710 1259 756 ut
1287 698 1527 756 sacriﬁcii
1556 699 1818 769 primitias
1844 697 2084 750 ederent.

513 801 628 854 Non
656 800 797 854 enim
826 796 1084 867 prtedicat
1127 795 1380 849 sacerdos
1411 802 1468 846 ut
1495 791 1766 854 comedat,
1809 788 1902 844 sed
1939 788 2082 846 ideo,

511 901 570 946 ut
596 890 868 960 pncdicet,
894 889 1220 941 manducare
1245 886 1425 939 debet.
1456 883 1608 950 Quod
1638 892 1694 936 et
1719 881 1916 935 Paulus
1961 879 2086 932 insi.

513 990 661 1044 nuat,
689 981 914 1037 (licens:
948 979 1047 1042 Qtti
1078 977 1412 1049 Erangelium
1433 976 1728 1040 annuntiat,
1760 974 1825 1026 de
1845 972 2087 1042 Evange-

511 1075 579 1129 lia
608 1075 739 1128 vivat
768 1070 820 1142 (I
845 1071 966 1126 Car.
999 1086 1073 1134 ix,
1105 1068 1214 1135 ll).
1249 1068 1383 1121 lline
1412 1066 1602 1120 iterant
1642 1065 1774 1118 dicit
1800 1081 1812 1116 :
1843 1061 1969 1116 Bari
1991 1061 2084 1113 tri-

509 1165 708 1218 turanti
733 1179 832 1215 non
863 1162 1135 1214 claudatur
1163 1177 1220 1213 os
1251 1157 1305 1229 (I
1331 1157 1449 1212 Cor.
1484 1174 1556 1217 Ix,
1582 1157 1643 1220 9;
1673 1154 1697 1208 I
1732 1154 1864 1208 Tim.
1895 1165 1948 1214 v,
1982 1150 2084 1214 18;

507 1257 660 1309 Deut.
694 1271 818 1316 xxv,
850 1253 927 1320 ι),
963 1262 1018 1305 ιιι
1047 1252 1295 1305 videlicet
1324 1250 1643 1318 prmdicutnr
1673 1251 1870 1300 Sanum:
1902 1244 2085 1298 Eccle-

503 1349 596 1402 sia:
625 1347 747 1400 ideo
771 1345 1157 1400 comestionem
1189 1342 1557 1396 subministret
1584 1338 1822 1409 corpori.
1857 1345 1914 1391 ut
1945 1336 2088 1390 ferre

503 1441 679 1494 valeat
706 1438 947 1492 laborem
969 1434 1386 1505 przcdicationis.
1410 1432 1638 1486 Rectum
1658 1431 1839 1498 itaque
1867 1444 2085 1498 promo—

503 1530 664 1586 tionis
684 1528 923 1582 ordinem
946 1534 1254 1594 pervertere
1277 1523 1715 1590 comprobantur,
1739 1520 1832 1589 qui
1863 1519 2087 1588 propin-

501 1632 638 1685 quos
667 1615 990 1684 provehunt,
1019 1629 1124 1668 non
1171 1611 1237 1665 ad
1282 1611 1634 1665 intentionem
1666 1608 1966 1672 ministerii,
1992 1606 2089 1662 sed

501 1706 567 1759 ad
587 1720 758 1776 prope
790 1704 920 1757 itum
943 1699 1234 1770 dignitatis.
1263 1699 1415 1765 Quod
1436 1699 1678 1768 proiecto
1702 1712 1806 1750 non
1829 1695 2084 1760 facerent,

501 1799 548 1852 si
573 1813 634 1852 se
662 1805 717 1850 et
745 1812 839 1850 eos
888 1795 941 1848 in
972 1793 1196 1863 spiritali
1233 1792 1466 1848 culmine
1499 1789 1782 1846 carnaliter
1802 1805 1909 1843 non
1939 1802 2086 1841 anta-
2123 1791 2166 1848 Β

502 1897 641 1944 rent.
672 1886 776 1942 Sed
807 1887 850 1940 si
881 1885 996 1939 lleli
1023 1883 1383 1953 repulsionem
1415 1880 1736 1948 intelligunt,
1765 1879 1845 1933 sui
1873 1890 2087 1947 quoque

504 1987 686 2032 reatus
721 1974 920 2044 judicia
966 1975 1368 2042 pertimescant.
1426 1971 1556 2024 Nam
1588 1969 1765 2022 divina
1795 1982 1929 2022 voce
1959 1966 2088 2020 dici-

507 2077 630 2119 tur:
665 2064 955 2120 Ilonorasti
983 2044 1121 2131 ﬁlias
1155 2072 1265 2115 tuos
1296 2061 1460 2130 magis
1502 2075 1654 2129 quam
1694 2075 1792 2120 me,
1825 2067 1879 2110 ut
1923 2073 2086 2110 come-

504 2158 689 2210 deretis
711 2173 884 2210 omnes
917 2155 1175 2224 primttias
1205 2153 1377 2222 pepuli
1407 2153 1504 2205 mei
1530 2151 1716 2204 Israel.

575 2271 752 2341 (τοι-ε.
791 2267 908 2340 50.)
944 2268 1224 2336 PrOpterea
1271 2267 1344 2318 ait
1390 2266 1639 2320 Dominus
1697 2263 1831 2317 Deus
1885 2262 2088 2315 Israel:

507 2359 738 2431 Loquens
762 2358 956 2413 locutus
999 2374 1147 2420 sum,
1181 2365 1235 2408 ut
1276 2357 1458 2410 domus
1490 2365 1574 2407 tua
1621 2365 1669 2408 et
1709 2353 1888 2407 domus
1927 2352 2090 2420 patris

507 2452 578 2502 tui
625 2451 946 2502 ministraret
989 2450 1041 2501 in
1074 2455 1347 2513 conspectu
1376 2463 1488 2500 meo
1529 2462 1685 2516 usque
1718 2447 1773 2498 in
1820 2445 2091 2513 sempiter-

507 2557 648 2593 num.
703 2538 858 2592 Nunc
888 2548 1057 2593 autem
1084 2537 1215 2590 absit
1247 2537 1338 2590 hoc
1362 2553 1392 2588 a
1422 2554 1517 2589 me.

578 2629 665 2682 l5.
707 2627 842 2682 Ecce
891 2626 1006 2680 ηε»Ιί
1031 2627 1344 2682 celsitudine
1372 2625 1644 2693 dignitatis
1663 2627 1926 2679 sententia
1957 2625 2092 2677 divi-

507 2736 576 2773 na
605 2719 914 2789 deponitur,
934 2717 1024 2786 qui
1065 2733 1162 2786 pro
1179 2717 1530 2786 primitiarum
1556 2731 1646 2770 esu
1675 2716 1933 2770 scelestos
1959 2715 2093 2768 lilios

509 2811 804 2865 bonorasse
845 2809 1202 2875 convincitur,
1231 2816 1287 2861 ut
1313 2807 1559 2876 profecto
1606 2816 1805 2860 sanctzr.
1843 2805 2092 2858 Eetlesia:

509 2903 888 2973 pnedicatores
915 2903 1022 2971 87
1072 2899 1365 2967 intelligant
1396 2899 1520 2967 quia
1569 2899 1615 2952 si
1657 2898 1857 2952 carnali
1908 2911 2094 2952 amore

509 2997 750 3066 reprobis
770 2994 1027 3064 spiritalia
1051 2993 1346 3046 ministeria
1375 2992 1610 3046 scienter
1639 2990 1997 3050 committunt,
2024 2987 2091 3040 ab

511 3085 602 3138 illo
630 3084 682 3136 in
711 3099 819 3152 quo
848 3081 977 3136 Iovis
1006 3089 1150 3135 stare
1180 3079 1428 3133 videntur
1456 3078 1689 3133 culmine
1721 3077 1912 3130 interni
1945 3076 2087 3129 arbi-

513 3175 576 3228 tri
637 3149 892 3242 :cquitatc
935 3171 1268 3227 Ceciderunt.
1319 3169 1384 3222 Et
1427 3169 1549 3239 quia
1579 3169 1969 3238 subsequenter
1997 3166 2093 3218 ad-
2123 3149 2167 3204 (ἶ

503 3265 684 3334 junxit
708 3282 720 3316 :

583 3386 761 3458 (Vers.
802 3384 917 3454 50.)
959 3383 1010 3438 S.
1031 3383 1065 3436 d
1093 3385 1377 3454 quicunque
1405 3379 1771 3451 gloriﬁcaverit
1801 3395 1896 3439 me,
1929 3378 2088 3448 glori-

511 3480 680 3548 ρεαὸο
700 3493 837 3531 eum.

583 3588 670 3642 14.
711 3585 881 3640 Etiam
912 3585 1291 3640 inhonoratum
1323 3583 1485 3637 fuisse
1533 3597 1718 3637 eorum
1750 3581 1970 3636 audacia
2012 3582 2092 3635 la-

514 3689 688 3734 tenter
716 3677 904 3732 innuit.
935 3675 1139 3742 Quibus
1165 3674 1406 3743 profecto
1436 3681 1490 3726 et
1520 3673 1712 3726 Paulus
1735 3672 1959 3740 idipsum
1990 3671 2092 3725 im—

510 3784 806 3838 properans
833 3769 908 3822 ait
931 3785 943 3820 :
976 3765 1181 3819 Nomen
1205 3765 1302 3819 Dei
1324 3783 1415 3836 per
1444 3781 1528 3818 vos
1541 3763 1938 3833 blasphematur
1961 3764 2096 3816 inter

511 3869 683 3932 gentes
706 3859 881 3928 (Rom.
916 3875 971 3922 ιι,
1005 3857 1118 3918 24).
1152 3857 1285 3923 Quia
1307 3858 1449 3912 enim
1478 3856 1727 3910 decorem
1757 3864 1994 3924 accepta:
2014 3855 2095 3909 di-

507 3948 724 4016 gnitatis
761 3963 859 4017 per
886 3947 1094 4002 misera:
1123 3947 1275 4000 fama:
1305 3947 1492 4000 sordes
1531 3946 1820 4011 maculant,
1853 3939 2112 4015 pt-ol‘eclo'

512 4039 792 4092 Dominum
841 4037 1186 4097 inhonorant.
1234 4027 1401 4104 Di.e
1429 4038 1572 4091 enim
1620 4038 1687 4091 ab
1715 4037 1937 4091 honoris
1966 4053 2094 4092 arce

509 4129 808 4195 repellitur,
862 4130 952 4194 qui
1009 4129 1057 4180 ei
1095 4127 1224 4181 facit
1265 4127 1514 4193 injuriam
1570 4142 1735 4196 aquo
1792 4128 2091 4182 honoratus

509 4218 670 4271 fuisse
694 4218 1096 4283 comprobatur.
1122 4214 1242 4279 Quo
1265 4227 1451 4270 contra
1475 4218 1711 4284 generali
1739 4217 2094 4286 promi~sinne

508 4304 756 4368 aliirmat,
791 4303 1006 4358 diCt‘llSI
1041 4303 1148 4358 Sed
1169 4307 1252 4374 qui
1279 4322 1359 4359 me
1383 4307 1766 4376 gloriﬁcaverit,
1788 4304 2091 4376 gloriﬁcabo

508 4411 643 4449 cum.
674 4393 843 4448 Deum
871 4395 1068 4464 quippe
1097 4405 1281 4464 pastor
1308 4396 1574 4463 glorilieat
1603 4398 1692 4465 qui
1721 4396 1967 4464 exciitplo
1995 4395 2092 4448 bo-

507 4501 697 4539 norum
746 4500 968 4555 operum
1016 4485 1082 4538 ad
1127 4486 1478 4538 imitationem
1519 4485 1748 4539 ﬁdelium
1792 4494 2087 4548 corruscat,
2125 4521 2164 4571 υ

505 4579 596 4649 qui
640 4579 708 4633 de
737 4579 1064 4632 sublimitate
1109 4578 1381 4646 regiminis
1410 4578 1609 4645 ingenti
1663 4579 1862 4632 lumine
1913 4577 2089 4630 radiat

505 4683 711 4737 magna:
757 4668 1195 4731 conversationis,
1247 4669 1335 4736 qui
1383 4670 1448 4722 atl
1495 4670 1766 4737 speculmn
1810 4685 2084 4724 sacrorum

505 4761 751 4815 ordinum
783 4762 1133 4830 reproborum
1166 4762 1531 4814 ministrotum
1565 4775 1819 4829 personas
1850 4778 1955 4816 non
1992 4778 2086 4815 ac-

504 4851 651 4920 cipit,
685 4853 777 4905 sed
821 4867 913 4906 eos
942 4852 1007 4905 ad
1037 4852 1262 4905 formam
1304 4851 1530 4920 subjecti
1557 4851 1734 4919 gregis
1776 4853 1923 4922 eligit
1950 4868 2088 4922 quos

506 4941 681 4995 omnis
709 4940 798 5007 qui
849 4940 1203 4994 imitationem
1251 4942 1489 5010 respicit,
1520 4941 1644 5008 quia
1693 4957 1876 4995 verum
1907 4944 1959 4996 in
2011 4945 2088 4997 eis

508 5032 685 5085 lumen
725 5033 986 5098 sequ'tur,
1032 5048 1136 5086 non
1179 5031 1419 5086 ollendit.
1454 5031 1656 5098 Quibus
1702 5033 1947 5086 nimirum
1994 5051 2089 5103 per

509 5125 855 5192 semetipsum
890 5123 1097 5178 Veritas
1125 5124 1377 5191 loquitur,
1411 5125 1629 5179 dicens:
1680 5124 1769 5179 S‘ic
1809 5126 1973 5179 luceat
2003 5131 2091 5181 tua:

507 5224 674 5267 vestra
703 5229 876 5266 coram
905 5213 1215 5280 hominibus,
1243 5225 1297 5268 ut
1322 5217 1530 5269 videant
1556 5226 1723 5269 vestra
1752 5217 1886 5270 bona
1913 5234 2090 5284 opera,

507 5315 555 5358 et
579 5305 872 5375 gloriﬁcent
903 5303 1114 5360 Patrem
1145 5319 1384 5374 vestrum,
1416 5310 1500 5379 qui
1524 5309 1576 5361 in
1607 5311 1746 5362 castis
1770 5321 1844 5362 est
1876 5310 2092 5380 (Matth.

508 5411 559 5454 v,
595 5393 705 5464 16).
755 5394 1129 5450 Glorilicantes
1175 5397 1386 5465 quidem
1433 5413 1492 5452 se
1524 5399 1779 5453 Dominus
1805 5399 2090 5468 gloriﬁcat,

507 5486 630 5553 quia
662 5487 805 5556 quod
835 5487 990 5540 electi
1039 5498 1284 5557 pastores
1323 5500 1522 5544 sancta:
1569 5493 1819 5546 Ecclesiae
1858 5494 2094 5547 exterius

508 5583 726 5641 pet-tant
773 5574 839 5628 de
885 5576 1055 5642 gloria
1085 5579 1350 5642 culminis,
1403 5580 1505 5634 hoc
1553 5581 1698 5634 intus
1729 5583 1999 5651 accipiunt
2027 5599 2093 5636 ex

510 5664 678 5732 gnatia
730 5665 921 5716 divina:
967 5667 1238 5733 bonitatis,
1294 5681 1348 5723 et
1397 5653 1656 5724 honorem
1691 5689 1797 5742 quo
1843 5675 2097 5729 sublimes

2192 514 2414 567 intermc
2443 514 2738 582 tnajestatis
2792 513 3039 580 largitate
3081 523 3477 582 promerentur.
3510 513 3628 579 Quo
3650 529 3772 567 eon-

2192 613 2270 658 tra
2315 605 2752 658 inhonorantium
2797 620 2856 659 se
2885 605 3109 672 gloriam
3137 620 3166 657 a
3195 620 3255 658 se
3285 621 3392 657 non
3421 619 3541 658 esse
3567 605 3644 657 eis
3673 605 3767 657 im-

2189 710 2409 763 pensam
2431 696 2690 763 queritur,
2722 695 2910 750 dicens
2935 712 2947 747 :
2976 693 3088 765 Ipsi
3118 705 3479 765 regnaverunt,
3509 704 3556 747 et
3584 711 3683 748 non
3711 712 3772 748 ex

2189 801 2308 848 me;
2338 787 2596 856 principes
2621 787 2944 851 exstiterunt,
3001 796 3051 840 et
3078 802 3172 856 ego
3199 787 3435 857 ignoravi
3481 783 3635 845 (Osee
3664 801 3769 847 v:lt.

2187 876 2267 942 ό).
2299 875 2377 929 Ex
2406 892 2464 930 se
2495 892 2745 946 namque,
2795 885 2852 930 et
2895 894 2999 931 non
3033 893 3096 931 ex
3127 878 3227 929 elei
3249 877 3394 930 tione
3440 891 3662 930 summa:
3687 891 3771 928 or-

2187 967 2497 1031 dinationis,
2526 977 2769 1034 regnant,
2792 969 2918 1035 quia
2944 967 3008 1020 ad
3039 967 3262 1034 gloriam
3292 965 3641 1020 ecclesiastici
3666 966 3772 1019 cul-

2188 1060 2348 1114 minis
2393 1075 2499 1113 non
2547 1068 2806 1113 v~canlttr
2831 1059 3104 1122 divinitus,
3150 1057 3244 1112 sed
3296 1073 3393 1127 per
3431 1057 3770 1126 cupiditatem

2184 1150 2576 1217 perducuntur.
2608 1150 2756 1214 Quos
2803 1150 3050 1216 proiecto
3081 1149 3340 1202 Dominus
3389 1149 3626 1216 ignorat,
3657 1148 3773 1213 quia

2189 1256 2283 1294 eos
2312 1259 2409 1310 per
2460 1242 2681 1295 interna:
2723 1242 2990 1308 aequitatis
3014 1241 3272 1309 judicium
3326 1246 3603 1310 reprobat.
3655 1239 3776 1292 T:le

2187 1339 2271 1385 est
2299 1345 2428 1399 ergo
2475 1346 2538 1386 ac
2563 1331 2606 1384 si
2653 1331 2829 1385 dicat:
2860 1330 2918 1384 Et
2951 1331 2995 1384 si
3026 1345 3178 1384 meus
3216 1346 3337 1385 esse
3366 1331 3579 1384 videtur
3609 1332 3778 1383 honor

2189 1439 2350 1492 quem
2394 1425 2617 1486 habent,
2668 1439 2772 1476 non
2806 1423 2951 1476 illum
3003 1432 3314 1476 meruerunt
3367 1422 3652 1490 obsequio.
3684 1419 3773 1474 sed

2188 1530 2285 1584 per
2329 1515 2674 1584 cupiditatem
2721 1521 3035 1584 rapuerunt.
3078 1511 3231 1568 Unde
3283 1522 3338 1569 et
3385 1514 3776 1581 subsequenter

2188 1607 2448 1678 adjungit.

2264 1739 2439 1810 (Vcrs.
2479 1740 2592 1806 30.)
2635 1738 2735 1804 Qui
2772 1748 2943 1793 autem
2973 1748 3307 1793 contemnunt
3337 1756 3418 1792 me
3453 1749 3604 1793 erant
3633 1739 3776 1809 igno-

2191 1833 2337 1886 biles.

2263 1938 2350 1994 15.
2391 1939 2554 2007 Quasi
2595 1949 2780 2009 aperte
2824 1939 3097 2008 loquatur,
3127 1938 3352 1994 dicens:
3387 1937 3495 1992 Etsi
3539 1939 3777 1992 nobilita—

2191 2042 2298 2087 tem
2326 2032 2602 2102 dignitatis
2633 2031 2917 2102 przeferunt
2945 2038 3205 2099 prmtextu
3235 2030 3528 2098 religionis,
3563 2029 3767 2096 ignobi-

2192 2126 2269 2179 les
2300 2135 2477 2179 tamen
2520 2134 2663 2187 sunt,
2701 2125 2825 2193 quia
2873 2123 3206 2178 excellentizr.
3246 2123 3363 2191 ejus
3390 2138 3551 2190 quam
3583 2121 3778 2176 habent

2191 2217 2374 2284 gloria:
2423 2232 2526 2268 non
2561 2215 2896 2291 concordant
2940 2229 3038 2282 per
3086 2213 3468 2267 sublimitatem
3500 2213 3646 2266 vitae.
3678 2212 3779 2266 Sed

2191 2307 2314 2376 quia
2345 2306 2448 2359 hoc
2478 2314 2650 2358 totum
2691 2305 3040 2372 expressione
3072 2304 3231 2358 futuri
3262 2306 3522 2374 temporis
3553 2305 3776 2376 promit-

2195 2398 2339 2460 titur,
2396 2405 2575 2465 potest
2627 2411 2732 2448 non
2774 2395 3218 2448 inconvenienter
3246 2394 3312 2447 ad
3347 2405 3583 2448 ventura:
3627 2395 3780 2448 retri-

2193 2488 2428 2541 butionis
2476 2486 2725 2540 meritum
2768 2485 2976 2539 referri.
3014 2485 3086 2537 De
3117 2501 3218 2556 qua
3267 2485 3515 2538 nimirum
3548 2483 3781 2538 JOannes

2193 2580 2320 2631 dicit
2348 2597 2360 2630 :
2388 2577 2512 2633 Cum
2545 2578 2864 2648 apparuerit,
2896 2578 3090 2631 similes
3119 2578 3166 2631 ei
3209 2579 3399 2631 erimus
3443 2576 3496 2646 (Ι
3521 2578 3682 2630 Joan.
3707 2594 3777 2636 ιιι,

2193 2671 2267 2739 ‘2).
2305 2671 2438 2725 llinc
2469 2669 2795 2739 evangelista
2840 2671 3050 2726 Marcus
3090 2687 3336 2726 asserens
3384 2672 3496 2724 ait:
3534 2671 3680 2725 Tunc
3707 2668 3777 2724 ci-

2192 2762 2379 2814 debunt
2409 2759 2602 2815 Filium
2632 2762 2853 2815 hominis
2879 2778 2993 2814 cum
3035 2771 3290 2832 potestate
3319 2763 3506 2826 multa,
3536 2772 3584 2814 et
3611 2763 3778 2832 gloria

2195 2852 2387 2920 (Marc.
2419 2870 2533 2913 xm,
2565 2852 2677 2921 '26).
2710 2853 2840 2909 Cum
2890 2863 3068 2908 autem
3097 2853 3488 2921 glorificantem
3528 2870 3587 2907 se
3617 2854 3778 2922 glori-

2195 2941 2471 2996 ﬁcaturum
2511 2944 2720 3009 δερθιὶι,
2777 2944 3016 3012 profecto
3047 2943 3095 2997 ei
3138 2959 3248 2997 sua:
3277 2943 3642 2997 similitudinis
3671 2944 3782 3012 glo-

2193 3035 2328 3088 riam
2357 3032 3143 3108 reptouiittitvﬂloriﬁcantem
3189 3034 3388 3103 quippe
3422 3050 3481 3088 se
3523 3035 3782 3088 Dominus

2201 3124 2486 3191 glorilieat,
2535 3124 2660 3191 quia
2692 3116 2803 3178 eos
2830 3133 3030 3177 atterna
3074 3123 3405 3179 sublimitate
3447 3133 3782 3189 remunerat,

2199 3215 2288 3282 qui
2317 3228 2458 3268 nunc
2479 3214 2615 3266 intra
2645 3223 2885 3268 sanctam
2916 3213 3202 3268 Ecclesiam
3225 3230 3322 3284 per
3343 3214 3588 3284 exempla
3611 3214 3785 3268 bow-

2201 3322 2316 3360 rmn
2348 3320 2569 3374 operum
2601 3305 2652 3359 in
2681 3305 2973 3360 electorum
3000 3307 3169 3362 oculis
3193 3315 3496 3362 coruscant.
3529 3307 3786 3363 Contem-

2199 3406 2381 3464 ptores
2406 3406 2584 3449 autem
2607 3407 2762 3448 erunt
2786 3395 3066 3463 ignobiles,
3094 3397 3216 3466 quia
3254 3397 3306 3450 in
3337 3398 3636 3451 electorum
3669 3398 3783 3464 glo-

2197 3486 2273 3539 ria
2305 3486 2468 3556 recipi
2518 3503 2622 3540 non
2665 3494 2959 3540 merentur.
3004 3486 3133 3540 Nam
3163 3488 3288 3556 quia
3315 3488 3476 3540 modo
3526 3502 3625 3556 per
3651 3504 3785 3540 con-

2197 3577 2555 3630 versationem
2575 3576 2857 3643 reprobam
2877 3575 3010 3644 lapsi
3027 3577 3198 3644 angeli
3220 3577 3504 3644 imaginem
3531 3576 3784 3634 vestiunt.

2200 3669 2463 3735 ignobiles
2491 3684 2613 3722 cum
2642 3683 2708 3723 eo
2751 3677 2877 3722 tunc
2909 3677 3092 3734 erunt,
3134 3684 3206 3737 qu
3242 3668 3351 3723 ndo
3381 3669 3429 3722 ci
3479 3669 3529 3722 in
3577 3669 3786 3722 interna

2201 3775 2356 3829 ptBna
2387 3761 2679 3815 sociantur.
2714 3759 2915 3813 Horum
2947 3775 3178 3828 namque
3225 3760 3672 3827 glorilicationem
3703 3768 3786 3812 at-

2196 3865 2303 3918 que
2329 3850 2542 3905 illorum
2573 3851 2960 3919 ignobilitatem
2993 3848 3263 3920 Propheta
3296 3850 3784 3920 intuens,88ait:

2199 3943 2549 3999 Exsultabunt
2594 3947 2762 3998 sancti
2809 3948 2862 3999 in
2889 3947 3075 4016 gloria,
3107 3946 3420 4000 (relabuntur
3456 3947 3510 4000 in
3538 3944 3787 4000 cubilibus

2198 4040 2326 4092 suis.
2370 4036 2763 4092 Exsultationes
2796 4035 2895 4091 Dei
2937 4039 2990 4091 in
3021 4037 3254 4109 faucibus
3289 4056 3485 4101 eorum,
3533 4045 3582 4090 et
3627 4039 3789 4108 gladii

2198 4130 2448 4198 ancipites
2490 4131 2542 4182 in
2572 4130 2808 4184 manibus
2839 4147 3035 4184 eorum.
3068 4131 3148 4182 Ad
3177 4131 3470 4200 faciendam
3507 4131 3789 4184 vindictam

2197 4222 2249 4273 in
2278 4219 2596 4284 nationibus,
2637 4221 3014 4291 iucrepatioues
3042 4222 3096 4273 in
3129 4221 3347 4290 populis.
3383 4220 3462 4272 Ad
3497 4220 3790 4290 alligandos

2199 4327 2344 4381 reges
2375 4327 2549 4364 rerum
2576 4312 2628 4362 in
2655 4309 3000 4377 compedibus,
3033 4319 3081 4362 et
3110 4311 3306 4364 nobiles
3329 4327 3505 4364 eorum
3535 4312 3588 4362 in
3617 4311 3792 4363 niani.

2195 4403 2270 4454 cis
2294 4404 2494 4473 ferreis.
2514 4401 2914 4456 Glorilicanlem
2931 4417 2988 4456 se
3004 4403 3201 4472 quippe
3224 4402 3480 4456 Dominus
3503 4402 3789 4470 glorelicat,

2199 4495 2320 4561 quia
2340 4493 2566 4548 humiles
2596 4493 2751 4548 electi
2778 4509 2896 4548 cum
2929 4494 3066 4548 eoin
3094 4503 3292 4548 mterna
3309 4495 3476 4562 gloria
3493 4495 3786 4548 exsultant.

2197 4582 2297 4647 Qui
2333 4584 2606 4646 nimirum,
2649 4585 2773 4654 quia
2808 4582 3211 4652 gloriﬁcationis
3252 4585 3552 4638 claritatem
3583 4601 3651 4638 ex
3685 4601 3792 4637 mo~

2194 4675 2263 4726 du
2293 4676 2517 4744 propria:
2553 4675 2980 4729 conversationis
3007 4674 3297 4743 accipiunt,
3327 4675 3378 4728 in
3401 4675 3671 4728 cubilibus
3685 4675 3795 4727 suis

2197 4763 2362 4817 lauari
2393 4764 2458 4817 de
2480 4763 2648 4831 gloria
2665 4774 2949 4818 consecuta
2982 4765 3351 4832 perhibentur.
3374 4764 3794 4852 Contemplans

2195 4865 2374 4909 autem
2397 4854 2510 4923 ejus
2536 4863 2790 4923 perpetua
2811 4854 3142 4921 ignobilitate
3159 4854 3439 4923 feriuntur,
3475 4857 3598 4927 quia
3617 4856 3786 4910 natio-

2199 4963 2324 5000 num
2353 4960 2505 5014 reges
2521 4953 2576 4998 et
2597 4945 2804 4999 nobiles
2820 4944 3024 5007 ferreis,
3041 4945 3256 5000 atternis
3272 4946 3537 5009 videlicet,
3563 4945 3794 4998 vinculis

2199 5037 2264 5090 ad
2306 5052 2516 5105 pmnam
2567 5036 2895 5090 vinciuntur.
2945 5035 3118 5103 Reges
3155 5045 3334 5088 autem
3386 5037 3687 5098 nationum,
3740 5044 3792 5088 et

2191 5127 2482 5194 principes,
2516 5135 2639 5180 sunt
2664 5125 2881 5196 superbi
2911 5133 2965 5177 et
2987 5125 3204 5191 gloriosi
3233 5123 3434 5191 pnrlati
3465 5124 3788 5178 carnalium.

2193 5219 2460 5285 lgnobiles
2487 5227 2665 5271 autem
2698 5226 2823 5270 tunc
2857 5225 3035 5279 erunt,
3085 5216 3300 5284 quando
3351 5215 3537 5270 ferreis
3566 5217 3793 5271 vinculis

2195 5308 2446 5373 ligantur,
2479 5307 2600 5374 quia
2623 5306 2714 5375 qui
2740 5305 2900 5359 modo
2921 5321 2979 5359 se
3010 5305 3267 5359 adversus
3295 5307 3547 5374 parvulos
3576 5316 3791 5376 tempo—

2195 5401 2381 5454 raliter
2407 5400 2638 5467 erigunt,
2669 5413 2697 5450 a
2722 5397 2926 5465 fulgore
2952 5397 3192 5459 honoris,
3218 5390 3272 5452 et
3301 5413 3432 5452 ausu
3473 5413 3583 5451 sua:
3607 5407 3792 5468 tyrano

2198 5489 2335 5543 nidis
2373 5498 2570 5542 mterna
2622 5503 2776 5559 poma
2810 5487 3150 5542 cohibentur.
3189 5485 3340 5541 Unde
3371 5495 3424 5541 et
3457 5487 3541 5541 hic
3573 5501 3794 5556 quoque

2198 5579 2442 5632 Subditur
2466 5596 2478 5630 :
