4000 6334
208 380 288 432 117

1003 367 1064 423 IN
1109 367 1369 424 PRIMUM
1411 369 1649 424 REGU.“
1696 366 2209 422 EXPOSITIONES.
2253 398 2318 408 --
2362 369 2489 424 LIB.
2538 369 2599 424 ll.

3347 373 3446 427 118

266 486 422 558 (Vcrs.
472 479 583 548 51.)
614 477 748 532 Ecce
775 479 884 532 dies
925 487 948 513 ⁸·
986 478 1211 544 veniunt,
1243 489 1294 532 et
1321 479 1602 549 praecidam
1630 480 1752 534 bra—
1785 483 1831 540 Α
1860 480 2106 538 satietur.
2138 479 2238 546 Qui
2269 489 2418 537 recte
2442 482 2671 538 armulus
2705 485 3093 553 contemptoris
3121 500 3240 539 esse
3272 489 3449 555 perln-

202 582 352 635 cltium
375 587 526 637 tuum,
555 580 605 624 et
633 570 898 625 brachium
926 569 1108 625 domus
1136 573 1304 641 patris
1335 574 1427 626 tui.

264 666 339 720 16.
387 663 655 717 Brachium
703 662 900 732 quippe
928 663 1318 732 contemptoris
1361 675 1446 719 est
1497 663 1755 721 fortitudo

201 756 495 828 temporalis.
537 751 601 807 Et
641 753 774 824 quia.
797 753 866 808 de
908 755 1103 810 summi
1149 755 1319 825 patris
1351 756 1553 810 familia
1578 766 1756 812 trans-

200 848 456 919 grediendo
491 845 642 912 exiit,
692 846 901 916 lapsum
951 848 1199 916 angelum
1254 863 1285 902 a
1330 848 1536 904 cmlesti
1582 850 1756 919 gloria

200 941 372 995 habere
388 936 491 1006 jam
520 944 728 1004 patrem
757 937 941 1007 cmpit.
976 937 1177 993 Domus
1207 938 1389 1009 itaque
1435 940 1605 1009 patris
1637 939 1755 1008 ejus

199 1039 269 1086 est
304 1044 359 1084 ea
401 1041 511 1096 qua:
545 1026 647 1081 sibi
685 1024 830 1082 lavet
867 1027 921 1082 in
951 1027 1095 1083 malo
1136 1028 1370 1086 societas
1396 1029 1753 1085 subditorum.

202 1124 264 1177 De
289 1121 461 1192 quibus
490 1117 738 1187 profecto
768 1119 1014 1188 superius
1060 1119 1228 1174 dicit:
1285 1120 1574 1176 Honorasti
1615 1123 1754 1190 ﬁlios

201 1225 299 1268 tuos
331 1211 483 1282 magis
510 1225 666 1281 φιαηι
695 1227 794 1264 me.
831 1210 1115 1266 Brachium
1162 1225 1292 1280 ergo
1343 1213 1750 1282 contemptoris,

199 1315 248 1359 et
275 1304 446 1359 domus
493 1302 663 1371 patris
690 1302 806 1369 ejus
833 1302 1162 1372 praeciditur,
1188 1319 1330 1370 cum,
1362 1305 1756 1360 interveniente

201 1403 350 1449 morte
367 1394 550 1457 carnis,
585 1393 841 1462 praelatus
865 1402 921 1447 et
945 1394 1144 1449 subditi
1181 1393 1489 1449 violentiam
1535 1411 1645 1450 sua:
1675 1403 1756 1466 ty-

200 1485 407 1541 rannidis
451 1483 653 1554 pariter
695 1482 968 1538 amittunt.
992 1482 1144 1539 Tunc
1167 1483 1366 1554 quippe
1389 1483 1506 1539 sine
1531 1483 1643 1539 brat
1662 1484 1754 1540 bio

200 1583 289 1635 est,
315 1588 418 1627 cum
465 1573 516 1626 in
565 1572 932 1642 oppressione
975 1573 1320 1641 parvulorum
1349 1589 1609 1630 exercere
1635 1575 1753 1628 vio-

199 1665 388 1718 lentiam
433 1677 767 1733 nequaquam
811 1670 1011 1732 potest.
1065 1661 1215 1718 Unde
1258 1671 1314 1718 et
1341 1664 1753 1733 mternijudicis

196 1755 416 1824 a‘quitate
437 1752 744 1806 decernitur
767 1769 778 1804 :
806 1750 1027 1823 Ligatis,
1055 1752 1244 1820 inquit,
1263 1755 1502 1807 manibus
1523 1761 1572 1806 et
1600 1754 1750 1823 pedi-

1861 573 2040 641 betur,
2070 574 2195 642 quia
2235 575 2394 630 electi
2437 575 2534 630 Dei
2574 577 2737 630 etiam
2767 576 3121 646 superborum
3168 585 3328 645 atque
3359 595 3448 632 ne.

1860 665 2174 734 gligentium
2214 666 2622 734 praedicatorum
2654 667 2811 722 bona:
2838 666 3217 723 adnmniionis
3261 668 3443 722 horta-

1858 766 2036 811 menta
2063 757 2379 825 suscipiunt.
2417 757 2566 812 Unde
2589 765 2644 812 et
2665 756 2925 812 Dominus
2949 757 3210 828 praecipit,
3233 757 3446 812 dit-ens:

1860 846 2185 920 Quaecunque
2222 847 2446 901 dixerint
2477 847 2614 902 vobis
2664 849 2836 919 facile,
2888 851 3162 904 secundum
3193 865 3349 917 opera
3382 850 3449 901 il-

1858 938 2025 991 lorum
2055 940 2229 1009 facere
2257 938 2415 992 nolite
2444 937 2658 1008 (Matth.
2686 954 2834 1001 χχιιι,
2863 936 2940 1007 ⁸5).
2968 937 3102 993 Hinc
3131 936 3323 992 Paulus
3344 937 3448 990 ait:

1859 1027 2058 1086 Bonum
2097 1029 2413 1083 wnmlamini
2441 1028 2496 1083 in
2539 1027 2670 1082 bono
2715 1044 2888 1082 omnes
2921 1026 3062 1100 (Gal.
3098 1044 3171 1091 IV,
3204 1026 3313 1090 18).
3341 1025 3447 1079 Sed

1857 1134 1977 1173 cum
2004 1117 2280 1194 Scriptura
2311 1118 2452 1174 dicat
2482 1135 2494 1170 :
2531 1117 2765 1172 Tollatur
2793 1120 2998 1190 impius,
3043 1135 3109 1171 ne
3142 1136 3167 1174 υ
3190 1119 3306 1171 deat
3340 1118 3449 1188 glo-

1857 1210 1990 1264 riam
2017 1207 2227 1264 Domini
2257 1206 2415 1278 (Isai.
2445 1225 2594 1275 xxvi,
2637 1209 2744 1280 10),
2777 1210 3104 1264 contrarium
3131 1209 3341 1263 videtur
3392 1218 3450 1263 ut

1858 1299 1893 1359 ii
1916 1298 2007 1367 qui
2031 1298 2084 1352 in
2107 1297 2317 1354 inferno
2341 1299 2579 1353 damnati
2601 1307 2728 1354 sunt
2748 1313 2844 1354 eos
2865 1299 2956 1367 qui
2978 1299 3030 1352 in
3047 1297 3186 1355 caelo
3212 1297 3448 1365 gaudent

1856 1389 2040 1445 videre
2062 1389 2444 1458 intelligantur.
2473 1388 2580 1444 Sed
2609 1389 2732 1458 quia
2759 1389 2942 1446 videre
2970 1389 3134 1445 etiam
3164 1388 3232 1443 ad
3263 1390 3445 1456 cogni-

1860 1481 2060 1537 tionem
2105 1481 2360 1552 pertinet,
2392 1481 2446 1535 in
2479 1482 2680 1548 templo
2704 1482 2953 1536 annulum
3000 1482 3160 1546 videt,
3193 1482 3318 1550 quia
3346 1483 3445 1536 etsi

1857 1572 2048 1628 inferni
2085 1572 2259 1643 pinnis
2286 1573 2610 1628 constrictus
2641 1579 2852 1628 tenetur
2877 1573 3091 1642 impius,
3122 1573 3325 1627 electos
3355 1573 3447 1626 hu-

1857 1666 2031 1730 miles,
2062 1680 2198 1734 quos
2225 1664 2397 1720 oculis
2419 1679 2526 1718 non
2557 1664 2722 1729 videt,
2747 1665 2800 1718 in
2829 1664 2967 1720 cmlo
2992 1680 3099 1719 non
3122 1664 3329 1718 dubitat
3349 1679 3444 1718 an-

1855 1756 2095 1824 gelorum
2120 1755 2327 1826 gaudiis
2355 1756 2634 1811 interesse.
2683 1756 2750 1811 Et
2779 1755 3070 1811 notandum
3095 1755 3221 1822 quia
3249 1755 3332 1809 bis
3359 1755 3442 1809 di-

195 1850 292 1906 bus.
322 1844 538 1914 ννοῇεἰιμ
566 1843 621 1896 in
656 1841 890 1896 tenebras
915 1842 1196 1896 exteriores
1237 1841 1450 1911 (Matth.
1480 1859 1612 1906 xxu,
1638 1842 1746 1911 1'5).
1787 1856 1828 1913 Β
1853 1844 1994 1898 citur
2019 1862 2031 1897 :
2065 1841 2189 1899 Non
2217 1845 2315 1899 erit
2353 1861 2512 1899 senex
2540 1845 2592 1899 in
2621 1845 2773 1900 domo
2805 1853 2910 1909 tua,
2941 1844 3066 1913 quia
3097 1859 3196 1899 nec
3221 1843 3288 1898 de
3317 1859 3434 1913 pa:-

196 1936 242 1988 In
268 1934 404 2002 cujus
426 1934 586 1988 etiam
609 1932 771 1986 domo
801 1946 966 1988 senex
996 1947 1103 1986 non
1126 1932 1248 1986 erit.
1279 1931 1525 1986 Damnati
1554 1932 1754 2002 quippe

194 2024 396 2078 hominis
421 2023 610 2077 domus
675 2020 916 2076 infernus
961 2028 1064 2076 est.
1097 2021 1360 2077 Senectus
1405 2029 1582 2075 autem
1632 2036 1754 2075 vera

191 2124 262 2167 est
294 2101 558 2167 matur7ta‘s
600 2111 899 2182 sapientiae.
944 2109 1002 2165 In
1029 2109 1192 2165 domo
1221 2111 1404 2180 itaque
1429 2109 1548 2179 ejus
1587 2126 1751 2166 senex

192 2219 282 2257 non
309 2203 423 2266 erit,
449 2202 571 2272 quia
603 2201 659 2256 in
689 2201 896 2256 inferno
925 2200 1071 2254 nulla
1097 2200 1323 2256 inveniri
1351 2209 1605 2271 poterunt
1626 2217 1756 2256 con-

189 2293 290 2345 silia
317 2291 512 2346 salutis.
546 2290 703 2346 Unde
730 2299 786 2345 et
826 2290 893 2345 ad
923 2305 1064 2345 vera:
1105 2290 1381 2360 sapientia:
1410 2306 1573 2360 opera
1600 2306 1752 2347 sacra

190 2381 438 2452 Scriptura
467 2381 694 2447 excitat,
723 2379 944 2436 dicens:
980 2377 1328 2450 Quodcunque
1373 2387 1540 2447 potest
1571 2396 1753 2434 manus

191 2484 284 2536 tua,
313 2474 552 2525 instanter
571 2487 810 2542 operare,
859 2473 978 2544 quia
1019 2488 1112 2525 nec
1143 2473 1298 2537 ratio,
1346 2488 1440 2525 nec
1471 2472 1751 2541 sapientia,

190 2579 270 2616 nec
293 2564 497 2616 scientia
522 2570 600 2616 est
647 2562 788 2631 apud
817 2563 1033 2632 inferos,
1064 2577 1163 2630 quo
1192 2571 1243 2614 tu
1272 2577 1521 2631 properas
1553 2560 1750 2632 (Ecele.

189 2669 254 2712 Ix.
279 2653 380 2721 10).
419 2653 551 2706 Hinc
591 2635 795 2708 Paulus
821 2652 934 2706 ait:
969 2651 1104 2706 Ecce
1130 2668 1267 2706 nunc
1298 2663 1494 2721 tempus
1518 2662 1755 2721 accepta-

191 2742 295 2806 bite,
336 2759 440 2796 ecce
465 2758 602 2795 nunc
634 2742 747 2796 dies
773 2742 956 2796 salutis
997 2740 1084 2813 (II
1113 2740 1234 2796 Cor.
1279 2757 1352 2806 τι,
1382 2740 1438 2808 2)
1501 2741 1556 2795 In
1592 2741 1753 2795 domo

189 2832 352 2898 itaque
379 2830 769 2899 contemptoris
789 2844 956 2885 senex
981 2845 1089 2884 non
1111 2829 1234 2896 erit,
1259 2830 1383 2899 quia
1415 2830 1640 2898 quisque
1668 2846 1754 2884 re-

189 2927 263 2972 cte
287 2918 432 2987 sapit,
464 2934 568 2973 non
588 2919 642 2972 in
675 2918 904 2984 inferno,
935 2919 1026 2974 sed
1053 2920 1104 2973 in
1134 2919 1272 2974 coelo
1296 2920 1395 2974 sibi
1420 2920 1752 2974 mansionem

189 3011 386 3077 paravit.
418 3009 517 3077 Qui
547 3011 715 3064 etiam
743 3019 1088 3081 contemptor
1112 3011 1178 3065 ad
1209 3023 1552 3080 augmentum
1585 3027 1756 3080 prora:

188 3116 284 3155 sure
306 3103 546 3157 annulum
575 3117 734 3158 suum
761 3101 906 3156 videt
930 3103 982 3157 in
1009 3102 1208 3171 templo
1235 3103 1285 3156 in
1310 3102 1573 3156 universis
1604 3118 1754 3171 pros-
1798 3146 1803 3151 ,

1859 1949 2048 1988 narum
2097 1934 2450 2004 experientia,
2491 1949 2651 2003 quam
2697 1935 2981 1990 damnatus
3024 1934 3208 2000 habet,
3251 1949 3350 1988 nec
3377 1933 3446 1987 de

1855 2023 2082 2079 scientia
2109 2024 2298 2079 aliena:
2330 2024 2618 2092 felicitatis,
2651 2041 2752 2080 nec
2771 2026 2838 2080 de
2860 2040 3138 2094 manarum
3159 2025 3444 2095 experien-

1859 2115 1954 2178 tia,
1983 2129 2146 2184 quam
2196 2130 2300 2170 non
2331 2115 2513 2182 habet,
2544 2114 2611 2169 ad
2640 2115 2867 2172 salutem
2896 2114 3158 2170 eruditur.
3190 2114 3444 2182 Aliquan-

1856 2207 1927 2262 do
1954 2215 2134 2262 autem
2162 2223 2192 2262 a
2222 2209 2525 2278 pastoribus
2555 2209 2800 2278 reprobis
2829 2209 2989 2264 electi
3018 2225 3117 2280 per
3145 2208 3443 2265 doctrinam

1857 2297 1951 2352 lilii
2006 2305 2320 2352 nascuntur.
2374 2297 2524 2365 Quos
2573 2298 2825 2352 nimirum
2855 2298 3122 2366 obligatos
3169 2306 3444 2368 pastorum

1856 2387 2012 2456 culpa
2045 2402 2150 2441 non
2181 2387 2400 2452 retinet,
2429 2387 2554 2456 quia
2578 2386 2733 2442 bona:
2755 2387 3150 2456 pnedicationis
3179 2387 3294 2455 ejus
3323 2388 3442 2442 hor-

1857 2484 2093 2530 tamenta
2143 2485 2438 2547 sequuntur
2482 2491 2602 2545 quae
2643 2477 2886 2539 audiunt,
2941 2485 2996 2532 et
3039 2493 3146 2532 non
3193 2494 3443 2547 pet-tersa

1856 2583 2018 2638 opera
2049 2583 2167 2637 qua:
2197 2568 2397 2623 vident.
2433 2566 2584 2623 Unde
2617 2577 2672 2622 et
2693 2567 2976 2623 subditur:

1931 2678 2105 2748 (γενέ.
2134 2679 2250 2748 55.)
2311 2679 2672 2734 Verumtamen
2713 2697 2817 2735 non
2854 2683 3088 2752 auferrem
3130 2682 3331 2751 penitus
3379 2696 3443 2733 es;

1857 2783 1904 2824 te
1931 2773 2096 2825 virum
2123 2769 2188 2824 ab
2216 2771 2371 2824 altari
2396 2787 2531 2826 meo.
2815 2791 2818 2794 ’

1931 2860 2017 2915 17.
2050 2859 2161 2915 Viri
2192 2876 2426 2930 namque
2451 2869 2578 2915 sunt
2601 2861 2690 2932 qui
2727 2861 2896 2915 ardua
2943 2861 3123 2930 rigida:
3153 2875 3442 2916 cenversa-

1859 2951 2025 3006 tionis
2057 2965 2184 3007 arce
2203 2949 2527 3020 fu'gcscunt.
2555 2951 2721 3018 Quasi
2764 2966 2893 3020 ergo
2922 2953 3086 3007 dicat.
3125 2951 3328 3006 Idcirco
3351 2967 3444 3006 eos

1858 3045 1926 3098 ab
1954 3045 2111 3099 altari
2148 3060 2269 3099 meo
2311 3060 2417 3099 non
2463 3043 2670 3111 aufero,
2705 3046 2830 3115 quia
2853 3044 2956 3099 viri
2995 3052 3137 3099 sunt.
3177 3044 3307 3096 Nam
3348 3058 3444 3110 ινο

1860 3136 2052 3190 merito
2079 3135 2508 3190 conversationis
2535 3145 2778 3190 servatur
2800 3135 2880 3190 eis
2909 3133 3165 3190 fortitudo
3203 3139 3260 3186 et
3285 3131 3442 3186 celsi-

186 3192 304 3296 ρει-ἱ·
327 3190 504 3296 Israel.
537 3192 823 3296 Templth
853 3193 1054 3296 etenim
1077 3191 1172 3296 Dei
1199 3194 1621 3296 supernanpalfia
1648 3205 1750 3295 θέει
1785 3211 1828 3272 C
1860 3227 1990 3281 tudo
2028 3225 2332 3295 potestatis.
2366 3223 2520 3280 Unde
2570 3234 2625 3280 et
2662 3239 2762 3296 per
2810 3225 3130 3294 prophetam
3185 3221 3443 3276 Dominus

187 3278 243 3332 de
267 3297 364 3350 qua
391 3283 550 3336 etiam
611 3297 712 3352 per
753 3281 1077 3350 Prophetam
1122 3282 1353 3338 dicitur:
1410 3281 1658 3337 Dominus
1696 3284 1751 3336 in

187 3372 351 3440 Iernplo
378 3383 557 3427 sancto
586 3389 705 3434 suo,
739 3372 992 3426 Dominus
1021 3373 1076 3426 in
1108 3373 1234 3427 cazlo
1261 3372 1406 3425 sedes
1434 3371 1544 3442 ejus
1577 3371 1750 3442 (Psal.

187 3476 232 3524 x,
258 3461 328 3528 t).
358 3461 520 3518 Israel
569 3473 776 3530 autem,
807 3464 897 3533 qui
927 3462 1116 3517 videns
1144 3461 1309 3516 Deum
1346 3462 1750 3531 interpretatur,

186 3549 472 3618 angelorum
507 3551 600 3604 illa
649 3551 778 3605 l‘elix
810 3550 1095 3605 multitudo
1123 3550 1382 3618 signatur,
1415 3550 1482 3604 de
1509 3565 1614 3620 qua
1646 3549 1752 3603 Do-

187 3639 341 3696 minus
377 3641 429 3694 in
468 3640 769 3708 Evangelia
815 3641 983 3696 dicit:
1017 3640 1203 3712 Angeli
1247 3657 1426 3695 eorum
1455 3657 1654 3711 semper
1681 3641 1755 3694 vi-

185 3727 292 3780 dent
311 3730 492 3800 faciem
521 3728 707 3784 Patris
735 3731 852 3794 mei,
879 3731 963 3802 qui
990 3731 1045 3783 in
1069 3730 1212 3784 satis
1238 3738 1316 3784 est
1355 3728 1570 3799 (Matth.
1605 3746 1750 3795 xvu',

186 3817 281 3886 10).
326 3818 481 3874 Israel
530 3829 718 3876 autem
762 3837 1018 3892 prospera
1039 3830 1166 3876 sunt
1209 3822 1492 3877 beatorum
1540 3821 1753 3877 illorum

183 3905 442 3974 spirituum
465 3909 665 3979 gaudia
695 3911 1046 3981 sempiterna.
1076 3910 1134 3964 In
1167 3911 1366 3982 templo
1402 3911 1561 3981 igitur
1585 3927 1754 3966 atmo-

184 3993 278 4048 lum
318 4011 470 4050 suum
515 4006 865 4068 contemptor
900 3999 1143 4069 aspiciet,
1169 4000 1295 4069 quia
1324 4001 1643 4070 praedicator
1672 4015 1755 4055 re-

183 4085 363 4151 probus
380 4087 491 4155 jam
515 4086 806 4143 damnatus
835 4088 1077 4144 ordinem
1105 4087 1385 4143 humilium
1412 4089 1523 4158 jam
1551 4088 1755 4158 gaude—

183 4175 310 4230 rein
357 4177 678 4234 coelestibus
730 4179 1088 4247 recognoscit.
1119 4178 1218 4233 Cui
1266 4179 1515 4234 nimirum
1563 4180 1757 4234 tumulo

186 4265 413 4322 universa
443 4268 616 4324 Israel
645 4285 902 4340 prospera
934 4270 1278 4338 tribuuntur;
1309 4271 1568 4340 scriptum
1597 4271 1757 4340 quip-

181 4370 242 4423 pe
265 4365 378 4411 est:
413 4357 531 4412 Erit
561 4358 707 4414 Deus
736 4361 912 4415 omnia
939 4361 992 4415 in
1019 4361 1251 4415 omnibus
1283 4359 1336 4427 (1
1368 4359 1486 4415 Cor.
1519 4378 1606 4427 xv,
1639 4359 1752 4431 28).

181 4444 364 4500 Cuncta
398 4448 566 4516 igitur
615 4447 776 4504 Israel
828 4463 1088 4519 prospera
1126 4448 1305 4504 omnia
1333 4464 1453 4519 quae
1504 4449 1646 4504 Deus
1676 4457 1759 4504 est

180 4531 272 4588 illis
298 4534 633 4592 beatissimis
659 4537 865 4592 civibus
893 4537 1260 4608 designantur.
1292 4536 1423 4590 Nam
1451 4552 1570 4591 cum
1599 4545 1758 4590 mter-

181 4639 240 4678 na
266 4626 349 4680 illa
378 4629 621 4684 essentia
652 4644 920 4683 summum
951 4627 1196 4683 videlicet
1214 4634 1270 4682 et
1297 4627 1525 4697 simplex
1557 4627 1757 4681 bonum

178 4714 224 4769 in
253 4720 541 4789 semetipso
587 4719 682 4786 sit,
726 4729 907 4774 tamen
949 4719 1073 4789 quia
1100 4718 1432 4774 revelatione
1460 4717 1758 4786 Majestatis

178 4823 274 4862 sna:
298 4812 406 4880 89
433 4811 625 4865 omnia
655 4812 864 4866 illorum
905 4811 1186 4865 beatorum
1231 4810 1516 4877 spirituum
1547 4809 1759 4865 deside-

176 4897 245 4952 ria
272 4903 448 4971 satiat,
501 4903 648 4958 hanc
688 4917 808 4956 esse
860 4902 1059 4956 Doctor
1109 4901 1355 4970 egregius
1403 4902 1754 4955 demonstrat.

178 4985 318 5045 Unde
343 4999 398 5045 et
425 5001 592 5046 caute
641 5007 748 5046 non
776 4991 830 5045 in
859 4991 1152 5059 semetipso
1176 4989 1320 5046 Deus
1346 4990 1548 5052 omnia,
1580 4990 1672 5044 sed
1707 4991 1759 5044 in

177 5079 413 5135 omnibus
436 5081 626 5136 omnia
649 5096 770 5136 esse
791 5079 1062 5151 prmdicat,
1085 5080 1210 5149 quia
1239 5079 1330 5148 qui
1364 5080 1417 5134 in
1449 5086 1638 5133 natura
1666 5095 1762 5132 sua

178 5183 327 5224 unum
358 5180 413 5226 et
449 5171 693 5242 simplex
718 5173 916 5226 bonum
947 5171 1292 5228 ineﬂ'abiliter
1316 5172 1518 5237 existit,
1561 5181 1642 5226 tot
1667 5172 1764 5226 bo-

178 5273 238 5310 na
263 5269 344 5314 est
386 5261 554 5316 bonis
591 5262 861 5325 omnibus,
893 5269 1027 5330 quot
1075 5262 1175 5332 ipsi
1205 5277 1392 5317 omnes
1421 5261 1489 5316 de
1517 5269 1763 5317 contem-

177 5351 402 5418 platione
431 5355 632 5423 gloriae
661 5354 1017 5422 adimplentur
1046 5353 1271 5421 gaudiis.
1316 5351 1573 5407 Universa
1604 5353 1766 5420 igitur

178 5438 326 5497 Israel
357 5459 629 5512 prospera
657 5445 848 5498 aemulo
887 5444 1215 5512 tribuuntur,
1243 5443 1368 5512 quia
1411 5443 1544 5498 ordo
1591 5441 1768 5496 Immi-

178 5533 292 5586 lium
340 5536 656 5591 electorum
705 5536 845 5590 inter
873 5536 1187 5605 angelorum
1233 5535 1432 5590 choros
1477 5534 1760 5603 excipitur,

181 5631 232 5674 ut
248 5625 438 5680 divina:
463 5626 945 5696 contemplationis
967 5625 1172 5706 gaudiis
1197 5634 1395 5680 {eterna
1421 5623 1768 5695 perceptione

245 5799 266 5822 εί
306 5789 478 5847 Gilot.
509 5800 572 5847 ct
605 5791 776 5846 Vatic.
806 5795 1026 5848 venient.

1859 3318 2127 3386 aequitatis
2155 3317 2332 3373 edicta
2353 3316 2680 3388 promulgat,
2710 3317 2892 3372 dicens
2917 3333 2930 3370 :
2976 3316 3164 3368 Anima
3185 3328 3299 3383 qua:
3325 3326 3442 3380 pec-

1860 3411 2071 3477 caverit,
2093 3411 2208 3481 ipsa
2228 3410 2498 3464 morietur.
2533 3408 2706 3464 Filius
2733 3426 2838 3463 non
2866 3407 3093 3479 portabit
3121 3406 3442 3477 iniquitatem

1861 3504 2045 3572 patris,
2074 3518 2166 3556 nec
2187 3511 2335 3571 pater
2355 3501 2455 3572 filii
2479 3499 2692 3570 (Ezech.
2727 3515 2879 3567 xvut,
2910 3498 3018 3568 ΞΟ).
3051 3497 3132 3554 Ab
3154 3495 3310 3550 altari
3340 3494 3442 3547 ita-

1860 3607 1967 3663 que
1986 3607 2087 3649 suo
2113 3608 2179 3648 ex
2202 3607 2268 3648 eo
2297 3592 2471 3647 virum
2507 3592 2761 3646 Dominus
2782 3590 2925 3660 juste
2953 3587 3208 3650 auferret,
3237 3585 3280 3638 si
3304 3583 3444 3637 Illius

1859 3684 2027 3755 patris
2064 3684 2397 3753 iniquitatem
2427 3691 2687 3752 portaret.
2745 3682 2848 3736 Sed
2898 3696 2966 3735 ex
3017 3694 3084 3734 eo
3132 3677 3252 3747 ipso
3299 3676 3442 3744 quod

1857 3776 2064 3832 electus
2090 3776 2302 3830 auditor
2344 3776 2398 3829 in
2443 3775 2613 3844 gloria
2656 3775 2913 3837 cernitur,
2959 3771 3191 3840 reprobo
3233 3768 3442 3822 doctori

1861 3883 2019 3937 paena
2045 3868 2369 3925 cumulatur.
2402 3865 2578 3933 Quare
2599 3873 2655 3919 et
2679 3864 2926 3918 subditur
2957 3881 2971 3916 :

1932 3981 2110 4053 (Vers.
2141 3981 2256 4048 '55.)
2285 3981 2393 4036 Sed
2437 3989 2493 4033 ut
2518 3979 2764 4050 deﬁciant
2814 3978 2948 4032 oculi
3001 3977 3094 4040 tui,
3125 3983 3174 4028 et
3219 3973 3442 4026 tabescat

1859 4074 2035 4127 anima
2062 4083 2167 4127 tua.

1932 4171 2019 4226 18.
2050 4169 2200 4226 Ocu'i
2231 4184 2464 4239 namque
2485 4167 2604 4238 ejus
2631 4168 2905 4231 delicium,
2946 4165 3070 4237 quia
3093 4180 3159 4220 ex
3195 4162 3314 4234 ejus
3337 4161 3442 4215 vita

1863 4262 1954 4333 qui
1982 4277 2078 4316 sua
2107 4260 2334 4331 perfecit
2383 4260 2760 4316 exhortatione
2787 4243 3206 4314 confunduntur.
3256 4250 3442 4306 Anima

1861 4367 2077 4424 quoque
2105 4352 2220 4420 ejus
2250 4352 2496 4416 tabescit,
2525 4351 2646 4419 quia
2687 4349 3044 4404 abundantius
3081 4347 3268 4402 dolere
3292 4359 3442 4398 emn-

1863 4442 2099 4513 pellitur,
2129 4441 2254 4495 dum
2280 4442 2479 4496 bonum
2512 4440 2655 4509 quod
2684 4439 2867 4494 docuit
2893 4453 2989 4507 per
3016 4436 3239 4506 gloriam
3290 4433 3446 4487 retri-

1864 4535 2100 4589 butionis
2130 4532 2322 4588 llorere
2354 4532 2525 4587 noscit
2555 4531 2607 4585 in
2636 4531 2889 4596 subditis,
2915 4537 2970 4585 et
2999 4529 3112 4598 ipse
3135 4517 3241 4581 hoc
3283 4535 3444 4590 agere

1864 4644 1972 4683 non
1987 4626 2213 4683 curavit.
2229 4625 2284 4679 In
2307 4625 2501 4694 quibus
2523 4625 2683 4679 etiam
2697 4623 2876 4678 verbis
2897 4619 3190 4676 notandum
3209 4625 3292 4672 est
3317 4615 3444 4684 quia

1863 4717 1957 4786 qui
1987 4716 2197 4786 penitus
2217 4729 2283 4768 ex
2313 4730 2380 4769 eo
2407 4714 2579 4768 virum
2609 4713 2676 4767 ab
2703 4712 2861 4767 altari
2890 4725 2988 4766 suo
3008 4725 3069 4764 se
3095 4723 3203 4763 non
3233 4706 3444 4760 ablatu-

1862 4823 1980 4861 rum
2003 4805 2287 4875 promittit,
2339 4818 2490 4858 rarus
2535 4803 2806 4858 invenitur
2849 4816 2908 4856 es
2938 4816 2968 4855 e
2998 4814 3158 4870 quem
3210 4795 3442 4865 recipit,

1863 4898 1988 4967 quia
2016 4895 2257 4966 profecto
2277 4894 2518 4950 doctoris
2546 4893 2764 4962 reprobi
2804 4892 2991 4962 plures
3032 4890 3304 4944 auditores
3319 4895 3446 4940 sunt

1864 4989 1954 5059 qui
1977 4994 2271 5057 sequantur
2309 5001 2471 5057 prava
2514 5001 2633 5056 quae
2697 4992 2880 5054 agunt,
2926 4997 3088 5052 quam
3143 4988 3290 5035 recta
3329 4991 3449 5048 qua:

1867 5078 2084 5134 docent.
2112 5075 2264 5132 Unde
2287 5086 2342 5132 et
2369 5079 2456 5132 hic
2501 5090 2718 5147 quoque
2733 5090 2924 5144 magna
2949 5089 3073 5146 pars
3108 5073 3303 5128 domus
3331 5069 3447 5139 ejus

1867 5169 1920 5224 in
1953 5169 2091 5223 virili
2119 5177 2277 5223 aztate
2302 5169 2560 5223 morituta
2583 5167 2914 5237 perhibetur.

1943 5261 2030 5316 19.
2062 5260 2216 5315 Etas
2245 5275 2476 5328 namque
2497 5260 2664 5315 virilis
2701 5267 2912 5328 tempus
2927 5265 3010 5311 est
3037 5251 3446 5310 administrandi

1869 5349 2626 5420 sacerdotii.Imitatoritaque
2647 5348 2888 5404 doctoris
2911 5346 3124 5416 reprobi
3152 5344 3217 5398 ad
3242 5343 3448 5396 virilem

1868 5447 2082 5494 mtatem
2111 5439 2323 5495 ducitur
2366 5455 2487 5495 cum
2535 5429 2606 5493 bad
2650 5440 2788 5493 sacri
2832 5437 3036 5492 ordinis
3077 5432 3446 5490 celsitudinem

1870 5539 2240 5599 promovetur.
2272 5531 2351 5585 Ad
2381 5546 2542 5601 quam
2566 5531 2808 5601 profecto
2854 5538 3068 5583 aetatem
3099 5541 3219 5580 cum
3257 5539 3445 5593 pervc-

1872 5619 2034 5687 nerit,
2069 5621 2312 5689 moritur,
2343 5621 2464 5691 quia
2489 5621 2552 5676 ad
2579 5630 2782 5675 tantum
2807 5617 3163 5674 ministerium
3183 5614 3459 5685 90quis—
