4000 6304
526 337 627 387 tm

1710 337 1949 392 SANCTl
1992 335 2315 389 CREGURII
2371 335 2578 391 MACNI

3696 344 3722 394 1
3732 339 3810 393 26

523 453 642 518 quis
682 453 931 521 indignus
962 430 1268 519 accesserit,
1298 452 1379 504 vel
1416 452 1466 504 in
1518 468 1583 503 eo
1614 450 1827 518 indigne
1869 452 2098 515 vixerit,
2134 454 2177 506 A
2208 448 2602 503 multitudinem
2650 449 3037 503 transmittunt.
3069 447 3272 516 Quibus
3298 460 3476 505 tamen
3494 452 3667 507 verbis
3700 470 3809 523 po-

521 542 927 599 condemnatur.
956 542 1108 598 Unde
1145 551 1198 597 et
1230 542 1423 595 Paulus
1470 540 1723 595 dominici
1779 543 2020 609 corporis
2048 550 2103 595 et

522 638 798 704 sanguinis
818 639 1144 693 mentionem
1186 636 1410 699 iaciens,
1446 635 1521 687 ait
1551 652 1564 686 :
1618 632 1718 697 Qui
1748 636 2023 687 manduca!
2054 645 2103 687 et

522 730 645 781 bibit
674 730 901 798 indigne,
925 730 1177 800 judicium
1198 726 1296 781 sibi
1318 727 1656 780 manducatet
1683 726 1803 780 bibit
1820 725 1869 795 (1
1889 725 2009 779 Cor.
2028 741 2100 792 xl,

519 818 631 887 ‘29).
659 820 713 873 ln
747 821 883 873 virili
925 834 1054 887 ergo
1108 828 1268 872 aetate
1317 818 1637 883 moriuntur,
1688 819 1808 885 quia
1863 817 1929 870 de
1959 834 2100 886 prse-

520 911 829 978 sumptione
858 920 912 965 et
952 926 1087 964 ausu
1131 911 1411 964 ministerii
1444 910 1768 964 sublimioris
1807 910 2099 964 intereunt.

522 1000 658 1056 Hinc
680 1017 829 1071 ergo,
858 1002 981 1057 hinc
1014 1002 1125 1070 jam
1169 1002 1367 1071 quippe
1412 1001 1709 1070 przccipites
1748 1002 2021 1068 colligant,
2051 1010 2106 1055 et

525 1094 656 1147 tanti
684 1094 963 1147 ministerii
988 1094 1166 1147 subire
1188 1108 1352 1146 onera
1397 1107 1502 1146 non
1549 1094 1786 1145 ambiant
1815 1092 1905 1161 sed
1935 1106 2102 1159 expa-

526 1194 763 1239 vescant.
791 1184 921 1238 Nam
949 1184 1036 1252 qui
1072 1187 1205 1238 mori
1238 1183 1539 1253 pradicitur
1558 1180 1772 1251 quando
1788 1181 1853 1234 ad
1873 1181 2103 1247 virilem,

525 1284 739 1330 :etatem
769 1276 1091 1344 pervrnvrit,
1119 1276 1293 1330 donec
1324 1274 1390 1328 ad
1422 1290 1541 1328 eam
1588 1274 1866 1343 perveniat
1922 1273 2056 1327 vivit
2087 1314 2101 1339 ,

524 1368 647 1433 quia
677 1368 924 1422 nimirum
952 1367 1147 1422 infirmi
1172 1368 1393 1436 quique,
1418 1376 1473 1420 et
1500 1367 1573 1421 illi
1628 1374 1776 1419 tanto
1805 1365 2106 1420 ministerio

526 1462 775 1530 impares,
806 1461 849 1514 si
882 1462 1183 1530 pusillitatis
1223 1476 1333 1514 sua:
1361 1459 1578 1513 modum
1616 1458 1979 1522 considerant,
2006 1458 2106 1511 ha-

526 1549 654 1603 bent
675 1551 726 1603 in
758 1558 940 1603 sancta
972 1548 1212 1605 Ecclesia
1244 1548 1484 1603 locumin
1516 1562 1625 1617 quo
1653 1562 1711 1600 se
1736 1546 2109 1601 custodientes

524 1640 733 1692 vivant.
768 1639 916 1694 Unde
942 1648 995 1694 et
1018 1655 1112 1708 per
1138 1639 1354 1709 Moysen
1387 1638 1646 1691 Dominus
1693 1637 1995 1701 denuntiat,
2026 1635 2099 1689 di-

522 1742 650 1783 cens
674 1746 686 1781 :
721 1728 911 1794 Bestia,
930 1731 973 1782 si
996 1739 1217 1783 montem
1241 1730 1479 1798 tetigerit,
1502 1727 1758 1793 lapidetur
1776 1726 1971 1791 (Exod.
1997 1741 2109 1792 xtx,

2207 548 2310 593 test
2339 541 2651 597 doctoribus
2673 542 2917 610 reprobis
2940 543 3218 610 pnesentis
3256 542 3377 595 vita:
3406 544 3535 597 brev
3559 553 3641 597 tas
3668 545 3814 597 inti-

2203 631 2358 683 mari.
2392 630 2448 683 In
2482 646 2583 683 una
2604 631 2803 701 quippe
2832 632 2917 683 die
2940 631 3261 694 moriuntur,
3293 632 3415 700 quia
3441 648 3560 686 cum
3584 633 3650 685 ad
3681 643 3809 685 te.-

2204 726 2405 778 minum
2457 726 2762 793 bujusvtze
2821 727 3165 794 perveniunt,
3222 726 3385 779 breve
3441 724 3519 777 eis
3567 724 3811 778 omnino

2201 814 2369 870 fuisse
2399 818 2636 870 cernitur
2660 817 2802 885 quod
2830 817 3095 870 vixerunt.
3151 816 3302 871 Unde
3356 832 3452 887 per
3500 818 3809 885 quemdam

2207 908 2505 976 sapientem
2554 909 2790 962 dicitur:
2849 907 3105 961 Gaudium
3178 909 3457 978 hynocritw
3512 908 3582 960 ad
3624 910 3815 961 instar

2204 1002 2380 1067 puncti
2402 998 2539 1067 (Job.
2562 1016 2655 1065 xx,
2680 997 2755 1069 5).
2782 998 2917 1053 llinc
2948 1000 3138 1052 iterum
3161 999 3225 1052 de
3251 998 3410 1066 hujus
3438 997 3621 1051 mundi
3644 1014 3812 1051 ama-

2208 1089 2411 1140 toribus
2452 1088 2642 1142 beatus
2668 1087 2769 1142 Job
2799 1089 3056 1156 loquitur,
3100 1087 3286 1141 dicens
3317 1106 3330 1140 :
3362 1086 3569 1140 Ducunt
3610 1088 3663 1140 in
3721 1087 3816 1139 bo-

2208 1178 2287 1229 nis
2313 1178 2423 1230 dies
2449 1194 2590 1240 suos,
2620 1180 2724 1247 91
2759 1178 2883 1230 etin
2918 1186 3105 1242 puncto
3132 1177 3200 1228 ad
3232 1177 3443 1246 inferna
3481 1175 3814 1229 descendunt

2210 1264 2371 1334 (Ibid.
2407 1282 2514 1323 xxI.
2551 1266 2659 1335 1'5).
2693 1266 2797 1319 Sed
2830 1268 2997 1335 raptis
3036 1265 3103 1318 ad
3157 1281 3369 1334 poenam
3427 1266 3695 1334 reprobis,
3742 1264 3814 1315 ad

2208 1358 2383 1424 gregis
2412 1357 2663 1411 dominici
2690 1372 2873 1411 curam
2917 1357 3188 1424 sapientes
3225 1365 3280 1409 et
3331 1357 3490 1410 electi
3546 1369 3817 1425 pastores

2210 1446 2529 1499 excitantur.
2565 1446 2742 1512 Quare
2773 1454 2827 1499 et
2853 1447 3242 1513 subsequenter
3262 1445 3540 1513 adﬁngit:

2288 1563 2303 1629 (
2318 1560 2450 1614 V'crs
2461 1602 2473 1613 .

2212 1652 2330 1705 lem.

2284 1742 2370 1794 2|.
2404 1742 2636 1795 Fidelem
2672 1755 2899 1808 namque
2924 1738 3259 1793 sacerdotem
3287 1738 3386 1792 sibi
3417 1738 3674 1790 Dominus
3709 1752 3820 1790 ex-

2524 1560 2647 1628 55.)
2703 1559 2770 1612 Et
2816 1558 3075 1615 suscitabo
3128 1558 3251 1611 mihi
3298 1562 3617 1612 sacerdotem
3665 1557 3813 1627 [ide-

524 1817 623 1879 12;
664 1819 823 1872 Hebr.
858 1836 945 1875 xu.
982 1819 1094 1887 2!).
1142 1818 1275 1874 llinc
1304 1827 1387 1873 est
1434 1818 1595 1873 etiam
1627 1817 1767 1886 quod
1809 1832 1930 1871 cum
1976 1815 2108 1868 Loth

2217 1830 2368 1896 cita',
2397 1831 2519 1900 quia
2551 1830 2799 1884 videlicet
2819 1846 2941 1883 eum
2972 1844 3213 1883 summus
3246 1829 3395 1882 locus
3424 1828 3487 1880 ad
3512 1827 3590 1879 sui
3614 1840 3814 1879 curam

527 1910 703 1963 exiret
732 1910 795 1963 de
823 1909 861 1963 S
884 1910 1093 1974 ydomis,
1119 1911 1186 1964 ab
1217 1925 1441 1964 ascensu
1471 1909 1668 1963 montis
1693 1909 1943 1961 abstinuit
1978 1917 2031 1960 et
2062 1909 2111 1959 iu

523 2000 692 2067 Segor
706 2001 978 2069 parvulam
991 2001 1261 2055 civitatem
1274 2002 1552 2055 declinavit
1573 2000 1724 2067 (Gen.
1744 2017 1853 2061 xn,
1874 1999 1963 2065 ﬁll,
1981 1999 2113 2069 seq.)

526 2104 593 2143 ne
622 2088 747 2141 dum
772 2090 1025 2158 parvulus
1050 2090 1229 2143 adhuc
1253 2089 1317 2142 ad
1344 2090 1534 2143 alziora
1560 2091 1769 2155 nititur,
1800 2089 2010 2142 virilem
2042 2104 2113 2141 ac-

526 2183 688 2227 tateu
729 2176 1028 2244 impingens
1081 2177 1363 2231 moriatur.
1420 2176 1711 2231 Sodomam
1760 2178 1959 2246 quippe
1999 2176 2112 2229 exi-

528 2285 647 2323 mus
675 2286 797 2324 cum
828 2271 1065 2324 ardentis
1095 2272 1547 2340 conrupiscentia:
1595 2271 1840 2324 incendia
1872 2270 2111 2325 declina-

528 2376 666 2414 mus.
691 2362 791 2426 Qui
821 2362 1001 2414 statim
1045 2360 1112 2415 ad
1161 2361 1411 2414 sublimia
1442 2376 1549 2413 non
1598 2361 1958 2422 ascendimus,
1986 2359 2113 2427 quia

525 2453 821 2519 superioris
850 2452 1129 2505 ministerii
1152 2467 1357 2506 summa
1392 2466 1499 2505 non
1544 2452 1839 2517 tangimus,
1876 2451 2001 2502 dum
2027 2452 2112 2503 in-

530 2540 833 2594 firmitatem
877 2540 1148 2609 propriam
1198 2539 1470 2594 metiendo
1517 2540 1940 2601 consideramus,
1973 2555 2039 2593 ne
2068 2539 2111 2595 si

530 2626 754 2683 inﬁrma:
776 2629 949 2683 aetatis
977 2638 1172 2683 nostra:
1195 2636 1381 2685 tenere
1408 2631 1625 2684 modum
1669 2631 2063 2685 contemnimus
2095 2671 2110 2694 ,

527 2718 616 2786 qui
658 2719 860 2786 parvuli
893 2720 1139 2786 viximus,
1168 2720 1218 2773 in
1245 2720 1381 2774 virili
1409 2730 1567 2775 aetate
1616 2723 1925 2776 moriamur.
1955 2721 2009 2774 ln
2038 2720 2114 2777 si-

529 2820 691 2874 gnum
714 2824 845 2862 vero
874 2810 1147 2863 moriturae
1168 2810 1360 2865 domus
1389 2812 1548 2866 ambo
1596 2811 1715 2866 Heli
1748 2809 1839 2866 lilii
1871 2828 1973 2865 una
2023 2811 2111 2867 die

532 2902 667 2954 mori
700 2903 1089 2970 prmdicuntur.
1124 2904 1269 2970 Quos
1302 2905 1551 2959 nimirum
1580 2905 1717 2961 filios
1739 2907 1857 2961 illos
1900 2908 2114 2979 signare

529 2991 763 3047 diximus
785 2994 875 3061 qui
908 2994 975 3047 ad
1002 3010 1188 3049 sacros
1209 2995 1426 3050 ordines
1455 3010 1485 3049 a
1526 2997 1840 3067 propinquis
1877 2998 2114 3053 carnali-

537 3085 633 3137 bus
692 3096 1160 3154 pronroverontur.
1221 3103 1327 3141 non
1371 3087 1438 3141 ad
1494 3088 1846 3143 intentionem
1885 3090 2113 3144 admini-

531 3176 735 3229 strandi
766 3176 990 3242 ordinis,
1018 3176 1112 3232 sed
1155 3176 1220 3230 ad
1245 3178 1471 3245 gloriam
1501 3179 1783 3233 mundanze
1814 3178 2109 3247 dignitatis.
2143 3165 2186 3226 C

532 3264 587 3316 In
613 3280 715 3317 una
746 3279 875 3333 ergo
926 3266 1012 3319 die
1041 3268 1203 3321 ambo
1253 3266 1574 3328 moriuntur.
1608 3268 1730 3335 quia
1781 3268 1833 3321 in
1872 3269 2055 3338 appeti
2084 3284 2116 3321 ιι

536 3356 815 3410 Inundanze
844 3356 1110 3411 felicitatis
1162 3357 1449 3411 intereunt.
1497 3356 1679 3411 Gloria
1708 3358 2001 3421 smcularis,
2026 3359 2119 3413 ho-

541 3447 689 3500 noris
718 3447 1045 3514 reverentia,
1068 3455 1310 3516 potestas
1331 3447 1599 3513 culminis,
1624 3448 1844 3504 claritas
1886 3448 2116 3517 dignita-

538 3541 623 3601 tis,
653 3540 953 3608 frequentia
1000 3540 1446 3607 obsequentium,
1483 3538 1755 3596 allluentia
1794 3557 1974 3595 rerum
2016 3556 2114 3596 sa:-

537 3632 673 3684 cnlat
690 3633 791 3685 iter
810 3638 1010 3697 amata,
1030 3633 1146 3687 dies
1169 3641 1243 3686 est
1258 3676 1272 3699 ,
1298 3635 1389 3687 sed
1412 3647 1532 3702 qua:
1556 3633 1829 3688 interficit.

607 3721 694 3775 20.
728 3721 958 3775 Audiant
985 3737 1113 3791 ergo
1142 3722 1232 3776 lilii
1284 3722 1400 3778 lleli
1430 3724 1552 3794 quia
1601 3724 1654 3778 in
1699 3739 1805 3779 una
1828 3725 1915 3779 die
1954 3724 2115 3779 ambo

534 3814 852 3867 moriuntur.
888 3814 986 3879 Qui
1018 3815 1158 3868 enim
1195 3814 1263 3870 de
1309 3824 1532 3886 accepto
1573 3816 1828 3886 pastorali
1882 3817 2117 3870 culmine

535 3905 758 3959 labentis
778 3904 899 3958 vita:
922 3904 989 3959 fel
1014 3907 1230 3960 citatem
1245 3906 1491 3975 diligunt,
1518 3908 1868 3962 intentionem
1898 3907 2111 3976 quidezn

534 3995 735 4049 habent
762 3996 963 4063 gaudii,
998 3995 1225 4051 fructum
1259 4014 1386 4051 vero
1420 3999 1658 4062 lamenti,
1694 4000 2027 4068 propositum
2058 3997 2111 4050 in

534 4083 891 4136 exsultatione
922 4084 1064 4147 vita},
1098 4092 1153 4138 et
1184 4086 1586 4153 perventionem
1618 4086 1669 4138 in
1700 4085 1888 4139 mortis
1914 4100 2112 4140 mcero-

532 4189 666 4225 rem.
699 4176 772 4224 Ad
802 4182 1029 4228 mortem
1058 4177 1235 4244 itaque
1257 4184 1543 4245 properant
1569 4217 1583 4241 ,
1612 4177 1824 4244 quoties
1854 4192 1991 4230 vane
2045 4177 2114 4231 de

531 4263 812 4330 temporali
846 4263 1098 4318 felicitate
1142 4267 1494 4333 gratulantur.
1522 4266 1676 4332 Quod
1718 4276 1773 4319 et
1820 4266 2109 4335 Apestolus

531 4350 740 4416 probat,
784 4365 905 4404 cum
968 4355 1321 4421 apostatantis
1354 4355 1527 4409 viduae
1575 4355 1837 4419 meminit,
1887 4356 2106 4410 dicens:

532 4438 661 4503 Qua:
675 4449 844 4493 autem
860 4442 914 4495 in
935 4444 1133 4496 deliciis
1159 4454 1253 4509 est,
1270 4445 1436 4499 vivens
1457 4455 1656 4499 mortua
1688 4456 1764 4499 est
1808 4444 1861 4517 (1
1895 4445 2025 4500 Tim.
2055 4464 2106 4511 v,

2214 1923 2490 1990 exigitqoi
2522 1938 2627 1975 non
2658 1921 2832 1974 solum
2863 1929 3009 1975 recte
3032 1921 3329 1989 intel‘igat,
3380 1921 3470 1973 sed
3503 1919 3591 1987 qui
3639 1916 3809 1969 ﬁdeli-

2216 2019 2299 2066 ter
2326 2014 2610 2067 ministret.
2645 2012 2944 2067 Ministrare
2975 2020 3152 2065 autem
3197 2021 3321 2065 tunc
3360 2020 3506 2067 recte
3555 2010 3761 2079 poterit
3790 2051 3806 2073 ,

2217 2118 2337 2157 cum
2370 2102 2651 2155 ministerii
2683 2103 2763 2155 sui
2820 2101 3036 2156 modum
3088 2102 3155 2156 de
3203 2116 3357 2155 sacro
3398 2101 3615 2170 eloquio
3645 2115 3805 2153 revo-

2216 2194 2446 2259 gnoseit.
2478 2192 2630 2246 Un.le
2669 2202 2868 2247 etcum
2918 2193 3088 2247 lilelis
3131 2193 3383 2246 saecrdos
3430 2192 3762 2260 promittitur
3790 2232 3806 2256 ,

2210 2281 2361 2350 juxta
2385 2298 2478 2336 cor
2507 2290 2562 2335 et
2589 2283 2821 2336 animam
2853 2282 3240 2350 omnipotentis
3295 2281 3386 2334 Dei
3424 2282 3661 2333 facturus
3685 2294 3808 2333 esse

2217 2373 2550 2441 perhibetur.
2585 2371 2721 2438 Quid
2760 2373 2900 2425 enim
2934 2388 3029 2427 eor
3058 2382 3112 2426 et
3149 2373 3383 2425 animam
3422 2370 3546 2437 Dei,
3578 2371 3677 2424 nisi
3717 2386 3807 2423 sa-

2215 2479 2360 2518 cram
2384 2462 2500 2530 ejus
2528 2463 2863 2533 Scripturam
2895 2463 3212 2531 accipimus?
3242 2461 3371 2515 Nam
3404 2461 3566 2514 corde
3597 2459 3805 2526 cogita-

2219 2569 2337 2606 mus
2361 2553 2426 2605 ad
2486 2552 2950 2614 deliberationem,
3010 2551 3184 2604 anima
3237 2565 3364 2602 vero
3416 2549 3683 2602 aflicimur
3740 2546 3805 2600 ad

2217 2657 2478 2696 amorem.
2504 2642 2639 2708 Quia
2672 2656 2799 2710 ergo
2822 2642 2874 2695 in
2898 2656 3051 2695 sacro
3078 2639 3293 2709 eloquio
3315 2654 3378 2693 co
3404 2638 3537 2691 uilia
3556 2637 3807 2705 omnipo-

2217 2732 2379 2785 tentis
2411 2731 2501 2784 Dei
2526 2732 2885 2799 agnoscimus,
2910 2730 3089 2798 ibique
3117 2745 3355 2783 amorcm
3384 2746 3489 2795 quo
3514 2729 3806 2781 humanum

2215 2837 2385 2891 genus
2425 2822 2614 2876 dilexit
2664 2821 2983 2883 invenimus,
3052 2821 3223 2889 ipsmn
3272 2819 3544 2887 eloquium
3597 2832 3693 2871 cor
3746 2827 3803 2869 et

2214 2915 2391 2968 anima
2415 2914 2533 2981 ejus
2564 2912 2956 2966 rationabiliter
2973 2912 3272 2978 designant.
3305 2909 3455 2961 Illum
3489 2909 3668 2975 itaque
3688 2922 3810 2961 oni-

2216 3005 2464 3074 nipotens
2491 3004 2631 3056 Deus
2662 3002 2729 3055 ad
2750 3017 2903 3055 suum
2943 3001 3296 3055 ministerium
3324 2998 3661 3054 sacerdotem
3708 2997 3809 3051 eii-

2217 3098 2311 3166 git,
2342 3097 2432 3166 qui
2459 3095 2608 3164 juxta
2657 3110 2757 3150 cor
2786 3094 2901 3164 ejus
2930 3102 2984 3147 et
3010 3093 3241 3147 animam
3265 3091 3410 3154 iacit,
3465 3091 3589 3160 quia
3633 3088 3809 3159 profe-

2218 3195 2306 3241 cto
2336 3202 2442 3240 non
2463 3186 2597 3239 alius
2624 3192 2773 3238 tanto
2800 3184 2989 3239 ordine
3014 3184 3205 3251 dignus
3231 3191 3331 3248 est,
3362 3182 3463 3236 nisi
3492 3181 3584 3251 qui
3611 3180 3808 3234 volun-

2220 3286 2383 3330 tatem
2412 3276 2526 3344 ejus
2556 3276 2623 3328 de
2650 3290 2807 3329 sacro
2859 3274 3075 3343 eloquio
3104 3273 3310 3337 didicit,
3335 3281 3390 3327 et
3419 3273 3520 3326 hoc
3550 3271 3693 3341 quod
3721 3270 3803 3323 di-

2218 3368 2346 3420 dicit
2370 3367 2735 3436 proximorum
2766 3366 3079 3420 utilitatibus
3128 3381 3222 3435 per
3269 3364 3502 3420 studium
3528 3363 3810 3417 charitatis

2222 3456 2499 3525 impendit.
2523 3455 2628 3509 Sed
2658 3456 2940 3524 vigilanter
2970 3463 3053 3511 est
3099 3456 3271 3511 adhuc
3316 3453 3632 3510 intuendum
3663 3454 3809 3523 quod

2219 3544 2416 3597 dicitur
2450 3564 2462 3597 :

2292 3630 2469 3703 (Vers.
2498 3628 2615 3699 35.)
2637 3629 2801 3683 Juxta
2828 3648 2917 3684 cor
2940 3642 2989 3685 et
3017 3631 3244 3684 animam
3282 3646 3469 3683 meam.

2287 3724 2376 3777 22.
2411 3725 2542 3779 Νἰῐῐ]
2570 3727 2813 3794 ψιωιῐίιηι
2847 3726 2899 3779 in
2942 3726 3217 3795 Scriptura
3253 3739 3404 3780 sacra
3461 3721 3810 3776 inveniuntur

2218 3824 2485 3884 pnncepta
2537 3830 2655 3884 qum
2683 3816 3085 3884 dispensatione
3132 3816 3345 3883 quidem
3398 3814 3491 3867 Dei
3537 3820 3806 3882 prtecepta

2218 3912 2367 3970 sunt,
2397 3912 2451 3961 et
2491 3920 2596 3960 non
2621 3920 2804 3959 amore
2829 3904 2943 3958 Dei.
2996 3903 3122 3970 Quae
3172 3902 3411 3973 profecto
3456 3902 3502 3955 si
3551 3900 3807 3955 sacerdos

2217 3996 2307 4063 qui
2335 3995 2652 4051 excitandus
2679 3996 3009 4064 promittitur
3030 3994 3364 4062 alimpleret,
3383 3992 3532 4057 juxta
3548 4006 3657 4049 ιον·
3687 3991 3805 4060 qui-

2217 4085 2335 4140 dem
2368 4084 2484 4149 Dei,
2510 4094 2694 4139 etnon
2730 4084 2884 4153 juxta
2916 4084 3169 4145 animam,
3201 4082 3423 4144 fact-ret,
3456 4084 3579 4131 dum
3634 4079 3806 4133 consi-

2216 4176 2345 4230 lium
2359 4176 2551 4231 divina:
2568 4175 3001 4244 dispensationis,
3031 4183 3084 4228 et
3108 4190 3213 4227 non
3240 4172 3441 4226 amoris
3471 4179 3800 4238 pmceptum

2217 4268 2470 4337 operibus
2502 4266 2846 4322 reddidisset.
2892 4267 2972 4319 An
3006 4281 3111 4319 non
3146 4266 3211 4319 de
3260 4263 3662 4333 dispensatione
3706 4260 3803 4315 Dei

2216 4357 2304 4412 illa
2335 4358 2585 4411 mandata
2625 4356 2740 4426 ejus
2794 4358 3023 4422 fuerant,
3070 4357 3138 4411 de
3181 4356 3373 4424 quibus
3414 4355 3673 4423 loquitur,
3723 4353 3804 4405 di-

2216 4466 2346 4506 cens
2377 4469 2387 4503 :
2421 4450 2518 4504 Dei
2542 4452 2615 4504 eis
2640 4450 2887 4505 mandata
2939 4466 3040 4503 non
3093 4447 3229 4502 bona
3260 4446 3476 4517 (Ezeclt.
3523 4461 3619 4510 xx,
3660 4442 3804 4511 ‘25)?

529 4532 607 4600 6).
632 4530 688 4585 In
718 4533 803 4587 die
835 4548 1062 4603 namque
1108 4536 1209 4590 hac
1241 4537 1377 4591 mori
1420 4539 1719 4607 perhibuit,
1759 4539 1849 4607 qui
1890 4554 2105 4593 causam
2146 4528 2187 4585 Ι)
2218 4540 2285 4594 Et
2315 4557 2437 4595 cum
2466 4541 2714 4595 Pbarismi
2739 4540 2807 4594 de
2844 4540 3020 4593 dando
3050 4538 3216 4609 repud
3246 4538 3261 4591 i
3305 4539 3484 4592 libello
3511 4553 3637 4592 cum
3686 4536 3802 4604 ipsa

528 4623 718 4678 mortis
746 4624 919 4678 vidua:
948 4640 1069 4681 esse
1096 4627 1314 4681 delicias
1336 4630 1591 4685 ostendit.
1647 4630 1751 4684 Sed
1792 4646 1936 4685 mors
1968 4631 2101 4685 filio-

526 4728 643 4767 rum
672 4715 848 4769 minus
880 4719 1107 4785 pessima
1145 4728 1310 4787 esset,
1342 4721 1384 4773 si
1417 4721 1527 4789 ipsa
1557 4738 1716 4777 causa
1751 4724 1939 4778 mortis
1974 4724 2107 4779 alie-

527 4820 606 4858 nae
634 4822 738 4860 non
772 4805 941 4861 fieret.
976 4806 1125 4863 Unde
1154 4818 1209 4865 et
1258 4827 1362 4864 non
1392 4812 1706 4882 simpliciter
1737 4814 1870 4867 mori
1892 4855 1906 4878 ,
1930 4814 2023 4868 sed
2057 4818 2106 4868 in

522 4900 730 4965 signum
762 4901 1035 4955 moriturze
1061 4902 1252 4956 domus
1277 4904 1408 4956 mori
1435 4906 1954 4974 praulicuntur,quia
1982 4920 2104 4958 cum

524 4990 557 5042 ii
589 4990 678 5057 qui
705 4990 773 5043 de
804 4992 978 5045 vicino
998 4994 1277 5049 doctorem
1309 4997 1593 5065 reprobum
1632 4996 1909 5051 imitantur
1934 4998 1984 5051 iu
2008 5013 2099 5052 eo-

522 5082 642 5134 dem
670 5084 967 5152 praccipitio
989 5097 1265 5155 corruunt,
1288 5097 1342 5141 et
1386 5099 1659 5143 secutores
1688 5090 2025 5159 sequi'ntium
2052 5092 2103 5143 in

524 5173 676 5225 ruina
707 5174 1068 5230 cumulantur.
1123 5177 1237 5233 Hoc
1294 5178 1474 5247 itaque
1525 5180 1593 5233 de
1636 5178 1815 5234 officio
1869 5181 2104 5250 suscepti

523 5262 771 5317 culminis
803 5265 1151 5333 temporalem
1196 5268 1500 5323 felicitatem
1559 5282 1803 5325 amantes
1842 5271 2100 5335 audiant,

524 5362 579 5406 et
607 5362 790 5408 reatus
818 5354 899 5409 sui
923 5356 1337 5424 magnitudinem
1372 5362 1771 5428 pertimescant.
1807 5362 1980 5417 Tanto
2006 5362 2103 5416 de-

525 5446 685 5514 nique
713 5446 945 5513 graviori
978 5462 1135 5515 poena
1173 5449 1315 5518 digni
1338 5461 1703 5519 sunt,quanto
1750 5460 1937 5522 aperte
1982 5468 2105 5506 coa-

525 5538 756 5606 spiciunt
783 5540 906 5607 quia
932 5538 1000 5594 de
1027 5541 1264 5597 vanitate
1293 5557 1455 5611 quam
1479 5544 1826 5612 diiiguntnon
1860 5560 1921 5598 so
1946 5544 1960 5597 i
1991 5561 2020 5595 η
2044 5561 2105 5597 o-

526 5629 751 5691 riuntur,
807 5630 933 5699 quia
984 5630 1108 5686 dum
1161 5633 1214 5686 in
1272 5642 1533 5701 praztextu
1584 5634 1865 5688 mundana:
1911 5635 2103 5688 lzntitiai

528 5728 748 5775 inertem
776 5722 1017 5787 cbibunt,
1050 5731 1209 5792 potus
1235 5724 1315 5777 sui
1343 5733 1546 5793 pestem
1578 5723 1644 5777 ad
1674 5728 2014 5794 sequentium
2042 5741 2101 5781 se

2215 4632 2440 4687 veritate
2488 4633 2841 4701 disputarem,
2883 4631 3167 4684 audierunt
3220 4648 3232 4683 :
3292 4630 3371 4681 Ad
3416 4630 3663 4682 duritiam
3713 4644 3804 4680 ve-

2212 4732 2376 4775 stram
2404 4722 2545 4775 dedit
2573 4722 2709 4774 robis
2737 4722 2895 4791 legem
2927 4719 3133 4789 Moyses
3167 4718 3380 4790 (Matth.
3415 4734 3523 4780 xix.
3558 4716 3635 4783 8).
3665 4715 3801 4781 Quia

2212 4813 2390 4880 itaque
2421 4812 2487 4865 de
2509 4812 2910 4882 dispensatione
2936 4812 3142 4865 consilii
3174 4812 3289 4879 ejus
3338 4812 3421 4864 illa
3454 4812 3625 4874 fuere,
3654 4824 3725 4877 qu
3750 4827 3803 4861 s-

2211 4904 2331 4973 quis
2361 4904 2559 4959 eisdem
2600 4907 2878 4974 prmceptis
2918 4920 3046 4957 nus
3072 4914 3173 4969 est,
3222 4904 3373 4973 juxta
3429 4919 3525 4957 cor
3581 4902 3800 4971 quidem

2212 4994 2445 5060 Domini,
2476 5002 2531 5049 et
2570 5011 2675 5048 non
2719 4996 2873 5063 juxta
2912 4996 3144 5048 animam
3192 4994 3334 5048 ltcit.
3369 4993 3499 5048 Nam
3545 4992 3726 5047 cordis
3747 5004 3798 5045 et

2211 5087 2402 5142 anima:
2431 5096 2756 5155 prazceptum
2782 5087 2909 5141 illud
2934 5095 3018 5142 e-t
3045 5087 3112 5141 de
3140 5102 3246 5154 quo
3276 5086 3471 5140 dicitur
3501 5102 3515 5138 :
3548 5084 3665 5138 Hoc
3720 5094 3799 5137 est

2210 5190 2520 5249 praeceptum
2551 5197 2735 5242 meum,
2760 5190 2815 5233 ut
2846 5181 3076 5251 diligatis
3106 5181 3343 5246 invicem,
3366 5179 3497 5232 sicut
3518 5178 3682 5233 dilexi
3710 5195 3800 5231 ros

2213 5269 2390 5341 (Joan.
2425 5286 2512 5336 xv,
2543 5269 2652 5339 12).
2681 5268 2815 5337 Quia
2848 5270 2951 5325 hoc
2974 5269 3119 5338 quod
3150 5285 3245 5339 per
3276 5269 3559 5323 consilium
3602 5270 3799 5340 praeci-

2208 5362 2281 5427 pit
2304 5378 2400 5430 per
2422 5362 2726 5429 amplexum
2754 5362 3036 5415 eharitatis
3062 5360 3440 5431 apprehendit.
3493 5359 3630 5415 Hinc
3668 5360 3801 5414 item

2205 5452 2333 5505 dicit
2364 5470 2377 5505 :
2410 5450 2625 5522 Diligite
2645 5452 2880 5504 inimicos
2898 5460 3120 5517 vestros,
3144 5449 3430 5521 benefacite
3459 5450 3523 5503 iis
3565 5450 3651 5515 qui
3674 5448 3802 5502 ode-

2204 5552 2322 5597 runt
2354 5560 2439 5597 vos
2466 5541 2616 5610 (Luc.
2651 5558 2719 5604 vi,
2752 5541 2864 5611 ‘27).
2898 5541 3032 5595 llinc
3078 5542 3204 5594 item
3238 5540 3503 5610 ρηεείνίι,
3559 5539 3749 5594 dicens
3784 5558 3798 5593 :

2207 5632 2334 5697 Qua:
2361 5634 2510 5688 vults
2539 5643 2593 5687 ut
2644 5633 2839 5703 faciant
2878 5631 3016 5686 vobis
3055 5632 3305 5695 homines,
3356 5632 3465 5686 ha'c
3513 5630 3670 5699 facite
3697 5631 3799 5683 eis.

2208 5724 2331 5780 llznc
2359 5725 2542 5795 itaque
2571 5732 2623 5780 et
2655 5722 2961 5792 hujusmodi
3008 5722 3186 5779 cordis
3208 5732 3262 5778 et
3306 5724 3498 5779 animzc
3521 5721 3618 5777 Dei
3658 5739 3802 5791 pia:-
