4000 6288
291 340 385 392 i‘ll
1122 347 1184 398 IN
1229 347 1487 404 PRIMUM
1534 348 1768 404 RlZGUil
1816 350 1853 402 Ε

1961 352 2326 416 US!TI()NES.
2375 393 2433 403 -
2481 367 2604 421 LIB.
2653 370 2711 422 ll.
3441 381 3541 434 {‘39

273 472 355 520 re,
382 466 431 508 ta
455 466 600 518 sunt,
635 459 760 525 quia
809 459 911 514 hoc
945 460 1270 519 revelatione
1322 467 1622 520 ostenditur
1665 466 1858 520 secreti
1888 469 1938 528 Α
1969 474 2274 538 ptenitendo
2301 493 2618 550 prnperat,a
2648 499 2755 552 quo
2785 487 3054 554 peccando
3075 490 3312 543 recessit.
3333 491 3398 545 Ut
3423 512 3536 547 ore.

263 548 392 616 cjus
422 550 635 604 consilii
667 552 811 619 quod
841 553 890 605 in
919 552 1033 619 ejus
1047 563 1336 622 conspectu
1360 557 1646 624 suscipitur
1668 557 1862 624 proba-

272 640 426 693 tione
451 640 754 696 charitatis.
787 641 1050 697 Sacerdos
1080 660 1208 711 ergo
1253 644 1424 699 fidelis
1461 662 1554 715 per
1582 646 1685 700 hoc
1725 646 1862 700 indi-

274 733 418 785 cium
454 733 711 787 noscitur.
743 734 798 787 Si
823 735 1070 789 videlicet
1094 735 1246 804 juxta
1277 753 1373 792 cor
1401 748 1454 792 et
1488 739 1719 792 animam
1747 737 1862 806 ejus

272 834 552 891 operatur,
577 826 704 893 quia
739 825 984 894 profecto
1018 835 1143 880 tunc
1169 842 1296 881 vere
1329 827 1496 882 lidelis
1527 836 1628 892 est,
1661 829 1705 882 si
1755 843 1860 882 non

271 915 695 984 di~pensationis
723 917 837 985 ejus
861 917 1156 982 licentiam,
1188 919 1280 973 sed
1309 927 1576 988 praecepta
1607 927 1863 988 sequatur

269 1008 496 1062 amoris.
529 1007 634 1060 Sed
663 1008 790 1075 quia
840 1022 947 1061 non
977 1005 1192 1070 frustra,
1253 1007 1348 1062 sed
1395 1008 1462 1061 ad
1503 1009 1706 1063 lucrum
1735 1009 1862 1063 sub-

268 1098 430 1165 jeetze
460 1097 630 1164 plebis
659 1097 894 1166 eligitur,
926 1099 1125 1163 subdit,
1157 1107 1319 1169 atque
1345 1101 1420 1152 ait
1452 1117 1465 1152 :

345 1185 524 1243 (Vers.
557 1183 670 1254 '55.)
703 1185 772 1239 Et
800 1187 1066 1256 wdiﬁcabo
1092 1190 1138 1241 ei
1165 1189 1372 1242 domum
1399 1190 1622 1258 ﬁdelem.

341 1275 434 1328 ‘23.
467 1276 666 1331 Domus
699 1294 930 1345 namque
985 1279 1283 1333 sacerdotis
1312 1289 1394 1334 est
1454 1281 1751 1349 amplitudo
1805 1281 1857 1334 in

271 1382 380 1434 qua
427 1375 813 1421 conversantur
843 1369 1025 1438 populi
1070 1368 1312 1438 sinbjecti.
1346 1370 1475 1436 Quae
1500 1370 1742 1439 proli-clo
1765 1372 1860 1426 do-

275 1474 399 1511 mus
420 1461 466 1512 ei
496 1458 665 1513 ﬁdelis
689 1474 718 1511 a
751 1459 978 1513 Domino
1005 1459 1321 1525 aediﬁcatur,
1347 1462 1467 1530 quia
1497 1463 1560 1514 ad
1600 1463 1858 1517 obedien-

277 1551 366 1604 tia:
431 1550 662 1604 studium
706 1549 882 1603 divina
946 1550 1296 1619 inspiratione
1349 1552 1587 1619 erigitur.
1628 1553 1859 1609 lnlidelis

271 1655 512 1707 namque
536 1639 727 1693 domus
750 1646 834 1693 est
862 1654 923 1693 ea
945 1639 1276 1694 subditorum
1321 1643 1552 1694 soc‘etas
1581 1657 1697 1710 quae.
1730 1643 1858 1698 boni

270 1732 503 1786 rectoris
531 1729 770 1798 quotidie
801 1729 1232 1798 praedicationem
1257 1731 1498 1800 suscipit,
1549 1735 1632 1786 cui
1677 1744 1855 1788 tamen

269 1820 500 1874 obedire
522 1835 618 1888 per
643 1819 876 1873 studium
905 1820 1029 1874 boni
1081 1822 1259 1888 operis
1303 1837 1409 1876 non
1440 1822 1686 1878 intendit.
1736 1824 1858 1878 lnti-
1897 1833 1938 1889 Β
1969 1856 1979 1889 ;

268 1911 411 1964 delis
441 1913 582 1964 enim
606 1911 796 1964 domus
826 1926 945 1964 esse
991 1912 1358 1980 cognoscitur,
1386 1915 1510 1983 quia
1562 1916 1710 1969 verbi
1762 1917 1857 1970 Dei

268 2001 504 2068 pecunia
533 2015 653 2068 qua:
681 2001 730 2053 ei
763 2000 1124 2068 pranlicatoris
1169 2003 1250 2055 sui
1301 2003 1601 2057 ministerio
1629 2006 1861 2060 creditur

267 2107 370 2159 per
410 2091 788 2158 negligentiam
840 2090 1075 2159 prodiga:
1127 2093 1248 2146 vita:
1287 2093 1600 2162 dissipatur,
1647 2097 1755 2166 92
1808 2107 1862 2151 et

264 2181 415 2247 quod
447 2181 548 2234 sibi
576 2180 642 2233 ad
672 2182 870 2247 negotii
902 2181 1105 2235 lucrum
1137 2184 1494 2237 committitur
1522 2200 1856 2255 nequaquam

265 2271 319 2324 in
353 2279 600 2338 tempore
628 2270 916 2324 reddenda:
945 2271 1171 2326 rationis
1196 2274 1483 2329 invenitur.
1511 2275 1657 2329 Βοιιο
1679 2277 1861 2344 itaque

267 2361 610 2432 pradicatori
642 2361 812 2415 lidelis
839 2377 868 2414 a
894 2361 1121 2417 Domino
1143 2363 1332 2417 domus
1373 2366 1699 2419 construitur
1728 2382 1849 2421 cum

269 2457 337 2506 al
373 2453 741 2507 obediendum
772 2455 888 2508 voci
939 2453 1054 2521 ejus
1102 2454 1356 2521 subjecta:
1411 2455 1581 2524 plebis
1606 2457 1862 2511 divinitus

265 2544 438 2599 corda
477 2551 860 2614 praeparantur,
891 2554 944 2597 ut
974 2560 1080 2597 non
1110 2544 1284 2597 solum
1316 2543 1368 2598 id
1393 2546 1537 2614 quod
1579 2547 1630 2600 in
1663 2562 1724 2600 ea
1777 2563 1863 2602 re-

270 2631 524 2682 conditur
549 2630 615 2682 de
644 2629 794 2683 verbi
826 2629 1026 2682 talento
1055 2638 1210 2683 custo
1231 2631 1343 2693 liat,
1375 2630 1470 2684 sed
1500 2631 1650 2686 lucro
1676 2633 1861 2686 multi-

274 2721 404 2790 plici
431 2720 762 2774 cumulatum
789 2722 854 2772 ad
885 2735 1122 2773 mensam
1145 2729 1362 2776 aeternae
1386 2724 1743 2793 susceptionis
1771 2725 1862 2778 du-

272 2820 382 2862 cat.
415 2809 479 2861 Et
504 2809 796 2862 notandum
823 2809 944 2878 quia
984 2809 1016 2860 li
1040 2810 1152 2862 telis
1187 2811 1379 2867 domus
1403 2828 1431 2864 a
1462 2812 1692 2867 Domino
1718 2829 1764 2868 ac
1786 2814 1858 2867 li-

275 2900 426 2953 ticari
454 2901 669 2963 dicitur,
697 2909 752 2952 ut
784 2901 850 2952 de
883 2899 1021 2953 bona
1043 2902 1451 2956 conversatione
1496 2903 1720 2971 subjecti
1763 2920 1862 2974 po-

273 2990 385 3058 puli
419 2990 744 3059 prredicator
791 3005 1125 3059 nequaquam
1170 2992 1399 3047 inaniter
1444 2994 1723 3063 glorietur.
1753 2997 1859 3051 No-

273 3081 493 3135 tandum
524 3097 741 3150 quoque
768 3084 892 3150 quia
924 3085 1258 3137 sacerdotem
1291 3085 1502 3139 lidelem
1549 3088 1649 3140 sibi
1678 3087 1858 3141 Domi-

272 3191 373 3228 nus
402 3177 624 3242 excitat,
654 3182 712 3229 ut
737 3177 1100 3244 subjectorum
1132 3178 1290 3232 corda
1332 3179 1436 3234 hoc
1466 3181 1637 3250 ipsum
1663 3223 1678 3247 ,
1711 3199 1817 3252 quo

267 3267 479 3334 optimo
508 3275 720 3320 rectore
750 3276 1008 3334 reguntur
1032 3310 1046 3334 ,
1079 3270 1314 3323 tribuere
1359 3272 1468 3324 suis
1507 3255 1710 3327 meritis
1746 3289 1851 3327 non

267 3367 615 3427 praesumant.
647 3357 951 3412 Notandum
974 3360 1131 3413 etiam
1158 3360 1301 3429 quod
1329 3362 1665 3417 sacer-dozen]
1695 3380 1852 3432 quem

269 3448 754 3503 excitatDominus
784 3450 912 3504 dicit
969 3449 1180 3505 tldelem
1236 3452 1356 3517 sibi,
1409 3453 1627 3508 domum
1673 3466 1850 3509 autem

265 3555 428 3607 quam
451 3541 500 3594 ci
530 3541 764 3595 aediﬁcat
794 3541 1002 3596 ﬁdelem
1035 3543 1132 3612 ipsi
1147 3546 1414 3599 sacerdoti
1445 3546 1575 3600 dicit
1596 3545 1709 3600 l'utu
1741 3562 1849 3613 ain;

265 3634 390 3700 quia
419 3630 665 3701 profecto
715 3633 1034 3701 prmdicator
1080 3633 1189 3689 Deo
1237 3636 1599 3690 obedientiam
1648 3639 1850 3704 debet,

265 3724 545 3791 subjectus
573 3726 816 3794 prte'ato.
872 3727 977 3781 Sed
1027 3737 1152 3782 ante
1195 3729 1492 3797 subjectum
1536 3739 1662 3786 tunc
1707 3741 1853 3786 recte

267 3813 521 3878 praelatus
564 3814 826 3881 graditur,
858 3816 900 3869 si
953 3816 1017 3869 ad
1049 3817 1226 3870 omnia
1275 3818 1545 3885 dirigenda
1575 3820 1697 3873 vita:
1742 3835 1852 3874 sua:

266 3903 460 3955 itinera
493 3903 694 3956 veritas
735 3905 846 3972 ipsa
870 3905 1133 3960 videatur.
1166 3907 1420 3976 Sequitur
1441 3924 1570 3977 ergo
1599 3929 1612 3965 :

335 3991 520 4059 (Vt-rs».
544 3991 659 4062 53.)
690 3991 758 4047 Et
782 3994 1064 4049 ambulabit
1089 4015 1263 4051 coram
1278 3999 1480 4053 Christo
1499 4017 1608 4055 meo
1620 4003 1851 4056 omnibus

264 4081 464 4135 diebus.

332 4166 424 4219 24.
457 4167 706 4223 Christus
732 4179 914 4225 autem
943 4170 1153 4226 Domini
1178 4173 1510 4246 Redemptor
1530 4184 1612 4230 est
1639 4177 1852 4244 generis

266 4256 506 4312 humani.
539 4258 638 4325 Qui
663 4259 935 4328 nimirum,
965 4263 1088 4331 quia
1115 4263 1225 4332 jam
1254 4263 1319 4317 ad
1351 4269 1516 4320 caelos
1545 4268 1853 4322 ascendisse

265 4347 524 4412 creditur,
557 4365 588 4402 a
614 4349 647 4400 li
669 4351 859 4406 lelibus
887 4353 998 4407 suis
1027 4369 1166 4409 nunc
1196 4370 1302 4408 non
1327 4356 1499 4410 oculis
1527 4361 1804 4427 corporeis
1832 4399 1850 4425 ,

265 4438 355 4493 sed
386 4449 594 4506 mente,
615 4440 848 4496 videtur.
877 4440 1072 4496 Coram
1101 4444 1218 4512 ipso
1246 4445 1424 4513 itaque
1454 4447 1703 4500 omnibus
1728 4447 1842 4501 die-

265 4533 362 4637 bus
384 4532 628 4586 ambulat
655 4534 746 4601 qui
790 4534 1115 4637 cogitatione
1166 4538 1340 4637 subita
1393 4539 1525 4593 nihil
1571 4552 1848 4637 operatur.
1881 4532 2079 4637 ι)ἱᾷξῇ

264 4619 400 4674 Nam
431 4630 492 4674 ut
519 4630 706 4676 rectos
731 4636 946 4690 gressus
977 4625 1105 4680 foris
1133 4634 1298 4694 ponat
1321 4627 1376 4680 in
1399 4643 1586 4696 opere,
1615 4629 1760 4682 intus
1785 4629 1853 4682 ad

264 4713 540 4768 Christum
570 4716 814 4782 respicit,
843 4731 1002 4785 quem
1023 4731 1121 4786 per
1160 4717 1647 4771 considerationem
1675 4725 1857 4786 portat

265 4809 316 4859 in
341 4807 528 4861 corde.
559 4805 667 4860 Sed
689 4807 813 4873 quia
844 4807 1017 4861 adhuc
1047 4809 1286 4877 reprobo
1335 4809 1540 4877 pastori
1570 4809 1807 4878 loquitur
1839 4849 1855 4874 ,

265 4897 617 4965 subjungens,
649 4898 726 4950 ait
757 4915 771 4951 :

338 5008 518 5080 (Vers.
575 5007 691 5076 56.)
723 5007 980 5062 Futurum
1019 5021 1096 5063 est
1152 5021 1322 5065 autem
1352 5021 1407 5064 ut
1435 5013 1719 5082 quicunque
1766 5027 1852 5065 re-

265 5100 521 5152 manserit
551 5098 616 5150 de
644 5099 798 5152 domo
826 5106 914 5150 tua
934 5100 1105 5152 veniat
1126 5109 1180 5152 ut
1207 5111 1378 5154 oretur
1405 5118 1496 5170 pro
1525 5118 1604 5154 eo.

333 5187 424 5242 25.
459 5189 830 5244 Remansurus
855 5205 1086 5260 namque
1111 5190 1178 5244 de
1224 5191 1339 5260 ejus
1368 5192 1529 5246 domo
1562 5192 1752 5262 aliquis
1773 5191 1853 5246 di-

269 5279 429 5345 eitur,
459 5279 586 5348 quia
633 5292 827 5344 magna
869 5295 994 5349 pars
1039 5281 1180 5335 illius
1218 5282 1478 5336 moritura
1520 5282 1850 5350 perhibetur.

264 5369 341 5423 De
377 5370 546 5423 domo
597 5385 831 5440 namque
869 5372 1084 5440 reprobi
1134 5373 1365 5441 pastoris
1411 5379 1654 5425 remanet
1691 5387 1850 5440 quem

262 5463 598 5518 conscientia
625 5465 833 5532 peccati
855 5479 884 5517 a
912 5480 1007 5534 spe
1031 5467 1418 5535 consequenda:
1441 5469 1608 5521 venia:
1628 5484 1734 5522 non
1759 5485 1852 5522 ex-

262 5555 508 5624 stinguit.
539 5555 809 5609 Remanet
838 5571 966 5624 ergo
989 5558 1114 5625 quia
1145 5560 1354 5627 pondus
1392 5559 1734 5612 conscientia:
1755 5574 1852 5629 per

263 5646 596 5715 paenitentia:
632 5647 967 5716 propositum
1013 5647 1164 5714 lzevig
1200 5657 1287 5701 tur
1331 5663 1427 5716 spe
1464 5650 1854 5716 consequentiae

269 5739 402 5791 vita.
429 5737 532 5805 Qui
557 5739 805 5808 profecto
827 5747 883 5793 ut
913 5748 1098 5795 oretur
1123 5756 1219 5810 pro
1242 5758 1306 5798 eo
1333 5742 1498 5808 venit,
1515 5751 1568 5797 et
1589 5742 1652 5797 ad
1685 5743 1851 5800 Dtum

1968 569 2052 614 tur
2081 563 2259 633 itaque
2283 583 2380 636 pro
2410 585 2474 622 eo
2493 573 2656 638 venit,
2681 573 2801 641 quia
2832 576 2922 642 qui
2950 575 3222 644 indignum
3246 577 3355 632 Deo
3375 596 3432 634 se
3464 580 3540 635 fe-

1964 653 2059 717 cit,
2082 653 2294 719 dignum
2345 659 2756 718 intercessorem
2785 665 2973 732 exigit,
3006 674 3063 719 ut
3089 667 3276 720 alienis
3299 671 3544 735 precibus

1964 743 2226 812 expietur,
2247 749 2334 816 qui
2360 753 2586 818 propriis
2609 755 2852 807 mundari
2876 771 2979 809 n0n
3003 771 3159 823 posse
3181 760 3539 825 οοέζηοςοίῐιπ·

1968 833 2114 888 Unde
2140 846 2194 889 et
2224 839 2308 904 pie
2335 838 2563 895 Jacobns
2592 845 2843 897 admonet
2869 888 2882 907 ,
2933 846 3116 900 dicens
3150 864 3161 897 :
3213 848 3542 916 Conﬁtemini

1963 925 2265 980 alterutrum
2286 940 2496 998 peccata
2518 942 2703 996 vestra,
2727 945 2775 987 et
2807 945 2950 988 orate
2976 953 3069 1002 pro
3096 939 3327 1002 invicem,
3365 949 3421 991 ut
3439 940 3543 994 sul-

1963 1019 2148 1070 remini
2178 1017 2313 1087 (Jac.
2340 1037 2392 1087 ν,
2422 1021 2532 1089 16).
2560 1022 2694 1078 Hinc
2724 1025 2915 1078 iterum
2949 1043 2961 1078 ε
2995 1025 3216 1079 Multum
3268 1030 3399 1081 valet
3425 1046 3544 1083 ora-

1965 1106 2171 1175 tiojusti
2201 1110 2430 1163 assidua.
2455 1111 2559 1165 Sed
2591 1129 2687 1181 pro
2704 1129 2769 1167 eo
2794 1116 2969 1168 oratio
2994 1115 3153 1180 valet,
3187 1117 3277 1184 qui
3325 1117 3448 1170 dum
3479 1135 3540 1172 se

1963 1211 1993 1248 a
2025 1200 2226 1264 peccati
2249 1201 2580 1255 immunditia
2609 1203 2845 1268 cohibet,
2878 1204 2943 1257 ad
2997 1204 3089 1258 Dei
3133 1221 3191 1258 se
3231 1206 3541 1260 similitudi~

1964 1304 2085 1341 nem
2125 1290 2336 1359 redigit,
2369 1306 2472 1358 qua
2503 1309 2562 1347 se
2593 1295 2861 1362 peccando
2893 1295 3162 1364 spoliavit.
3199 1294 3346 1350 Unde
3376 1305 3431 1350 et
3457 1297 3545 1352 hic

1963 1397 2179 1449 quoque
2201 1382 2444 1438 subditur
2469 1402 2482 1436 :

2034 1493 2208 1563 (Vers.
2235 1492 2347 1563 '56.)
2383 1493 2450 1548 Ut
2473 1495 2659 1563 o/j‘erat
2680 1513 2938 1550 nummum
2961 1508 3280 1569 argenteum.

2035 1583 2120 1635 23.
2150 1583 2204 1636 In
2233 1600 2448 1638 nummo
2495 1585 2653 1651 igitur
2697 1587 2874 1656 imago
2919 1587 3126 1641 Domini
3175 1587 3453 1657 sculpitur,
3486 1599 3544 1642 ut

1961 1674 2079 1739 ejus
2135 1689 2253 1728 esse
2307 1685 2664 1742 cognoscatur
2709 1693 2739 1731 a
2779 1693 2888 1746 quo
2941 1678 3160 1733 formari
3217 1680 3540 1748 principium

1962 1764 2221 1819 Nummus
2245 1767 2420 1833 itaque
2456 1767 2547 1820 Dei
2578 1769 2870 1822 similitudo
2900 1769 3016 1837 ejus
3069 1772 3345 1838 accipitur.
3394 1769 3542 1824 Unde

1969 1856 2017 1909 in
2057 1855 2250 1910 Genesi
2299 1857 2551 1924 loquitur,
2603 1859 2828 1913 dicens:
2863 1859 3142 1914 Faciamus
3180 1861 3432 1914 hominem
3473 1862 3542 1913 ad

1965 1947 2241 2016 imaginem
2257 1955 2304 1998 et
2334 1947 2726 2001 similitudinem
2757 1960 2987 2004 nostram
3026 1950 3234 2020 (Cenes.
3261 1967 3297 2016 ι,
3329 1949 3440 2020 26).
3477 1950 3543 2004 Et

1964 2040 2085 2104 quia
2113 2036 2177 2089 de
2203 2051 2356 2090 sacro
2379 2037 2594 2107 eloquio
2624 2038 2717 2093 Dei
2751 2041 3031 2108 imaginem
3060 2051 3113 2094 et
3141 2041 3540 2094 similitudinem

1965 2124 2032 2177 ad
2060 2138 2219 2192 quam
2250 2125 2550 2192 redigantur
2575 2129 2932 2194 agnoscimus,
2960 2137 3246 2196 argenteus
3290 2145 3541 2183 nummus

1965 2228 2084 2268 esse
2128 2214 2454 2282 perhibetur.
2490 2215 2588 2281 Qui
2638 2231 2765 2284 ergo
2812 2235 2840 2271 a
2895 2220 3097 2287 peccati
3140 2220 3222 2272 via
3263 2227 3320 2273 ut
3350 2235 3447 2288 pro
3485 2236 3542 2274 se

1965 2313 2149 2358 oretur
2169 2306 2315 2358 venit
2345 2345 2360 2369 ,
2417 2322 2691 2361 nummum
2741 2320 3049 2377 argenteum
3097 2309 3176 2362 (ηίΥ
3205 2328 3288 2364 rre
3334 2312 3538 2376 debet,

1963 2397 2091 2464 quia
2118 2396 2248 2449 nihil
2276 2397 2324 2450 ei
2355 2397 2574 2466 prodest
2598 2399 2740 2466 quod
2785 2400 3095 2467 ptenitendo
3125 2403 3500 2469 compungitur
3524 2443 3538 2467 ,

1965 2500 2065 2539 nec
2088 2485 2230 2553 quod
2258 2484 2305 2536 ίι.
2327 2487 2434 2539 ndo
2457 2486 2763 2548 conﬁtetur,
2797 2489 2864 2553 si,
2905 2487 3244 2541 inemendata
3274 2497 3329 2542 et
3361 2489 3539 2542 incor-

1963 2583 2132 2644 rcpta,
2161 2575 2382 2629 interius
2424 2577 2822 2644 pulchritudine
2862 2577 3016 2630 bonae.
3065 2577 3380 2642 voluntatis,
3425 2581 3543 2632 luce

1964 2667 2058 2722 Dei
2087 2668 2334 2735 imaginis
2359 2683 2696 2737 nequaquam
2727 2669 2936 2722 radiare
2967 2671 3328 2736 cognoscitur.
3360 2668 3541 2737 lmago

1963 2762 2163 2814 etenim
2215 2769 2270 2815 et
2338 2761 2629 2816 similitudo
2671 2759 2765 2814 Dei
2812 2767 2894 2813 est
2935 2760 3133 2830 iuclyto
3166 2760 3290 2814 odio
3343 2761 3540 2814 malum

1962 2854 2136 2919 odire,
2165 2861 2222 2906 et
2275 2867 2460 2906 amore
2514 2850 2753 2920 perfecto
2790 2850 2958 2904 Deum
3013 2849 3256 2918 diligere.
3302 2848 3451 2904 Unde
3489 2860 3542 2904 et

1964 2943 2230 3011 Propheta
2252 2941 2548 2994 claritatem
2582 2940 2774 2993 divinae
2802 2939 3164 2993 similitudinis
3204 2940 3271 2993 ab
3302 2941 3539 2993 humano

1961 3049 2156 3104 geni-re
2184 3033 2408 3104 periisse
2438 3033 2667 3098 intuens,
2694 3032 2758 3085 ad
2788 3045 2909 3086 eum
2929 3033 3034 3102 93
3069 3032 3162 3100 qui
3193 3047 3312 3085 cum
3342 3032 3540 3102 inclyta

1965 3130 2320 3199 repa‘rationis
2349 3135 2547 3180 nostra:
2587 3126 2702 3180 luce
2741 3124 2810 3179 de
2836 3125 2974 3178 ccelo
3001 3125 3144 3178 venit
3180 3124 3427 3194 respicit,
3457 3124 3542 3178 di-

1821 3183 1852 3236 ό
1881 3198 1926 3255 C
1956 3183 2084 3274 ceits
2123 3237 2135 3271 :
2175 3217 2415 3271 Dilexisti
2439 3216 2726 3286 justitiam,
2767 3222 2814 3266 et
2837 3212 2992 3266 odisti
3017 3183 3332 3282 iniquitatem
3365 3183 3538 3284 (llsal.

1957 3325 2103 3376 κων,
2133 3307 2210 3377 8).
2239 3307 2372 3361 1-1ἱιιε
2402 3320 2458 3360 se
2483 3306 2594 3374 jam
2617 3304 2682 3356 de
2711 3301 2824 3370 ejus
2857 3303 3312 3371 contemplatione
3343 3302 3394 3356 in
3428 3318 3542 3371 per-

1961 3400 2206 3454 fectionis
2229 3400 2450 3453 formam
2477 3404 2788 3450 renovatum
2808 3397 3170 3458 considerans,
3191 3396 3300 3449 ait:
3328 3394 3539 3465 Iniqnos

1955 3493 2073 3545 odio
2100 3490 2282 3555 habui,
2323 3501 2372 3543 et
2403 3490 2565 3560 legem
2593 3500 2731 3543 tuam
2760 3491 2918 3544 dilexi
2960 3488 3144 3560 (Psal.
3171 3503 3350 3551 cxvttt,
3380 3485 3538 3549 115).

1955 3580 2056 3647 Qui
2102 3594 2230 3647 ergo
2269 3579 2333 3632 de
2371 3578 2531 3633 domo
2560 3579 2770 3648 reprobi
2815 3593 2912 3649 per
2939 3577 3335 3631 confessionem
3366 3572 3539 3632 venit,

1953 3673 2046 3740 qui
2092 3688 2186 3740 per
2224 3671 2576 3724 humilitatem
2625 3685 2722 3740 pro
2761 3685 2820 3723 se
2859 3669 3005 3723 orari
3045 3667 3328 3721 Dominum
3374 3663 3537 3732 petit,

1954 3771 2104 3816 curet
2141 3761 2361 3815 omnino
2409 3775 2628 3814 necesse
2670 3767 2752 3814 851
2795 3768 2851 3812 111.
2894 3772 3172 3812 nummum
3223 3761 3535 3822 argenteum

1953 3851 2161 3916 oliernt,
2186 3860 2466 3921 quatenus,
2489 3859 2703 3919 sumpto
2728 3847 3013 3919 Splendore
3041 3847 3196 3900 boum
3227 3844 3540 3908 voluntatis,

1955 3939 2189 4009 perfecte
2219 3937 2396 3992 oderit
2424 3938 2622 3992 malum
2653 3937 2798 4004 quod
2834 3936 2986 4000 fecit,
3021 3942 3074 3988 et
3100 3935 3298 3988 bonum
3329 3933 3538 3998 integro

1952 4045 2136 4085 amore
2163 4029 2350 4097 diligat
2376 4029 2517 4097 quod
2556 4028 2872 4096 neglexerit.
2916 4025 3066 4080 Unde
3106 4033 3158 4079 et
3190 4025 3317 4092 justi
3343 4023 3540 4091 judicis

1953 4123 2201 4179 examine
2233 4120 2629 4192 propitiationis
2655 4119 2828 4174 edicta
2857 4118 3280 4188 promulgantur.
3315 4113 3378 4168 In
3411 4131 3540 4183 qua-

1951 4231 2145 4285 cunque
2173 4214 2284 4281 die,
2311 4214 2396 4267 vel
2441 4213 2600 4277 hora,
2645 4211 2749 4274 ait,
2782 4218 3020 4282 peccator
3063 4208 3402 4267 convertitur,
3436 4205 3541 4258 vita

1953 4307 2100 4370 vivet,
2121 4312 2291 4357 etnon
2313 4304 2559 4356 morietur
2582 4301 2792 4372 (Ezech.
2823 4315 2970 4364 xvnt,
2992 4298 3052 4351 2|
3068 4341 3082 4365 ,
3107 4295 3219 4366 27).
3243 4294 3540 4350 Conversio

1953 4402 2130 4449 autem
2160 4395 2461 4464 peccatoris
2489 4409 2594 4446 non
2626 4400 2706 4446 est
2741 4393 2792 4446 in
2823 4391 3122 4445 humilitate
3163 4385 3535 4448 confessionis,

1951 4482 2045 4537 sed
2090 4483 2142 4536 in
2183 4483 2534 4537 renovatione
2578 4481 2848 4535 interioris
2889 4479 3140 4543 hominis,
3173 4492 3295 4530 cum
3340 4489 3536 4544 pecca-

2105 4573 2214 4642 jam
2244 4573 2420 4626 divina
2455 4571 2801 4641 inspiratione
2823 4578 3090 4632 correcto,
3110 4576 3162 4620 et
3193 4565 3392 4619 malum
3424 4563 3537 4616 dis—

1959 4666 2123 4735 plicet
2168 4663 2312 4731 quod
2338 4665 2559 4728 amavit,
2579 4671 2634 4716 et
2653 4663 2850 4715 bonum
2875 4660 3050 4730 placet
3071 4657 3214 4724 quod
3245 4655 3377 4708 odit.
3401 4652 3536 4706 Nam

1959 4765 2083 4810 sunt
2105 4752 2344 4807 nonnulli
2373 4752 2463 4820 qui
2492 4766 2551 4805 se
2577 4760 2631 4804 et
2647 4751 2713 4804 de
2744 4749 2980 4817 nequitia
3001 4743 3533 4806 accusantcriminis,

1960 4853 2015 4898 et
2044 4841 2359 4912 pravitatem
2389 4855 2494 4894 non
2525 4839 2800 4907 corrigunt
2829 4836 3134 4892 voluntatis.
3167 4834 3266 4901 Qui
3298 4832 3536 4903 profecto

1962 4933 2203 4988 coaverti
2234 4931 2299 4984 ad
2330 4931 2608 4985 Dominum
2633 4945 2739 4983 non
2769 4927 3076 4991 creduntur,
3099 4926 3222 4994 quia
3250 4940 3378 4978 vera
3406 4938 3536 4978 con-

1959 5025 2136 5078 versio
2182 5023 2234 5076 in
2273 5037 2368 5076 ore
2398 5038 2504 5075 non
2529 5020 2808 5090 accipitur,
2841 5017 2937 5072 sed
2979 5017 3030 5071 in
3071 5017 3254 5071 corde.
3285 5015 3535 5070 Converti

1955 5115 2155 5169 etenim
2203 5113 2360 5168 simul
2389 5112 2524 5166 verti
2554 5119 2655 5165 est.
2686 5109 2975 5166 Conversio
3017 5110 3197 5177 itaque
3235 5107 3535 5177 peccatoris

1956 5220 2082 5260 vera
2113 5213 2239 5258 tunc
2266 5211 2368 5266 est,
2399 5218 2520 5257 cum
2551 5201 2616 5255 ad
2643 5201 2914 5256 Creatoris
2943 5200 3111 5255 nostri
3139 5198 3531 5267 beneplacitmn

1957 5306 2182 5364 uterque
2204 5302 2388 5348 noster
2424 5293 2588 5347 homo
2627 5291 2915 5358 reducitur,
2948 5306 3070 5346 cum
3101 5297 3155 5344 et
3184 5304 3310 5344 caro
3352 5296 3532 5342 nostra

1956 5402 2052 5455 per
2080 5383 2374 5452 iniquitatis
2403 5383 2583 5437 odium
2621 5383 2901 5437 cohibetur
2926 5397 2954 5434 a
3001 5379 3402 5451 perpetratione
3449 5378 3533 5431 fa-

1958 5474 2174 5540 cinoris,
2205 5481 2260 5527 et
2287 5487 2382 5542 per
2409 5487 2647 5528 amorem
2670 5473 2892 5541 justitize
2921 5487 3072 5526 mens
3099 5484 3158 5524 so
3186 5467 3428 5524 extendit
3465 5467 3533 5520 ad

1959 5562 2310 5617 intentionem
2355 5560 2511 5615 bona}
2561 5559 2911 5630 operationis.
2963 5559 3069 5614 Sed
3117 5558 3242 5626 quia
3290 5556 3532 5611 nonnulli

1956 5654 2094 5708 intra
2117 5651 2408 5706 Ecclesiam
2447 5658 2588 5716 sunt,
2620 5651 2710 5720 qui
2742 5658 2948 5704 tantum
2979 5649 3030 5703 in
3060 5648 3182 5702 vita:
3210 5661 3318 5702 sum
3348 5646 3532 5701 termi-

1959 5761 2083 5801 num
2114 5743 2179 5800 ad
2208 5743 2534 5815 pmnitentiat
2553 5740 2969 5800 satisfactionem
2988 5740 3228 5809 veniunt,
3253 5747 3308 5796 et
3329 5739 3530 5810 judicio
