4000 6288
176 331 274 382 125

987 321 1051 376 IN
1094 321 1353 377 Nihili.“
1399 323 1633 378 REGUM
1680 323 2192 380 EXPOSITIONES.
2227 357 2294 366 —
2337 327 2461 382 LIB.
2497 329 2558 383 11.

3346 349 3452 404 liii

172 461 288 499 cum
327 450 636 511 correptum
679 452 740 492 se
774 451 893 492 esse
938 444 1278 506 pcccatorem
1323 435 1590 502 insinuat,
1621 451 1759 504 prm-
1792 441 1836 497 Λ
1867 434 2173 504 proﬁciunt,
2199 440 2243 494 si
2270 441 2336 494 ad
2357 441 2692 498 altitudinem
2721 446 3035 502 meritorum
3057 459 3111 504 et
3135 452 3451 516 fortitudine

170 536 348 601 sumit,
378 534 603 588 dicens:
638 530 712 584 Tu
741 547 814 596 cs,
850 529 1097 592 Domine,
1129 529 1214 599 qui
1244 528 1511 581 restituisti
1537 527 1759 582 Iiwredi-
1857 539 2123 583 conantur
2149 531 2349 600 operis,
2380 540 2436 586 et
2464 534 2659 589 virtute
2690 535 3022 594 humilitatis.

172 639 322 682 tatem
358 641 530 679 meam
567 624 691 676 mihi
723 620 908 692 (Psal.
951 636 1040 685 xv,
1072 617 1158 688 εἰ).
1186 619 1249 672 Et
1279 619 1404 672 item
1451 617 1752 684 conlidens,

171 719 281 771 ait:
315 713 569 780 Quoniam
614 730 718 768 non
766 712 1090 781 derelinques
1129 710 1358 762 animam
1388 725 1554 762 meam
1588 711 1643 763 in
1673 710 1755 762 in-

171 812 312 878 ferno
339 805 531 874 (lbid.,
563 803 684 873 10).
717 804 828 858 Via:
857 817 1090 870 namque
1129 803 1250 856 vita:
1292 801 1566 871 peccatori
1614 811 1754 856 nota:

172 904 297 955 tiunt
320 899 533 964 quando
553 896 876 952 afflictiones
907 895 1236 966 pmnitentize
1259 895 1308 948 ei
1335 895 1590 950 divinitus
1620 895 1751 948 insi-

171 998 416 1054 nitantur,
439 986 658 1057 quando
686 986 933 1039 videlicet
975 983 1274 1038 illuminata
1302 992 1483 1038 mente
1508 983 1755 1037 conside-

169 1091 247 1136 rat
267 1096 422 1148 quam
445 1080 569 1131 vitae
593 1077 1004 1130 amaritudinem
1029 1072 1252 1142 singulis
1273 1074 1556 1142 praeterita:
1579 1073 1752 1142 culpa:

169 1169 606 1227 delectationibus
663 1175 916 1237 apponat.
976 1165 1076 1231 Qui
1131 1163 1378 1218 nimirum
1434 1179 1556 1219 cum
1602 1165 1749 1217 vultu

170 1260 544 1327 omnipotentis
576 1259 670 1312 Dei
711 1257 945 1324 jucunda
991 1256 1168 1310 laetitia
1197 1255 1476 1324 adimp'eri
1500 1265 1523 1288 ⁸·
1555 1256 1750 1323 gloria-

171 1361 272 1417 tur,
299 1350 419 1418 quia
446 1349 516 1404 de
547 1349 832 1403 manifesta
860 1347 1053 1401 divina:
1080 1346 1552 1420 contemplationis
1587 1347 1752 1401 satie-

173 1451 274 1495 tatc
295 1438 542 1501 reficitur,
571 1446 629 1492 et
648 1438 739 1508 qui
763 1440 815 1490 in
838 1437 966 1490 lmva
990 1437 1112 1490 vita:
1137 1435 1414 1504 praesentis
1441 1435 1506 1488 ad
1538 1447 1749 1504 tempus

170 1531 464 1602 poiuitenda
485 1529 887 1599 compungitur,
908 1529 961 1581 in
986 1528 1172 1582 dextra
1195 1536 1410 1580 :eterna:
1432 1528 1554 1580 vita:
1580 1542 1747 1594 usque

170 1627 219 1678 in
248 1623 398 1677 linem
439 1618 888 1675 delectationibus
933 1619 1178 1672 satiatur.
1223 1615 1323 1683 Qui
1368 1631 1496 1686 ergo
1547 1624 1746 1670 tortam

170 1716 311 1784 panis
338 1712 562 1778 obtulit,
594 1711 663 1766 ad
692 1711 946 1766 buccellie
975 1709 1365 1764 comestionem
1413 1709 1742 1778 perducitur,

1925 618 1978 711 2.
2014 620 2132 686 Quo
2164 621 2215 675 in
2244 622 2364 677 loco
2405 632 2490 678 est
2524 625 2665 679 aliud
2695 628 2838 695 quod
2877 631 3052 685 notari
3075 633 3307 690 debeat:
3337 641 3450 711 96

1856 710 1981 780 quia
2021 718 2150 766 tunc
2196 711 2415 767 Samuel
2458 730 2641 770 coram
2690 716 2808 772 llcli
2864 719 3094 776 Domino
3142 710 3449 786 ministrare

1855 801 2182 864 ostenditur,
2215 804 2436 872 quando
2478 805 2594 873 ipse
2641 807 2708 860 de
2757 807 2990 864 liliorum
3044 813 3368 883 negligentia
3417 837 3448 874 a

1856 888 2084 944 Dom'no
2114 891 2447 960 olujurgatur.
2480 894 2730 952 Nonnulli
2771 914 3005 969 namque
3032 904 3286 975 subjecti,
3317 910 3444 964 dum

1855 979 2181 1038 fortitudinis
2231 1000 2340 1039 sua:
2387 987 2604 1040 modum
2665 991 3049 1062 considerant,
3098 997 3444 1064 przelatorutn

1853 1087 2074 1128 suorum
2107 1077 2312 1131 malunt
2341 1092 2461 1132 esse
2499 1081 2675 1134 severi
2719 1081 2929 1150 judices
2976 1100 3139 1154 quam
3171 1089 3449 1146 auditores

1852 1166 1948 1234 pii.
1981 1165 2082 1232 Qui
2106 1168 2354 1222 nimirum
2384 1170 2508 1239 quia
2535 1185 2862 1240 exaggerari:
2890 1187 2944 1230 et
2964 1175 3232 1233 discutere
3258 1195 3446 1234 eorum

1853 1257 1989 1312 vitas
2037 1270 2466 1325 consueverunt,
2500 1263 2543 1315 si
2583 1263 2634 1316 in
2681 1280 2868 1319 eorum
2922 1271 3334 1326 conversatione
3363 1274 3448 1326 vel

1853 1347 2069 1402 levioris
2099 1349 2278 1406 delicti
2311 1353 2548 1408 maculas
2577 1354 2876 1420 intuentur,
2906 1359 3060 1412 subdi
3088 1376 3277 1415 eorum
3311 1378 3450 1431 pra:-

1852 1445 2010 1505 cepto
2037 1437 2341 1494 obediendo
2367 1452 2619 1497 renuunt.
2651 1443 2758 1498 Sed
2783 1461 2910 1500 vere
2937 1447 3105 1502 fortes
3129 1450 3446 1516 existerent,

1851 1526 1897 1581 si
1929 1525 2190 1596 majoru-n
2222 1545 2344 1599 quin
2383 1529 2593 1587 inﬁrma
2641 1534 2951 1589 existimant
2980 1537 3257 1592 humiliter
3281 1541 3448 1593 susti-

1851 1626 2063 1672 nerent.
2115 1619 2248 1674 Nam
2298 1629 2424 1676 ante
2457 1623 2622 1678 Deum
2654 1624 2744 1680 ille
2773 1640 3000 1694 magnus
3049 1643 3147 1696 per
3195 1631 3447 1684 meritum

1852 1707 2118 1772 noscitur,
2145 1710 2236 1777 qui
2265 1710 2314 1763 ei
2346 1711 2398 1765 in
2439 1713 2585 1767 bono
2631 1725 2904 1784 prmcepto
2948 1718 3231 1784 subjicitur
3259 1721 3348 1788 qui
3380 1738 3444 1775 ex

169 1807 279 1875 quia
307 1804 394 1874 qui
431 1817 622 1858 amore
667 1815 912 1870 superna:
945 1801 1066 1853 vita:
1115 1800 1306 1853 noxias
1357 1799 1747 1853 de‘ectationes
1782 1804 1823 1871 ιι
1853 1806 2006 1864 parte
2025 1799 2203 1868 aliqua
2234 1803 2559 1857 venerabilis
2586 1819 2694 1858 non
2723 1806 2952 1859 videtur.
2987 1806 3129 1863 Ecce
3157 1809 3298 1863 enim
3330 1810 3446 1863 ΠρεΙὶ

167 1894 473 1960 cruciat,.iu
519 1891 792 1946 discubitu
838 1889 1023 1944 aeterni
1070 1889 1248 1958 gaudii
1296 1888 1398 1942 sibi
1429 1897 1742 1959 perpetuam

167 1985 500 2039 refvctionem
530 1991 714 2053 parat.
741 1981 1031 2051 Sequitur:

765 2109 992 2165 CAPUT
1034 2110 1121 2165 ιν.

229 2225 266 2290 (l
298 2225 425 2293 Reg.
457 2241 538 2288 ttt,
575 2224 652 2289 1.)
680 2222 817 2277 Puer
837 2231 1006 2276 autem
1029 2221 1246 2276 Samuel
1271 2221 1598 2276 ministrabat
1633 2222 1741 2277 Do-

163 2321 291 2372 mino
316 2333 485 2370 coram
519 2316 574 2370 11
583 2318 671 2370 eli.

229 2430 276 2482 l.
313 2427 443 2482 ll’ud
483 2437 670 2482 autem
702 2428 806 2482 hoc
843 2428 896 2481 in
929 2428 1051 2483 loro
1082 2428 1360 2498 repetiisse
1403 2427 1738 2495 OSIenditur,

164 2520 291 2587 quol
317 2518 381 2572 de
400 2517 580 2572 electo
611 2533 778 2587 puero
797 2519 1048 2588 superius
1077 2527 1428 2585 memoratur,
1452 2518 1538 2571 tibi
1571 2517 1737 2572 dicit:

169 2611 292 2662 l’uer
311 2619 474 2661 autent
502 2609 725 2662 Samuel
761 2619 872 2662 erat
895 2609 1204 2664 ministeria
1226 2617 1500 2678 conspectu
1531 2607 1741 2662 Domini

166 2709 273 2752 ante
292 2701 467 2769 [aciem
492 2697 642 2753 Heli.
674 2697 790 2753 Hoc
813 2699 1027 2769 quidem
1055 2708 1137 2754 est
1179 2698 1484 2752 ministrare
1513 2697 1742 2752 Domino

166 2807 332 2846 curant
353 2790 485 2856 Heli,
510 2791 660 2860 quod
689 2805 810 2846 esse
833 2791 1132 2844 ministrum
1160 2789 1370 2845 Domini
1394 2799 1520 2844 ante
1551 2788 1740 2842 faciem

170 2883 292 2937 llel-.
340 2883 403 2936 Et
431 2883 562 2952 quia
605 2883 676 2937 ibi
724 2884 896 2948 istud,
923 2881 1153 2936 Domino
1193 2881 1499 2949 adjuvante,
1532 2879 1743 2949 plenius

167 2973 508 3040 exposuimus,
540 2973 594 3026 in
618 2973 858 3027 iteranda
881 2971 997 3040 ejus
1025 2971 1365 3040 expositione
1391 2969 1604 3038 penitus
1634 2983 1740 3021 non

167 3079 436 3117 moramur.
469 3062 671 3116 Verum
697 3062 822 3130 quia
852 3062 1063 3114 divinus
1095 3075 1275 3114 sermo
1303 3068 1405 3125 est,
1438 3059 1529 3127 qui
1559 3059 1663 3112 hoc
1688 3059 1739 3111 in

1846 1895 2032 1953 aperta
2062 1887 2158 1942 Dei
2184 1891 2451 1944 sententia
2491 1891 2560 1946 de
2606 1894 2945 1962 negligentia:
2991 1912 3101 1951 sum
3139 1907 3444 1967 perpetrata

1845 1977 2002 2046 culpa
2034 1980 2464 2048 reprehenditur,
2495 1983 2590 2036 sed
2619 1998 2751 2052 puer
2774 1984 2988 2040 Domini
3019 1986 3238 2042 Samuel
3261 2004 3443 2043 coram

1845 2082 1911 2121 eo
1938 2069 2242 2124 ministrare
2269 2070 2498 2126 Domino
2538 2083 2891 2140 memoratur,
2937 2084 2995 2129 ut
3024 2075 3272 2145 profecto
3302 2079 3444 2145 apud

1843 2172 1906 2212 se
1931 2159 2152 2228 colligat
2197 2163 2371 2230 qualis
2397 2161 2466 2216 sit
2494 2163 2586 2230 qui
2617 2164 2670 2217 in
2720 2165 2906 2226 leviori
2940 2166 3098 2236 culpa
3125 2168 3227 2222 sibi
3256 2167 3444 2238 praela-

1843 2257 1959 2302 tum
2007 2249 2274 2319 despicit,
2318 2244 2459 2306 si‘ei
2492 2268 2550 2306 se
2579 2252 2801 2308 Samuel
2850 2255 3155 2311 obedicndo
3207 2258 3448 2311 subdidit

1843 2353 2006 2406 quem
2024 2341 2369 2410 omnipotens
2393 2341 2533 2396 Deus
2553 2343 2633 2396 sui
2648 2345 2919 2400 examinis
2941 2354 3088 2400 tanta
3110 2347 3447 2402 districtione

1844 2430 2176 2498 reprobavit.
2204 2431 2308 2485 Sed
2338 2432 2465 2500 quia
2497 2431 2615 2486 lleli
2647 2449 2755 2488 non
2789 2436 2941 2490 valde
2969 2451 3129 2505 supra
3160 2445 3446 2505 peccantes

1844 2518 2087 2574 subditos
2134 2519 2434 2576 honmasse
2482 2522 2930 2591 reprehenditur,
2984 2525 3114 2594 ipsa:
3163 2540 3443 2580 sacrorum

1843 2609 2093 2664 ordinum
2121 2611 2412 2679 dignitates
2437 2612 2726 2680 pensandze
2771 2623 2918 2669 sunt.
2952 2613 3083 2668 Nam
3105 2625 3287 2671 rector
3316 2632 3444 2686 pec-

1844 2710 2055 2756 cantem
2105 2702 2378 2757 subditum
2427 2703 2532 2757 nisi
2577 2714 2889 2774 correptum
2936 2706 3213 2761 honorare
3259 2708 3440 2772 debet,

1843 2791 2119 2858 subjectus
2147 2803 2328 2846 autem
2375 2808 2478 2847 nec
2510 2801 2636 2847 tunc
2675 2794 2958 2863 prailatum
2987 2796 3287 2866 despicere,
3317 2813 3439 2851 cuin

1845 2898 1906 2937 se
1935 2885 2138 2951 justum
2172 2894 2226 2937 ct
2257 2885 2402 2938 illum
2434 2886 2716 2953 agnoverit
2743 2895 3104 2954 peccatorem,
3138 2887 3263 2954 quia
3293 2896 3445 2940 mter-

1845 2992 1945 3029 nus
1968 2974 2133 3043 judex
2162 2975 2497 3029 subditorum
2521 2975 2779 3043 judicium
2822 2986 3026 3031 sancta:
3053 2974 3311 3031 Ecclesia:
3353 2991 3442 3030 re-

1845 3068 2086 3122 ctoribus
2138 3066 2355 3130 tribuit,
2405 3066 2500 3120 sed
2546 3065 2766 3120 eosdem
2806 3076 3048 3122 rectores
3075 3066 3444 3122 discutiendos

167 3153 258 3210 isto
305 3155 439 3218 loco,
469 3164 528 3208 et.
563 3155 613 3207 in
644 3154 737 3208 illo
781 3152 1038 3224 loquitur,
1087 3153 1204 3207 sine
1240 3151 1472 3206 utilitate
1516 3151 1742 3205 rationis
1767 3181 1813 3240 ρ
1845 3175 1944 3214 suo
1973 3157 2210 3212 examini
2237 3156 2552 3212 reservavit.
2587 3154 2704 3211 Hoc
2733 3165 2916 3212 tamen
2945 3155 3117 3225 ipsum
3138 3155 3443 3210 rectoribus

169 3259 479 3313 nequaquam
501 3245 612 3299 hoc
637 3244 808 3312 egisse
825 3251 1172 3298 monstratur.
1197 3242 1302 3297 Pro
1322 3241 1534 3297 fastidio
1558 3243 1737 3309 itaque

170 3334 362 3391 lecturis
411 3335 854 3406 explanationem
911 3344 1188 3398 tacemus,
1237 3334 1572 3404 repetitionis
1609 3349 1738 3388 vero

170 3440 360 3478 causam
387 3425 617 3480 dicimus
645 3425 712 3479 ad
738 3425 856 3493 ejus
884 3424 1190 3479 utilitatem.
1236 3423 1466 3489 Quidam
1505 3437 1740 3491 namque

169 3515 485 3582 pnelatoi-um
530 3523 740 3568 sancta:
789 3513 1035 3569 Ecclesia:
1073 3512 1386 3580 magisterio
1413 3512 1612 3566 subditi
1643 3528 1736 3565 ru-

168 3603 252 3657 des
271 3604 554 3668 obediunt;
585 3604 682 3658 sed
707 3619 828 3658 cum
858 3603 1019 3673 paulo
1050 3604 1212 3657 altius
1242 3617 1337 3672 per
1366 3602 1736 3657 conversatio-

171 3709 276 3750 nem
318 3695 632 3765 proficiunt,
663 3696 715 3750 in
742 3697 931 3751 eadem
963 3695 1283 3751 obedientim
1312 3696 1613 3750 humilitate
1643 3711 1738 3750 ne-

168 3804 408 3858 quaquam
457 3791 780 3861 persistunt.
825 3789 974 3857 Quos
1013 3791 1149 3845 bene
1178 3790 1320 3858 Agar
1349 3789 1495 3844 Sara:
1542 3789 1735 3845 ancilla

170 3880 456 3948 spiritaliter
492 3883 762 3951 designat,
793 3898 913 3953 qua:
941 3899 1061 3937 cum
1083 3882 1152 3938 de
1181 3884 1448 3936 Abraham
1477 3885 1592 3936 viro
1621 3880 1736 3950 ejus

169 3971 460 4040 tonccpisse
477 3985 541 4026 se
561 3971 712 4035 vidit,
728 3971 1000 4027 dominam
1022 3973 1331 4042 despexerit
1351 3971 1507 4042 (Gen.
1527 3988 1631 4037 xvi,
1656 3969 1732 4040 5).

169 4059 292 4127 Agar
315 4063 506 4131 quippe
536 4063 779 4132 concipit
804 4063 1019 4133 quando
1050 4064 1278 4133 reproba
1327 4079 1480 4118 mens
1507 4064 1730 4126 subditi,

169 4159 249 4202 aut
286 4165 373 4218 per
399 4151 761 4207 eruditionem
810 4153 1048 4207 scientia:
1077 4169 1138 4206 se
1167 4152 1464 4218 prolicere,
1497 4161 1591 4208 aut
1637 4167 1735 4222 per

169 4240 277 4292 vita:
294 4243 778 4309 ci-uversazionem,
805 4244 994 4299 credit.
1027 4243 1158 4310 Quae
1188 4244 1432 4314 profecto
1455 4256 1735 4311 praegnans

167 4330 411 4386 dominam
458 4350 616 4389 suam
643 4335 956 4405 despexisse
993 4335 1214 4400 dicitur,
1235 4335 1358 4404 quia
1384 4333 1497 4403 jam
1546 4335 1732 4402 ντίηεὶ-

169 4421 296 4478 denti
337 4427 432 4480 sibi
483 4428 760 4497 prtepOsiti
809 4427 890 4482 sui
932 4428 1194 4480 voluntati
1243 4443 1340 4497 per
1368 4427 1731 4482 obedientiam

167 4515 300 4568 subdi
319 4517 658 4586 dedignatur.
691 4516 798 4572 Sed
824 4533 941 4586 qua:
963 4517 1238 4572 dominatu
1265 4517 1509 4586 despicit,
1538 4517 1728 4571 ancilla

167 4620 267 4660 esse
285 4609 612 4676 perhibetur,
641 4611 768 4679 quia
794 4610 1271 4680 superbi'suhjeCIi
1301 4621 1355 4664 it
1377 4611 1573 4664 inlirnti
1602 4619 1730 4664 suat

167 4715 249 4766 per
272 4701 578 4770 elationem,
608 4712 665 4756 et
688 4705 754 4756 ad
783 4704 1010 4757 ﬁliorum
1043 4702 1138 4756 Dei
1169 4718 1448 4756 numerum
1479 4717 1585 4755 non
1619 4716 1735 4771 per-

167 4792 374 4858 lingunt.
421 4794 690 4849 Samuelis
735 4804 915 4847 autem
964 4793 1236 4863 profectus
1265 4793 1574 4863 exponitur,
1604 4793 1731 4861 quia

162 4883 385 4949 Superius
413 4885 614 4940 dictum
657 4894 738 4939 est
767 4903 781 4937 :
816 4885 954 4938 Puer
978 4894 1150 4936 autem
1179 4883 1390 4937 Samuel
1429 4883 1734 4952 proﬁciebat

164 4968 254 5023 δεῖ
289 4976 542 5028 crescebat
587 4985 635 5029 et
675 4975 912 5044 placebat
955 4984 1062 5028 tant
1107 4973 1217 5027 Deo
1241 4990 1395 5042 quant
1443 4972 1732 5026 hominibus

163 5048 612 5136 {I'tteg.u,18).
660 5066 787 5132 Qua:
831 5063 1073 5134 prolecto
1117 5075 1215 5117 tra
1245 5080 1349 5132 qua
1400 5065 1726 5118 subzimitate

163 5157 563 5210 conversationis
582 5156 928 5225 percurrerit,
946 5171 1107 5224 supra
1129 5155 1433 5224 expositum
1457 5164 1556 5208 est.
1591 5154 1723 5222 Quia

163 5254 276 5310 ergo
301 5245 455 5298 etiam
495 5261 636 5300 nunc
676 5261 857 5300 coram
898 5245 1155 5314 magistro
1185 5246 1486 5300 ministrare
1517 5262 1723 5301 memo-

165 5340 312 5396 ratur,
337 5334 459 5401 quid
490 5343 592 5398 est,
621 5335 720 5388 nisi
751 5335 873 5401 quia
904 5335 1089 5389 electis
1136 5335 1471 5389 auditoribus
1499 5336 1723 5389 l‘oxmam

166 5422 366 5488 przcbvt,
392 5435 448 5478 ut
468 5441 577 5493 qtto
605 5425 780 5479 altiori
803 5425 911 5478 vita
941 5424 1246 5494 proficiunt,
1277 5441 1495 5481 servare
1525 5427 1723 5480 bonum

165 5515 458 5574 obcdicntia:
495 5535 767 5588 nunquam
799 5519 1220 5573 obliviscantur?
1268 5517 1401 5572 Nam
1444 5527 1572 5574 tunc
1598 5535 1725 5575 vetc

201 5707 250 5774 ι·
282 5699 523 5758 Mendisc
549 5703 742 5773 legitur
785 5702 836 5755 in
875 5699 1123 5755 omnibus
1152 5699 1348 5755 nostris
1393 5697 1560 5754 Editis
1605 5699 1719 5770 glo:

171 5780 367 5824 "ullllll’.

1845 3251 2000 3306 valde
2049 3252 2347 3304 timendum
2379 3255 2496 3316 est,
2526 3248 2671 3318 quod
2725 3248 2820 3302 Dei
2870 3257 3157 3304 servantur
3185 3249 3441 3314 examini,

1842 3345 1968 3413 quia
1997 3351 2148 3397 tanto
2174 3341 2484 3397 subtiliores
2522 3341 2762 3396 rationes
2799 3340 2924 3394 vita:
2951 3348 3007 3394 et
3030 3339 3292 3393 doctrinae
3325 3354 3438 3393 sua:

1845 3450 2036 3504 parare
2093 3433 2330 3500 debent,
2359 3443 2564 3502 quanto
2617 3432 2916 3502 sapientior
2939 3441 3024 3486 est
3067 3430 3233 3500 judex
3277 3446 3436 3499 quem

1841 3526 2126 3579 sustinent.
2161 3523 2268 3578 Nec
2299 3531 2507 3578 tantum
2538 3522 2655 3591 ejus
2699 3523 2936 3577 futurum
2976 3521 3240 3592 judicium
3272 3522 3327 3575 in
3357 3522 3441 3574 luo

1843 3624 1962 3669 tura
1994 3616 2100 3669 vita
2126 3658 2140 3680 ,
2173 3614 2326 3685 quasi
2373 3613 2428 3668 in
2472 3615 2765 3684 longinquo
2797 3613 3056 3683 positum,
3090 3614 3339 3677 timeant,
3372 3628 3440 3666 ne

1841 3709 1932 3776 qui
1964 3707 2161 3775 ubique
2212 3721 2447 3775 prmsens
2483 3714 2565 3761 est
2613 3705 2887 3760 incautum
2933 3703 3092 3758 feriat
3137 3704 3206 3758 de
3234 3703 3435 3758 vicino.

1839 3796 2179 3864 Negligcntes
2210 3811 2444 3863 namque
2494 3803 2738 3862 pastores
2767 3794 2832 3846 ad
2865 3791 3195 3848 evadendam
3245 3793 3438 3846 futurae

1840 3887 2087 3940 vindicta:
2117 3901 2329 3955 poenam
2362 3885 2517 3952 IOnga
2550 3884 2672 3937 vitae
2709 3882 2992 3952 praesentis
3021 3882 3194 3950 spatia
3221 3881 3286 3934 ad
3319 3897 3435 3950 βω·
3487 3933 3497 3941 ,

1841 3993 1964 4030 nam
1993 3977 2266 4046 cogitant;
2315 3975 2410 4031 sed
2437 3973 2623 4043 jttdex,
2669 3973 2761 4042 qui
2803 3973 3002 4040 ubique
3031 3981 3136 4037 est,
3163 3971 3230 4027 de
3258 3972 3437 4026 vicino

1843 4067 2214 4137 paenitentiam
2247 4067 2450 4132 irrogat
2473 4103 2490 4126 ,
2537 4065 2660 4134 quia
2689 4065 2838 4132 prius
2866 4063 2944 4116 eis
2975 4064 3152 4116 lumen
3187 4072 3434 4118 contem-

1838 4154 2089 4224 plationis
2118 4154 2406 4217 subtrahit,
2440 4154 2635 4207 deinde
2664 4151 2732 4205 ad
2764 4159 3035 4206 tormenta
3075 4167 3172 4221 per
3206 4161 3435 4206 mortem

1837 4247 1996 4314 rapit.
2031 4244 2182 4299 Unde
2213 4253 2270 4298 et
2298 4244 2368 4297 de
2393 4245 2584 4296 eodem
2617 4241 2753 4307 Heli,
2786 4243 2876 4312 qui
2906 4241 2974 4296 de
3002 4242 3163 4310 paulo
3193 4242 3434 4307 inferius,

1837 4340 2003 4396 fracta
2034 4339 2266 4402 cervice,
2302 4340 2549 4400 inuritur,
2583 4334 2928 4404 subjunctum
2958 4345 3080 4390 est:

1908 4431 2082 4501 (Vera.
2110 4431 2188 4500 1.)
2221 4429 2288 4483 In
2313 4429 2492 4483 diebus
2521 4429 2628 4483 illis
2659 4445 2763 4482 non
2793 4437 2908 4481 erat
2938 4427 3065 4480 visio
3094 4425 3396 4496 manifesta.

1905 4521 1960 4576 5.
2001 4520 2132 4574 Nam
2179 4520 2305 4574 dum
2352 4529 2531 4574 rector
2575 4518 2778 4587 agenda
2829 4532 2946 4585 quin
2978 4517 3126 4570 novit
3171 4514 3422 4582 despicit,

1836 4615 2011 4682 agitur
2030 4628 2150 4667 cum
2176 4627 2241 4665 eo
2261 4613 2504 4665 districto
2523 4611 2750 4679 judicio,
2785 4618 2842 4661 ut
2873 4607 3076 4675 agenda
3101 4623 3208 4660 non
3232 4604 3434 4668 videat,

1835 4708 1960 4774 quia
1993 4707 2217 4774 implere
2255 4705 2427 4756 noluit
2449 4705 2592 4771 quod
2620 4703 2851 4755 videbat.
2887 4698 3164 4752 Manife-ta
3201 4713 3432 4764 namque

1837 4797 1969 4851 visio
1996 4795 2311 4863 negligentis
2340 4794 2572 4862 pastoris
2601 4809 2709 4846 non
2738 4800 2840 4854 est,
2871 4791 2962 4844 Sed
2993 4788 3245 4842 amantis.
3279 4785 3433 4840 Unde

1839 4897 1894 4941 et
1923 4903 2018 4956 per
2043 4888 2272 4954 seipsant
2305 4885 2516 4938 Veritas
2543 4883 2676 4936 dicit
2703 4899 2716 4934 :
2752 4881 2850 4946 Qui
2880 4879 3049 4950 diligit
3079 4895 3160 4930 me
3190 4878 3434 4947 diligetur

1833 4999 1865 5032 (ι
1911 4981 2070 5033 Patre
2103 4995 2243 5042 meo,
2285 4986 2334 5030 et
2377 4992 2470 5047 ego
2499 4974 2712 5044 diligant
2755 4988 2902 5033 eum,
2934 4980 2982 5024 et
3008 4969 3354 5038 manifestabo
3383 4968 3430 5020 ci

1833 5071 2082 5135 meipsum
2106 5066 2285 5138 (Joan.
2318 5081 2427 5129 xtv,
2459 5060 2573 5132 2|).
2603 5061 2832 5116 Claritas
2872 5074 3102 5124 namque
3132 5056 3430 5110 manifeste

1835 5157 2070 5223 visionis,
2103 5165 2185 5210 est
2214 5155 2472 5210 revelatio
2501 5160 2691 5206 amaur
2723 5150 2985 5204 veritatis.
3020 5147 3152 5214 Quae
3181 5145 3427 5216 profecto

1830 5252 2031 5305 veritas
2076 5250 2120 5303 si
2167 5249 2362 5302 merito
2401 5245 2712 5301 dilectionis
2740 5241 3066 5305 ostenditur,
3101 5239 3164 5294 iis
3193 5238 3284 5308 qui
3316 5247 3430 5291 tor-

1829 5352 1961 5412 pent
2004 5358 2033 5394 a
2086 5343 2228 5395 bono
2276 5353 2442 5408 opere
2479 5335 2790 5404 dignissime
2837 5333 3159 5394 occultatur,
3189 5329 3316 5396 quia
3355 5328 3430 5382 si-

1829 5444 1990 5496 gnum
2015 5430 2215 5484 amoris
2237 5445 2342 5482 non
2370 5437 2454 5481 est
2480 5427 2532 5481 in
2563 5423 2850 5479 affectione
2880 5421 3068 5484 animi,
3100 5419 3194 5474 sed
3225 5419 3278 5472 in
3306 5426 3426 5472 stu-

1829 5522 1920 5576 dio
1951 5522 2105 5576 bona:
2131 5519 2483 5590 operationis.
2511 5515 2666 5572 Unde
2687 5525 2743 5571 et
2770 5515 2822 5570 in
2852 5511 3140 5581 Evangelio
3171 5509 3430 5565 Dominus

1841 5698 1926 5823 υἱ)
1951 5697 2225 5755 Omittitur
2257 5699 2308 5752 in
2339 5696 2603 5752 Gussauv.
2628 5703 2678 5749 ct
2704 5693 2963 5748 crescebat
2986 5700 3033 5745 et
3055 5689 3290 5761 placebat
3323 5703 3425 5746 tum

1891 5785 1968 5823 co.

1891 5785 1968 5824 σο.
