4000 6302
530 322 628 373 ΓῚ

526 429 802 500 praemisit,
836 426 1017 478 dicens
1051 442 1061 476 :
1096 421 1195 486 Qui
1226 423 1376 475 habet
1420 420 1666 474 mand.ta
1696 435 1828 484 mea,
1879 426 1926 470 et
1979 417 2104 486 facit
2137 417 2180 471 Α

525 537 585 572 ea
605 558 620 582 ,
652 518 733 570 Inc
774 526 848 569 est
877 515 963 586 qui
989 531 1066 566 me
1095 513 1262 582 diligit
1293 519 1308 581 (
1335 511 1470 564 Ibid.
1496 512 1532 579 ).
1563 510 1694 574 Quia
1726 521 1854 575 ergo
1897 507 1965 558 de
2009 519 2104 558 ne-

525 607 776 676 gligentia
827 606 1005 674 operis
1051 604 1223 670 caligo
1278 601 1565 654 incurritur
1603 601 1822 652 interna:
1853 595 2104 660 visionis,

528 708 650 766 apte
683 698 857 755 nimis.
882 696 1007 748 dum
1031 695 1097 746 de
1126 702 1433 761 contemptu
1456 691 1828 743 mandatorum
1857 685 2107 740 sacerdos

528 787 790 854 arguitur,
821 786 958 838 visio
985 785 1251 837 occultata
1278 790 1623 835 illeniorattir.
1668 779 1922 848 Sequitur
1947 795 1960 830 :

601 876 778 945 (Vers.
814 876 888 945 1.)
927 875 993 928 Et
1013 892 1179 928 sermo
1211 873 1418 928 Domini
1447 881 1558 924 erat
1589 873 1860 940 pretiosus.

600 967 653 1020 4.
696 967 964 1034 Quantum
993 967 1056 1019 ad
1086 981 1252 1020 sacra:
1277 965 1512 1018 historia:
1533 965 1813 1018 ver'tatem
1847 961 2109 1031 pertinet,

531 1059 825 1128 pretiosum
857 1073 953 1125 pro
993 1073 1117 1111 raro
1157 1055 1354 1124 posuit.
1411 1053 1680 1106 Pretiosos
1713 1052 1890 1121 itaque
1933 1065 2112 1106 sermo

533 1157 670 1208 erat,
695 1147 821 1215 quia
853 1145 976 1199 dum
1008 1160 1160 1199 rarus
1183 1152 1322 1198 esset
1347 1145 1434 1212 qui
1464 1157 1667 1194 summa
1701 1139 2114 1209 contemplanda

540 1245 822 1302 cerneret,
871 1236 1121 1304 frequens
1165 1250 1284 1290 esse
1319 1250 1427 1288 non
1472 1242 1680 1301 poterat
1722 1232 1809 1302 qui
1848 1231 1989 1284 bona
2039 1231 2114 1284 lo-

533 1328 748 1389 quendo
799 1327 1129 1394 praedicaret.
1175 1324 1328 1391 Quod
1382 1340 1523 1378 nunc
1570 1339 1786 1390 quoque
1832 1326 1885 1376 in
1933 1331 2115 1376 sancta

537 1417 773 1471 Ecilesia
807 1419 912 1486 97
958 1417 1071 1470 fieri
1116 1417 1385 1480 videmus,
1427 1416 1550 1483 quia
1599 1415 1724 1467 dum
1773 1414 2016 1482 plerique
2052 1413 2120 1466 de

535 1506 835 1560 reverentia
886 1506 1133 1560 culminis
1179 1505 1403 1572 gloriam
1434 1503 1688 1557 affectant
1713 1503 1964 1568 honoris,
1994 1502 2118 1554 dum

540 1596 679 1650 sacri
708 1595 911 1648 ordinis
935 1594 1229 1648 ministeria
1258 1593 1550 1660 negligant,
1575 1607 1778 1644 summa
1800 1605 1918 1658 quae
1941 1590 2121 1643 videre

537 1695 808 1752 nequeunt
839 1683 1093 1752 subjectis
1142 1684 1387 1752 plebibus
1423 1698 1530 1751 pra:
1554 1683 1714 1734 'icare
1741 1697 1846 1734 non
1875 1689 2117 1750 possunt,

1711 305 1951 360 SANCTI
1994 301 2319 355 GllEi.ZOR1I
2361 298 2568 353 ΜΜΣΝΙ

3687 299 3791 352 123

2281 411 2334 464 6.
2375 409 2588 464 Samuel
2613 410 2810 479 quippe
2840 426 2974 478 puer
2997 426 3024 463 a
3052 411 3280 466 Domino
3306 420 3532 466 vocatur
3572 414 3795 484 quoties

2206 503 2494 556 humilibus
2522 502 2778 570 subjectis
2804 503 2964 555 divini
2989 503 3200 557 consilii
3229 519 3423 558 arcana
3453 506 3794 572 revelantur,

2207 601 2261 647 et
2312 593 2627 646 humilitatis
2675 607 2785 645 suae
2837 594 3028 645 merito
3080 593 3260 646 lumen
3311 594 3796 662 contemplationis

2209 684 2508 746 acquirunt,
2544 682 2687 749 quod
2716 683 2978 749 superbiae
2998 697 3108 736 sua:
3134 683 3486 736 retributione
3506 684 3630 737 e'ati
3657 699 3796 752 pra:-

2211 773 2480 827 dicatores
2511 789 2606 841 per
2627 776 2760 826 lunt.
2793 772 2845 826 S:
2865 773 2897 826 d
2920 774 3209 826 notandum
3232 773 3352 842 quia
3379 775 3429 828 id
3453 776 3686 842 quadam
3711 775 3798 828 die

2213 863 2408 917 factum
2441 864 2759 930 ostenditur,
2791 872 2814 897 ιι
2845 879 2946 932 qua
2971 864 3221 918 videlicet
3251 864 3370 918 Heli
3394 878 3447 918 et
3473 866 3523 918 in
3549 867 3566 919 ι
3591 883 3671 921 τρο
3694 882 3797 920 suo

2206 952 2410 1019 jacere,
2451 961 2505 1006 et
2535 954 2713 1006 videre
2746 968 2850 1006 non
2880 967 3040 1022 posse
3070 954 3399 1022 perhibetur.
3432 955 3490 1008 In
3529 955 3617 1009 die
3644 973 3802 1009 nam-

2213 1059 2319 1112 que
2365 1054 2600 1104 vocatur,
2644 1043 2733 1110 qui
2767 1058 2863 1112 pro
2892 1059 2987 1096 sua
3025 1051 3080 1097 et
3119 1043 3344 1098 aliorum
3377 1047 3550 1099 salute
3600 1046 3671 1099 ad
3705 1062 3801 1099 su-

2219 1146 2394 1200 pernae
2439 1133 2717 1200 sapientiae
2764 1132 2983 1185 scienda
3040 1143 3250 1187 secreta
3297 1135 3618 1189 sustollitur.
3678 1134 3800 1202 Quo

2217 1234 2401 1278 contra
2438 1231 2493 1276 et
2530 1222 2782 1276 Salomon
2821 1223 3136 1291 sapientiam
3169 1224 3221 1276 in
3251 1233 3410 1278 nocte
3440 1227 3710 1294 percepit,
3748 1237 3805 1279 ut

2218 1315 2390 1382 caligo
2441 1313 2696 1382 temporis
2725 1313 2990 1367 indicaret
3026 1315 3150 1381 quia
3200 1319 3444 1370 eamdem
3483 1318 3806 1383 sapitntiam

2222 1422 2327 1459 non
2353 1414 2727 1475 perseveratus
2748 1405 3016 1473 acciperet
3037 1403 3154 1475 (III
3184 1405 3309 1475 Reg.
3334 1423 3409 1470 ιιι,
3435 1404 3486 1470 5,
3510 1407 3618 1472 1⁸2).
3648 1407 3805 1472 Quod

2221 1494 2444 1561 intelligi
2493 1505 2547 1547 et
2590 1497 2748 1548 aliter
2787 1503 2984 1564 potest,
3028 1497 3152 1562 quia
3191 1496 3438 1551 videlicet
3479 1497 3595 1550 Heli
3628 1498 3807 1566 caligo

2223 1595 2571 1640 memoratur.
2626 1584 2896 1640 Positione
2943 1586 3125 1654 itaque
3161 1587 3288 1652 diei,
3339 1588 3454 1655 ejus
3501 1589 3809 1644 ostenditur

2224 1681 2463 1747 magnitu
2487 1683 2534 1734 to
2561 1681 2836 1742 cmritatis,
2864 1681 2987 1748 quia
3022 1681 3265 1750 profecto
3305 1695 3524 1748 magnas
3555 1683 3810 1736 tenebras

536 1783 698 1844 atque
729 1776 778 1829 in
809 1790 993 1828 eorum
1025 1775 1220 1827 fami'ia
1248 1775 1510 1842 pretiosus
1555 1787 1730 1826 sermo
1759 1787 1876 1825 esse
1905 1785 2106 1838 cogno-
2141 1771 2185 1830 Β
2214 1771 2415 1834 habuit,
2441 1769 2529 1837 qui
2557 1771 2606 1822 in
2629 1770 2714 1823 die
2746 1785 2850 1822 non
2881 1770 3029 1822 vidit.
3058 1770 3206 1825 Nunc
3223 1785 3439 1839 quo1ue
3462 1772 3503 1824 si
3533 1773 3599 1823 ad
3625 1771 3810 1825 Eccle-

536 1867 901 1934 scitur,.qnia
951 1881 1074 1919 raro
1131 1867 1284 1919 bona:
1335 1864 1729 1934 praedicationis
1783 1864 2123 1917 hortamenta

536 1961 782 2025 audiunt,
815 1974 1041 2025 quorum
1092 1957 1300 2027 praelati
1331 1972 1394 2010 ex
1428 1955 1696 2010 desiderio
1741 1970 1850 2008 non
1881 1961 2126 2022 qumrunt

537 2063 769 2116 superna
797 2063 913 2117 quae
943 2048 1153 2113 dicant,
1200 2049 1293 2101 scd
1341 2056 1549 2101 terrena
1586 2062 1705 2115 qua:
1750 2053 1931 2116 agant.
1981 2045 2126 2110 Quos

540 2138 780 2206 profecto
835 2154 986 2192 sacra
1039 2137 1314 2208 Scriptura
1365 2146 1549 2202 notat,
1589 2153 1707 2207 qua:
1736 2138 1912 2192 dicit:
1960 2137 2125 2190 Canes

542 2232 666 2282 muti
695 2246 797 2281 non
840 2229 1063 2282 valentes
1105 2229 1301 2282 latrare
1351 2228 1494 2299 (Isa.
1530 2245 1635 2292 va,
1679 2228 1794 2298 10).
1848 2228 1962 2280 Non
1994 2227 2126 2279 dixit

541 2335 646 2371 non
665 2318 933 2388 volentes,
954 2319 1049 2373 sed
1073 2334 1176 2373 non
1194 2319 1453 2381 valentes,
1476 2320 1601 2387 quia
1623 2327 1768 2372 certe
1794 2319 1916 2372 dum
1946 2317 2126 2370 mundi

539 2407 765 2472 gloriam
795 2421 861 2459 ex
893 2413 1008 2460 toto
1039 2407 1202 2460 corde
1223 2449 1238 2474 ,
1268 2415 1321 2460 et
1348 2422 1413 2459 ex
1454 2415 1565 2460 tota
1596 2407 1804 2467 anima.
1835 2417 1889 2459 et
1918 2421 1984 2459 ex
2016 2413 2125 2458 tota

542 2506 723 2551 mente
762 2505 816 2551 et
852 2498 1049 2552 virtute
1095 2497 1353 2566 dligunt,
1396 2497 1594 2551 vellent
1640 2498 1838 2567 populo
1880 2499 2127 2553 sublimia

542 2589 745 2653 dicere,
769 2597 826 2642 ut
847 2589 1012 2642 etiam
1042 2588 1109 2642 de
1136 2589 1462 2642 sublimitate
1486 2589 1637 2643 verbi
1667 2599 1878 2657 possent
1903 2589 2126 2657 gloriam

543 2678 766 2733 habere.
801 2678 975 2733 Canes
1004 2693 1132 2746 ergo
1162 2681 1295 2732 muti
1327 2679 1566 2733 volentes
1605 2679 1830 2743 latrare,
1868 2694 1974 2733 non
2007 2696 2128 2750 pos-

543 2775 702 2829 sunt,
749 2770 873 2837 quia
922 2768 1048 2822 dum
1099 2785 1267 2838 pravo
1313 2769 1478 2824 corde
1525 2779 1734 2824 terrena
1783 2771 2124 2837 meditantur,

543 2858 753 2914 occulta
800 2860 1042 2914 veritatis
1099 2875 1219 2928 qum
1273 2859 1549 2928 prolerant
1605 2860 1933 2915 revelatione
1983 2862 2127 2915 nulla

543 2950 1024 3019 comprehendunt.
1057 2949 1162 3005 Sed
1189 2951 1312 3019 quia
1342 2950 1483 3020 quod
1513 2951 1803 3020 pretiosum
1832 2961 1914 3006 est
1936 2967 2128 3022 magna

543 3057 665 3096 cum
709 3040 986 3107 diligentia
1013 3041 1268 3096 custodiri
1311 3041 1478 3106 solet,
1524 3049 1702 3110 potest
1739 3042 1842 3097 hoc
1865 3043 2007 3111 quod
2040 3043 2125 3094 di-

2225 1869 2319 1921 sia:
2350 1875 2546 1920 statum
2588 1866 2920 1934 respicimus,
2961 1868 3226 1932 generalis
3256 1870 3426 1935 gratia
3455 1869 3672 1924 luminis
3701 1879 3810 1924 est.

2229 1956 2385 2010 Venit
2423 1969 2652 2021 namque
2693 1955 2781 2021 qui
2816 1970 2954 2007 vera:
3001 1954 3262 2010 claritatis
3308 1957 3484 2010 radios
3527 1972 3814 2025 spa-gcns,

2228 2044 2476 2098 diceret:
2530 2043 2640 2114 Ego
2681 2060 2793 2096 sum
2822 2045 2913 2098 tua:
2938 2045 3136 2108 mundi,
3181 2046 3268 2114 qui
3311 2047 3539 2116 sequitur
3581 2064 3662 2100 me
3705 2065 3812 2102 non

2227 2134 2457 2187 ambulat
2495 2136 2546 2187 in
2580 2133 2799 2190 tenebris
2827 2133 3004 2202 (Joan.
3044 2151 3156 2197 vni,
3193 2135 3302 2205 12!).
3337 2135 3396 2188 Et
3429 2139 3540 2207 98
3565 2140 3690 2207 quia
3727 2141 3812 2193 in-

2227 2227 2365 2280 terni
2393 2226 2688 2295 splendoris
2719 2226 2834 2294 ejus
2856 2226 3024 2293 gloria
3049 2226 3118 2279 in:
3139 2224 3330 2281 flabilis
3360 2237 3460 2290 est,
3489 2243 3594 2281 non
3616 2230 3816 2283 dicitur

2228 2319 2292 2373 de
2319 2319 2405 2372 die
2426 2319 2550 2384 isto,
2582 2321 2662 2372 vel
2697 2319 2812 2385 illo,
2847 2319 2940 2372 sed
2971 2319 3056 2372 die
3079 2319 3306 2386 quadam
3334 2337 3346 2370 :
3384 2320 3536 2386 cujus
3565 2320 3814 2389 profecto

2228 2411 2332 2464 diei
2363 2411 2577 2464 claritas
2617 2425 2722 2463 non
2759 2419 2870 2475 est;
2903 2409 3164 2464 claritatis
3203 2424 3332 2462 vero
3360 2408 3574 2480 [Nonne
3605 2413 3812 2474 melius,

2227 2501 2444 2555 claritas
2472 2509 2572 2555 est.
2616 2499 2885 2554 Claritatis
2922 2514 3072 2563 vero,
3119 2498 3249 2568 etc.]
3295 2501 3607 2569 magnitudo
3658 2502 3813 2556 inco-

2230 2591 2395 2659 gnita.
2419 2589 2634 2657 Magnas
2661 2605 2791 2657 ergo
2820 2589 3068 2642 tenebras
3095 2588 3285 2643 Pastor
3315 2591 3564 2654 sustinet,
3587 2592 3632 2646 si
3659 2592 3704 2646 is
3725 2594 3813 2659 qui

2231 2681 2481 2735 Ecclesia:
2511 2681 2700 2735 oculus
2727 2696 2844 2735 esse
2872 2696 2967 2750 per
3001 2681 3234 2734 officium
3275 2683 3512 2736 noscitur
3554 2685 3608 2736 in
3639 2686 3812 2751 gratia

2232 2780 2391 2825 tanta:
2419 2772 2550 2826 lucis
2571 2771 2831 2826 visionem
2882 2786 2988 2824 non
3034 2761 3214 2824 habet.
3261 2773 3437 2836 Quare
3477 2782 3530 2826 ct
3565 2773 3810 2840 ejusdem

2231 2863 2370 2917 oculi
2403 2863 2652 2917 tenebras
2685 2878 2781 2931 per
2802 2861 3142 2930 semetipsam
3170 2862 3366 2915 veritas
3393 2878 3614 2930 magnas
3640 2872 3812 2917 Osten-

2229 2954 2329 3020 dit,
2356 2954 2572 3008 dicens:
2623 2953 2762 3017 Ipsa:
2809 2951 3030 3006 tenebrae
3055 2963 3264 3024 quantm
3300 2964 3451 3007 erunt
3481 2953 3702 3026 (Matth.
3738 2971 3810 3019 vi,

2231 3043 2368 3113 25)?
2397 3043 2501 3097 Sed
2528 3043 2638 3112 jam
2669 3043 2808 3097 unde
2833 3043 2930 3096 sibi
2957 3052 3105 3096 tanta
3126 3044 3299 3113 caligo
3320 3045 3525 3099 oriatur
3554 3046 3809 3108 insinuat,

544 3132 720 3185 citur:
754 3129 880 3187 Non
908 3141 1022 3185 erat
1048 3133 1174 3186 visio
1203 3133 1498 3203 manifesta,
1528 3133 1592 3187 ad
1616 3135 1907 3188 carnalium
1940 3136 2123 3205 pnela-
2150 3133 2198 3196 C
2229 3134 2351 3202 quia
2380 3131 2508 3186 dicit.
2533 3150 2546 3184 :
2577 3131 2791 3185 Iacebat
2821 3135 2874 3186 in
2913 3133 3025 3186 loco
3053 3149 3166 3186 suo.
3202 3132 3374 3188 Locus
3412 3151 3644 3204 namque
3673 3153 3811 3204 pra:-

549 3231 723 3275 torum
756 3223 1136 3290 negligentiam
1167 3221 1372 3277 referri.

618 3309 670 3364 5.
711 3312 864 3378 Quod
902 3329 1030 3367 vero
1059 3312 1302 3366 additur:
1345 3311 1415 3365 Et
1455 3331 1622 3369 sermo
1645 3314 1856 3369 Domini
1883 3325 1994 3370 erat
2015 3335 2128 3387 pre-

549 3402 729 3468 tiosus,
758 3402 823 3456 ad
847 3403 1108 3457 bonorum
1139 3402 1331 3458 ardens
1362 3405 1593 3458 studium
1625 3405 1977 3470 subditorum,
2009 3421 2126 3460 cum

551 3493 735 3546 fideles
759 3493 986 3562 subjecti
1019 3495 1117 3548 etsi
1152 3509 1256 3548 non
1282 3495 1480 3550 habent
1510 3498 1599 3564 qui
1625 3497 1702 3550 cis
1733 3497 2043 3566 frequnter
2063 3497 2130 3552 de

555 3585 805 3638 thesauro
837 3584 972 3639 sacri
1007 3585 1204 3653 eloquii
1233 3601 1464 3655 superna
1497 3587 1765 3655 prxcdicet,
1801 3588 1904 3643 hoc
1925 3595 2129 3664 tantum

550 3673 695 3741 quod
720 3674 1008 3742 aliquando
1033 3676 1172 3730 scire
1195 3684 1487 3745 potuerunt
1509 3678 1640 3730 mira
1669 3678 1953 3731 devotione
1983 3693 2132 3732 com-

553 3763 881 3830 plectuntur,
923 3773 979 3819 et
1015 3767 1164 3820 velut
1201 3783 1314 3821 rem
1345 3767 1685 3822 inetl’ahiIiter
1716 3769 2001 3837 pretiosam
2033 3784 2131 3821 cu-

551 3856 811 3923 stodiunt,
844 3856 970 3912 dum
1000 3874 1096 3928 per
1127 3860 1266 3914 bona
1286 3875 1450 3929 opera
1476 3860 1528 3913 in
1551 3862 1690 3916 coelo
1721 3862 2009 3925 collocant,
2042 3860 2130 3913 ubi

554 3946 700 4003 fures
730 3950 821 4017 qui
865 3950 916 4004 id
959 3952 1173 4006 auferre
1202 3953 1414 4007 valeant
1460 3968 1798 4022 nequaquam
1840 3951 2132 4021 appropin-

518 4057 526 4060 ‘
551 4051 741 4108 quant.
773 4040 923 4095 Unde
944 4051 998 4095 et
1027 4043 1079 4096 in
1108 4043 1399 4111 Evangvlio
1431 4043 1497 4096 dc
1527 4056 1769 4113 emp’ore
1800 4045 1954 4097 bona:
1996 4058 2136 4094 mar-

552 4130 741 4198 garita:
762 4130 957 4183 dicitur
981 4149 994 4182 :
1023 4129 1240 4184 Iuventa
1266 4148 1370 4184 una
1391 4133 1616 4197 pretiosa
1644 4135 1946 4202 niargarita,
1971 4132 2131 4194 drdit,

552 4218 732 4273 omnia
760 4235 854 4270 sua
881 4227 930 4272 et
960 4221 1275 4287 comparavit
1303 4235 1418 4272 eam
1447 4219 1660 4289 (Matth.
1693 4236 1804 4283 xm,
1847 4219 1955 4286 46).
2001 4221 2134 4272 Cum

555 4308 743 4378 itaque
773 4307 822 4359 in
847 4310 1130 4361 occultata:
1150 4309 1368 4363 visionis
1399 4316 1640 4377 tempore
1670 4311 1934 4377 pretiosus
1959 4326 2136 4364 sermo

554 4412 675 4450 esse
699 4395 1021 4450 describitur
1049 4397 1369 4463 electorum,
1403 4397 1735 4452 subditorum
1779 4398 1964 4454 laudes
1994 4417 2134 4454 nun-

2235 3226 2494 3279 dicatur-is
2520 3224 2715 3287 standi,
2749 3240 2854 3278 non
2891 3223 3127 3289 jacendi,
3161 3226 3397 3280 ofﬁcium
3436 3227 3615 3282 habet.
3664 3228 3814 3282 Unde

2231 3322 2284 3367 et
2313 3313 2379 3366 de
2425 3312 2601 3382 sripso
2633 3313 2888 3366 Dominus
2919 3312 3142 3366 formam
3172 3314 3196 3350 ι’
3229 3313 3464 3380 ejusdem
3495 3316 3814 3384 praedicato-

2232 3405 2378 3456 ribus
2407 3404 2629 3471 praebet,
2657 3403 2874 3456 dicens:
2909 3402 3021 3470 Ego
3051 3408 3287 3458 autemiu
3310 3405 3477 3459 medio
3501 3407 3656 3458 vestri
3678 3423 3814 3468 sum,

2231 3496 2362 3546 sicut
2383 3496 2468 3564 qui
2489 3495 2749 3547 ministrat
2771 3493 2921 3564 (Luc.
2942 3511 3073 3559 χχιι,
3092 3493 3202 3563 27).
3230 3494 3384 3549 Stare
3401 3497 3542 3549 enim
3561 3497 3612 3549 in
3637 3497 3817 3550 medio

2233 3583 2454 3637 fratrum
2499 3592 2581 3638 est
2629 3599 2725 3648 rer
2775 3584 3098 3639 laboriosam
3131 3585 3597 3638 conversationem
3647 3600 3707 3640 se
3763 3587 3814 3639 in

2233 3675 2538 3741 exemplum
2570 3674 2868 3728 minoribus
2897 3673 3158 3742 praebere.
3181 3672 3338 3727 Stare
3369 3673 3549 3741 itaque
3570 3673 3638 3726 ad
3671 3674 3820 3727 laba.

2235 3778 2346 3816 rem
2399 3765 2580 3832 operis
2636 3764 2890 3832 pertinet,
2948 3773 3003 3817 et
3053 3763 3118 3816 ad
3169 3777 3362 3834 pugna:
3418 3762 3816 3817 necessitatem.

2241 3853 2390 3907 Unde
2427 3863 2482 3906 i-t
2524 3854 2853 3922 agonotheta
2883 3853 3176 3922 spiritualis
3213 3853 3524 3907 certaminis
3552 3854 3815 3922 praacipiv,

2235 3944 2448 3998 dicens:
2476 3944 2624 3997 State
2645 3961 2766 4013 ergo
2797 3945 3041 3997 succincti
3064 3942 3262 3996 lumbos
3282 3944 3338 3996 in
3361 3945 3575 3996 veritate
3598 3944 3815 4013 (Epltes.

2236 4048 2310 4092 vt,
2338 4031 2448 4100 Μ).
2477 4031 2545 4084 Ει
2573 4033 2696 4099 quia
2715 4032 2898 4100 jacere
2936 4033 3258 4102 quiescentis
3281 4042 3384 4095 est,
3411 4035 3462 4087 in
3496 4035 3509 4087 l
3550 4051 3616 4089 co
3650 4036 3816 4104 praelii

2237 4134 2289 4180 et
2329 4125 2530 4179 laboris
2555 4125 2754 4192 quietis
2791 4134 3032 4194 teporem
3073 4126 3223 4193 sequi
3255 4126 3687 4195 reprehenditur,
3727 4131 3818 4195 qui

2239 4215 2290 4268 in
2313 4215 2431 4270 loco
2443 4215 2625 4284 jacere
2655 4225 3004 4269 memoratur.
3027 4214 3185 4270 Stare
3205 4217 3366 4270 etiam
3386 4217 3515 4285 justi
3537 4227 3640 4272 est.
3669 4216 3821 4274 Unde

2238 4317 2293 4360 et
2324 4306 2520 4360 Paulus
2541 4306 2705 4360 dicit:
2735 4303 2868 4360 Fide
2895 4308 3032 4359 enim
3059 4308 3208 4360 statis
3236 4305 3324 4377 (ΙΙ
3350 4306 3471 4360 Cor.
3504 4323 3544 4373 ι,
3580 4307 3693 4377 23).
3727 4306 3820 4361 Ja-

2238 4412 2365 4452 cere
2393 4410 2523 4464 ergo
2553 4397 2712 4451 etiam
2731 4396 2798 4450 ad
2822 4397 3145 4451 remissioris
3168 4397 3288 4450 vita:
3301 4397 3680 4466 negligentiam
3697 4413 3822 4466 per-

554 4488 782 4550 liantur,
812 4487 934 4555 quia
963 4496 1112 4541 tanto
1133 4487 1430 4542 sublimiori
1459 4488 1628 4555 gloria
1649 4489 1966 4557 praedicandi
1992 4501 2135 4555 sunt,
2167 4499 2219 4559 υ
2247 4490 2399 4544 tinet.
2429 4487 2580 4543 Tunc
2625 4488 2804 4555 itaque
2830 4487 2947 4542 Heli
2971 4489 3117 4556 jacet
3144 4489 3196 4542 in
3229 4490 3350 4544 loco
3392 4505 3523 4556 suo,
3556 4506 3678 4546 cum
3722 4506 3822 4561 per

555 4592 762 4649 quanto
807 4578 855 4632 id
881 4579 1116 4644 bonum,
1148 4578 1291 4646 quod
1333 4578 1400 4632 de
1429 4579 1769 4634 eminentiori
1802 4581 1919 4636 loco
1958 4585 2136 4652 periit,

556 4673 892 4742 perfectione
912 4686 1115 4740 magna:
1135 4671 1411 4725 charitatis
1432 4671 1482 4724 in
1506 4672 1842 4729 inferioribus
1861 4677 2133 4732 remansit.

554 4762 793 4831 Quorum
833 4763 1073 4832 profecto
1100 4761 1239 4814 bona
1255 4763 1661 4816 conversatione
1681 4763 1992 4832 plerumque
2020 4767 2134 4834 agi-

558 4863 664 4921 tur,
712 4864 858 4908 utea
883 4869 1000 4921 quae
1027 4851 1295 4905 occultata
1339 4852 1508 4905 fuerat
1539 4851 1695 4916 visio,
1743 4854 2133 4921 manifestetur,

560 4952 618 4996 ut
645 4945 732 5010 qui
760 4943 963 4997 devote
989 4941 1298 4996 custodiunt
1328 4942 1566 5006 minima,
1598 4943 1734 4996 scire
1759 4942 1988 4998 debeant
2016 4960 2135 5013 quae

558 5030 775 5092 faciant,
801 5039 862 5082 et
893 5031 1116 5098 majora.
1153 5027 1302 5084 Unde
1324 5039 1377 5085 et
1398 5029 1676 5085 subditur:

631 5120 812 5188 (γης.
838 5119 977 5188 ἐὶ-4.)
1018 5118 1240 5173 Factum
1268 5130 1346 5173 est
1368 5121 1525 5190 igitur
1549 5123 1603 5174 in
1629 5121 1712 5174 die
1738 5123 1981 5191 quadam,
2015 5122 2136 5177 Ilefi

551 5211 757 5282 jarebat
805 5211 855 5262 ia
902 5209 1013 5264 loro
1042 5227 1156 5275 suo,
1202 5220 1250 5263 et
1301 5211 1436 5265 oculi
1475 5211 1587 5280 ejus
1629 5213 1998 5282 caligaverant,
2045 5232 2136 5269 nec

556 5311 756 5370 poterat
789 5301 958 5353 ridere
985 5303 1245 5354 lucernam
1268 5301 1382 5366 Dei,
1415 5312 1683 5372 antequam
1705 5305 2134 5373 exstingueretur.

560 5393 774 5448 Samuel
809 5406 976 5446 autent
1006 5391 1291 5447 dormiebat
1328 5395 1380 5447 in
1412 5394 1598 5462 templo
1630 5391 1861 5459 Domini,
1901 5396 1986 5448 ubi
2024 5403 2135 5448 erat

556 5498 680 5536 arca
715 5482 834 5537 Dei.
869 5482 936 5535 Et
963 5485 1155 5537 vocavit
1179 5481 1428 5537 Dominus
1462 5483 1775 5537 Samuelem.

629 5672 655 5700 ι
697 5661 901 5731 Vatic.,
932 5663 1054 5736 quia
1097 5661 1328 5718 videlicet
1375 5659 1497 5714 Heli
1523 5667 1569 5713 et
1618 5659 1672 5712 in
1728 5657 1839 5713 loco
1895 5676 1985 5716 suo
2028 5663 2119 5733 ja-

545 5761 658 5800 σενα
682 5770 700 5791 ο

2236 4581 2443 4650 Ιίιρειιιιι
2475 4582 2752 4650 pravitatis
2783 4580 3042 4648 reprobus
3071 4581 3389 4649 praedicatur
3427 4583 3718 4651 requiescit
3764 4583 3816 4636 in

2236 4673 2366 4728 sede
2382 4673 2531 4740 justi.
2585 4672 2822 4728 Jacenlis
2858 4687 2988 4741 ergo
3021 4674 3073 4727 in
3104 4675 3225 4729 loco
3252 4691 3352 4730 suo
3392 4677 3532 4730 oculi
3563 4678 3818 4745 caligant,

2237 4762 2362 4833 quia
2403 4778 2612 4817 summa
2644 4762 2830 4817 videre
2859 4771 3156 4830 nequeunt,
3189 4764 3279 4833 qui
3310 4765 3360 4818 in
3390 4779 3516 4819 arce
3538 4765 3824 4833 pastoralis

2236 4853 2483 4907 culminis
2513 4868 2620 4906 non
2648 4861 3012 4921 exsequuntur
3041 4853 3254 4906 virtutis
3281 4867 3465 4922 opera,
3506 4854 3601 4907 sed
3629 4855 3822 4909 remis-

2243 4945 2400 4999 sioris
2427 4945 2549 4997 vitae
2579 4943 2853 4998 blanditiis
2882 4944 3290 5011 immerguntur.
3321 4945 3421 5010 Qui
3462 4947 3706 5014 profecto
3735 4947 3823 5000 lu—

2245 5052 2402 5092 cerua
2436 5036 2528 5090 Dei
2552 5036 2658 5102 jam
2691 5051 2796 5089 non
2825 5035 3046 5090 veritate
3075 5036 3265 5100 laudis,
3295 5038 3388 5092 sed
3423 5053 3520 5106 per
3550 5039 3824 5109 impropec

2241 5130 2380 5182 rium
2418 5128 2720 5196 appellatur
2757 5127 3059 5182 derision‘s.
3111 5127 3244 5181 Nam
3292 5130 3382 5199 qui
3436 5132 3670 5186 lucerna:
3716 5132 3816 5187 Dei

2242 5218 2603 5288 appellatione
2620 5217 2875 5284 fungitur,
2902 5225 2957 5271 et
2979 5218 3162 5272 videre
3184 5234 3290 5273 non
3307 5235 3465 5290 posse
3488 5221 3826 5288 perhibetur,

2240 5308 2514 5361 deiiletur
2534 5307 2712 5375 potius
2743 5316 2891 5360 tanto
2923 5309 3139 5362 nomine
3163 5324 3270 5377 quo
3300 5319 3572 5364 censetur.
3603 5311 3736 5364 Nam
3770 5314 3826 5366 in

2241 5415 2370 5452 vera
2395 5398 2524 5468 justi
2554 5400 2710 5453 laude
2755 5400 2952 5454 dicitur
2977 5418 2989 5453 :
3027 5399 3144 5468 Ipse
3169 5411 3282 5454 erat
3312 5405 3522 5456 lucerna
3559 5403 3753 5457 ardens
3783 5413 3832 5456 et

2243 5496 2414 5548 lucens
2446 5489 2624 5560 (Joan.
2657 5507 2708 5556 v,
2739 5490 2854 5561 55).
2901 5490 3032 5544 Nam
3077 5492 3192 5546 veri
3223 5491 3439 5548 luminis
3475 5493 3640 5562 jubar
3679 5496 3831 5564 quod

2233 5737 2249 5789 Ι
2298 5661 2331 5745 lt
2370 5661 2558 5730 Gilot.,
2591 5665 2797 5720 eisdem.
2835 5663 3076 5721 Tolerari
3121 5673 3302 5736 potest
3339 5667 3587 5736 ejusdem,
3619 5669 3839 5725 scilicet

2253 5750 2351 5789 σοι.

2253 5750 2351 5789 σοι.
