4000 6286
200 295 294 352 I99

1041 288 1103 342 ΙΝ
1148 286 1411 342 ΡΙὶῖΜυΜ
1458 284 1693 339 ΙῖῐΞΟυΜ
1736 281 2244 337 EXPOSI'HONES.
2291 313 2358 326 -ι
2398 283 2522 338 Llll.
2568 284 2631 337 Il.

3366 286 3466 340 150

195 403 421 460 amando
479 403 732 457 hauserat
789 398 1059 468 loquendo
1115 398 1390 452 lundcbat.
1456 395 1782 450 l‘rzedicator
1811 398 1855 450 A
1885 390 2207 446 desiderium
2237 393 2396 447 altius
2427 401 2794 461 assumantur,
2819 400 2874 447 et
2903 393 3045 448 velut
3071 394 3256 448 intima
3282 398 3467 464 templi

195 498 350 551 etiam
379 492 611 548 carnalis
634 490 831 546 dicitur
860 491 1077 544 lucerna
1101 505 1198 558 per
1220 486 1478 550 otiicium,
1511 499 1651 539 caeca
1681 499 1778 552 per

198 585 562 647 intentionem,
581 582 708 650 quia
725 580 984 650 dignitate
999 579 1233 646 fungitur
1249 575 1520 646 praebendi
1543 574 1774 635 luminis,

195 679 281 729 sed
312 684 544 729 mentem
573 675 686 741 tigit
718 674 770 726 iu
804 671 1040 725 tenebris
1070 670 1342 723 vanitatis.

263 767 313 817 7.
354 764 520 830 Cujus
561 761 812 832 profecto
852 770 1227 816 consummata
1268 760 1596 830 perversitas
1636 758 1773 812 desi-

197 867 397 920 gnatur,
430 855 556 924 qeia
588 868 696 907 non
721 853 917 906 dicitur
947 869 1051 905 non
1083 853 1320 914 videbat,
1347 853 1438 905 sed
1469 853 1647 904 videre
1673 866 1778 903 nou

196 953 418 1013 poterat.
471 941 654 1008 Quare
697 952 753 996 et
779 943 931 995 mala:
961 943 1169 995 arboris
1213 942 1541 995 mentionem
1581 941 1781 993 faciens

197 1037 462 1097 Dominus,
497 1036 572 1088 ait
600 1053 612 1087 :
667 1032 790 1087 Non
820 1043 987 1103 potest
1029 1033 1186 1086 arQor
1223 1032 1363 1085 mula
1393 1033 1591 1102 fructus
1623 1031 1781 1086 bonos

194 1131 356 1199 {acere
385 1125 604 1198 (Matth.
637 1141 730 1188 vn,
754 1124 863 1192 l8).
892 1124 1018 1177 Luco
1040 1139 1134 1177 rna
1160 1123 1340 1191 itaque
1371 1123 1459 1176 llci
1485 1123 1535 1176 vi
1560 1123 1654 1177 ﬁeri
1677 1140 1780 1176 non

195 1228 384 1288 potest,
417 1233 542 1272 cum
573 1219 616 1272 is
631 1218 721 1286 qui
747 1217 1002 1286 pastorali
1025 1215 1282 1282 dignitate
1305 1215 1617 1284 praeminet
1636 1224 1780 1268 tanta

192 1307 456 1375 spissitate
480 1305 759 1360 saecularis
797 1305 998 1358 amoris
1029 1302 1310 1372 premitur.
1353 1311 1411 1356 ut
1451 1302 1517 1355 ad
1559 1303 1783 1356 internae

194 1395 445 1450 claritatis
483 1394 743 1448 intuitum
785 1391 928 1446 nulla
978 1393 1163 1459 gratiae
1210 1389 1566 1457 inspitatione
1605 1391 1784 1445 suble—

193 1495 370 1550 vetor;
419 1501 546 1540 cum
597 1485 707 1553 jam
759 1483 1027 1545 videlicet,
1085 1482 1228 1550 justa
1277 1482 1372 1535 Dei
1417 1481 1784 1550 indignatione

194 1574 476 1645 projectus,
510 1573 566 1627 in
610 1572 854 1640 caliginis
898 1586 1010 1625 sua:
1057 1573 1299 1626 accitate
1331 1571 1672 1639 relinquitur,
1727 1583 1785 1625 ut

194 1665 411 1718 ulterius
438 1678 538 1732 per
571 1661 894 1717 inlusionem
923 1663 1140 1731 superni
1171 1662 1385 1717 luminis
1415 1678 1684 1731 nunquam
1714 1665 1783 1718 vi-

193 1756 393 1810 siletur.
418 1753 569 1809 Bene
591 1763 769 1808 autem
787 1754 1008 1809 dicitur:
1039 1755 1329 1825 Antequam
1345 1756 1775 1826 exstinguerelur.
1819 1765 1858 1821 Β

195 1847 303 1901 Νοη
331 1845 514 1900 videre
545 1846 693 1900 enim
727 1860 885 1914 ptena
916 1845 1219 1914 peccatoris
1246 1853 1328 1900 est
1358 1845 1411 1898 in
1456 1845 1561 1898 hoc
1602 1855 1780 1900 tamen

195 1939 359 1994 adhuc
392 1939 597 1992 saeculo
635 1937 893 2001 viventis,
925 1937 1108 1991 videre
1138 1946 1320 1991 autem
1361 1952 1468 1991 non
1503 1953 1663 2006 posse
1699 1947 1783 1992 est

196 2032 382 2086 mortui
410 2032 562 2102 impii
613 2033 667 2086 in
706 2031 812 2086 alio
836 2031 946 2099 jam
977 2031 1175 2086 saeculo
1203 2041 1404 2085 aeterna
1439 2047 1597 2100 pinna
1628 2032 1780 2086 dam-

197 2122 319 2176 nati.
354 2119 506 2176 Unde
535 2121 1130 2190 etcomlitorisjudicio
1161 2121 1214 2175 in
1237 2123 1599 2177 exterioribus
1630 2131 1778 2177 tene-

194 2213 297 2266 bris
325 2212 500 2266 claudi
534 2213 865 2282 przecipitur,
904 2221 962 2266 ut
995 2213 1249 2268 videlicet
1272 2213 1339 2267 ad
1371 2213 1504 2268 lucis
1532 2213 1783 2268 intuitum

194 2318 456 2370 nunquam
481 2303 797 2357 reducatur.
831 2303 964 2357 Cum
992 2317 1122 2371 ergo
1152 2312 1440 2372 antequam
1473 2305 1785 2373 exstingue-

197 2405 338 2448 retur
360 2393 545 2447 videre
573 2409 683 2447 non
718 2408 877 2464 posse
916 2393 1115 2447 dicitur
1153 2393 1209 2446 in
1250 2393 1353 2448 isto
1382 2393 1560 2447 adhuc
1589 2395 1786 2448 sarcolo

199 2486 373 2539 vivens
402 2483 733 2553 praedicator
762 2484 1044 2554 reprobus,
1075 2484 1331 2539 damnato
1357 2487 1467 2554 jam
1509 2485 1560 2539 in
1594 2501 1788 2554 perpe-

202 2591 338 2632 tuum
361 2577 525 2647 impio
552 2578 608 2631 in
636 2579 877 2632 caecitate
902 2577 1188 2632 similatur.
1216 2577 1583 2646 Exstinguitur
1607 2593 1785 2631 autem

203 2669 408 2723 lucerna
443 2683 577 2722 cum
610 2677 799 2738 pastor
830 2669 1077 2723 moritur.
1120 2667 1215 2722 Vel
1248 2677 1396 2722 certe
1430 2668 1647 2722 lucerna
1687 2683 1775 2721 ex-

203 2759 494 2827 stinguitur.
517 2761 654 2828 quia
676 2775 797 2814 cum
821 2759 1084 2829 reprobus
1106 2760 1425 2828 prmiicator
1443 2776 1538 2828 per
1559 2769 1786 2814 mortem

205 2851 369 2904 carnis
408 2850 620 2915 interit,
653 2851 914 2919 quidquid
953 2849 1005 2903 in
1050 2865 1116 2904 eo
1160 2850 1340 2904 lucere
1369 2849 1671 2915 videbatur,
1720 2848 1788 2902 de

205 2937 360 3006 gloria
397 2939 658 2993 culminis
693 2939 918 3006 amittit,
957 2946 1014 2992 et
1050 2940 1200 2993 velut
1234 2940 1351 2992 sola
1388 2940 1621 2993 lucerna:
1652 2947 1786 2994 testa

207 3028 312 3082 sine
339 3028 539 3083 lumine
565 3037 837 3093 remanet,
869 3044 990 3083 cum
1022 3029 1088 3083 ad
1113 3037 1374 3084 aeternum
1392 3029 1650 3098 judicium
1673 3044 1788 3084 sero

1880 483 1942 535 ad
1966 499 2210 536 somnum
2239 485 2460 551 eligunt,
2485 485 2609 538 dum
2641 499 2707 539 eo
2739 484 2947 553 longius
2970 496 3290 554 separantur
3318 504 3346 539 a
3375 511 3384 554 ι
3410 504 3466 541 u-

1879 574 2020 628 blico
2049 576 2248 628 terreni
2271 575 2473 645 operis,
2503 591 2609 643 quo
2632 577 2891 632 secretius
2929 594 3022 644 per
3056 579 3461 632 meditationem

1881 664 2244 717 lect-nduntur
2275 665 2324 718 in
2355 667 2594 720 sacrario
2626 666 2847 720 interna:
2870 667 3105 720 visionis.

1955 753 2130 823 (Vc-rs.
2163 755 2239 826 4.)
2285 755 2351 808 Et
2371 758 2565 810 vocavit
2592 756 2846 811 Dominus
2875 757 3189 812 Samuelem.

1954 845 2006 900 9.
2053 847 2258 901 Vocare
2285 849 2483 901 etenim
2525 848 2615 901 Dei
2649 864 2743 916 per
2772 849 2877 901 vim
2911 849 3128 914 majoris
3159 851 3342 918 gratia:
3371 866 3468 904 ex-

1881 938 2049 992 citare
2073 946 2173 990 est.
2209 925 2570 991 Dortuieittem
2597 953 2828 1006 namque
2859 936 2990 991 Dom
3018 955 3117 992 nos
3142 949 3315 1003 vocat,
3344 941 3469 1008 quia

1883 1042 1914 1080 a
1955 1035 2166 1080 terrena
2200 1028 2496 1082 intentione
2525 1030 2868 1097 quiescentes
2904 1030 2968 1081 ad
3001 1038 3345 1097 augmentum
3375 1047 3470 1085 su-

1887 1134 2064 1186 perna:
2091 1120 2412 1187 cognit'onis
2439 1127 2655 1173 exulat.
2690 1117 2822 1171 Nam
2854 1119 2976 1172 dum
3006 1119 3070 1173 ad
3103 1136 3163 1173 ea
3195 1136 3311 1190 εισιερ
3343 1122 3473 1178 foris

1885 1217 2010 1262 sunt
2056 1223 2151 1276 per
2179 1207 2597 1264 sollicitudinem
2629 1208 2929 1277 vigilamus,
2978 1211 3184 1264 interna
3217 1221 3272 1265 et
3314 1213 3474 1282 spiri-

1888 1301 2048 1353 tualia
2090 1317 2196 1354 non
2227 1302 2508 1355 sentimus.
2553 1301 2808 1370 Repulsio
2844 1301 3024 1370 itaque
3059 1311 3287 1357 terrente
3326 1321 3472 1358 cura:

1886 1389 2209 1458 praeparatio
2239 1399 2320 1444 est
2343 1398 2522 1443 nostra
2550 1390 2615 1442 ad
2643 1391 3046 1460 perceptionem
3077 1408 3322 1461 superna:
3349 1409 3475 1463 gra-

1888 1480 1992 1542 tia),
2017 1481 2141 1549 quia
2174 1480 2224 1533 in
2255 1481 2440 1534 electis
2466 1482 2524 1533 lit
2554 1480 2772 1534 uberior
2793 1482 2988 1534 inlusio
3019 1481 3180 1536 divini
3212 1486 3471 1547 muneris,

1888 1587 1995 1640 quo
2027 1587 2177 1625 mens
2205 1572 2364 1624 fuerit
2396 1572 2579 1640 purior
2609 1588 2705 1641 per
2733 1573 3031 1628 custodiam
3057 1575 3280 1628 interna:
3303 1577 3474 1630 medi-

1889 1663 2126 1718 tationis.
2159 1663 2451 1732 Sequitur:

1958 1753 2133 1817 (Vers.
2161 1752 2194 1805 4
2223 1752 2300 1822 9.)
2326 1753 2393 1806 Et
2423 1755 2639 1821 vocavit,
2658 1755 2851 1822 inquit,
2874 1755 3129 1811 Dominus
3153 1758 3471 1816 Samuelem.

1888 1843 1987 1907 Qui
2019 1845 2351 1914 respondens,
2385 1846 2498 1898 ait:
2531 1845 2666 1899 Ecce
2693 1865 2806 1916 ego,
2836 1857 2885 1900 et
2913 1850 3137 1902 cucurrit
3162 1853 3230 1904 ad
3257 1851 3398 1916 Heli,
3424 1863 3474 1905 et

1887 1937 2058 1990 dixit:
2094 1937 2304 1990 Vocnsti
2325 1937 2462 1990 enim
2489 1955 2588 2003 me,
2620 1940 2706 2008 qui
2737 1939 2870 1991 dixit
2894 1954 2912 1991 :
2944 1938 3069 1993 Non
3101 1944 3269 1995 iocuvi
3297 1953 3362 2003 te,
3396 1945 3477 2011 [ili

1886 2028 1978 2096 mi,
2009 2039 2256 2082 revertere
2275 2039 2322 2084 et
2346 2029 2534 2083 dormi.
2565 2029 2633 2082 Et
2663 2030 2789 2083 abiit
2812 2042 2861 2084 et
2888 2033 3148 2087 dormivit.
3183 2035 3250 2088 Et
3280 2038 3475 2106 adjecit

1890 2121 2142 2176 Dominus
2188 2141 2369 2177 vocare
2411 2141 2616 2177 rursum
2667 2125 2981 2178 Samuelent.
3045 2126 3473 2198 Consurgensque

1888 2211 2014 2265 abiit
2035 2213 2102 2264 ad
2126 2211 2269 2275 Ileli,
2294 2223 2342 2265 et
2370 2213 2504 2266 dixit
2531 2232 2543 2266 :
2576 2212 2710 2266 Ecce
2739 2233 2850 2283 ego,
2879 2219 2998 2286 quia
3023 2219 3216 2271 vocasti
3244 2235 3340 2271 me.
3373 2218 3476 2282 Qui

1887 2301 2193 2367 respondit:
2241 2299 2365 2354 Non
2411 2303 2587 2355 vocavi
2629 2313 2696 2365 te,
2740 2305 2840 2372 ﬁli,
2891 2316 3140 2359 revertere
3186 2318 3234 2360 et
3282 2311 3472 2364 dormi.

1893 2391 2056 2446 Porro
2098 2391 2312 2445 Samuel
2337 2409 2438 2446 non
2463 2393 2655 2446 sciebat
2685 2392 2993 2458 Dominum,
3027 2413 3188 2466 neque
3223 2399 3474 2454 revelatus

1889 2484 1935 2536 ei
1965 2485 2137 2553 fuerat
2159 2500 2326 2538 sermo
2350 2483 2582 2538 Domini.
2618 2483 2683 2536 Et
2716 2485 2909 2554 adjecit
2939 2485 3214 2550 Dominus,
3243 2498 3292 2542 et
3322 2507 3476 2543 vocu-

1889 2573 1955 2626 vit
1995 2573 2291 2627 Sumuelvm
2320 2576 2488 2627 tertio.
2538 2573 2636 2637 Qui
2663 2591 2978 2645 consurgens
3009 2576 3134 2630 abiit
3158 2579 3227 2630 ad
3258 2579 3398 2644 Ileli,
3429 2588 3478 2633 et

1890 2663 2024 2716 dixit
2048 2680 2067 2717 :
2087 2663 2220 2716 Ecce
2240 2683 2354 2733 ego,
2378 2666 2497 2729 quia
2532 2667 2720 2719 vocasti
2751 2683 2846 2720 me.
2881 2665 3150 2720 Intellexi!
3174 2669 3331 2738 igitur
3357 2669 3478 2722 Heli

1890 2756 2010 2824 quia
2042 2753 2293 2807 Dominus
2324 2764 2523 2808 vocaret
2566 2773 2799 2822 puerum,
2843 2767 2892 2810 et
2927 2761 2998 2812 uit
3039 2760 3108 2810 ad
3139 2760 3433 2813 Samuelem
3460 2777 3478 2812 :

1903 2843 2046 2897 Vade
2072 2855 2120 2898 et
2150 2845 2340 2912 dormi,
2363 2856 2409 2898 et
2436 2847 2480 2898 si
2509 2847 2747 2916 deinceps
2770 2850 3021 2902 vocaverit
3054 2859 3120 2915 te,
3153 2851 3330 2905 dices:
3367 2850 3473 2906 Lo-

1891 2955 2062 3006 (fcere,
2090 2937 2277 2992 Domin
2302 2960 2327 3002 ',
2361 2940 2480 3009 quia
2504 2939 2650 2990 audit
2678 2957 2850 2992 servus
2881 2950 3014 2994 tuus.

1965 3027 2049 3080 lt).
2094 3028 2140 3095 Q
2163 3031 2228 3080 nd
2251 3037 2334 3082 est
2362 3042 2490 3096 ergo
2521 3029 2664 3097 quod
2693 3030 3037 3098 omnipotens
3066 3030 3206 3084 Deus
3234 3034 3476 3088 vocatio-

207 3119 311 3174 vari
342 3135 578 3187 persona
615 3122 726 3192 99
763 3121 994 3189 cogitur,
1024 3135 1142 3190 qua:
1170 3121 1316 3175 omni
1359 3121 1570 3189 penitus
1608 3120 1788 3175 surculi
1820 3130 1863 3192 ρ
1897 3136 2016 3174 nem
2047 3137 2198 3174 suam
2229 3129 2377 3174 tanta
2403 3131 2518 3175 arte
2540 3122 2797 3188 insinuat,
2825 3129 2881 3174 ut
2909 3122 3083 3176 vocati
3116 3138 3268 3178 ulcus
3296 3137 3479 3179 tenea-

206 3210 399 3278 tulgore
430 3211 726 3281 spoliatur.
770 3211 1072 3279 Antequam
1104 3211 1265 3278 igitur
1295 3211 1667 3279 exstinguatur
1707 3210 1788 3262 lu-

206 3312 351 3354 cerna
374 3298 490 3358 Dei.
522 3301 713 3354 videre
735 3317 841 3354 non
867 3309 1064 3370 potest,
1090 3301 1212 3368 quia
1247 3308 1303 3354 et
1329 3300 1579 3353 meritum
1605 3299 1794 3352 futura:

205 3389 562 3446 damnationis
593 3409 692 3459 per
717 3393 1076 3446 aeternitatem
1100 3407 1211 3447 suae
1241 3392 1500 3446 caecitatis
1531 3392 1792 3461 possidet,

207 3490 254 3533 et
290 3489 464 3537 tamen
507 3484 692 3538 adhuc
738 3500 922 3538 coram
966 3485 1274 3539 hominibus
1313 3500 1412 3555 per
1448 3486 1793 3557 Splendorem

209 3581 425 3640 accepta:
449 3572 734 3642 dignitatis
755 3572 940 3643 fulget.
1580 3631 1587 3638 .

271 3659 441 3725 (Vers.
471 3661 552 3732 5.)
599 3662 813 3717 Samuel
843 3673 1016 3719 autem
1048 3665 1337 3722 dormiebat
1369 3667 1420 3720 in
1454 3669 1642 3736 amplo
1675 3667 1790 3722 Do—

210 3751 344 3817 asini,
374 3752 458 3807 ubi
480 3764 602 3808 erat
632 3771 756 3808 arca
784 3755 901 3809 Dei.

273 3839 322 3894 8.
349 3842 491 3897 Bene
512 3853 700 3899 autem
731 3862 867 3916 repra
895 3846 995 3901 bus
1018 3848 1268 3916 prmlatus
1291 3864 1398 3902 non
1424 3847 1676 3912 dormire,
1699 3849 1795 3904 sed

205 3932 372 4000 jacere
398 3937 624 4002 dicitur,
669 3953 804 4007 puer
831 3947 1012 3993 autem
1063 3940 1308 3994 subditus
1338 3949 1394 3994 et
1433 3940 1638 3994 electus
1687 3957 1794 3994 non

207 4024 398 4090 jacere,
435 4027 534 4082 sed
576 4028 839 4094 dormire,
869 4030 992 4099 quia
1022 4031 1258 4085 dormire
1283 4031 1572 4099 aliquando
1616 4032 1667 4084 in
1699 4033 1798 4086 bo-

211 4133 322 4172 nam
353 4129 570 4188 partem
599 4121 881 4189 accipitur,
909 4121 1090 4189 jacere
1119 4137 1296 4177 autem
1343 4121 1453 4176 lere
1489 4138 1704 4192 semper
1742 4124 1792 4176 in

211 4208 414 4264 malam.
440 4209 600 4266 Unde
623 4220 678 4264 et
703 4211 912 4280 Sponsa
943 4213 994 4265 in
1023 4211 1247 4266 Cantico
1270 4213 1602 4273 canticorum
1628 4212 1792 4268 dicit:

212 4296 314 4370 Ego
334 4302 559 4367 dormio,
593 4311 642 4355 et
664 4318 752 4356 cor
773 4320 938 4356 meum
968 4304 1143 4374 vigilat
1175 4302 1348 4371 (Cant.
1379 4320 1434 4370 ν,
1459 4302 1538 4370 ‘2).
1568 4302 1622 4356 In
1653 4319 1795 4357 sout-

214 4403 276 4442 no
299 4390 476 4462 itaque
510 4393 669 4460 pueri
701 4392 923 4461 perfecti
955 4393 1376 4462 uniuscujusque
1405 4393 1562 4446 electi
1592 4392 1794 4446 subditi

1899 3219 2001 3277 tur,
2035 3227 2100 3265 ne
2123 3226 2182 3265 se
2204 3221 2488 3265 vocantem
2531 3221 2861 3280 cognoscat;
2894 3212 3055 3265 Deum
3087 3213 3332 3280 audiens,
3367 3232 3482 3269 ma-

1895 3312 2118 3372 gstrum
2176 3303 2318 3358 bunc
2375 3318 2494 3358 esse
2541 3303 2813 3356 hominem
2880 3314 3063 3374 putet;
3138 3308 3478 3362 vocationem

1895 3394 2129 3461 emittat,
2161 3403 2215 3448 et
2257 3410 2470 3447 causam
2504 3402 2711 3457 taceat;
2761 3395 2840 3448 ire
2874 3395 2939 3448 ad
2969 3397 3282 3464 magistrmn
3313 3411 3474 3467 suat,

1897 3485 2057 3538 toties
2085 3484 2152 3537 ad
2176 3485 2348 3537 somni
2381 3484 2616 3553 quietem
2633 3483 2826 3547 redire,
2846 3493 2902 3538 et
2924 3493 3104 3540 tamen
3123 3487 3480 3544 dormientem

1895 3575 2175 3643 quiescere
2205 3590 2311 3628 non
2348 3576 2663 3646 permittat?
2713 3575 2959 3645 Nunquid
2991 3580 3133 3632 enim
3160 3580 3250 3648 qui
3295 3583 3360 3634 ad
3391 3597 3480 3636 se-

1895 3675 2041 3718 creta
2091 3680 2185 3718 sua
2228 3666 2603 3734 Cognoscenda
2644 3667 2857 3720 vocavit
2899 3682 3058 3734 quem
3109 3671 3295 3735 voluit,
3347 3686 3483 3727 vote

1897 3764 2103 3808 tantum
2129 3755 2247 3808 lleli
2273 3756 2452 3820 simili,
2482 3765 2536 3810 et
2567 3770 2674 3809 non
2705 3758 2881 3824 potuit
2907 3772 3038 3812 voce
3061 3773 3167 3825 qua
3199 3759 3396 3822 voluit;
3427 3770 3485 3815 et

1895 3845 1988 3914 qui
2016 3845 2230 3913 quando
2269 3845 2440 3899 voluit
2465 3846 2696 3909 vocavit,
2731 3861 2950 3900 causam
2992 3847 3292 3903 vocationis
3326 3851 3483 3920 100

1895 3936 2076 3989 statim
2108 3935 2350 3989 indicare
2375 3951 2481 3989 non
2513 3936 2724 4005 potuit;
2756 3947 2806 3988 et
2829 3937 2919 4003 qui
2946 3937 3182 3991 excitare
3211 3940 3402 4005 voluit,
3428 3950 3484 3994 ut

1897 4026 2127 4092 audiret,
2160 4027 2259 4081 nisi
2290 4042 2387 4096 per
2413 4028 2725 4095 magistrum
2762 4043 2885 4081 eum
2922 4028 3119 4083 docere
3163 4046 3270 4085 non
3309 4034 3485 4101 potuit

1898 4120 2352 4190 quemadmodum
2389 4120 2575 4174 audire
2597 4120 2908 4175 debuisset?
2944 4120 3049 4176 Sed
3076 4121 3176 4177 hac
3205 4123 3256 4177 in
3283 4140 3342 4178 re
3369 4141 3486 4178 tua-

1897 4222 2000 4275 gna
2023 4210 2364 4277 omnipotens
2384 4209 2524 4262 Deus
2545 4209 2944 4277 dispensatione
2966 4211 3148 4276 utitur,
3171 4223 3226 4265 ut
3243 4215 3484 4282 profecto

1898 4303 2192 4355 electorum
2234 4301 2395 4354 corda
2429 4301 2627 4369 duplici
2657 4301 2961 4356 eruditione
2993 4302 3310 4372 doceantur,
3350 4321 3484 4374 qua-

1902 4401 2054 4446 tenus
2084 4403 2136 4445 et
2165 4393 2216 4444 in
2257 4389 2542 4461 superlitie
2572 4390 2810 4444 historice
2838 4393 2980 4461 quod
3021 4402 3316 4462 sequantur
3357 4402 3484 4450 one-

213 4488 240 4528 a
262 4493 418 4545 pravo
446 4495 622 4548 opere
651 4480 865 4550 requies
895 4479 1224 4548 designatur.
1271 4480 1326 4534 In
1373 4481 1572 4550 templo
1599 4483 1797 4552 quippe

1901 4484 2114 4538 dientia:
2153 4485 2351 4537 bonum
2393 4483 2595 4552 quique
2637 4481 2860 4550 subjecti
2891 4484 3125 4547 videant,
3177 4494 3231 4538 et
3279 4487 3484 4554 praelati

213 4575 264 4620 et
286 4567 369 4622 ubi
397 4579 480 4623 est
511 4584 639 4624 arca
672 4570 888 4633 dormit,
930 4571 1043 4640 qui,
1076 4573 1128 4625 in
1157 4572 1362 4627 caelesti
1407 4573 1674 4627 desiderio
1705 4583 1791 4627 at-

214 4672 312 4727 que
355 4660 405 4714 in
433 4677 605 4716 sacra:
635 4660 928 4732 Scriptura:
979 4664 1326 4720 meditatione
1369 4678 1684 4736 occupatus,
1727 4668 1792 4722 ad

216 4763 274 4802 ea
297 4766 412 4819 qua:
440 4753 506 4804 ad
531 4754 942 4822 perversitatem
973 4756 1244 4824 pertinent
1266 4774 1369 4811 non
1397 4758 1642 4813 intendit.
1667 4759 1795 4827 Qui—

217 4839 328 4895 dam
350 4858 582 4913 namque
613 4846 667 4898 in
700 4844 900 4914 templo
925 4846 1219 4910 dormiunt,
1245 4848 1335 4902 sed
1369 4848 1563 4903 inloco
1595 4850 1681 4903 ubi
1711 4858 1794 4904 est

219 4947 334 4986 arca
377 4933 470 4988 Dei
520 4951 629 4988 non
660 4934 954 5001 dormiunt,
985 4937 1109 5005 quia
1141 4938 1382 4991 nonnulli
1428 4939 1699 5008 simplices
1740 4939 1792 4993 in

218 5027 409 5080 cariein
435 5029 902 5098 contemplatione
936 5045 1028 5097 per
1050 5045 1289 5083 amorem
1316 5031 1674 5097 requiescunt,
1701 5029 1795 5085 sed

217 5127 344 5168 sacrt
361 5118 562 5186 eloquii
584 5119 795 5172 occulta
815 5118 1057 5172 meditari
1075 5119 1341 5173 nesciunt.
1360 5119 1575 5174 Samuel
1593 5129 1795 5189 autem,

217 5205 300 5270 qui
339 5221 444 5259 non
476 5208 659 5262 solum
687 5209 740 5262 in
778 5210 1001 5278 templo,
1030 5209 1123 5264 sed
1160 5225 1341 5264 coram
1363 5226 1495 5280 arca
1530 5211 1621 5265 Dei
1669 5212 1796 5264 dor-

219 5295 344 5351 mire
369 5300 593 5366 dicitur,
625 5300 866 5355 eruditos
890 5303 1091 5370 pariter
1118 5311 1172 5356 et
1207 5302 1408 5357 electos
1437 5303 1678 5358 subditos
1702 5304 1796 5359 dc-

219 5388 402 5455 signat,
423 5392 553 5460 quia
571 5393 698 5446 dum
729 5395 930 5448 amoris
945 5395 1026 5449 sui
1054 5394 1294 5450 ﬂammas
1309 5396 1376 5449 de
1400 5411 1554 5450 sacro
1578 5397 1795 5465 eloquio

221 5476 546 5549 frequentius
579 5482 884 5537 meditando
926 5483 1196 5550 hauriunt,
1241 5485 1305 5538 ad
1335 5499 1580 5554 supernae
1613 5487 1796 5555 patria:

291 5654 507 5740 {Forte
526 5658 820 5740 legendum
843 5677 933 5729 per
954 5661 1240 5728 angelicum
1268 5661 1534 5740 spiritum;
1557 5667 1614 5713 ct
1637 5659 1796 5740 paulo

229 5732 374 5794 post:
422 5725 754 5782 Exteriorem
786 5725 956 5798 itaque
992 5725 1154 5784 uocem
1187 5747 1278 5800 per
1295 5725 1592 5801 angelicum
1637 5725 1793 5800 spiri—

1902 4576 2208 4628 intueantur
2251 4573 2456 4627 occulta
2497 4573 2772 4641 mysteria,
2809 4587 2929 4640 quae
2955 4573 3021 4626 ad
3063 4573 3236 4627 lucem
3288 4575 3485 4629 intelli-

1901 4667 2093 4732 gentia:
2122 4663 2460 4718 discuticndo
2491 4663 2806 4731 perducant.
2853 4663 2958 4717 Sed
2990 4665 3131 4732 quod
3165 4665 3336 4733 primo
3363 4667 3483 4722 loco

1901 4755 2183 4809 dicendqu
2229 4754 2482 4814 arbitror,
2531 4767 2664 4820 puer
2701 4753 2790 4820 qui
2839 4751 3148 4820 loquentem
3198 4753 3482 4810 Dominum

1903 4861 2022 4900 esse
2065 4843 2377 4911 magistrum
2422 4843 2629 4912 putavit
2677 4857 2863 4896 vocem
2905 4857 3224 4910 corpoream
3257 4845 3480 4900 audivit.

1901 4935 2020 4989 Non
2051 4935 2231 5002 itaque
2261 4949 2358 5002 per
2386 4934 2730 5000 semetipsum
2755 4931 2916 4995 Deus,
2945 4930 3038 4984 sed
3071 4941 3096 4967 ⁸
3129 4948 3225 5000 per
3253 4948 3484 5002 evange-

1898 5029 2059 5084 licum
2088 5027 2330 5096 spiritum
2364 5039 2532 5094 puero
2560 5024 2768 5078 locutus
2795 5031 2896 5086 est,
2927 5023 3052 5092 quia
3078 5023 3169 5092 qui
3191 5040 3297 5078 non
3322 5027 3485 5079 strin-

1899 5119 2040 5186 gitur
2094 5115 2265 5170 forma
2318 5129 2601 5182 corporea,
2657 5113 3014 5167 instrumento
3071 5114 3314 5182 corporis
3371 5133 3478 5170 non

1901 5217 2216 5276 angustatur
2243 5205 2310 5260 ad
2336 5220 2526 5259 sonum
2559 5205 2726 5258 vocis.
2751 5203 2903 5269 Quod
2933 5203 3183 5257 nimirum
3214 5214 3267 5258 et
3293 5209 3484 5274 puerili

1902 5301 2184 5357 audientis:
2212 5298 2482 5352 convenit.
2513 5296 2644 5351 Nam
2673 5295 2774 5351 etsi
2805 5310 2997 5364 magna
3027 5304 3150 5350 sunt
3181 5298 3370 5351 merita
3404 5299 3486 5352 in-

1903 5391 2147 5448 cboantis
2167 5388 2386 5450 subditi,
2409 5388 2534 5456 quia
2557 5395 2732 5441 tamen
2755 5386 2932 5440 adhuc
2954 5402 3060 5440 non
3077 5387 3132 5440 in
3155 5389 3488 5457 perlt'ctione

1906 5498 2046 5548 esse,
2099 5479 2194 5534 sed
2238 5479 2290 5532 in
2324 5476 2568 5547 profectu
2598 5477 3023 5532 conversationis
3050 5479 3388 5545 agnoscitur,
3420 5479 3489 5532 ad

1908 5669 2009 5712 tum
2036 5655 2207 5722 movit,
2241 5653 2349 5718 sed,
2379 5660 2482 5707 etc.
