4000 6302
492 289 583 340 151

1683 274 1720 329 S
1738 272 1924 327 \NCTI
1966 269 2291 327 GREGORII
2334 269 2545 323 MAGNI

3662 271 3765 325 l3?

488 417 605 453 eam
634 395 958 452 locutionem
976 405 1078 459 qua
1095 386 1431 457 omnipotens
1450 384 1588 439 Deus
1610 399 1708 453 per
1726 381 2069 451 seruetipsum
2101 389 2147 436 Α
2176 386 2359 431 contra
2410 377 2783 432 inobedieutcs
2828 377 3095 445 aspiciant
3136 377 3261 446 quia
3306 377 3513 446 primus
3551 377 3776 431 humani

490 492 726 561 loquitur
771 502 876 541 non
924 483 1198 554 pertingit.
1248 479 1350 534 Per
1387 495 1445 533 se
1470 478 1685 548 quidem
1730 476 2074 544 omnipotens

493 585 655 649 Deus,
687 592 929 632 summus
960 574 1208 628 videlicet
1237 580 1291 624 et
1316 567 1813 635 incircumscriptus
1835 564 2073 633 spiritus,

491 674 699 741 magnis
736 670 865 725 viris
911 674 965 720 et
1012 662 1379 733 spiritualrbus
1422 657 1773 729 spiritualitcr
1816 654 2073 723 loquitur,

491 782 609 820 cum
640 760 901 832 spirituali
928 756 1201 811 locutione
1232 768 1418 807 eorum
1462 750 1729 805 mentibus
1764 747 1986 810 indicat,
2018 752 2073 796 et

492 855 695 924 agenda
720 867 839 920 qua:
867 857 1045 917 agant,
1081 854 1135 901 et
1162 845 1429 914 loquenda
1458 858 1577 910 qua:
1604 842 1795 895 sciant.
1829 837 2075 891 Exterio-

495 960 606 999 rem
639 944 819 1010 itaque
849 954 1036 993 vocem
1076 951 1173 1005 per
1207 931 1573 1002 evangelicum
1611 929 1858 998 Spiritum
1888 927 2076 990 movit,

491 1035 585 1089 sed
613 1035 797 1101 gratia:
818 1044 926 1083 sua:
957 1026 1237 1098 prmsentia
1270 1024 1495 1077 Creator
1522 1021 1740 1089 Spiritus
1762 1034 1881 1088 qua:
1908 1018 2079 1071 voluit

495 1124 763 1179 indicavit.
796 1120 1008 1174 Vocans
1038 1118 1218 1183 itaque
1247 1128 1397 1175 voce,
1431 1112 1555 1165 dum
1587 1110 1700 1165 lle'i
1728 1118 1946 1179 putatus
1970 1116 2072 1171 est,

496 1212 807 1281 cognitione
835 1208 1009 1271 latuit,
1040 1215 1098 1257 trt
1126 1205 1191 1257 ad
1226 1204 1537 1269 magistrum
1570 1216 1701 1269 puer
1730 1207 1992 1261 curreret,
2026 1205 2080 1248 rt

494 1306 618 1357 dum
643 1317 703 1356 se
732 1315 839 1353 non
879 1298 1041 1351 fuisse
1068 1302 1319 1348 vocatum
1351 1291 1579 1354 audiret,
1610 1290 1867 1358 deceptus
1896 1296 2079 1342 osten-

495 1399 647 1451 deret
677 1394 728 1447 in
757 1398 959 1462 quanto
990 1388 1223 1443 culmine
1266 1384 1479 1438 virtutis
1527 1389 1715 1435 staret.
1764 1379 1906 1433 Puer
1952 1392 2080 1445 ergo

494 1488 767 1542 humiliter
804 1482 1006 1537 homini
1037 1479 1332 1547 subjectus,
1363 1485 1526 1544 atque
1553 1473 1874 1528 olredieutia:
1914 1472 2080 1526 ardua

492 1598 617 1637 arce
645 1580 981 1640 sublimatus,
1013 1574 1135 1629 dum
1162 1582 1383 1625 vocatus
1407 1568 1660 1629 accessit,
1686 1566 1865 1634 jussus
1902 1565 2078 1628 rediit,

493 1672 620 1743 quid
650 1670 791 1724 aliud
821 1667 974 1722 nobis
1001 1664 1250 1732 exemplo
1280 1660 1501 1730 praebet,
1536 1658 1637 1712 nisi
1672 1658 1945 1711 altissimm
1974 1655 2083 1709 for-

493 1778 635 1816 mam
656 1757 976 1816 obedientia:
997 1757 1020 1808 ?

566 1852 655 1906 ll.
697 1850 836 1904 Vera
880 1859 1112 1913 namque
1160 1839 1467 1897 obedientia
1516 1852 1616 1891 nec
1665 1834 2081 1906 pnepositorum

497 1942 848 1998 intentionem
889 1936 1132 1999 discutit,
1180 1948 1283 1987 nec
1331 1937 1598 2000 praecepta
1651 1927 1927 1988 discernit,
1959 1924 2082 1995 quia

498 2036 587 2106 qui
618 2048 777 2088 omne
815 2030 940 2083 vita:
969 2042 1078 2081 suae
1102 2024 1359 2094 judicium
1386 2021 1573 2088 majori
1608 2018 1863 2080 sublidit,
1898 2016 1947 2069 in
1981 2017 2085 2068 hoc

496 2128 613 2182 solo
639 2124 857 2193 gaudet,
881 2122 927 2176 si
955 2118 1099 2189 quod
1122 2118 1221 2171 sibi
1248 2115 1558 2185 praccipitur
1586 2121 1864 2181 operatur.
1900 2108 2085 2162 Nescit

497 2216 642 2269 enim
685 2211 929 2280 judicare
975 2206 1218 2276 quisquis
1273 2202 1512 2273 perfecte
1552 2200 1799 2254 didicerit
1842 2198 2084 2261 obedire,

495 2307 619 2375 quia
651 2306 755 2358 hoc
790 2310 995 2355 tantum
1020 2299 1220 2352 bonum
1252 2302 1421 2364 putat,
1452 2294 1494 2347 si
1526 2292 1809 2362 praeceptis
1846 2290 2081 2343 obcdiat.

499 2394 606 2449 Sed
638 2394 688 2446 in
721 2400 868 2444 tanta
894 2386 1149 2456 perfecta:
1173 2382 1605 2439 conversationis
1631 2381 1745 2447 ejus
1780 2378 1947 2447 gloria
1978 2378 2085 2429 vit-t

503 2492 684 2539 nostra
701 2479 1063 2536 confunditur.
1091 2476 1230 2531 Ecce
1254 2477 1455 2529 etenim
1472 2473 1536 2526 ad
1552 2486 1836 2541 supernam
1861 2471 2086 2539 patriam

498 2576 596 2631 sub
623 2573 848 2629 ducibus
876 2567 1166 2623 Christiani
1206 2566 1478 2620 exercitus
1520 2562 1785 2632 prolicisci
1834 2559 2086 2614 decrevi-

501 2683 638 2730 mus,
679 2663 774 2718 sed
816 2675 982 2731 opera
1010 2658 1221 2711 diversa
1259 2655 1472 2709 etiamsi
1499 2653 1724 2706 diversis
1752 2649 2087 2719 temporibus

496 2758 749 2826 jubemur
771 2766 953 2820 agere,
985 2761 1401 2802 murmuramus.
1427 2744 1558 2810 Quis
1588 2743 1731 2797 enim
1760 2756 1878 2795 sese
1900 2756 1929 2793 a
1953 2755 2091 2792 nutr-

502 2847 803 2901 muratione
839 2845 1239 2909 compesceret,
1268 2836 1388 2906 quis
1426 2836 1492 2888 ab
1539 2834 1617 2887 ira
1650 2841 1973 2901 temperaret
1995 2868 2009 2891 ,
2043 2829 2086 2882 si

500 2948 752 2995 vocatum
783 2951 840 2991 se
862 2935 943 2989 bis
978 2941 1032 2987 et
1063 2939 1145 2986 ter
1174 2929 1407 2992 audiret,
1438 2935 1494 2980 et
1529 2936 1707 2979 tamen
1737 2938 1804 2977 ex
1846 2921 2091 2975 vocantis

501 3046 764 3101 responso
813 3026 1122 3098 perciperet
1167 3023 1293 3093 quia
1332 3028 1554 3075 vocatus
1602 3017 1821 3070 nrirrirne
1866 3013 2089 3067 fuisset?

2176 471 2389 538 generis
2412 486 2607 540 parens
2623 486 2651 522 a
2672 468 2903 539 paradisi
2919 468 3123 536 gaudiis
3146 482 3245 522 nec
3263 466 3424 530 furto,
3446 482 3545 521 nec
3563 468 3775 535 rapina,

2178 576 2279 614 nec
2304 560 2590 623 adulterio,
2622 574 2723 613 nec
2747 558 3059 624 homicidio,
3094 556 3187 611 sed
3216 557 3360 626 pomi
3405 558 3558 611 vetiti
3591 557 3779 616 ἱηοιιρτ

2178 651 2377 706 dienlia
2407 652 2608 706 corruit
2640 650 2794 720 tGen.
2827 665 2905 715 ut,
2941 650 3017 716 6).
3076 646 3228 702 Unde
3260 657 3317 701 et
3347 656 3473 715 apte
3504 648 3781 715 colligitur

2179 744 2303 811 quia
2345 743 2387 797 si
2421 758 2583 811 parva
2623 756 2740 810 quae
2779 742 3034 794 videntur
3075 740 3346 808 majorum
3387 737 3607 807 irupera
3650 754 3779 791 cnn-

2182 846 2381 904 tempta
2415 836 2481 888 ab
2521 833 2744 887 internis
2772 832 2983 900 gaudiis
3016 840 3306 898 separant,
3352 830 3520 884 etiam
3555 831 3775 884 minima

2179 941 2299 994 qua!
2329 925 2681 995 perliciuntur
2710 910 2873 977 vitam
2906 934 3122 993 parant.

2253 1037 2336 1091 12.
2367 1038 2630 1105 Operator
2651 1036 2831 1103 itaque
2859 1044 3112 1089 strenuus
3138 1036 3260 1087 vitae
3284 1034 3523 1103 socialis,
3551 1042 3605 1086 et
3632 1048 3779 1087 com-

2180 1128 2415 1180 mrrniter
2460 1141 2643 1179 secum
2680 1125 2789 1178 Deo
2841 1125 3188 1179 servientium
3238 1124 3357 1195 pius
3388 1123 3697 1187 :emulatar,
3738 1122 3781 1175 si

2180 1217 2368 1271 aeterni
2401 1216 2577 1270 meriti
2617 1216 2932 1284 ampliorem
2965 1215 3372 1268 retributionem
3405 1230 3503 1283 per
3524 1214 3787 1267 obedien~

2183 1310 2268 1359 tiac
2290 1307 2487 1360 bonum
2518 1305 2740 1374 adipisci
2757 1303 3047 1370 desiderat,
3072 1304 3123 1356 in
3146 1304 3248 1357 hoc
3264 1302 3384 1358 solo
3407 1319 3466 1356 se
3486 1310 3787 1370 cognoscat

2182 1399 2467 1462 excellere,
2498 1397 2542 1450 si
2584 1411 2693 1465 prae
2735 1395 2946 1449 caeteris
2976 1394 3199 1447 arbitrio
3242 1394 3465 1462 majoris
3506 1392 3781 1462 propriam

2182 1487 2479 1543 subdiderit
2508 1487 2865 1541 voluntatem.
2897 1485 3027 1538 Nam
3053 1501 3151 1539 nec
3175 1498 3365 1551 magna
3398 1485 3546 1539 lucra
3571 1484 3784 1554 jejunii,

2184 1594 2285 1631 nec
2314 1592 2519 1645 aspera:
2564 1577 2687 1629 vita:
2720 1575 2896 1629 studia
2943 1576 3154 1629 devotis
3189 1575 3388 1630 Christi
3419 1579 3683 1631 militibus
3733 1579 3784 1632 in

2186 1667 2450 1735 majorum
2502 1676 2773 1735 pnecepto
2834 1666 2988 1719 valde
3051 1666 3323 1735 pensanda
3383 1678 3529 1722 sunt.
3570 1668 3789 1736 Majoris

2116 1760 2381 1821 Betenim
2438 1766 2520 1810 est
2569 1756 2741 1809 meriti
2793 1756 3070 1810 clraritatis
3120 1757 3357 1824 irrjuncta
3417 1760 3641 1813 reiectio
3696 1760 3785 1827 je—

2181 1848 2333 1915 junio
2365 1847 2581 1915 propria
2612 1846 3001 1900 deliberatione
3048 1855 3323 1915 suscepto.
3368 1848 3469 1913 Qui
3501 1848 3641 1902 enim
3672 1848 3794 1916 jus-

2186 1954 2276 1993 sus
2298 1953 2514 1992 carnem
2536 1936 2729 1998 reiicit,
2758 1936 2956 1991 invitus
2972 1936 3162 2005 jejuuii
3192 1938 3472 2005 pra-mium
3495 1939 3792 1993 devotione

2187 2031 2503 2099 promeruit,
2528 2037 2585 2082 et
2610 2029 2928 2097 ampliorem
2970 2032 3271 2082 mercedem
3295 2030 3616 2085 obedirnt'a:
3637 2048 3793 2084 ruan—

2187 2125 2434 2179 ducanrlo
2463 2123 2805 2191 conquisivit.
2837 2121 3062 2175 Vocavit
3091 2136 3220 2188 ergo
3252 2123 3388 2175 Deus
3415 2138 3521 2192 pne
3554 2139 3663 2185 uru,
3698 2122 3794 2177 sed

2191 2228 2323 2267 vnce
2353 2215 2610 2279 rrragistro
2637 2210 2815 2273 simili,
2872 2218 2930 2263 ut
2960 2209 3203 2280 profecto
3249 2212 3465 2265 modum
3499 2227 3609 2265 sua:
3642 2214 3797 2265 Iocu-

2192 2306 2351 2359 tinnis
2382 2306 2432 2357 iu
2457 2305 2663 2358 iicaret.
2691 2301 2922 2356 Causam
2958 2302 3255 2356 vocationis
3288 2303 3473 2367 tacuit,
3505 2311 3564 2356 ut
3586 2304 3797 2357 electus

2194 2411 2329 2464 puer
2355 2411 2457 2464 qua
2488 2394 2788 2448 humilitate
2816 2392 3138 2447 obedientia:
3161 2402 3303 2447 esset
3336 2393 3582 2446 sublimis
3610 2401 3807 2445 esten-‘

2191 2487 2366 2541 deret.
2398 2486 2477 2539 lre
2499 2488 2565 2539 ad
2588 2492 2976 2554 prmccptorem
3001 2484 3238 2552 pertulit,
3265 2491 3323 2536 ut
3350 2482 3652 2537 devotionis
3683 2498 3798 2537 sure

2193 2596 2387 2634 munus
2419 2578 2658 2633 oﬂerret.
2694 2576 2892 2631 Redire
2921 2576 2987 2628 ad
3016 2576 3193 2629 somni
3221 2576 3454 2643 quietem
3485 2574 3703 2638 sinitur,
3742 2584 3799 2627 ut

2192 2669 2439 2739 profecto
2470 2684 2567 2721 nec
2597 2682 2659 2720 ea
2689 2680 2809 2734 qua:
2838 2673 2961 2719 sunt
2992 2665 3209 2717 minima
3235 2672 3661 2719 contemnamus.
3692 2665 3799 2718 lte-

2192 2772 2313 2816 rato
2352 2761 2573 2826 excitat,
2608 2768 2666 2813 ut
2692 2775 2814 2814 eum
2845 2774 3004 2827 quem
3034 2757 3087 2811 in
3134 2758 3303 2812 forma
3348 2758 3644 2813 electorum
3693 2776 3798 2829 pn-

2194 2866 2324 2905 nere
2350 2849 2562 2903 volebat
2584 2847 2917 2912 o~tendcret,
2937 2848 3061 2916 quia
3087 2861 3186 2900 nec
3214 2845 3562 2915 imperiorum
3588 2849 3800 2902 instau-

2195 2943 2265 2996 tia
2316 2940 2583 3007 iatigarct.
2620 2937 2720 2992 Per
2747 2953 2869 2991 cum
2912 2937 3003 3007 qui
3049 2936 3419 3006 reprobandus
3457 2948 3574 2993 erat
3604 2939 3799 2994 audire

2194 3030 2644 3100 qnemadmodum
2670 3028 2947 3082 debuisset
2974 3027 3176 3090 didicit,
3208 3036 3269 3081 ut
3295 3026 3539 3096 profecto
3560 3029 3800 3084 sciamus

502 3125 674 3191 Quam
717 3118 966 3192 profecto
1006 3114 1225 3171 desidiae
1266 3121 1466 3168 nostra:
1506 3109 1790 3177 caliginem
1832 3107 2085 3176 patimur,

2194 3124 2317 3191 quia
2348 3126 2612 3189 majorum
2659 3118 2882 3188 imperia
2913 3126 3041 3172 tunc
3080 3118 3244 3171 etiarn
3284 3119 3585 3173 veneranda
3634 3130 3795 3181 sunt,

501 3214 625 3283 quia
661 3220 823 3265 tanta:
857 3207 1073 3263 virtutis
1104 3206 1308 3259 bonum
1337 3218 1441 3271 qtta
1472 3200 1678 3271 prmmii
1718 3198 1800 3253 sui
1841 3197 2090 3251 claritate

503 3301 828 3371 re~pondeat
859 3313 965 3352 non
992 3295 1256 3350 videmus.
1292 3291 1521 3346 Unicum
1549 3290 1749 3343 etcuirn
1782 3288 1981 3341 bonurn
2010 3295 2092 3339 est

503 3396 568 3447 ad
586 3388 1053 3460 recuperationem
1071 3385 1211 3446 vita),
1237 3383 1281 3437 si
1311 3380 1688 3435 inobedientia:
1710 3377 1866 3444 culpa
1890 3377 2089 3430 malum

502 3482 774 3537 sulliciens
814 3478 912 3532 fuit
950 3474 1018 3529 ad
1051 3471 1468 3545 perpetrandam
1496 3477 1746 3522 nrortem.
1793 3466 1850 3521 Si
1878 3479 2007 3533 ergo
2038 3465 2088 3518 in

506 3574 648 3628 malo
680 3568 1058 3625 inobedientia:
1092 3579 1239 3619 mors
1278 3561 1576 3632 praevaluit,
1621 3561 1781 3613 toties
1817 3560 1939 3612 vita:
1970 3556 2095 3611 red-

502 3668 700 3730 dimur,
738 3661 951 3732 quoties
991 3656 1293 3713 obedimus.
1336 3652 1475 3706 Puer
1516 3652 1696 3720 itaque
1732 3648 1950 3704 Samuel
1994 3663 2095 3701 nrc

505 3768 746 3820 vocatus,
778 3770 877 3808 nec
921 3750 1167 3820 repulsus
1213 3744 1520 3809 oll‘euditur,
1564 3745 1686 3813 quia
1723 3742 1963 3796 vocantis
2002 3747 2095 3793 aut

506 3847 816 3921 repellentis
857 3846 1097 3899 animum
1138 3840 1324 3895 videre
1366 3838 1558 3899 noluit,
1614 3836 1703 3905 qui
1733 3835 1785 3889 iu
1841 3836 1942 3888 lroc
1976 3833 2094 3887 solo

502 3942 734 4012 gaudere
772 3946 999 3993 noverat
1035 3934 1181 4005 quod
1209 3932 1466 3987 obcrlivit.
1516 3930 1582 3983 Et
1611 3930 1735 4000 quia
1779 3942 1997 3997 surgere
2027 3927 2095 3980 ad

503 4034 775 4094 laborem,
814 4026 990 4081 redire
1030 4032 1211 4077 autem
1254 4021 1320 4074 ad
1352 4018 1724 4074 dorruienduru
1765 4017 1999 4085 pertinet
2028 4015 2093 4067 ad

504 4123 764 4191 quietem,
795 4118 923 4188 quid
945 4117 1202 4177 insinuat,
1240 4114 1339 4166 nisi
1371 4113 1495 4179 quia
1520 4120 1810 4176 utrumque
1841 4107 2094 4162 noblsvi—

508 4224 615 4265 tam
656 4217 946 4277 praeparat,
986 4206 1029 4259 si
1061 4204 1368 4258 obedientis
1394 4202 1603 4254 anirrrus
1639 4201 1689 4252 in
1716 4216 1781 4252 eo
1808 4199 1951 4266 quod
1986 4200 2097 4266 agit

508 4299 722 4355 nonnisi
752 4296 1072 4350 obedientirc
1101 4294 1302 4346 bormtu
1335 4293 1561 4359 pensat"
1585 4290 1917 4355 Praeceptum
1944 4304 2097 4340 naru-

506 4408 613 4462 que
647 4393 698 4444 in
731 4391 831 4443 hoc
854 4388 971 4442 solo
1007 4384 1220 4455 pensari
1252 4384 1432 4447 debet,
1463 4381 1608 4450 quod
1643 4380 1864 4447 majoris
1894 4396 2095 4449 praece-

2192 3233 2313 3272 cum
2352 3217 2450 3285 ipsi
2480 3214 2801 3269 laudabilem
2831 3228 2940 3267 non
2970 3212 3171 3265 habent
3196 3214 3357 3264 vitam
3378 3251 3393 3275 ,
3424 3212 3550 3281 quia
3600 3228 3796 3267 eorum

2192 3306 2451 3367 doctrina,
2484 3319 2604 3371 qua:
2646 3319 2810 3372 prava
2859 3305 3178 3371 operatione
3217 3311 3393 3369 potest
3440 3304 3687 3372 superbis
3717 3306 3803 3357 vi-

2194 3397 2415 3460 lescere,
2457 3397 2685 3451 humiles
2709 3394 2986 3449 auditores
3029 3394 3156 3448 facit
3180 3392 3248 3447 ad
3278 3392 3471 3448 divinae
3514 3394 3801 3450 familiari-

2195 3487 2322 3542 tatis
2357 3486 2729 3542 celsitudinem
2762 3487 3065 3555 pervenire.

2265 3577 2351 3629 15.
2381 3576 2485 3631 Sed
2515 3593 2585 3644 qu
2609 3592 2636 3629 a
2658 3577 2903 3646 sequitur
2931 3595 2943 3630 :
2980 3576 3148 3632 Porro
3181 3577 3396 3631 Samuel
3427 3578 3639 3630 necdum
3663 3580 3802 3632 scie-

2197 3674 2280 3726 bat
2315 3674 2611 3737 Dominum,
2648 3683 2703 3729 et
2742 3675 2989 3742 superius
3022 3676 3130 3728 min
3156 3684 3325 3729 strare
3362 3674 3585 3727 Domino
3618 3676 3802 3734 periri-

2195 3766 2371 3829 betur,
2420 3766 2573 3819 valde
2622 3768 2949 3820 contrarium
2980 3766 3194 3819 videtur
3227 3781 3344 3819 esse
3383 3765 3529 3833 quod
3575 3765 3800 3833 dicitur,

2199 3855 2326 3926 quia
2372 3858 2581 3910 nescire
2610 3872 2716 3910 non
2747 3866 2959 3924 poterat
2990 3857 3074 3909 cui
3110 3858 3463 3911 ministrabat.
3497 3857 3628 3924 Quis
3656 3860 3801 3913 enim

2201 3948 2253 4003 ei
2293 3948 2495 4003 serviat
2539 3964 2698 4016 quem
2752 3948 2995 4015 ignorat?
3024 3946 3129 4002 Sed
3178 3946 3418 4017 proferto
3449 3963 3546 4017 per
3577 3949 3628 4004 id
3656 3950 3803 4017 quod

2196 4039 2541 4107 subjuuctum
2599 4046 2683 4091 est
2736 4038 2903 4106 liquet
2956 4036 3004 4090 id
3053 4037 3198 4107 quod
3241 4044 3397 4091 sonat
3445 4039 3799 4106 contrarium,

2197 4147 2300 4200 qua
2350 4128 2571 4196 intelligi
2622 4128 2997 4183 convenientia
3060 4114 3283 4182 rationis
3342 4127 3556 4183 debeat.
3618 4126 3802 4196 Neque

2201 4221 2454 4274 revelatus
2504 4220 2549 4272 ei
2594 4221 2762 4289 fuerat
2802 4236 2969 4273 sermo
3014 4217 3244 4272 Domini.
3302 4216 3406 4272 Per
3441 4218 3585 4287 quod
3638 4219 3799 4273 nimi-

2197 4326 2313 4363 rutu
2376 4310 2534 4363 datur
2599 4309 2821 4375 intelligi
2889 4311 3014 4378 quia
3067 4322 3228 4370 quem
3284 4322 3468 4361 amore
3528 4317 3586 4362 et
3643 4309 3804 4362 mini-

2196 4403 2363 4457 sterio
2410 4409 2657 4467 noverat,
2689 4400 2955 4453 sermonis
2985 4399 3098 4463 ejus
3140 4398 3472 4452 revelatioue
3503 4398 3667 4452 nescit
3686 4399 3801 4451 bat.

512 4492 656 4549 ptum
687 4488 798 4543 est;
831 4488 884 4532 et
912 4478 1003 4544 qui
1031 4474 1353 4528 obedientia:
1384 4474 1583 4526 borruru
1613 4471 1945 4538 exsequitur,
1984 4486 2091 4525 non
2127 4500 2172 4557 ο
2204 4494 2451 4546 Nondum
2483 4491 2626 4545 enim
2673 4490 2750 4545 sic
2780 4499 3059 4544 vocamen,
3102 4489 3365 4551 amnem",
3411 4504 3572 4555 quem
3617 4504 3678 4543 se
3714 4505 3806 4543 ρο.

510 4572 711 4642 iujunct
724 4586 809 4622 um
834 4583 970 4638 opus
985 4567 1144 4620 debet
1159 4565 1523 4628 considerare,
1556 4564 1656 4633 ιο
1671 4565 1706 4630 1
1727 4563 1818 4616 sed
1842 4562 2092 4627 fructum,

507 4667 630 4735 quia
663 4663 730 4718 ad
761 4658 1114 4731 prourerenda
1142 4667 1357 4711 (eterna:
1386 4657 1507 4710 vita:
1538 4655 1732 4722 gaudia
1766 4671 1870 4707 non
1901 4656 2093 4723 exqui-

509 4756 646 4808 ritur
691 4752 921 4821 qualitas
970 4749 1172 4819 Operis,
1217 4748 1309 4801 sed
1352 4746 1693 4801 mortiﬁcatio
1743 4748 1989 4815 propriae,
2042 4754 2097 4802 et

509 4844 786 4899 exsecutio
809 4844 996 4896 alienm
1020 4838 1329 4893 voluntatis.
1365 4836 1513 4891 Unde
1539 4846 1594 4891 et
1616 4836 1811 4890 Paulus
1833 4838 1909 4890 ait
1935 4856 1945 4888 :
1976 4834 2094 4890 Cir-

509 4934 752 4987 rumcisio
783 4932 911 4985 nihil
941 4929 1169 4999 prodest,
1194 4937 1241 4980 et
1263 4927 1571 4996 prazputium
1593 4926 1722 4979 nihil
1747 4934 1841 4990 est,
1877 4927 1967 4979 sed
1994 4926 2088 4979 ob-

510 5025 729 5077 servatio
771 5021 1137 5075 mandatorum
1182 5017 1274 5070 Dei
1308 5016 1360 5086 (Ι
1388 5016 1507 5070 Cor.
1538 5034 1629 5080 vn,
1670 5015 1779 5085 19).
1812 5014 1927 5069 Jatn
1959 5031 2087 5084 ergo

511 5113 652 5182 apud
681 5112 1108 5179 oumipotenterrr
1143 5109 1307 5162 Deum
1344 5123 1440 5161 nec
1463 5122 1525 5161 ea
1560 5121 1679 5174 qua:
1721 5107 1786 5159 ad
1827 5106 2087 5171 laborem,

512 5221 687 5275 neque
726 5220 789 5258 ea
830 5218 951 5273 qua:
992 5200 1059 5256 ad
1083 5202 1317 5271 quietem
1348 5198 1619 5267 pertinent
1666 5211 1830 5266 parva
1870 5204 2015 5261 sunt,
2048 5197 2093 5251 si

511 5309 767 5353 aeternam
810 5297 972 5349 vitam
1005 5308 1192 5362 parare
1240 5290 1612 5346 obedientibus
1648 5297 1890 5358 possunt.
1935 5290 2093 5354 Quis-

512 5392 631 5458 quis
668 5401 797 5456 ergo
844 5387 1022 5441 alieno
1069 5385 1295 5453 imprin
1342 5382 1613 5450 subjectus
1639 5390 1722 5437 est
1765 5383 1870 5438 hoc
1919 5385 2093 5439 solum

512 5481 851 5543 consideret,
883 5480 1007 5548 quia
1048 5477 1191 5546 quod
1242 5476 1341 5529 sibi
1372 5476 1669 5528 secundum
1708 5475 1873 5529 Deum
1914 5475 2094 5543 injun-

513 5575 655 5641 gitur
694 5572 847 5625 valde
879 5583 1130 5637 maguum
1160 5577 1215 5621 et
1243 5567 1512 5621 excelsum
1539 5566 1590 5619 in
1616 5566 1765 5620 lucro
1796 5574 1878 5621 est
1906 5566 2094 5631 menti,

517 5664 662 5733 quod
691 5665 852 5717 vitam
882 5672 1147 5731 praeparet
1171 5661 1223 5715 in
1256 5660 1505 5716 mercede
1552 5659 1940 5714 retributionis.
1974 5659 2095 5725 Quo

2199 4582 2449 4652 gnovisse
2500 4590 2555 4634 et
2607 4581 2893 4634 deVotione
2954 4580 3234 4633 ministerii
3284 4587 3340 4633 et
3390 4579 3589 4633 virtute
3632 4588 3804 4634 testa-

2202 4674 2361 4728 batur
2388 4672 2608 4726 amoris.
2644 4671 2748 4724 Sed
2791 4672 2843 4725 in
2874 4670 3285 4725 cmtversatione
3331 4668 3565 4723 ﬁdelium
3598 4684 3805 4723 conve-

2199 4768 2410 4820 n'euter
2445 4762 2746 4831 accipitur;
2797 4778 2917 4816 uanr
2961 4760 3201 4829 plerique
3228 4761 3328 4814 sub
3367 4760 3541 4813 aliena
3585 4760 3805 4815 institu-

2198 4856 2346 4909 tione
2374 4853 2515 4908 bene
2547 4853 2854 4921 proﬁciunt.
2883 4858 2972 4920 qut
3007 4851 3259 4905 novitatis
3282 4866 3393 4904 sua:
3419 4858 3662 4920 tempore
3684 4868 3804 4905 om-

2201 4944 2465 5015 nipotenti
2497 4944 2609 4997 Deo
2642 4942 2933 4997 ministeria
2966 4942 3308 5010 persolvunt,
3345 4951 3400 4997 et
3428 4951 3604 4996 tamen
3653 4945 3802 5011 puri-

2198 5046 2309 5091 tate
2337 5034 2809 5104 contemplationis
2841 5032 2907 5085 ad
2957 5033 3180 5087 intentae
3226 5032 3642 5103 pulchritudinis
3682 5034 3802 5101 ejus

2192 5130 2430 5199 speciem
2459 5144 2565 5181 non
2612 5126 2943 5195 pertingunt.
2976 5124 3079 5191 Qui
3119 5141 3240 5180 cum
3288 5124 3643 5193 subiectionis
3689 5143 3802 5181 sua:

2195 5220 2390 5275 merito
2438 5219 2611 5273 etiam.
2641 5216 2842 5270 donum
2883 5216 3079 5270 divina:
3125 5217 3601 5283 contemplationis
3647 5221 3798 5273 acci-

2197 5312 2367 5381 piunt,
2410 5317 2465 5363 et
2491 5307 2821 5375 experientia
2870 5308 3095 5362 internae
3124 5306 3345 5361 visionis
3390 5309 3544 5379 102
3596 5307 3799 5363 intelli-

2198 5408 2329 5468 gunt
2375 5398 2500 5466 quia
2554 5397 2632 5450 sic
2681 5396 2919 5451 nondum
2967 5398 3211 5451 sciebant
3261 5397 3346 5452 cui
3396 5399 3801 5451 ministrabant.

2200 5491 2354 5556 Quod
2387 5490 2523 5543 bene
2549 5485 2737 5552 Jacob,
2767 5492 2835 5541 ad
2860 5487 3226 5555 accipiendam
3248 5489 3525 5556 coniugem
3549 5488 3803 5556 proﬁcis.

2200 5597 2350 5647 cens,
2381 5581 2646 5645 designat,
2695 5581 2785 5647 qui
2838 5590 2963 5649 post
3006 5580 3243 5634 laborem
3276 5580 3480 5635 itineris
3509 5595 3603 5649 per
3634 5596 3805 5650 sopo-

2200 5687 2314 5728 rem
2345 5671 2538 5740 quietis
2580 5670 2863 5724 Dominum
2895 5671 3045 5737 vidit,
3077 5670 3172 5725 sed
3204 5686 3231 5723 a
3264 5685 3455 5725 snmno
3498 5670 3803 5741 evigilans.
