4000 6306
217 239 315 294 155

1069 241 1132 295 IN
1173 239 1434 296 PRIMUM
1476 241 1716 296 REGUM
1761 240 2276 296 EXPOSITIONKS.
2320 271 2387 281 —
2431 239 2556 296 Llii.
2593 241 2648 294 ll.

3406 247 3499 300 ιπι

209 355 285 409 sit
312 373 326 407 :
364 353 502 408 Vere
532 352 787 408 Dominus
812 362 888 406 est
920 354 973 406 in
998 353 1110 407 loco
1143 354 1262 418 isto,
1304 363 1353 407 et
1393 371 1484 424 ego
1525 354 1812 408 nesciebam
1848 359 1881 408 Α
1918 355 2198 422 praesentia
2241 353 2291 407 in
2325 355 2702 421 dealignatione
2729 366 2874 422 sunt,
2904 366 2962 412 ut
2990 373 3099 427 quo
3126 365 3410 416 studiosiu:
3439 367 3508 417 ab

211 445 370 506 (Gen.
393 460 584 509 xxvrn,
612 445 722 514 i6).
746 443 930 512 Neque
951 444 1092 497 enim
1124 445 1230 498 illic
1257 461 1377 500 esse
1405 445 1686 500 Dominum
1717 461 1816 500 an-

209 546 430 604 tequam
480 534 745 587 dormiret
781 533 1030 586 dubitare
1071 543 1319 602 poterat,
1367 535 1458 602 qui
1505 550 1624 588 esse
1672 536 1814 590 hunc

206 629 410 697 ubique
457 628 767 693 sentiebat;
802 626 895 679 sed
925 627 1050 694 quia
1093 636 1220 680 trrne
1249 643 1370 680 eum
1407 627 1694 696 perfectius
1728 629 1811 681 di-

203 721 361 784 dicit,
401 720 680 786 ignorasse
713 733 773 771 se
826 718 973 770 illurn
1024 717 1293 784 perhibuit
1339 733 1459 770 cum
1501 717 1812 772 familiarius

207 827 318 863 non
365 809 603 876 agnovit.
634 807 732 861 Via
762 822 994 876 namque
1023 822 1128 876 qua
1159 808 1222 860 ad
1256 807 1539 877 conjugem
1573 811 1813 878 pergitur

203 902 439 953 intentio
466 900 675 954 devotae
720 898 1043 953 obedientire
1072 905 1186 961 est,
1236 913 1342 966 qua
1384 897 1683 953 fecunditas
1730 899 1812 952 irr-

202 997 378 1041 terna:
413 989 512 1044 cha
548 990 693 1043 iratis
737 990 994 1057 consequi
1029 989 1382 1043 desideratur.
1415 989 1584 1044 Jacob
1626 990 1811 1057 itaque

198 1078 405 1132 dormit
433 1079 488 1134 in
515 1079 621 1142 via,
653 1095 774 1134 cuin
804 1077 975 1132 ﬁdelis
1003 1078 1300 1147 subjectus,
1343 1079 1559 1148 maligni
1590 1079 1809 1146 sp'ritus

197 1169 604 1236 supplantator,
648 1184 748 1238 per
801 1168 1042 1223 laborem
1086 1167 1406 1222 obedientiae
1452 1167 1520 1222 ad
1570 1169 1804 1238 quietem

197 1259 500 1328 suscipitur
529 1259 753 1313 interna:
782 1258 1021 1312 visionis.
1056 1258 1157 1324 Qui
1195 1258 1440 1327 profecto
1470 1268 1596 1313 tunc
1629 1259 1806 1312 Domi-

201 1366 335 1402 num
368 1367 429 1406 se
455 1351 738 1420 agnovisse
774 1348 1049 1418 fatebitur,
1079 1349 1200 1418 quia
1231 1349 1356 1403 dum
1385 1363 1506 1402 eam
1549 1349 1613 1402 ad
1644 1363 1805 1416 quam

201 1446 420 1500 noviter
443 1452 527 1498 est
553 1453 863 1512 assumptus
893 1445 1117 1498 internae
1143 1443 1277 1497 lucis
1297 1443 1521 1497 miratur
1547 1443 1805 1510 Speciem,

196 1545 468 1605 quantum
498 1542 623 1588 ante
653 1534 907 1588 nescierit
934 1534 1268 1603 experientia
1293 1534 1542 1588 revelata:
1571 1535 1806 1602 pulchri-

196 1625 408 1679 tudin‘s
445 1624 714 1692 agnoscit.
761 1623 888 1678 Fide
931 1624 1166 1690 etenim,
1218 1625 1365 1678 velut
1412 1622 1585 1689 fama,
1638 1623 1801 1677 Deum

1918 443 2217 497 intentione
2265 459 2359 496 sua
2409 460 2730 512 corporerrrn
2780 462 2940 502 omne
2989 451 3142 519 103
3187 455 3504 519 repellitur,

1915 547 2100 585 arnore
2131 533 2470 587 invisibiliunr
2500 535 2858 592 abundantius
2895 540 3185 608 repleatur.
3220 542 3287 597 Et
3314 556 3505 598 notan-

1913 622 2038 674 dum
2063 625 2186 690 quia
2216 624 2325 690 jam
2356 628 2630 695 quaterad
2653 630 2827 683 somni
2857 633 3091 698 quietem
3115 633 3289 688 redire
3318 637 3507 704 ιιι-αξρί-

1913 711 2076 779 pitur,
2107 715 2230 780 quia
2259 713 2384 766 drrnr
2417 717 2747 784 negligenter
2777 720 2974 773 utimur
3002 721 3107 775 isto
3135 725 3332 777 sarculo
3361 726 3499 778 circa

1912 803 2157 866 vi-ibilia,
2204 820 2388 872 opere,
2437 806 2710 862 locutione
2760 818 2816 863 et
2845 812 3173 879 cogitatione
3201 813 3500 884 vigilamus.

1913 891 2016 946 'l‘cr
2042 910 2168 960 ergo
2195 893 2426 949 dormire
2453 898 2809 967 prtecipimur,
2840 909 2898 953 ut
2927 901 2991 954 ad
3023 903 3384 969 cognitionem
3415 921 3505 956 su-

1910 998 2197 1052 pernornm
2227 999 2324 1054 per
2351 986 2587 1055 quietem
2618 991 2817 1057 operis,
2847 990 2957 1043 oris
2979 991 3250 1045 silentium
3278 1000 3332 1046 ιλι
3355 995 3503 1061 cogi-

1910 1073 2172 1128 tationttrn
2236 1076 2626 1144 superﬂuarum
2698 1079 3056 1145 abjectionem
3115 1097 3498 1150 prteparcrnur.

1909 1162 2114 1230 Quarto
2145 1175 2322 1219 autem
2355 1166 2477 1220 loco
2507 1167 2570 1219 ad
2598 1182 2844 1222 somnum
2889 1169 3152 1224 mittimur
3181 1186 3301 1223 cum
3333 1172 3502 1238 majo-

1908 1268 2024 1306 rrrrn
2051 1262 2354 1307 nostrorum
2389 1255 2599 1308 licentia
2633 1258 2700 1310 ab
2730 1257 2844 1310 utili
2873 1258 3038 1312 etiam
3065 1258 3362 1312 ministerio
3385 1274 3502 1312 ces-

1906 1360 2026 1399 sare
2050 1346 2402 1416 puecipiurur,
2436 1355 2492 1400 ιιι
2521 1347 2644 1400 dum
2671 1349 2814 1402 nulla
2849 1351 3209 1418 prmpedimur
3237 1366 3364 1404 cura
3392 1352 3501 1405 sol-

1908 1435 2214 1501 licitudinis,
2254 1445 2424 1491 totam
2472 1454 2532 1493 se
2575 1455 2726 1496 mens
2755 1441 2970 1510 colligat
3017 1441 3083 1496 ad
3113 1441 3364 1496 intuitum
3404 1457 3500 1496 srr-

1909 1542 2092 1596 νει-ηαξ
2122 1528 2361 1582 visionis.

1979 1617 2062 1669 16.
2104 1617 2170 1670 Ει
2213 1619 2506 1672 notandum
2538 1621 2665 1688 quia
2707 1622 3076 1688 quiescentem
3116 1637 3365 1692 puerum,
3400 1637 3495 1676 ne-

192 1717 611 1783 cognoscirnus,
655 1729 842 1767 amore
875 1721 1056 1768 autem
1096 1714 1569 1783 conternplationis
1618 1715 1662 1768 is
1707 1715 1796 1782 qui
1837 1720 1873 1769 it
1903 1707 2108 1764 sciente
2139 1708 2277 1772 ll.li,
2319 1709 2576 1764 Dominus
2605 1713 2827 1779 excitat,
2870 1714 2964 1767 sed
2997 1722 3175 1768 tamen
3228 1715 3498 1779 excitato,

191 1810 335 1861 larua
389 1807 623 1861 innotuit
666 1807 823 1860 nobis
847 1806 996 1861 velut
1051 1821 1117 1861 ex
1149 1805 1461 1860 ostensione
1503 1807 1801 1875 prtescntize

189 1915 303 1954 rev.
323 1899 490 1953 latur.
521 1899 668 1953 Bene
708 1907 887 1952 autern
933 1913 1031 1967 per
1061 1897 1423 1952 obedientiam
1456 1895 1802 1967 proﬁciscens

192 1989 608 2047 subditus.dum
626 1989 692 2042 ad
715 1987 1188 2058 contemplationis
1209 1987 1543 2041 altitudinem
1568 1987 1797 2050 ducitur,

192 2079 401 2132 dudum
433 2079 710 2148 ignorasse
742 2079 1022 2131 Dominum
1055 2076 1394 2146 perhibetur,
1426 2077 1548 2148 quia
1575 2077 1618 2130 is
1647 2078 1799 2145 quasi

191 2185 256 2220 rx
291 2168 598 2237 prtesentize
618 2168 846 2223 veritate
875 2168 1164 2228 invenitur,
1195 2168 1286 2234 qui
1316 2167 1458 2221 fama
1486 2168 1630 2222 velut
1651 2170 1800 2223 ineo-

188 2260 396 2325 gnitus,
418 2269 472 2312 et
489 2273 594 2312 non
613 2258 892 2326 pnesentia
906 2256 1054 2311 velut
1070 2258 1341 2325 cognitus,
1358 2269 1480 2311 ante
1494 2257 1796 2312 videbatur.

261 2348 358 2402 14.
402 2350 508 2403 Sed
540 2348 665 2418 quia
715 2347 1006 2416 separatim
1050 2347 1283 2400 dicitur:
1319 2345 1566 2401 Nondum
1608 2347 1797 2401 sciebat

189 2439 500 2500 Dominum,
531 2455 693 2506 neque
717 2439 970 2491 revelatus
992 2438 1037 2490 ei
1062 2438 1229 2507 fuerat
1249 2454 1417 2490 sermo
1445 2437 1666 2491 Domini.
1694 2452 1794 2505 po-

190 2539 298 2583 test
327 2529 588 2584 subtilius
612 2528 858 2595 intelligi.
886 2526 1018 2580 Nam
1053 2527 1106 2580 in
1131 2543 1235 2580 una
1260 2528 1557 2596 eademque
1589 2527 1794 2581 inter-nr

190 2618 283 2672 Dei
307 2617 777 2685 contemplatione
799 2626 857 2670 et
884 2617 1016 2670 mira
1047 2616 1280 2670 cbaritas
1305 2615 1690 2685 contemplanti
1717 2616 1798 2669 irr-

191 2706 438 2761 fnnrlitur
464 2707 532 2761 de
562 2706 737 2762 fruczu
764 2715 922 2760 tanta:
945 2707 1150 2774 glorrtc,
1184 2714 1238 2759 et
1267 2714 1459 2775 stupor
1486 2721 1712 2774 nisgnus
1743 2708 1795 2760 in

187 2801 388 2855 secreti
437 2800 590 2855 verbi
644 2800 996 2854 rcvelatione.
1047 2797 1273 2865 Quidam
1326 2813 1455 2868 ergo
1509 2799 1790 2852 Dominum

187 2892 405 2957 sciunt,
436 2901 494 2945 et
535 2891 805 2945 sermonis
851 2890 970 2957 ejus
1018 2890 1406 2943 revelationem
1459 2889 1785 2958 percipiunt,

189 2985 315 3051 quia
335 2993 395 3037 et
417 2983 552 3038 mira
575 2983 858 3038 dulcedine
880 2982 1176 3050 replentur,
1198 2997 1264 3035 ex
1291 2997 1353 3034 ea
1380 2996 1542 3049 quam
1565 2997 1633 3035 ex
1661 2997 1793 3035 con-

187 3075 482 3129 suetudine
498 3075 752 3129 bauriunt
769 3074 1034 3129 inlusione
1051 3083 1211 3128 tanta!
1223 3075 1520 3138 ebaritatis,
1536 3083 1590 3127 et
1602 3086 1792 3141 magna

187 3167 520 3220 erudiuntur
555 3166 816 3234 sapientia
869 3166 1201 3221 revelatioue
1243 3166 1414 3219 verbi.
1454 3166 1496 3218 A
1529 3164 1796 3219 nonnullis

187 3275 320 3314 vero
349 3260 526 3315 scitur
557 3260 839 3324 Dominus,
871 3261 1068 3329 quibus
1109 3276 1288 3314 sermo
1337 3259 1546 3314 Domini
1587 3276 1795 3329 nequa-

186 3365 352 3414 quam
405 3351 699 3418 revelatur;
727 3351 853 3420 quia
895 3351 1168 3421 simplices
1207 3353 1425 3423 quique,
1461 3353 1552 3406 sed
1603 3367 1792 3422 magna

195 3442 620 3495 conversatione
650 3440 874 3511 perfecti
913 3442 1048 3505 viri,
1080 3441 1146 3496 de
1187 3443 1661 3512 contemplationis
1707 3444 1793 3496 di-

199 3532 338 3585 vina:
368 3533 540 3600 gloria
593 3531 915 3587 inelfabilem
960 3533 1178 3602 quidem
1214 3534 1414 3588 amoris
1459 3533 1793 3587 dulcedinem

193 3625 619 3694 contemplando
636 3625 960 3695 percipiunt,
983 3626 1077 3680 sed
1100 3633 1276 3681 tamen
1301 3625 1369 3680 ad
1401 3626 1621 3680 revelati
1643 3625 1794 3679 verbi

191 3717 308 3779 ejus
349 3715 696 3770 altitudinem
739 3731 849 3770 non
891 3717 1221 3786 pertingant,
1249 3716 1372 3784 quia
1403 3717 1469 3768 ad
1497 3715 1793 3770 amtntium

187 3806 439 3860 ordinem
469 3805 730 3876 assumpti
775 3815 918 3871 sunt,
950 3821 1059 3860 non
1088 3807 1153 3859 ad
1183 3805 1557 3861 celsitudinem
1597 3805 1792 3875 pr:edi-

187 3896 448 3950 cationis.
481 3895 772 3951 Revelatur
800 3896 1016 3965 quidem
1040 3897 1087 3950 ei
1121 3898 1367 3963 verbum,
1393 3904 1451 3950 ut
1478 3905 1717 3962 ametur;
1741 3907 1796 3950 et

188 3999 255 4038 ne
283 3985 633 4054 prmdicetur,
680 3984 1050 4039 absconditur.
1100 3984 1244 4039 Bene
1276 3994 1455 4039 autem
1498 3986 1566 4039 de
1606 4000 1673 4040 eo
1701 3986 1793 4053 qui

188 4077 253 4128 ad
284 4076 652 4130 ministerium
685 4076 1079 4144 prtedicationis
1106 4077 1351 4131 elevatur
1373 4075 1568 4131 dicitur
1596 4095 1609 4130 :
1640 4075 1796 4130 Narr-

187 4166 311 4218 dum
337 4164 540 4218 sciebat
567 4163 870 4226 Dominum,
895 4182 1054 4237 neque
1084 4166 1335 4219 revelatus
1360 4167 1406 4220 ei
1431 4168 1602 4235 fuerat
1628 4183 1795 4221 sermo

190 4254 428 4317 Domini,
456 4264 518 4308 ut
543 4256 666 4308 dum
697 4271 760 4309 ea
789 4270 908 4323 qua:
938 4256 1174 4310 nondum
1201 4258 1361 4310 habet
1388 4257 1532 4314 rudis
1560 4259 1793 4313 insinuat

187 4347 390 4415 quibus
412 4345 574 4400 bonis
596 4346 754 4400 ditari
779 4346 1102 4415 prtedicator
1125 4347 1318 4403 debeat
1344 4357 1590 4417 patenter
1611 4358 1797 4404 osten-

1908 1799 2005 1852 nisi
2037 1802 2226 1854 eodem
2262 1799 2374 1853 Heli
2405 1800 2766 1870 praecipiente,
2801 1803 3098 1858 vocationis
3140 1818 3252 1857 suae
3281 1819 3498 1858 causam

1906 1904 2244 1958 nequaquam
2275 1891 2596 1957 manifestat,
2627 1893 2750 1961 quia
2783 1894 2988 1949 electos
3017 1894 3260 1950 subditos
3288 1893 3498 1948 occulta

1906 1979 2254 2050 insriiratirare
2279 1982 2346 2036 ad
2376 1997 2624 2052 superna:
2648 1985 2830 2053 patriae
2857 1983 3181 2040 desiderium
3205 1985 3379 2054 erigit,
3403 1982 3498 2038 sed

1906 2089 2001 2142 per
2027 2073 2264 2142 quietem
2294 2089 2488 2128 vocare
2517 2090 2613 2129 eos
2651 2074 2718 2128 ad
2771 2091 2890 2129 eam
2924 2091 3084 2145 quam
3116 2077 3341 2145 diligunt
3395 2093 3502 2147 pa-

1904 2166 2060 2218 triam
2085 2166 2201 2220 sine
2231 2166 2491 2236 majorum
2523 2167 2737 2222 licentia
2769 2185 2873 2222 non
2907 2170 3188 2237 permittit.
3213 2171 3344 2237 Quia
3369 2188 3500 2241 ergo

1902 2257 2111 2324 quoties
2136 2267 2360 2311 vocatur
2382 2274 2535 2328 puer,
2562 2260 2723 2313 toties
2751 2260 2827 2314 ire
2855 2261 2920 2313 ad
2948 2261 3259 2329 magistrum
3285 2262 3497 2322 :ittittlt‘,

1900 2347 2025 2413 quid
2047 2355 2128 2401 est
2149 2347 2313 2412 aliud,
2329 2347 2424 2402 nisi
2447 2349 2571 2418 quia
2596 2350 2709 2418 ipsa
2732 2349 2985 2404 divinitus
3007 2352 3260 2419 inspirata
3285 2351 3498 2419 subjec-

1902 2443 2076 2487 torurn
2100 2436 2363 2490 desideria
2394 2437 2656 2504 majorum
2674 2437 2878 2506 judicio
2908 2441 3330 2494 submittuntur?
3353 2441 3500 2509 Opus

1902 2542 2133 2595 namque
2175 2527 2404 2596 subjecti
2433 2529 2687 2583 divinitus
2720 2532 3035 2600 inspiratum
3069 2543 3195 2587 tunc
3233 2535 3343 2588 Deo
3373 2548 3501 2602 gra-

1901 2628 2011 2673 tum
2042 2634 2159 2673 esse
2186 2620 2546 2687 cognorcitur,
2571 2621 2614 2675 si
2644 2623 2864 2690 majoris
2895 2623 3119 2692 imperio
3149 2634 3240 2678 aut
3264 2629 3495 2694 peruris-

1899 2710 2051 2762 siorre
2074 2718 2378 2777 peragatur.
2409 2709 2612 2776 Quater
2633 2727 2761 2780 ergo
2783 2725 3004 2767 vocatur
3027 2731 3156 2784 puer
3177 2731 3207 2769 a
3234 2715 3460 2775 Domino
3477 2763 3494 2788 ,

1898 2804 2090 2863 quater
2117 2799 2286 2850 somni
2319 2799 2470 2867 quies
2517 2800 2823 2869 praecipitur
2861 2817 2891 2855 a
2926 2805 3216 2874 magistro,
3259 2810 3382 2875 quia
3426 2814 3495 2865 ad

1901 2897 2242 2956 temperante
2270 2899 2382 2944 tum
2413 2892 2624 2960 operis,
2657 2893 2929 2949 silentium
2973 2898 3102 2964 oris,
3133 2899 3494 2967 abjcctionem

1900 2981 2125 3036 interna:
2171 2982 2574 3050 sollicitudinis,
2624 2987 2983 3040 cessationem
3029 2990 3344 3059 ministerii,
3397 3011 3496 3065 pro

1852 3085 1864 3139 ζ
1899 3088 2083 3128 arnore
2107 3074 2416 3129 secretioris
2436 3076 2552 3128 vitm
2576 3091 2671 3145 per
2691 3077 2927 3131 divinam
2953 3079 3356 3149 inspirationem
3379 3101 3498 3142 suc-

1897 3163 2206 3228 cendirnur,
2236 3172 2292 3216 et
2336 3173 2514 3218 tamen
2566 3166 2766 3220 amoris
2797 3169 2964 3222 nostri
3007 3170 3271 3227 desideria
3321 3177 3495 3228 adim—

1898 3258 2048 3326 plrre
2072 3258 2187 3311 sine
2220 3257 2484 3326 majorum
2515 3267 2822 3314 uestrorum
2855 3264 3209 3331 permissione
3241 3269 3494 3336 prohibe-

1897 3364 2034 3402 mur.
2059 3347 2227 3402 V'ocat
2248 3349 2430 3418 itaque
2451 3347 2732 3416 Dominrrs,
2755 3359 2810 3404 et
2836 3355 3136 3408 vocationis
3166 3372 3384 3412 causam
3415 3369 3494 3412 ta-

1896 3447 2002 3504 cct,
2033 3447 2092 3492 ut
2113 3438 2456 3508 permittente
2484 3440 2741 3508 magistro
2768 3443 3116 3512 semetipsum
3149 3457 3341 3502 vocato
3364 3449 3494 3503 sub-

1890 3529 2037 3597 jecto
2068 3530 2322 3584 insinuet.
2355 3529 2486 3584 Nam
2518 3532 2610 3600 qui
2652 3549 2758 3587 non
2794 3533 2946 3602 jusso
2975 3538 3163 3592 audire
3203 3549 3489 3611 postquam

1895 3621 2109 3674 vocavit
2155 3621 2329 3686 siluit,
2386 3621 2472 3676 ubi
2520 3624 2714 3677 doctor
2753 3625 2914 3681 homo
2957 3630 3238 3697 praecepit,
3291 3647 3493 3687 vocans

1897 3711 2035 3765 Deus
2065 3712 2364 3767 vocationis
2393 3729 2610 3768 causam
2641 3715 2912 3771 indicavit.
2945 3717 3197 3787 Sequitur
3222 3724 3362 3777 cnim
3396 3743 3409 3777 :

1971 3801 2147 3872 (Vers.
2183 3802 2364 3869 9-H.)
2391 3803 2533 3858 Abiit
2551 3822 2674 3877 ergo
2706 3807 2936 3871 Samuel,
2969 3819 3018 3861 et
3044 3810 3280 3866 dormivit
3305 3815 3357 3867 in
3379 3815 3493 3869 loco

1895 3909 2007 3947 suo.
2042 3891 2110 3946 Et
2148 3894 2280 3947 venit
2308 3892 2585 3957 Dominus,
2616 3904 2664 3948 et
2699 3904 2777 3948 ste
2801 3897 2874 3959 it;
2905 3907 2954 3950 et
2983 3902 3206 3967 vocavit,
3238 3901 3369 3954 sicut
3405 3921 3492 3958 vo--

1895 3997 2097 4039 caverat
2125 3989 2375 4051 secundo,
2410 3985 2644 4041 Samuel.
2682 3986 2751 4039 Et
2797 3990 2872 4041 ait
2922 3989 3137 4045 Samuel
3169 4009 3184 4045 :
3226 3991 3488 4065 Loquere.

1895 4076 2138 4146 Domine,
2175 4079 2294 4150 quia
2335 4078 2481 4131 audit
2522 4095 2695 4132 servus
2727 4089 2860 4133 tuus.
2893 4078 2967 4132 Et
3010 4082 3084 4134 ait
3126 4080 3377 4140 Dominus
3421 4087 3492 4139 ad

1894 4185 2010 4222 eum
2021 4209 2031 4220 .

1967 4260 2055 4312 i7.
2088 4257 2290 4326 Quibus
2322 4261 2566 4328 profecto
2597 4259 2794 4324 verbis,
2827 4260 2950 4329 quia
2977 4261 3043 4316 de
3074 4261 3394 4334 incorporea
3436 4274 3492 4319 et

1896 4348 2148 4404 invisibili
2186 4349 2366 4403 divina
2394 4350 2694 4403 substantia
2725 4350 2854 4404 illud
2883 4351 3077 4406 dicitur
3105 4355 3246 4422 qrrod
3277 4355 3342 4408 ad
3369 4370 3493 4409 cor-

189 4439 302 4491 dat.
336 4437 474 4491 Nam
504 4437 599 4507 qui
628 4438 771 4491 illam
813 4438 984 4493 intimi
1023 4441 1222 4495 amoris
1251 4441 1506 4496 virtutem
1553 4443 1788 4498 nondrnn
1825 4449 1869 4506 0
1898 4455 1996 4506 pus
2025 4439 2295 4509 pertinere
2336 4441 2711 4507 cognoscitur.
2743 4455 2965 4494 necesse
2991 4449 3076 4494 est
3108 4450 3164 4494 ul
3193 4441 3490 4496 rationabi-

189 4529 457 4600 percepit,
505 4528 755 4598 profrcto
794 4531 1219 4600 omnipotentem
1269 4533 1584 4598 Donrinum,
1630 4550 1790 4604 quem

193 4620 294 4676 ﬁde
322 4622 474 4676 Vrllll
495 4618 640 4674 fama
665 4622 836 4688 novit,
863 4625 1144 4692 praesentia
1174 4623 1314 4677 illius
1337 4638 1526 4689 magna
1553 4623 1791 4679 cbarita-

191 4713 260 4766 tis
289 4712 484 4767 nescit.
515 4709 582 4765 Et
609 4711 656 4766 si
689 4712 943 4768 ardenter
971 4714 1162 4783 diligit,
1193 4724 1249 4768 et
1284 4730 1482 4770 arcana
1510 4716 1791 4786 mysterio-

187 4821 310 4858 rum
340 4804 617 4859 discutere
649 4820 744 4873 per
778 4807 1024 4876 spiritum
1066 4807 1304 4862 nondum
1336 4807 1503 4871 novit,
1533 4807 1643 4875 jam
1673 4807 1793 4876 qui-

185 4895 314 4949 dem
356 4896 646 4951 Dominum
675 4897 974 4964 cognoscit,
1027 4897 1121 4951 sed
1169 4899 1233 4951 ad
1263 4900 1524 4953 sermonis
1551 4897 1666 4964 ejus
1704 4917 1790 4954 re-

189 4985 526 5040 velationem
556 5003 663 5041 non
697 4989 960 5056 pervenit.
995 4988 1068 5042 De
1092 4990 1162 5042 ob
1195 4989 1374 5042 dieute
1413 5003 1591 5046 autem
1624 5006 1791 5063 puero

189 5077 378 5130 statim
406 5078 659 5131 subditur
684 5095 697 5131 :

263 5167 447 5238 (νει-ε.
481 5167 562 5239 9.)
587 5168 730 5222 Abiit
748 5187 869 5240 ergo
899 5170 1132 5235 Samuel,
1157 5179 1207 5223 et
1236 5170 1498 5225 dormivit.

264 5258 356 5312 15.
389 5260 509 5314 Jam
540 5261 744 5332 quippe
768 5263 833 5316 ad
859 5263 1052 5317 divina:
1079 5264 1363 5319 locutionis
1389 5264 1631 5318 notitiam
1657 5281 1792 5334 puer

193 5352 496 5408 instructus
517 5356 770 5419 mittitur,
797 5372 916 5409 cum
939 5356 1142 5412 electus
1163 5358 1405 5414 subditus
1426 5360 1644 5426 majoris
1665 5377 1790 5414 con-

191 5443 316 5497 silio
347 5444 416 5498 ad
444 5446 711 5515 spiritalia
753 5447 1122 5514 cognoscenda
1167 5459 1517 5519 praeparatur.
1555 5449 1622 5504 Et
1659 5451 1786 5504 dor-

196 5539 336 5588 mire
357 5534 578 5602 quidem
603 5535 652 5590 ei
669 5544 754 5589 est
775 5536 825 5588 in
846 5536 1110 5592 desiderio
1123 5550 1341 5594 :eterna:
1353 5540 1476 5595 vitm
1493 5542 1788 5612 quiescere,

195 5639 318 5680 εαξη
341 5626 596 5684 videlicet
632 5629 826 5682 animm
846 5628 951 5696 jam
979 5631 1091 5686 sola
1118 5648 1347 5704 superna
1377 5635 1574 5689 sitienti
1599 5645 1790 5690 cuncta

1893 4531 2016 4586 liter
2061 4531 2406 4600 intelligatur.
2452 4530 2583 4584 Nam
2629 4546 2737 4601 quo
2787 4531 2967 4585 veniat
2995 4531 3086 4601 qui
3124 4532 3320 4601 ubique
3369 4536 3491 4587 est?

1894 4640 2002 4693 quo
2025 4634 2182 4694 pacto
2203 4631 2345 4676 stare
2368 4633 2423 4677 et
2451 4622 2599 4691 loqrri
2627 4623 2825 4677 dicitur
2845 4624 2935 4692 qui
2959 4637 3217 4690 corporea
3241 4624 3491 4677 substan-

1897 4718 1969 4768 tia
1995 4731 2100 4769 rron
2131 4714 2428 4768 formatur?
2449 4713 2553 4767 Sed
2583 4713 2636 4767 in
2663 4714 2749 4768 illa
2775 4714 2953 4768 omnia
2983 4714 3221 4767 dictante
3240 4715 3490 4768 substan-

1895 4808 1970 4860 tia
2001 4811 2274 4876 ponuntur
2299 4805 2460 4858 verba
2501 4804 2693 4872 inopia:
2733 4812 2959 4866 nostrae,
3001 4818 3096 4873 per
3123 4817 3242 4869 quae
3269 4818 3490 4872 surgere

1897 4915 1960 4951 va
1984 4913 2168 4952 eamus
2209 4898 2275 4951 ad
2307 4911 2408 4964 cog
2449 4898 2680 4950 osccnda
2709 4896 2964 4966 mysteria
2997 4896 3326 4964 operationis
3357 4913 3487 4953 suae.

1895 4988 2025 5043 Nam
2057 4989 2241 5044 venire
2271 4989 2497 5042 Domino
2529 4997 2611 5041 est
2639 4986 2920 5056 praesentia
2960 4985 3144 5053 gratim
3174 5001 3282 5040 suae
3323 4989 3488 5041 corda

1892 5083 2189 5137 electorum
2219 5088 2472 5148 tangere,
2503 5088 2647 5133 itare
2699 5078 2814 5147 ejus
2844 5087 2945 5144 est,
2977 5080 3216 5132 manenti
3247 5081 3487 5146 ejusdem

1893 5176 2078 5244 gratia:
2103 5189 2213 5228 sua:
2245 5173 2387 5228 dono
2417 5188 2508 5225 eas
2546 5185 2679 5240 quas
2705 5169 2875 5236 tangit
2909 5178 3118 5223 mentes
3161 5170 3489 5226 inconcessa:

1895 5267 2077 5332 gratia:
2098 5280 2207 5319 sua:
2245 5265 2389 5319 dono
2411 5263 2662 5316 retinere.
2695 5259 2903 5314 Vocare
2927 5267 3106 5314 autem
3131 5259 3248 5328 ejus
3272 5270 3354 5314 est
3376 5262 3489 5315 ele-

1896 5366 2039 5410 ctam
2061 5365 2293 5409 rrrerrtem
2316 5353 2379 5407 ad
2398 5360 2741 5420 augmentum
2771 5349 2990 5418 majoris
3009 5351 3194 5419 gratim
3224 5351 3484 5404 excitare.

1901 5447 2058 5504 Venit
2085 5461 2315 5516 namque
2341 5445 2618 5508 Dominus,
2649 5454 2702 5497 et
2731 5459 2837 5498 non
2873 5452 2998 5507 stat,
3031 5457 3153 5496 cum
3199 5442 3358 5496 corda
3389 5458 3484 5495 ne-

1897 5541 2208 5611 gligentium
2239 5547 2526 5607 tanguntur
2547 5554 2644 5608 per
2664 5538 2914 5606 gratiam,
2939 5545 2994 5591 et
3015 5546 3190 5589 tanien
3218 5535 3266 5589 in
3290 5533 3482 5590 allecto

1901 5642 2163 5689 etanrore
2211 5631 2474 5700 tangentis
2520 5631 2704 5698 gratiae
2736 5644 2799 5683 ne
2822 5643 3068 5697 ,uaqnam
3115 5636 3477 5703 perseverant.
