4000 6350
537 274 638 329 153

1760 265 2002 322 ΞΑΧΟΤΙ
2043 262 2107 317 Gl

2216 264 2367 320 iORll
2412 265 2623 323 MAGNI
3691 274 3777 330 136

531 385 688 440 Velut
712 382 852 440 enim
881 396 1118 452 prrseus
1145 389 1227 436 est
1254 379 1502 446 veniens,
1535 386 1590 433 et
1623 395 1728 432 non
1768 391 1915 432 stans
1953 393 2105 432 rece-
2135 378 2180 434 A
2209 377 2301 440 vis,
2331 380 2585 449 faciamus
2613 379 2691 433 hic
2724 382 2824 433 tria
2868 378 3214 445 tabernacula,
3260 382 3350 436 tibi
3393 398 3588 450 unum,
3629 381 3776 451 Mog/si

530 477 682 544 dens,
713 489 833 529 rum
870 490 935 529 ex
978 473 1224 542 prznsenti
1255 479 1398 525 tactu
1435 470 1624 524 divinae
1661 471 1844 537 gratiae
1887 477 2108 538 repente

526 568 666 621 bona
715 565 890 619 facere
919 573 1241 634 prolionunt,
1276 569 1329 615 et
1356 562 1536 615 statim
1569 561 1836 625 derelieti,
1871 563 2106 630 ejusdem

527 656 653 711 b0ni
683 654 940 724 propositi
971 653 1322 706 intentionem
1357 651 1630 704 deserunt.
1658 651 1811 716 Quod
1840 651 1884 703 si
1906 652 1968 703 al
2000 653 2106 703 v'm

525 748 992 820 conte-nplationis
1017 746 1263 810 refertur,
1292 745 1438 800 venit
1465 754 1520 799 et
1564 751 1671 798 stat
1702 744 1954 798 Dominus
1991 757 2106 797 cum

527 841 822 896 electorum
863 839 1026 893 corda
1053 846 1107 890 et
1154 843 1379 906 repente
1422 850 1518 903 per
1563 835 1784 903 gratiam
1827 833 2015 900 tangit,
2057 843 2112 884 οι

529 940 670 986 tat-ta
699 940 919 1000 repente
946 945 1051 983 non
1075 928 1292 990 deserit,
1322 935 1378 979 ut
1402 924 1664 980 veniemlo
1693 925 1889 987 visitet,
1920 922 2109 976 statutio

525 1023 820 1087 coulirmi-t,
851 1030 904 1075 et
927 1021 1018 1089 qui
1060 1018 1127 1073 ad
1153 1018 1400 1087 gaudium
1431 1016 1530 1069 sibi
1566 1016 1772 1069 dilectae
1804 1015 1995 1067 mentis
2023 1029 2111 1066 os-

523 1114 777 1177 tenditur,
798 1130 900 1166 non
919 1112 1134 1166 recedat
1149 1112 1261 1179 ipse
1274 1110 1418 1178 prius
1439 1107 1763 1177 anque":
1779 1106 1864 1158 i!la
1882 1106 2110 1159 vivendo

522 1208 764 1261 satietur.
796 1205 900 1260 Sed
932 1204 1056 1274 quia
1086 1213 1230 1256 stare
1260 1202 1474 1263 dicitur,
1513 1200 1842 1253 dieCCrSUl‘IIS
1870 1197 2112 1266 quando-

523 1313 629 1366 que
656 1296 985 1363 desiguatur,
1029 1293 1152 1362 quia
1203 1293 1300 1346 etsi
1342 1289 1628 1360 aliquando
1659 1289 1858 1343 electas
1905 1289 2111 1341 animas

523 1387 574 1439 in
604 1401 698 1439 sua
747 1383 1075 1437 revelatione
1106 1397 1201 1450 per
1247 1379 1634 1448 aliquantulam
1685 1393 1887 1430 moram
1918 1378 2108 1441 satiat,

523 1476 818 1546 prtcseutitr
860 1489 969 1528 sua:
1001 1473 1336 1528 dulcedinem
1367 1469 1654 1536 subtrahit,
1682 1477 1743 1522 ut
1782 1468 2108 1524 subtractam

519 1567 792 1620 a=-deutius
821 1561 1393 1632 concuﬂscantﬂenit
1419 1575 1548 1628 ergo
1581 1559 1838 1612 Dominus
1869 1558 2106 1622 visitans,

519 1666 626 1711 stat
654 1656 891 1711 suaviter
919 1671 978 1708 se
1018 1655 1394 1707 demonstrans
1418 1692 1431 1715 ,
1464 1658 1620 1704 vocat
1652 1649 1716 1701 ad
1748 1663 1987 1702 amorem
2019 1662 2108 1701 os-

2212 485 2388 532 unum,
2421 481 2470 524 et
2504 472 2670 526 Helia:
2690 489 2847 525 unum
2887 470 3112 541 (Matth.
3153 489 3257 526 xvn
3279 515 3293 538 ,
3328 472 3390 538 4;
3425 474 3547 526 Luc.
3579 489 3653 537 ιχ,
3683 474 3778 538 55).

2213 559 2312 626 Qui
2340 563 2479 615 enim
2507 562 2637 616 dicit
2666 580 2678 613 :
2714 561 2913 616 Bonum
2940 573 3014 615 est
3041 579 3133 616 nos
3163 563 3243 615 hic
3273 579 3404 629 esse,
3433 563 3477 616 si
3500 572 3700 631 posset,
3725 568 3778 618 ab

2213 653 2300 706 illa
2329 653 2538 708 visione
2565 662 2726 717 tantae
2764 653 2945 719 gloria:
2984 669 3255 722 nunquam
3297 654 3492 722 deponi
3522 654 3777 711 voluissm.

2214 742 2347 796 Dum
2402 743 2542 796 enim
2580 745 2706 798 dicit
2756 742 2964 807 Petrus,
2999 744 3236 807 Domine,
3271 746 3455 800 bonum
3485 757 3561 799 est
3603 763 3690 798 nos
3717 748 3783 798 hic

2212 851 2339 896 esse,
2365 843 2418 888 et
2437 836 2649 890 Samuel
2674 835 2832 889 dicit:
2854 836 3101 904 Loquere,
3127 836 3360 898 Domine,
3388 839 3504 907 quia
3530 837 3673 889 audit
3691 856 3781 889 scr-

2211 941 2300 977 uus
2327 936 2464 992 tuus,
2501 941 2661 980 voces
2690 926 2901 995 quidem
2941 928 3166 981 diversa:
3203 937 3350 994 sunt,
3383 928 3696 982 allectioms
3719 945 3780 980 ze-

2212 1018 2416 1085 quales.
2451 1018 2563 1072 lloe
2586 1020 2728 1073 enim
2758 1018 3021 1086 signiﬁcat
3053 1019 3243 1074 Petrus
3272 1020 3324 1072 in
3353 1027 3561 1083 monte,
3591 1017 3782 1071 transﬁ-

2211 1118 2403 1174 guiato
2450 1109 2695 1176 Domino,
2736 1110 2879 1178 quod
2910 1109 3128 1163 Samuel
3169 1126 3198 1162 a
3229 1110 3498 1172 veniente,
3531 1125 3560 1161 a
3590 1117 3782 1170 stante,

2212 1211 2266 1256 et
2294 1211 2468 1256 stante
2517 1203 2743 1257 Domino
2783 1203 3017 1256 secundo
3064 1211 3305 1256 vocatur.
3347 1201 3455 1255 Sed
3499 1201 3599 1254 etsi
3640 1203 3775 1268 qua~i

2215 1294 2458 1347 nesciens
2487 1292 2677 1347 Petrus
2717 1293 2844 1362 quid
2890 1293 3095 1346 diceret
3123 1292 3190 1345 ab
3237 1290 3566 1358 evangelista
3615 1305 3784 1358 repre-

2213 1384 2483 1448 henditur,
2515 1384 2641 1437 huic
2665 1393 2840 1436 tamen
2868 1382 3048 1436 sensui
3077 1381 3405 1436 contrarium
3433 1395 3540 1432 non
3573 1377 3782 1433 videtur.

2213 1473 2546 1544 Evangelista
2575 1473 2771 1542 quippe
2802 1487 2909 1526 non
2940 1471 3021 1524 alii
3045 1487 3187 1526 etum
3217 1469 3380 1534 Petri,
3412 1469 3512 1524 sed
3538 1469 3784 1524 rationein

2212 1565 2585 1633 reprehendit,
2615 1564 2740 1632 quia
2771 1579 2892 1618 cum
2935 1562 3160 1615 Domino
3189 1570 3495 1630 assumptus
3537 1561 3590 1614 in
3633 1562 3786 1628 gloria

2213 1671 2475 1720 seorsum,
2503 1658 2582 1710 sic
2611 1670 2730 1710 esse
2763 1671 2977 1723 semper
3005 1654 3271 1723 cupiebat,
3305 1664 3360 1708 et
3407 1669 3506 1723 pro
3554 1655 3788 1723 redemp-

521 1755 686 1801 tensze
712 1761 821 1800 sum
849 1745 1031 1812 gloria:
1071 1759 1167 1812 per
1196 1741 1627 1795 ardentissimum
1657 1737 1980 1792 desiderium
2011 1752 2107 1790 ex-

2216 1749 2359 1801 tione
2390 1764 2658 1802 communi
2704 1762 2825 1800 eum
2875 1744 2941 1798 ad
2973 1745 3316 1813 ignominiam
3358 1744 3534 1799 crucis
3579 1743 3788 1797 descen-

518 1839 710 1892 citans.
740 1835 891 1892 Unde
913 1844 966 1888 et
986 1834 1148 1889 toties
1170 1833 1437 1887 excitatus
1462 1845 1598 1900 puer
1624 1828 1854 1898 repetito
1877 1827 2111 1881 nomine.

519 1928 775 1994 Vocatur,
804 1927 928 1995 quia
960 1924 1174 1979 vocatio
1212 1939 1280 1977 ex
1322 1921 1538 1976 nomine
1569 1919 1815 1985 designat
1862 1916 2113 1970 all'ectum

524 2035 731 2089 magnae
762 2018 1041 2073 charitatis
1071 2024 1127 2070 et
1156 2013 1547 2068 familiaritatis.
1582 2011 1731 2065 Unde
1753 2019 1808 2064 et
1837 2009 2005 2080 Moysi
2036 2010 2111 2063 lo-

516 2115 720 2182 quitur,
753 2113 971 2166 dicens:
1007 2107 1142 2162 Novi
1167 2115 1215 2160 te
1248 2122 1310 2158 ea:
1335 2106 1540 2158 nomine
1565 2101 1766 2172 (Exod.
1796 2118 1980 2162 χχιιι,
2017 2099 2110 2164 12,

517 2205 582 2256 17
610 2207 645 2271 ).
679 2201 865 2256 Vocati
897 2199 1057 2268 igitur
1090 2211 1283 2250 nomen
1329 2195 1570 2257 iteratur,
1603 2207 1723 2247 cum
1767 2193 1817 2244 in
1864 2205 2112 2257 magnam

515 2293 623 2362 jam
665 2291 810 2345 famil
834 2290 1082 2343 arititem
1112 2287 1336 2339 internm
1380 2281 1676 2350 Majestatis
1702 2297 1852 2335 mens
1882 2279 2114 2362 videntis

515 2386 802 2454 excipitur,
834 2393 889 2436 et
914 2380 1208 2434 ferentibus
1241 2376 1520 2431 desideriis
1550 2376 1616 2428 ad
1655 2358 1895 2428 amorem
1925 2387 1984 2426 se
2014 2389 2114 2426 vo-

516 2477 688 2531 cat-tis
717 2476 979 2539 elevatur,
1009 2480 1068 2524 ut
1113 2478 1307 2540 praeter
1337 2468 1387 2522 id
1429 2467 1572 2536 quod
1619 2467 1765 2519 audit
1793 2465 1867 2518 nil
1909 2465 2110 2535 libeat,

517 2576 679 2635 atque
709 2564 760 2618 in
792 2564 972 2618 laetitia
1003 2561 1215 2614 auditus
1243 2559 1328 2614 sui
1374 2558 1646 2612 immorari
1687 2564 1950 2626 perpetuo
1976 2570 2110 2609 con-

516 2675 600 2727 Cllj
623 2658 776 2711 iscat.
813 2654 962 2709 Unde
1006 2662 1060 2707 et
1088 2635 1404 2722 hic'apette
1433 2650 1770 2719 subjungitur
1813 2666 1826 2702 :
1871 2648 1955 2701 Ait
1989 2665 2110 2719 ergo

516 2748 728 2804 Samuel
745 2764 762 2800 :
793 2745 1041 2814 Loquere,
1071 2743 1307 2809 Domine,
1337 2745 1458 2812 quia
1483 2744 1627 2795 audit
1649 2758 1820 2795 servus
1845 2749 1981 2792 tuus.
2008 2738 2109 2806 Qui

516 2852 644 2906 ergo
673 2837 878 2906 loquere
906 2834 1115 2904 posuit,
1163 2848 1230 2887 ex
1276 2838 1598 2886 necessnate
1626 2831 1909 2885 conclusit.
1945 2830 2109 2896 Quasi

521 2930 666 2983 enim
716 2927 895 2982 verbis
932 2924 1291 2995 apertioribus
1331 2923 1475 2978 dicat
1511 2941 1523 2976 :
1557 2922 1666 2990 Ego
1706 2921 1960 2991 respondi
2000 2919 2106 2976 Lo-

516 3035 691 3089 quere,
746 3017 836 3087 qui
883 3017 1039 3070 aliter
1068 3013 1398 3084 respondere
1441 3027 1546 3067 non
1590 3013 1759 3082 potui.
1811 3011 1942 3064 Nam
1978 3010 2108 3078 quid

2218 1841 2346 1894 dere
2367 1840 2607 1893 nolebat.
2638 1839 2922 1893 Nesciebat
2943 1851 3072 1906 ergo
3093 1836 3219 1905 quid
3246 1836 3473 1902 diceret,
3497 1836 3591 1888 sed
3614 1837 3791 1890 arden-

2219 1941 2300 1986 ter
2325 1931 2466 2012 quod
2493 1929 2710 1985 Videbat
2737 1929 2969 1993 amabat,
3002 1927 3126 1996 quia
3154 1928 3306 1998 105
3327 1925 3570 1996 profecto
3595 1935 3788 1981 tantum

2216 2025 2414 2077 bonum
2445 2021 2679 2087 videbat,
2707 2023 2846 2088 quol
2877 2022 2955 2075 sic
2984 2036 3090 2075 non
3120 2020 3286 2073 amari
3322 2019 3626 2073 nullatenus
3656 2029 3793 2087 pote.

2217 2125 2317 2167 rat.
2368 2112 2516 2167 Unde
2544 2113 2644 2165 etsi
2670 2111 2812 2178 juste
2844 2108 3034 2163 Petrus
3065 2107 3494 2177 reprehenditur,
3528 2109 3577 2161 ei
3623 2118 3789 2162 tamen

2216 2197 2609 2253 rationabiliter
2631 2195 2952 2262 indulgetur,
2977 2193 3100 2263 quia
3123 2207 3306 2246 amore
3327 2201 3490 2246 tantm
3511 2191 3792 2260 Majestaus

2217 2303 2314 2357 per
2345 2287 2652 2340 lruitionem
2684 2283 3017 2338 vincebatur.
3068 2281 3449 2336 Verumtamen
3473 2298 3593 2334 cum
3625 2281 3694 2334 de
3719 2281 3792 2334 di-

2215 2377 2368 2432 cendi
2397 2375 2696 2444 ignorantia
2729 2373 2917 2427 Petrus
2937 2373 3198 2441 arguitur,
3227 2372 3466 2442 ejusdem
3489 2373 3793 2438 ignorantia:

2215 2481 2377 2522 causa
2426 2472 2775 2520 memoratur.
2821 2463 2952 2517 Nam
2997 2461 3230 2517 subdens
3275 2461 3638 2531 evangelista,
3691 2461 3790 2514 ait:

2215 2557 2384 2612 Erant
2414 2559 2551 2612 enim
2587 2559 2766 2611 timore
2802 2559 3055 2610 exterriti.
3089 2555 3180 2609 l-la
3210 2556 3350 2609 enim
3385 2559 3610 2610 internae
3643 2556 3793 2624 Maje-

2212 2651 2365 2704 statis
2405 2649 2685 2704 inellabilis
2712 2649 3052 2719 pulchritudo
3081 2653 3305 2702 e'ectam
3352 2656 3586 2701 mentem
3615 2649 3702 2702 cui
3741 2663 3793 2702 se

2213 2741 2605 2795 delectabiliter
2624 2739 2864 2793 ostendit
2890 2738 3178 2804 aliquando
3202 2738 3428 2791 mirabili
3453 2752 3656 2806 pavore
3675 2754 3795 2794 eon-

2214 2833 2365 2893 cutit,
2402 2846 2468 2884 ne
2503 2830 2570 2884 de
2601 2829 2820 2884 visionis
2861 2828 3230 2896 magnitudine
3259 2827 3326 2881 ad
3355 2826 3651 2882 elationem
3683 2843 3796 2897 pru-

2211 2922 2371 2984 siliat,
2389 2921 2434 2975 si
2453 2937 2569 2974 eam
2590 2936 2749 2988 quam
2775 2918 2966 2973 blanda
2984 2918 3366 2986 contemplatio
3385 2916 3450 2970 ad
3469 2927 3579 2970 tam
3594 2933 3795 2972 summa

2211 3013 2391 3068 cvi-hit
2437 3021 2728 3082 provettor
2755 3026 2883 3065 suus
2923 3010 3142 3080 spiritus
3191 3009 3395 3063 timoris
3437 3010 3798 3064 moderamine

515 3107 656 3161 aliud
686 3106 994 3160 desiderare
1022 3113 1198 3174 potest
1227 3119 1378 3158 mens
1407 3104 1458 3157 in
1489 3103 1580 3158 illo
1610 3103 1804 3171 gaudio
1831 3103 2098 3171 loquentis
2129 3111 2172 3170 ί]
2204 3121 2312 3158 non
2353 3105 2608 3159 refrenat.
2642 3103 2698 3156 lu
2730 3119 2832 3156 una
2865 3102 3076 3171 quidem
3107 3109 3163 3155 et
3193 3101 3379 3154 eadem
3412 3101 3667 3155 revelata:
3694 3102 3798 3170 glo-

515 3197 808 3267 Majestatis
837 3197 1152 3265 assumpta?
1200 3193 1388 3248 Dicere
1427 3195 1569 3248 enim
1617 3195 1781 3247 menti
1834 3194 1944 3247 Deo
1993 3191 2099 3247 Lo-

514 3310 686 3366 quere,
719 3291 863 3346 illam
912 3288 1252 3344 ineffabifiter
1279 3288 1489 3342 dulcem
1523 3287 1845 3341 locutionem
1888 3301 2103 3352 semper

514 3385 722 3448 audire,
765 3382 1069 3435 desiderare
1097 3390 1197 3434 est.
1245 3378 1381 3432 Dicit
1421 3391 1548 3445 ergo
1577 3376 1831 3448 Loquere,
1870 3377 1962 3445 qui
1990 3378 2105 3430 vel-

516 3477 591 3531 let
615 3487 665 3528 ut
699 3487 971 3542 nunquam
1005 3480 1229 3526 tacent.
1261 3469 1414 3524 Unde
1442 3477 1497 3525 et
1526 3470 1768 3524 subditur
1799 3470 1920 3540 quia
1960 3468 2106 3521 audit

516 3582 688 3621 servus
718 3573 854 3618 tuus.
887 3562 1050 3628 Quasi
1081 3565 1222 3616 dicat
1251 3580 1264 3614 :
1303 3565 1424 3632 quia
1457 3565 1559 3615 hoc
1601 3560 1742 3630 quod
1773 3561 2105 3629 experientia

517 3655 711 3710 interni
742 3653 961 3707 all'ecws
985 3653 1197 3723 excipio
1236 3663 1435 3706 :eterna
1464 3650 1565 3705 frui
1589 3651 1933 3720 perceptione
1971 3666 2100 3705 cou-

516 3745 754 3815 cupisco.
786 3743 926 3798 Petit
961 3760 1089 3813 ergo
1121 3753 1178 3798 ut
1210 3745 1481 3813 loquatur,
1514 3744 1603 3813 qui
1645 3745 1786 3799 hunc
1833 3760 2105 3814 nunquam

518 3835 568 3888 in
593 3835 818 3889 internis
843 3834 954 3888 suis
978 3833 1259 3889 allectibus
1288 3834 1447 3888 silere
1471 3833 1762 3898 desiderat,
1789 3847 1856 3886 ne
1881 3834 1970 3898 qui
2000 3841 2106 3885 tam

515 3924 729 3978 sublimi
759 3923 1120 3979 exsultatione
1147 3923 1372 3978 Domino
1405 3923 1662 3993 loquente
1687 3923 2010 3990 sustollitur,
2042 3923 2109 3975 ad

515 4015 862 4087 proferendas
890 4016 1158 4070 damnatae
1188 4015 1537 4069 humanitatis
1573 4015 1874 4081 angustias,
1917 4030 1984 4068 eo
2022 4021 2108 4067 ta-

515 4117 691 4174 cente,
715 4108 1035 4177 deponatur.
1059 4105 1189 4158 Nam
1217 4107 1262 4161 si
1284 4122 1313 4160 a
1339 4106 1702 4174 corruptionis
1729 4119 1927 4159 nostra:
1956 4115 2109 4158 tene-

519 4199 648 4264 bris,
687 4199 806 4267 ipso
849 4197 1125 4265 loquente,
1147 4197 1490 4259 assumimur,
1521 4211 1642 4250 cum
1674 4196 1950 4264 nobis'per
1986 4195 2109 4248 sub-

521 4290 839 4345 tractionem
863 4287 1046 4356 gratiae
1071 4295 1230 4349 tacet,
1250 4285 1451 4339 eisdem
1479 4285 1714 4339 tenebris
1744 4285 2108 4351 subjugamur.

519 4379 710 4433 Merito
725 4378 884 4446 igitur
902 4384 1050 4430 tanto
1071 4377 1358 4429 subvectus
1375 4376 1605 4429 culmine
1623 4376 1846 4429 Domino
1859 4377 1987 4430 dicit
2002 4374 2108 4429 Lo-

2207 3199 2298 3251 rize
2326 3198 2551 3260 visione,
2580 3204 2635 3250 et
2662 3197 2873 3250 bonitas
2913 3194 3290 3264 Redemptoris
3318 3195 3580 3263 aspicitur
3616 3192 3797 3247 inella-

2205 3291 2386 3344 biliter
2409 3289 2706 3352 blandiens,
2729 3308 2742 3339 ε
2763 3296 2782 3340 t
2800 3287 3027 3356 mquitas
3051 3288 3188 3341 illius
3212 3285 3554 3340 inefl'abihter
3573 3293 3797 3348 terrens,

2209 3387 2266 3431 ut
2291 3392 2398 3447 quo
2428 3377 2655 3430 videntis
2685 3377 2896 3430 animus
2925 3375 2991 3429 de
3015 3387 3263 3444 respectu
3298 3373 3391 3428 Dei
3417 3373 3666 3428 bonitate
3686 3374 3798 3427 dul-

2207 3469 2320 3523 cius
2348 3469 2613 3538 pascitur,
2663 3468 3098 3522 consiieratione
3141 3466 3408 3532 :eqnitatis
3449 3467 3673 3520 territus
3717 3481 3802 3519 ca-

2206 3569 2352 3626 veat,
2385 3575 2451 3614 ne
2480 3560 2710 3614 inaniter
2745 3559 2992 3612 satietur.
3042 3556 3191 3611 Unde
3221 3566 3275 3611 et
3300 3557 3538 3620 Samuel,
3581 3572 3706 3610 cum
3741 3557 3799 3608 ad

2208 3653 2399 3706 divinae
2447 3651 2734 3706 locutiOnis
2782 3650 3201 3704 familiaritatem
3246 3649 3563 3712 sustollitur,
3596 3649 3650 3702 ei
3697 3663 3798 3701 uon

2211 3745 2330 3798 laeta
2362 3744 2428 3798 de
2453 3745 2750 3798 electorum
2779 3741 3042 3813 profectu,
3073 3742 3168 3796 sed
3201 3742 3267 3796 de
3299 3751 3323 3778 η
3367 3755 3687 3808 magnorum
3717 3740 3804 3794 de-

2210 3836 2354 3888 fectu
2385 3833 2642 3888 terribilia
2677 3833 3009 3886 nuntiantur.
3041 3831 3171 3886 Nam
3195 3831 3478 3885 subditur:

2284 3925 2460 3994 (Vers.
2485 3923 2597 3995 11.)
2633 3916 2788 3976 Εταὶι
2811 3922 3062 3977 Dominus
3091 3923 3157 3974 ad
3188 3921 3480 3976 Samuelem
3507 3938 3524 3973 :
3557 3920 3692 3974 Ecce
3713 3937 3802 3991 ego

2213 4019 2350 4088 facio
2393 4018 2599 4070 verbum
2643 4018 2697 4070 in
2729 4016 2920 4084 Israel,
2961 4017 3094 4086 quod
3123 4018 3408 4086 quicunque
3428 4017 3677 4078 audierit,
3707 4018 3804 4066 tin-

2213 4109 2357 4161 nient
2390 4106 2556 4161 amba:
2585 4124 2738 4161 aures
2759 4110 2893 4176 ejus.

2285 4200 2372 4253 19.
2419 4199 2562 4253 Inter
2590 4200 2729 4252 dona
2780 4200 2980 4270 quippe
3026 4198 3276 4252 Sublimia
3326 4197 3500 4252 electa
3554 4211 3713 4249 mens
3743 4211 3805 4248 eo

2213 4291 2424 4346 cautius
2465 4293 2531 4345 ab
2562 4291 2798 4345 elatione
2849 4293 3232 4359 compescitur,
3289 4305 3396 4360 quo
3427 4304 3526 4357 per
3555 4289 3805 4356 omnipo-

2217 4382 2380 4435 tentis
2412 4383 2503 4436 Dei
2531 4381 2798 4450 justitiam
2827 4382 2989 4434 etiam
3034 4380 3152 4434 illos
3173 4380 3419 4448 repulsus
3448 4379 3662 4446 aspicit,
3719 4376 3807 4444 qui

523 4485 698 4541 onere.
729 4467 854 4535 (lilia
881 4481 948 4520 ϐο
983 4464 1180 4518 ίηῑθιίιί
1206 4463 1417 4517 θυάίιιιε
1442 4463 1638 4531 gaudio
1666 4465 1765 4518 sibi
1791 4465 2112 4533 comlilacel,
2149 4467 2196 4525 D
2223 4470 2788 4526 donissublimioribus
2813 4468 2928 4522 fulti
2949 4484 3068 4522 esse
3090 4469 3432 4522 videbantur.
3455 4468 3636 4532 Quare
3667 4476 3723 4519 et
3747 4467 3809 4517 de
3876 4531 3878 4533 _

520 4571 629 4626 quo
657 4557 709 4610 in
736 4555 1091 4609 exterioribus
1119 4554 1229 4608 suis
1251 4554 1380 4607 nihil
1412 4555 1586 4623 placet
1612 4572 1626 4620 ;
1659 4564 1714 4608 et
1741 4570 1958 4609 manere
1986 4571 2108 4610 cum

523 4649 866 4718 colloquente
908 4664 1089 4703 secum
1130 4656 1280 4702 tanto
1309 4649 1582 4704 ardentius
1622 4659 1863 4720 cuperet,
1908 4660 2111 4721 quanto

525 4738 592 4794 ad
617 4739 823 4794 infirma
845 4754 939 4793 sua
970 4739 1218 4793 libentius
1241 4755 1516 4808 nunquam
1540 4741 1735 4811 deponi
1758 4743 2036 4798 voluisset.

601 4831 688 4885 18.
724 4829 896 4884 Etiam
915 4870 929 4894 ,
953 4838 1172 4885 auctore
1197 4829 1329 4895 Deo,
1358 4847 1478 4886 eum
1508 4831 1734 4886 Domino
1771 4833 1996 4886 dicimus
2035 4832 2113 4885 lo-

525 4941 700 4997 quere,
727 4925 843 4994 ipso
878 4924 1116 4978 donante
1151 4923 1394 4990 dicimus,
1424 4924 1516 4979 sed
1547 4933 1724 4978 tamen
1772 4939 1880 4992 quo
1914 4922 2112 4978 affectu

529 5017 580 5069 id
611 5017 659 5070 ei
689 5015 1034 5086 perfectiores
1075 5015 1232 5069 electi
1264 5015 1445 5068 dicant
1472 5014 1653 5069 dicere
1689 5030 1794 5068 non
1839 5014 2112 5080 valemus,

525 5106 648 5177 quia
681 5105 821 5174 quod
852 5107 1094 5161 desiderii
1127 5116 1209 5161 est
1237 5105 1519 5161 ineifabilis
1552 5121 1656 5160 non
1687 5110 2007 5175 exprim;tur
2035 5106 2105 5159 lo—

524 5195 740 5249 cutione
769 5194 1014 5250 rationis.
1044 5194 1214 5261 Quem
1263 5194 1508 5265 profecto
1548 5195 1799 5248 allectum
1841 5195 1982 5252 bene
2014 5197 2105 5254 Pe-

527 5295 638 5340 trus
689 5285 958 5350 insinuat,
1014 5287 1104 5354 qui
1155 5301 1278 5340 cum
1336 5287 1716 5340 transformata
1776 5286 2002 5344 Domino
2059 5291 2111 5345 in

523 5385 706 5430 monte
734 5376 1030 5439 assisteret,
1081 5375 1542 5444 refu'gentemque
1585 5374 1770 5430 faciem
1817 5377 1932 5444 ejus
1972 5379 2111 5432 sicut

523 5467 600 5518 sol
625 5475 892 5534 cerneret,
923 5474 977 5520 et
1003 5465 1070 5518 ad
1120 5468 1286 5521 instar
1329 5468 1465 5522 nivis
1513 5466 1743 5522 albentia
1790 5469 2109 5524 vestimenta

520 5560 635 5625 ejus
665 5559 1064 5627 conspexisset,
1095 5558 1210 5610 ait:
1259 5557 1457 5612 Bonum
1493 5567 1571 5611 est
1617 5574 1709 5612 nos
1761 5559 1840 5612 hic
1874 5576 1985 5615 esse
2016 5576 2034 5614 :
2065 5563 2111 5616 si

592 5702 616 5729 ⁸
648 5692 812 5746 Gilot.
852 5691 1146 5746 terribiliter
1168 5691 1488 5743 nuntiantur.

2214 4561 2383 4616 verbo
2413 4562 2557 4630 quod
2585 4562 2852 4615 facturum
2884 4575 2942 4614 se
2966 4575 3085 4614 esse
3114 4560 3372 4614 Dominus
3402 4566 3665 4624 minatur,
3709 4557 3809 4611 tiu-

2217 4654 2332 4708 nire
2373 4669 2530 4707 aures
2586 4653 2918 4707 audientium
2972 4651 3351 4721 praedicuntur.
3407 4648 3585 4702 Aures
3610 4650 3814 4718 quippe

2216 4747 2463 4817 corpOris
2495 4746 2751 4812 tinniunt,
2793 4745 3009 4814 quando
3052 4742 3375 4796 intolerabili
3420 4743 3604 4794 sonitu
3639 4741 3813 4809 impe-

2217 4845 2420 4891 tuntur.
2449 4835 2578 4890 Nam
2602 4850 2722 4889 cum
2748 4835 2881 4888 ultra
2907 4832 3120 4887 auditus
3148 4832 3500 4901 capacitatem
3525 4831 3576 4884 ei
3603 4831 3815 4883 clamor

2217 4927 2536 4991 infunditur,
2571 4927 2714 4980 hunc
2769 4941 2928 4994 quem
2960 4925 3121 4979 oflicii
3164 4924 3406 4990 angustia
3455 4922 3700 4975 sonitum
3730 4917 3813 4974 re-

2217 5020 2349 5090 jicit,
2401 5022 2452 5074 in
2487 5019 2736 5073 tiuuitmn
2767 5019 3054 5078 convertit,
3101 5017 3226 5084 quia
3284 5016 3407 5067 dum
3465 5029 3564 5081 per
3593 5015 3814 5068 aurium

2217 5118 2373 5164 entia
2405 5125 2507 5163 vox
2529 5110 2728 5173 sibilat,
2758 5107 3065 5178 quasinfusa
3095 5105 3276 5167 simul,
3311 5105 3376 5157 ad
3409 5105 3676 5157 interiora
3705 5120 3812 5157 non

2219 5203 2400 5256 intrat.
2437 5202 2513 5256 Ad
2543 5217 2705 5257 aures
2746 5217 2875 5254 vero
2905 5199 3162 5253 mentium
3201 5197 3559 5250 intolerabilis
3602 5198 3816 5250 clamor

2218 5299 2301 5346 est
2343 5308 2372 5344 a
2398 5292 2566 5359 icujus
2617 5291 2795 5359 magni
2827 5289 3059 5359 repulsio
3091 5285 3481 5357 przeditatoris.
3540 5284 3813 5337 Clamoris

2219 5398 2347 5450 ergo
2369 5382 2520 5437 ellusi
2549 5380 2860 5449 magnitudo
2893 5394 2996 5433 non
3021 5380 3254 5446 capitur,
3297 5375 3425 5444 quia
3455 5375 3583 5427 dum
3637 5372 3815 5426 subii-

2219 5475 2323 5526 mia
2345 5472 2484 5526 dona
2515 5471 2851 5542 praedicatori
2893 5470 3126 5540 reprobo
3157 5481 3422 5523 concessa
3473 5463 3815 5524 recoluntur.

2219 5576 2328 5631 quo
2354 5561 2545 5616 divina:
2587 5561 2859 5631 aequitatis
2887 5559 3138 5615 examine
3185 5555 3472 5628 projicitur
3502 5556 3822 5629 ignoratur,
