4000 6344
159 346 244 399 137
973 339 1034 397 ΙΝ
1075 341 1342 399 PRIMUM
1381 343 1619 398 REGUM
1662 343 2177 404 EXPOSITIONES.
2222 379 2288 387 —-
2326 348 2456 404 LIB.
2499 351 2560 405 ll.
3295 364 3395 418 {33

155 457 203 509 ln
246 453 498 507 tinnitum
555 466 685 522 ergo
732 467 941 506 aurium
988 451 1170 508 eﬂ'uste
1217 455 1369 510 vocis
1406 455 1718 521 magnitudo
1747 458 1794 515 Α
1826 457 1948 512 tatis
1989 459 2220 527 propriae
2273 461 2467 528 quibus
2490 477 2588 517 nos
2619 464 2792 533 ptenis
2830 465 2997 533 ligat?
3051 468 3241 525 Merito
3267 490 3397 542 ergo

147 543 486 609 convertitur,
534 543 658 612 quia
706 543 804 597 etsi
838 557 946 611 quo
1001 543 1093 597 Dei
1119 543 1320 611 judicio
1351 544 1464 612 fiat,
1518 545 1715 598 mentis

147 639 428 694 intr-mione
455 653 562 691 non
593 637 818 707 capitur,
845 636 970 691 dum
991 636 1080 690 diu
1111 652 1207 705 per
1227 637 1712 692 considerationem

145 738 405 800 pensatur,
462 727 624 781 corda
677 727 1109 780 consideratione
1140 727 1332 781 timore
1363 737 1715 780 consternan-

149 830 238 874 tur.
289 819 448 872 Velut
475 817 618 872 enim
643 816 710 871 de
733 816 916 870 clauso
940 830 1146 884 magna:
1174 816 1322 871 vocis
1350 817 1528 870 sonitu
1557 831 1716 871 aures

148 911 384 972 tinniunt,
409 907 628 976 quando
657 907 723 959 de
747 906 835 960 diu
865 907 1200 961 considerata
1231 920 1544 974 magnorum
1569 907 1716 959 viro-

149 1017 250 1055 rum
279 1000 661 1070 reprobatione
681 999 946 1067 justormn
970 998 1130 1053 corda
1162 998 1565 1067 pertimescunt.
1608 996 1714 1051 Sed

146 1093 300 1147 amba:
323 1107 480 1145 aures
511 1090 708 1144 tinnire
735 1089 1064 1155 referuntur,
1116 1089 1336 1144 dextera
1364 1088 1615 1143 videlicet
1660 1096 1716 1142 et

146 1182 370 1237 sinistra.
402 1179 468 1233 Et
489 1181 616 1248 quia
644 1196 738 1248 per
769 1180 1042 1234 dexteram
1068 1188 1268 1234 {eterna
1298 1180 1427 1243 vita,
1455 1194 1551 1247 per
1580 1180 1713 1234 sitti-

145 1282 298 1328 stram
319 1289 452 1328 vero
479 1287 716 1343 praesens
734 1271 1066 1340 designatur,
1096 1279 1150 1324 et
1180 1287 1275 1340 per
1300 1287 1483 1325 aurem
1506 1283 1568 1325 ea
1597 1287 1717 1341 quae

147 1366 380 1420 dicuntur
407 1365 673 1426 audimus,
698 1363 824 1433 quid
851 1377 949 1432 per
969 1362 1238 1417 sinistram
1261 1377 1446 1417 aurem
1504 1350 1717 1418 nisi'in-

150 1457 426 1511 tentionem
456 1455 558 1524 pice
586 1453 936 1524 operationis,
969 1463 1024 1506 et
1043 1451 1171 1521 quid
1195 1466 1293 1520 per
1315 1467 1500 1506 aurem
1528 1452 1717 1506 dexte-

147 1561 254 1600 ram
300 1546 396 1599 nisi
449 1545 803 1599 intentionem
834 1558 1081 1614 supernae
1126 1543 1350 1598 visionis
1378 1544 1715 1613 accipimus?

146 1637 315 1691 Ambae
337 1637 518 1705 itaque
541 1635 806 1690 audientis
832 1649 988 1690 aures
1012 1634 1257 1697 tinnient,
1282 1635 1405 1704 quia
1423 1649 1544 1689 cum
1567 1649 1714 1688 sum—

147 1743 340 1782 morum
372 1728 610 1781 virorum
639 1726 790 1781 ruina
818 1726 1137 1791 ostenditur,
1163 1725 1455 1780 electorum
1488 1727 1715 1784 intentio

1818 545 2084 599 audientis
2130 563 2287 602 aures
2331 549 2584 617 Iinnitmt,
2629 553 2752 620 quia
2803 554 3051 608 nimirum
3103 558 3393 616 electorum

1818 646 2044 704 nentes,
2091 655 2212 707 quae
2240 641 2346 696 ltoc
2392 652 2596 698 attente
2623 645 2987 710 considerant,
3041 650 3108 704 de
3137 660 3280 706 tanta
3312 655 3396 706 di-

1815 729 2096 784 strictione
2142 734 2587 788 contremiscunt.
2646 737 2836 792 Merito
2875 741 3138 798 audientis
3171 744 3275 800 hoc
3301 763 3399 800 au-

1817 831 1905 870 res
1933 818 2184 884 tnuiunt,
2239 822 2363 888 quia
2393 822 2636 891 profecto
2674 826 3092 885 immensitatem
3143 835 3398 891 clamoris

1816 904 1998 971 habet,
2043 922 2203 976 quam
2231 910 2295 962 οι
2316 921 2399 965 eta
2425 911 2585 966 corda
2609 915 2692 968 vix
2718 918 3006 972 sustinent.
3062 919 3127 974 Et
3173 922 3393 979 dextera

1815 995 2031 1064 quidem
2062 998 2327 1053 audientis
2356 1001 2503 1055 auris
2535 1003 2710 1070 tinnit,
2768 1007 2893 1075 quia
2924 1010 3023 1063 etsi
3054 1012 3395 1080 perfectionis

1815 1101 1926 1142 suae
1950 1089 2142 1143 merito
2164 1106 2222 1145 se
2249 1093 2475 1161 quisque
2503 1094 2568 1148 ad
2597 1110 2828 1165 superna
2849 1101 3262 1170 contemplanda
3290 1106 3398 1160 eri-

1815 1175 1911 1243 git,
1945 1183 2122 1232 tamen
2145 1181 2213 1234 de
2243 1181 2364 1234 VlltB
2399 1196 2508 1236 sua:
2531 1184 2847 1239 celsitudine
2891 1203 2997 1241 non
3022 1190 3262 1245 conlidit.
3313 1192 3399 1248 Si-

1817 1265 1982 1319 nistra
2027 1269 2190 1322 etiam
2246 1270 2388 1324 auris
2446 1271 2622 1337 tinnit,
2677 1274 2797 1342 quia
2847 1278 2947 1330 rtsi
2989 1277 3132 1334 dono
3157 1282 3398 1337 scientia:

1817 1355 1997 1422 habet,
2043 1367 2101 1412 ut
2149 1362 2464 1426 temporalia
2515 1363 2636 1430 quis
2682 1364 2918 1434 perfecte
2949 1367 3182 1435 ordinet,
3216 1380 3396 1427 tamen

1815 1445 1883 1500 de
1910 1447 2238 1516 perfectione
2275 1453 2554 1515 ministerii
2586 1455 2668 1508 sui
2696 1453 2940 1512 fiduciam
2982 1460 3182 1514 nullam
3213 1463 3397 1519 habet.

1815 1537 1959 1592 lntcr
1981 1539 2118 1594 dona
2144 1542 2341 1612 quippe
2360 1545 2606 1600 sublimia
2627 1549 2851 1604 verbum
2882 1551 3126 1620 audiunt,
3157 1552 3224 1607 de
3249 1554 3401 1623 cujus

1816 1627 2053 1684 clamore
2095 1632 2240 1686 auris
2270 1641 2495 1703 utraque
2545 1636 2793 1694 tinnitum
2846 1626 3064 1709 patitur,
3121 1643 3220 1697 sub
3267 1659 3401 1712 quo,

1818 1719 1992 1776 donec
2013 1721 2113 1775 ista
2139 1721 2530 1782 incertitudinis
2553 1726 2660 1782 vita
2685 1728 2916 1797 ducitur,
2940 1747 3138 1802 pavere
3168 1750 3274 1788 non
3303 1735 3403 1790 de-

149 1825 360 1887 utraque
381 1817 653 1884 turbatur,
683 1817 808 1884 quia
837 1824 894 1870 et
923 1816 1137 1885 paventi
1166 1816 1330 1870 corde
1351 1816 1419 1869 ad
1465 1826 1710 1872 eontem-
1743 1809 1788 1868 Β
1815 1810 1962 1865 sinit.
1997 1810 2148 1866 Unde
2176 1820 2233 1867 et
2252 1823 2378 1882 apte
2405 1815 2744 1887 subjungitur
2768 1837 2782 1872 :

146 1906 324 1974 planda
367 1915 571 1960 aeterna
598 1921 658 1960 se
682 1906 912 1973 erigunt,
939 1913 996 1960 et
1023 1905 1140 1959 sine
1186 1904 1389 1973 ingenti
1423 1905 1713 1962 formidine

151 1995 450 2062 temporalia
481 2011 587 2049 non
642 1994 951 2063 disponunt.
1009 1995 1162 2050 Hunc
1228 2010 1458 2063 namque
1503 1997 1711 2050 aurium

148 2086 380 2138 tinnitum
440 2101 629 2154 passus
676 2085 868 2151 fuerat,
946 2086 1036 2156 qui
1092 2086 1320 2140 Domino
1373 2086 1711 2155 loquebatur,

146 2175 359 2229 dicens:
411 2175 626 2229 Justitia
674 2188 759 2228 tua
801 2177 934 2230 sicut
977 2187 1175 2231 montes
1215 2175 1338 2245 Dei,
1374 2175 1578 2246 judicia
1627 2187 1714 2230 tua

145 2264 345 2334 (thymis
375 2266 540 2318 multa
593 2264 768 2334 (Psal.
798 2281 958 2330 xxxv,
989 2266 1064 2336 7).
1114 2265 1325 2322 Montes
1370 2268 1570 2337 quippe
1617 2266 1714 2322 Dei

147 2358 326 2412 summi
355 2365 412 2411 et
434 2358 596 2411 electi
645 2359 744 2412 viri
798 2359 1190 2426 intelliguntur.
1241 2360 1442 2426 Quibut
1467 2359 1712 2429 profecto

147 2451 405 2505 montibus
432 2451 526 2504 Dei
550 2450 757 2519 justitia
785 2461 1048 2520 aequatur,
1071 2467 1193 2508 cum
1220 2453 1384 2507 ardua
1413 2453 1530 2522 ejus
1560 2467 1716 2506 man-

147 2541 258 2595 data
279 2558 442 2612 opere
472 2542 774 2612 perﬁciunt.
793 2544 887 2598 sed
915 2552 1092 2598 tamen
1115 2543 1292 2598 divina
1316 2544 1518 2614 judicia
1551 2544 1712 2615 abys-

147 2649 230 2690 sus
255 2635 420 2688 multa
449 2644 595 2697 sunt,
625 2636 746 2703 quia
779 2636 881 2691 etsi
904 2635 956 2690 in
981 2645 1289 2691 sanctorum
1315 2638 1548 2692 virorum
1579 2653 1713 2693 ocu-

149 2723 208 2779 lis
231 2735 370 2780 recta
401 2734 527 2779 sunt
548 2740 611 2779 ea
645 2728 800 2797 106
827 2742 945 2796 quae
967 2736 1149 2796 agunt,
1179 2738 1303 2783 ante
1333 2731 1715 2798 omnipotentis

149 2810 236 2866 Dei
263 2813 448 2868 oculos
477 2815 652 2884 qualia
703 2824 828 2869 sunt
876 2816 1014 2871 scire
1043 2833 1150 2872 non
1182 2826 1426 2887 possunt.
1486 2815 1638 2872 Unde
1661 2828 1716 2873 et

149 2900 276 2955 bona
305 2918 420 2971 quae
450 2905 747 2974 prtevalent
775 2906 1110 2962 incessanter
1152 2917 1335 2982 agunt,
1369 2918 1420 2965 et
1450 2923 1614 2979 super
1655 2925 1716 2966 se

150 2999 410 3047 tonantem
467 2995 609 3048 illam
652 2995 978 3063 judiciorum
1009 2997 1257 3069 abyssun
1308 3000 1715 3070 pertimescunt,

148 3084 259 3151 quia
280 3084 344 3139 de
371 3084 513 3140 facto
537 3086 748 3141 Domini
771 3089 939 3142 verbo
958 3089 1104 3160 quod
1131 3089 1353 3145 audiunt
1379 3093 1572 3146 tinnitu
1595 3109 1716 3146 ma-

148 3174 228 3241 gni
259 3177 476 3230 terroris
526 3192 713 3231 eorum
753 3179 919 3233 corda
969 3180 1304 3248 quatiuntur.
1365 3182 1504 3246 Apte
1533 3193 1713 3238 autem

148 3281 247 3320 non
268 3268 365 3321 nisi
395 3269 732 3324 audientum
763 3286 922 3324 aures
949 3272 1144 3328 tinnire
1172 3272 1552 3342 prtedicuntur.
1584 3273 1716 3328 Nam

149 3369 198 3414 et
237 3357 285 3413 in
325 3357 621 3427 Evangelia
671 3361 775 3415 boc
820 3361 1095 3428 admonet,
1153 3361 1341 3418 dicens
1376 3381 1390 3417 :
1439 3361 1538 3428 Qui
1569 3364 1719 3419 habet

150 3468 286 3505 aures
313 3451 560 3506 audiendi
583 3451 758 3505 audiat
779 3450 929 3520 (Luc.
953 3469 1061 3518 Vlll,
1093 3452 1173 3521 8).
1203 3453 1304 3519 Qui
1330 3452 1470 3508 enim
1501 3464 1610 3509 tota
1634 3456 1718 3510 in-

149 3545 374 3598 tentione
403 3545 472 3598 ad
502 3559 567 3598 ea
592 3560 710 3614 qua:
739 3544 869 3598 foris
889 3553 1014 3599 sunt
1050 3545 1293 3614 vigilant,
1325 3546 1466 3602 hunc
1513 3547 1720 3602 timoris

151 3637 383 3690 tinnitum
413 3637 682 3701 nesciunt,
729 3638 853 3708 quia
883 3653 1046 3707 super
1073 3654 1132 3694 se
1159 3638 1458 3694 divinorum
1484 3639 1718 3708 judicio-

151 3744 259 3782 rum
286 3729 620 3783 altitu'linem
647 3745 984 3800 nequaquam
1015 3740 1262 3801 pensant.
1319 3732 1424 3787 Sed
1472 3749 1600 3789 ecce
1629 3732 1718 3804 qui

151 3819 346 3874 subtilia
381 3821 472 3876 Dei
497 3821 700 3889 judicia
747 3838 910 3892 super
960 3839 1021 3878 se
1063 3839 1291 3894 pensare
1334 3825 1526 3887 noluit,
1558 3826 1626 3879 de
1654 3839 1721 3879 eo

150 3909 457 3976 iudiciorum
484 3914 768 3968 sententia:
795 3928 956 3982 quam
985 3922 1157 3970 acula:
1187 3915 1536 3985 replicantur.
1585 3915 1719 3971 Nam

154 3999 369 4053 subdens
396 3999 526 4054 dicit
559 4019 572 4052 :

223 4089 386 4156 (νας.
419 4089 486 4142 15
513 4099 568 4144 et
600 4090 712 4160 14.)
772 4091 1006 4146 Praedixi
1033 4093 1170 4146 enim
1219 4093 1354 4165 quod
1393 4094 1724 4164 judicaturus

155 4195 304 4234 essem
332 4183 532 4233 domum
563 4180 675 4248 ejus
707 4198 862 4251 usque
884 4184 935 4236 in
964 4193 1211 4236 aeternum
1233 4193 1442 4253 propter
1472 4185 1723 4254 iniquita-

157 4279 266 4332 tem,
300 4289 354 4324 eo
374 4271 512 4340 quod
541 4282 750 4325 noverat
776 4273 913 4341 ﬁlios
943 4290 1061 4326 suos
1083 4273 1292 4344 indigne
1321 4291 1490 4344 agere,
1523 4284 1571 4328 et
1621 4292 1724 4328 non

155 4363 378 4430 corripuit
393 4378 496 4415 eos.
519 4360 902 4431 ldcirrojuravi
913 4361 1085 4415 domui
1101 4362 1220 4416 Heli
1233 4365 1366 4435 quod
1379 4367 1725 4433 nonexpietur

156 4452 376 4522 iniquitas
397 4454 577 4507 domus
593 4453 703 4521 ejus
743 4453 956 4506 victimis
980 4461 1030 4506 et
1061 4456 1349 4507 muneribus
1374 4456 1427 4507 in
1452 4464 1717 4508 wternum.

1890 1901 2070 1972 (Vers.
2101 1902 2214 1973 15.)
2265 1903 2516 1960 Dormivit
2545 1906 2759 1963 Samuel
2785 1927 2944 1983 usque
2971 1930 3139 1969 mane.

1889 1991 1978 2045 2|.
2034 1992 2218 2064 U:que
2245 2011 2402 2050 mane
2431 1997 2575 2051 enim
2608 1999 2694 2053 det
2710 2001 2808 2054 mit
2832 2003 2923 2071 qui
2965 2019 3248 2075 quousque
3269 2024 3315 2061 Vt
3338 2025 3403 2063 n-

1819 2083 1922 2136 turi
1947 2082 2291 2153 Redemptori
2321 2086 2577 2155 splendor
2599 2101 2858 2158 appareat
2888 2091 2941 2146 in
2971 2093 3220 2164 incteptte
3248 2096 3403 2151 bona:

1816 2172 2148 2241 operationis
2194 2176 2608 2232 conversatione
2656 2180 2967 2249 requiescit.
3028 2181 3208 2253 Usque
3244 2201 3403 2243 mane

1817 2261 2033 2326 dormit,
2065 2264 2154 2332 qui
2172 2271 2284 2317 tota
2313 2266 2592 2334 prtesentis
2620 2269 2742 2323 vita:
2762 2279 2922 2327 nocte
2949 2289 3046 2342 per
3065 2278 3403 2345 propositum

1815 2353 2079 2408 incltoaue
2101 2355 2321 2422 justit-ac
2348 2365 2653 2427 exspectat,
2685 2369 2744 2414 ut
2770 2362 2837 2416 ad
2867 2363 3006 2430 gaud
3032 2381 3118 2418 um
3162 2369 3403 2422 emeritas

1816 2443 2184 2498 retributionis
2197 2446 2413 2500 claritas
2434 2448 2532 2501 sibi
2564 2450 2814 2518 promissi
2848 2450 3223 2522 Redemptoris
3245 2454 3402 2510 eﬂ‘ul-

1815 2541 1956 2600 gent.
1989 2531 2219 2587 Verbum
2243 2535 2384 2588 enim
2408 2537 2578 2604 promi
2593 2553 2728 2591 ,sum
2758 2539 2813 2592 in
2843 2538 3010 2594 l-rael
3061 2543 3282 2610 audivit,
3336 2546 3404 2600 de

1817 2639 1926 2693 quo
1955 2639 2112 2680 aures
2141 2626 2258 2691 ejus
2289 2627 2482 2680 tinnire
2498 2643 2607 2683 non
2637 2628 2908 2696 desinunt,
2932 2633 3056 2700 quia
3074 2632 3142 2687 de
3171 2649 3401 2704 conspe-

1818 2727 1906 2770 Cta
1961 2717 2296 2770 districtione
2361 2719 2552 2772 d.vin:e
2600 2719 2730 2788 justi
2758 2721 2821 2775 ite
2894 2723 3100 2778 timoris
3149 2725 3400 2794 spiritum

1816 2807 2014 2870 hausit,
2061 2806 2163 2861 sub
2193 2807 2346 2876 cujus
2382 2809 2619 2878 pondere
2643 2810 2710 2864 ad
2741 2812 2922 2866 seculi
2960 2829 3199 2868 amorem
3229 2816 3400 2886 evigi-

1819 2897 1932 2952 lare
1963 2912 2070 2950 non
2094 2896 2308 2966 poterit.
2367 2895 2472 2952 Sed
2505 2897 2730 2953 fortasse
2777 2916 2944 2970 usque
2971 2917 3128 2957 mane
3165 2902 3405 2960 dormire

1819 2985 2034 3052 dicitur,
2075 3000 2174 3054 pro
2206 2985 2397 3040 tinnitu
2434 2987 2581 3043 auris
2605 2987 2860 3044 dexterae.
2891 2989 3023 3044 Nam
3053 2991 3275 3048 dextera
3301 3009 3402 3049 au-

1821 3076 1895 3131 ris
1927 3075 2103 3140 tinnit,
2144 3077 2268 3146 quia
2316 3077 2440 3130 dum
2473 3077 2739 3147 perfectus
2758 3081 3026 3137 interioris
3045 3084 3166 3138 vitae
3193 3094 3403 3141 amator

1742 3135 1786 3193 θ
1822 3167 1892 3222 de
1938 3135 2270 3237 perfectione
2321 3135 2798 3240 contemplationis
2845 3135 3405 3243 dubitat,

1819 3259 1989 3328 magis
2032 3259 2300 3330 prolicere
2349 3261 2402 3316 in
2451 3277 2515 3316 ea
2570 3277 2676 3330 qua
2704 3263 2869 3332 coepit
2922 3265 3047 3318 vitae
3075 3266 3406 3323 sublimitate

1819 3351 2044 3421 appetit.
2077 3349 2182 3405 Sed
2219 3351 2456 3421 quandiu
2486 3352 2539 3406 itt
2570 3352 2673 3407 hac
2696 3355 2849 3424 107
2883 3355 3093 3409 mortali
3124 3371 3288 3411 carne
3315 3373 3408 3412 su-

1819 3456 1958 3506 mus,
2018 3440 2237 3511 maligni
2266 3441 2486 3511 spiritus
2533 3441 2599 3495 ad
2653 3457 2860 3497 summa
2903 3444 3245 3499 tendentibus
3273 3446 3406 3501 insi-

1819 3533 2065 3599 diantur;
2118 3541 2258 3586 etut
2302 3547 2397 3586 eos
2438 3533 2506 3587 ab
2533 3533 2756 3587 interna:
2782 3535 2965 3602 glorite
2989 3535 3194 3590 visione
3231 3545 3405 3592 retra-

1821 3624 1974 3692 bant,
2004 3624 2307 3693 ineptarum
2355 3625 2745 3694 cogitationum
2780 3623 3027 3692 ﬁgmenta
3057 3637 3402 3696 congregant,

1820 3715 2189 3782 quaeinteruis
2233 3730 2420 3769 eorum
2471 3715 2644 3771 oculis
2669 3724 2995 3784 preponant.
3049 3715 3194 3770 Bene
3223 3717 3407 3788 itaque

1821 3806 2018 3860 dicitur
2051 3823 2063 3858 :
2097 3805 2349 3860 Dormivit
2379 3804 2593 3859 Samuel
2616 3821 2774 3876 usque
2821 3822 2993 3859 mane.
3026 3805 3278 3860 Tentatio
3307 3810 3406 3860 itu-

1822 3895 2143 3948 mundorum
2167 3894 2450 3963 spirituum
2483 3909 2590 3948 nox
2610 3903 2729 3956 est;
2780 3895 2871 3962 qui
2895 3909 3020 3948 vero
3051 3911 3219 3963 usque
3247 3910 3406 3950 mane

1824 3987 2023 4040 dormit
2047 3986 2234 4042 oculos
2266 3994 2376 4040 tota
2407 3993 2568 4040 not-te
2591 4000 2696 4040 non
2725 3986 2918 4056 aperit.
2958 3985 3165 4039 Dormit
3190 4001 3320 4054 ergo
3352 3987 3406 4040 in

1821 4089 1984 4132 noete
2037 4077 2130 4147 qui
2161 4077 2412 4145 ligmenta
2442 4077 2743 4133 daemonum
2794 4077 3115 4146 dedignatur
3161 4079 3410 4148 aspicere

1826 4166 1879 4219 in
1908 4167 2225 4222 tentatione.
2277 4165 2411 4221 Tota
2441 4176 2600 4221 nocte
2631 4168 2793 4221 etiam
2846 4168 3064 4234 dormit,
3121 4169 3246 4238 quia
3275 4170 3409 4223 cali-

1825 4258 1952 4327 gine
1992 4256 2304 4311 tentationis
2334 4272 2441 4310 non
2470 4258 2723 4321 vincitur,
2765 4256 2860 4311 sed
2888 4257 3115 4312 viriliter
3152 4258 3406 4327 sustinet,

1827 4348 2001 4402 donec
2040 4363 2136 4417 per
2164 4347 2452 4401 adventum
2495 4347 2681 4414 gratize
2707 4347 2964 4402 claritatis
3010 4363 3253 4418 superna:
3289 4349 3412 4404 luce

1828 4440 2089 4495 visitetur.
2116 4439 2183 4491 Et
2213 4448 2340 4494 tunc
2367 4436 2609 4508 profecto
2638 4438 2786 4492 velut
2811 4453 2970 4494 mane
2996 4439 3234 4507 evigilat,
3284 4438 3410 4510 quia

219 4502 1143 4612 23-dttvia‘enitu'plerquueiusta:
1173 4544 1474 4599 severitatis
1502 4553 1715 4598 senten«
1749 4502 1802 4562 Β
1827 4533 2222 4588 οδιθοιόωθηῑο
2251 4530 2417 4586 “fusti
2447 4530 2547 4584 δίδί
2576 4538 2698 4600 Ροει
2743 4531 2996 4586 ⁸⁸⁸³⁸1³³³⁵
3024 4531 3242 4586 luminis
3269 4531 3406 4585 hila‘

158 4631 224 4682 tia
246 4648 333 4701 per
351 4633 693 4686 clementiam
723 4641 1071 4701 temperatur,
1122 4647 1331 4702 magna:
1368 4635 1718 4690 districtionis

156 4722 512 4790 hocjudirium
543 4732 645 4784 est.
700 4724 786 4777 ubi
829 4739 896 4777 an
921 4725 1309 4780 madversionis
1339 4727 1604 4780 sententia
1630 4741 1716 4780 re-

154 4813 386 4879 plican‘lo
425 4814 704 4867 asseritur.
765 4812 1021 4868 Pnedixit
1075 4815 1217 4868 enim
1276 4817 1523 4885 superius
1577 4815 1716 4879 lleli,

157 4917 268 4954 cum
297 4920 388 4973 per
418 4905 588 4957 virum
620 4904 734 4969 Dei,
787 4920 1079 4972 suppresso
1128 4906 1367 4971 neruine,
1401 4907 1537 4975 dejet
1558 4908 1718 4960 tionis

156 4991 265 5057 ejus
284 4995 596 5048 sententiam
623 4995 907 5047 nuntiavit.
941 4995 1074 5061 Quia
1098 5012 1226 5049 vero
1255 5006 1309 5049 et
1339 5013 1478 5050 nunc
1507 4997 1644 5050 idem
1667 5012 1726 5050 se

155 5091 381 5136 acturum
406 5084 570 5152 jurat,
625 5085 869 5154 profecto
903 5086 1262 5141 damnationis
1285 5087 1540 5155 judicium
1565 5089 1727 5157 repli-

158 5181 256 5226 Cat.
305 5175 414 5240 Qua
457 5175 507 5227 in
540 5190 599 5228 re
632 5176 794 5227 etiam
826 5175 1120 5229 notandum
1152 5186 1232 5230 est
1263 5178 1386 5246 quia
1419 5178 1510 5246 qui
1546 5177 1726 5247 inique

161 5271 364 5328 agentes
410 5264 548 5320 ﬁlios
598 5280 706 5319 non
736 5265 1016 5334 corripuit,
1060 5265 1394 5336 iniquitatem
1419 5265 1609 5322 fecisse
1639 5285 1726 5322 re-

160 5354 496 5419 prehenditur
517 5371 638 5432 qua:
677 5355 729 5409 in
768 5365 1025 5409 :eternnm
1051 5356 1284 5413 victimis
1313 5366 1370 5412 et
1415 5359 1726 5414 muneribus

161 5457 476 5513 nequaquam
507 5445 774 5513 expietur.
833 5444 963 5510 Qua:
993 5460 1122 5512 ergo
1152 5447 1256 5500 erit
1309 5447 1572 5502 districtio
1621 5448 1728 5502 ini-

159 5531 365 5596 quitatis
395 5534 643 5603 proprize,
669 5534 712 5586 si
738 5533 1152 5588 irremediabilis
1171 5535 1328 5604 culpa
1349 5545 1436 5591 est
1452 5537 1727 5605 negligen-

161 5620 226 5672 tia
254 5637 388 5677 curze
418 5625 647 5677 alienze?
674 5623 808 5678 Nam
839 5625 883 5678 si
910 5623 1246 5679 subditorum
1294 5635 1519 5694 peccata
1550 5627 1729 5682 incor-

157 5719 301 5778 repta
331 5715 550 5780 perenni
595 5722 906 5772 reatunos
961 5715 1224 5784 obligant,
1280 5717 1500 5772 audacia
1531 5718 1728 5786 iniqui-

348 5832 617 5892 PATItOL.
667 5830 939 5891 LXXIX

1825 4626 2011 4681 rescit.
2077 4624 2240 4691 Quasi
2287 4624 2546 4693 evigilans
2600 4624 2800 4692 quippe
2843 4631 2975 4677 tunc
3004 4621 3190 4677 oculos
3215 4623 3410 4691 aperit,

1825 4717 1950 4786 quia
1970 4717 2146 4770 lucem
2170 4729 2274 4782 qua
2297 4714 2624 4782 respergitur
2646 4714 2890 4766 instanter
2911 4712 3118 4779 aspicit,
3147 4712 3237 4780 qui
3263 4713 3411 4781 aspi-

1829 4825 1955 4865 cere
2006 4809 2106 4862 sibi
2160 4807 2336 4860 illatas
2382 4806 2631 4860 tenebras
2685 4820 2791 4858 non
2829 4802 3057 4857 curavit.
3114 4801 3189 4856 De
3219 4802 3411 4858 tinnitu

1827 4899 2045 4971 quidem
2092 4898 2326 4952 dexterae
2381 4896 2526 4950 auris
2579 4895 2788 4950 obtinet
2839 4901 2899 4948 ut
2933 4893 3026 4962 qui
3054 4893 3302 4966 supernis
3329 4894 3416 4949 in-

1828 4991 2017 5044 nititur
2058 4988 2243 5041 videre
2298 4985 2531 5054 reproba
2588 4983 2945 5052 tledignetur,
3005 4993 3062 5039 et
3122 4984 3410 5040 certitudi-

1827 5095 1947 5136 nem
1969 5079 2052 5134 sui
2081 5077 2352 5148 profectus
2374 5075 2630 5138 insinuat,
2660 5074 2786 5129 dum
2817 5073 2960 5142 quod
3010 5089 3145 5144 pace
3189 5073 3408 5144 prolicit

1825 5189 1924 5244 per
1943 5180 2126 5242 aperta
2156 5178 2211 5224 et
2236 5168 2472 5221 violenta
2498 5167 2638 5221 bella
2669 5182 2775 5221 non
2799 5167 2994 5235 perdit.
3036 5165 3290 5234 Sequitur
3323 5185 3335 5218 :

1899 5263 2076 5333 (Vers.
2104 5261 2216 5330 15.)
2241 5259 2310 5314 Et
2340 5261 2511 5313 timuit
2540 5259 2775 5313 indicare
2802 5259 3048 5312 visionem
3084 5257 3229 5311 Heli.

1901 5354 1990 5408 22.
2035 5353 2167 5407 illud
2223 5366 2455 5420 namque
2503 5351 2552 5404 ei
2602 5349 2846 5404 indicare
2888 5350 3066 5404 timuit
3116 5347 3262 5416 quod
3309 5348 3411 5404 sibi

1831 5445 2088 5502 Dominus
2111 5441 2362 5506 ostendit,
2411 5450 2472 5495 ut
2503 5441 2858 5495 temeritattm
2904 5440 3152 5494 humanm
3175 5437 3414 5494 audacias

1831 5537 2133 5594 refrenaret
2159 5535 2346 5604 vigore
2363 5533 2681 5604 disciplima.
2725 5531 2952 5598 Quidam
2997 5547 3230 5601 namque
3273 5530 3413 5586 adeo

1832 5637 1957 5682 sunt
1983 5623 2302 5694 prtecipites,
2347 5629 2405 5676 ut
2451 5621 2520 5676 ad
2576 5621 2922 5690 pmlatorum
2975 5634 3195 5675 suorum
3224 5634 3411 5688 repre-

1833 5716 2152 5774 hensionem
2187 5712 2346 5770 facile
2398 5719 2680 5785 proruant,
2737 5720 2897 5781 atque
2933 5725 3121 5764 eorum
3147 5709 3412 5765 erratibus

2975 5823 3015 5884 ὅ
