4000 6288
606 306 702 358 13⁸)

1806 300 2045 355 SANCTI
2084 295 2406 352 GRIZCORII
2446 292 2654 351 MAGNI

3758 292 3867 344 1:0

604 414 790 468 minari
825 412 995 466 futura
1034 412 1290 481 supplicia
1347 428 1454 467 non
1506 421 1819 484 pavescant.
1865 412 1966 477 Qui
2015 410 2171 464 nimi-
2210 414 2250 468 Α
2284 408 2447 462 vellet
2468 407 2705 461 obtulit?
2734 405 2839 461 Sed
2874 405 3114 477 proferto
3148 407 3244 462 ista
3275 407 3642 476 responsionis
3680 406 3869 460 humi-

603 502 886 572 rum,quia
927 513 1123 571 sancta:
1174 502 1463 574 Scriptura:
1510 520 1714 559 morem
1771 505 2036 565 nesciunt,
2094 502 2173 555 lo~

600 610 854 663 qucmcm
885 596 982 648 sibi
1014 595 1293 649 Dominum
1325 611 1663 665 nequaquam
1685 594 1991 648 audierunt.
2042 590 2174 643 Nam

601 686 794 752 quibus
826 685 1165 753 omnipotens
1216 686 1357 741 Deus
1410 687 1633 753 lo;uens
1663 685 2005 756 prmlatorum
2052 695 2177 736 suo-

602 790 718 828 rum
746 790 929 843 pmnas
959 776 1209 842 insinuat,
1267 791 1329 831 ea
1358 792 1478 846 quae
1527 778 1809 831 audierunt
1866 774 1944 828 eis
1996 773 2177 827 dicere

604 865 909 920 formidant.
945 867 1081 922 llinc
1124 882 1252 937 ergo
1298 870 1705 939 prtepositorum
1743 882 1962 921 suorum
1994 878 2179 933 repre-

603 955 859 1012 hensores
886 957 1140 1026 colligant
1166 967 1367 1028 quanta
1397 974 1457 1015 se
1506 956 1993 1013 inconsideratione
2044 968 2180 1023 prac-

601 1046 841 1113 cipitent,
888 1056 941 1100 et
991 1048 1171 1117 lapsus
1217 1049 1298 1102 sui
1347 1047 1608 1117 profunda
1660 1047 2065 1116 pertimescant.
2122 1042 2179 1096 Si

601 1134 744 1187 enim
776 1135 810 1188 ii
840 1136 1032 1203 quibus
1063 1137 1404 1205 omnipotens
1457 1136 1597 1190 Deus
1658 1135 1894 1202 loquitur
1944 1132 2179 1202 praelatis

600 1222 710 1275 suis
737 1223 882 1290 loqui
907 1232 1171 1288 metuunt,
1205 1225 1238 1278 ii
1269 1225 1462 1293 quibus
1493 1239 1828 1292 nequaquam
1859 1223 2069 1277 locutus
2097 1228 2181 1275 est

603 1309 741 1364 Dens
771 1312 1063 1366 reconlere
1107 1328 1166 1369 se
1195 1313 1294 1367 sub
1339 1312 1530 1381 lingua:
1584 1328 1695 1367 sua:
1724 1310 1939 1365 silentio
1976 1318 2180 1378 quanto

603 1405 807 1453 terrore
831 1399 1167 1454 debuerunt?
1208 1399 1391 1453 Tivnor
1416 1414 1544 1467 ergo
1573 1400 1838 1453 Samuelis
1877 1415 1983 1453 non
2016 1414 2181 1467 pavo-

600 1502 711 1541 rem
740 1488 986 1541 servilem
1018 1488 1272 1554 insinuat,
1300 1490 1392 1544 sed
1418 1490 1772 1544 reverentiam
1804 1490 2038 1543 debitam
2067 1489 2182 1543 cul-

598 1579 727 1631 mini
754 1579 1029 1646 pastorali.
1057 1578 1189 1632 Nam
1217 1581 1316 1635 etsi
1349 1581 1625 1649 negligens
1654 1581 1973 1650 praedicator
1999 1595 2182 1649 repre-

601 1667 913 1722 hensionem
944 1679 999 1723 et
1027 1670 1198 1725 minas
1223 1686 1289 1725 cx
1316 1680 1466 1725 reatu
1493 1680 1729 1726 meretur
1758 1672 1996 1741 proprio,
2023 1673 2180 1726 timo-

2282 498 2406 549 litas
2435 498 2479 551 si
2501 495 2768 550 subtiliter
2797 494 3133 563 inspiciatur,
3173 511 3297 550 vera
3323 496 3597 550 humilitas
3628 504 3869 551 nonest.

2280 590 2415 644 Vera
2474 603 2706 657 namque
2758 602 2874 642 esse
2925 588 3271 655 cognoscitur
3325 603 3443 656 qum
3490 589 3693 643 bonum
3732 590 3873 643 ube-

2278 679 2490 733 diemim
2523 678 2573 730 in
2622 677 2847 744 majoris
2896 677 3116 746 imperia
3146 676 3526 744 conscquenda
3553 676 3867 730 comitatur.

2279 770 2417 825 Vere
2448 771 2626 838 itaque
2648 777 2789 825 esset
2817 770 3055 834 humilis,
3100 772 3146 825 si
3175 786 3297 825 sese
3333 770 3399 824 ad
3428 769 3868 825 emendationem

2279 861 2448 929 culpae
2475 876 2571 929 pro
2595 875 2699 928 qua
2723 861 3048 929 arguebatur
3072 862 3376 916 obtulisset.
3410 859 3518 915 Sed
3554 868 3611 915 et
3638 860 3874 915 fortasse

2278 951 2457 1015 verius
2483 958 2627 1004 esset
2654 950 2890 1017 humilis,
2922 951 2965 1003 si
2994 951 3352 1021 reprehensus
3385 964 3728 1019 nequaquam
3757 963 3877 1001 res-

2277 1040 2561 1108 ponderet,
2594 1037 2689 1093 sed
2720 1039 3015 1105 neglectam
3046 1039 3444 1108 correptionem
3470 1038 3719 1093 scelestis
3747 1036 3876 1091 ﬁliis

2281 1129 2580 1191 adhiberet,
2633 1130 2679 1184 si
2707 1129 2792 1183 vel
2826 1138 2950 1185 tunc
2978 1131 3235 1199 pastorali
3288 1130 3406 1185 zelo
3451 1130 3751 1191 insisteret,
3808 1137 3867 1182 et

2281 1217 2673 1286 ﬁagitiosorum
2720 1219 3060 1275 sacerdotum
3087 1220 3293 1274 scelera
3326 1219 3488 1288 digna
3519 1220 3730 1274 ultione
3757 1219 3871 1272 vin-

2280 1307 2503 1362 dicaret.
2537 1308 2670 1361 Dum
2697 1321 2825 1376 ergo
2852 1307 2983 1363 dicit
3014 1326 3026 1361 :
3059 1308 3311 1363 Dominus
3344 1318 3441 1375 est,
3493 1310 3633 1378 quod
3685 1309 3872 1361 bonum

2281 1407 2357 1449 est
2383 1399 2436 1450 in
2464 1399 2624 1450 oculis
2650 1399 2756 1451 suis
2798 1399 2977 1468 faciat,
3010 1398 3291 1455 electionis
3318 1414 3426 1453 suae
3456 1400 3685 1453 verbum
3714 1415 3876 1467 aper-

2285 1486 2391 1541 tius
2435 1487 2726 1554 protulisse
2754 1489 3100 1555 cognoscitur
3139 1503 3301 1557 quam
3334 1490 3749 1559 responsionem
3771 1490 3876 1543 bu-

2282 1575 2542 1639 militatis,
2572 1577 2698 1644 quia
2723 1576 2974 1630 nimirum
3023 1578 3203 1647 potius
3254 1578 3418 1646 elegit
3455 1579 3733 1632 minarum
3778 1578 3875 1631 Dei

2282 1680 2474 1719 causas
2514 1665 2791 1721 incurrere
2841 1682 3003 1736 quam
3033 1667 3099 1721 de
3143 1668 3467 1738 perpetratis
3498 1669 3881 1736 iniquitatibus

602 1773 713 1811 rem
732 1760 1221 1828 revertntizeexigit
1243 1761 1575 1830 ejusordinis
1597 1760 2175 1831 celsitudo.Sequitur:
2216 1774 2257 1832 Β
2288 1753 2424 1809 ﬁlios
2454 1755 2836 1812 condemnare.
2885 1754 2929 1810 Ο
2965 1759 3154 1827 quanti
3204 1767 3331 1814 sunt
3358 1759 3532 1814 adhuc
3578 1760 3878 1813 imitatores

672 1870 847 1934 (Vers.
878 1870 986 1939 15.)
1012 1872 1319 1943 Aperuilque
1349 1872 1481 1926 ostia
1503 1872 1682 1926 domus
1704 1871 1936 1926 Domini.

674 1958 762 2011 ‘25.
795 1957 1057 2024 Quidnam
1088 1970 1168 2014 est
1194 1961 1337 2028 quod
1371 1961 1415 2014 is
1444 1961 1537 2029 qui
1566 1960 1715 2029 loqui
1746 1961 1942 2027 timuit,
1991 1960 2181 2014 domus

602 2047 813 2102 Domini
843 2048 980 2102 ostia
1033 2048 1312 2115 reseravit,
1365 2050 1465 2104 nisi
1492 2050 1618 2118 quia
1671 2050 1894 2104 obedire
1922 2065 2029 2103 non
2053 2065 2177 2103 eru-

599 2139 736 2205 bnit,
767 2139 857 2206 qui
889 2140 1128 2194 indicare
1178 2141 1347 2194 tristia
1376 2141 1628 2210 expavit?
1658 2140 1789 2195 Nam
1820 2140 2068 2209 superius
2094 2138 2177 2193 di-

599 2238 745 2283 ctum
766 2238 850 2283 est
880 2248 891 2281 :
946 2230 1161 2283 Samuel
1181 2230 1467 2284 dormiebat
1510 2230 1562 2283 in
1593 2230 1783 2299 templo
1809 2228 2041 2293 Domini,
2095 2226 2179 2281 ubi

599 2327 709 2371 erat
738 2334 861 2371 arca
889 2319 1001 2372 Dei.
1036 2318 1175 2373 Puer
1203 2321 1366 2384 enim,
1392 2318 1480 2387 qui
1507 2319 1561 2372 in
1586 2318 1789 2387 templo
1818 2316 2028 2371 Domini
2055 2316 2181 2370 dor-

603 2408 765 2463 misse
802 2416 857 2463 et
883 2426 1024 2464 nunc
1058 2409 1298 2477 ejusdem
1331 2411 1542 2479 aperire
1573 2411 1708 2465 ostia
1740 2410 1953 2473 dicitur,
2004 2409 2181 2478 injun-

602 2506 747 2552 ctum
802 2500 1155 2554 ministerium
1206 2501 1456 2555 habuisse
1508 2500 1847 2565 ostenditur,
1907 2508 1967 2553 ut
2034 2499 2181 2553 horis

600 2590 1019 2657 congruentibus
1073 2591 1309 2659 aperiret
1369 2591 1539 2653 ostia,
1607 2598 1665 2645 et
1715 2592 2007 2645 obseraret.
2078 2590 2178 2657 Qui

599 2694 729 2748 ergo
777 2680 1035 2736 visionem
1094 2682 1330 2737 indicare
1387 2683 1630 2752 expavit,
1682 2691 1737 2737 et
1788 2683 1926 2737 ostia
1986 2683 2177 2736 domus

598 2767 810 2825 Domini
872 2770 1098 2840 aperuit,
1162 2773 1519 2827 reverentiam
1578 2773 1835 2841 magistro
1891 2772 2178 2842 dupliciter

600 2859 877 2928 impendit,
923 2861 1171 2915 vide‘icet
1198 2878 1326 2916 cura
1373 2863 1673 2928 ministerii,
1723 2870 1779 2917 ct
1807 2863 2051 2917 custodia
2090 2862 2177 2919 io-

508 3004 513 3007 ,
598 2946 849 3002 cutionis.
899 2948 1069 3013 Quam
1114 2949 1361 3018 profecto
1391 2950 1642 3019 loquendi
1686 2950 1985 3005 custodiam
2015 2965 2176 3019 quam

600 3035 848 3090 districte
905 3038 1166 3091 tenuisset
1212 3038 1533 3103 ostenditur,
1574 3039 1619 3092 si
1672 3054 1735 3093 ea
1783 3053 1901 3108 qua:
1942 3054 2177 3108 sequun-

2285 1842 2427 1909 ileli,
2479 1843 2572 1912 qni
2614 1860 2735 1899 cum
2780 1845 3072 1901 minantem
3099 1847 3199 1902 sibi
3247 1850 3678 1918 omnipotentem
3708 1849 3880 1902 Deum

2283 1932 2529 2000 quotidie
2555 1933 2621 1988 de
2642 1949 2797 1989 sacro
2836 1934 3053 2004 eloquio
3082 1936 3343 2005 sentiant,
3373 1946 3429 1992 et
3475 1946 3657 1993 tamen
3705 1938 3879 1992 humi

2288 2022 2444 2076 nibus
2481 2021 2767 2092 displicere
2814 2024 3105 2094 trepidant,
3152 2035 3208 2080 et
3246 2026 3440 2081 divinze
3487 2027 3881 2095 indignationis

2281 2113 2454 2167 minas
2508 2113 2780 2169 incurrere
2811 2129 2918 2169 non
2948 2114 3256 2182 formidant,
3297 2124 3353 2171 et
3381 2116 3507 2172 dum
3562 2118 3881 2172 inimicitias

2282 2203 2578 2270 hominum,
2606 2206 2755 2260 velut
2796 2207 3163 2278 implacabiles
3190 2218 3459 2279 metuunt,
3491 2212 3559 2268 de
3580 2212 3677 2268 Dei
3711 2214 3883 2269 mise-

2282 2293 2510 2348 ricordia
2536 2294 2696 2349 etiam
2718 2297 2992 2365 peccando
3022 2297 3330 2356 conﬁdunt'

2350 2403 2437 2458 '26.
2500 2404 2605 2459 Sed
2653 2405 2953 2463 inordinata
3001 2408 3194 2465 ﬁducia
3246 2414 3387 2483 apud
3440 2417 3874 2485 omnipotentem

2281 2490 2449 2547 Deum
2500 2494 2749 2549 vindicta:
2778 2496 2951 2551 locum
2982 2499 3181 2554 habere
3220 2510 3417 2570 potest,
3477 2502 3872 2572 indulgentiam

2283 2597 2410 2635 vero
2449 2583 2696 2639 obtinere
2722 2602 2827 2640 non
2863 2594 3062 2657 potest.
3118 2588 3433 2660 lncorrepto
3482 2594 3626 2647 enim
3674 2610 3876 2664 pecca-

2282 2677 2404 2738 tori,
2434 2686 2487 2729 et
2512 2678 2562 2731 in
2584 2679 2754 2747 culpa:
2777 2695 2891 2734 sua:
2929 2682 3211 2750 proposito
3242 2683 3579 2752 perduranti,
3628 2688 3765 2755 quid
3793 2698 3878 2742 cst

2278 2766 2345 2822 de
2368 2768 2588 2823 minanti
2606 2770 2706 2825 sibi
2731 2771 2841 2827 Deo
2861 2772 3041 2827 dicere
3066 2791 3078 2824 :
3112 2772 3364 2829 Dominus
3385 2785 3481 2839 est,
3516 2779 3650 2847 quod
3678 2778 3875 2833 bonum

2278 2859 2434 2911 estin
2478 2860 2641 2913 oculis
2677 2862 2793 2923 suis
2837 2863 3021 2933 faciat,
3081 2864 3179 2918 nisi
3227 2865 3296 2920 de
3336 2868 3736 2923 ordinatissima
3783 2870 3877 2924 Dei

2278 2946 2649 3003 misericordia
2690 2948 2996 3005 inordinate
3027 2950 3334 3008 confidere?
3364 2954 3439 3009 De
3483 2959 3881 3028 omnipotentis

2279 3039 2480 3094 etenim
2525 3040 2619 3095 Dei
2677 3041 3047 3098 misericordia
3097 3045 3346 3101 ordinate
3375 3047 3599 3103 conﬁdit
3642 3051 3740 3117 qui
3776 3052 3882 3105 hec

600 3136 686 3182 tur
706 3127 972 3182 subtiliter
991 3127 1361 3183 attendantur.
1393 3130 1524 3184 Nam
1548 3140 1769 3199 repente
1796 3129 2125 3185 subinfertur
2158 3146 2171 3183 :
2204 3143 2249 3207 ρ
2281 3129 2424 3197 quod
2447 3131 2719 3199 peccando
2740 3132 3004 3204 delinquit
3032 3136 3345 3204 pmnitendo
3391 3140 3640 3207 corrigit,
3690 3139 3881 3195 ﬂendo

672 3243 848 3311 (Vers.
883 3241 1096 3310 16-18.)
1154 3242 1304 3295 Venit
1334 3260 1455 3312 ergo
1514 3241 1634 3295 Heli
1660 3242 1729 3295 ad
1768 3240 2084 3305 Samuclem,
2130 3248 2183 3295 et

598 3334 730 3387 dixit
760 3348 776 3385 :
832 3332 1042 3385 Samuel
1068 3333 1145 3401 ﬁli
1176 3333 1265 3385 mi.
1320 3329 1419 3394 Qui
1448 3332 1708 3402 respondit
1741 3348 1758 3384 :
1812 3330 2014 3385 Praesto
2043 3347 2176 3385 sum.

599 3424 667 3478 Et
686 3427 1159 3494 ‘interrogaviteum
1184 3439 1201 3476 :
1235 3421 1361 3486 Quis
1391 3432 1465 3476 est
1495 3440 1660 3477 sermo
1705 3439 1849 3490 quem
1877 3423 2072 3475 locutus
2103 3430 2181 3476 est

592 3514 851 3569 Dominus
873 3514 941 3567 ad
972 3524 1019 3566 te
1047 3530 1065 3566 :
1097 3530 1208 3573 oro,
1261 3531 1325 3566 ne
1361 3513 1602 3567 relareris
1635 3513 1779 3566 mihi.
1832 3511 1962 3566 Ila’c
2018 3512 2178 3583 faciat

594 3604 689 3656 tibi
720 3602 878 3667 Deus,
936 3613 985 3655 et
1014 3603 1123 3656 hwc
1174 3602 1352 3666 addat,
1406 3603 1452 3654 si
1508 3602 1837 3655 absconderis
1866 3619 1897 3655 a
1944 3617 2024 3654 me
2070 3617 2178 3653 ser-

595 3710 796 3748 manem
848 3710 913 3746 ea:
968 3692 1203 3747 omnibus
1260 3709 1373 3763 qua:
1420 3693 1561 3745 dicta
1615 3702 1736 3745 sunt
1782 3690 1894 3745 tibi.
1957 3689 2176 3744 Indica-

595 3786 662 3838 t'it
683 3802 803 3856 ergo
831 3786 876 3838 ei
904 3785 1115 3838 Samuel
1134 3784 1399 3838 universos
1427 3800 1708 3850 sermones,
1736 3792 1783 3837 et
1825 3799 1928 3837 non
1955 3781 2173 3836 abscon-

594 3877 669 3930 dit
696 3877 759 3931 ab
790 3894 869 3930 eo.

666 3966 757 4021 24.
810 3966 908 4033 Qui
932 3970 1075 4022 enim
1105 3976 1254 4022 tanta
1285 3966 1687 4036 imprecationis
1716 3965 1968 4020 instantia
1999 3962 2066 4017 ad
2096 3964 2172 4015 lo-

595 4059 1040 4127 quenlum103
1060 4070 1278 4112 coaetus
1317 4057 1593 4118 asseritur,
1620 4071 1808 4123 magna
1840 4054 2176 4108 districtione

499 4144 501 4147 ’
595 4148 793 4202 silentii
820 4148 1087 4216 obligatus
1111 4148 1274 4201 fuisse
1303 4147 1628 4200 declaratur.
1663 4144 1729 4197 Et
1770 4144 1895 4212 quia
1927 4159 2034 4197 non
2066 4154 2171 4196 tam

595 4252 696 4306 pro
723 4236 965 4289 custodia
1008 4236 1257 4305 puritatis
1303 4248 1461 4303 quam
1492 4233 1854 4287 obstinatione
1890 4233 2174 4302 proterviae

593 4324 810 4393 quidam
843 4332 1023 4378 tacere
1068 4322 1295 4391 subjecti
1342 4323 1539 4387 solent,
1591 4322 1811 4376 Samuel
1857 4322 2014 4376 electi
2044 4324 2172 4377 sub-

594 4415 689 4467 diti
722 4412 946 4467 formam
977 4412 1230 4478 ostendit,
1282 4412 1373 4482 qui
1400 4420 1709 4465 reverenter
1740 4411 1925 4477 tacuit,
1971 4411 2064 4466 sed
2093 4420 2174 4465 ta-

2284 3218 2459 3286 tergit.
2496 3219 2731 3274 Peccare
2758 3234 2914 3289 ergo,
2969 3223 3112 3279 etde
3141 3223 3233 3279 Dei
3263 3224 3536 3282 Creatoris
3581 3228 3880 3285 clementia

2280 3323 2630 3378 prtesumcre,
2679 3310 2870 3380 pelago
2893 3311 3115 3380 iustitia:
3137 3314 3253 3383 ejus
3288 3318 3483 3385 exponi
3510 3328 3611 3372 est.
3656 3319 3758 3375 Sic
3798 3322 3880 3375 nio

2282 3401 2478 3454 mirum
2512 3410 2737 3471 peccata
2767 3412 3072 3473 perpetrata
3132 3423 3239 3461 non
3272 3416 3483 3475 tergere
3528 3412 3877 3480 pcenitendo,

2280 3500 2336 3546 et
2362 3492 2428 3547 de
2449 3492 2540 3547 Dei
2570 3493 2939 3549 misericordia
2969 3512 3311 3566 praasumere,
3337 3500 3388 3554 in
3406 3500 3667 3568 judicium
3695 3505 3881 3561 distri-

2281 3583 2473 3635 ctionis
2503 3582 2617 3651 ejus
2668 3583 2939 3639 oii'endere
2983 3596 3083 3641 est.
3150 3588 3280 3641 Dum
3335 3604 3464 3658 ergo
3512 3590 3630 3648 Heli
3668 3596 3793 3649 vita
3826 3598 3879 3652 in

2281 3670 2633 3737 reprohorum
2677 3673 3089 3741 praedicatorum
3139 3675 3311 3730 forma
3357 3678 3704 3745 describitur,
3768 3702 3880 3739 non

2279 3758 2453 3811 solum
2487 3761 2641 3829 culpa
2676 3764 2853 3833 lapsus
2884 3766 3212 3831 ostenditur,
3272 3770 3366 3823 sed
3422 3772 3584 3826 etiam
3612 3774 3794 3842 culpa:
3824 3778 3879 3830 in

2280 3849 2704 3917 praecipitatione
2750 3856 3031 3911 securitas.
3084 3857 3213 3912 Nam
3244 3861 3334 3928 qui
3377 3862 3571 3918 timore
3596 3868 3880 3934 pteniten-

2281 3936 2366 3988 "i0
2383 3936 2573 3992 divina:
2594 3940 2646 3993 in
2668 3942 2977 4010 lignationis
2999 3948 3423 4014 magnitudinem
3436 3952 3651 4021 placare
3670 3960 3877 4025 potuit,

2279 4025 2403 4079 dum
2458 4030 2688 4096 neglexit
2723 4033 2866 4102 quod
2922 4030 3144 4103 audivit,
3202 4039 3426 4096 incurrit
3473 4045 3618 4112 quod
3648 4050 3877 4104 meruit.

2348 4148 2435 4203 ‘27.
2480 4150 2829 4222 Omnipotens
2882 4156 3023 4211 enim
3066 4159 3227 4225 Deus,
3272 4162 3375 4215 etsi
3412 4165 3879 4234 :cquitatejustns

2279 4249 2381 4303 e-t,
2424 4236 2785 4299 abundantior
2814 4254 2991 4301 tamen
3040 4250 3279 4303 creditur
3330 4251 3677 4308 miseratione
3719 4256 3874 4324 pius.

2281 4326 2431 4383 Unrle
2459 4338 2513 4383 et
2555 4348 2651 4400 per
2704 4331 3028 4404 Prophetam
3079 4336 3311 4392 dicitur:
3352 4338 3719 4397 Miserationes
3751 4346 3875 4414 ejus

2277 4435 2429 4485 super
2449 4424 2622 4474 omnia
2651 4440 2807 4491 opera
2835 4427 2947 4494 ejus
2968 4425 3139 4497 (Psal.
3174 4444 3352 4495 cxuv,
3384 4429 3462 4499 9).
3516 4430 3651 4486 llinc
3696 4444 3786 4487 est
3815 4436 3875 4489 id

596 4517 720 4557 cere
748 4502 894 4571 loqui
919 4502 1099 4571 jussus
1125 4502 1362 4571 expavit.
1418 4501 1603 4569 Itaque
1633 4502 1844 4569 gemina
1875 4501 1994 4555 luce
2038 4516 2170 4556 COH-
2206 4524 2254 4581 ι)
2280 4512 2421 4578 quod
2448 4527 2540 4579 per
2560 4512 2749 4567 lotium
2773 4517 3090 4585 prophetam
3138 4518 3385 4575 Ninivltis
3430 4522 3604 4577 minas
3632 4526 3875 4581 διώκω-ο

593 4594 918 4649 versationis
970 4594 1182 4657 enituit,
1241 4592 1366 4646 dum
1391 4592 1482 4661 qui
1516 4592 1689 4647 lilialis
1716 4593 1926 4647 timoris
1971 4589 2169 4646 virtute

590 4685 757 4749 siluit,
791 4684 1041 4753 loquendi
1070 4683 1355 4738 utilitatem
1384 4683 1655 4752 loquendo
1691 4683 2033 4752 conquisivit.
2065 4683 2166 4738 Sc-

590 4776 769 4842 qnitur
800 4793 814 4829 :

588 4891 609 4896 "
663 4870 995 4945 (Vers.18.)‘
1028 4874 1097 4929 Et
1125 4875 1211 4929 ille
1241 4875 1545 4943 respondit:
1596 4872 1847 4927 Dominus
1893 4883 1990 4938 est,
2033 4859 2168 4945 quod

591 4966 777 5020 bonum
797 4974 873 5019 est
901 4968 954 5019 in
976 4966 1135 5019 oculis
1158 4966 1263 5018 suis
1292 4966 1473 5033 faciat.

660 5053 750 5108 ‘15.
788 5053 886 5120 Qui
917 5054 1210 5117 simplicius
1237 5068 1398 5122 quam
1425 5053 1584 5106 debet
1606 5053 1762 5107 istam
1795 5052 1912 5107 lleli
1942 5068 2157 5122 reSpon-

591 5146 797 5200 sionem
829 5145 1152 5208 considerat,
1174 5152 1284 5196 tam
1309 5152 1456 5197 recte
1472 5144 1614 5197 hunc
1640 5143 1981 5212 respondisse
2009 5158 2167 5212 quam

592 5235 867 5288 hummter
896 5240 1067 5302 putat.
1119 5231 1249 5285 Nam
1300 5233 1437 5285 sicut
1485 5232 1701 5285 auditur
1747 5233 2000 5296 exterius,
2038 5232 2165 5300 quid

592 5324 843 5378 humilius
899 5323 1243 5392 respondisse
1299 5324 1512 5391 potuit,
1578 5323 1670 5391 qui
1726 5323 2163 5390 rcprobationem

591 5432 741 5471 suam
798 5416 1021 5483 audivit,
1061 5423 1116 5469 ct
1165 5414 1386 5468 minanti
1447 5413 1577 5480 Deo,
1636 5414 1743 5467 imo
1772 5414 2167 5483 reprobationis

589 5522 700 5561 suae
728 5507 1049 5560 sententiam
1075 5503 1461 5575 promulganti,
1493 5503 1754 5572 quidquid
1790 5502 1859 5558 de
1899 5517 1958 5558 se
1989 5502 2168 5558 facere

2276 4600 2442 4654 sionis
2467 4603 2711 4670 protulit,
2751 4613 2807 4659 et
2837 4614 3013 4661 tamen
3046 4624 3258 4677 pmnam
3290 4613 3596 4668 evertenda:
3626 4615 3877 4673 civitatis

2278 4692 2662 4758 paenitentibus
2691 4696 2910 4751 indulsit
2947 4698 3126 4769 (Joan.
3160 4717 3235 4766 nt,
3270 4701 3319 4767 1,
3348 4701 3399 4768 2,
3423 4705 3579 4774 seq.).
3613 4704 3753 4763 Hinc
3786 4720 3879 4764 est

2277 4784 2418 4838 enim
2472 4788 2613 4854 quod
2645 4787 2886 4842 Ezechiw
2912 4790 3025 4857 regi
3073 4789 3180 4859 (IV
3214 4790 3343 4861 Reg.
3369 4808 3458 4855 xx,
3492 4793 3541 4858 1,
3582 4796 3717 4866 seq.)
3772 4814 3877 4866 per

2277 4877 2557 4945 propheta:
2587 4880 2859 4932 oraculum
2910 4880 3100 4933 mortis
3149 4895 3305 4948 paena
3356 4883 3687 4949 promittitur
3720 4885 3868 4955 (Isn.

2278 4985 2497 5033 xxxvm,
2546 4972 2592 5033 i,
2614 4973 2767 5042 seq.),
2792 4972 2885 5025 sed
2914 4972 3040 5039 quia
3064 4987 3178 5031 rex,
3212 4972 3348 5025 mori
3372 4981 3640 5039 metuens,
3672 4992 3875 5033 coram

2277 5057 2502 5113 Domino
2524 5076 2581 5114 se
2641 5062 2795 5132 309
2823 5061 3152 5130 painitentizc
3180 5062 3429 5130 lacrjmis
3460 5062 3672 5128 afﬂixit,
3715 5083 3875 5122 rnor-

2275 5154 2531 5217 tem,qua
2556 5160 2875 5212 moreretur,
2918 5150 3059 5219 apud
3110 5166 3255 5216 sum,
3308 5166 3469 5217 quem
3501 5154 3700 5222 timuit,
3757 5174 3871 5213 non

2278 5237 2501 5292 invenit.
2552 5238 2618 5292 Et
2670 5254 2830 5308 supra
2876 5240 3093 5307 quidem
3140 5254 3199 5292 se
3238 5247 3262 5275 "
3312 5239 3569 5296 Dominus
3619 5244 3870 5299 locutum

2273 5328 2434 5383 inisse
2463 5328 2711 5392 asseruit,
2742 5335 2797 5381 ut
2827 5327 3019 5381 domus
3045 5326 3163 5381 Πεὶί
3193 5336 3248 5381 et
3278 5328 3446 5396 patris
3476 5330 3592 5396 ejus
3624 5332 3678 5384 in
3708 5348 3872 5387 cons-

2273 5424 2430 5485 pectu
2452 5431 2551 5471 suo
2581 5430 2748 5483 usque
2777 5416 2828 5470 in
2856 5416 3241 5485 sempiternum
3264 5415 3615 5483 ministraret,
3649 5419 3752 5473 sed
3777 5422 3870 5488 qui

2274 5504 2339 5558 de
2365 5505 2507 5559 bono
2548 5514 2760 5575 agente,
2818 5504 2960 5560 bona
2987 5505 3200 5559 locutus
3234 5501 3427 5571 fuerat,
3480 5502 3549 5560 de
3574 5505 3746 5563 domo
3777 5524 3871 5565 re-

670 5652 688 5677 "
721 5640 881 5696 Gilot.
926 5651 979 5694 ct
1026 5639 1217 5702 Vatie,
1250 5652 1303 5689 sc
1334 5634 1609 5689 Dominum
1640 5639 1862 5688 laetatum
1887 5634 2043 5704 fuisse
2074 5632 2315 5687 asseruit.
