4000 6360
181 339 271 394 HI

1031 329 1093 387 ΙΝ
1136 328 1389 387 ΡΙὶΙδΙυΜ
1434 331 1667 387 RECUM
1711 329 2219 387 EXPOSITIONES.
2263 359 2332 370 —
2371 326 2500 386 LIB.
2546 330 2611 385 Il.

3345 337 3447 392 ΗΞ

176 448 343 516 proba
381 445 492 514 jam
544 445 736 500 effecta
783 442 1101 496 sententiam
1143 445 1486 511 permutavit,
1526 443 1757 514 dit-ens}:
1794 450 1836 504 Α
1866 439 2130 508 gligentiaa
2156 457 2263 496 sua:
2285 441 2506 496 verbum
2533 443 2854 511 exponebat,
2885 443 3109 497 dicens:
3152 445 3450 519 Quicunque

175 535 335 591 Nunc
359 544 532 588 autem
560 535 695 588 absit
726 533 819 586 hoc
863 549 893 583 ιι
923 549 1001 584 me
1051 531 1105 602 (1
1140 533 1266 603 Reg.
1295 548 1352 593 ll.
1377 533 1488 600 30).
1541 533 1596 586 Si
1628 548 1757 600 ergo

171 626 317 678 bona
354 624 621 694 promissa
667 630 886 678 revocat
934 621 1273 689 omni,otens
1329 619 1497 685 Deus,
1553 622 1676 690 quia
1725 622 1759 674 ii

171 715 374 782 quibus
401 713 722 784 promiserat
747 712 885 765 male
915 719 1315 781 permutantur,
1361 719 1564 778 quanto
1597 711 1762 778 magis

174 803 444 858 minarum
500 802 722 857 allectus
762 801 1026 864 retrahit,
1095 816 1217 854 cum
1281 801 1418 855 bene
1470 816 1697 855 convcis
1736 818 1761 855 s

176 907 272 946 eos
302 893 493 960 aSp‘cit
521 893 714 959 quibus
740 907 837 960 pro
865 890 1113 943 admissis
1144 889 1394 958 iniquitat
1417 891 1514 943 bus
1545 906 1759 956 pmnam

176 981 658 1036 animadversionis
716 981 1026 1032 iutintavit?
1095 977 1234 1044 Quid
1301 993 1430 1045 ergo
1503 980 1569 1033 ad
1651 980 1762 1032 haec

174 1071 426 1134 dicimus,
482 1070 574 1138 qui
623 1069 863 1138 quotidie
901 1069 1279 1138 delinquimus.
1309 1080 1470 1137 atque
1499 1069 1550 1122 in
1583 1064 1762 1122 reatus

174 1161 348 1212 nostri
395 1159 719 1228 obl'gatione
749 1159 922 1224 securi
953 1159 1174 1212 sumus?
1216 1157 1332 1212 Hoc
1369 1159 1532 1225 igitur
1563 1160 1758 1227 ipsum,

173 1249 325 1316 quod
385 1249 772 1303 districtionern
829 1249 1020 1302 divina:
1058 1248 1282 1316 justitia:
1336 1265 1443 1302 non
1500 1261 1759 1313 tenemus,

177 1337 337 1392 nobis
366 1338 520 1391 valde
573 1338 865 1391 timendum
894 1350 995 1403 est,
1049 1339 1173 1407 quia
1208 1355 1336 1394 ecce
1356 1341 1445 1407 qui
1470 1340 1645 1394 divina
1677 1340 1761 1392 in-

175 1426 489 1496 dignatione
513 1425 792 1495 projicitur
820 1443 918 1495 pro
957 1427 1112 1496 culpa
1142 1437 1461 1496 perpetrata:
1490 1429 1763 1496 negligen~

176 1517 268 1570 tia:
322 1517 468 1570 nullo
517 1516 710 1570 timore
760 1516 1022 1570 sollicitus
1069 1515 1233 1571 fuisse
1281 1517 1614 1585 perhibetur.
1655 1518 1763 1572 Sed

171 1609 303 1675 quia
358 1608 426 1660 ad
478 1607 725 1661 timorem
781 1607 996 1677 reprobi
1065 1608 1430 1677 praedicatoris
1494 1610 1760 1678 repulsio-

175 1714 300 1753 nem
329 1699 597 1764 novimus,
633 1699 789 1753 electi
814 1698 1112 1768 profectum
1143 1699 1441 1754 audiamus.
1491 1699 1622 1754 Nam
1675 1715 1762 1757 se-

173 1790 363 1858 quitur
398 1808 411 1842 :

246 1879 429 1946 (Vers.
462 1878 572 1948 19.)
616 1879 782 1934 Crerit
810 1888 978 1933 autem
1006 1878 1246 1946 Samuel,
1289 1890 1338 1934 et
1365 1878 1623 1935 Dominus
1651 1892 1763 1936 erat

168 1990 289 2026 cum
316 1989 399 2027 eo.

244 2063 334 2118 28.
377 2063 493 2118 Hoc
524 2066 765 2133 profecto
793 2065 838 2118 si
869 2063 936 2118 ad
966 2064 1247 2118 historiam
1282 2062 1496 2132 legitur,
1528 2064 1763 2118 crevisse

171 2173 310 2226 puer
339 2158 557 2211 Samuel
603 2166 762 2211 aetate
808 2157 1052 2226 corporis
1074 2157 1413 2224 designatur;
1465 2156 1508 2209 si
1546 2171 1672 2210 vero
1703 2163 1762 2209 ut

167 2256 365 2301 caetera
397 2247 623 2315 spiritali
657 2247 1067 2314 investigatione
1095 2247 1195 2300 ista
1225 2245 1606 2315 perquirimus,
1635 2261 1758 2300 cum

169 2349 236 2388 eo
257 2334 519 2388 Dominus
541 2349 661 2390 esse
681 2336 1017 2401 describitur,
1041 2334 1130 2402 qui
1154 2335 1388 2389 crevisse
1411 2347 1759 2390 memoratur.

168 2422 381 2475 Crescit
407 2431 587 2476 autem
627 2423 716 2492 qui
760 2424 811 2476 in
842 2424 1013 2477 virum
1043 2423 1337 2493 perlectum
1369 2426 1560 2478 mentis
1602 2433 1762 2481 mtate

171 2513 405 2581 prolicit.
443 2511 596 2566 Unde
617 2522 670 2566 et
700 2529 794 2582 per
816 2512 1139 2582 Pr0phetam
1169 2514 1235 2567 de
1261 2514 1448 2568 ciet-tis
1477 2513 1762 2583 prolicien-

170 2604 316 2658 tibus
343 2605 540 2658 dicitur
568 2621 582 2656 :
616 2603 958 2658 Ambulabuut
986 2606 1048 2658 de
1076 2614 1257 2659 virtute
1284 2606 1337 2658 in
1369 2608 1605 2660 virtutem
1627 2649 1641 2672 ,
1686 2610 1761 2661 vi-

169 2695 374 2750 debitur
395 2695 539 2749 Deus
569 2696 775 2749 deorum
801 2699 854 2750 in
879 2697 1008 2751 Sion
1042 2696 1212 2768 (Psal.
1247 2713 1475 2761 Lxxmn,
1514 2698 1590 2769 8).
1626 2698 1764 2753 lline

173 2787 373 2841 Paulus
401 2788 477 2842 ait
510 2806 524 2840 :
557 2787 734 2842 Donec
758 2805 1084 2842 occurramus
1112 2790 1156 2841 ei
1184 2790 1238 2842 in
1269 2791 1429 2842 virum
1458 2793 1760 2858 perfectum,

159 2881 224 2933 in
246 2895 544 2932 mensuram
557 2881 724 2933 atatis
745 2879 1074 2947 plenitudinis
1099 2877 1286 2932 Chrisd
1305 2878 1521 2949 (Ep/tes.
1548 2895 1598 2933 IV
1650 2880 1759 2950 15).

175 2972 372 3025 Verum
420 2971 661 3025 nonnulli
698 2980 823 3025 sunt
857 2971 955 3039 .qui
1005 2970 1132 3023 dum
1161 2970 1446 3025 virtutibus
1476 2978 1758 3036 crescunt,

171 3059 412 3114 elatione
452 3070 732 3114 corruunt.
774 3058 837 3112 Hi
887 3059 1136 3112 nimirum
1185 3074 1430 3113 crescere
1477 3059 1759 3121 videntur,

169 3149 267 3204 sed
292 3156 472 3202 tamen
501 3163 623 3203 cum
653 3149 732 3203 eis
762 3149 1016 3202 Dominus
1047 3163 1152 3202 non
1177 3158 1279 3208 est,
1311 3148 1434 3216 quia
1467 3163 1494 3201 a
1523 3165 1584 3203 se
1613 3165 1758 3217 eum,

165 3237 282 3291 alta
307 3238 591 3293 sentiendo
617 3239 685 3292 de
710 3253 788 3305 se,
817 3238 1037 3306 ejiciunt
1059 3279 1073 3304 ,
1106 3253 1266 3307 quem
1298 3238 1349 3291 in
1381 3237 1623 3307 profectu
1650 3239 1761 3294 vir-

165 3337 350 3381 tutum
395 3328 558 3396 positi
587 3343 685 3398 per
729 3328 1086 3382 humilitatem
1115 3344 1298 3383 secum
1331 3329 1528 3383 habere
1574 3338 1762 3398 potue-

168 3427 317 3473 runt.
351 3418 451 3472 Vel
474 3419 520 3474 si
544 3435 638 3488 per
667 3421 992 3475 exteriorem
1015 3420 1326 3489 dignitatem
1351 3421 1582 3476 crevisse
1605 3421 1766 3474 intel-

167 3511 377 3579 ligitur,
415 3509 670 3565 Dominus
698 3526 820 3565 cum
851 3525 916 3565 eo
946 3525 1065 3565 esse
1092 3518 1426 3565 memoratur
1448 3551 1462 3574 ,
1487 3510 1611 3579 quia
1641 3526 1764 3579 pro-

165 3601 318 3655 l'ccto
344 3601 588 3669 plerique
618 3601 671 3654 in
699 3600 967 3655 humilioi
998 3600 1185 3654 ordine
1215 3600 1448 3668 religiosi
1471 3607 1628 3665 sunt;
1669 3599 1765 3654 sed

167 3701 296 3744 curn
325 3691 506 3745 subito
535 3691 602 3744 ad
633 3691 841 3744 culmen
868 3690 1138 3757 dignitatis
1168 3689 1543 3760 pervenerint,
1591 3691 1760 3756 prima

165 3795 339 3850 opera
371 3797 497 3834 curn
528 3781 830 3834 humilitate
858 3780 1252 3848 derelinquunt.
1289 3780 1502 3834 Samuel
1534 3779 1694 3848 igitur
1713 3790 1767 3834 et

167 3872 413 3941 prolicit,
440 3880 493 3924 et
515 3871 798 3940 proﬁciens
821 3870 1102 3924 Domimnn
1130 3885 1312 3924 secum
1335 3871 1541 3934 habuit,
1563 3878 1620 3924 ut
1643 3886 1768 3941 pro-

169 3961 319 4014 lecto
345 3961 650 4014 electorum
678 3960 1086 4029 praedicatorum
1116 3973 1322 4013 morem
1353 3957 1650 4027 pnnferret,
1673 3959 1766 4026 qui

171 4066 298 4105 cum
326 4049 493 4116 dona,
522 4059 578 4103 et
607 4049 892 4117 dignitates
913 4090 926 4112 ,
966 4048 1161 4116 quibus
1187 4048 1396 4115 prosint
1423 4048 1543 4100 aliis
1568 4087 1580 4107 ,
1623 4062 1764 4100 3:58-

172 4151 450 4210 quuntur,
495 4141 564 4194 de
605 4141 908 4209 semetipsis
939 4141 1149 4208 placere
1177 4140 1288 4194 Deo
1315 4157 1422 4194 non
1451 4141 1727 4207 negligant
1750 4178 1765 4203 ,

171 4237 228 4282 et
256 4245 323 4282 ex
355 4245 425 4284 eo
451 4229 544 4284 illa
573 4244 694 4296 qua:
723 4245 820 4297 pro
849 4230 968 4283 aliis
995 4237 1321 4296 acceperunt
1347 4229 1488 4283 dona
1518 4229 1762 4298 multipli-

175 4328 303 4374 cant
325 4359 340 4385 ,
375 4319 517 4373 unde
549 4321 601 4373 in
633 4319 934 4386 semetipsis
959 4319 1250 4372 ostendunt
1278 4319 1476 4372 bonum
1497 4360 1511 4382 ,
1542 4319 1684 4388 quod
1716 4320 1767 4372 in

177 4410 256 4463 eis
281 4410 555 4480 loquendo
578 4423 874 4481 propagare
901 4411 1310 4479 concupiscunt.
1344 4411 1523 4476 Quare
1548 4421 1605 4466 et
1634 4413 1767 4467 sub-

179 4498 322 4552 ditur
352 4518 365 4552 :

251 4588 429 4656 (Vers.
462 4587 580 4658 19.)
609 4586 691 4641 Et
717 4605 819 4642 non
847 4590 1029 4643 cecidit
1054 4605 1119 4643 ea:
1137 4588 1372 4644 omnibus
1397 4589 1558 4643 verbis
1580 4591 1692 4662 ejus
1715 4592 1768 4646 in

182 4686 390 4730 terram.

248 4768 337 4822 29.
381 4768 442 4822 In
488 4777 633 4822 terra
671 4769 872 4838 quippe
908 4771 1130 4824 verbum
1179 4771 1546 4836 praedicatoris
1587 4775 1766 4839 cadit,

183 4873 302 4911 cum
343 4874 411 4911 ex
450 4857 682 4926 reproba
712 4859 1074 4928 pmdicatoris
1104 4865 1512 4918 conversatione
1539 4866 1766 4920 vilescit.

185 4945 333 5001 Unde
370 4955 430 5000 et
460 4947 719 5002 Veritatis
754 4964 884 5002 voce
912 4950 1142 5002 dicitur:
1174 4952 1256 5003 Ad
1285 4954 1504 5005 nihilum
1534 4954 1666 5007 valet
1690 4956 1772 5009 ul-

185 5048 284 5100 tra,
318 5039 420 5090 nisi
448 5046 505 5088 ut
532 5039 771 5089 mittatur
793 5040 934 5105 {oras
959 5081 973 5103 ,
1031 5050 1080 5091 et
1101 5042 1424 5094 conculcetur
1451 5041 1515 5094 ab
1546 5042 1770 5097 homini-

188 5127 275 5180 bus
306 5125 524 5196 (Matth.
552 5143 602 5190 v,
637 5127 748 5194 l5).
794 5125 857 5179 Et
902 5129 1197 5182 notandum
1244 5131 1366 5197 quia
1415 5147 1478 5184 ex
1526 5132 1774 5186 omnibus

191 5219 360 5271 verbis
389 5218 510 5286 ejus
543 5234 650 5271 non
680 5218 940 5272 cec'dissc
966 5220 1018 5272 in
1048 5228 1242 5274 terram
1271 5221 1465 5275 dicitur
1484 5261 1500 5288 .,
1547 5231 1604 5275 ut
1651 5239 1774 5289 pro-

187 5307 327 5361 iecto
358 5323 468 5376 pra:
490 5307 700 5360 Licatori
733 5307 860 5360 nihil
891 5321 1051 5375 agere
1076 5307 1238 5362 liceat
1264 5310 1408 5378 quod
1440 5311 1560 5364 licet
1582 5326 1772 5379 repro-

195 5398 335 5452 bare.
367 5397 499 5452 Nam
529 5398 789 5467 quidquid
811 5399 899 5464 agi
923 5399 1266 5466 prohibet,,is
1295 5401 1538 5468 proiecto
1558 5401 1602 5454 si
1623 5401 1732 5469 agit
1753 5437 1770 5466 ,

194 5488 410 5542 Verbum
443 5489 499 5542 in
531 5499 731 5542 terram
777 5487 919 5542 cadit
941 5527 958 5554 ,
988 5490 1113 5558 quia
1142 5490 1269 5543 dum
1300 5505 1330 5544 a
1359 5490 1613 5559 loquente
1640 5506 1774 5545 con-

199 5580 486 5643 lemnilur,
538 5580 645 5632 hoc
706 5579 984 5633 audientes
1046 5595 1383 5649 nequaquam
1431 5589 1777 5635 venerantur.

205 5669 425 5724 Verbum
456 5686 692 5738 namque
731 5669 950 5739 aliquod
993 5671 1044 5724 in
1072 5680 1271 5726 terram
1299 5672 1493 5728 cadere
1530 5672 1784 5740 prohibe-

1863 532 2070 583 solrerit
2097 547 2254 584 unum
2281 547 2347 584 ea:
2387 532 2645 585 mandatis
2675 533 2786 586 istis
2824 533 3050 586 minimis
3073 571 3088 595 ,
3123 541 3169 586 et
3218 535 3450 590 docuerit

1863 621 1936 672 sic
1966 619 2216 686 homines,
2247 622 2487 674 minimus
2511 619 2769 675 vocabitur
2795 623 2847 674 in
2875 637 3033 694 regno
3064 621 3341 690 cmlorum;
3366 630 3452 697 qui

1862 718 2033 761 autem
2063 711 2238 777 fecerit
2267 719 2316 762 ct
2345 711 2595 776 docuerit,
2643 728 2862 780 magnus
2906 710 3167 765 vocabitur
3198 715 3254 766 in
3291 731 3449 784 regno

1863 801 2106 850 cte'orum
2137 797 2297 867 (Ibid.
2333 816 2381 859 v.
2420 799 2526 869 lli).
2562 800 2869 853 Mandatum
2899 816 3130 868 namque
3157 817 3257 857 nec
3294 802 3452 856 mini-

1865 904 2011 943 mum
2044 892 2198 959 110
2229 890 2545 958 pmdicalor
2574 890 2734 942 solvit
2759 927 2773 951 ,
2806 890 2958 957 enjus
2984 891 3204 944 verbum
3234 907 3301 946 ex
3331 907 3452 947 ver-

1864 978 1946 1033 bis
1973 981 2218 1033 erunibus
2247 980 2300 1032 in
2331 989 2529 1033 tetram
2554 997 2658 1034 non
2687 981 2848 1034 cadit.
2880 979 3017 1034 Dum
3045 989 3221 1035 autem
3246 998 3309 1035 ex
3334 999 3452 1038 orn-

1864 1067 2022 1121 nibus
2055 1068 2230 1121 verbis
2267 1067 2532 1123 Samuelis
2564 1068 2782 1122 verbum
2830 1068 2883 1122 in
2928 1077 3125 1122 terram
3166 1085 3272 1125 non
3312 1073 3452 1126 ceci-

1863 1157 2005 1210 disse
2032 1157 2242 1221 dicitur,
2277 1157 2429 1224 cujus
2456 1173 2634 1212 mores
2663 1159 2898 1212 insinuat
2922 1157 3138 1214 Samuel
3169 1199 3184 1225 ,
3224 1162 3326 1214 ni-i
3355 1163 3450 1230 qui

1864 1251 2056 1299 mir-Ltd
2080 1259 2132 1300 et
2162 1249 2554 1316 prmdieationis
2577 1257 2630 1302 et
2659 1249 2837 1318 operis
2864 1249 3040 1318 magni
3068 1259 3192 1304 sunt
3212 1250 3264 1304 in
3285 1266 3449 1320 regno

1863 1335 2120 1390 ecelorum
2145 1338 2167 1388 ‘t
2214 1337 2404 1406 Itaque
2435 1353 2503 1392 ex
2534 1339 2781 1392 omnibus
2809 1340 2986 1393 verbis
3013 1339 3128 1408 ejus
3169 1340 3222 1395 in
3252 1350 3450 1397 terram

1868 1441 1976 1480 non
2009 1428 2186 1492 cadit,
2235 1430 2360 1498 quia
2392 1445 2551 1484 omne
2580 1432 2723 1497 quad
2761 1431 2928 1484 altum
2972 1440 3168 1487 sancta:
3199 1432 3451 1487 Ecclesia:

1863 1518 2132 1586 perfectus
2180 1522 2498 1587 praedicator
2529 1521 2764 1588 loquitur
2786 1563 2801 1587 ,
2843 1522 2910 1576 ab
2949 1537 3016 1576 eo
3045 1524 3206 1576 etiam
3234 1524 3448 1579 sublimi

1861 1605 2181 1674 prmdicatur
2209 1609 2639 1670 conversatione,
2665 1627 2784 1664 cum
2814 1649 2830 1674 ,
2863 1621 3008 1664 velut
3038 1613 3090 1665 in
3135 1615 3302 1667 ardua
3327 1631 3450 1684 spe-

1860 1698 1980 1752 cula
2006 1701 2227 1768 positus,
2256 1711 2310 1754 ct
2337 1701 2606 1770 sapientes
2627 1703 2792 1756 verbo
2821 1703 3013 1770 erudit,
3043 1713 3095 1758 rt
3120 1706 3450 1774 simplicibus

1792 1826 1838 1884 Β
1866 1786 1985 1852 iter,
2016 1803 2111 1855 per
2135 1789 2277 1858 quod
2305 1789 2368 1843 ad
2398 1799 2656 1844 mteraam
2683 1793 2910 1860 patriam
2940 1793 3144 1860 ingredi
3171 1795 3408 1851 debeant
3429 1833 3446 1860 ,

1866 1879 2122 1947 operibus
2149 1879 2404 1933 Ostendit.
2443 1879 2595 1934 Unde
2625 1892 2676 1936 et
2707 1882 2954 1936 subditur
2980 1901 2992 1935 :
3391 1934 3394 1936 .

1939 1964 2115 2034 (Vt-rs.
2144 1965 2258 2036 20.)
2300 1967 2369 2021 Et
2399 1971 2632 2039 cognovit
2661 1972 2924 2025 universus
2953 1971 3122 2027 Israel
3148 1991 3179 2027 a
3211 1974 3328 2029 Dan
3359 1993 3449 2030 us-

1865 2077 1963 2131 que
1997 2059 2266 2126 Bersabee,
2309 2062 2444 2132 quod
2471 2063 2641 2132 ﬁdelis
2665 2063 2878 2119 Samuel
2908 2066 3156 2136 prepltela
3181 2079 3310 2122 esset
3338 2069 3449 2124 Do-

1862 2153 2011 2204 mini.

1935 2242 2022 2296 50.
2065 2243 2203 2309 Quid
2227 2243 2367 2298 enim
2399 2260 2496 2314 per
2524 2245 2636 2300 Dan
2669 2247 2768 2302 nisi
2799 2248 3090 2318 simplices,
3117 2258 3170 2304 et
3197 2248 3324 2318 quid
3353 2264 3452 2320 per

1864 2333 2130 2388 Bersabee
2172 2335 2274 2389 nisi
2320 2338 2592 2405 sapientes
2617 2339 3007 2406 designantur?
3053 2342 3095 2394 A
3136 2341 3248 2396 Dan
3279 2356 3450 2412 usque

1863 2421 2129 2480 Bersabee
2155 2424 2326 2480 ﬁdelis
2353 2426 2572 2482 Samuel
2613 2430 2874 2498 prOpbeta
2920 2430 3130 2486 Domini
3159 2447 3451 2502 recognos-

1861 2515 2020 2578 citur,
2060 2517 2276 2585 quando
2305 2517 2463 2573 electi
2493 2520 2855 2588 przedicatoris
2881 2521 2988 2574 vita
3018 2522 3350 2591 simplicibus
3377 2523 3444 2576 ad

1862 2605 2049 2660 salutis
2071 2607 2376 2674 exemplum
2399 2611 2737 2678 proponitur,
2763 2619 2818 2664 et
2845 2611 3177 2680 sapientibus
3202 2627 3298 2680 per
3317 2611 3451 2666 doc-

1865 2693 2055 2747 trinam
2077 2694 2192 2762 ejus
2212 2703 2412 2749 sauclze
2436 2694 2724 2766 Scriptura:
2745 2711 2939 2751 arcana
2965 2699 3289 2753 revelantur.
3314 2697 3452 2766 Quia

1863 2798 1993 2838 vero
2020 2783 2289 2838 Bersabee
2339 2794 2534 2854 puteus
2578 2787 2838 2855 septimus
2889 2788 3290 2857 interpretatur,
3323 2805 3452 2860 pos-

1864 2883 1990 2927 sunt
2035 2888 2133 2942 per
2162 2873 2426 2930 Bersabee
2458 2893 2564 2930 non
2603 2877 2776 2930 solum
2812 2879 3084 2947 sapientes
3105 2919 3120 2945 ,
3164 2881 3258 2935 sed
3288 2882 3450 2934 etiam

1859 2963 1989 3031 justi
2018 2963 2306 3032 designari.
2341 2963 2540 3020 Puleus
2568 2966 2710 3020 enim
2741 2968 2999 3035 septimus
3027 2969 3151 3034 quid
3182 2979 3261 3023 est
3287 3010 3301 3035 ,
3347 2971 3451 3024 nisi

1865 3054 2033 3122 gratia
2058 3053 2290 3124 Spiritus
2325 3056 2688 3124 septiformis?
2715 3055 2817 3111 Per
2845 3057 2956 3110 Dan
2986 3069 3327 3128 peccatorum
3345 3062 3453 3114 vita

1865 3143 2186 3210 ostenditur,
2209 3145 2333 3214 quia
2356 3162 2454 3216 per
2479 3155 2714 3201 veterem
2735 3148 3051 3216 prophetam
3075 3149 3301 3204 dicitur:
3332 3148 3452 3203 Fiat

1865 3231 1985 3286 Dan
2007 3233 2215 3288 coluber
2238 3236 2291 3288 in
2322 3236 2424 3299 via,
2453 3245 2675 3290 cerastes
2697 3238 2750 3290 in
2775 3239 2976 3302 semita,
3010 3240 3253 3293 mordens
3281 3257 3454 3310 ungu-

1865 3323 1971 3376 lam
1993 3325 2125 3395 equi,
2159 3333 2214 3376 ut
2237 3325 2392 3377 cadat
2419 3342 2663 3379 ascensor
2687 3327 2795 3395 ejus
2826 3336 2961 3380 retro
2989 3327 3140 3397 (Gen.
3169 3345 3310 3393 thx,
3339 3328 3451 3400 17).

1868 3413 1914 3466 Α
1942 3413 2054 3467 Dan
2102 3415 2283 3485 itaque
2312 3431 2482 3485 usque
2529 3415 2794 3470 Ber-abee
2832 3417 3048 3470 Samuel
3090 3417 3295 3472 Domini
3328 3400 3455 3488 prti-

1865 3504 2024 3572 pheta
2057 3506 2418 3572 cognoscitur,
2446 3505 2572 3557 dum
2601 3490 2758 3559 electi
2789 3506 3152 3574 prmdicatoris
3175 3508 3281 3561 vita
3303 3545 3318 3569 ,
3363 3516 3449 3561 at-

1863 3609 1970 3663 que
1999 3594 2260 3654 doctrina.
2288 3611 2320 3664 p
2357 3595 2661 3650 ccat-iribns
2686 3606 2766 3650 cst
2789 3597 3109 3651 venerabilis
3131 3639 3145 3662 ,
3180 3606 3233 3652 et
3257 3597 3449 3667 jnstis.

1867 3693 1927 3738 ut
1955 3685 2006 3737 in
2037 3701 2104 3739 eo
2135 3686 2384 3740 videlicet
2412 3695 2464 3739 et
2495 3687 2626 3755 lapsi
2656 3687 2852 3740 bonum
2880 3687 3134 3752 videant,
3177 3689 3228 3741 in
3260 3704 3367 3758 quo
3394 3704 3454 3742 se

1868 3775 2177 3842 paenitendo
2208 3775 2482 3843 corrigant
2507 3815 2521 3839 ,
2555 3787 2608 3828 et
2638 3775 2764 3828 boni
2792 3777 3050 3830 mirentur
3077 3777 3198 3830 vine
3231 3777 3454 3830 celsitu-

1867 3865 2078 3929 dinem,
2119 3865 2185 3919 ad
2213 3880 2371 3934 quam
2412 3865 2652 3933 quotidie
2694 3863 3020 3935 proliciendo
3049 3866 3451 3922 convalescant.

1869 3954 2124 4023 Sequitur
2157 3973 2168 4008 :

1943 4046 2118 4115 (Vers.
2150 4043 2263 4113 21.)
2307 4045 2372 4099 Et
2417 4047 2618 4100 addidit
2676 4047 2928 4104 Dominus
2974 4059 3030 4103 ut
3076 4060 3350 4119 appareret
3396 4054 3452 4106 in

1871 4137 2006 4192 Silo.

1944 4229 2032 4283 ³51.
2075 4228 2336 4298 Superius
2365 4229 2432 4283 de
2463 4237 2706 4298 tempore
2732 4230 2945 4298 reprobi
2976 4229 3203 4299 pastoris
3225 4231 3451 4285 dicitur:

1874 4316 1940 4372 In
1985 4318 2160 4372 diebus
2199 4318 2304 4373 illis
2335 4336 2440 4373 non
2467 4329 2580 4372 erat
2612 4319 2738 4372 visio
2781 4321 3076 4390 manifesta.
3106 4320 3239 4374 Cum
3276 4321 3457 4390 ifaqua

1871 4422 1939 4463 ex
1969 4424 2124 4464 sacro
2152 4409 2367 4478 eloquio
2395 4410 2629 4478 optimus
2661 4410 2980 4478 praedicator
3007 4410 3328 4475 ostenditur,
3360 4425 3456 4480 ap-

1804 4515 2064 4602 Dparere
2105 4501 2297 4555 iterum
2349 4499 2605 4554 Dominus
2655 4500 2991 4568 perhibetur,
3038 4503 3163 4566 quia
3201 4501 3456 4555 nimirum

1877 4591 2112 4658 cognitio
2140 4591 2305 4644 divini
2350 4589 2604 4656 consilii,
2648 4603 2768 4656 qua:
2804 4590 3153 4644 absconditur
3181 4590 3455 4658 reprobis.

1876 4680 2126 4749 puritatis
2156 4680 2345 4734 merito
2376 4680 2647 4732 revelatur
2676 4679 2879 4732 electis.
2915 4677 2970 4732 Si
3001 4679 3143 4732 enim
3191 4686 3248 4731 et
3277 4678 3454 4732 homi-

1876 4785 2003 4823 num
2034 4768 2254 4823 cunsilia
2282 4767 2383 4820 nisi
2414 4765 2769 4820 familiaribus
2798 4781 2905 4819 nun
2935 4765 3244 4829 creduntur,
3278 4765 3455 4817 omni-

1877 4868 2071 4928 potens
2113 4856 2254 4911 Deus
2297 4864 2504 4910 secreta
2552 4869 2662 4909 sua:
2705 4854 3070 4924 dispositionis
3117 4853 3460 4909 aestimandus

1879 4962 1962 5004 est
1986 4950 2096 5004 suis
2124 4947 2430 5018 patefacere
2465 4946 2733 5000 inimicis?
2767 4946 2917 4999 l'rius
2942 4959 3074 5013 ergo
3103 4944 3233 5013 justi
3269 4945 3460 4999 docto-

1875 5043 1951 5096 ris
1991 5043 2100 5094 vita
2142 5038 2480 5109 praedicatur,
2531 5036 2724 5090 deinde
2768 5035 3036 5088 addidisse
3076 5043 3132 5088 ut
3179 5029 3439 5104 apparu‘re

1876 5133 2135 5187 Dominus
2161 5131 2378 5193 dicitur,
2409 5129 2532 5196 quia
2557 5125 2803 5198 profecto
2832 5127 3028 5180 divime
3055 5126 3188 5180 lucis
3223 5127 3460 5180 ostensio

1873 5223 2136 5291 reprobus
2163 5227 2218 5273 et
2244 5218 2394 5272 lictos
2423 5217 2555 5285 fugit
2577 5256 2592 5282 ,
2636 5230 2755 5285 qua:
2792 5230 2852 5269 se
2881 5215 3068 5269 electis
3092 5252 3107 5280 ,
3157 5223 3213 5268 et
3250 5215 3464 5271 mundis

1876 5311 2128 5366 cordibus
2171 5308 2366 5378 aperit.
2402 5305 2554 5361 Unde
2582 5315 2637 5362 et
2684 5321 2780 5375 per
2808 5305 3152 5374 semetipsum
3197 5319 3323 5358 vera
3371 5305 3463 5363 lux

1878 5400 2168 5470 loquendo,
2211 5415 2307 5453 nos
2328 5397 2613 5462 illuminat,
2644 5396 2828 5450 dicens
2854 5413 2866 5447 :
2900 5393 3048 5448 Beati
3077 5395 3265 5447 mundo
3288 5395 3463 5460 corde,

1878 5493 2120 5566 quoniam
2167 5492 2264 5557 ipsi
2297 5489 2460 5543 Deum
2488 5488 2725 5542 videbunt
2757 5487 2973 5556 (Matth.
3005 5504 3054 5550 v,
3087 5485 3166 5555 8).
3197 5485 3378 5553 Igitur,
3409 5492 3464 5536 ut

1881 5591 2153 5652 appareret
2181 5581 2435 5634 Dominus
2457 5619 2473 5645 ,
2520 5579 2722 5632 addidit
2749 5579 2874 5648 quia
2911 5576 3167 5632 mundum
3199 5574 3465 5644 pratdica-

1885 5675 2018 5728 toris
2041 5673 2122 5727 sui
2147 5673 2360 5726 oculum
2389 5671 2546 5744 vidit.
2575 5671 2680 5726 Sed
2710 5688 2832 5729 cum
2863 5670 3066 5725 addidit
3098 5668 3166 5724 Ut
3193 5679 3465 5739 appareret

201 5756 288 5812 bat
316 5761 573 5817 Dominus
597 5801 614 5827 ,
652 5777 775 5816 cum
806 5761 1196 5832 negligentibus
1221 5763 1661 5834 przedicatoribus
1688 5776 1784 5819 ne-
1810 5837 1856 5843 ω
1888 5763 1941 5818 in
1972 5763 2106 5830 Silo,
2134 5761 2187 5817 in
2215 5761 2406 5818 eodem
2431 5759 2552 5816 loco
2588 5761 2737 5816 illum
2767 5760 3074 5833 apparuisse
3094 5758 3210 5813 vice
3238 5757 3340 5812 alia
3367 5758 3462 5812 de.
