4000 6320
603 311 705 369 1³ἱὸ

600 430 858 495 signatur.
891 425 1024 492 Quia
1051 430 1229 477 autem
1261 422 1395 477 dixit
1422 422 1507 475 ubi
1540 420 1806 491 apparuit,
1841 436 1908 474 ne
1938 420 2054 473 lleli
2080 435 2171 487 ap-
2206 427 2246 478 Α

599 520 840 589 paruisse
865 516 1193 581 crederetur,
1225 516 1612 583 subsequenter
1651 520 1705 566 et
1750 526 2031 581 personam
2058 514 2173 579 ejus

599 608 683 663 cui
715 605 962 676 apparuit
990 604 1243 670 ostendit,
1276 603 1495 655 dicens:

669 695 844 763 (Vers.
874 692 985 761 2|.)
1028 691 1285 755 Quoniam
1313 691 1562 743 revelatus
1586 692 1748 759 fuerat
1790 687 2040 743 Dominus
2067 688 2172 741 Sa-

597 786 751 839 mueli
780 786 833 837 in
858 784 992 851 Silo,
1008 783 1163 854 juxta
1190 780 1391 835 verbum
1417 780 1643 833 Domini.

665 875 753 927 '52.
798 873 945 927 Tunc
969 886 1198 940 namque
1224 886 1281 924 se
1304 871 1351 925 ei
1382 870 1656 933 revelavit,
1682 884 1802 922 cum
1831 867 1878 921 ei
1906 881 1933 921 s
1950 874 2171 921 ‘cretum

595 965 677 1017 sui
707 961 916 1016 consilii
944 962 1010 1015 de
1053 960 1356 1028 repulsione
1399 957 1612 1026 reprobi
1643 956 2005 1025 pnedicatoris
2041 970 2172 1024 ape-

595 1055 721 1108 ruit.
752 1052 904 1118 Quod
928 1048 1169 1119 prol‘ecto
1188 1049 1339 1116 juxta
1368 1048 1589 1101 verbum
1617 1046 1827 1099 Domini
1854 1045 2050 1099 factum
2082 1060 2171 1099 as—

594 1143 812 1207 seritur,
845 1149 904 1194 ut
932 1142 1035 1193 hoc
1063 1138 1203 1207 quod
1250 1153 1353 1190 non
1396 1136 1548 1188 valde
1589 1134 1833 1202 superius
1867 1150 1965 1203 per
2000 1133 2170 1185 virum

597 1233 689 1286 Dei
715 1232 779 1284 ad
804 1230 920 1283 Heli
943 1228 1141 1283 dictum
1174 1226 1363 1290 fuerat,
1393 1226 1554 1279 etiam
1575 1224 1863 1278 secundum
1896 1222 2174 1275 historiam

595 1321 869 1390 impletum
895 1332 1012 1372 esse
1046 1315 1309 1370 sentiatur
1340 1331 1351 1365 :
1391 1312 1456 1364 Et
1486 1310 1743 1365 suscitabo
1772 1310 1897 1363 mihi
1932 1308 2174 1362 sacerdo-

594 1423 694 1465 tem
722 1410 925 1479 ﬁdelem
972 1409 1057 1475 qui
1071 1407 1226 1475 juxta
1256 1422 1343 1458 cor
1363 1420 1547 1469 meum,
1575 1412 1623 1455 et
1651 1403 1878 1455 animam
1905 1417 2071 1454 meam
2093 1402 2175 1470 [a-

594 1504 717 1568 ciat,
748 1509 797 1552 et
826 1497 1107 1552 ambulabit
1147 1512 1324 1550 coram
1352 1495 1557 1548 Christo
1597 1510 1705 1546 meo
1741 1494 1973 1546 omnibus
1997 1492 2174 1545 diebus

592 1592 648 1660 (Ι
674 1591 798 1661 Reg.
831 1607 887 1655 ιι,
911 1587 1026 1656 55).
1059 1586 1124 1640 Et
1154 1588 1280 1640 item
1306 1604 1320 1639 :
1358 1585 1563 1639 Videbis
1589 1585 1827 1637 wmulum
1850 1591 1990 1636 tuum
2021 1587 2170 1653 111

589 1683 645 1735 in
678 1681 862 1750 templo
884 1723 897 1743 ,
943 1681 998 1733 in
1050 1678 1298 1731 universis
1337 1676 1597 1746 prosperis
1634 1672 1802 1726 Israel
1834 1674 1879 1743 (1
1891 1673 2018 1736 bid.,
2056 1673 2169 1744 32).

1784 308 2024 364 SANCTI
2065 309 2387 364 ςιιιῖιῑοῐιιι
2433 307 2643 363 MAGNI

3749 300 3841 356 Hi

2348 420 2434 473 55.
2476 418 2582 472 Sed
2614 426 2817 471 attente
2861 417 3309 472 consrderandum
3342 424 3425 473 est
3459 418 3604 486 quod
3639 422 3851 489 subjun-

2276 512 2460 579 gitur:
2498 508 2661 561 Juxta
2702 509 2905 562 verbum
2946 509 3179 579 Domini.
3208 508 3437 563 Verbum
3481 525 3611 579 ergo
3648 512 3849 571 Domini

2277 601 2709 669 cognoscendum
2740 608 2823 654 est
2845 638 2860 663 ,
2911 610 3196 668 antequam
3236 600 3302 653 ad
3329 600 3719 669 apparitionem
3750 603 3851 661 Do-

2278 694 2404 747 mini
2436 693 2735 761 pertingere
2766 708 3071 748 mereamur
3092 733 3107 758 ,
3158 708 3226 747 ne
3254 692 3448 761 injusta
3478 703 3530 747 et
3572 694 3848 749 indiscreta

2277 786 2411 839 visio
2442 785 2577 853 ignis
2605 794 2659 838 et
2688 784 2843 839 nubis
2866 824 2881 849 ,
2924 800 3032 838 non
3080 785 3253 837 solum
3293 784 3448 837 nobis
3479 784 3848 852 perfectionem

2277 889 2383 927 non
2413 873 2659 928 ostendat
2683 872 2918 928 caelestis
2948 873 3170 937 itineris,
3211 872 3307 926 sed
3335 872 3401 925 ad
3430 872 3848 928 submersionem

2277 962 2475 1016 erroris
2502 978 2599 1016 nos
2624 963 2882 1032 impellat.
2915 961 3173 1029 Origenes
3201 963 3400 1032 quippe
3432 967 3591 1034 112
3618 962 3744 1018 dum
3764 981 3849 1033 ap-

2276 1059 2554 1119 parentem
2582 1050 2864 1106 Dominum
2888 1051 3005 1106 sine
3031 1053 3197 1107 verbo
3225 1052 3437 1106 Domini
3458 1054 3641 1107 videre
3666 1056 3846 1120 voluit,

2278 1142 2533 1194 visionem
2566 1141 2722 1194 nubis
2749 1141 3049 1195 inordinate
3074 1147 3373 1211 conspexit,
3398 1151 3423 1179 ε
3454 1144 3579 1212 quia
3611 1144 3747 1211 ignis
3765 1161 3853 1214 ap-

2276 1231 2593 1298 paritioncm
2624 1231 2850 1285 horruit.
2886 1230 3016 1284 Nam
3047 1231 3193 1297 dum,
3226 1232 3492 1300 abnegata
3523 1233 3609 1287 vel
3654 1236 3848 1289 minuta

2270 1317 2476 1387 justitia
2511 1319 2622 1382 Dei,
2656 1319 2979 1390 superﬂuam
3005 1322 3121 1389 ejus
3141 1322 3481 1377 clementiam
3514 1325 3846 1391 praedicaret,

2275 1410 2505 1462 asseruit
2533 1410 2675 1476 quod
2706 1425 2812 1465 non
2840 1410 3011 1465 solum
3055 1411 3304 1466 omnibus
3331 1412 3598 1466 damnatis
3627 1414 3851 1469 homini-

2276 1496 2374 1551 bus
2403 1506 2679 1565 parceret,
2729 1499 2822 1553 sed
2864 1500 3024 1553 etiam
3072 1499 3139 1554 de
3183 1509 3381 1554 teterna
3412 1515 3571 1569 paena
3599 1502 3852 1571 reprobus

2275 1587 2492 1655 angelos
2526 1588 2849 1659 quandoque
2889 1590 3161 1644 liberaret.
3214 1589 3452 1644 Novatus
3496 1600 3677 1644 autem
3726 1592 3852 1657 ignis

2276 1680 2516 1746 aspicere
2547 1679 2807 1734 visionem
2838 1679 3067 1749 amplius
3090 1680 3307 1744 amavit,
3337 1679 3427 1748 qui
3458 1679 3583 1732 dum
3612 1694 3851 1733 severam

592 1771 747 1837 Quod
793 1771 838 1825 si
879 1769 1031 1839 juxta
1074 1767 1369 1837 spiritalem
1411 1765 1818 1833 intelligentiam
1868 1772 2165 1834 perscruta-
2204 1773 2249 1831 Β
2277 1768 2659 1836 omnipotentis
2689 1768 2778 1822 Dei
2801 1769 3062 1837 justitiam
3092 1768 3481 1836 implacabilem
3516 1768 3737 1829 diceret,
3762 1786 3853 1837 spe

590 1881 733 1930 mur,
771 1861 1043 1932 quomodo
1072 1860 1219 1914 addit
1265 1859 1521 1913 Dominus
1559 1865 1618 1912 ut
1657 1856 1843 1911 electis
1873 1864 2166 1925 appareat,

591 1956 697 2010 nisi
726 1955 851 2023 quia
877 1952 969 2021 qui
995 1950 1197 2006 electos
1223 1964 1349 2003 suos
1381 1948 1447 2002 de
1475 1945 1929 2015 contemplatione
1954 1944 2172 2013 justitiae

588 2064 699 2103 sure
727 2046 1040 2101 mirabiliter
1085 2050 1287 2109 terret,
1335 2041 1495 2096 etiam
1545 2039 1612 2095 de
1655 2037 1960 2093 ostensione
1990 2034 2171 2102 gloria:

588 2136 926 2192 inellabiliter
954 2133 1242 2188 demulcet.
1274 2130 1384 2197 Qui
1418 2131 1560 2185 enim
1611 2127 1921 2199 apparendo
1964 2124 2167 2194 justus,

587 2226 750 2281 corda
775 2232 1084 2278 sanctorum
1113 2231 1321 2277 terrore
1351 2219 1593 2274 concutit
1618 2261 1628 2275 .
1674 2224 1734 2271 ut
1782 2221 2042 2284 appareat
2071 2211 2167 2265 ad-

588 2316 704 2381 dit,
753 2314 967 2383 quando
1009 2312 1157 2368 cordi
1202 2311 1390 2365 tem‘to
1440 2308 1668 2364 dulcedo
1718 2307 2017 2362 refundi‘ur
2059 2319 2170 2359 sua:

589 2406 819 2463 pietatis.
855 2404 987 2459 llinc
1029 2412 1106 2458 est
1140 2403 1281 2459 enim
1311 2401 1453 2469 quod
1488 2400 1657 2471 Moysi
1704 2416 1810 2454 non
1860 2413 2072 2467 semper
2115 2396 2167 2449 in

588 2507 708 2562 igne
737 2493 1016 2563 apparuit,
1059 2492 1153 2546 sed
1186 2493 1236 2545 in
1270 2492 1388 2559 igne
1411 2489 1698 2557 aliquando
1721 2529 1736 2555 ,
1788 2487 2074 2555 aliquando
2116 2486 2167 2539 in

587 2586 748 2638 nube.
780 2584 839 2637 ln
868 2584 989 2649 igne
1017 2582 1217 2651 quippe
1262 2588 1436 2635 terror
1460 2579 1642 2647 judicii
1675 2586 1775 2631 est.
1831 2575 1983 2630 Unde
2022 2585 2076 2629 ct
2102 2575 2163 2628 de

587 2672 823 2727 secundo
853 2670 1226 2739 Redemptoris
1254 2668 1423 2723 nostri
1451 2667 1684 2721 adventu
1714 2680 1809 2734 per
1830 2663 2165 2719 Psalmistam

588 2762 778 2817 dicitur
822 2779 836 2815 :
885 2760 1030 2831 Ignis
1059 2768 1180 2813 ante
1209 2775 1323 2812 eum
1363 2756 1596 2828 prwibit,
1644 2756 1773 2810 etin
1816 2754 2027 2807 circuitu
2058 2753 2166 2823 ejus

588 2860 859 2919 tempestas
887 2850 1057 2905 valida
1090 2848 1258 2903 (Psal.
1292 2862 1436 2906 χιιι,
1470 2846 1547 2915 5).
1582 2844 1636 2898 ln
1662 2844 1802 2898 nube
1824 2852 2003 2896 autem
2036 2856 2166 2910 pro-

587 2952 751 2998 ῑ.ιοιιο
782 2932 1141 2997 miserationis
1169 2937 1505 3007 exprimitur,
1535 2936 1657 3004 quia
1685 2933 1925 3003 ejusdem
1957 2940 2169 3002 protec-

588 3034 751 3088 tionis
778 3047 888 3088 suae
916 3030 1335 3085 blaniimentum
1367 3026 1553 3082 electis
1578 3024 1685 3078 suis
1713 3022 2032 3093 promittens
2062 3021 2166 3075 Do-

2274 1863 2439 1917 veniae
2478 1862 2871 1931 consequendze
2901 1868 2955 1914 et
2984 1859 3312 1929 pamitentia:
3356 1873 3519 1911 omne
3560 1857 3852 1911 remedium

2270 1953 2644 2022 peccatoribus
2673 1950 2913 2005 abstulit.
2944 1949 3053 2004 Nec
3082 1949 3289 2003 Novato
3317 1948 3497 2016 igitur,
3532 1962 3633 2001 nec
3659 1946 3739 2001 illi
3767 1948 3851 1999 alii

2271 2044 2527 2098 Dominus
2557 2042 2836 2112 apparuit,
2870 2041 2997 2109 quia
3029 2048 3257 2108 uterque
3297 2053 3484 2092 eorum
3526 2037 3680 2105 juxta
3714 2037 3855 2105 quod

2269 2148 2367 2203 per
2393 2133 2674 2187 veritatem
2705 2132 2847 2186 sacri
2890 2130 3088 2198 eloquii
3126 2129 3396 2192 cernitur,
3429 2128 3855 2197 omnipotentem

2272 2224 2555 2279 Dominum
2592 2238 2700 2277 non
2730 2221 3029 2290 conspexit.
3065 2219 3216 2273 Tunc
3266 2231 3395 2286 ergo
3436 2217 3591 2286 juxta
3632 2216 3801 2270 verbu
3825 2232 3854 2267 η

2270 2312 2530 2367 Dominus
2553 2318 2798 2380 apparet,
2832 2324 2952 2364 cum
2981 2324 3044 2363 ea
3073 2308 3382 2362 ostensione
3407 2322 3466 2362 se
3504 2307 3671 2360 menti
3701 2320 3856 2358 reve-

2266 2401 2360 2467 ht,
2392 2417 2553 2472 quam
2582 2414 2749 2457 sacrae
2777 2399 3069 2468 Scripturze
3100 2395 3229 2453 ﬁdes
3251 2413 3356 2453 non
3380 2398 3653 2456 reprobat.
3702 2394 3857 2449 Unde

2268 2500 2322 2546 et
2351 2502 2475 2559 apte
2506 2488 2843 2555 subiungitur
2870 2503 2883 2539 :

2342 2579 2513 2649 (Vers.
2546 2577 2660 2647 2|.)
2704 2575 2773 2629 Et
2793 2577 2926 2630 venit
2951 2592 3118 2631 sermo
3140 2574 3397 2631 Samuelis
3425 2579 3480 2629 in
3506 2576 3745 2628 universo
3769 2570 3853 2627 Is-

2269 2669 2417 2721 raeli.

2342 2757 2429 2810 Si.
2472 2755 2852 2810 Hrercticorum
2882 2754 3079 2824 quippe
3098 2768 3277 2808 sermo
3308 2769 3417 2808 non
3445 2753 3611 2808 venit.
3654 2753 3851 2809 Novati

2270 2846 2411 2900 enim
2438 2860 2617 2899 sermo
2645 2843 2762 2910 fuit,
2789 2844 2910 2912 quia
2936 2844 3109 2912 justus
3135 2841 3277 2898 Deus
3302 2844 3469 2898 semel
3495 2843 3655 2913 lapsis
3682 2843 3857 2898 ﬁdeli-

2270 2938 2368 2991 bus
2397 2950 2732 3005 nequaquam
2762 2935 2954 3004 parcit.
2984 2932 3227 3003 Origenis
3261 2948 3439 2990 sermo
3470 2933 3566 2988 fuit
3593 2934 3720 3003 quia
3746 2935 3858 2989 mis

2269 3027 2501 3082 sericors
2544 3026 2800 3081 Dominus
2829 3025 3025 3079 nullam
3056 3034 3357 3079 creaturam
3399 3024 3716 3079 rationalem
3753 3040 3857 3095 pc-

591 3125 785 3186 minus,
818 3123 892 3182 ait
923 3138 937 3173 ι
973 3120 1113 3173 Tunc
1142 3118 1379 3172 videbunt
1412 3115 1604 3170 Filium
1632 3114 1855 3169 hominis
1885 3113 2165 3166 venientem
2196 3128 2240 3189 ς
2271 3119 2377 3172 ripe
2407 3132 2503 3186 per
2526 3125 2782 3170 mter-nam
2814 3114 3215 3170 damnationem
3244 3114 3394 3168 sinit,
3428 3112 3535 3169 Sed
3564 3114 3689 3183 quia
3720 3130 3858 3168 con-

584 3213 638 3264 in
669 3211 798 3264 nube
828 3208 1017 3273 (Marc.
1050 3222 1163 3269 xm,
1195 3204 1297 3270 ‘16;
1330 3203 1437 3257 Luc
1465 3217 1574 3265 xm,
1604 3200 1716 3268 27).
1746 3199 1802 3253 lu
1833 3200 1954 3266 igne
1984 3200 2163 3267 itaque

574 3307 641 3361 et
689 3300 829 3352 nube
858 3312 954 3365 per
981 3301 1190 3350 deserta
1231 3294 1596 3363 gradientibus
1625 3291 1880 3345 Dominus
1920 3298 2161 3359 apparet,

585 3388 707 3457 quia
740 3394 950 3440 mentes
978 3382 1461 3451 contemplantimn
1499 3396 1561 3436 se
1590 3381 1641 3434 in
1672 3380 1773 3434 hac
1799 3378 1969 3434 exsilii
2011 3392 2167 3447 pere-

585 3477 886 3544 grinatioue
909 3513 923 3536 ,
955 3472 1055 3525 etsi
1086 3469 1372 3539 aliquando
1401 3476 1568 3523 terret
1595 3467 1663 3523 de
1682 3467 1887 3535 justitia
1910 3507 1923 3530 ,
1967 3479 2167 3533 pavore

586 3566 826 3634 dejectas
875 3564 1032 3631 erigit
1077 3561 1442 3615 blandimento
1489 3558 1857 3631 pmtectionis.
1908 3557 2166 3612 Dominus

588 3657 768 3725 itaque
797 3652 1033 3707 Samueli
1065 3651 1340 3721 apparuit,
1374 3659 1428 3705 et
1449 3691 1465 3715 ,
1497 3658 1556 3704 ut
1580 3655 1898 3719 appareret,
1923 3648 2164 3717 addidit,

584 3749 709 3816 quia
739 3747 831 3815 qui
859 3747 926 3800 ab
960 3746 1258 3801 electorum
1289 3745 1557 3800 mentibus
1595 3744 1648 3797 in
1677 3743 1799 3811 igne
1829 3743 2047 3798 terroris
2076 3759 2163 3797 as-

585 3836 807 3905 picitur,
849 3835 902 3888 in
951 3835 1095 3889 nube
1139 3833 1301 3889 etiam
1329 3832 1626 3887 dulcedinis
1672 3831 1972 3887 exhibetur.
2029 3832 2163 3899 ignis

586 3939 817 3993 namque
846 3925 1105 3978 visionem
1137 3924 1283 3977 intus
1308 3922 1536 3985 viderat,
1568 3923 1658 3990 qui
1683 3923 1963 3977 nuntiabat
2002 3923 2164 3988 foris,

584 4016 801 4068 dicens:
846 4015 1098 4068 Sanctum
1125 4023 1173 4067 et
1222 4014 1445 4066 terribile
1492 4018 1687 4067 nomen
1723 4015 1833 4083 ejus
1866 4014 2038 4082 (Psal.
2069 4030 2165 4081 cx,

586 4103 697 4169 10).
731 4102 786 4154 In
817 4103 938 4169 igne
966 4102 1095 4154 item
1126 4117 1249 4156 eum
1274 4102 1442 4155 visum
1470 4103 1756 4155 ostendere
1784 4103 2022 4170 cupiens,
2054 4105 2163 4155 ait:

590 4191 773 4244 Venite
819 4200 867 4243 et
903 4192 1063 4244 videte
1093 4208 1249 4258 Opera
1274 4190 1513 4255 Domini,
1558 4190 1802 4245 terribilis
1844 4194 1899 4245 in
1941 4194 2166 4246 consiliis

585 4299 736 4352 super
782 4283 919 4351 ﬁlios
948 4283 1212 4336 hominum
1258 4282 1429 4351 (Psal.
1468 4297 1604 4344 va,
1650 4280 1727 4350 5).
1760 4280 1864 4336 Sed
1890 4282 1981 4349 qui
2018 4281 2065 4335 ei
2114 4281 2166 4336 in

584 4372 706 4437 igne
734 4372 1004 4440 apparuit,
1034 4380 1090 4423 ut
1117 4380 1401 4440 appareret
1429 4370 1661 4438 addidit,
1690 4372 1817 4439 qlia
1846 4372 2167 4427 suavitatem

2270 3206 2412 3262 versi
2440 3206 2507 3261 ad
2538 3206 2819 3259 Dominum
2860 3213 3175 3274 peccatores
3220 3218 3556 3273 nequaquam
3583 3212 3853 3272 pereunt,

2268 3306 2324 3354 et
2351 3297 2517 3352 semel
2547 3297 2682 3365 lapsi
2726 3296 2901 3365 angeli
2948 3304 3003 3350 et
3031 3295 3085 3349 in
3114 3301 3339 3364 peccato
3364 3309 3462 3347 suo
3498 3293 3694 3368 mortui
3725 3308 3857 3363 pec-

2269 3394 2481 3441 catores
2526 3399 2794 3453 nunquam
2842 3383 3136 3448 salvantur,
3180 3382 3554 3438 hereticorum
3607 3381 3857 3452 profecto

2268 3492 2447 3533 sermo
2468 3492 2575 3531 non
2603 3476 2764 3530 venit.
2791 3475 2980 3531 Sermo
3010 3475 3169 3543 igitur
3189 3474 3455 3529 Samuelis
3482 3473 3625 3527 venit
3651 3476 3704 3527 in
3733 3476 3859 3529 uni-

2269 3584 2428 3625 verso
2456 3567 2634 3622 lsraeli
2656 3609 2672 3633 ,
2700 3566 2826 3635 quia
2859 3566 3107 3620 catholici
3150 3566 3251 3619 viri
3283 3564 3588 3634 praedicatio
3612 3567 3857 3633 compte-

2269 3667 2377 3723 tur,
2407 3673 2527 3727 qua:
2565 3657 2618 3710 in
2650 3656 2876 3711 veritate
2911 3655 3051 3709 sacri
3080 3656 3277 3725 eloquii
3309 3661 3455 3709 recte
3482 3655 3854 3722 cognoscitur.

2269 3750 2335 3805 Et
2361 3749 2654 3805 notandum
2678 3749 2803 3816 quia
2832 3746 2947 3815 ejus
2974 3761 3153 3802 sermo
3182 3747 3394 3802 venisse
3417 3746 3626 3809 dicitur,
3651 3746 3740 3800 cui
3771 3746 3855 3798 vi-

2269 3844 2478 3897 sionem
2506 3856 2656 3895 suam
2686 3840 2941 3893 Dominus
2964 3839 3230 3894 addidisse
3261 3839 3589 3908 perhibetur,
3616 3840 3742 3905 quia
3769 3839 3858 3891 ni-

2268 3933 2461 3987 mirum
2483 3930 2597 3999 ejus
2624 3930 2929 3999 prtedicatio
2955 3945 3083 3984 vera
3110 3937 3211 3997 est,
3243 3930 3329 3983 cui
3359 3929 3439 3984 sic
3476 3929 3669 3983 divinas
3690 3928 3858 3995 justi-

2270 4023 2355 4074 tiae
2392 4028 2567 4075 terror
2596 4019 2915 4083 ostenditur,
2948 4027 3006 4071 ut
3034 4018 3376 4085 benignitatis
3418 4016 3535 4084 ejus
3569 4016 3860 4070 abundans

2268 4109 2437 4176 gratia
2467 4123 2573 4162 non
2602 4106 2839 4172 celetur;
2878 4106 3131 4160 videlicet
3167 4116 3225 4159 ut
3249 4113 3483 4159 mentem
3517 4105 3745 4158 videntis
3771 4105 3858 4159 sic

2268 4204 2555 4265 conspecta
2584 4195 2782 4250 veritas
2810 4202 3041 4259 terreat,
3086 4202 3142 4248 ut
3170 4196 3329 4249 etiam
3361 4205 3578 4249 ostensa
3607 4194 3861 4262 benigni-

2268 4298 2352 4344 tas
2395 4297 2627 4343 mentem
2658 4285 2899 4340 territam
2947 4285 3001 4338 in
3045 4283 3473 4354 desperationem
3504 4282 3699 4339 cadere
3744 4300 3855 4338 non

2270 4379 2572 4447 permittat;
2604 4385 2663 4430 ut
2690 4376 2769 4431 sic
2795 4375 2862 4430 de
2889 4375 3221 4443 benignitate
3250 4383 3560 4445 prtesumat,
3588 4382 3860 4443 quatenus

583 4459 787 4526 gloriaz,
820 4468 875 4513 et
900 4460 1196 4515 dulcedinis
1226 4476 1353 4525 suae,
1385 4460 1434 4515 ei
1463 4461 1627 4514 etiam
1653 4462 1719 4515 de
1748 4462 1890 4517 nube
1915 4463 2166 4531 propina-
2196 4477 2243 4535 ι)
2268 4469 2333 4522 ad
2365 4466 2816 4534 praavaricationis
2844 4481 3030 4519 ausum
3060 4481 3167 4520 non
3197 4472 3437 4535 proruat.

583 4549 676 4601 vit.
706 4548 882 4615 Quire
908 4558 962 4604 et
990 4551 1339 4615 exhilaratus,
1366 4550 1457 4619 qui
1486 4552 1708 4605 territus
1738 4552 1910 4606 fuerat
1933 4593 1948 4617 ,
1980 4553 2116 4607 dixit
2143 4572 2156 4607 :

586 4638 751 4702 Quam
797 4656 987 4711 magna
1037 4640 1309 4694 multitudo
1363 4640 1650 4695 dulcedinis
1706 4653 1844 4706 tum,
1891 4643 2115 4699 Domine
2148 4687 2163 4711 ,

582 4745 734 4795 quam
761 4728 1072 4783 abscondisti
1110 4730 1399 4783 timentibus
1440 4740 1488 4784 te
1517 4730 1691 4800 (Psal.
1726 4749 1851 4799 xxx,
1884 4734 1999 4801 20).
2032 4733 2168 4787 Hinc

584 4818 708 4870 item
739 4820 970 4873 additam
1002 4822 1392 4889 apparitionem
1414 4821 1708 4887 admirans,
1734 4825 1811 4877 ait
1836 4842 1848 4876 :
1880 4825 2050 4887 Quam
2076 4824 2167 4879 bo-

582 4921 680 4958 nus
700 4906 865 4960 Israel
894 4908 1032 4962 Deus
1059 4911 1123 4962 iis
1145 4910 1232 4978 qui
1259 4918 1396 4963 recto
1414 4919 1530 4964 sunt
1546 4912 1700 4965 corde
1715 4910 1888 4981 (Psal.
1908 4929 2071 4978 Lxxn,
2090 4912 2139 4981 l)

2337 4556 2462 4610 Haec
2507 4563 2686 4608 autem
2730 4555 2783 4609 in
2831 4554 3070 4608 secundo
3114 4554 3295 4609 libello
3345 4552 3628 4623 praisentis
3668 4551 3858 4620 operis

2265 4648 2534 4716 disputata
2565 4644 2852 4711 sufﬁciant,
2879 4652 2938 4698 ut
2961 4643 3086 4697 dum
3119 4658 3182 4698 ea
3224 4658 3344 4712 quae
3380 4652 3681 4712 sequuntur
3706 4657 3856 4696 novo

2268 4736 2529 4808 principio
2558 4735 2813 4789 inchoare
2854 4734 3230 4802 disponimus,
3274 4732 3486 4787 dicendi
3530 4733 3699 4788 etiam
3739 4739 3861 4785 stu-

2269 4829 2416 4883 dium
2444 4841 2541 4895 per
2567 4824 2910 4880 devotionem
2934 4830 3243 4878 renovetur.

663 5046 683 5072 ιι
706 5037 780 5090 De
802 5038 984 5091 iisdem
1006 5038 1296 5105 Gregorius
1318 5041 1423 5107 agit
1446 5039 1537 5093 lib.
1560 5054 1722 5093 xxxiv
1747 5037 1959 5108 Moral.,
1982 5054 2128 5094 num.
2159 5037 2247 5105 38,
2278 5036 2367 5091 ubi
2395 5036 2516 5091 vide
2538 5042 2713 5091 notas.

595 5199 712 5213 —--

1730 5320 2081 5400 LIBER
2156 5316 2709 5399 TERTIUS.

1003 5480 1042 5546 l
1058 5481 1096 5546 Ξ,
1112 5482 1151 5547 1
1192 5477 1419 5533 CAPUT
1457 5478 1745 5533 PRIMUM.

659 5564 710 5618 1.
750 5563 881 5620 Cum
911 5579 1077 5618 sacrae
1107 5567 1341 5620 historiae
1381 5582 1569 5621 sensus
1612 5566 1839 5635 qualiter
1866 5568 2159 5624 electorum

593 5655 824 5709 moribus
859 5656 1169 5711 conveniret
1201 5656 1438 5711 studiose
1465 5671 1856 5728 quaereremus,
1889 5658 2159 5726 allegorize

2263 5479 2507 5536 ordinem
2534 5488 2777 5548 repetere
2805 5495 3051 5550 exponen
3072 5482 3125 5537 lo
3151 5484 3475 5541 distulimus.
3527 5485 3595 5542 Ut
3624 5503 3761 5558 ergo
3791 5507 3857 5546 ea

2263 5585 2381 5640 qua:
2410 5571 2653 5625 omisisse
2679 5571 2951 5625 cernimur
2978 5575 3340 5643 suppleamus,
3374 5579 3636 5646 quieritur
3666 5598 3679 5631 :
3712 5581 3861 5646 Quid

2262 5674 2345 5720 cst
2370 5662 2512 5734 quod
2536 5664 2659 5718 dum
2688 5663 2905 5722 Samuel
2930 5667 3230 5724 ministrare
3261 5667 3485 5727 Domino
3515 5687 3706 5728 coram
3738 5674 3862 5731 Beli
