4000 6342
184 390 262 446 ll5

179 507 464 566 memoratur,
481 492 742 565 pretiosus
757 504 937 548 sermo
958 488 1164 544 Domini
1189 502 1306 542 esse
1326 480 1685 541 describitur?
1711 481 1760 538 Α

179 595 275 656 Sed.
297 591 411 645 sicut
430 583 664 652 superius
687 589 776 635 est
813 579 1014 634 dictum
1033 620 1047 644 ,
1091 594 1188 650 per
1215 575 1518 631 Samuelem
1549 588 1684 643 pra:-

177 687 388 739 dicatores
409 679 592 730 sanctae
615 669 887 734 Ecclesim,
919 685 1016 740 per
1053 668 1169 722 Heli
1204 670 1364 721 etiam
1394 666 1552 722 electi
1585 679 1682 734 pa-

177 785 263 828 tres
286 762 544 825 testamenti
571 762 772 817 veteris
815 760 1184 828 designantur.
1235 758 1374 812 Puer
1415 772 1543 826 ergo
1583 758 1684 812 Sa-

175 862 287 918 muel
319 852 623 914 ministrabat
665 851 891 907 Domino
919 866 1106 906 coram
1152 849 1301 914 Heli,
1352 865 1472 903 cum
1515 863 1688 901 novus

177 955 398 1008 doctorum
440 943 563 999 ordo
609 943 983 1011 Redemptoris
1025 942 1179 994 iidem
1226 941 1567 1010 prmi'cobat.
1613 937 1689 992 De

174 1059 258 1112 quo
299 1037 509 1093 nimirum
562 1033 859 1088 ministerio
911 1033 1107 1087 Paulus
1156 1032 1415 1102 loquitur,
1453 1031 1682 1085 dicens:

177 1130 370 1196 Quandiu
401 1142 497 1180 sum
532 1125 760 1194 gentium
799 1126 1062 1192 apostolus
1087 1161 1103 1185 ,
1152 1123 1489 1176 ministerium
1521 1137 1688 1174 meum

174 1219 463 1289 honoriﬁcabo
503 1214 680 1285 (Rom.
713 1231 788 1277 ιι,
822 1213 931 1282 1⁵5).
983 1213 1118 1267 Hinc
1149 1215 1340 1266 iterum
1373 1211 1540 1268 dicit:
1575 1210 1678 1264 Ile-

173 1314 406 1372 brteisunt,
442 1314 485 1359 et
509 1319 640 1375 ego:
688 1303 949 1358 Israelita:
975 1312 1136 1371 sunt,
1181 1311 1231 1356 et
1269 1318 1363 1373 ego
1405 1317 1422 1354 :
1467 1301 1691 1354 ministri

174 1402 326 1457 Christi
343 1405 460 1461 sunt,
485 1404 528 1450 et
557 1412 652 1466 ego
678 1394 765 1466 (II
790 1396 910 1450 Cor.
943 1411 1014 1457 xx,
1048 1393 1083 1447 2
1120 1395 1160 1464 ).
1201 1397 1356 1464 112
1386 1391 1692 1446 Ministrare

171 1509 274 1562 ergo
300 1489 524 1556 Domino,
554 1488 612 1542 in
641 1487 882 1542 laborem
909 1486 1304 1557 praedicationis
1333 1498 1558 1554 pergere
1585 1491 1689 1538 est.

173 1583 296 1650 Quod
319 1579 529 1651 profecto
564 1580 923 1634 ministerium
961 1579 1180 1634 Samuel
1216 1593 1396 1633 coram
1429 1577 1544 1633 Heli
1580 1578 1689 1634 Do-

170 1674 287 1726 mino
308 1668 603 1738 impendisse
623 1668 820 1723 dicitur
844 1708 858 1731 ,
891 1670 1016 1739 quia
1043 1669 1301 1739 quidquid
1333 1668 1400 1724 de
1429 1669 1692 1738 religione

172 1774 294 1813 nova:
320 1756 457 1823 ﬁdei,
488 1771 658 1810 novus
687 1756 1096 1826 prmdicatorum
1118 1759 1251 1812 ordo
1280 1761 1545 1820 asseruit,
1588 1757 1692 1812 hoc

927 365 992 423 IN
1031 367 1290 424 PRIMUM
1334 363 1576 422 REGUM
1619 358 2129 418 EXPUSITIONES.
2166 393 2239 406 --
2278 364 2404 419 LIB.
2446 363 2530 420 lll.

3266 363 3368 419 illi

1788 480 2015 535 credidit
2040 482 2108 536 ad
2137 489 2406 538 tormenta
2427 483 2691 552 pervenit.
2724 478 2955 550 Tempus
2982 493 3213 552 namque
3245 491 3367 535 tunc

1786 581 1906 627 erat
1929 587 2036 642 quo
2061 574 2105 628 is
2130 575 2220 643 qui
2247 574 2527 629 emebatur
2551 590 2750 638 sermo,
2783 590 2890 629 non
2921 582 2946 611 ³
2979 581 3105 644 typo
3134 572 3370 640 figuratae

1788 663 2097 717 litoralitatis
2116 705 2130 730 ,
2155 666 2248 719 sed
2285 675 2483 735 aperta:
2510 666 2792 721 locutionis
2819 672 3086 734 prmcepto
3115 663 3366 717 ltortaba.

1789 764 1894 820 tur,
1928 756 2114 813 dicens
2147 777 2160 811 :
2195 757 2292 824 Qui
2331 760 2438 813 vult
2477 760 2647 814 venire
2687 769 2802 828 post
2841 775 2951 823 me,
2997 758 3144 811 tollat
3175 773 3374 810 eruam

1786 867 1932 904 suam
1958 852 2210 920 quotidie,
2241 862 2292 906 et
2317 861 2558 923 sequatur
2595 867 2673 904 me
2697 850 2910 914 (Matth.
2945 866 3050 914 xvr,
3094 847 3206 918 ΞΑ).
3238 847 3375 902 llinc

1790 941 1916 992 item
1945 941 2107 994 dicit:
2143 941 2240 1006 Qui
2273 949 2440 994 autent
2464 950 2607 994 arnat
2627 949 2827 1010 patrem
2869 948 2956 992 aut
2997 946 3216 992 matrem
3259 936 3375 1006 plus

1788 1045 1942 1098 quam
1981 1047 2079 1095 me,
2106 1047 2208 1084 non
2237 1041 2312 1085 est
2341 1048 2422 1084 me
2445 1030 2630 1101 dignus
2659 1029 2823 1102 (Ibid.
2848 1069 2862 1094 ,
2894 1046 2957 1094 Χ,
2987 1029 3101 1098 '57).
3131 1027 3200 1080 Et
3229 1044 3242 1082 :
3275 1026 3376 1091 Qui

1790 1136 1893 1173 non
1939 1121 2310 1174 renuntiaverit
2350 1119 2582 1174 omnibus
2623 1135 2737 1190 qua:
2773 1118 3032 1186 possidet,
3077 1133 3181 1171 non
3211 1124 3380 1185 potes.

1792 1226 1932 1264 meus
1971 1226 2083 1265 esse
2111 1211 2392 1278 discipulus
2423 1209 2573 1282 (Luc.
2602 1227 2716 1274 xiv,
2768 1209 2881 1270 55).
2912 1208 3097 1278 itaque
3125 1223 3245 1260 cum
3277 1205 3378 1258 mi-

1792 1300 2072 1355 nisterium
2089 1300 2352 1356 Samuelis
2374 1302 2651 1366 asseritur,
2676 1301 2945 1371 pretiosus
2963 1312 3143 1354 sermo
3167 1296 3378 1351 Domini

1792 1405 1913 1447 esse
1937 1391 2279 1461 perhibetur,
2318 1393 2440 1463 quia
2471 1393 2713 1461 profecto
2741 1392 2882 1446 inter
2911 1390 3063 1444 initia
3104 1388 3258 1454 ﬁdei,
3301 1388 3377 1443 illi

1792 1484 1886 1552 qui
1909 1485 2318 1554 praedicantibus
2347 1496 2563 1541 αξιοι-ηις)
2601 1485 2724 1539 vitae
2765 1484 3080 1539 doctoribus
3125 1481 3377 1538 credide-

1792 1583 1938 1640 runt,
1988 1589 2086 1644 pro
2138 1584 2368 1645 accepto
2413 1576 2581 1630 verbo
2624 1575 2746 1629 ﬁdei
2776 1575 2952 1645 magni
2986 1573 3183 1629 laboris
3211 1588 3377 1642 opera

1792 1665 2115 1735 expendisse
2155 1666 2411 1722 credendi
2452 1674 2597 1722 sunt.
2643 1665 2710 1719 Et
2749 1665 2874 1735 quia
2923 1664 3178 1719 Iudaicus
3206 1679 3379 1734 popu-

1792 1755 1874 1811 lus
1897 1756 2008 1825 jam
2047 1756 2227 1810 lumen
2267 1757 2459 1811 divina:
2506 1756 2828 1826 cognitionis
2867 1755 3150 1819 amiserat,
3196 1753 3379 1822 sequi-

171 1855 348 1910 Patrum
412 1861 645 1908 veterum
716 1845 1040 1909 auctoritate
1101 1853 1395 1908 roboravit.
1466 1853 1693 1906 Domino
1733 1833 1930 1902 Btur:

170 1947 331 2015 quippe
348 1943 663 1998 ministrabat
682 1940 723 1998 S
742 1943 923 2009 unuel,
945 1943 1162 2012 quando
1184 1958 1356 1998 novus
1376 1943 1695 2012 prsidicator

166 2035 410 2098 asserebat,
435 2033 614 2089 dicens
641 2050 656 2086 :
685 2031 818 2090 Dico
845 2036 982 2090 enim
1010 2031 1271 2088 Christum
1299 2033 1479 2088 Iesum
1508 2036 1696 2088 minis-

172 2137 282 2179 trum
305 2125 446 2196 fuisse
470 2124 869 2180 circumcisionis
898 2135 1108 2196 propter
1127 2127 1388 2183 ueritatem
1417 2126 1537 2193 Dei,
1566 2144 1695 2198 gen-

166 2226 228 2270 tes
257 2223 404 2269 autem
440 2231 588 2286 super
614 2217 971 2271 misericordia
1008 2218 1264 2273 honorare
1291 2217 1457 2272 Deum
1498 2221 1516 2288 (
1545 2219 1688 2273 ltom.

169 2322 236 2369 xv,
257 2305 327 2376 8).
353 2306 444 2373 Qui
487 2308 732 2378 profecto
775 2317 833 2362 ut
857 2310 1241 2378 ministerium,
1288 2310 1430 2379 quod
1468 2310 1696 2366 Domino

170 2396 432 2461 exhibebat,
463 2412 646 2452 coram
676 2395 794 2453 Heli
815 2414 1029 2469 quoque
1059 2399 1420 2468 impendi-ret,
1455 2401 1699 2470 adjunxit

168 2485 358 2540 dicens:
386 2485 526 2542 Sicut
551 2488 814 2559 scriptum
854 2499 937 2545 est
964 2508 976 2543 :
1009 2489 1260 2558 Laudate,
1291 2508 1464 2546 omnes
1489 2501 1692 2562 gentes,

163 2573 417 2642 Dominum,
434 2587 482 2632 et
497 2578 789 2634 collaudata
810 2596 944 2647 eum,
969 2599 1143 2636 omnes
1161 2584 1337 2652 populi
1361 2582 1530 2653 (Psal.
1551 2599 1693 2648 cxvt,

167 2667 226 2732 ι).
253 2665 312 2720 Et
336 2676 389 2721 ut
411 2683 467 2723 se
493 2669 692 2724 arctius
718 2686 899 2725 coram
929 2670 1046 2726 Heli
1077 2673 1129 2727 in
1152 2673 1448 2727 ministerio
1480 2673 1696 2728 Domini

165 2755 415 2821 cohiberet,
463 2759 751 2828 adiunxit:
801 2760 974 2816 Isaias
1021 2764 1158 2817 enim
1185 2764 1351 2818 dicit:
1381 2763 1499 2818 Erit
1540 2766 1698 2822 radiis

161 2844 301 2915 Iesse,
317 2849 395 2916 qui
419 2859 660 2922 exsurget
687 2867 866 2922 regere
887 2861 1081 2923 gentes,
1101 2855 1156 2907 in
1181 2870 1295 2909 eum
1325 2863 1500 2925 gentes
1525 2872 1696 2922 spera-

164 2935 265 2989 bunt
288 2937 443 3008 (Rom.
467 2956 552 3006 xv,
583 2940 689 3008 ης
717 2958 783 2996 ea:
806 2942 916 2997 Isa.
943 2959 1019 3012 χι,
1052 2943 1160 3015 10).
1193 2943 1333 3000 Puer
1351 2945 1569 3000 Samuel
1591 2945 1695 3000 Do-

162 3028 283 3082 mino
301 3030 644 3098 ministrabat,
673 3048 792 3088 cum
823 3033 1104 3090 dominica:
1133 3033 1564 3090 Resurrectionis
1581 3036 1694 3103 glo-

164 3119 271 3174 riam
296 3123 434 3194 113
458 3121 652 3179 Petrus
676 3137 962 3191 assereret,
994 3127 1180 3182 dicens
1209 3145 1221 3180 :
1250 3127 1429 3182 Iesum
1455 3126 1503 3180 Ν
1511 3144 1690 3182 αωνεο

159 3225 259 3264 tum
279 3213 425 3268 cirum
442 3215 786 3286 approbatum
809 3234 841 3270 a
868 3217 977 3272 Deo
1012 3221 1066 3272 in
1096 3218 1236 3274 vobis
1257 3221 1419 3289 signis
1442 3230 1490 3272 et
1513 3219 1692 3290 prodi-

163 3301 261 3368 giis,
291 3304 515 3358 traditum
537 3322 634 3376 per
655 3323 838 3362 manus
862 3309 1136 3378 impiorum
1162 3312 1522 3376 interemistis;
1566 3310 1701 3366 hunc

159 3388 276 3444 Deus
296 3396 543 3449 maritauit
567 3414 602 3450 a
632 3399 847 3452 mortuis
875 3401 1134 3469 prie/inito
1162 3402 1376 3456 consilio
1403 3406 1554 3458 tertia
1577 3403 1660 3456 die
1680 3439 1698 3465 ,

159 3483 268 3532 sicut
290 3484 586 3552 impossibile
612 3497 726 3540 erat
755 3490 915 3542 teneri
933 3505 1049 3543 eum
1069 3490 1330 3546 doloribus
1352 3493 1544 3563 inferni
1561 3493 1696 3564 (Act.

157 3587 204 3632 ην
232 3571 305 3638 32.
330 3578 481 3647 εισι).
1086 3594 1092 3598 ·

211 3664 258 3719 2.
284 3664 378 3722 Sed
402 3669 504 3723 hoc
535 3671 890 3728 ministerium
912 3715 928 3740 ,
974 3675 1116 3745 quod
1164 3674 1394 3732 Domino
1437 3678 1701 3749 exhibuit,

154 3753 287 3809 etiam
309 3771 479 3812 coram
512 3759 634 3815 He'i
665 3762 934 3829 exhibuit,
964 3765 1089 3833 quia
1132 3765 1433 3834 subiunxit,
1466 3767 1652 3823 dicens
1685 3785 1696 3821 ;

157 3838 297 3894 David
325 3847 452 3900 enim
475 3848 644 3904 dicit:
675 3846 933 3913 Quoniam
976 3867 1081 3907 non
1109 3853 1430 3922 derelinquas
1473 3859 1702 3911 animum

155 3948 293 3988 tum
313 3936 362 3991 in
389 3939 620 4011 inferno,
643 3959 738 3996 nec
766 3943 915 3998 dabis
957 3955 1193 4000 sanctum
1227 3954 1367 4001 tuum
1393 3948 1564 4002 videre
1590 3965 1704 4001 cor-

153 4025 403 4091 ruptionem
429 4029 564 4099 (Act.
596 4047 666 4095 ιι,
693 4031 797 4099 27;
851 4033 999 4090 I’sal.
1032 4052 1133 4101 xv,
1179 4036 1289 4107 10).
1339 4036 1534 4093 Coram
1583 4036 1702 4094 Heli

155 4109 308 4182 inque
327 4114 540 4174 Samuel
571 4121 878 4179 ministrare
921 4125 1147 4181 Domino
1177 4135 1301 4196 apte
1328 4127 1550 4192 dicitur,
1577 4129 1702 4197 quia

150 4200 284 4257 electi
325 4215 517 4262 sanctae
564 4208 820 4266 Ecclesia:
866 4214 1276 4282 praedicatores,
1329 4217 1456 4272 dum
1501 4226 1701 4272 statum

154 4305 280 4345 nova:
304 4294 338 4346 ti
357 4297 418 4350 lei
443 4297 785 4366 praedicando
814 4304 1110 4370 erigerent,
1138 4305 1283 4376 quod
1316 4307 1524 4363 ratione
1552 4326 1702 4366 asse-

151 4395 252 4436 rere
272 4389 437 4440 conati
465 4398 616 4454 sunt,
646 4389 864 4447 Patrum
895 4405 1137 4450 veterum
1165 4399 1486 4454 auctoritate
1523 4400 1703 4458 ﬁrma-

153 4483 330 4528 l’ﬂ‘lllll.

206 4563 251 4618 5.
279 4563 338 4622 Et
369 4578 492 4627 tunc
521 4573 745 4643 quidem
773 4591 952 4632 sermo
992 4577 1200 4635 Domini
1230 4582 1496 4650 pretiosus
1545 4583 1706 4640 fuisse

150 4654 441 4719 perhibetur.
484 4660 735 4722 Pretiosa
789 4668 988 4738 quippe
1031 4685 1118 4724 res
1170 4683 1334 4741 parvo
1379 4675 1554 4742 pretio
1598 4677 1704 4730 emi

147 4757 234 4834 non
261 4757 444 4816 potest.
477 4750 726 4810 Pretium
756 4765 972 4825 autem,
1015 4775 1124 4830 quo
1145 4777 1323 4818 sermo
1363 4764 1459 4819 Dei
1487 4767 1704 4834 emitur,

145 4830 278 4925 labor
295 4847 373 4894 est
415 4855 622 4901 sanctae
653 4850 1001 4917 operationis.
1034 4850 1190 4906 Velut
1229 4856 1370 4908 enim
1402 4871 1512 4909 rem
1543 4830 1703 4925 quam

142 4921 314 4984 habere
338 4931 590 4989 volumus
620 4939 794 5006 pretio
834 4940 1084 5008 emimus,
1115 4957 1235 4996 cum
1277 4959 1373 5013 per
1400 4921 1703 5000 sermonem

144 5020 509 5081 praedicationis
535 5041 704 5095 quem
733 5031 1025 5100 accipimus
1071 5034 1310 5089 laborem
1341 5038 1518 5106 operis
1544 5038 1700 5091 exhi-

141 5106 324 5168 bemus.
357 5114 504 5172 Tunc
532 5129 720 5174 autem
750 5132 864 5176 erat
894 5139 1072 5179 sermo
1110 5127 1408 5196 pretiosus,
1439 5143 1560 5182 cum
1605 5145 1704 5198 pro
1745 5134 1747 5136 ’

139 5199 468 5269 qualicunque
514 5208 708 5266 labore
734 5213 912 5280 operis
940 5230 1045 5267 non
1076 5215 1331 5283 dabatur,
1380 5235 1500 5273 cum
1530 5220 1705 5276 on'nis

139 5288 216 5354 qui
237 5302 529 5362 emptorem
578 5303 850 5358 sermonis
878 5306 1228 5362 interliciebat
1251 5310 1568 5378 obsequium
1592 5310 1705 5367 Deo

140 5392 189 5432 se
217 5392 462 5448 przestare
489 5391 790 5459 cogitabat.
840 5393 920 5449 Eo
949 5397 1110 5464 igitur
1156 5405 1396 5466 tempore
1441 5402 1706 5457 sermonis

139 5481 330 5542 emptor
351 5479 526 5535 multo
574 5486 753 5554 pretio
781 5487 959 5555 eguit,
1006 5489 1130 5556 quia
1155 5491 1272 5545 sine
1299 5505 1492 5558 magno
1522 5493 1706 5549 labore

137 5563 336 5622 verbum
376 5572 500 5628 ﬁdei
551 5590 778 5632 servare
806 5594 912 5633 non
941 5581 1146 5648 potuit,
1193 5583 1283 5650 qui
1334 5599 1433 5650 pro
1461 5598 1528 5638 eo
1561 5565 1756 5652 φυκί’

1722 3193 1769 3256 C

1870 1938 1913 2011 (Ι
1938 1938 2072 2008 Reg.
2104 1942 2168 2006 5,
2207 1940 2282 2008 1.)
2316 1938 2377 1995 In
2419 1938 2597 1994 diebus
2627 1939 2732 1994 illis
2769 1954 2872 1994 non
2907 1946 3020 1992 erat
3059 1937 3184 1992 visio
3211 1938 3378 1990 mani-

1799 2034 1953 2101 festa.

1867 2131 1922 2185 4.
1962 2130 2240 2186 Manifesta
2266 2147 2499 2200 namque
2547 2133 2680 2186 visio
2727 2133 2842 2200 ejus
2879 2141 3052 2198 esset,
3096 2131 3142 2185 si
3186 2130 3237 2183 in
3270 2128 3376 2184 Re-

1796 2221 2130 2292 demptnrem
2148 2263 2162 2288 ,
2193 2237 2352 2289 quem
2383 2222 2448 2276 ad
2476 2223 2833 2277 visitationem
2860 2237 3010 2276 suam
3042 2220 3252 2276 venisse
3278 2236 3377 2274 au-

1797 2313 1998 2377 dierat,
2033 2311 2365 2368 credidisset.
2424 2313 2499 2367 De
2545 2327 2648 2382 qua
2693 2313 2943 2366 nimirum
2993 2311 3111 2381 ejus
3138 2310 3382 2366 caecitate

1797 2401 2134 2470 subjungitur
2161 2419 2173 2454 :

1869 2491 2044 2562 (Ἶρι-ξ.
2074 2491 2152 2562 2.)
2183 2491 2408 2546 Factum
2433 2502 2511 2546 est
2539 2502 2739 2555 autem,
2785 2491 2904 2546 Ileli
2925 2494 3137 2565 jacebat
3184 2495 3239 2546 in
3269 2494 3380 2546 loco

1797 2602 1912 2654 suo,
1934 2601 2026 2640 nec
2044 2593 2243 2655 poterat
2265 2585 2434 2640 videre
2461 2584 2722 2638 lucentem
2751 2582 2866 2649 Dei,
2889 2593 3164 2655 antequam
3185 2585 3382 2637 exstin-

1795 2685 2052 2746 queretur.

1869 2772 2016 2827 Visio
2045 2785 2278 2840 namque
2301 2770 2418 2825 Heli
2445 2768 2722 2825 manifesta
2749 2784 2856 2823 non
2885 2774 2987 2832 est,
3018 2767 3142 2834 quia
3171 2762 3382 2817 Iudaeo-

1798 2877 1916 2917 rum
1938 2861 2296 2916 sacerdotium
2339 2861 2390 2915 in
2421 2859 2658 2930 perﬁdiae
2701 2872 2812 2913 suae
2839 2855 3085 2911 caecitate
3113 2851 3382 2922 sepultum

1797 2961 1896 3009 est.
1927 2951 2046 3007 Heli
2077 2966 2206 3020 ergo
2245 2951 2390 3020 jacet
2418 2951 2471 3005 in
2501 2951 2622 3005 loco
2648 2965 2778 3012 suo,
2806 2947 2933 3016 quia
2961 2955 3016 3000 et
3045 2945 3276 2999 litteram
3307 2942 3382 2996 le-

1797 3047 1876 3115 gis
1896 3044 2096 3110 liabet,
2125 3053 2183 3100 et
2218 3046 2270 3098 in
2299 3045 2418 3113 lege
2446 3050 2504 3099 et
2551 3042 2828 3113 prophetis
2853 3055 2963 3095 non
2991 3038 3156 3094 liabet
3181 3045 3381 3093 statum

1799 3138 2045 3200 luminis,
2073 3136 2169 3194 sed
2215 3137 2420 3206 lapsum
2459 3135 2733 3190 caecitatis.
2777 3133 2955 3188 Locus
2981 3145 3212 3199 namque
3241 3127 3380 3193 Heli,

1806 3229 2054 3285 vide'icet
2092 3227 2300 3284 Iudaici
2351 3228 2747 3300 prmdicatoris,
2777 3239 2930 3281 sacra
2975 3225 3063 3278 lex
3101 3231 3200 3278 est.
3246 3221 3382 3288 Quia

1803 3334 1934 3390 ergo
1958 3317 2240 3374 Iudaicum
2286 3319 2647 3374 sacerdotium
2689 3317 2862 3372 adhuc
2906 3328 3114 3370 sacram
3144 3312 3382 3381 Scriptu-

1804 3425 1919 3464 ram
1944 3410 2128 3475 habet,
2161 3409 2214 3464 in
2243 3409 2363 3464 loco
2390 3425 2487 3464 suo
2513 3415 2616 3463 est.
2647 3407 2712 3462 Et
2753 3407 2876 3476 quia
2903 3405 3155 3459 virtutem
3185 3412 3382 3457 sancta:

1803 3498 2094 3571 Scriptura:
2118 3499 2368 3555 nesciens
2410 3498 2474 3553 ad
2504 3507 2706 3552 statum
2737 3496 2856 3551 ﬁdei
2882 3507 2989 3550 non
3018 3493 3272 3562 erigitur,
3304 3493 3382 3544 ni-

1804 3591 1998 3647 mirum
2029 3592 2082 3646 in
2113 3591 2233 3647 loco
2267 3605 2365 3646 suo
2395 3605 2500 3643 non
2529 3597 2696 3654 stare,
2721 3587 2815 3642 sed
2838 3585 3020 3655 jacere
3049 3583 3382 3653 perhibetur.

1803 3679 1938 3748 Quia
1967 3680 2094 3734 item
2142 3694 2310 3749 usque
2339 3679 2408 3732 ad
2438 3676 2622 3731 mundi
2666 3673 2824 3730 ﬁnem
2855 3674 3128 3744 proiectus
3155 3679 3272 3736 est,
3303 3669 3384 3722 lu-

1803 3786 2019 3826 cernam
2067 3768 2161 3823 Dei
2191 3768 2374 3822 videre
2404 3784 2510 3820 non
2557 3780 2713 3836 posse
2756 3772 3101 3820 memorat-.r.
3157 3759 3305 3815 Unde
3332 3767 3383 3813 et

1803 3877 1924 3918 cum
1951 3859 2192 3929 quotidie
2219 3867 2350 3913 tota
2375 3865 2556 3911 sancta
2581 3855 2820 3910 Ecclesia
2840 3853 3234 3924 prmdicationis
3260 3851 3384 3904 bor-

1804 3957 2040 4004 tamenta
2068 3947 2379 4016 suscipiant,
2411 3961 2531 4001 cum
2563 3953 2634 3998 tot
2665 3957 2832 4000 sacrm
2861 3941 2982 3996 ﬁdei
3003 3939 3384 3996 assertionibus

1803 4039 1973 4095 Judaei
1997 4039 2121 4093 victi
2150 4053 2258 4092 non
2288 4036 2540 4101 credant,
2587 4034 2716 4104 quid
2743 4035 2920 4100 aliud,
2973 4033 3072 4088 nisi
3100 4032 3203 4086 hoc
3241 4030 3384 4099 quod

1805 4133 1861 4187 in
1887 4138 2072 4187 sancta
2094 4129 2368 4199 Scriptura
2405 4128 2565 4199 115
2610 4129 2678 4182 de
2719 4128 2798 4182 eis
2828 4127 3080 4195 legimus,
3129 4134 3185 4178 et
3223 4124 3384 4177 etiam

1804 4238 1902 4295 per
1943 4222 2369 4292 experimentum
2400 4228 2677 4283 tenemus,
2720 4219 2847 4288 quia
2877 4217 3125 4272 videlicet
3161 4215 3386 4286 projecli

1803 4321 1949 4377 sunt,
1975 4327 2079 4368 non
2109 4311 2282 4368 solum
2311 4319 2374 4365 ut
2398 4325 2505 4365 non
2534 4310 2782 4375 videant,
2813 4307 2906 4363 sed
2930 4307 3088 4363 etiam
3118 4315 3178 4361 ut
3207 4306 3386 4361 videre

1805 4417 1910 4460 non
1938 4403 2177 4472 possint?
2220 4401 2374 4456 Unde
2411 4411 2468 4456 et
2507 4400 2735 4470 apostoli
2780 4397 3107 4468 superﬂuum
3148 4396 3386 4451 laborent

1804 4499 2116 4562 reputantes
2143 4477 2330 4546 eorum
2357 4491 2448 4559 qui
2479 4489 2659 4544 videre
2695 4504 2800 4543 non
2833 4494 3108 4558 poterant,
3158 4487 3212 4539 in
3243 4486 3385 4540 Acti-

1737 4563 1785 4622 D
1809 4585 1909 4639 bus
1956 4584 2066 4637 suis
2093 4583 2277 4637 dicunt
2309 4599 2321 4632 :
2357 4581 2492 4644 Quia
2522 4580 2766 4650 indignos
2812 4595 2899 4632 vos
2952 4577 3144 4647 fecistis
3179 4583 3386 4628 (eterna:

1802 4679 1936 4742 avitae,
1967 4693 2081 4730 ecce
2109 4676 2448 4729 convertimur
2476 4673 2544 4726 ad
2569 4681 2743 4742 gentes
2783 4671 2918 4740 (Act.
2953 4684 3072 4732 xm,
3123 4666 3236 4735 46).
3281 4667 3386 4720 Sed

1803 4768 1893 4836 qui
1915 4767 2098 4820 videre
2114 4780 2221 4819 non
2248 4778 2406 4834 posse
2427 4763 2629 4817 relatus
2648 4771 2752 4824 est,
2785 4759 2877 4812 Dei
2904 4759 3119 4812 lucerna
3140 4764 3384 4811 vocatur.

1803 4859 2097 4930 Synagogae
2153 4869 2388 4923 namque
2430 4851 2784 4908 ministerium
2834 4848 2928 4902 Dei
2985 4847 3199 4902 lucerna
3255 4844 3388 4910 fuit,

1803 4948 2018 5020 quando
2048 4949 2098 5001 in
2130 4947 2314 5001 electis
2339 4942 2584 4998 Patribus
2620 4949 2674 4996 et
2697 4956 2794 5011 per
2824 4953 2962 4993 verae
2991 4936 3392 5007 praedicationis

1810 5039 2018 5100 lumen,
2067 5044 2121 5092 et
2167 5052 2262 5106 per
2297 5034 2508 5090 venturi
2554 5030 2928 5101 Redemptoris
2973 5028 3384 5099 promissionem

1809 5130 1961 5184 luxit.
1994 5128 2124 5194 Quae
2154 5126 2392 5196 profecto
2441 5124 2692 5190 lucerna,
2730 5121 3067 5176 ministrante
3114 5117 3386 5182 Samuele,

1811 5221 1978 5276 videri
2009 5236 2113 5274 non
2145 5218 2346 5290 potuit.
2376 5216 2502 5284 quia
2529 5224 2772 5283 tempore
2793 5227 2944 5267 novre
2974 5210 3387 5282 praedicationis,

1811 5313 2106 5383 Synagngzn
2135 5309 2498 5377 magisterium
2526 5321 2738 5377 paruam
2767 5312 3039 5376 perpetuae
3068 5300 3386 5372 repulsionis

1812 5405 2055 5459 incurrit.

1882 5495 1935 5548 5.
1968 5492 2035 5545 Et.
2066 5489 2354 5544 notandum
2376 5489 2504 5558 quia
2533 5504 2640 5542 non
2668 5487 2890 5552 dicitur,
2925 5486 3105 5540 lucere
3149 5498 3255 5537 non
3288 5497 3382 5550 po-

1812 5592 1970 5650 terat,
2003 5581 2126 5651 quia
2176 5577 2418 5650 profecto
2445 5577 2622 5634 adhuc
2669 5578 2847 5632 lumen
2873 5583 3074 5632 sanctae
3101 5571 3391 5643 Scriptura:

200 5794 224 5822 ⁸
263 5787 454 5846 Vitiose
476 5792 534 5847 in
567 5789 739 5846 αξιοι.
783 5803 836 5849 ct
868 5795 1032 5850 \‘atic.
1068 5805 1185 5865 typo
1234 5797 1469 5868 ﬁgurata:
1517 5797 1865 5850 mortalitatis.
