4000 6362
610 368 710 421 13⁸7

1801 370 2038 426 SANCTI
2079 370 2399 426 GREGORH
2440 372 2648 428 MAGNI
3731 384 3809 438 ΗΒ

605 490 704 544 pro
730 474 882 529 nobis
913 484 1109 545 portat,
1137 477 1230 532 sed
1260 477 1400 548 quod
1430 485 1605 548 portat
1646 478 1875 547 ignorat.
1928 478 2081 534 Unde
2121 493 2157 532 e‘

2279 501 2515 553 delictum
2536 502 2680 552 estin
2721 501 2887 567 vobis,
2920 504 3055 573 quod
3086 506 3288 574 judicia
3333 508 3529 562 habetis
3570 511 3693 564 inter
3722 532 3808 570 ros.

603 572 889 633 antequam
918 567 1368 633 exstingueretur,
1401 568 1582 623 videre
1628 585 1732 623 non
1762 584 1918 639 posse
1961 569 2172 622 dicitur.

602 651 846 707 Nondum
879 654 1019 708 enim
1072 658 1459 727 exstinguitur,
1505 670 1557 713 et
1597 660 1779 713 videre
1826 674 1931 712 non
1977 667 2173 727 pote~t,

599 745 723 812 quia
754 756 916 811 certe,
947 749 1134 817 utjam
1164 750 1293 817 dixi,
1320 752 1495 805 lumen
1524 753 1679 818 gerit,
1710 752 1849 819 qunti
1874 766 1979 803 non
2003 759 2176 803 atten-

598 834 695 897 dit,
725 843 849 888 ante
877 836 1017 889 enim
1043 853 1199 907 quam
1230 840 1614 906 exstinguatur,
1650 848 1759 901 est,
1793 840 1965 891 donec
2010 840 2171 891 lueet.

598 921 663 975 Et
693 924 814 993 quia
843 926 910 980 ab
939 942 1004 979 eo
1035 942 1202 995 usque
1230 929 1295 981 ad
1328 929 1506 981 mundi
1539 928 1695 981 tinem
1727 943 1877 981 sacra
1899 927 2173 993 Scriptura

598 1030 705 1068 non
756 1016 985 1083 tollitur,
1019 1020 1061 1070 si
1094 1028 1380 1086 antequam
1427 1020 1822 1086 cxstinguatur,
1859 1034 1963 1071 non
2006 1015 2170 1080 videt,

595 1120 716 1159 cum
745 1108 923 1162 mundi
957 1110 1060 1163 line
1088 1112 1392 1164 extenditur
1430 1112 1480 1165 in
1512 1114 1770 1165 eiecitatc.
1804 1111 1954 1176 Quod
1999 1111 2039 1163 si
2078 1126 2169 1164 ac-

595 1199 778 1250 censio
805 1200 919 1265 ejus
949 1216 996 1252 rt
1011 1198 1178 1253 fertur
1206 1199 1275 1253 ad
1324 1202 1493 1253 zelum
1527 1201 1786 1269 perﬁdim,
1834 1202 2031 1255 idcirco
2064 1217 2169 1254 non

592 1296 769 1355 potest
806 1288 1016 1351 videre,
1046 1289 1169 1356 quia
1202 1305 1305 1343 non
1331 1291 1703 1358 exstinguitur.
1738 1292 1867 1345 Nam
1919 1292 1962 1346 si
1994 1292 2168 1358 ignem

592 1376 825 1444 perfidae
847 1377 912 1431 de
933 1388 1109 1431 mente
1131 1380 1510 1447 exstingueret,
1527 1381 1705 1434 ablato
1724 1381 2010 1449 impietatis
2026 1383 2167 1450 zelo,

590 1466 655 1517 ad
684 1466 933 1535 placitum
959 1482 1098 1521 vera:
1122 1468 1245 1523 lidei
1278 1469 1453 1523 lumen
1486 1470 1679 1524 mentis
1703 1471 1887 1525 oculos
1910 1473 2162 1540 aperiret.

588 1553 690 1608 Sed
721 1554 845 1608 dum
873 1555 1051 1609 videre
1099 1572 1203 1610 non
1230 1572 1387 1627 posse
1416 1558 1640 1623 dicitur,
1690 1558 1901 1626 indigna
1948 1559 2165 1615 lucerna

587 1645 927 1712 perhibetur,
959 1654 1012 1698 et
1041 1644 1111 1697 ad
1140 1646 1423 1699 videndum
1455 1662 1515 1701 ea
1538 1662 1655 1714 quae
1683 1646 1841 1715 digna
1863 1657 1943 1702 est
1972 1651 2164 1717 qumri-

589 1746 695 1791 tur.
729 1737 858 1790 Nam
890 1738 1089 1806 subdit,
1120 1739 1303 1794 dicens
1334 1757 1349 1794 :

2279 590 2451 653 Quare
2488 609 2588 645 non
2636 596 2801 663 magis
2838 596 3073 663 fraudem
3112 599 3347 662 patimini
3392 598 3442 668 (1
3494 599 3612 654 Cor.
3636 617 3710 669 η,
3736 605 3811 675 7)?

2278 678 2519 733 Dormire
2543 681 2738 749 quippe
2778 682 2831 735 in
2877 684 3076 751 templo
3107 684 3197 738 Dei
3230 702 3335 740 non
3369 702 3525 754 posse
3554 705 3810 758 conspexe-

2274 776 2375 831 rat,
2407 784 2540 835 quos
2556 768 2879 837 judiciurum
2897 774 3181 840 occupatio
3204 790 3233 826 a
3256 776 3482 844 spiritali
3505 778 3812 836 meditatione

2274 857 2601 913 retrahebat.
2650 859 2930 915 Dormiens
2959 877 3086 931 ergo
3117 865 3169 917 in
3200 866 3401 935 templo
3427 876 3645 924 vocatus
3670 886 3695 922 a
3723 872 3811 926 Do-

2274 946 2419 999 mino
2465 947 2686 1015 dicitur,
2731 952 2855 1019 quia
2886 952 2974 1005 ille
3006 964 3127 1006 tunc
3156 955 3351 1009 doctor
3380 956 3447 1010 ad
3475 963 3812 1025 cognoscenda

2272 1034 2449 1089 divin-a
2478 1048 2681 1092 secreta
2717 1050 3020 1108 assumptus
3050 1052 3161 1107 est,
3208 1045 3298 1111 qui
3344 1060 3441 1114 per
3467 1048 3641 1101 cordis
3669 1049 3814 1103 inten-

2273 1122 2473 1176 tionem
2502 1140 2602 1179 non
2629 1126 2680 1178 in
2704 1128 3075 1194 exterioribus,
3106 1130 3199 1184 sed
3221 1132 3270 1185 in
3295 1132 3638 1189 interioribus
3664 1152 3815 1190 mura-

2270 1210 2445 1266 batur.
2494 1214 2744 1284 Sequitur
2775 1236 2787 1269 :

2344 1302 2525 1372 (Vcrs.
2576 1303 2645 1365 4.
2699 1304 2787 1376 5.)
2836 1305 2934 1371 Qui
2983 1311 3329 1379 respondens,
3371 1314 3445 1364 ait
3490 1329 3507 1365 :
3555 1312 3687 1367 Ecce
3719 1333 3813 1384 ego.

2270 1390 2338 1445 Et
2387 1397 2607 1448 cucurrit
2663 1398 2732 1450 ad
2780 1398 2903 1451 Ileli
2944 1407 2991 1453 et
3031 1401 3163 1454 dixit
3216 1418 3234 1453 :
3304 1401 3509 1456 Vocasti
3555 1406 3686 1457 enim
3733 1423 3813 1459 me.

2270 1482 2370 1548 Qui
2427 1488 2559 1541 dixit
2607 1506 2624 1542 :
2672 1488 2795 1544 Non
2840 1494 3013 1545 rocari
3077 1501 3164 1560 te,
3210 1495 3288 1559 [ili
3350 1497 3451 1561 mi,
3503 1508 3740 1552 revertere
3778 1510 3818 1552 et

2266 1576 2450 1631 dormi.

2335 1669 2385 1722 8.
2428 1671 2535 1725 Cur
2578 1673 2621 1726 is
2651 1674 2740 1741 qui
2782 1685 3060 1731 vocantem
3100 1693 3158 1731 se
3191 1678 3470 1732 Dominum
3503 1680 3733 1744 audivit,
3762 1683 3817 1733 ad

2264 1760 2379 1815 Heli
2411 1764 2666 1831 cucurrit,
2701 1765 2797 1818 nisi
2828 1767 2951 1835 quia
2979 1781 3037 1821 se
3084 1768 3149 1820 ab
3180 1766 3298 1822 Heli
3328 1778 3575 1821 vocatum
3607 1771 3820 1838 putavit?

657 1849 832 1917 (νει-ς.
860 1850 937 1918 5.)
966 1851 1179 1906 Sanmel
1207 1862 1374 1907 autem
1418 1855 1698 1909 dormiebat
1748 1858 1799 1909 in
1828 1862 2014 1925 templo
2054 1857 2160 1910 Do-
2194 1829 2236 1887 Β
2265 1851 2329 1907 Et
2354 1855 2477 1921 quia
2507 1829 2897 1924 explanationis
2926 1858 3114 1927 typicze
3144 1858 3384 1912 ordinem
3419 1867 3677 1923 tenemus,
3704 1876 3822 1926 quo-

584 1940 728 2002 ntini,
755 1940 838 1993 ubi
861 1951 972 1994 erat
993 1960 1114 1997 arca
1136 1943 1364 2010 Domini,
1390 1955 1438 1999 et
1464 1954 1655 2000 vocarit
1679 1945 1929 2000 Dominus
1946 1947 2161 2001 Samue-

583 2032 699 2083 lem.

652 2120 704 2174 6.
739 2122 1064 2179 Conﬁrmata
1092 2130 1331 2181 caecitate
1371 2126 1523 2193 Heli,
1555 2127 1856 2180 Samuelem
1910 2126 2161 2183 Dominus

581 2214 826 2279 vocavit,
876 2217 1036 2285 quia,
1086 2218 1340 2271 damnato
1385 2217 1688 2273 Judteorum
1730 2218 2059 2284 sacerdotio,
2093 2219 2160 2273 ad

582 2302 839 2371 majorem
871 2307 1095 2372 gratiam
1129 2323 1322 2361 novum
1356 2308 1765 2377 prazdicatorum
1796 2310 2037 2362 ordinem
2068 2326 2158 2364 as-

578 2393 825 2462 su'npsit.
858 2396 963 2448 Sed
993 2398 1083 2463 qui
1111 2398 1357 2465 exposuit
1383 2414 1540 2467 quem
1563 2400 1792 2463 vocavit,
1826 2399 1967 2453 unde
1995 2401 2158 2453 etiam

579 2494 798 2538 vocaret
838 2486 1100 2567 ostendit,
1144 2488 1264 2555 quia
1300 2488 1353 2541 in
1386 2489 1584 2557 templo
1622 2489 1867 2553 Domini,
1909 2490 1997 2543 ubi
2045 2502 2161 2543 erat

579 2589 736 2638 arca,
764 2574 1065 2632 Samueiem
1096 2578 1330 2633 dormire
1373 2580 1664 2648 perhibuit.
1709 2580 1986 2648 Templum
2018 2582 2157 2635 enim

578 2664 671 2718 Dei
702 2673 786 2719 e~t
816 2665 964 2722 locus
994 2668 1081 2721 ubi
1111 2669 1314 2722 habitat
1347 2670 1501 2723 Deus.
1539 2669 1692 2724 Unde
1718 2680 1772 2724 et
1807 2688 1899 2740 per
1932 2669 2155 2725 Psalmi—

576 2762 714 2808 stam
739 2758 825 2810 dic
851 2764 869 2808 t
895 2774 935 2810 ι·
959 2776 969 2809 :
1003 2756 1252 2812 Dominus
1282 2761 1333 2813 in
1357 2761 1541 2829 templo
1562 2769 1742 2814 sancto
1767 2778 1877 2825 suo,
1906 2761 2157 2816 Dominus

577 2846 629 2897 in
652 2846 776 2900 cwlo
806 2848 950 2901 sedes
979 2850 1089 2919 ejus
1115 2850 1287 2919 (Psal.
1320 2867 1383 2916 Χ,
1407 2849 1482 2915 5).
1515 2850 1681 2916 Quem
1713 2851 1845 2920 proli
1865 2859 1953 2906 cto
1977 2853 2153 2907 locum

578 2939 771 2995 Paulus
800 2940 1054 3004 insinuat,
1085 2942 1268 2997 dicens
1300 2961 1312 2995 :
1346 2943 1611 3012 Templum
1642 2943 1739 2997 Dei
1784 2954 2017 2997 sanctum
2056 2953 2155 3014 est,

575 3028 708 3093 quod
728 3030 851 3082 estis
872 3045 959 3084 vos
1003 3029 1059 3100 (Ι
1085 3032 1203 3085 Cor.
1256 3048 1342 3096 ιιι,
1386 3032 1494 3101 l7).
1547 3032 1822 3103 Templum
1855 3035 2029 3103 itaque
2058 3034 2153 3089 Dei

574 3122 991 3192 uniuscujusque
1018 3133 1100 3178 est
1131 3126 1307 3179 anima
1354 3128 1532 3181 electi.
1566 3126 1844 3195 Templum
1891 3128 1979 3182 ubi
2028 3144 2058 3182 a
2089 3144 2150 3183 ca

574 3212 663 3266 Dei
694 3214 1005 3268 reconditur
1034 3230 1184 3269 mens
1208 3224 1324 3281 est,
1353 3215 1403 3269 in
1434 3232 1536 3284 qua
1563 3217 1724 3270 divini
1752 3218 1950 3285 eloquii
1972 3232 2152 3273 sacra—
2182 3192 2226 3253 Ο

573 3311 750 3356 menta
782 3318 879 3371 per
927 3304 1333 3372 intelligentiam
1383 3315 1743 3361 reservantur.
1772 3307 1908 3373 Quid
1948 3322 2076 3375 ergo
2104 3309 2153 3361 ei

574 3392 714 3446 aliud
737 3394 973 3449 dormire
1001 3395 1053 3448 in
1086 3396 1315 3464 templo,
1345 3396 1445 3450 nisi
1490 3413 1583 3465 per
1611 3398 1925 3453 intentionis
1967 3409 2152 3452 custo-

574 3482 713 3538 diam
742 3486 793 3539 in
819 3486 1032 3555 propria
1062 3487 1543 3556 circumpectione
1567 3489 1891 3558 persistere?
1937 3489 2151 3544 Samuel

572 3574 750 3644 itaque
774 3576 1073 3629 dormiebat
1122 3578 1174 3630 in
1224 3577 1422 3646 templo
1464 3577 1595 3641 Dei,
1627 3580 1749 3648 quia
1773 3595 1924 3634 nova:
1969 3582 2154 3649 gratim

573 3664 937 3733 unusquisque
964 3666 1300 3734 prmdicator,
1326 3667 1449 3720 dum
1473 3676 1663 3721 cuncta
1686 3683 1805 3736 qua:
1828 3670 2009 3723 mundi
2031 3679 2155 3724 sunt

571 3751 806 3821 perfecte
832 3754 1174 3823 contempsit,
1203 3754 1255 3806 in
1278 3753 1464 3808 electae
1488 3770 1598 3809 sure
1620 3758 1811 3811 mentis
1830 3758 2011 3812 intima
2044 3760 2150 3812 cir-

572 3844 976 3913 cumspectione
1014 3845 1295 3913 requievit.
1323 3844 1390 3896 Et
1426 3845 1551 3913 quia
1596 3846 1649 3898 in
1687 3848 2040 3903 sacramentis
2067 3848 2150 3901 di-

570 3933 710 3986 vinae
741 3933 1031 4005 Scriptura:
1075 3935 1313 3990 eruditus
1340 3935 1455 4002 fuit,
1492 3936 1541 3990 in
1587 3938 1789 4006 templo
1824 3939 2146 4006 dormiebat,

570 4028 660 4081 ubi
687 4037 803 4083 erat
830 4044 975 4085 arca.

639 4117 690 4170 7.
716 4118 784 4171 Et
831 4119 1123 4174 notandum
1171 4124 1293 4188 quia
1344 4137 1447 4175 non
1494 4122 1688 4177 dicitur
1732 4124 2018 4191 dormivit,
2058 4126 2150 4178 sed

569 4208 891 4274 dormiebat,
938 4210 1061 4277 quia
1092 4211 1342 4264 nimirum
1369 4212 1613 4267 eamdem
1662 4215 1855 4268 mentis
1901 4230 2012 4269 sua:
2040 4215 2149 4269 cir-

570 4300 1025 4368 cumspectionem
1066 4317 1173 4355 non
1205 4301 1254 4354 in
1289 4304 1514 4356 transitu
1555 4318 1769 4359 servare
1796 4306 2027 4371 studuit,
2056 4307 2150 4361 sed

570 4390 624 4444 in
669 4390 1024 4445 diuturnitate
1074 4394 1505 4459 perseverantiae.
1556 4394 1787 4448 Somnus
1832 4396 2011 4464 itaque
2052 4396 2152 4451 Sa-

570 4480 763 4535 muelis
809 4481 1104 4549 perlectum
1150 4482 1328 4536 mundi
1390 4491 1755 4553 contemptum
1804 4485 2047 4553 designat
2084 4489 2148 4542 in

568 4577 752 4624 mente
778 4569 1035 4624 doctoris.
1084 4570 1291 4624 Dormit
1334 4585 1461 4639 ergo
1494 4573 1811 4640 praedicator
1840 4574 1892 4628 in
1916 4561 2143 4643 templo,

567 4661 730 4725 dum,
783 4662 994 4731 repulsa
1027 4678 1054 4715 a
1098 4678 1157 4716 se
1200 4662 1414 4730 penitus
1458 4662 1725 4717 mundana
1754 4664 2145 4732 sollicitudine,

567 4767 687 4807 sese
716 4767 811 4822 per
835 4752 1321 4807 considerationem
1350 4767 1527 4806 rerum
1573 4754 1928 4821 spiritualium
1959 4770 2150 4810 recon-

566 4843 645 4896 dit
672 4843 724 4896 in
773 4852 974 4898 mente.
1019 4843 1188 4911 Hujus
1232 4858 1463 4912 namque
1488 4844 1661 4897 somni
1692 4844 1925 4913 quietem
1958 4843 2149 4899 Petrus

566 4931 834 4999 elegerat,
881 4949 1001 4987 cum
1033 4933 1245 4987 dicebat
1286 4949 1298 4983 :
1344 4930 1467 4985 Non
1512 4940 1589 4986 est
1636 4933 1822 4986 bonum
1864 4934 2146 5005 relinquere

572 5025 730 5094 115
756 5012 960 5077 verbum
988 5023 1085 5078 Dei
1106 5065 1122 5089 ,
1170 5033 1219 5077 et
1250 5025 1547 5076 ministrare
1586 5025 1776 5076 mensis
1807 5024 1939 5093 (Act.
1969 5041 2040 5091 γι,
2071 5025 2149 5096 2).

568 5113 707 5169 Hine
734 5113 883 5168 Jetro
934 5114 1217 5168 Madianila
1246 5114 1467 5185 Moysen
1502 5121 1786 5181 cognatum
1830 5129 1983 5169 suum
2007 5115 2153 5183 juste

568 5206 764 5272 arguit,
799 5206 983 5260 dicens
1015 5224 1027 5258 :
1061 5208 1231 5260 Stulto
1261 5205 1432 5259 labore
1459 5208 1773 5259 consrmeris
1800 5216 1884 5271 tu;
1914 5208 2004 5260 sed
2028 5211 2151 5263 audi

567 5294 718 5347 verba
740 5312 881 5358 mea,
930 5304 979 5346 et
1012 5298 1108 5349 erit
1149 5295 1399 5349 Dominus
1430 5305 1613 5348 tecum.
1640 5295 1763 5348 Esto
1791 5305 1839 5348 tu
1880 5300 2067 5367 populo
2095 5301 2150 5353 in

568 5383 629 5435 iis
653 5399 765 5453 qua:
787 5384 855 5435 ad
880 5383 1040 5437 Deum
1071 5385 1345 5453 pertinent,
1375 5393 1430 5436 ut
1453 5385 1644 5452 referas
1665 5399 1779 5453 qua:
1821 5385 2061 5439 dicuntur
2080 5387 2150 5440 ad

569 5488 680 5525 cum
712 5472 915 5541 (Exod.
940 5472 1216 5538 xvm,l8,
1251 5470 1371 5541 l9).
1424 5471 1559 5526 Hinc
1610 5471 1804 5527 Paulus
1852 5473 1919 5528 ad
1964 5477 2147 5544 templi

570 5578 814 5617 somnum
850 5564 1157 5618 Corinthios
1200 5568 1445 5627 revocat,
1490 5560 1680 5616 dicens.
1722 5580 1736 5614 :
1774 5561 1895 5616 Jam
1940 5564 2146 5629 quidem

648 5770 669 5803 θ
712 5760 903 5827 Gilot.,
925 5760 1039 5829 jum
1060 5761 1242 5827 sepius
1281 5776 1311 5812 α
1343 5758 1567 5816 Domino
1596 5761 1833 5819 Samuel,

2264 1946 2425 1999 modo
2450 1945 2563 1998 Heli
2591 1956 2826 2016 putatur,
2853 1964 2973 2003 cum
3003 1958 3197 2003 vocato
3221 1965 3389 2019 puero
3412 1950 3553 2004 Deus
3573 1952 3819 2019 loquitur?

2263 2036 2368 2088 Sed
2409 2050 2742 2105 quzecunque
2772 2040 2824 2091 in
2866 2037 3155 2107 Scripturis
3200 2040 3397 2099 sanctis
3445 2039 3628 2095 Patres
3671 2044 3820 2096 nostri

2262 2134 2472 2179 veteres
2519 2126 2680 2180 locuti
2708 2136 2851 2193 sunt,
2898 2127 2966 2181 ad
2998 2128 3113 2183 Heli
3153 2129 3457 2184 referuntur
3487 2130 3816 2187 locutionem.

2264 2216 2363 2283 Qui
2390 2218 2661 2283 nimirum,
2679 2220 2804 2287 quia
2835 2234 2863 2272 a
2890 2221 3189 2289 semetipsis
3213 2236 3318 2274 non
3347 2231 3472 2276 sunt
3499 2223 3686 2287 locuti,
3711 2224 3820 2277 dum

2264 2306 2402 2362 Deus
2430 2322 2525 2375 per
2551 2322 2644 2361 eos
2673 2325 2791 2377 qute
2822 2310 2991 2363 voluit
3018 2311 3224 2365 loeutus
3248 2318 3350 2375 est,
3381 2326 3442 2365 ea
3472 2328 3592 2381 qua:
3618 2314 3665 2365 in
3694 2315 3822 2367 Scri-

2263 2395 2431 2462 pturis
2460 2412 2553 2448 san
2594 2397 2658 2449 tis
2689 2397 2900 2449 auditur
2928 2414 3029 2450 vox
3064 2398 3152 2450 Dei
3176 2413 3296 2451 esse
3327 2400 3685 2467 cognoscitur,
3717 2417 3820 2469 qua:

2263 2499 2356 2553 per
2383 2476 2499 2538 lleli
2532 2484 2820 2553 profertur.
2850 2488 2986 2541 l'uer
3013 2495 3213 2552 autem,
3243 2487 3387 2554 quia,
3420 2489 3671 2554 loquente
3702 2490 3818 2553 Deo,

2262 2573 2325 2625 ad
2357 2572 2474 2626 Heli
2505 2575 2775 2639 cucurrit,
2804 2591 2991 2629 vocem
3023 2575 3265 2643 proiecto
3300 2576 3439 2631 Deus
3468 2577 3586 2632 Heli
3612 2579 3820 2634 similem

2261 2662 2502 2731 protulit.
2543 2664 2676 2729 Quid
2722 2678 2849 2733 ergo
2877 2674 2959 2719 est
2988 2669 3130 2734 quod
3158 2667 3351 2720 divina:
3401 2667 3690 2723 locutionis
3733 2686 3822 2724 vox

2260 2755 2327 2808 ab
2362 2754 2477 2809 lleli
2505 2771 2639 2810 voce
2684 2772 2791 2810 non
2822 2756 3029 2821 differt,
3065 2758 3162 2811 nisi
3192 2760 3318 2827 quia
3344 2766 3400 2812 et
3431 2775 3526 2829 per
3548 2759 3729 2816 Patres
3748 2778 3825 2815 ve-

2262 2852 2404 2899 teres
2460 2845 2574 2914 ipse
2621 2845 2946 2902 locutionem
2992 2849 3233 2920 profert?
3280 2849 3395 2904 Vox
3443 2866 3675 2921 namque
3720 2852 3828 2906 lleli

2260 2933 2353 2989 Dei
2375 2949 2493 2989 esse
2522 2936 2885 3004 cognoscitur,
2909 2938 3161 3005 quoniam
3184 2937 3343 2994 electi
3373 2937 3558 2993 Patres
3582 2939 3827 3008 quidquid

2258 3041 2355 3096 per
2380 3042 2529 3080 sacra
2576 3028 2787 3095 eloquia
2816 3028 3140 3097 loquuntur,
3172 3044 3278 3084 non
3319 3045 3349 3083 a
3389 3032 3723 3100 semetipsis,
3745 3032 3828 3085 sed

2259 3134 2289 3173 a
2317 3119 2546 3174 Domino
2571 3128 2911 3189 acceperunt.
2948 3120 3102 3175 Unde
3130 3130 3186 3175 et
3215 3121 3267 3174 in
3297 3137 3415 3190 pro;
3438 3121 3579 3175 betis
3603 3138 3694 3191 per
3720 3138 3827 3176 om-

2259 3227 2381 3266 nem
2429 3211 2541 3265 fere
2587 3211 2908 3265 locutionem
2950 3214 3214 3280 repetitur
3254 3229 3266 3264 :
3310 3209 3440 3265 ιιατ
3480 3211 3607 3264 dicit
3658 3210 3827 3265 Domi-

2258 3319 2376 3369 nus,
2406 3310 2549 3355 utea
2597 3315 2714 3368 qua:
2755 3302 3029 3370 propheta:
3066 3301 3285 3355 oraculo
3312 3316 3415 3355 vox
3458 3308 3675 3354 resonat
3711 3316 3829 3354 sen-

2257 3391 2449 3443 tiamus
2471 3405 2576 3443 non
2607 3405 2727 3444 esse
2758 3390 3028 3459 loquentis
3063 3390 3315 3455 hominis,
3343 3389 3438 3443 sed
3477 3389 3829 3459 prmcipientis

2258 3478 2375 3534 Dei.

2326 3571 2376 3622 9.
2403 3570 2705 3640 Aliquando
2735 3581 2914 3628 autem
2938 3587 3036 3642 per
3053 3571 3383 3640 Scripturam
3415 3573 3651 3642 loquitur
3675 3573 3829 3640 Deus,

2255 3660 2542 3729 aliquando
2582 3677 2677 3730 per
2706 3663 2970 3717 occultam
3013 3662 3439 3731 inspirationem.
3491 3664 3832 3719 Revelatione

2253 3757 2431 3801 autem
2459 3751 2669 3804 occulta
2696 3749 2946 3817 loquitur,
2981 3766 3100 3806 cum
3130 3753 3314 3806 electze
3343 3753 3508 3805 menti
3544 3769 3592 3822 pa
3613 3769 3640 3805 r
3664 3752 3831 3822 Spiri-

2253 3844 2397 3904 tum,
2429 3848 2521 3891 aut
2562 3840 2763 3906 agenda
2786 3882 2800 3906 ,
2852 3848 2944 3894 aut
2971 3840 3210 3894 docenda
3243 3842 3565 3910 panduntur.
3616 3841 3829 3896 Samuel

2253 3931 2462 3997 itaque,
2488 3947 2611 3986 cum
2640 3941 2922 3986 vocantem
2951 3947 3009 3986 se
3038 3931 3321 3986 Dominum
3351 3933 3584 3993 audit-it,
3625 3933 3690 3986 ad
3714 3931 3828 3986 Heli

2252 4022 2516 4081 cucurtit,
2565 4022 2689 4090 quia
2728 4022 2933 4076 electus
2995 4021 3131 4075 ordo
3173 4022 3587 4092 prmdicatorum
3633 4033 3831 4075 sancta:

2252 4109 2505 4166 Ecclesiae
2535 4112 2638 4166 hoc
2659 4112 2824 4180 quod,
2852 4111 2963 4166 Deo
2986 4113 3275 4172 revelante.
3301 4122 3650 4178 cognoverat,
3671 4113 3830 4180 quale

2249 4212 2390 4258 esset
2426 4204 2477 4257 in
2517 4219 2673 4258 sacro
2722 4204 2936 4273 eloquio
2974 4204 3332 4272 perquirebat.
3380 4202 3581 4271 Regula
3623 4207 3827 4273 quippe

2250 4302 2411 4347 recta:
2436 4292 2798 4360 intelligentia:
2826 4294 2878 4345 in
2899 4292 3190 4361 Scriptura;
3209 4308 3375 4347 sacra:
3402 4294 3553 4347 libris
3578 4310 3834 4362 expressa

2251 4391 2369 4449 est,
2420 4383 2544 4452 quia
2576 4383 2753 4436 divina
2793 4383 3015 4438 consilia
3047 4384 3119 4437 ibi
3167 4399 3262 4452 per
3288 4385 3622 4438 venerabiles
3650 4384 3841 4440 Patres

2253 4482 2466 4528 nostros
2488 4474 2731 4543 exposita
2769 4480 2914 4541 sunt,
2944 4476 3036 4541 qui
3061 4472 3319 4543 Spiritum
3349 4483 3593 4529 sanctum
3633 4474 3840 4530 habue-

2256 4576 2399 4617 runt.
2435 4566 2663 4620 Vocatus
2691 4579 2819 4632 ergo
2851 4575 2874 4600 τι
2908 4572 3016 4616 tam
3056 4565 3252 4633 saepius
3278 4580 3308 4616 a
3342 4563 3569 4619 Domino
3597 4564 3836 4631 Samuel,

2256 4655 2322 4706 ad
2355 4654 2471 4708 Heli
2499 4654 2766 4717 cucurrit,
2805 4654 2928 4723 quia
2955 4654 3086 4708 ordo
3128 4654 3540 4723 praedicatorum
3591 4656 3644 4708 in
3689 4657 3838 4709 omni

2253 4743 2397 4811 quod
2441 4744 2664 4812 spiritali
2706 4746 3033 4799 revelatione
3083 4746 3267 4800 dilicit
3314 4744 3534 4798 Patrum
3584 4755 3835 4800 veterum

2255 4832 2395 4893 dicta
2428 4835 2725 4901 consuluit,
2753 4846 2809 4889 ut
2839 4843 2965 4889 tunc
2992 4837 3207 4889 demum
3236 4852 3264 4889 a
3291 4836 3519 4889 Domino
3544 4837 3645 4889 sibi
3671 4837 3843 4891 fuisse

2254 4924 2547 4979 revelatum
2577 4928 2855 4993 crederet,
2893 4943 3013 4981 cum
3044 4929 3110 4981 ab
3155 4943 3221 4983 eo
3250 4929 3392 4998 quod
3423 4930 3475 4983 in
3508 4945 3659 4983 sacra
3692 4930 3843 4986 Scri-

2257 5023 2413 5083 ptura
2445 5016 2653 5083 legebt
2682 5032 3016 5085 nequaquam
3048 5018 3263 5072 diﬂcrre
3300 5020 3662 5087 cognovisset.
3705 5021 3843 5075 Nam

2257 5103 2412 5159 facile
2440 5106 2637 5160 fallitur
2666 5110 2754 5177 qui
2801 5110 2903 5163 hoc
2948 5110 3088 5177 quod
3120 5111 3330 5165 occulta
3372 5113 3845 5181 contemplatione

2256 5198 2459 5265 colligit
2482 5200 2531 5252 in
2556 5202 2807 5267 praeclara
2838 5208 3035 5254 s:mct:e
3057 5202 3347 5270 Scriptura:
3390 5203 3622 5257 veritate
3664 5206 3845 5259 nescit

2253 5288 2520 5343 discutere
2567 5292 2725 5357 quale
2765 5293 2852 5344 sit.
2904 5290 3055 5345 Unde
3102 5300 3158 5345 et
3202 5291 3493 5359 Apostolus
3530 5294 3837 5355 denuntiat,

2254 5383 2436 5438 dicens
2478 5402 2491 5436 :
2544 5384 2904 5454 Transﬁgurat
2946 5400 3001 5437 se
3055 5384 3280 5439 Satanas
3318 5386 3373 5438 in
3415 5386 3658 5454 angelum
3710 5386 3844 5440 lucis

2251 5473 2339 5545 (II
2368 5474 2486 5529 Cor.
2514 5491 2588 5539 ιιι,
2618 5474 2727 5546 14).
2769 5474 3048 5541 Quomodo
3078 5483 3257 5529 autem
3288 5474 3421 5529 falsa
3452 5476 3506 5529 in
3535 5491 3679 5530 verae
3704 5477 3844 5531 lucis

2234 5567 2494 5625 'claritate
2521 5567 2937 5625 discernuntur?
2965 5566 3043 5619 Ad
3074 5564 3189 5620 Heli
3238 5580 3366 5636 ergo
3395 5568 3569 5621 cnrrit
3593 5567 3847 5634 Samuel,
