4000 6302
136 316 237 372 139

965 314 1028 368 IN
1070 313 1324 370 PRIMUM
1371 312 1605 368 HEGUM
1647 315 2155 371 EXPOSITIUNES.
2197 346 2264 359 —
2306 316 2437 372 LIB.
2477 317 2562 371 Ill.

3284 318 3395 379 I50

129 428 345 494 quoties
374 442 402 478 a
435 423 667 478 Domino
693 433 940 490 vocatur,
971 425 1095 492 quia
1121 426 1292 479 sancti
1319 426 1712 494 prtezlicatores,
1744 433 1792 486 Α
1822 425 2038 481 minime
2067 434 2306 495 possunt.
2339 426 2476 494 Quid
2505 435 2585 483 est
2615 441 2741 496 ergo
2768 429 2944 485 dicere
2974 431 3096 486 Non
3122 442 3170 486 te
3191 441 3383 504 vocari,

130 538 198 576 ne
231 520 375 573 [διεω
405 521 542 573 lucis
590 519 819 587 imagine
850 519 900 571 in
931 520 1117 573 intima
1147 520 1597 589 contemplatione
1625 519 1724 572 lal-

128 613 328 676 lantur,
361 612 580 665 modum
625 613 847 665 occu'tze
877 612 1220 666 revelationis
1251 613 1301 665 in
1338 614 1495 682 116
1535 620 1720 681 aperta

125 699 426 766 Scriptum
453 707 655 753 sancta:
679 699 904 752 veritate
949 699 1260 754 discutiunt.

202 790 289 843 10.
351 789 484 855 Quia
521 789 573 841 in
621 804 681 842 re
727 788 1073 856 quaerendum
1128 789 1241 844 est'
1273 789 1545 858 quomodo
1600 789 1717 844 Heli

123 880 312 934 dicere
344 888 655 951 competat:
688 878 812 933 Non
836 889 886 932 te
911 881 1081 933 vocavi
1100 916 1115 941 ,
1146 880 1229 949 ﬁli
1261 882 1356 934 nti.
1381 879 1486 934 Sed
1533 879 1718 933 Patres

125 971 333 1033 nostri,
381 971 474 1038 qui
503 985 598 1037 por
634 984 844 1022 sacrum
881 968 1152 1038 eloquium
1201 969 1359 1024 novis
1396 969 1715 1037 prtcdicato-

122 1061 276 1115 ribus
300 1061 597 1129 loquuntur
616 1098 632 1123 ,
660 1075 765 1112 non
796 1074 889 1114 eos
918 1066 1148 1125 vocant,
1196 1058 1288 1113 sed
1318 1059 1492 1128 qualis
1519 1060 1591 1114 sit
1630 1061 1713 1113 in-

120 1161 281 1206 terna
320 1168 510 1207 eorum
539 1152 798 1206 revelatio
843 1151 1098 1206 indicant.
1154 1151 1359 1206 Vocare
1396 1152 1594 1206 etenim
1620 1152 1713 1207 Dei

119 1243 430 1297 electorum
483 1257 701 1296 suorum
753 1248 961 1295 mentes
1009 1241 1336 1311 aspiratione
1383 1256 1492 1295 sua:
1529 1244 1714 1310 gratia:

119 1332 374 1385 excitare
426 1340 528 1385 est.
581 1329 795 1399 Antiqui
835 1345 964 1383 vero
1013 1328 1198 1384 Patres
1245 1344 1343 1398 per
1381 1328 1710 1398 Scripturam

118 1420 346 1489 quidem
397 1436 603 1475 sacram
654 1421 975 1488 loquuntur,
1027 1419 1119 1473 sed
1170 1427 1345 1473 tamen
1387 1420 1712 1488 aspirat'one

117 1511 322 1564 divina:
351 1510 535 1576 gratiae
582 1509 743 1564 corda
785 1509 1115 1562 aridientinm
1156 1510 1390 1562 excitare
1431 1525 1536 1562 non
1589 1526 1711 1579 pos-

116 1608 269 1652 sunt.
301 1598 558 1653 Consulta
604 1614 732 1665 ergo
779 1613 928 1653 sacra
975 1598 1219 1665 eloquia,
1252 1597 1377 1652 dum
1424 1613 1483 1652 se
1511 1599 1710 1652 donum

117 1687 419 1754 spiritualis
463 1687 648 1756 gratia:
676 1687 802 1738 dare
831 1701 937 1740 non
969 1701 1128 1756 posse
1169 1696 1192 1722 ἰ
1225 1685 1494 1750 indicant,
1525 1695 1711 1741 aucto-

119 1777 283 1830 ritate
311 1777 580 1831 Samuelis
617 1791 737 1831 sese
780 1775 895 1829 Heli
935 1776 1083 1830 velut
1119 1777 1434 1844 quibusdam
1479 1778 1710 1834 locutio-
1746 1796 1786 1853 ιι

119 1867 282 1919 nibus
312 1875 596 1920 excusant.
639 1865 740 1920 Sed
789 1867 892 1920 hoc
922 1867 1200 1931 nimirum,
1233 1867 1377 1934 quod
1425 1867 1555 1922 dare
1603 1886 1711 1923 non

118 1968 343 2024 possun’
372 1996 389 2020 ,
422 1957 694 2011 insinuare
722 1957 950 2024 qualiter
987 1957 1190 2024 acquiri
1230 1957 1426 2011 debeat
1468 1968 1707 2026 possunt.

120 2044 280 2099 Unde
306 2057 365 2100 et
394 2045 512 2100 lleli
557 2062 688 2101 voce
718 2045 784 2100 ad
813 2047 1116 2102 Samuelem
1148 2047 1342 2101 dicitur
1371 2067 1383 2100 :
1420 2048 1707 2115 lleverte're,

115 2146 166 2188 et
197 2136 390 2189 dormi.

195 2227 283 2279 tl.
315 2226 453 2293 Quid
489 2236 568 2281 est
593 2228 734 2295 quod
763 2235 1009 2283 vocatum
1037 2243 1262 2297 puerum
1293 2228 1467 2282 redire
1498 2229 1612 2283 lleli
1643 2229 1708 2282 ad

116 2332 395 2386 sornnunr
424 2317 684 2386 pnecnpit,
716 2317 815 2373 nisi
845 2317 966 2387 quia
1010 2317 1446 2387 prazdicatoribns
1475 2318 1710 2372 ostendit

117 2414 179 2459 ut
206 2405 277 2459 ad
317 2405 722 2474 percipiendum
769 2407 966 2460 donum
1009 2407 1233 2461 internae
1277 2409 1460 2476 gratim
1509 2422 1568 2461 se
1615 2423 1712 2476 per

119 2495 320 2551 mentis
351 2495 588 2564 quietem
630 2497 850 2564 parent?
877 2494 940 2548 Et
968 2497 1260 2550 notandum
1312 2497 1435 2565 quia
1467 2496 1661 2550 dicitur
1691 2513 1705 2549 :

122 2586 416 2640 Revertere.
467 2587 680 2640 Samuel
729 2601 960 2656 namque
1004 2589 1290 2641 revertitur
1337 2604 1456 2642 cum
1506 2587 1708 2641 electus

122 2676 450 2745 praedicator
478 2692 507 2729 a
555 2676 902 2730 meditatione
932 2677 1068 2730 sacri
1099 2677 1294 2745 eloquii
1323 2678 1388 2729 ad
1437 2683 1704 2729 secretum

122 2768 267 2822 redit
290 2768 514 2822 interna:
542 2784 572 2823 c
612 2769 1032 2838 ntcmplationis.
1065 2768 1332 2823 Reversus
1351 2783 1478 2836 ergo
1507 2766 1709 2820 donni-

122 2860 235 2924 vit,
263 2858 390 2927 quia
421 2858 474 2912 in
512 2858 738 2914 internae
778 2860 1249 2928 ccutemplationis
1291 2859 1589 2912 intentione
1617 2867 1705 2908 re-

123 2937 350 3018 quievit.
385 2949 504 3016 Quo
547 2950 600 3004 in
633 2950 752 3005 loco
781 2951 944 3005 etiam
975 2952 1076 3006 hoc
1105 2949 1398 3004 notandum
1429 2958 1543 3012 est,
1576 2952 1704 3020 quia

126 3041 344 3095 Samuel
376 3055 407 3094 a
437 3030 664 3096 Domino
695 3050 779 3096 ter
825 3049 1077 3106 vocatur,
1129 3050 1210 3096 ter
1249 3041 1440 3095 iterum
1480 3041 1548 3096 ab
1588 3042 1706 3097 lleli

125 3133 366 3188 dormire
394 3133 700 3201 praecipitur
730 3151 743 3186 :
1195 3206 1198 3210 Δ

199 3227 287 3280 12.
321 3226 458 3293 Quid
486 3227 722 3291 esthoc,
755 3227 854 3280 nisi
880 3227 1004 3295 quia
1047 3235 1155 3281 tres
1182 3226 1377 3294 gradus
1405 3226 1716 3282 dilectionis

127 3335 270 3385 esse,
297 3320 411 3387 ipsa
436 3317 675 3371 Veritate
698 3318 948 3376 docente.
975 3316 1291 3371 didicimus?
1315 3316 1506 3387 Diliges
1528 3317 1710 3371 Domi-

129 3427 250 3463 num
283 3408 446 3463 Deum
479 3417 617 3460 tuum
636 3424 700 3461 ex
731 3417 836 3461 toto
866 3407 1018 3460 corde
1052 3417 1156 3472 tuo,
1187 3416 1236 3459 et
1275 3423 1340 3460 ea:
1384 3416 1489 3460 tota
1534 3409 1709 3460 anima

126 3509 238 3563 tua,
268 3507 316 3551 et
344 3513 410 3550 ea:
440 3507 545 3551 tota
572 3498 757 3550 virtute
784 3505 868 3548 tua
898 3494 1108 3565 (Matth.
1142 3510 1280 3559 χχιι,
1312 3495 1420 3565 t7).
1449 3495 1553 3550 Sed
1583 3497 1709 3564 quid

126 3587 181 3640 in
206 3585 372 3641 carde
397 3586 719 3654 accipimus,
770 3584 870 3638 nisi
914 3584 1238 3638 consilium?
1266 3582 1405 3649 Quid
1434 3592 1613 3639 autem
1657 3585 1710 3639 in

127 3685 338 3741 mente,
376 3675 475 3728 nisi
522 3674 884 3728 voluntatem?
921 3671 1057 3739 Quid
1103 3687 1232 3726 vero
1269 3673 1322 3726 in
1352 3673 1579 3740 virtute,
1609 3673 1709 3728 nisi

125 3768 326 3821 amoris
384 3764 597 3820 afleCIio
647 3765 996 3831 designatur?
1040 3763 1144 3818 Sed
1186 3771 1242 3818 et
1280 3779 1377 3834 per
1429 3765 1708 3820 consilium

129 3854 256 3924 quid
276 3854 421 3909 aliud
451 3871 611 3924 quam
637 3855 874 3908 veritatis
899 3853 1270 3908 certitudinem
1294 3854 1710 3922 investigamus?

131 3947 197 4000 Et
225 3961 324 4016 per
355 3945 688 3999 voluntatem
733 3943 859 4013 quid
890 3944 1202 4012 diligentes,
1233 3943 1332 3997 nisi
1376 3944 1514 3998 bona
1554 3944 1711 3999 valde

127 4035 592 4106 concupiscimus?
623 4034 726 4087 Per
753 4033 1089 4088 affectionem
1120 4033 1244 4102 quid
1274 4034 1372 4088 nisi
1399 4023 1509 4089 veri
1533 4036 1708 4102 gaudii

131 4125 539 4196 perlruitionem
582 4124 904 4193 quaerimus?
947 4121 1049 4177 Per
1073 4123 1270 4192 gradus
1305 4138 1537 4192 namque
1573 4123 1707 4178 dule-

127 4219 319 4274 ctionis
337 4217 404 4270 ad
427 4231 635 4269 summa
665 4215 1014 4278 sustollimur,
1033 4229 1156 4268 cum
1183 4215 1358 4270 cordis
1385 4214 1552 4271 nostri
1579 4230 1710 4269 con-

127 4309 244 4362 silio
273 4309 474 4362 veritas
510 4307 811 4370 revelatur,
860 4315 914 4360 et
951 4306 1214 4360 voluntati
1255 4307 1452 4360 mentis
1495 4307 1710 4361 bonitas

128 4415 251 4455 vera
281 4399 631 4464 conceditur,
659 4405 818 4462 atque
844 4397 1112 4452 aﬂectioni
1149 4397 1360 4452 virtutis
1389 4405 1586 4452 nostra:
1610 4413 1708 4468 per

1822 515 1921 568 nisi
1948 515 2267 570 desiderium
2299 517 2558 572 donorum
2601 518 2914 586 spiritalium
2963 533 3064 588 ego
3093 536 3197 576 non
3223 523 3384 580 dedi?

1819 602 1952 656 Nam
1981 603 2024 656 si
2053 619 2201 658 sacra
2234 604 2506 672 Scriptura
2527 647 2541 664 .
2566 614 2657 659 aut
2684 606 2873 673 aliquis
2897 608 3215 676 scriptorum
3244 610 3384 666 dona

1819 694 2073 762 spiritalia
2099 694 2385 762 conferret,
2418 704 2680 765 quotquot
2707 712 2858 752 sacra
2885 699 3095 767 eloquia
3125 699 3384 768 legerent,

1817 794 2081 856 quotquot
2117 795 2316 842 sanctze
2341 785 2628 855 Scriptum
2659 797 2971 845 tractatores
2999 792 3259 858 aulirent,
3289 793 3382 849 do-

1816 875 1900 927 nis
1935 875 2261 944 spiritalibus
2313 886 2650 931 ornarentur.
2705 878 2858 934 Nunc
2902 895 3030 935 vero
3067 897 3186 936 cum
3233 885 3383 938 multi

1815 976 2020 1016 sacram
2051 963 2377 1032 Scripturam
2397 964 2596 1034 legant,
2617 975 2670 1020 et
2692 975 2984 1026 tractantes
3010 971 3385 1040 praedicatores

1815 1054 2058 1119 audiant,
2091 1063 2142 1109 et
2174 1063 2295 1124 post
2319 1056 2550 1110 studium
2591 1057 2866 1126 lectionis,
2899 1069 2954 1114 et
2994 1061 3385 1130 praedicationis

1814 1144 2272 1212 adhortationem,
2305 1147 2392 1201 alii
2417 1147 2466 1201 in
2497 1148 2722 1218 pristino
2744 1148 2940 1219 frigore
2970 1151 3219 1206 vitiorum
3257 1168 3383 1208 suo-

1813 1250 1929 1288 rum
1960 1244 2302 1300 remaneant,
2332 1237 2420 1291 alii
2453 1252 2547 1306 per
2572 1239 2797 1306 gratiam
2825 1240 2876 1293 in
2907 1256 3143 1296 amorem
3171 1251 3384 1298 sancta-

1813 1341 1929 1378 rum
1976 1326 2230 1380 virtutum
2277 1326 2546 1393 ferveant;
2597 1338 2782 1394 aperte
2836 1329 3002 1399 liquet
3049 1332 3173 1400 quia
3227 1335 3380 1404 117

1813 1413 1946 1468 ordo
1977 1413 2192 1468 Patrum
2223 1417 2605 1470 venerabilium
2641 1418 2778 1472 dona
2824 1420 2976 1473 nobis
3005 1421 3259 1476 virtutum
3287 1438 3381 1491 per

1813 1506 1982 1559 editas
2029 1505 2329 1575 Scripturas
2373 1507 2636 1572 ostendit,
2685 1508 2777 1562 sed
2819 1524 3057 1564 amorem
3105 1511 3380 1575 virtutum.

1813 1609 1944 1663 quas
1973 1594 2225 1661 insinuat,
2257 1595 2403 1648 solus
2433 1596 2585 1650 nobis
2623 1597 2871 1651 conditor
2899 1598 3099 1653 tribuit.
3125 1599 3302 1665 Quare
3326 1611 3380 1655 et

1812 1683 2040 1738 Jacobus
2061 1685 2147 1753 pie
2163 1685 2431 1749 admonet,
2457 1685 2642 1746 dicens
2674 1704 2686 1739 :
2726 1687 2892 1741 Omne
2915 1689 3088 1743 datum
3111 1693 3377 1762 optimum,

1814 1782 1862 1825 et
1885 1789 2032 1826 omne
2070 1775 2258 1827 domtm
2280 1777 2558 1844 perfectum
2584 1776 2848 1830 desursum
2872 1787 2979 1845 est,
3010 1779 3321 1834 descendens
3351 1799 3381 1833 α

1817 1862 1972 1916 Patre
1997 1864 2243 1918 luminum
2274 1865 2408 1935 (Jac.
2444 1883 2476 1928 ι,
2507 1865 2615 1932 t7).
2645 1865 2778 1921 Hinc
2807 1866 2998 1923 Paulus
3047 1871 3121 1924 ait
3155 1887 3168 1924 :
3200 1869 3382 1942 Neque

1813 1955 1898 2024 qui
1921 1955 2120 2023 plantat
2147 1963 2222 2009 est
2251 1956 2462 2027 aliquid,
2493 1957 2583 2010 sed
2604 1959 2686 2026 qui
2707 1960 3074 2012 incrementum
3102 1960 3210 2026 dat,
3240 1960 3380 2014 Deus

1815 2042 1867 2113 (1
1895 2042 2012 2096 Cor.
2065 2060 2148 2106 lli,
2193 2044 2265 2114 7).
2299 2045 2432 2110 Quid
2460 2055 2541 2099 est
2589 2061 2717 2113 ergo
2756 2047 2897 2100 aliud
2939 2047 3155 2103 dicere:
3186 2047 3306 2104 Non
3338 2055 3409 2103 ιε’

1811 2135 2002 2198 vocavi,
2022 2133 2118 2186 nisi
2142 2142 2322 2200 aperta
2350 2135 2649 2188 eruditione
2669 2135 2952 2191 ostendere
2971 2137 3094 2205 quia
3111 2137 3214 2192 hoc
3237 2138 3380 2206 quod

1813 2220 1981 2274 ﬁdelis
2010 2223 2181 2275 anima
2209 2225 2272 2275 al
2319 2238 2552 2291 suprrna
2587 2223 2850 2279 desideria
2877 2226 3129 2295 erigitur,
3173 2243 3238 2281 ex
3268 2229 3379 2282 sola

1811 2309 2005 2362 divina:
2052 2311 2234 2375 gratia:
2279 2311 2540 2366 inlusione
2587 2315 2910 2381 generatur?
2948 2313 3079 2380 Quia
3125 2329 3252 2384 ergo
3299 2325 3380 2369 ter

1810 2407 2034 2452 vocatur
2059 2416 2086 2452 a
2122 2400 2377 2465 Domino,
2413 2409 2495 2455 ter
2541 2401 2607 2456 ad
2652 2403 3022 2457 dormiendum
3063 2419 3094 2458 a
3125 2405 3378 2479 magistro

1810 2488 2006 2542 reverti
2029 2489 2347 2557 przecipitur,
2376 2498 2484 2544 tres
2506 2491 2594 2544 ille
2613 2491 2807 2558 gradus
2829 2491 3129 2547 dilectionis
3146 2494 3382 2547 insinuat

1809 2578 2038 2646 qualiter
2064 2580 2425 2647 acquirantur.
2459 2580 2591 2634 Nam
2611 2582 2732 2650 quia
2759 2581 2906 2636 cordi
2926 2581 3202 2636 coasilium
3225 2590 3382 2652 apta-

1811 2669 2003 2735 vimus,
2035 2669 2311 2723 consilium
2347 2685 2472 2724 vero
2508 2670 2748 2726 invenire
2776 2672 3055 2726 veritatem
3085 2670 3377 2736 desiderat,

1811 2772 2033 2826 magnus
2058 2759 2242 2827 utique
2269 2775 2432 2828 sopor
2451 2771 2533 2814 est
2559 2764 2910 2827 necessarius,
2939 2777 3005 2816 ne
3027 2762 3171 2832 prius
3193 2777 3378 2817 amans

1810 2836 2024 2916 evigilet
2049 2863 2209 2917 quam
2236 2850 2455 2918 quaesita
2493 2850 2690 2904 veritas
2713 2851 3031 2906 inveniatur.
3066 2851 3383 2906 Revertatur

1809 2953 1938 3007 ergo
1967 2954 2132 3008 puer,
2159 2948 2214 2994 et
2241 2940 2499 3003 dormiat.
2533 2944 2708 3011 utqui
2744 2944 2986 3000 veritatis
3014 2945 3186 2999 lucem
3234 2945 3382 2999 inve-

1810 3031 1926 3085 nire
1953 3029 2239 3094 desiderat,
2269 3046 2366 3100 per
2390 3032 2622 3099 quietem
2646 3043 2854 3098 caveat,
2876 3041 2935 3087 ut
2956 3034 3024 3089 ad
3051 3048 3111 3088 se
3135 3049 3378 3090 errorum

1737 3153 1781 3213 ε
1813 3119 2062 3173 tenebras
2088 3135 2194 3174 non
2237 3120 2497 3175 admittat.
2533 3120 2779 3177 Secundo
2825 3124 2987 3178 etiam
3024 3124 3284 3192 dormiat,
3325 3132 3383 3178 ut

1814 3209 2013 3263 amoris
2035 3210 2348 3278 obsequium
2377 3213 2731 3282 omnipotenti
2769 3214 2878 3270 Deo
2927 3230 2995 3271 ex
3040 3224 3152 3270 tota
3201 3225 3382 3272 mente

1810 3300 2112 3370 impendat,
2158 3311 2216 3356 ut
2245 3303 2381 3356 bona
2411 3317 2528 3372 qua:
2556 3312 2700 3359 amat
2727 3321 2861 3376 pura
2889 3307 3232 3376 simplicitate
3267 3310 3382 3363 nul—

1811 3389 1971 3458 loque
1998 3391 2258 3446 malorum
2297 3393 2564 3448 velamine
2593 3395 2895 3463 pallientur.
2937 3397 3092 3463 Quod
3141 3399 3380 3468 profectc

1811 3482 1932 3551 quia
1960 3497 2064 3536 non
2090 3483 2190 3538 nisi
2213 3497 2401 3552 magna
2428 3485 2765 3541 discretionis
2793 3489 3086 3544 subtilitate
3113 3492 3384 3558 cognosci-

1810 3580 1917 3638 tur,
1940 3583 2162 3628 vocatus
2182 3589 2316 3643 puer
2335 3591 2363 3628 a
2388 3575 2612 3632 Domino
2635 3577 2700 3631 ab
2718 3576 2836 3632 Heli
2856 3581 3050 3633 reverti
3077 3588 3137 3634 ut
3158 3580 3384 3633 dormiat

1804 3665 2042 3734 jubetur.
2072 3668 2202 3722 Nam
2229 3670 2272 3724 si
2304 3670 2538 3726 dormire
2559 3687 2657 3742 pro
2688 3673 3027 3729 ascendendo
3057 3675 3158 3729 isto
3187 3675 3385 3731 amoris

1809 3758 1976 3827 gradu
1999 3759 2236 3828 negligit.
2261 3761 2362 3815 hoc
2383 3761 2526 3831 quod
2550 3763 2618 3816 de
2639 3763 2835 3818 virtute
2856 3765 3061 3834 appetit
3083 3780 3187 3818 non
3210 3765 3385 3834 acqui-

1809 3849 1908 3914 rit,
1943 3849 2064 3916 quia
2089 3850 2188 3902 etsi
2212 3849 2321 3916 jam
2349 3849 2509 3914 bona,
2537 3851 2646 3905 Deo
2671 3853 2938 3920 aspi-ante
2955 3894 2970 3918 ,
2996 3869 3176 3908 amare
3198 3869 3385 3924 possu~

1810 3953 1955 4002 mus,
1988 3937 2087 3990 nisi
2115 3950 2304 4004 magna
2338 3939 2534 3992 mentis
2559 3939 2740 4006 quiete
2767 3941 2947 4009 qualia
2975 3943 3082 3996 sint
3111 3943 3220 4011 ipsa
3244 3943 3384 3998 bona

1810 4043 1927 4097 quae
1947 4029 2190 4085 volumus
2211 4045 2316 4084 non
2345 4029 2713 4098 dijudicamus.
2748 4031 2853 4086 Ter
2880 4047 3008 4101 ergo
3030 4033 3095 4086 ad
3117 4035 3385 4090 dormien-

1809 4118 1935 4172 dum
1963 4119 2176 4174 Samuel
2203 4119 2452 4184 mittitur,
2489 4123 2614 4190 quia
2645 4121 2888 4191 profecto
2930 4139 3102 4180 novus
3130 4127 3386 4195 przndica-

1810 4217 1987 4264 torum
2017 4211 2150 4267 ordo
2179 4219 2237 4265 ut
2264 4227 2328 4266 ex
2361 4220 2473 4267 tota
2502 4214 2698 4271 virtute
2740 4216 2924 4284 diligat
2952 4216 3287 4272 admonetur.
3321 4217 3388 4272 Et

1810 4301 1935 4368 quia
1964 4302 2212 4357 virtutem
2240 4303 2304 4357 ad
2345 4303 2682 4360 affectionem
2712 4308 2986 4362 retulimus
3006 4351 3020 4373 ,
3053 4307 3265 4363 all'ectio
3292 4326 3388 4363 au-

1812 4401 1918 4447 tem
1964 4395 2156 4448 mentis
2202 4393 2268 4450 de
2313 4397 2506 4464 gaudio
2551 4399 2775 4467 spiritali
2802 4400 3106 4470 perlicitur,
3139 4417 3382 4469 magnam

131 4490 450 4544 inlusionem
475 4487 672 4542 divina:
696 4486 880 4554 gratim
907 4486 1148 4554 spiritale
1168 4495 1224 4541 et
1243 4500 1428 4540 verum
1459 4486 1706 4555 gaudium
1741 4524 1790 4582 ο
1813 4485 1984 4537 somni
2013 4486 2244 4554 quietem
2272 4485 2488 4541 Samuel
2511 4487 2722 4551 habuit;
2750 4498 2805 4543 et
2829 4489 2952 4544 dum
2975 4489 3266 4559 spiritualia
3290 4507 3386 4559 per

133 4579 306 4632 datur.

200 4666 287 4720 15.
319 4665 429 4719 Ter
456 4666 621 4734 igitur
646 4674 730 4720 est
757 4665 974 4720 Samuel
999 4673 1219 4721 vocatus
1248 4679 1277 4719 a
1301 4665 1546 4728 Domino.
1579 4667 1703 4736 quia

131 4758 253 4812 dum
295 4757 432 4812 ordo
477 4758 886 4826 praedicatorum
934 4757 1079 4811 rudis
1122 4756 1298 4811 adhuc
1346 4756 1597 4812 Ecclesia:
1642 4757 1709 4811 ad

129 4865 357 4916 superna
391 4863 452 4903 se
479 4849 655 4902 studia
706 4847 978 4910 extendit,
1006 4858 1062 4900 et
1089 4847 1366 4902 veritatem
1394 4846 1460 4900 de
1502 4846 1711 4902 ratione

131 4941 354 5001 consilii.
387 4951 442 4994 et
469 4940 768 4994 bonitatem
799 4939 867 4993 de
894 4939 1158 4994 electione
1185 4939 1507 5004 voluntatis,
1539 4949 1592 4992 et
1611 4954 1705 4993 ve-

133 5047 242 5083 rum
287 5029 541 5097 gaudium
573 5030 800 5098 appetiit
828 5028 894 5083 de
939 5029 1232 5082 intentione
1260 5027 1576 5082 allectionis.
1608 5028 1715 5083 Ter

127 5121 288 5173 etiam
319 5119 388 5172 ad
421 5118 537 5172 Heli
564 5127 783 5174 vocatus
811 5119 1062 5182 accessit,
1113 5119 1236 5185 quia
1277 5119 1346 5173 de
1374 5119 1520 5173 omni
1546 5134 1714 5188 appe-

131 5212 226 5261 tito
252 5225 352 5263 suo
381 5224 591 5262 sacram
626 5208 955 5277 Scripturam
986 5207 1345 5262 meditationis
1374 5208 1716 5262 festinatione

133 5297 420 5352 consuluit.
454 5295 566 5349 Ter
593 5297 742 5361 item,
775 5297 898 5364 quia
923 5295 990 5350 ab
1019 5310 1084 5350 eo
1114 5311 1221 5350 non
1250 5311 1537 5351 vocare'ur
1563 5295 1715 5350 audi-

136 5387 235 5443 vit.
281 5388 410 5454 quia
459 5386 772 5442 meditando
812 5385 996 5440 didicit
1033 5385 1175 5454 quod
1218 5384 1403 5440 Patres
1449 5385 1616 5438 nostri
1645 5385 1713 5438 ad

135 5477 488 5531 eruditionem
519 5487 758 5531 nostram
783 5493 936 5533 sacra
966 5477 1116 5532 nobis
1143 5479 1354 5547 eloquia
1381 5479 1577 5546 scripta
1607 5485 1716 5532 tra-

136 5564 409 5631 diderunt;
460 5577 834 5623 verumtamen
876 5570 1017 5624 dona
1069 5569 1222 5625 nobis
1284 5569 1542 5640 spiritalia
1587 5570 1717 5624 dare

203 5708 229 5735 ⁸
265 5696 444 5755 61155..
463 5697 726 5768 judicent.

1815 4573 2046 4639 quietem
2074 4575 2206 4629 ordo
2223 4576 2627 4643 praedicatorum
2650 4586 2829 4633 certus
2849 4578 3049 4644 didicit,
3080 4581 3179 4634 sub
3207 4581 3385 4648 Specie

1812 4660 1925 4714 veri
1956 4662 2131 4730 gaudii
2179 4662 2429 4730 gaudium
2477 4676 2791 4719 extraneum
2837 4681 2945 4720 non
2993 4667 3216 4736 recepit.
3253 4667 3384 4720 Nam

1812 4751 1952 4805 sicut
1979 4751 2046 4805 de
2066 4751 2354 4806 virtutibus
2375 4755 2602 4817 czeteris,
2629 4755 2699 4806 ita
2720 4762 2773 4808 et
2795 4753 2861 4807 de
2883 4755 3126 4823 proiectu
3145 4763 3384 4808 contem-

1814 4843 2064 4911 plationis
2086 4859 2237 4899 mens
2265 4845 2677 4914 contemplantis
2705 4846 3018 4914 plerumque
3046 4846 3273 4900 inaniter
3299 4847 3384 4901 ιιίο

1813 4933 2050 4988 larescit.
2082 4933 2335 4988 Dormivit
2360 4951 2481 5003 ergo
2503 4937 2683 4989 iterum
2722 4937 2954 4999 Samuel,
2985 4935 3108 5003 quia
3135 4936 3383 4990 nimirum

1816 5027 1946 5081 ordo
1969 5025 2246 5081 doctorum
2275 5029 2373 5082 nisi
2405 5039 2563 5083 caute
2605 5045 2664 5084 se
2692 5030 2744 5084 in
2784 5031 3241 5100 contemplatione
3285 5035 3387 5088 cir—

1815 5120 2190 5188 cnmspiceret,
2221 5121 2506 5188 aliquando
2536 5138 2674 5176 vane
2711 5122 2992 5190 gaudendo
3017 5139 3076 5178 se
3099 5139 3227 5177 vero
3258 5139 3388 5192 gan-

1815 5208 1904 5263 dio
1933 5210 2163 5276 gaudere
2191 5211 2542 5265 existimaret.
2564 5211 2740 5267 Primo
2762 5212 2939 5281 itaque
2963 5212 3236 5279 dormivit,
3261 5215 3385 5281 quia

1816 5298 1940 5354 dum
1969 5301 2354 5368 cognoscenda:
2385 5303 2593 5356 veritati
2638 5304 2871 5356 animum
2904 5303 3162 5368 intendit,
3194 5316 3383 5370 magna

1819 5390 2026 5444 consilii
2071 5392 2359 5446 subtilitate
2397 5407 2620 5448 errouea
2677 5403 2867 5448 cuncta
2925 5394 3249 5463 reprobavit.
3290 5393 3386 5448 Se—

1820 5478 2295 5553 cundo'dormivit,
2333 5481 2458 5549 quia
2504 5496 2623 5535 cum
2672 5482 3003 5537 conditorem
3054 5481 3276 5552 diligere
3317 5498 3383 5537 ex

1821 5577 1932 5625 tota
1963 5579 2140 5625 mente
2165 5570 2368 5634 didicit,
2401 5585 2590 5638 magna
2619 5572 2759 5640 apud
2803 5589 2862 5629 se
2903 5573 3089 5644 quiete
3125 5572 3389 5643 disposuit
