4000 6294
599 318 693 373 151

600 438 657 482 ιιι
683 426 837 479 bouis
863 440 981 494 qum
1008 428 1229 491 cuperet
1278 420 1455 489 aliqua
1487 416 1715 487 reproha
1746 430 1852 468 non
1894 414 2162 469 misceret.
2198 432 2239 487 Α

599 518 783 573 Tertio
812 517 972 570 etiam
1003 512 1278 577 dormivit,
1310 520 1369 565 ut
1417 510 1541 563 dum
1573 522 1880 577 supremum
1919 505 2171 574 gaudium

598 608 668 659 de
717 605 895 659 divina
941 602 1393 670 contemplatione
1432 599 1764 669 perciperet,
1806 611 2000 649 vanam
2043 594 2172 647 lustio

617 698 745 751 tiatu
775 695 1062 764 reprobare
1088 692 1328 747 consulta
1358 698 1534 744 mente
1554 685 2047 757 potuisset.thui;t
2072 685 2173 737 hoc

615 787 677 838 .le
707 786 953 839 Samuele
982 784 1157 838 adhuc
1185 781 1497 852 proliciente
1544 778 1768 844 dicitur,
1808 786 1931 847 apte
1957 775 2175 842 subjun-

600 878 739 941 gitur
769 892 782 927 :

682 1005 952 1079 (Vt-m7.)
980 1003 1144 1057 Porro
1168 1000 1381 1056 Samuel
1411 998 1624 1053 necdum
1646 996 1837 1053 sciebat
1878 995 2173 1059 Dominum,

604 1120 694 1156 nec
724 1100 973 1153 revelatus
1003 1096 1048 1149 ei
1090 1097 1258 1165 fuerat
1288 1109 1454 1145 sermo
1484 1089 1718 1143 Domini.

679 1210 765 1263 alii.
802 1206 1082 1262 Dominum
1126 1216 1355 1269 namque
1394 1210 1418 1236 ⁸
1451 1208 1577 1252 tunc
1606 1198 1738 1251 ordo
1770 1195 2177 1265 prazdicatztrum

603 1299 792 1353 nesciit
820 1312 883 1350 ea
933 1292 1263 1364 perfectione
1292 1305 1393 1358 qua
1425 1297 1610 1357 postea
1649 1287 1895 1355 profecit.
1929 1284 2024 1339 Vel
2070 1284 2179 1337 for-

604 1398 744 1444 tasse
793 1387 991 1441 idcirco
1040 1382 1253 1438 nescire
1299 1380 1581 1434 Dominum
1626 1378 1849 1442 dicitur,
1900 1376 2022 1444 quia
2070 1374 2177 1427 alta

603 1488 658 1534 et
682 1476 943 1548 profunda
974 1489 1094 1544 quae
1145 1478 1368 1526 noverat
1412 1469 1634 1524 infirmis
1663 1468 1834 1522 adhuc
1864 1474 1919 1521 et
1958 1465 2180 1519 rudibus

603 1567 937 1623 auditoribus
966 1580 1072 1619 non
1106 1561 1393 1632 pandebat.
1428 1558 1580 1613 Unde
1617 1565 1670 1612 et
1700 1557 2002 1611 volentibus
2036 1556 2178 1609 diem

604 1655 857 1711 dominici
886 1654 1152 1708 adventus
1179 1665 1471 1718 agnoscere
1497 1663 1557 1703 ea
1585 1663 1704 1716 quae
1726 1646 1903 1701 omnia
1935 1652 2179 1709 noverat,

604 1754 661 1800 et
698 1744 932 1798 indicare
962 1741 1208 1805 nolebat,
1239 1740 1450 1795 Veritas
1471 1737 1598 1791 dicit
1634 1753 1645 1788 :
1680 1735 1756 1788 De
1781 1736 1864 1788 die
1894 1744 2061 1787 autem
2088 1732 2179 1786 illa

602 1844 652 1888 et
692 1836 819 1888 hora
858 1849 1006 1886 nemo
1036 1833 1149 1893 scit,
1199 1845 1359 1899 neque
1389 1828 1560 1897 angeli
1606 1826 1752 1890 coelo,
1799 1840 1958 1894 neque
1988 1823 2179 1888 Filius,

604 1927 705 1979 nisi
734 1925 873 1979 solus
903 1924 1061 1976 Pater
1088 1921 1276 1987 (Marc.
1296 1936 1410 1986 xm,
1440 1919 1548 1988 δὲ).
1579 1917 1715 1984 Quid
1746 1926 1827 1970 est
1851 1917 1992 1984 quod
2014 1918 2190 1971 sciens

605 2018 782 2070 omnia
812 2015 977 2068 Filius
1000 2012 1190 2083 judicii
1220 2011 1361 2064 diem
1402 2009 1592 2072 nescit,
1630 2009 1786 2077 118
1815 2007 1911 2060 nisi
1951 2007 2075 2074 quia
2104 2004 2188 2058 in-

607 2115 690 2158 ter
717 2113 906 2159 cunt-ta
936 2117 1054 2171 qua:
1084 2108 1336 2164 noverat,
1370 2099 1506 2153 dictu
1537 2100 1732 2165 sciens,
1765 2097 2038 2152 nesciebat
2065 2110 2187 2149 eum

610 2205 666 2249 ut
707 2195 933 2256 diceret,
967 2193 1058 2246 se.l
1103 2191 1220 2258 ejus
1250 2200 1460 2257 tempus
1485 2196 1539 2242 et
1584 2187 1896 2255 qualitatem
1940 2184 2189 2239 sciebat?

607 2284 755 2339 llinc'
778 2283 1011 2337 Joannes
1038 2281 1300 2350 Baptista,
1332 2279 1421 2347 qui
1452 2277 1734 2332 Dominum
1763 2274 1996 2343 perfecte
2024 2286 2189 2327 nove-

600 2383 724 2439 ,rat,
751 2373 816 2426 ad
847 2387 967 2426 eum
997 2370 1147 2440 quasi
1191 2369 1436 2423 nesciens
1463 2365 1750 2434 discipulos
1786 2364 2058 2427 mittebat,
2107 2361 2189 2414 di-

608 2477 737 2515 eens
772 2478 784 2513 :
821 2460 896 2513 Tu
926 2476 979 2512 es
1012 2461 1094 2521 qui
1122 2469 1359 2511 venturus
1401 2474 1490 2520 es,
1537 2473 1605 2509 an
1636 2455 1793 2508 alium
1839 2461 2188 2521 exspectamus

612 2551 873 2621 (Luc.vu,
897 2549 1024 2617 20)?
1044 2549 1201 2603 Velut
1229 2549 1369 2601 enim
1400 2548 1676 2602 Dominum
1702 2546 1944 2599 nesciens
1974 2542 2187 2597 Samucl

612 2642 957 2710 paedirabat,
997 2654 1115 2693 cum
1156 2637 1478 2705 evangelista
1521 2636 1816 2699 Matthteus,
1856 2634 2188 2688 divinitatem
2236 2670 2239 2672 -

617 2729 989 2796 Redemptoris
1017 2727 1354 2797 prseteriens,
1387 2741 1415 2776 a
1447 2725 1560 2780 sola
1602 2724 1931 2778 humanitate
1964 2721 2078 2789 ejus
2111 2721 2189 2773 in-

614 2821 862 2884 choavit,
895 2819 1116 2870 dicens:
1153 2815 1254 2868 Lib.
1274 2833 1300 2869 r
1329 2814 1673 2885 generationis
1710 2812 1832 2866 Jesu
1863 2810 2051 2865 Christi
2093 2811 2190 2879 filii

619 2909 804 2975 David,
837 2911 936 2979 ﬁlii
962 2908 1223 2961 Abraham
1254 2907 1467 2977 (Matth.
1494 2923 1532 2973 ι,
1566 2906 1617 2972 1,
1644 2905 1796 2975 seq.).
1845 2904 1950 2958 Sed
1986 2903 2190 2958 sciebat

619 3000 860 3069 profecto
891 3000 1194 3063 Dominum,
1222 3007 1277 3052 et
1298 2997 1566 3051 revelatus
1592 3004 1710 3050 erat
1734 2996 1782 3048 t-i
1811 3010 1987 3049 sermo
2012 2993 2189 3046 Domi-

1807 303 2045 363 SANCTI
2085 296 2407 356 GltEGOltll
2448 293 2659 351 MAGNI
3732 293 3816 347 ,δε

2345 404 2520 475 (Vers.
2551 401 2631 471 9.)
2660 399 2924 454 Intellexit
2943 416 3063 470 ergo
3088 399 3207 453 Heli
3230 400 3348 467 quia
3370 396 3822 457 Dominus’vocaret

2274 509 2508 563 puerum.

2355 581 2436 635 15.
2453 580 2585 633 Nam
2610 584 2653 633 si
2681 595 2788 633 non
2809 578 3153 646 intelligeret,
3169 591 3263 646 per
3281 592 3433 632 sacra
3455 578 3663 644 eloquia
3689 580 3733 633 ei
3753 596 3823 634 sa-

2275 671 2398 723 lutis
2414 668 2635 723 consilia
2662 683 2998 736 nequaquam
3023 667 3397 721 ministrasset.
3416 665 3678 720 Intellexit
3697 685 3825 723 nam~

2276 777 2403 829 que,
2429 760 2552 828 quia
2582 761 2845 828 praevidit.
2885 760 3148 827 Quidquid
3180 760 3321 811 enim
3354 757 3687 826 omnipotens
3709 758 3826 815 Deus

2278 855 2329 907 in
2348 853 2749 907 constructione
2773 850 2960 905 futura:
2983 850 3235 905 Ecclesia:
3263 864 3421 917 agere
3443 849 3716 917 disposuit,
3743 850 3829 904 hoc

2279 953 2429 997 Vetrr
2449 942 2549 995 bus
2578 942 2825 995 Patribus
2856 957 2951 1009 per
2991 948 3237 994 sanctum
3280 940 3575 1008 propheta:
3615 939 3828 1007 spiritum

2278 1033 2556 1086 rtve'avit.
2612 1031 2743 1084 Nam
2774 1047 2871 1101 per
2901 1031 3064 1085 Amos
3103 1030 3416 1099 proicbrtam
3460 1030 3655 1084 dicitur
3686 1048 3697 1081 :
3727 1029 3829 1084 Non

2278 1125 2434 1194 faciet
2481 1122 2730 1176 Dominus
2781 1120 2920 1174 Deus
2962 1120 3199 1183 verbum,
3250 1120 3384 1191 quod
3420 1136 3524 1174 non
3564 1120 3832 1174 rer-elarerit

2278 1212 2436 1265 servis
2482 1213 2589 1263 suis
2619 1210 2880 1279 prophetis
2912 1212 3111 1279 (Amos.
3144 1225 3221 1268 ιιι.
3256 1210 3333 1277 7).
3365 1208 3503 1274 Quid
3546 1209 3684 1262 enim
3711 1210 3831 1263 aliud

2278 1312 2437 1366 quam
2462 1313 2722 1351 llOVul‘tltll
2745 1297 3148 1366 praedicatorum
3168 1297 3504 1351 vocationem
3523 1296 3855 1350 intellexerat

2279 1393 2367 1460 qui
2406 1390 2660 1445 (licebat:
2715 1390 2819 1444 Pro
2865 1389 3096 1461 patribus
3144 1392 3242 1443 tuis
3289 1390 3401 1443 nati
3440 1398 3558 1442 sunt
3606 1387 3693 1440 tibi
3734 1387 3835 1455 ﬁlii,

2278 1483 2556 1535 constitues
2600 1498 2683 1534 eos
2722 1483 2975 1550 principes
3017 1498 3171 1549 super
3213 1498 3415 1534 omnem
3453 1491 3642 1533 terram
3682 1477 3833 1547 (Psal.

2282 1586 2425 1634 xuv,
2460 1570 2571 1639 17).
2603 1569 2713 1623 Sed
2765 1570 2813 1623 ei
2862 1584 3023 1637 quem
3053 1570 3349 1622 vocandum
3396 1568 3659 1623 intellexit
3699 1569 3835 1621 ctiam

2281 1661 2566 1715 consilium
2598 1659 3043 1723 subministravit,
3074 1659 3260 1713 dicens
3286 1676 3298 1711 :

2358 1751 2532 1821 (Vers.
2566 1750 2644 1821 9.)
2689 1750 2826 1803 Vade
2851 1759 2900 1803 et
2936 1749 3125 1814 dormi,
3171 1757 3221 1802 et
3270 1751 3315 1803 si
3344 1749 3584 1818 deinceps
3613 1750 3839 1802 vocaverit

2292 1855 2357 1909 te,
2387 1847 2525 1898 dices
2548 1861 2567 1898 :
2600 1844 2846 1916 Loquere,
2873 1843 3107 1907 Domine,
3131 1843 3250 1913 quia
3272 1842 3416 1895 audit
3445 1858 3621 1895 servus
3649 1849 3778 1895 tuus.

2366 1933 2451 1989 i6.
2481 1931 2598 1986 Jam
2628 1932 2843 2003 quidem
2872 1932 2939 1986 de
2965 1947 3156 1986 somno
3195 1930 3459 1985 Samuelis
3498 1930 3646 1991 satis,
3680 1939 3730 1982 ut
3769 1944 3843 1982 ar-

2291 2027 2482 2092 bitror,
2513 2026 2635 2093 quia
2682 2026 2905 2079 internae
2935 2023 3297 2077 meditationis
3340 2024 3574 2092 quietem
3626 2021 3841 2087 designet

2290 2125 2565 2173 ostensum
2595 2122 2697 2168 est.
2728 2113 2828 2180 Qui
2863 2114 3101 2183 proferto
3137 2128 3357 2167 somnus
3384 2112 3452 2165 ab
3485 2111 3604 2165 lleli
3633 2109 3842 2165 Samueli

2287 2205 2610 2275 praccipitur,
2644 2205 2768 2273 quia
2816 2203 2883 2256 ad
2914 2202 3323 2273 contemplanda
3369 2201 3581 2254 interna
3610 2200 3837 2269 mysteria

2291 2310 2477 2349 vacare
2491 2294 2680 2348 doctor
2704 2308 2799 2362 per
2818 2308 3031 2346 sacrum
3056 2292 3326 2360 eloquium
3349 2291 3591 2345 docetur.
3610 2289 3713 2343 Sed
3731 2288 3839 2356 quid

2290 2393 2375 2443 est
2400 2384 2541 2454 quod
2572 2383 2785 2439 Samuel
2813 2384 3022 2452 quoties
3049 2391 3293 2445 vocatur,
3321 2383 3481 2435 toties
3502 2381 3567 2433 ad
3596 2378 3844 2433 dormien-

2288 2477 2419 2532 dum
2465 2477 2776 2542 remittitur,
2822 2483 2879 2529 et
2908 2485 3084 2528 tamen
3114 2475 3163 2529 ei
3194 2475 3371 2528 adhuc
3399 2487 3733 2541 nequaquam
3771 2470 3843 2536 ju-

2290 2568 2448 2624 betur
2478 2577 2534 2621 ut
2582 2567 2726 2621 dicat
2772 2566 2930 2620 Deo:
2974 2565 3218 2636 Loquere,
3268 2563 3507 2627 Domine,
3553 2564 3674 2635 quia
3724 2562 3845 2614 audit

2292 2672 2465 2710 servus
2514 2666 2650 2709 tuus.
2701 2654 2775 2708 lbi
2808 2656 2948 2708 enim
2993 2655 3227 2709 dormire
3269 2653 3508 2722 jubetur,
3554 2670 3661 2707 non
3694 2663 3843 2705 tamen

2292 2744 2470 2811 loqui;
2512 2746 2597 2797 hic
2628 2753 2805 2797 autem
2834 2745 2996 2797 etiam
3026 2760 3146 2798 cum
3178 2743 3474 2798 obedienda
3504 2745 3677 2798 somni
3707 2743 3843 2796 etiam

2294 2834 2508 2885 liesntia
2564 2833 2859 2900 injuvgitur
2908 2834 3213 2887 locutionis.
3273 2835 3427 2903 119
3474 2833 3549 2886 lbi
3594 2834 3750 2886 etiam
3792 2833 3846 2883 atl

2291 2922 2663 2976 dormiendum
2691 2923 2878 2987 misso,
2928 2938 3033 2976 non
3064 2923 3292 2976 dit-itur:
3341 2922 3500 2985 Vade,
3535 2923 3650 2984 sed,
3683 2921 3844 2974 Rever-

2296 3022 2440 3075 tere;
2486 3012 2572 3065 hic
2598 3027 2813 3081 quoque
2843 3026 3176 3079 nequaquam
3215 3012 3411 3066 dicitur
3441 3011 3725 3075 Revertere,
3772 3010 3847 3063 sed

618 3090 703 3153 Ni.
735 3100 854 3188 fill)"
901 3087 1153 3194 δοθξιηθδῖν
1194 3087 1523 3187 divini-talem
1554 3086 1668 3194 ei"?
1715 3086 1820 3194 3‘1”
1868 3083 2186 3194 θΧΡξξηθιηδο
2217 3134 2261 3194 C
2307 3103 2466 3156 Vade.
2499 3102 2632 3168 Quid
2665 3104 2804 3157 enim
2847 3104 2949 3157 sibi
2979 3105 3092 3157 vult
3138 3113 3283 3158 tanta
3331 3105 3671 3173 prmcipientli
3701 3104 3849 3156 varie-

615 3178 930 3246 suscipiens,
960 3176 1035 3229 ait
1068 3194 1080 3228 :
1115 3175 1182 3230 In
1211 3176 1461 3243 principio
1482 3184 1592 3228 erat
1622 3173 1858 3237 Verbum,
1880 3184 1927 3224 et
1969 3171 2186 3225 l'erbum

614 3278 727 3322 erat
767 3268 905 3336 apud
944 3266 1126 3329 Deum,
1157 3277 1205 3318 et
1246 3265 1381 3318 Deus
1420 3274 1531 3318 erat
1562 3262 1781 3316 Verbum
1815 3262 1990 3331 (Joan.
2038 3277 2075 3325 ι,
2116 3260 2184 3330 l).

617 3357 902 3411 Nescielrat
927 3355 1225 3419 Dominum,
1249 3369 1369 3407 cum
1396 3352 1588 3406 Paulus
1615 3351 1939 3417 loqueretur,
1965 3349 2147 3402 dicens
2171 3365 2182 3399 :

617 3442 814 3496 Factus
843 3459 953 3496 sum
990 3443 1167 3495 omnia
1191 3440 1443 3506 omnibus,
1490 3449 1545 3492 ut
1573 3455 1746 3493 omnes
1777 3439 1994 3507 facerem
2020 3438 2187 3490 salvos

617 3532 671 3605 (1
704 3532 822 3587 Cor.
857 3549 931 3599 ιιι,
953 3531 1063 3600 2‘2).
1111 3532 1209 3597 Qui
1240 3532 1380 3586 enim
1409 3528 1631 3585 infirmis
1662 3528 1925 3595 infirmus,
1973 3536 2027 3582 et
2062 3542 2187 3597 par-

617 3625 754 3677 vulis
804 3623 963 3677 fiebat
1008 3622 1281 3690 parvulus,
1311 3630 1366 3676 et
1404 3621 1651 3676 omnibus
1680 3620 1892 3684 omnia,
1941 3619 2187 3675 nimirum

621 3732 742 3770 cum
775 3716 1142 3784 ignorantibus
1170 3715 1329 3769 etiam
1361 3714 1660 3782 ignorabat.
1703 3712 1835 3765 Nam
1865 3720 1922 3765 ut
1949 3709 2187 3779 ejusdem

618 3805 935 3874 ignorantia:
963 3821 1043 3857 vet
1058 3805 1128 3858 bo
1158 3812 1416 3865 uteretur,
1445 3802 1736 3856 Corinthiis
1773 3803 2027 3868 loquens,
2075 3800 2187 3853 ait:

622 3896 773 3949 Nihil
789 3895 1018 3965 judicavi
1041 3912 1121 3949 me
1149 3896 1279 3948 scire
1307 3902 1440 3948 tuter
1467 3910 1573 3956 vos,
1603 3895 1702 3946 nisi
1722 3889 2187 3955 Cliristuntlesum,

617 3994 666 4039 et
706 3986 839 4038 hunc
880 3985 1183 4053 crucifixum
1215 3982 1401 4053 (Ibid.,
1430 3999 1484 4046 ιι,
1514 3982 1591 4050 2).
1633 3981 1763 4035 Nam
1791 3997 1910 4035 cum
1938 3978 2192 4049 sapienti-

620 4074 720 4128 bus
749 4082 804 4127 et
831 4072 1112 4127 Dominum
1147 4081 1390 4139 noverat,
1418 4080 1474 4124 et
1513 4086 1813 4125 sermonem
1844 4069 1958 4136 ejus
1987 4068 2192 4122 revela-

620 4171 734 4215 tum
763 4160 1010 4216 habebat.
1038 4159 1189 4214 Unde
1216 4168 1269 4213 et
1293 4160 1420 4213 dicit
1448 4177 1460 4211 :
1485 4157 1599 4212 Nos
1621 4167 1788 4211 autem
1808 4160 2029 4211 revelata
2060 4157 2194 4227 facie

620 4251 832 4305 Domini
872 4251 1090 4321 gloriam
1132 4250 1487 4320 speulantes,
1532 4252 1586 4302 in
1633 4250 1862 4302 eamdem
1919 4249 2193 4318 imaginem

623 4343 1075 4410 transformamur,
1103 4350 1345 4410 tanquam
1370 4357 1400 4391 ιι
1426 4338 1631 4393 Domini
1651 4339 1834 4404 spiritu
1865 4336 1950 4399 (ΙΙ
1980 4336 2098 4391 Cor.
2119 4352 2193 4403 ut,

625 4429 736 4500 18).
758 4430 893 4484 Hinc
921 4430 1044 4484 item
1068 4432 1320 4500 loquitur,
1348 4431 1530 4484 dicens
1556 4430 1913 4499 :Sapientiam
1941 4430 2024 4501 loq
2060 4431 2195 4483 imur

620 4524 756 4575 inter
790 4525 1066 4591 perfectos,
1108 4537 1210 4574 non
1255 4520 1561 4588 sapientiam
1604 4520 1755 4589 hujus
1802 4518 1999 4583 mundi,
2031 4533 2194 4588 neque

622 4614 912 4684 principum
941 4610 1090 4680 hujus
1113 4611 1304 4674 sa’culi,
1340 4609 1429 4663 sed
1459 4610 1711 4679 loquimur
1742 4607 1839 4661 Dei
1867 4608 2194 4677 sapientiam,

621 4722 735 4776 qua:
777 4706 832 4759 in
862 4704 1104 4775 mysterio
1132 4702 1435 4755 abscondita
1482 4712 1558 4755 est
1602 4700 1653 4769 (1
1696 4699 1813 4755 Cor.
1853 4716 1921 4763 tt,
1954 4700 2030 4766 6).
2065 4698 2199 4753 Hinc

622 4799 750 4852 item
777 4813 896 4851 eum
926 4812 1083 4864 quem
1115 4804 1341 4849 noverat
1367 4793 1650 4848 Dominum
1678 4793 1948 4861 prmdicat,
1983 4792 2193 4845 dicens:

623 4888 725 4952 Qui
751 4905 864 4942 cum
893 4889 959 4941 sit
982 4887 1224 4955 splendor
1244 4886 1445 4956 gloriw,
1475 4896 1523 4939 et
1545 4886 1715 4954 ﬁgura
1742 4883 2041 4937 substantia:
2060 4883 2191 4952 ejus,

623 4989 934 5048 portamque
958 4980 1130 5032 omnia
1152 4978 1301 5032 verbo
1327 4978 1525 5031 virtutis
1547 4992 1671 5039 sum,
1697 4978 2051 5045 purgationem
2079 4990 2195 5042 pec-

624 5076 856 5119 catorum
887 5068 1104 5137 facfens,
1134 5066 1272 5119 sedet
1311 5065 1379 5117 ad
1398 5066 1661 5118 dexteram
1698 5064 1986 5133 majestatis
2025 5065 2079 5116 in
2106 5080 2198 5117 ea:-

626 5157 797 5220 celsis,
833 5166 973 5209 tanto
996 5158 1174 5209 melior
1196 5157 1393 5226 angelis
1412 5156 1639 5225 effectus,
1665 5166 1855 5225 quanto
1876 5155 2197 5222 differentias

625 5261 735 5314 pra:
762 5246 865 5298 illis
916 5262 1099 5299 nomen
1145 5246 1480 5299 Iucreditavit.
1529 5246 1621 5299 Cui
1650 5248 1786 5299 enim
1816 5246 1948 5300 dixit
1991 5246 2200 5316 angelo-

628 5352 742 5389 rum
775 5352 791 5388 :
823 5335 992 5389 Filius
1022 5353 1161 5390 meus
1188 5353 1241 5389 es
1272 5346 1344 5400 tu,
1388 5352 1479 5405 ego
1510 5335 1661 5388 hodie
1685 5337 1835 5405 genui
1869 5344 1916 5387 te
1940 5334 2125 5406 (Hebr.
2157 5350 2196 5398 ι,

629 5425 777 5495 5-5)?
807 5427 1023 5483 Nescire
1051 5443 1179 5496 ergo
1207 5428 1489 5483 Dominum
1517 5428 1729 5492 dicitur,
1764 5444 1869 5482 non
1901 5429 2202 5496 ignorantia

631 5515 971 5582 cognitionis,
1003 5517 1096 5571 sed
1126 5525 1384 5586 prmtextu
1415 5517 1792 5587 simplicitatis.
1833 5516 2086 5586 Sequitur
2117 5536 2130 5571 :
2198 5566 2211 5571 ν.

2296 3192 2409 3244 tax?
2452 3191 2620 3256 Quum
2651 3192 2899 3245 nimirum
2927 3193 3243 3246 varietatem
3277 3192 3472 3246 clarius
3508 3192 3848 3260 agnoscimus,

2293 3282 2339 3337 si
2371 3281 2497 3336 illud
2528 3283 2672 3349 quod
2703 3281 2809 3337 hoc
2836 3282 2888 3336 in
2917 3282 3034 3337 loco
3070 3281 3334 3336 Samuelis
3361 3297 3585 3337 somnus
3612 3280 3849 3349 signiﬁcat

2292 3381 2435 3426 atten
2458 3374 2648 3425 lamus.
2696 3370 2765 3425 Et
2814 3373 2938 3441 quia
2989 3373 3294 3440 superiores
3346 3373 3520 3426 somni
3572 3372 3755 3425 modos
3799 3368 3851 3423 ad

2293 3465 2664 3535 probationem
2715 3464 2974 3518 donorum
3023 3472 3222 3518 sanctas
3258 3464 3559 3519 dilectionis
3594 3462 3852 3517 retulimus

2292 3556 2514 3625 (Supra,
2545 3571 2687 3608 num.
2716 3554 2801 3618 11,
2837 3554 2953 3625 12),
2989 3555 3116 3624 quid
3156 3564 3237 3609 est
3287 3556 3395 3609 hoc
3442 3556 3563 3610 loco
3603 3553 3848 3615 Samue'i,

2292 3644 2344 3699 id
2368 3654 2451 3699 cst
2479 3660 2621 3699 novo
2662 3645 2997 3713 praniicatori
3026 3646 3282 3710 dormire,
3314 3646 3413 3700 nisi
3439 3646 3662 3714 probata
3683 3643 3788 3713 jam
3812 3659 3855 3696 et

2295 3734 2508 3802 cognita
2531 3734 2718 3787 eadem
2742 3734 2881 3788 dona
2906 3750 3024 3788 cum
3043 3734 3344 3792 securitatis
3367 3735 3543 3803 quiete
3570 3735 3854 3804 possidere?

2294 3824 2486 3881 Merito
2532 3826 2696 3894 igitur
2724 3826 2773 3879 ei
2806 3826 2953 3894 prius
2983 3841 3089 3879 non
3116 3826 3396 3880 dicebatur
3434 3825 3598 3889 Vade,
3642 3824 3734 3877 sed
3770 3823 3854 3876 Re~

2293 3926 2514 3981 vertere;
2564 3932 2706 3971 nunc
2734 3924 2913 3972 autem
2945 3932 3051 3971 non
3099 3916 3385 3979 Revertere,
3432 3916 3529 3971 sed
3571 3916 3728 3970 Vade.
3770 3914 3856 3981 Qui

2296 4006 2439 4060 enim
2464 3996 2639 4059 adhuc
2662 4005 3003 4059 exatniuabat
3032 4006 3230 4060 reverti
3250 4006 3565 4074 jubebatur,
3596 4015 3655 4059 ut
3684 4006 3857 4058 mentis

2298 4095 2682 4165 tranquillitate
2710 4094 2856 4150 aliud
2899 4096 3097 4149 donum
3138 4095 3449 4155 discuteret.
3484 4096 3574 4162 qui
3601 4095 3743 4147 aliud
3763 4094 3859 4163 jam

2296 4186 2485 4240 eadem
2512 4186 2708 4240 mentis
2729 4185 2908 4252 quiete
2936 4184 3296 4252 cognovisset.
3320 4184 3383 4236 Ei
3405 4194 3584 4237 autem
3613 4185 3737 4253 quia
3761 4181 3856 4249 jam

2296 4286 2485 4332 cuncta
2505 4277 2859 4331 examinanth
2885 4275 3224 4345 probaverat,
3256 4274 3394 4328 Vade
3413 4275 3630 4340 dicitur,
3657 4274 3777 4342 quia
3802 4267 3859 4322 ad

2298 4369 2444 4437 passi
2464 4366 2616 4421 lenda
2643 4366 2854 4434 cognita
2876 4381 3061 4420 secura
3080 4365 3191 4433 jam
3218 4364 3517 4418 intentione
3544 4363 3857 4417 mittebatur.

2228 4488 2275 4545 ι)
2299 4457 2409 4511 Cur
2453 4471 2582 4524 ergo
2624 4456 2773 4524 prius
2810 4470 3030 4509 somnus
3065 4455 3180 4509 sine
3228 4453 3502 4508 locutione
3547 4452 3859 4521 prsccipitur.

2305 4562 2445 4599 nunc
2474 4553 2652 4599 autem
2681 4559 2902 4598 somnus
2926 4559 3047 4597 cum
3077 4542 3366 4602 locutione.
3396 4543 3496 4596 nisi
3522 4543 3645 4610 quia
3678 4556 3778 4596 non
3806 4540 3861 4593 li-

2302 4635 2458 4688 cebat
2483 4633 2661 4686 dicere
2685 4631 2933 4701 Loquere,
2961 4631 3061 4684 nisi
3088 4631 3136 4684 ei
3165 4632 3257 4698 qui
3281 4646 3403 4685 vera
3428 4630 3736 4698 cognitione
3755 4643 3859 4683 cer-

2300 4731 2386 4777 tus
2413 4722 2665 4776 existeret
2714 4721 2837 4790 quia
2878 4722 2922 4774 is
2952 4722 3041 4788 qui
3084 4720 3396 4788 loqueretur
3430 4720 3624 4773 mentis
3665 4734 3774 4774 sua:
3798 4716 3863 4770 ai-

2297 4813 2525 4869 fecoibus
2567 4813 2708 4865 Deus
2755 4812 2931 4866 esset?
2978 4809 3316 4864 Examinanti
3355 4824 3486 4877 ergo
3523 4824 3630 4862 non
3662 4809 3860 4867 dicitur,

2300 4903 2422 4970 quia
2473 4902 2572 4955 nisi
2611 4902 2916 4969 loquentem
2948 4901 3091 4956 intus
3140 4903 3378 4969 perfecte
3405 4902 3698 4969 dijudicet.
3732 4902 3865 4955 locu-

2298 4992 2499 5045 tionem
2521 4990 2814 5057 spiritalem
2838 4990 2937 5043 sibi
2964 4992 3137 5043 adhuc
3165 4991 3422 5045 incertam
3453 5007 3559 5045 non
3588 4991 3750 5044 debet
3775 5006 3859 5043 cu-

2300 5089 2450 5145 pere,
2483 5082 2540 5127 et
2590 5075 2840 5142 excipere
2868 5074 3019 5141 quasi
3062 5085 3288 5129 certam.
3321 5074 3510 5131 Dicere
3543 5074 3689 5128 enim
3718 5072 3865 5127 menti

2300 5167 2413 5220 Deo
2441 5164 2694 5236 Loquere,
2734 5172 2818 5218 est
2848 5164 3110 5217 internam
3142 5164 3257 5231 eius
3282 5164 3668 5233 aspirationem
3698 5178 3866 5216 seturc

2302 5257 2572 5325 excipere.
2600 5255 2766 5321 Igitur
2794 5254 3031 5322 perlecte
3076 5254 3423 5321 cognoscenti
3472 5253 3576 5307 hoc
3604 5250 3864 5320 competit.

2307 5364 2414 5403 non
2446 5346 2719 5416 probanti,
2770 5347 2894 5413 quia
2922 5355 3048 5401 ante
3072 5346 3327 5414 judicium
3359 5346 3553 5400 interni
3601 5344 3865 5403 examinis,

2308 5439 2446 5492 sicut
2473 5436 2651 5491 divina
2678 5436 2884 5491 locutio
2928 5451 3035 5490 non
3081 5436 3362 5506 probatur,
3410 5436 3481 5489 ita
3511 5436 3655 5503 quod
3680 5435 3748 5488 de
3774 5432 3866 5485 Deo

2311 5527 2467 5582 nobis
2493 5536 2577 5581 est
2606 5525 2936 5595 incognitum
2967 5534 3240 5597 procerto
3265 5534 3320 5581 et
3344 5525 3562 5593 cognito
3606 5540 3715 5580 non
3741 5518 3861 5579 exci-

698 5709 727 5777 η⁸
757 5706 953 5778 Gilot.,
984 5729 1118 5767 nunc
1161 5715 1289 5769 ordo
1316 5713 1710 5783 medicatorum
1741 5712 1922 5769 nesciit
1948 5729 2009 5766 ea
2037 5717 2366 5785 perfectione.
