  <div class='ocr_page' id='page_1' title='image "/cluster/home/n/w/nwhite01/storage/ocr_20150623/79/uva.x000827091/086.png"; bbox 0 0 4000 6288; ppageno 0'>
   <div class='ocr_carea' id='block_1_1' title="bbox 162 345 252 399">
    <p class='ocr_par' dir='ltr' id='par_1_1' title="bbox 162 345 252 399">
     <span class='ocr_line' id='line_1_1' title="bbox 162 345 252 399; baseline -0.022 0"><span class='ocrx_word' id='word_1_1' title='bbox 162 345 252 399; x_wconf 65' lang='grc'><strong>153</strong></span> 
     </span>
    </p>
   </div>
   <div class='ocr_carea' id='block_1_2' title="bbox 971 338 2581 401">
    <p class='ocr_par' dir='ltr' id='par_1_2' title="bbox 971 338 2581 401">
     <span class='ocr_line' id='line_1_2' title="bbox 971 338 2581 401; baseline 0.003 -7"><span class='ocrx_word' id='word_1_2' title='bbox 971 339 1037 394; x_wconf 81' lang='grc' dir='ltr'><strong>ΙΝ</strong></span> <span class='ocrx_word' id='word_1_3' title='bbox 1079 338 1343 394; x_wconf 75' lang='lat' dir='ltr'><strong>PRIMUM</strong></span> <span class='ocrx_word' id='word_1_4' title='bbox 1386 338 1623 394; x_wconf 80' lang='lat' dir='ltr'><strong>REGUM</strong></span> <span class='ocrx_word' id='word_1_5' title='bbox 1664 338 2177 397; x_wconf 79' lang='lat' dir='ltr'><strong>EXPOSITIONES.</strong></span> <span class='ocrx_word' id='word_1_6' title='bbox 2215 371 2286 382; x_wconf 97' lang='lat'><strong>—</strong></span> <span class='ocrx_word' id='word_1_7' title='bbox 2322 342 2451 398; x_wconf 86' lang='lat' dir='ltr'><strong>LIB.</strong></span> <span class='ocrx_word' id='word_1_8' title='bbox 2495 344 2581 401; x_wconf 88' lang='lat' dir='ltr'><strong>III.</strong></span> 
     </span>
    </p>
   </div>
   <div class='ocr_carea' id='block_1_3' title="bbox 3288 349 3389 406">
    <p class='ocr_par' dir='ltr' id='par_1_3' title="bbox 3288 349 3389 406">
     <span class='ocr_line' id='line_1_3' title="bbox 3288 349 3389 406; baseline -0.05 0"><span class='ocrx_word' id='word_1_9' title='bbox 3288 349 3389 406; x_wconf 71' lang='grc'><strong>136</strong></span> 
     </span>
    </p>
   </div>
   <div class='ocr_carea' id='block_1_4' title="bbox 159 448 3396 531">
    <p class='ocr_par' dir='ltr' id='par_1_4' title="bbox 159 448 3396 531">
     <span class='ocr_line' id='line_1_4' title="bbox 159 448 3396 531; baseline 0.001 -20"><span class='ocrx_word' id='word_1_10' title='bbox 159 462 307 531; x_wconf 81' lang='lat' dir='ltr'><strong>pitur.</strong></span> <span class='ocrx_word' id='word_1_11' title='bbox 358 454 568 507; x_wconf 84' lang='lat' dir='ltr'><strong>Dictum</strong></span> <span class='ocrx_word' id='word_1_12' title='bbox 598 464 831 517; x_wconf 79' lang='lat' dir='ltr'><strong>namque</strong></span> <span class='ocrx_word' id='word_1_13' title='bbox 858 456 944 503; x_wconf 90' lang='lat' dir='ltr'><strong>est</strong></span> <span class='ocrx_word' id='word_1_14' title='bbox 981 448 1220 503; x_wconf 89' lang='lat' dir='ltr'><strong>Samueli</strong></span> <span class='ocrx_word' id='word_1_15' title='bbox 1259 449 1403 503; x_wconf 82' lang='lat' dir='ltr'><strong>Vade</strong></span> <span class='ocrx_word' id='word_1_16' title='bbox 1432 459 1481 503; x_wconf 89' lang='lat' dir='ltr'><strong>et</strong></span> <span class='ocrx_word' id='word_1_17' title='bbox 1528 450 1714 515; x_wconf 85' lang='lat' dir='ltr'><strong>dormi,</strong></span> <span class='ocrx_word' id='word_1_18' title='bbox 1746 462 1792 515; x_wconf 76' lang='grc' dir='ltr'>Α</span> <span class='ocrx_word' id='word_1_19' title='bbox 1823 451 2214 519; x_wconf 83' lang='lat' dir='ltr'><strong>praedicationis</strong></span> <span class='ocrx_word' id='word_1_20' title='bbox 2242 452 2476 508; x_wconf 82' lang='lat' dir='ltr'><strong>ofﬁcium</strong></span> <span class='ocrx_word' id='word_1_21' title='bbox 2507 453 2701 523; x_wconf 79' lang='lat' dir='ltr'><strong>duplex</strong></span> <span class='ocrx_word' id='word_1_22' title='bbox 2751 456 3007 525; x_wconf 75' lang='lat' dir='ltr'><strong>praebuit,</strong></span> <span class='ocrx_word' id='word_1_23' title='bbox 3060 464 3118 509; x_wconf 91' lang='lat' dir='ltr'><strong>ut</strong></span> <span class='ocrx_word' id='word_1_24' title='bbox 3148 458 3396 513; x_wconf 74' lang='lat' dir='ltr'><strong>videlicet</strong></span> 
     </span>
    </p>
   </div>
   <div class='ocr_carea' id='block_1_5' title="bbox 158 536 1715 616">
    <p class='ocr_par' dir='ltr' id='par_1_5' title="bbox 158 536 1715 616">
     <span class='ocr_line' id='line_1_5' title="bbox 158 536 1715 616; baseline -0.007 -17"><span class='ocrx_word' id='word_1_25' title='bbox 158 549 267 616; x_wconf 87' lang='lat' dir='ltr'><strong>quia</strong></span> <span class='ocrx_word' id='word_1_26' title='bbox 291 558 408 598; x_wconf 89' lang='lat' dir='ltr'><strong>cum</strong></span> <span class='ocrx_word' id='word_1_27' title='bbox 437 539 572 611; x_wconf 59' lang='lat' dir='ltr'><strong>ordo</strong></span> <span class='ocrx_word' id='word_1_28' title='bbox 600 547 909 592; x_wconf 79' lang='lat' dir='ltr'><strong>sanctorum</strong></span> <span class='ocrx_word' id='word_1_29' title='bbox 936 538 1343 605; x_wconf 84' lang='lat' dir='ltr'><strong>praedicatorum</strong></span> <span class='ocrx_word' id='word_1_30' title='bbox 1375 537 1516 591; x_wconf 88' lang='lat' dir='ltr'><strong>dona</strong></span> <span class='ocrx_word' id='word_1_31' title='bbox 1558 536 1715 606; x_wconf 83' lang='lat' dir='ltr'><strong>spiri-</strong></span> 
     </span>
    </p>
   </div>
   <div class='ocr_carea' id='block_1_6' title="bbox 160 626 1714 701">
    <p class='ocr_par' dir='ltr' id='par_1_6' title="bbox 160 626 1714 701">
     <span class='ocr_line' id='line_1_6' title="bbox 160 626 1714 701; baseline -0.007 -11"><span class='ocrx_word' id='word_1_32' title='bbox 160 638 272 690; x_wconf 79' lang='lat' dir='ltr'><strong>talia</strong></span> <span class='ocrx_word' id='word_1_33' title='bbox 300 649 392 701; x_wconf 88' lang='lat' dir='ltr'><strong>per</strong></span> <span class='ocrx_word' id='word_1_34' title='bbox 417 630 555 684; x_wconf 82' lang='lat' dir='ltr'><strong>sacri</strong></span> <span class='ocrx_word' id='word_1_35' title='bbox 601 627 800 694; x_wconf 92' lang='lat' dir='ltr'><strong>eloquii</strong></span> <span class='ocrx_word' id='word_1_36' title='bbox 832 627 1206 695; x_wconf 77' lang='lat' dir='ltr'><strong>probationem</strong></span> <span class='ocrx_word' id='word_1_37' title='bbox 1238 626 1441 689; x_wconf 78' lang='lat' dir='ltr'><strong>didicit,</strong></span> <span class='ocrx_word' id='word_1_38' title='bbox 1474 626 1714 693; x_wconf 83' lang='lat' dir='ltr'><strong>ejusdem</strong></span> 
     </span>
    </p>
   </div>
   <div class='ocr_carea' id='block_1_7' title="bbox 156 714 1713 788">
    <p class='ocr_par' dir='ltr' id='par_1_7' title="bbox 156 714 1713 788">
     <span class='ocr_line' id='line_1_7' title="bbox 156 714 1713 788; baseline -0.007 -8"><span class='ocrx_word' id='word_1_39' title='bbox 156 733 336 780; x_wconf 75' lang='lat' dir='ltr'><strong>sanctae</strong></span> <span class='ocrx_word' id='word_1_40' title='bbox 362 720 639 788; x_wconf 77' lang='lat' dir='ltr'><strong>scripturae</strong></span> <span class='ocrx_word' id='word_1_41' title='bbox 668 716 972 771; x_wconf 84' lang='lat' dir='ltr'><strong>eruditione</strong></span> <span class='ocrx_word' id='word_1_42' title='bbox 1000 717 1282 783; x_wconf 89' lang='lat' dir='ltr'><strong>cognovit,</strong></span> <span class='ocrx_word' id='word_1_43' title='bbox 1314 724 1370 769; x_wconf 91' lang='lat' dir='ltr'><strong>ut</strong></span> <span class='ocrx_word' id='word_1_44' title='bbox 1398 716 1450 769; x_wconf 92' lang='lat' dir='ltr'><strong>in</strong></span> <span class='ocrx_word' id='word_1_45' title='bbox 1474 714 1713 783; x_wconf 84' lang='lat' dir='ltr'><strong>ejusdem</strong></span> 
     </span>
    </p>
   </div>
   <div class='ocr_carea' id='block_1_8' title="bbox 156 806 1714 877">
    <p class='ocr_par' dir='ltr' id='par_1_8' title="bbox 156 806 1714 877">
     <span class='ocr_line' id='line_1_8' title="bbox 156 806 1714 877; baseline -0.008 -7"><span class='ocrx_word' id='word_1_46' title='bbox 156 817 297 870; x_wconf 87' lang='lat' dir='ltr'><strong>donis</strong></span> <span class='ocrx_word' id='word_1_47' title='bbox 335 828 399 867; x_wconf 90' lang='lat' dir='ltr'><strong>eo</strong></span> <span class='ocrx_word' id='word_1_48' title='bbox 442 808 685 865; x_wconf 85' lang='lat' dir='ltr'><strong>securius</strong></span> <span class='ocrx_word' id='word_1_49' title='bbox 732 824 831 877; x_wconf 90' lang='lat' dir='ltr'><strong>per</strong></span> <span class='ocrx_word' id='word_1_50' title='bbox 876 822 1117 861; x_wconf 89' lang='lat' dir='ltr'><strong>amorem</strong></span> <span class='ocrx_word' id='word_1_51' title='bbox 1164 806 1554 876; x_wconf 81' lang='lat' dir='ltr'><strong>requiesceret,</strong></span> <span class='ocrx_word' id='word_1_52' title='bbox 1605 821 1714 874; x_wconf 92' lang='lat' dir='ltr'><strong>quo</strong></span> 
     </span>
    </p>
   </div>
   <div class='ocr_carea' id='block_1_9' title="bbox 158 893 1716 967">
    <p class='ocr_par' dir='ltr' id='par_1_9' title="bbox 158 893 1716 967">
     <span class='ocr_line' id='line_1_9' title="bbox 158 893 1716 967; baseline -0.008 -8"><span class='ocrx_word' id='word_1_53' title='bbox 158 920 331 958; x_wconf 86' lang='lat' dir='ltr'><strong>eorum</strong></span> <span class='ocrx_word' id='word_1_54' title='bbox 359 902 609 955; x_wconf 79' lang='lat' dir='ltr'><strong>virtutem</strong></span> <span class='ocrx_word' id='word_1_55' title='bbox 649 898 907 967; x_wconf 75' lang='lat' dir='ltr'><strong>apertiori</strong></span> <span class='ocrx_word' id='word_1_56' title='bbox 947 899 1155 951; x_wconf 83' lang='lat' dir='ltr'><strong>ratione</strong></span> <span class='ocrx_word' id='word_1_57' title='bbox 1182 897 1538 963; x_wconf 83' lang='lat' dir='ltr'><strong>cognovisset.</strong></span> <span class='ocrx_word' id='word_1_58' title='bbox 1572 893 1716 948; x_wconf 75' lang='lat' dir='ltr'><strong>Prte-</strong></span> 
     </span>
    </p>
   </div>
   <div class='ocr_carea' id='block_1_10' title="bbox 155 986 1712 1064">
    <p class='ocr_par' dir='ltr' id='par_1_10' title="bbox 155 986 1712 1064">
     <span class='ocr_line' id='line_1_10' title="bbox 155 986 1712 1064; baseline -0.006 -15"><span class='ocrx_word' id='word_1_59' title='bbox 155 1003 351 1064; x_wconf 88' lang='lat' dir='ltr'><strong>ceptum</strong></span> <span class='ocrx_word' id='word_1_60' title='bbox 368 1006 582 1060; x_wconf 74' lang='lat' dir='ltr'><strong>quOQue</strong></span> <span class='ocrx_word' id='word_1_61' title='bbox 609 998 692 1043; x_wconf 90' lang='lat' dir='ltr'><strong>est</strong></span> <span class='ocrx_word' id='word_1_62' title='bbox 720 990 768 1042; x_wconf 78' lang='lat' dir='ltr'><strong>ei</strong></span> <span class='ocrx_word' id='word_1_63' title='bbox 789 999 845 1043; x_wconf 91' lang='lat' dir='ltr'><strong>ut</strong></span> <span class='ocrx_word' id='word_1_64' title='bbox 869 990 1079 1042; x_wconf 87' lang='lat' dir='ltr'><strong>vocanti</strong></span> <span class='ocrx_word' id='word_1_65' title='bbox 1108 989 1219 1042; x_wconf 90' lang='lat' dir='ltr'><strong>Deo</strong></span> <span class='ocrx_word' id='word_1_66' title='bbox 1236 988 1437 1041; x_wconf 87' lang='lat' dir='ltr'><strong>diceret</strong></span> <span class='ocrx_word' id='word_1_67' title='bbox 1461 986 1712 1056; x_wconf 83' lang='lat' dir='ltr'><strong>Loquere,</strong></span> 
     </span>
    </p>
   </div>
   <div class='ocr_carea' id='block_1_11' title="bbox 156 1077 1711 1147">
    <p class='ocr_par' dir='ltr' id='par_1_11' title="bbox 156 1077 1711 1147">
     <span class='ocr_line' id='line_1_11' title="bbox 156 1077 1711 1147; baseline -0.007 -7"><span class='ocrx_word' id='word_1_68' title='bbox 156 1086 373 1139; x_wconf 82' lang='lat' dir='ltr'><strong>Domine.</strong></span> <span class='ocrx_word' id='word_1_69' title='bbox 398 1081 530 1147; x_wconf 83' lang='lat' dir='ltr'><strong>Quia</strong></span> <span class='ocrx_word' id='word_1_70' title='bbox 555 1094 724 1134; x_wconf 78' lang='lat' dir='ltr'><strong>sacra:</strong></span> <span class='ocrx_word' id='word_1_71' title='bbox 751 1078 1044 1134; x_wconf 86' lang='lat' dir='ltr'><strong>locutionis</strong></span> <span class='ocrx_word' id='word_1_72' title='bbox 1071 1077 1249 1131; x_wconf 87' lang='lat' dir='ltr'><strong>studio</strong></span> <span class='ocrx_word' id='word_1_73' title='bbox 1265 1077 1455 1130; x_wconf 87' lang='lat' dir='ltr'><strong>doctus</strong></span> <span class='ocrx_word' id='word_1_74' title='bbox 1479 1085 1578 1139; x_wconf 90' lang='lat' dir='ltr'><strong>est,</strong></span> <span class='ocrx_word' id='word_1_75' title='bbox 1606 1090 1711 1130; x_wconf 93' lang='lat' dir='ltr'><strong>non</strong></span> 
     </span>
    </p>
   </div>
   <div class='ocr_carea' id='block_1_12' title="bbox 154 1166 1712 1246">
    <p class='ocr_par' dir='ltr' id='par_1_12' title="bbox 154 1166 1712 1246">
     <span class='ocr_line' id='line_1_12' title="bbox 154 1166 1712 1246; baseline -0.009 -13"><span class='ocrx_word' id='word_1_76' title='bbox 154 1178 311 1234; x_wconf 77' lang='lat' dir='ltr'><strong>solum</strong></span> <span class='ocrx_word' id='word_1_77' title='bbox 358 1190 450 1246; x_wconf 91' lang='lat' dir='ltr'><strong>per</strong></span> <span class='ocrx_word' id='word_1_78' title='bbox 492 1174 716 1226; x_wconf 80' lang='lat' dir='ltr'><strong>internae</strong></span> <span class='ocrx_word' id='word_1_79' title='bbox 767 1169 1087 1224; x_wconf 81' lang='lat' dir='ltr'><strong>visitationis</strong></span> <span class='ocrx_word' id='word_1_80' title='bbox 1132 1168 1358 1235; x_wconf 78' lang='lat' dir='ltr'><strong>gratiam</strong></span> <span class='ocrx_word' id='word_1_81' title='bbox 1406 1166 1712 1234; x_wconf 85' lang='lat' dir='ltr'><strong>loquentem</strong></span> 
     </span>
    </p>
   </div>
   <div class='ocr_carea' id='block_1_13' title="bbox 156 1255 1710 1322">
    <p class='ocr_par' dir='ltr' id='par_1_13' title="bbox 156 1255 1710 1322">
     <span class='ocr_line' id='line_1_13' title="bbox 156 1255 1710 1322; baseline -0.008 -1"><span class='ocrx_word' id='word_1_82' title='bbox 156 1267 414 1321; x_wconf 88' lang='lat' dir='ltr'><strong>Dominum</strong></span> <span class='ocrx_word' id='word_1_83' title='bbox 445 1262 645 1316; x_wconf 84' lang='lat' dir='ltr'><strong>devote</strong></span> <span class='ocrx_word' id='word_1_84' title='bbox 670 1259 855 1312; x_wconf 90' lang='lat' dir='ltr'><strong>audire</strong></span> <span class='ocrx_word' id='word_1_85' title='bbox 875 1299 890 1322; x_wconf 96' lang='lat'><strong>,</strong></span> <span class='ocrx_word' id='word_1_86' title='bbox 921 1258 1016 1312; x_wconf 87' lang='lat' dir='ltr'><strong>sed</strong></span> <span class='ocrx_word' id='word_1_87' title='bbox 1046 1258 1293 1312; x_wconf 87' lang='lat' dir='ltr'><strong>silentem</strong></span> <span class='ocrx_word' id='word_1_88' title='bbox 1322 1260 1507 1320; x_wconf 89' lang='lat' dir='ltr'><strong>etiam,</strong></span> <span class='ocrx_word' id='word_1_89' title='bbox 1539 1264 1597 1310; x_wconf 93' lang='lat' dir='ltr'><strong>ut</strong></span> <span class='ocrx_word' id='word_1_90' title='bbox 1624 1255 1710 1309; x_wconf 82' lang='lat' dir='ltr'><strong>lo-</strong></span> 
     </span>
    </p>
   </div>
   <div class='ocr_carea' id='block_1_14' title="bbox 155 1348 1475 1428">
    <p class='ocr_par' dir='ltr' id='par_1_14' title="bbox 155 1348 1475 1428">
     <span class='ocr_line' id='line_1_14' title="bbox 155 1348 1475 1428; baseline -0.008 -16"><span class='ocrx_word' id='word_1_91' title='bbox 155 1360 233 1428; x_wconf 85' lang='lat' dir='ltr'><strong>qui</strong></span> <span class='ocrx_word' id='word_1_92' title='bbox 261 1357 587 1425; x_wconf 74' lang='lat' dir='ltr'><strong>dignaretur,</strong></span> <span class='ocrx_word' id='word_1_93' title='bbox 629 1351 839 1417; x_wconf 79' lang='lat' dir='ltr'><strong>magnis</strong></span> <span class='ocrx_word' id='word_1_94' title='bbox 864 1348 1143 1404; x_wconf 79' lang='lat' dir='ltr'><strong>desideriis</strong></span> <span class='ocrx_word' id='word_1_95' title='bbox 1169 1349 1475 1418; x_wconf 88' lang='lat' dir='ltr'><strong>implorare.</strong></span> 
     </span>
    </p>
   </div>
   <div class='ocr_carea' id='block_1_15' title="bbox 218 1458 1709 1534">
    <p class='ocr_par' dir='ltr' id='par_1_15' title="bbox 218 1458 1709 1534">
     <span class='ocr_line' id='line_1_15' title="bbox 218 1458 1709 1534; baseline -0.006 -14"><span class='ocrx_word' id='word_1_96' title='bbox 218 1465 381 1534; x_wconf 79' lang='lat' dir='ltr'><strong>(V&#39;ers.</strong></span> <span class='ocrx_word' id='word_1_97' title='bbox 401 1460 478 1527; x_wconf 90' lang='lat'><strong>9.)</strong></span> <span class='ocrx_word' id='word_1_98' title='bbox 501 1462 640 1513; x_wconf 81' lang='lat' dir='ltr'><strong>Abiit</strong></span> <span class='ocrx_word' id='word_1_99' title='bbox 670 1476 793 1530; x_wconf 88' lang='lat' dir='ltr'><strong>ergo</strong></span> <span class='ocrx_word' id='word_1_100' title='bbox 818 1459 1052 1524; x_wconf 88' lang='lat' dir='ltr'><strong>Samuel,</strong></span> <span class='ocrx_word' id='word_1_101' title='bbox 1072 1470 1122 1512; x_wconf 88' lang='lat' dir='ltr'><strong>et</strong></span> <span class='ocrx_word' id='word_1_102' title='bbox 1142 1460 1377 1512; x_wconf 68' lang='lat' dir='ltr'><strong>dormit-it</strong></span> <span class='ocrx_word' id='word_1_103' title='bbox 1395 1458 1573 1511; x_wconf 85' lang='lat' dir='ltr'><strong>inloco</strong></span> <span class='ocrx_word' id='word_1_104' title='bbox 1596 1473 1709 1512; x_wconf 84' lang='lat' dir='ltr'><strong>suo.</strong></span> 
     </span>
    </p>
   </div>
   <div class='ocr_carea' id='block_1_16' title="bbox 221 1549 1712 1620">
    <p class='ocr_par' dir='ltr' id='par_1_16' title="bbox 221 1549 1712 1620">
     <span class='ocr_line' id='line_1_16' title="bbox 221 1549 1712 1620; baseline -0.005 -10"><span class='ocrx_word' id='word_1_105' title='bbox 221 1557 299 1609; x_wconf 82' lang='lat' dir='ltr'><strong>l7.</strong></span> <span class='ocrx_word' id='word_1_106' title='bbox 326 1554 425 1609; x_wconf 87' lang='lat' dir='ltr'><strong>Tot</strong></span> <span class='ocrx_word' id='word_1_107' title='bbox 453 1554 617 1607; x_wconf 86' lang='lat' dir='ltr'><strong>habet</strong></span> <span class='ocrx_word' id='word_1_108' title='bbox 665 1553 780 1606; x_wconf 91' lang='lat' dir='ltr'><strong>loca</strong></span> <span class='ocrx_word' id='word_1_109' title='bbox 832 1552 1149 1620; x_wconf 76' lang='lat' dir='ltr'><strong>pnedicator</strong></span> <span class='ocrx_word' id='word_1_110' title='bbox 1192 1560 1393 1606; x_wconf 72' lang='lat' dir='ltr'><strong>sanctae</strong></span> <span class='ocrx_word' id='word_1_111' title='bbox 1438 1549 1712 1615; x_wconf 73' lang='lat' dir='ltr'><strong>Ecclesiae,</strong></span> 
     </span>
    </p>
   </div>
   <div class='ocr_carea' id='block_1_17' title="bbox 156 1638 1714 1717">
    <p class='ocr_par' dir='ltr' id='par_1_17' title="bbox 156 1638 1714 1717">
     <span class='ocr_line' id='line_1_17' title="bbox 156 1638 1714 1717; baseline -0.007 -15"><span class='ocrx_word' id='word_1_112' title='bbox 156 1656 270 1717; x_wconf 59' lang='lat' dir='ltr'><strong>quat</strong></span> <span class='ocrx_word' id='word_1_113' title='bbox 294 1644 558 1713; x_wconf 73' lang='lat' dir='ltr'><strong>prolectus</strong></span> <span class='ocrx_word' id='word_1_114' title='bbox 588 1643 732 1697; x_wconf 83' lang='lat' dir='ltr'><strong>vitae.</strong></span> <span class='ocrx_word' id='word_1_115' title='bbox 779 1640 929 1696; x_wconf 85' lang='lat' dir='ltr'><strong>Unde</strong></span> <span class='ocrx_word' id='word_1_116' title='bbox 958 1651 1013 1696; x_wconf 89' lang='lat' dir='ltr'><strong>et</strong></span> <span class='ocrx_word' id='word_1_117' title='bbox 1058 1642 1333 1710; x_wconf 91' lang='lat' dir='ltr'><strong>prolectus</strong></span> <span class='ocrx_word' id='word_1_118' title='bbox 1361 1640 1444 1694; x_wconf 88' lang='lat' dir='ltr'><strong>sui</strong></span> <span class='ocrx_word' id='word_1_119' title='bbox 1492 1640 1611 1694; x_wconf 89' lang='lat' dir='ltr'><strong>loca</strong></span> <span class='ocrx_word' id='word_1_120' title='bbox 1639 1638 1714 1692; x_wconf 87' lang='lat' dir='ltr'><strong>di-</strong></span> 
     </span>
    </p>
   </div>
   <div class='ocr_carea' id='block_1_18' title="bbox 158 1728 1711 1797">
    <p class='ocr_par' dir='ltr' id='par_1_18' title="bbox 158 1728 1711 1797">
     <span class='ocr_line' id='line_1_18' title="bbox 158 1728 1711 1797; baseline -0.008 -5"><span class='ocrx_word' id='word_1_121' title='bbox 158 1739 277 1792; x_wconf 85' lang='lat' dir='ltr'><strong>vinis</strong></span> <span class='ocrx_word' id='word_1_122' title='bbox 306 1734 545 1788; x_wconf 87' lang='lat' dir='ltr'><strong>laudibus</strong></span> <span class='ocrx_word' id='word_1_123' title='bbox 575 1748 920 1797; x_wconf 83' lang='lat' dir='ltr'><strong>consecrans,</strong></span> <span class='ocrx_word' id='word_1_124' title='bbox 952 1732 1139 1786; x_wconf 89' lang='lat' dir='ltr'><strong>beatus</strong></span> <span class='ocrx_word' id='word_1_125' title='bbox 1165 1730 1265 1785; x_wconf 87' lang='lat' dir='ltr'><strong>Iob</strong></span> <span class='ocrx_word' id='word_1_126' title='bbox 1290 1730 1417 1785; x_wconf 92' lang='lat' dir='ltr'><strong>dicit</strong></span> <span class='ocrx_word' id='word_1_127' title='bbox 1441 1748 1453 1782; x_wconf 87' lang='lat'><strong>:</strong></span> <span class='ocrx_word' id='word_1_128' title='bbox 1481 1728 1584 1784; x_wconf 82' lang='lat' dir='ltr'><strong>Per</strong></span> <span class='ocrx_word' id='word_1_129' title='bbox 1603 1729 1711 1782; x_wconf 87' lang='lat' dir='ltr'><strong>sin-</strong></span> 
     </span>
    </p>
   </div>
   <div class='ocr_carea' id='block_1_19' title="bbox 1818 539 3391 613">
    <p class='ocr_par' dir='ltr' id='par_1_19' title="bbox 1818 539 3391 613">
     <span class='ocr_line' id='line_1_19' title="bbox 1818 539 3391 613; baseline 0.004 -20"><span class='ocrx_word' id='word_1_130' title='bbox 1818 539 2116 609; x_wconf 76' lang='lat' dir='ltr'><strong>Synagogae</strong></span> <span class='ocrx_word' id='word_1_131' title='bbox 2142 544 2449 610; x_wconf 81' lang='lat' dir='ltr'><strong>superbiam</strong></span> <span class='ocrx_word' id='word_1_132' title='bbox 2480 545 2716 613; x_wconf 88' lang='lat' dir='ltr'><strong>repellen</strong></span> <span class='ocrx_word' id='word_1_133' title='bbox 2739 548 2789 598; x_wconf 89' lang='lat' dir='ltr'><strong>lo</strong></span> <span class='ocrx_word' id='word_1_134' title='bbox 2817 554 3155 611; x_wconf 77' lang='lat' dir='ltr'><strong>conterent,</strong></span> <span class='ocrx_word' id='word_1_135' title='bbox 3187 554 3240 599; x_wconf 84' lang='lat' dir='ltr'><strong>et</strong></span> <span class='ocrx_word' id='word_1_136' title='bbox 3290 548 3391 600; x_wconf 89' lang='lat' dir='ltr'><strong>hu-</strong></span> 
     </span>
    </p>
   </div>
   <div class='ocr_carea' id='block_1_20' title="bbox 1817 632 3387 699">
    <p class='ocr_par' dir='ltr' id='par_1_20' title="bbox 1817 632 3387 699">
     <span class='ocr_line' id='line_1_20' title="bbox 1817 632 3387 699; baseline 0.004 -15"><span class='ocrx_word' id='word_1_137' title='bbox 1817 632 2099 685; x_wconf 86' lang='lat' dir='ltr'><strong>militatem</strong></span> <span class='ocrx_word' id='word_1_138' title='bbox 2140 633 2460 699; x_wconf 78' lang='lat' dir='ltr'><strong>gentilitatis</strong></span> <span class='ocrx_word' id='word_1_139' title='bbox 2489 635 2556 687; x_wconf 92' lang='lat' dir='ltr'><strong>ad</strong></span> <span class='ocrx_word' id='word_1_140' title='bbox 2601 634 2758 688; x_wconf 79' lang='lat' dir='ltr'><strong>linem</strong></span> <span class='ocrx_word' id='word_1_141' title='bbox 2789 635 3029 689; x_wconf 87' lang='lat' dir='ltr'><strong>vocando</strong></span> <span class='ocrx_word' id='word_1_142' title='bbox 3066 636 3387 691; x_wconf 80' lang='lat' dir='ltr'><strong>sublevaret.</strong></span> 
     </span>
    </p>
   </div>
   <div class='ocr_carea' id='block_1_21' title="bbox 1814 719 3385 791">
    <p class='ocr_par' dir='ltr' id='par_1_21' title="bbox 1814 719 3385 791">
     <span class='ocr_line' id='line_1_21' title="bbox 1814 719 3385 791; baseline 0 -17"><span class='ocrx_word' id='word_1_143' title='bbox 1814 719 1914 774; x_wconf 79' lang='lat' dir='ltr'><strong>Vel</strong></span> <span class='ocrx_word' id='word_1_144' title='bbox 1943 729 2093 774; x_wconf 88' lang='lat' dir='ltr'><strong>certe</strong></span> <span class='ocrx_word' id='word_1_145' title='bbox 2138 722 2375 775; x_wconf 77' lang='lat' dir='ltr'><strong>secundo</strong></span> <span class='ocrx_word' id='word_1_146' title='bbox 2407 732 2645 785; x_wconf 82' lang='lat' dir='ltr'><strong>vocatur,</strong></span> <span class='ocrx_word' id='word_1_147' title='bbox 2698 723 2821 791; x_wconf 90' lang='lat' dir='ltr'><strong>quia</strong></span> <span class='ocrx_word' id='word_1_148' title='bbox 2868 723 2921 776; x_wconf 92' lang='lat' dir='ltr'><strong>in</strong></span> <span class='ocrx_word' id='word_1_149' title='bbox 2965 724 3385 781; x_wconf 80' lang='lat' dir='ltr'><strong>destructionem</strong></span> 
     </span>
    </p>
   </div>
   <div class='ocr_carea' id='block_1_22' title="bbox 1813 812 3390 881">
    <p class='ocr_par' dir='ltr' id='par_1_22' title="bbox 1813 812 3390 881">
     <span class='ocr_line' id='line_1_22' title="bbox 1813 812 3390 881; baseline 0.001 -16"><span class='ocrx_word' id='word_1_150' title='bbox 1813 812 2014 865; x_wconf 73' lang='lat' dir='ltr'><strong>vi-tcris</strong></span> <span class='ocrx_word' id='word_1_151' title='bbox 2059 812 2291 866; x_wconf 86' lang='lat' dir='ltr'><strong>hominis</strong></span> <span class='ocrx_word' id='word_1_152' title='bbox 2329 823 2490 881; x_wconf 89' lang='lat' dir='ltr'><strong>atque</strong></span> <span class='ocrx_word' id='word_1_153' title='bbox 2520 813 2571 865; x_wconf 91' lang='lat' dir='ltr'><strong>in</strong></span> <span class='ocrx_word' id='word_1_154' title='bbox 2602 814 2723 866; x_wconf 89' lang='lat' dir='ltr'><strong>novi</strong></span> <span class='ocrx_word' id='word_1_155' title='bbox 2753 812 3158 867; x_wconf 75' lang='lat' dir='ltr'><strong>aedificationem</strong></span> <span class='ocrx_word' id='word_1_156' title='bbox 3186 816 3390 867; x_wconf 79' lang='lat' dir='ltr'><strong>excita-</strong></span> 
     </span>
    </p>
   </div>
   <div class='ocr_carea' id='block_1_23' title="bbox 1816 901 3389 973">
    <p class='ocr_par' dir='ltr' id='par_1_23' title="bbox 1816 901 3389 973">
     <span class='ocr_line' id='line_1_23' title="bbox 1816 901 3389 973; baseline 0.001 -18"><span class='ocrx_word' id='word_1_157' title='bbox 1816 909 1921 956; x_wconf 90' lang='lat' dir='ltr'><strong>tur.</strong></span> <span class='ocrx_word' id='word_1_158' title='bbox 1939 901 2170 956; x_wconf 79' lang='lat' dir='ltr'><strong>Vocatus</strong></span> <span class='ocrx_word' id='word_1_159' title='bbox 2191 912 2269 957; x_wconf 91' lang='lat' dir='ltr'><strong>esl</strong></span> <span class='ocrx_word' id='word_1_160' title='bbox 2294 918 2421 971; x_wconf 82' lang='lat' dir='ltr'><strong>ergo</strong></span> <span class='ocrx_word' id='word_1_161' title='bbox 2448 904 2614 958; x_wconf 87' lang='lat' dir='ltr'><strong>semel</strong></span> <span class='ocrx_word' id='word_1_162' title='bbox 2636 920 2753 957; x_wconf 90' lang='lat' dir='ltr'><strong>cum</strong></span> <span class='ocrx_word' id='word_1_163' title='bbox 2778 920 2872 972; x_wconf 92' lang='lat' dir='ltr'><strong>per</strong></span> <span class='ocrx_word' id='word_1_164' title='bbox 2893 905 3135 973; x_wconf 87' lang='lat' dir='ltr'><strong>spiritum</strong></span> <span class='ocrx_word' id='word_1_165' title='bbox 3159 905 3389 958; x_wconf 82' lang='lat' dir='ltr'><strong>instrue-</strong></span> 
     </span>
    </p>
   </div>
   <div class='ocr_carea' id='block_1_24' title="bbox 1817 994 3393 1065">
    <p class='ocr_par' dir='ltr' id='par_1_24' title="bbox 1817 994 3393 1065">
     <span class='ocr_line' id='line_1_24' title="bbox 1817 994 3393 1065; baseline 0.001 -18"><span class='ocrx_word' id='word_1_166' title='bbox 1817 994 1980 1048; x_wconf 85' lang='lat' dir='ltr'><strong>batur</strong></span> <span class='ocrx_word' id='word_1_167' title='bbox 1997 995 2227 1063; x_wconf 87' lang='lat' dir='ltr'><strong>qualiter</strong></span> <span class='ocrx_word' id='word_1_168' title='bbox 2248 1006 2464 1064; x_wconf 87' lang='lat' dir='ltr'><strong>peccata</strong></span> <span class='ocrx_word' id='word_1_169' title='bbox 2479 1004 2533 1049; x_wconf 92' lang='lat' dir='ltr'><strong>et</strong></span> <span class='ocrx_word' id='word_1_170' title='bbox 2554 996 2680 1048; x_wconf 89' lang='lat' dir='ltr'><strong>vitia</strong></span> <span class='ocrx_word' id='word_1_171' title='bbox 2706 996 2757 1049; x_wconf 89' lang='lat' dir='ltr'><strong>in</strong></span> <span class='ocrx_word' id='word_1_172' title='bbox 2784 1005 3122 1065; x_wconf 84' lang='lat' dir='ltr'><strong>peccatorum</strong></span> <span class='ocrx_word' id='word_1_173' title='bbox 3144 996 3393 1050; x_wconf 82' lang='lat' dir='ltr'><strong>cordibus</strong></span> 
     </span>
    </p>
   </div>
   <div class='ocr_carea' id='block_1_25' title="bbox 1813 1084 3393 1154">
    <p class='ocr_par' dir='ltr' id='par_1_25' title="bbox 1813 1084 3393 1154">
     <span class='ocr_line' id='line_1_25' title="bbox 1813 1084 3393 1154; baseline -0.001 -16"><span class='ocrx_word' id='word_1_174' title='bbox 1813 1084 1992 1138; x_wconf 70' lang='lat' dir='ltr'><strong>delere</strong></span> <span class='ocrx_word' id='word_1_175' title='bbox 2020 1086 2310 1154; x_wconf 90' lang='lat' dir='ltr'><strong>potuisset;</strong></span> <span class='ocrx_word' id='word_1_176' title='bbox 2361 1086 2597 1141; x_wconf 91' lang='lat' dir='ltr'><strong>secundo</strong></span> <span class='ocrx_word' id='word_1_177' title='bbox 2625 1094 2866 1150; x_wconf 85' lang='lat' dir='ltr'><strong>vocatus,</strong></span> <span class='ocrx_word' id='word_1_178' title='bbox 2901 1102 3021 1140; x_wconf 90' lang='lat' dir='ltr'><strong>cum</strong></span> <span class='ocrx_word' id='word_1_179' title='bbox 3053 1084 3246 1139; x_wconf 90' lang='lat' dir='ltr'><strong>interni</strong></span> <span class='ocrx_word' id='word_1_180' title='bbox 3280 1101 3393 1137; x_wconf 87' lang='lat' dir='ltr'><strong>ma-</strong></span> 
     </span>
    </p>
   </div>
   <div class='ocr_carea' id='block_1_26' title="bbox 1812 1172 3392 1239">
    <p class='ocr_par' dir='ltr' id='par_1_26' title="bbox 1812 1172 3392 1239">
     <span class='ocr_line' id='line_1_26' title="bbox 1812 1172 3392 1239; baseline 0.001 -14"><span class='ocrx_word' id='word_1_181' title='bbox 1812 1172 2016 1239; x_wconf 88' lang='lat' dir='ltr'><strong>gisterii</strong></span> <span class='ocrx_word' id='word_1_182' title='bbox 2040 1190 2163 1227; x_wconf 90' lang='lat' dir='ltr'><strong>eum</strong></span> <span class='ocrx_word' id='word_1_183' title='bbox 2198 1174 2337 1229; x_wconf 81' lang='lat' dir='ltr'><strong>Deus</strong></span> <span class='ocrx_word' id='word_1_184' title='bbox 2362 1175 2688 1229; x_wconf 88' lang='lat' dir='ltr'><strong>documento</strong></span> <span class='ocrx_word' id='word_1_185' title='bbox 2720 1176 2987 1239; x_wconf 85' lang='lat' dir='ltr'><strong>instruxit,</strong></span> <span class='ocrx_word' id='word_1_186' title='bbox 3014 1183 3091 1238; x_wconf 91' lang='lat' dir='ltr'><strong>ut,</strong></span> <span class='ocrx_word' id='word_1_187' title='bbox 3119 1175 3392 1228; x_wconf 86' lang='lat' dir='ltr'><strong>destructa</strong></span> 
     </span>
    </p>
   </div>
   <div class='ocr_carea' id='block_1_27' title="bbox 1814 1260 3391 1332">
    <p class='ocr_par' dir='ltr' id='par_1_27' title="bbox 1814 1260 3391 1332">
     <span class='ocr_line' id='line_1_27' title="bbox 1814 1260 3391 1332; baseline 0.001 -19"><span class='ocrx_word' id='word_1_188' title='bbox 1814 1260 1869 1313; x_wconf 92' lang='lat' dir='ltr'><strong>in</strong></span> <span class='ocrx_word' id='word_1_189' title='bbox 1893 1270 2073 1315; x_wconf 87' lang='lat' dir='ltr'><strong>mente</strong></span> <span class='ocrx_word' id='word_1_190' title='bbox 2095 1278 2475 1317; x_wconf 85' lang='lat' dir='ltr'><strong>conversorum</strong></span> <span class='ocrx_word' id='word_1_191' title='bbox 2499 1264 2787 1332; x_wconf 86' lang='lat' dir='ltr'><strong>impietatis</strong></span> <span class='ocrx_word' id='word_1_192' title='bbox 2807 1264 3180 1327; x_wconf 78' lang='lat' dir='ltr'><strong>aediﬁcatione,</strong></span> <span class='ocrx_word' id='word_1_193' title='bbox 3199 1279 3391 1317; x_wconf 89' lang='lat' dir='ltr'><strong>novam</strong></span> 
     </span>
    </p>
   </div>
   <div class='ocr_carea' id='block_1_28' title="bbox 1811 1353 3392 1423">
    <p class='ocr_par' dir='ltr' id='par_1_28' title="bbox 1811 1353 3392 1423">
     <span class='ocr_line' id='line_1_28' title="bbox 1811 1353 3392 1423; baseline 0.002 -19"><span class='ocrx_word' id='word_1_194' title='bbox 1811 1361 2118 1408; x_wconf 89' lang='lat' dir='ltr'><strong>sanctarum</strong></span> <span class='ocrx_word' id='word_1_195' title='bbox 2146 1354 2405 1408; x_wconf 88' lang='lat' dir='ltr'><strong>virtutum</strong></span> <span class='ocrx_word' id='word_1_196' title='bbox 2438 1354 2692 1409; x_wconf 82' lang='lat' dir='ltr'><strong>fabricam</strong></span> <span class='ocrx_word' id='word_1_197' title='bbox 2723 1355 2929 1423; x_wconf 83' lang='lat' dir='ltr'><strong>erigere</strong></span> <span class='ocrx_word' id='word_1_198' title='bbox 2957 1354 3197 1408; x_wconf 85' lang='lat' dir='ltr'><strong>deberet.</strong></span> <span class='ocrx_word' id='word_1_199' title='bbox 3238 1353 3392 1420; x_wconf 82' lang='lat' dir='ltr'><strong>Quod</strong></span> 
     </span>
    </p>
   </div>
   <div class='ocr_carea' id='block_1_29' title="bbox 1811 1442 3389 1515">
    <p class='ocr_par' dir='ltr' id='par_1_29' title="bbox 1811 1442 3389 1515">
     <span class='ocr_line' id='line_1_29' title="bbox 1811 1442 3389 1515; baseline -0.002 -17"><span class='ocrx_word' id='word_1_200' title='bbox 1811 1443 2054 1512; x_wconf 89' lang='lat' dir='ltr'><strong>profecto</strong></span> <span class='ocrx_word' id='word_1_201' title='bbox 2083 1446 2475 1512; x_wconf 85' lang='lat' dir='ltr'><strong>magisterium,</strong></span> <span class='ocrx_word' id='word_1_202' title='bbox 2526 1446 2648 1515; x_wconf 88' lang='lat' dir='ltr'><strong>quia</strong></span> <span class='ocrx_word' id='word_1_203' title='bbox 2688 1445 2822 1499; x_wconf 85' lang='lat' dir='ltr'><strong>ordo</strong></span> <span class='ocrx_word' id='word_1_204' title='bbox 2852 1454 3159 1500; x_wconf 90' lang='lat' dir='ltr'><strong>sanctorum</strong></span> <span class='ocrx_word' id='word_1_205' title='bbox 3191 1442 3389 1513; x_wconf 76' lang='lat' dir='ltr'><strong>praedi-</strong></span> 
     </span>
    </p>
   </div>
   <div class='ocr_carea' id='block_1_30' title="bbox 1811 1534 3385 1603">
    <p class='ocr_par' dir='ltr' id='par_1_30' title="bbox 1811 1534 3385 1603">
     <span class='ocr_line' id='line_1_30' title="bbox 1811 1534 3385 1603; baseline -0.003 -14"><span class='ocrx_word' id='word_1_206' title='bbox 1811 1543 2053 1589; x_wconf 81' lang='lat' dir='ltr'><strong>calorum</strong></span> <span class='ocrx_word' id='word_1_207' title='bbox 2099 1546 2154 1590; x_wconf 88' lang='lat' dir='ltr'><strong>et</strong></span> <span class='ocrx_word' id='word_1_208' title='bbox 2198 1536 2425 1590; x_wconf 58' lang='lat' dir='ltr'><strong>libvnter</strong></span> <span class='ocrx_word' id='word_1_209' title='bbox 2459 1536 2673 1601; x_wconf 89' lang='lat' dir='ltr'><strong>didicit,</strong></span> <span class='ocrx_word' id='word_1_210' title='bbox 2723 1544 2884 1603; x_wconf 89' lang='lat' dir='ltr'><strong>atque</strong></span> <span class='ocrx_word' id='word_1_211' title='bbox 2913 1536 2980 1588; x_wconf 88' lang='lat' dir='ltr'><strong>ad</strong></span> <span class='ocrx_word' id='word_1_212' title='bbox 3027 1534 3385 1589; x_wconf 89' lang='lat' dir='ltr'><strong>obediendum</strong></span> 
     </span>
    </p>
   </div>
   <div class='ocr_carea' id='block_1_31' title="bbox 1810 1622 2650 1690">
    <p class='ocr_par' dir='ltr' id='par_1_31' title="bbox 1810 1622 2650 1690">
     <span class='ocr_line' id='line_1_31' title="bbox 1810 1622 2650 1690; baseline 0 -13"><span class='ocrx_word' id='word_1_213' title='bbox 1810 1622 2006 1678; x_wconf 81' lang='lat' dir='ltr'><strong>devote</strong></span> <span class='ocrx_word' id='word_1_214' title='bbox 2034 1640 2093 1679; x_wconf 90' lang='lat' dir='ltr'><strong>se</strong></span> <span class='ocrx_word' id='word_1_215' title='bbox 2123 1626 2335 1690; x_wconf 81' lang='lat' dir='ltr'><strong>obtulit,</strong></span> <span class='ocrx_word' id='word_1_216' title='bbox 2364 1626 2611 1679; x_wconf 87' lang='lat' dir='ltr'><strong>subditur</strong></span> <span class='ocrx_word' id='word_1_217' title='bbox 2638 1642 2650 1677; x_wconf 93' lang='lat'>:</span> 
     </span>
    </p>
   </div>
   <div class='ocr_carea' id='block_1_32' title="bbox 1884 1732 3386 1804">
    <p class='ocr_par' dir='ltr' id='par_1_32' title="bbox 1884 1732 3386 1804">
     <span class='ocr_line' id='line_1_32' title="bbox 1884 1732 3386 1804; baseline -0.003 -17"><span class='ocrx_word' id='word_1_218' title='bbox 1884 1733 2072 1803; x_wconf 83' lang='lat' dir='ltr'><strong>(Vers.</strong></span> <span class='ocrx_word' id='word_1_219' title='bbox 2106 1733 2216 1802; x_wconf 79' lang='grc'><strong>10.)</strong></span> <span class='ocrx_word' id='word_1_220' title='bbox 2254 1734 2343 1787; x_wconf 82' lang='lat' dir='ltr'><strong>Ait</strong></span> <span class='ocrx_word' id='word_1_221' title='bbox 2384 1752 2506 1804; x_wconf 86' lang='lat' dir='ltr'><strong>ergo</strong></span> <span class='ocrx_word' id='word_1_222' title='bbox 2538 1735 2750 1790; x_wconf 77' lang='lat' dir='ltr'><strong>Samuel</strong></span> <span class='ocrx_word' id='word_1_223' title='bbox 2785 1750 2803 1787; x_wconf 92' lang='lat'><strong><em>:</em></strong></span> <span class='ocrx_word' id='word_1_224' title='bbox 2845 1732 3093 1804; x_wconf 80' lang='lat' dir='ltr'><strong>Loquere,</strong></span> <span class='ocrx_word' id='word_1_225' title='bbox 3145 1732 3386 1796; x_wconf 80' lang='lat' dir='ltr'><strong>Domine,</strong></span> 
     </span>
    </p>
   </div>
   <div class='ocr_carea' id='block_1_33' title="bbox 160 1816 2457 1896">
    <p class='ocr_par' dir='ltr' id='par_1_33' title="bbox 160 1816 2457 1896">
     <span class='ocr_line' id='line_1_33' title="bbox 160 1816 2457 1896; baseline 0 -18"><span class='ocrx_word' id='word_1_226' title='bbox 160 1827 290 1894; x_wconf 83' lang='lat' dir='ltr'><strong>qulos</strong></span> <span class='ocrx_word' id='word_1_227' title='bbox 315 1823 506 1894; x_wconf 83' lang='lat' dir='ltr'><strong>gradus</strong></span> <span class='ocrx_word' id='word_1_228' title='bbox 536 1839 676 1877; x_wconf 84' lang='lat' dir='ltr'><strong>meos</strong></span> <span class='ocrx_word' id='word_1_229' title='bbox 707 1822 1046 1891; x_wconf 83' lang='lat' dir='ltr'><strong>pronuntiabo</strong></span> <span class='ocrx_word' id='word_1_230' title='bbox 1076 1838 1189 1874; x_wconf 89' lang='lat' dir='ltr'><strong>eum</strong></span> <span class='ocrx_word' id='word_1_231' title='bbox 1233 1819 1371 1888; x_wconf 78' lang='lat' dir='ltr'><strong>(Job.</strong></span> <span class='ocrx_word' id='word_1_232' title='bbox 1404 1835 1560 1883; x_wconf 76' lang='lat' dir='ltr'><strong>xui,</strong></span> <span class='ocrx_word' id='word_1_233' title='bbox 1592 1818 1705 1889; x_wconf 76' lang='grc'><strong>57).</strong></span> <span class='ocrx_word' id='word_1_234' title='bbox 1744 1816 1785 1874; x_wconf 87' lang='grc' dir='ltr'><strong><em>Β</em></strong></span> <span class='ocrx_word' id='word_1_235' title='bbox 1810 1825 1929 1896; x_wconf 84' lang='lat' dir='ltr'><strong>quia</strong></span> <span class='ocrx_word' id='word_1_236' title='bbox 1949 1826 2093 1877; x_wconf 86' lang='lat' dir='ltr'><strong>audit</strong></span> <span class='ocrx_word' id='word_1_237' title='bbox 2120 1840 2294 1878; x_wconf 85' lang='lat' dir='ltr'><strong>servus</strong></span> <span class='ocrx_word' id='word_1_238' title='bbox 2321 1834 2457 1879; x_wconf 90' lang='lat' dir='ltr'><strong>tuus.</strong></span> 
     </span>
    </p>
   </div>
   <div class='ocr_carea' id='block_1_34' title="bbox 158 1909 1715 1983">
    <p class='ocr_par' dir='ltr' id='par_1_34' title="bbox 158 1909 1715 1983">
     <span class='ocr_line' id='line_1_34' title="bbox 158 1909 1715 1983; baseline -0.004 -13"><span class='ocrx_word' id='word_1_239' title='bbox 158 1918 255 1971; x_wconf 80' lang='lat' dir='ltr'><strong>Non</strong></span> <span class='ocrx_word' id='word_1_240' title='bbox 281 1916 414 1969; x_wconf 86' lang='lat' dir='ltr'><strong>enim</strong></span> <span class='ocrx_word' id='word_1_241' title='bbox 431 1914 542 1983; x_wconf 88' lang='lat' dir='ltr'><strong>jam</strong></span> <span class='ocrx_word' id='word_1_242' title='bbox 566 1914 620 1967; x_wconf 91' lang='lat' dir='ltr'><strong>in</strong></span> <span class='ocrx_word' id='word_1_243' title='bbox 647 1914 767 1968; x_wconf 91' lang='lat' dir='ltr'><strong>loco</strong></span> <span class='ocrx_word' id='word_1_244' title='bbox 794 1912 1072 1975; x_wconf 72' lang='lat' dir='ltr'><strong>cxnminis,</strong></span> <span class='ocrx_word' id='word_1_245' title='bbox 1091 1910 1186 1966; x_wconf 90' lang='lat' dir='ltr'><strong>sed</strong></span> <span class='ocrx_word' id='word_1_246' title='bbox 1205 1920 1370 1967; x_wconf 80' lang='lat' dir='ltr'><strong>certae</strong></span> <span class='ocrx_word' id='word_1_247' title='bbox 1388 1909 1715 1978; x_wconf 59' lang='lat' dir='ltr'><strong>cognitionis</strong></span> 
     </span>
    </p>
   </div>
   <div class='ocr_carea' id='block_1_35' title="bbox 158 1999 1714 2069">
    <p class='ocr_par' dir='ltr' id='par_1_35' title="bbox 158 1999 1714 2069">
     <span class='ocr_line' id='line_1_35' title="bbox 158 1999 1714 2069; baseline -0.005 -8"><span class='ocrx_word' id='word_1_248' title='bbox 158 2008 361 2068; x_wconf 87' lang='lat' dir='ltr'><strong>sistitur,</strong></span> <span class='ocrx_word' id='word_1_249' title='bbox 406 2020 527 2060; x_wconf 93' lang='lat' dir='ltr'><strong>cum</strong></span> <span class='ocrx_word' id='word_1_250' title='bbox 564 2002 635 2056; x_wconf 88' lang='lat' dir='ltr'><strong>ad</strong></span> <span class='ocrx_word' id='word_1_251' title='bbox 682 2004 873 2057; x_wconf 89' lang='lat' dir='ltr'><strong>altiora</strong></span> <span class='ocrx_word' id='word_1_252' title='bbox 904 2001 1234 2059; x_wconf 86' lang='lat' dir='ltr'><strong>sublevatur.</strong></span> <span class='ocrx_word' id='word_1_253' title='bbox 1265 1999 1437 2054; x_wconf 87' lang='lat' dir='ltr'><strong>Locus</strong></span> <span class='ocrx_word' id='word_1_254' title='bbox 1482 2013 1714 2069; x_wconf 87' lang='lat' dir='ltr'><strong>namque</strong></span> 
     </span>
    </p>
   </div>
   <div class='ocr_carea' id='block_1_36' title="bbox 156 2088 1712 2167">
    <p class='ocr_par' dir='ltr' id='par_1_36' title="bbox 156 2088 1712 2167">
     <span class='ocr_line' id='line_1_36' title="bbox 156 2088 1712 2167; baseline -0.005 -18"><span class='ocrx_word' id='word_1_255' title='bbox 156 2094 498 2167; x_wconf 84' lang='lat' dir='ltr'><strong>praedicatoris</strong></span> <span class='ocrx_word' id='word_1_256' title='bbox 538 2108 719 2147; x_wconf 91' lang='lat' dir='ltr'><strong>rerum</strong></span> <span class='ocrx_word' id='word_1_257' title='bbox 762 2094 1254 2161; x_wconf 80' lang='lat' dir='ltr'><strong>cognoscendarnm</strong></span> <span class='ocrx_word' id='word_1_258' title='bbox 1286 2099 1432 2145; x_wconf 90' lang='lat' dir='ltr'><strong>certa</strong></span> <span class='ocrx_word' id='word_1_259' title='bbox 1473 2088 1712 2156; x_wconf 89' lang='lat' dir='ltr'><strong>cognitio</strong></span> 
     </span>
    </p>
   </div>
   <div class='ocr_carea' id='block_1_37' title="bbox 155 2180 1708 2254">
    <p class='ocr_par' dir='ltr' id='par_1_37' title="bbox 155 2180 1708 2254">
     <span class='ocr_line' id='line_1_37' title="bbox 155 2180 1708 2254; baseline -0.006 -11"><span class='ocrx_word' id='word_1_260' title='bbox 155 2198 243 2243; x_wconf 83' lang='lat' dir='ltr'><strong>rst.</strong></span> <span class='ocrx_word' id='word_1_261' title='bbox 277 2187 403 2241; x_wconf 81' lang='lat' dir='ltr'><strong>Nam</strong></span> <span class='ocrx_word' id='word_1_262' title='bbox 434 2186 501 2240; x_wconf 92' lang='lat' dir='ltr'><strong>de</strong></span> <span class='ocrx_word' id='word_1_263' title='bbox 532 2185 779 2254; x_wconf 88' lang='lat' dir='ltr'><strong>reprobis</strong></span> <span class='ocrx_word' id='word_1_264' title='bbox 801 2183 1239 2253; x_wconf 81' lang='lat' dir='ltr'><strong>praedicatoribus</strong></span> <span class='ocrx_word' id='word_1_265' title='bbox 1270 2182 1524 2236; x_wconf 85' lang='lat' dir='ltr'><strong>Dominus</strong></span> <span class='ocrx_word' id='word_1_266' title='bbox 1550 2180 1708 2235; x_wconf 89' lang='lat' dir='ltr'><strong>dicit:</strong></span> 
     </span>
    </p>
   </div>
   <div class='ocr_carea' id='block_1_38' title="bbox 156 2268 1714 2345">
    <p class='ocr_par' dir='ltr' id='par_1_38' title="bbox 156 2268 1714 2345">
     <span class='ocr_line' id='line_1_38' title="bbox 156 2268 1714 2345; baseline -0.004 -15"><span class='ocrx_word' id='word_1_267' title='bbox 156 2278 381 2331; x_wconf 83' lang='lat' dir='ltr'><strong>Tenentes</strong></span> <span class='ocrx_word' id='word_1_268' title='bbox 407 2277 569 2345; x_wconf 82' lang='lat' dir='ltr'><strong>legem</strong></span> <span class='ocrx_word' id='word_1_269' title='bbox 594 2291 783 2335; x_wconf 81' lang='lat' dir='ltr'><strong>meum.</strong></span> <span class='ocrx_word' id='word_1_270' title='bbox 808 2275 1095 2327; x_wconf 85' lang='lat' dir='ltr'><strong>nescierunt</strong></span> <span class='ocrx_word' id='word_1_271' title='bbox 1118 2289 1197 2325; x_wconf 89' lang='lat' dir='ltr'><strong>me</strong></span> <span class='ocrx_word' id='word_1_272' title='bbox 1226 2270 1437 2342; x_wconf 77' lang='lat' dir='ltr'><strong>(Ierem.</strong></span> <span class='ocrx_word' id='word_1_273' title='bbox 1465 2286 1523 2336; x_wconf 86' lang='lat' dir='ltr'><strong>tl,</strong></span> <span class='ocrx_word' id='word_1_274' title='bbox 1545 2268 1622 2338; x_wconf 88' lang='lat'><strong>8).</strong></span> <span class='ocrx_word' id='word_1_275' title='bbox 1656 2270 1714 2323; x_wconf 86' lang='lat' dir='ltr'><strong>In</strong></span> 
     </span>
    </p>
   </div>
   <div class='ocr_carea' id='block_1_39' title="bbox 156 2360 1712 2432">
    <p class='ocr_par' dir='ltr' id='par_1_39' title="bbox 156 2360 1712 2432">
     <span class='ocr_line' id='line_1_39' title="bbox 156 2360 1712 2432; baseline -0.006 -11"><span class='ocrx_word' id='word_1_276' title='bbox 156 2368 261 2421; x_wconf 88' lang='lat' dir='ltr'><strong>loco</strong></span> <span class='ocrx_word' id='word_1_277' title='bbox 286 2367 440 2432; x_wconf 88' lang='lat' dir='ltr'><strong>igitur</strong></span> <span class='ocrx_word' id='word_1_278' title='bbox 463 2380 564 2419; x_wconf 90' lang='lat' dir='ltr'><strong>suo</strong></span> <span class='ocrx_word' id='word_1_279' title='bbox 586 2363 806 2418; x_wconf 87' lang='lat' dir='ltr'><strong>Samuel</strong></span> <span class='ocrx_word' id='word_1_280' title='bbox 835 2362 1103 2425; x_wconf 89' lang='lat' dir='ltr'><strong>dormivit,</strong></span> <span class='ocrx_word' id='word_1_281' title='bbox 1127 2377 1247 2416; x_wconf 92' lang='lat' dir='ltr'><strong>cum</strong></span> <span class='ocrx_word' id='word_1_282' title='bbox 1274 2360 1405 2415; x_wconf 87' lang='lat' dir='ltr'><strong>ordo</strong></span> <span class='ocrx_word' id='word_1_283' title='bbox 1433 2360 1712 2413; x_wconf 91' lang='lat' dir='ltr'><strong>doctorum</strong></span> 
     </span>
    </p>
   </div>
   <div class='ocr_carea' id='block_1_40' title="bbox 156 2449 1713 2521">
    <p class='ocr_par' dir='ltr' id='par_1_40' title="bbox 156 2449 1713 2521">
     <span class='ocr_line' id='line_1_40' title="bbox 156 2449 1713 2521; baseline -0.004 -12"><span class='ocrx_word' id='word_1_284' title='bbox 156 2456 448 2521; x_wconf 77' lang='lat' dir='ltr'><strong>spivitalium</strong></span> <span class='ocrx_word' id='word_1_285' title='bbox 474 2468 661 2507; x_wconf 87' lang='lat' dir='ltr'><strong>rerum</strong></span> <span class='ocrx_word' id='word_1_286' title='bbox 687 2451 1047 2518; x_wconf 85' lang='lat' dir='ltr'><strong>cognitionem</strong></span> <span class='ocrx_word' id='word_1_287' title='bbox 1070 2466 1192 2506; x_wconf 92' lang='lat' dir='ltr'><strong>cum</strong></span> <span class='ocrx_word' id='word_1_288' title='bbox 1222 2449 1544 2505; x_wconf 88' lang='lat' dir='ltr'><strong>certitudine</strong></span> <span class='ocrx_word' id='word_1_289' title='bbox 1572 2449 1713 2503; x_wconf 88' lang='lat' dir='ltr'><strong>veri-</strong></span> 
     </span>
    </p>
   </div>
   <div class='ocr_carea' id='block_1_41' title="bbox 157 2539 1712 2611">
    <p class='ocr_par' dir='ltr' id='par_1_41' title="bbox 157 2539 1712 2611">
     <span class='ocr_line' id='line_1_41' title="bbox 157 2539 1712 2611; baseline -0.005 -12"><span class='ocrx_word' id='word_1_290' title='bbox 157 2547 263 2599; x_wconf 83' lang='lat' dir='ltr'><strong>tatis</strong></span> <span class='ocrx_word' id='word_1_291' title='bbox 286 2544 517 2600; x_wconf 90' lang='lat' dir='ltr'><strong>retinuit.</strong></span> <span class='ocrx_word' id='word_1_292' title='bbox 549 2541 660 2597; x_wconf 74' lang='lat' dir='ltr'><strong>Sed</strong></span> <span class='ocrx_word' id='word_1_293' title='bbox 685 2542 739 2596; x_wconf 92' lang='lat' dir='ltr'><strong>in</strong></span> <span class='ocrx_word' id='word_1_294' title='bbox 761 2558 921 2611; x_wconf 89' lang='lat' dir='ltr'><strong>quem</strong></span> <span class='ocrx_word' id='word_1_295' title='bbox 949 2541 1174 2609; x_wconf 90' lang='lat' dir='ltr'><strong>gradum</strong></span> <span class='ocrx_word' id='word_1_296' title='bbox 1198 2540 1443 2611; x_wconf 78' lang='lat' dir='ltr'><strong>proﬁciat</strong></span> <span class='ocrx_word' id='word_1_297' title='bbox 1468 2539 1712 2594; x_wconf 82' lang='lat' dir='ltr'><strong>ostendi-</strong></span> 
     </span>
    </p>
   </div>
   <div class='ocr_carea' id='block_1_42' title="bbox 157 2630 1083 2703">
    <p class='ocr_par' dir='ltr' id='par_1_42' title="bbox 157 2630 1083 2703">
     <span class='ocr_line' id='line_1_42' title="bbox 157 2630 1083 2703; baseline -0.004 -15"><span class='ocrx_word' id='word_1_298' title='bbox 157 2636 303 2699; x_wconf 86' lang='lat' dir='ltr'><strong>ditur,</strong></span> <span class='ocrx_word' id='word_1_299' title='bbox 328 2634 450 2703; x_wconf 89' lang='lat' dir='ltr'><strong>quia</strong></span> <span class='ocrx_word' id='word_1_300' title='bbox 479 2642 708 2702; x_wconf 89' lang='lat' dir='ltr'><strong>repente</strong></span> <span class='ocrx_word' id='word_1_301' title='bbox 736 2630 1083 2686; x_wconf 87' lang='lat' dir='ltr'><strong>subinfertur.</strong></span> 
     </span>
    </p>
   </div>
   <div class='ocr_carea' id='block_1_43' title="bbox 219 2743 1418 2816">
    <p class='ocr_par' dir='ltr' id='par_1_43' title="bbox 219 2743 1418 2816">
     <span class='ocr_line' id='line_1_43' title="bbox 219 2743 1418 2816; baseline -0.005 -17"><span class='ocrx_word' id='word_1_302' title='bbox 219 2745 379 2816; x_wconf 84' lang='lat' dir='ltr'><strong>(Vers.</strong></span> <span class='ocrx_word' id='word_1_303' title='bbox 412 2745 524 2816; x_wconf 76' lang='grc'><strong>10.)</strong></span> <span class='ocrx_word' id='word_1_304' title='bbox 567 2744 724 2799; x_wconf 81' lang='lat' dir='ltr'><strong>Venit</strong></span> <span class='ocrx_word' id='word_1_305' title='bbox 750 2760 872 2815; x_wconf 89' lang='lat' dir='ltr'><strong>ergo</strong></span> <span class='ocrx_word' id='word_1_306' title='bbox 906 2743 1176 2811; x_wconf 88' lang='lat' dir='ltr'><strong>Dominus,</strong></span> <span class='ocrx_word' id='word_1_307' title='bbox 1199 2750 1248 2797; x_wconf 88' lang='lat' dir='ltr'><strong>et</strong></span> <span class='ocrx_word' id='word_1_308' title='bbox 1268 2743 1418 2796; x_wconf 81' lang='lat' dir='ltr'><strong>stetit.</strong></span> 
     </span>
    </p>
   </div>
   <div class='ocr_carea' id='block_1_44' title="bbox 220 2830 1709 2903">
    <p class='ocr_par' dir='ltr' id='par_1_44' title="bbox 220 2830 1709 2903">
     <span class='ocr_line' id='line_1_44' title="bbox 220 2830 1709 2903; baseline -0.002 -16"><span class='ocrx_word' id='word_1_309' title='bbox 220 2836 299 2889; x_wconf 77' lang='lat'><strong>18.</strong></span> <span class='ocrx_word' id='word_1_310' title='bbox 325 2835 452 2903; x_wconf 85' lang='lat' dir='ltr'><strong>Quia</strong></span> <span class='ocrx_word' id='word_1_311' title='bbox 484 2851 597 2889; x_wconf 91' lang='lat' dir='ltr'><strong>non</strong></span> <span class='ocrx_word' id='word_1_312' title='bbox 626 2835 826 2900; x_wconf 81' lang='lat' dir='ltr'><strong>redire,</strong></span> <span class='ocrx_word' id='word_1_313' title='bbox 868 2835 960 2888; x_wconf 92' lang='lat' dir='ltr'><strong>sed</strong></span> <span class='ocrx_word' id='word_1_314' title='bbox 993 2834 1175 2888; x_wconf 75' lang='lat' dir='ltr'><strong>venire</strong></span> <span class='ocrx_word' id='word_1_315' title='bbox 1217 2834 1470 2886; x_wconf 86' lang='lat' dir='ltr'><strong>Dominus</strong></span> <span class='ocrx_word' id='word_1_316' title='bbox 1498 2830 1709 2895; x_wconf 86' lang='lat' dir='ltr'><strong>dicitur,</strong></span> 
     </span>
    </p>
   </div>
   <div class='ocr_carea' id='block_1_45' title="bbox 162 2920 1710 2980">
    <p class='ocr_par' dir='ltr' id='par_1_45' title="bbox 162 2920 1710 2980">
     <span class='ocr_line' id='line_1_45' title="bbox 162 2920 1710 2980; baseline -0.005 -1"><span class='ocrx_word' id='word_1_317' title='bbox 162 2924 328 2980; x_wconf 69' lang='lat' dir='ltr'><strong>ludam:</strong></span> <span class='ocrx_word' id='word_1_318' title='bbox 366 2925 648 2980; x_wconf 89' lang='lat' dir='ltr'><strong>destitutio</strong></span> <span class='ocrx_word' id='word_1_319' title='bbox 695 2932 751 2979; x_wconf 91' lang='lat' dir='ltr'><strong>et</strong></span> <span class='ocrx_word' id='word_1_320' title='bbox 788 2933 983 2979; x_wconf 81' lang='lat' dir='ltr'><strong>sanctae</strong></span> <span class='ocrx_word' id='word_1_321' title='bbox 1010 2923 1261 2977; x_wconf 82' lang='lat' dir='ltr'><strong>Ecclesiae</strong></span> <span class='ocrx_word' id='word_1_322' title='bbox 1290 2922 1523 2976; x_wconf 70' lang='lat' dir='ltr'><strong>visitatio</strong></span> <span class='ocrx_word' id='word_1_323' title='bbox 1568 2920 1710 2975; x_wconf 84' lang='lat' dir='ltr'><strong>desi-</strong></span> 
     </span>
    </p>
   </div>
   <div class='ocr_carea' id='block_1_46' title="bbox 161 3009 1706 3081">
    <p class='ocr_par' dir='ltr' id='par_1_46' title="bbox 161 3009 1706 3081">
     <span class='ocr_line' id='line_1_46' title="bbox 161 3009 1706 3081; baseline -0.004 -13"><span class='ocrx_word' id='word_1_324' title='bbox 161 3026 342 3081; x_wconf 76' lang='lat' dir='ltr'><strong>gnatur.</strong></span> <span class='ocrx_word' id='word_1_325' title='bbox 358 3014 508 3070; x_wconf 88' lang='lat' dir='ltr'><strong>Unde</strong></span> <span class='ocrx_word' id='word_1_326' title='bbox 531 3032 645 3070; x_wconf 91' lang='lat' dir='ltr'><strong>non</strong></span> <span class='ocrx_word' id='word_1_327' title='bbox 670 3015 841 3069; x_wconf 86' lang='lat' dir='ltr'><strong>solum</strong></span> <span class='ocrx_word' id='word_1_328' title='bbox 865 3014 1067 3078; x_wconf 90' lang='lat' dir='ltr'><strong>venire,</strong></span> <span class='ocrx_word' id='word_1_329' title='bbox 1086 3012 1182 3067; x_wconf 88' lang='lat' dir='ltr'><strong>sed</strong></span> <span class='ocrx_word' id='word_1_330' title='bbox 1204 3020 1348 3065; x_wconf 90' lang='lat' dir='ltr'><strong>stare</strong></span> <span class='ocrx_word' id='word_1_331' title='bbox 1376 3009 1706 3081; x_wconf 89' lang='lat' dir='ltr'><strong>perhibetur.</strong></span> 
     </span>
    </p>
   </div>
   <div class='ocr_carea' id='block_1_47' title="bbox 162 3101 1706 3167">
    <p class='ocr_par' dir='ltr' id='par_1_47' title="bbox 162 3101 1706 3167">
     <span class='ocr_line' id='line_1_47' title="bbox 162 3101 1706 3167; baseline -0.004 -8"><span class='ocrx_word' id='word_1_332' title='bbox 162 3104 230 3159; x_wconf 80' lang='lat' dir='ltr'><strong>Ad</strong></span> <span class='ocrx_word' id='word_1_333' title='bbox 250 3104 430 3160; x_wconf 65' lang='lat' dir='ltr'><strong>Iudaea:</strong></span> <span class='ocrx_word' id='word_1_334' title='bbox 458 3114 486 3143; x_wconf 80' lang='grc' dir='ltr'>ι</span> <span class='ocrx_word' id='word_1_335' title='bbox 504 3106 867 3161; x_wconf 82' lang='lat' dir='ltr'><strong>visitatiOnem</strong></span> <span class='ocrx_word' id='word_1_336' title='bbox 895 3120 954 3159; x_wconf 89' lang='lat' dir='ltr'><strong>se</strong></span> <span class='ocrx_word' id='word_1_337' title='bbox 976 3104 1184 3159; x_wconf 89' lang='lat' dir='ltr'><strong>venisse</strong></span> <span class='ocrx_word' id='word_1_338' title='bbox 1207 3103 1456 3167; x_wconf 88' lang='lat' dir='ltr'><strong>insinuat,</strong></span> <span class='ocrx_word' id='word_1_339' title='bbox 1486 3101 1668 3156; x_wconf 89' lang='lat' dir='ltr'><strong>dicens</strong></span> <span class='ocrx_word' id='word_1_340' title='bbox 1692 3117 1706 3153; x_wconf 90' lang='lat'><strong>:</strong></span> 
     </span>
    </p>
   </div>
   <div class='ocr_carea' id='block_1_48' title="bbox 1885 1912 3393 1984">
    <p class='ocr_par' dir='ltr' id='par_1_48' title="bbox 1885 1912 3393 1984">
     <span class='ocr_line' id='line_1_48' title="bbox 1885 1912 3393 1984; baseline 0 -18"><span class='ocrx_word' id='word_1_341' title='bbox 1885 1912 1973 1967; x_wconf 77' lang='lat' dir='ltr'><strong>2t).</strong></span> <span class='ocrx_word' id='word_1_342' title='bbox 2018 1914 2221 1969; x_wconf 81' lang='lat' dir='ltr'><strong>Audire</strong></span> <span class='ocrx_word' id='word_1_343' title='bbox 2249 1915 2556 1983; x_wconf 81' lang='lat' dir='ltr'><strong>loquentem</strong></span> <span class='ocrx_word' id='word_1_344' title='bbox 2588 1915 2753 1969; x_wconf 91' lang='lat' dir='ltr'><strong>Deum</strong></span> <span class='ocrx_word' id='word_1_345' title='bbox 2799 1922 3064 1984; x_wconf 85' lang='lat' dir='ltr'><strong>praecepta</strong></span> <span class='ocrx_word' id='word_1_346' title='bbox 3107 1914 3225 1981; x_wconf 83' lang='lat' dir='ltr'><strong>ejus</strong></span> <span class='ocrx_word' id='word_1_347' title='bbox 3263 1926 3393 1981; x_wconf 89' lang='lat' dir='ltr'><strong>ope-</strong></span> 
     </span>
    </p>
   </div>
   <div class='ocr_carea' id='block_1_49' title="bbox 1812 2003 3394 2074">
    <p class='ocr_par' dir='ltr' id='par_1_49' title="bbox 1812 2003 3394 2074">
     <span class='ocr_line' id='line_1_49' title="bbox 1812 2003 3394 2074; baseline -0.001 -17"><span class='ocrx_word' id='word_1_348' title='bbox 1812 2004 1962 2058; x_wconf 88' lang='lat' dir='ltr'><strong>ribus</strong></span> <span class='ocrx_word' id='word_1_349' title='bbox 1990 2005 2285 2074; x_wconf 88' lang='lat' dir='ltr'><strong>adimplere</strong></span> <span class='ocrx_word' id='word_1_350' title='bbox 2312 2014 2414 2061; x_wconf 91' lang='lat' dir='ltr'><strong>est.</strong></span> <span class='ocrx_word' id='word_1_351' title='bbox 2452 2005 2609 2071; x_wconf 90' lang='lat' dir='ltr'><strong>Quod</strong></span> <span class='ocrx_word' id='word_1_352' title='bbox 2646 2014 2834 2059; x_wconf 90' lang='lat' dir='ltr'><strong>contra</strong></span> <span class='ocrx_word' id='word_1_353' title='bbox 2876 2005 2930 2058; x_wconf 92' lang='lat' dir='ltr'><strong>in</strong></span> <span class='ocrx_word' id='word_1_354' title='bbox 2976 2003 3267 2071; x_wconf 72' lang='lat' dir='ltr'><strong>Evangelia</strong></span> <span class='ocrx_word' id='word_1_355' title='bbox 3306 2017 3394 2056; x_wconf 87' lang='lat' dir='ltr'><strong>re-</strong></span> 
     </span>
    </p>
   </div>
   <div class='ocr_carea' id='block_1_50' title="bbox 1812 2090 3395 2163">
    <p class='ocr_par' dir='ltr' id='par_1_50' title="bbox 1812 2090 3395 2163">
     <span class='ocr_line' id='line_1_50' title="bbox 1812 2090 3395 2163; baseline -0.001 -19"><span class='ocrx_word' id='word_1_356' title='bbox 1812 2092 1996 2162; x_wconf 88' lang='lat' dir='ltr'><strong>probis</strong></span> <span class='ocrx_word' id='word_1_357' title='bbox 2023 2108 2118 2162; x_wconf 90' lang='lat' dir='ltr'><strong>per</strong></span> <span class='ocrx_word' id='word_1_358' title='bbox 2142 2095 2489 2163; x_wconf 87' lang='lat' dir='ltr'><strong>semetipsam</strong></span> <span class='ocrx_word' id='word_1_359' title='bbox 2518 2094 2726 2148; x_wconf 84' lang='lat' dir='ltr'><strong>Veritas</strong></span> <span class='ocrx_word' id='word_1_360' title='bbox 2752 2094 2882 2148; x_wconf 86' lang='lat' dir='ltr'><strong>dicit</strong></span> <span class='ocrx_word' id='word_1_361' title='bbox 2915 2110 2928 2147; x_wconf 93' lang='lat'><strong>:</strong></span> <span class='ocrx_word' id='word_1_362' title='bbox 2970 2090 3070 2155; x_wconf 79' lang='lat' dir='ltr'><strong>Qui</strong></span> <span class='ocrx_word' id='word_1_363' title='bbox 3099 2108 3162 2145; x_wconf 80' lang='lat' dir='ltr'><strong>ea:</strong></span> <span class='ocrx_word' id='word_1_364' title='bbox 3194 2090 3297 2143; x_wconf 89' lang='lat' dir='ltr'><strong>Deo</strong></span> <span class='ocrx_word' id='word_1_365' title='bbox 3319 2098 3395 2145; x_wconf 80' lang='lat' dir='ltr'><strong>est</strong></span> 
     </span>
    </p>
   </div>
   <div class='ocr_carea' id='block_1_51' title="bbox 1810 2181 3395 2253">
    <p class='ocr_par' dir='ltr' id='par_1_51' title="bbox 1810 2181 3395 2253">
     <span class='ocr_line' id='line_1_51' title="bbox 1810 2181 3395 2253; baseline -0.002 -17"><span class='ocrx_word' id='word_1_366' title='bbox 1810 2181 1961 2236; x_wconf 74' lang='lat' dir='ltr'><strong>verba</strong></span> <span class='ocrx_word' id='word_1_367' title='bbox 1992 2181 2089 2236; x_wconf 89' lang='lat' dir='ltr'><strong>Dei</strong></span> <span class='ocrx_word' id='word_1_368' title='bbox 2132 2184 2310 2247; x_wconf 85' lang='lat' dir='ltr'><strong>audit;</strong></span> <span class='ocrx_word' id='word_1_369' title='bbox 2342 2192 2611 2253; x_wconf 84' lang='lat' dir='ltr'><strong>propterea</strong></span> <span class='ocrx_word' id='word_1_370' title='bbox 2652 2200 2740 2238; x_wconf 79' lang='lat' dir='ltr'><strong>vos</strong></span> <span class='ocrx_word' id='word_1_371' title='bbox 2771 2201 2874 2237; x_wconf 87' lang='lat' dir='ltr'><strong>non</strong></span> <span class='ocrx_word' id='word_1_372' title='bbox 2916 2182 3129 2249; x_wconf 82' lang='lat' dir='ltr'><strong>auditis,</strong></span> <span class='ocrx_word' id='word_1_373' title='bbox 3177 2183 3298 2248; x_wconf 82' lang='lat' dir='ltr'><strong>quia</strong></span> <span class='ocrx_word' id='word_1_374' title='bbox 3328 2197 3395 2233; x_wconf 76' lang='lat' dir='ltr'><strong>ra:</strong></span> 
     </span>
    </p>
   </div>
   <div class='ocr_carea' id='block_1_52' title="bbox 1814 2270 3396 2345">
    <p class='ocr_par' dir='ltr' id='par_1_52' title="bbox 1814 2270 3396 2345">
     <span class='ocr_line' id='line_1_52' title="bbox 1814 2270 3396 2345; baseline 0 -20"><span class='ocrx_word' id='word_1_375' title='bbox 1814 2270 1927 2326; x_wconf 90' lang='lat' dir='ltr'><strong>Deo</strong></span> <span class='ocrx_word' id='word_1_376' title='bbox 1954 2290 2058 2327; x_wconf 88' lang='lat' dir='ltr'><strong>non</strong></span> <span class='ocrx_word' id='word_1_377' title='bbox 2089 2276 2210 2327; x_wconf 86' lang='lat' dir='ltr'><strong>estis</strong></span> <span class='ocrx_word' id='word_1_378' title='bbox 2238 2274 2419 2345; x_wconf 83' lang='lat' dir='ltr'><strong>(Joan.</strong></span> <span class='ocrx_word' id='word_1_379' title='bbox 2450 2291 2561 2339; x_wconf 83' lang='lat' dir='ltr'><strong>vui,</strong></span> <span class='ocrx_word' id='word_1_380' title='bbox 2590 2274 2703 2345; x_wconf 76' lang='grc'><strong>47).</strong></span> <span class='ocrx_word' id='word_1_381' title='bbox 2737 2275 2841 2329; x_wconf 90' lang='lat' dir='ltr'><strong>Sed</strong></span> <span class='ocrx_word' id='word_1_382' title='bbox 2871 2274 3106 2328; x_wconf 88' lang='lat' dir='ltr'><strong>audienti</strong></span> <span class='ocrx_word' id='word_1_383' title='bbox 3138 2274 3279 2342; x_wconf 86' lang='lat' dir='ltr'><strong>quod</strong></span> <span class='ocrx_word' id='word_1_384' title='bbox 3315 2273 3396 2326; x_wconf 82' lang='lat' dir='ltr'><strong>in-</strong></span> 
     </span>
    </p>
   </div>
   <div class='ocr_carea' id='block_1_53' title="bbox 1811 2364 3075 2435">
    <p class='ocr_par' dir='ltr' id='par_1_53' title="bbox 1811 2364 3075 2435">
     <span class='ocr_line' id='line_1_53' title="bbox 1811 2364 3075 2435; baseline -0.001 -17"><span class='ocrx_word' id='word_1_385' title='bbox 1811 2364 2027 2419; x_wconf 86' lang='lat' dir='ltr'><strong>sinuare</strong></span> <span class='ocrx_word' id='word_1_386' title='bbox 2058 2370 2266 2435; x_wconf 87' lang='lat' dir='ltr'><strong>appetit</strong></span> <span class='ocrx_word' id='word_1_387' title='bbox 2292 2366 2500 2431; x_wconf 89' lang='lat' dir='ltr'><strong>subdit;</strong></span> <span class='ocrx_word' id='word_1_388' title='bbox 2534 2382 2766 2435; x_wconf 85' lang='lat' dir='ltr'><strong>namque</strong></span> <span class='ocrx_word' id='word_1_389' title='bbox 2794 2366 3036 2434; x_wconf 82' lang='lat' dir='ltr'><strong>sequitur</strong></span> <span class='ocrx_word' id='word_1_390' title='bbox 3062 2383 3075 2417; x_wconf 84' lang='lat'><strong>:</strong></span> 
     </span>
    </p>
   </div>
   <div class='ocr_carea' id='block_1_54' title="bbox 1883 2450 3395 2523">
    <p class='ocr_par' dir='ltr' id='par_1_54' title="bbox 1883 2450 3395 2523">
     <span class='ocr_line' id='line_1_54' title="bbox 1883 2450 3395 2523; baseline -0.001 -18"><span class='ocrx_word' id='word_1_391' title='bbox 1883 2452 2066 2523; x_wconf 76' lang='lat' dir='ltr'><strong>(Vers.</strong></span> <span class='ocrx_word' id='word_1_392' title='bbox 2102 2453 2211 2522; x_wconf 80' lang='lat' dir='ltr'><strong>ll.)</strong></span> <span class='ocrx_word' id='word_1_393' title='bbox 2242 2453 2309 2506; x_wconf 84' lang='lat' dir='ltr'><strong>Et</strong></span> <span class='ocrx_word' id='word_1_394' title='bbox 2353 2456 2429 2507; x_wconf 88' lang='lat' dir='ltr'><strong>ait</strong></span> <span class='ocrx_word' id='word_1_395' title='bbox 2477 2454 2731 2507; x_wconf 87' lang='lat' dir='ltr'><strong>Dominus</strong></span> <span class='ocrx_word' id='word_1_396' title='bbox 2777 2454 2846 2507; x_wconf 89' lang='lat' dir='ltr'><strong>ad</strong></span> <span class='ocrx_word' id='word_1_397' title='bbox 2892 2453 3182 2506; x_wconf 66' lang='lat' dir='ltr'><strong>Samuelem</strong></span> <span class='ocrx_word' id='word_1_398' title='bbox 3212 2467 3229 2505; x_wconf 92' lang='lat'><strong><em>:</em></strong></span> <span class='ocrx_word' id='word_1_399' title='bbox 3262 2450 3395 2504; x_wconf 84' lang='lat' dir='ltr'><strong>Ecce</strong></span> 
     </span>
    </p>
   </div>
   <div class='ocr_carea' id='block_1_55' title="bbox 1814 2542 3395 2615">
    <p class='ocr_par' dir='ltr' id='par_1_55' title="bbox 1814 2542 3395 2615">
     <span class='ocr_line' id='line_1_55' title="bbox 1814 2542 3395 2615; baseline -0.001 -21"><span class='ocrx_word' id='word_1_400' title='bbox 1814 2542 1951 2611; x_wconf 75' lang='lat' dir='ltr'><strong>facio</strong></span> <span class='ocrx_word' id='word_1_401' title='bbox 1983 2542 2185 2596; x_wconf 77' lang='lat' dir='ltr'><strong>verbum</strong></span> <span class='ocrx_word' id='word_1_402' title='bbox 2224 2545 2280 2597; x_wconf 82' lang='lat' dir='ltr'><strong>in</strong></span> <span class='ocrx_word' id='word_1_403' title='bbox 2324 2543 2515 2609; x_wconf 87' lang='lat' dir='ltr'><strong>Israel,</strong></span> <span class='ocrx_word' id='word_1_404' title='bbox 2554 2544 2689 2615; x_wconf 87' lang='lat' dir='ltr'><strong>quod</strong></span> <span class='ocrx_word' id='word_1_405' title='bbox 2726 2545 3013 2614; x_wconf 75' lang='lat' dir='ltr'><strong>quicunque</strong></span> <span class='ocrx_word' id='word_1_406' title='bbox 3040 2543 3258 2595; x_wconf 89' lang='lat' dir='ltr'><strong>audierit</strong></span> <span class='ocrx_word' id='word_1_407' title='bbox 3289 2543 3395 2593; x_wconf 84' lang='lat' dir='ltr'><strong>tin-</strong></span> 
     </span>
    </p>
   </div>
   <div class='ocr_carea' id='block_1_56' title="bbox 1815 2631 2478 2702">
    <p class='ocr_par' dir='ltr' id='par_1_56' title="bbox 1815 2631 2478 2702">
     <span class='ocr_line' id='line_1_56' title="bbox 1815 2631 2478 2702; baseline 0.006 -19"><span class='ocrx_word' id='word_1_408' title='bbox 1815 2631 1953 2683; x_wconf 84' lang='lat' dir='ltr'><strong>nient</strong></span> <span class='ocrx_word' id='word_1_409' title='bbox 1975 2632 2140 2699; x_wconf 72' lang='lat' dir='ltr'><strong>multa</strong></span> <span class='ocrx_word' id='word_1_410' title='bbox 2170 2649 2323 2686; x_wconf 88' lang='lat' dir='ltr'><strong>aures</strong></span> <span class='ocrx_word' id='word_1_411' title='bbox 2345 2633 2478 2702; x_wconf 89' lang='lat' dir='ltr'><strong>ejus.</strong></span> 
     </span>
    </p>
   </div>
   <div class='ocr_carea' id='block_1_57' title="bbox 1884 2718 2810 2793">
    <p class='ocr_par' dir='ltr' id='par_1_57' title="bbox 1884 2718 2810 2793">
     <span class='ocr_line' id='line_1_57' title="bbox 1884 2718 2810 2793; baseline 0.005 -21"><span class='ocrx_word' id='word_1_412' title='bbox 1884 2718 1949 2772; x_wconf 83' lang='lat' dir='ltr'><strong>Et</strong></span> <span class='ocrx_word' id='word_1_413' title='bbox 1976 2722 2114 2775; x_wconf 87' lang='lat' dir='ltr'><strong>idem</strong></span> <span class='ocrx_word' id='word_1_414' title='bbox 2146 2722 2367 2777; x_wconf 89' lang='lat' dir='ltr'><strong>verbum</strong></span> <span class='ocrx_word' id='word_1_415' title='bbox 2392 2723 2663 2793; x_wconf 90' lang='lat' dir='ltr'><strong>aperiens,</strong></span> <span class='ocrx_word' id='word_1_416' title='bbox 2695 2724 2769 2776; x_wconf 92' lang='lat' dir='ltr'><strong>ait</strong></span> <span class='ocrx_word' id='word_1_417' title='bbox 2795 2740 2810 2778; x_wconf 86' lang='lat'>:</span> 
     </span>
    </p>
   </div>
   <div class='ocr_carea' id='block_1_58' title="bbox 1884 2830 3396 2907">
    <p class='ocr_par' dir='ltr' id='par_1_58' title="bbox 1884 2830 3396 2907">
     <span class='ocr_line' id='line_1_58' title="bbox 1884 2830 3396 2907; baseline 0.003 -23"><span class='ocrx_word' id='word_1_418' title='bbox 1884 2830 2065 2901; x_wconf 86' lang='lat' dir='ltr'><strong>(Vers.</strong></span> <span class='ocrx_word' id='word_1_419' title='bbox 2096 2831 2163 2886; x_wconf 78' lang='grc'><strong>15</strong></span> <span class='ocrx_word' id='word_1_420' title='bbox 2190 2842 2243 2887; x_wconf 91' lang='lat' dir='ltr'><strong>et</strong></span> <span class='ocrx_word' id='word_1_421' title='bbox 2270 2833 2381 2903; x_wconf 69' lang='grc'><strong>14.)</strong></span> <span class='ocrx_word' id='word_1_422' title='bbox 2414 2834 2646 2890; x_wconf 70' lang='lat' dir='ltr'><strong>Praedixi</strong></span> <span class='ocrx_word' id='word_1_423' title='bbox 2671 2838 2804 2890; x_wconf 90' lang='lat' dir='ltr'><strong>enim</strong></span> <span class='ocrx_word' id='word_1_424' title='bbox 2828 2838 2877 2890; x_wconf 90' lang='lat' dir='ltr'><strong>ei</strong></span> <span class='ocrx_word' id='word_1_425' title='bbox 2895 2836 3029 2907; x_wconf 85' lang='lat' dir='ltr'><strong>quod</strong></span> <span class='ocrx_word' id='word_1_426' title='bbox 3062 2835 3396 2905; x_wconf 87' lang='lat' dir='ltr'><strong>judicaturus</strong></span> 
     </span>
    </p>
   </div>
   <div class='ocr_carea' id='block_1_59' title="bbox 1816 2926 3389 2997">
    <p class='ocr_par' dir='ltr' id='par_1_59' title="bbox 1816 2926 3389 2997">
     <span class='ocr_line' id='line_1_59' title="bbox 1816 2926 3389 2997; baseline 0.004 -24"><span class='ocrx_word' id='word_1_427' title='bbox 1816 2938 1976 2974; x_wconf 81' lang='lat' dir='ltr'><strong>essem</strong></span> <span class='ocrx_word' id='word_1_428' title='bbox 2004 2926 2211 2977; x_wconf 88' lang='lat' dir='ltr'><strong>domum</strong></span> <span class='ocrx_word' id='word_1_429' title='bbox 2237 2926 2347 2996; x_wconf 86' lang='lat' dir='ltr'><strong>ejus</strong></span> <span class='ocrx_word' id='word_1_430' title='bbox 2376 2943 2531 2997; x_wconf 89' lang='lat' dir='ltr'><strong>usque</strong></span> <span class='ocrx_word' id='word_1_431' title='bbox 2554 2930 2607 2981; x_wconf 90' lang='lat' dir='ltr'><strong>in</strong></span> <span class='ocrx_word' id='word_1_432' title='bbox 2639 2937 2885 2981; x_wconf 65' lang='lat' dir='ltr'><strong>aeternum</strong></span> <span class='ocrx_word' id='word_1_433' title='bbox 2914 2937 3119 2996; x_wconf 87' lang='lat' dir='ltr'><strong>prapter</strong></span> <span class='ocrx_word' id='word_1_434' title='bbox 3144 2927 3389 2996; x_wconf 86' lang='lat' dir='ltr'><strong>iniquita-</strong></span> 
     </span>
    </p>
   </div>
   <div class='ocr_carea' id='block_1_60' title="bbox 1818 3014 3396 3088">
    <p class='ocr_par' dir='ltr' id='par_1_60' title="bbox 1818 3014 3396 3088">
     <span class='ocr_line' id='line_1_60' title="bbox 1818 3014 3396 3088; baseline 0.004 -27"><span class='ocrx_word' id='word_1_435' title='bbox 1818 3018 1939 3077; x_wconf 90' lang='lat' dir='ltr'><strong>tem,</strong></span> <span class='ocrx_word' id='word_1_436' title='bbox 1971 3028 2030 3064; x_wconf 89' lang='lat' dir='ltr'><strong>eo</strong></span> <span class='ocrx_word' id='word_1_437' title='bbox 2062 3014 2197 3081; x_wconf 89' lang='lat' dir='ltr'><strong>quod</strong></span> <span class='ocrx_word' id='word_1_438' title='bbox 2223 3026 2433 3068; x_wconf 77' lang='lat' dir='ltr'><strong>noverat</strong></span> <span class='ocrx_word' id='word_1_439' title='bbox 2455 3016 2667 3088; x_wconf 82' lang='lat' dir='ltr'><strong>indigne</strong></span> <span class='ocrx_word' id='word_1_440' title='bbox 2695 3034 2844 3086; x_wconf 88' lang='lat' dir='ltr'><strong>agere</strong></span> <span class='ocrx_word' id='word_1_441' title='bbox 2871 3018 3007 3084; x_wconf 83' lang='lat' dir='ltr'><strong>ﬁlios</strong></span> <span class='ocrx_word' id='word_1_442' title='bbox 3037 3033 3177 3082; x_wconf 89' lang='lat' dir='ltr'><strong>suos,</strong></span> <span class='ocrx_word' id='word_1_443' title='bbox 3209 3026 3257 3068; x_wconf 90' lang='lat' dir='ltr'><strong>et</strong></span> <span class='ocrx_word' id='word_1_444' title='bbox 3294 3033 3396 3068; x_wconf 84' lang='lat' dir='ltr'><strong>non</strong></span> 
     </span>
    </p>
   </div>
   <div class='ocr_carea' id='block_1_61' title="bbox 1818 3102 3395 3177">
    <p class='ocr_par' dir='ltr' id='par_1_61' title="bbox 1818 3102 3395 3177">
     <span class='ocr_line' id='line_1_61' title="bbox 1818 3102 3395 3177; baseline 0.004 -25"><span class='ocrx_word' id='word_1_445' title='bbox 1818 3102 2067 3171; x_wconf 85' lang='lat' dir='ltr'><strong>corripuit</strong></span> <span class='ocrx_word' id='word_1_446' title='bbox 2095 3120 2202 3157; x_wconf 89' lang='lat' dir='ltr'><strong>eos.</strong></span> <span class='ocrx_word' id='word_1_447' title='bbox 2234 3103 2440 3159; x_wconf 82' lang='lat' dir='ltr'><strong>Idcirco</strong></span> <span class='ocrx_word' id='word_1_448' title='bbox 2462 3108 2638 3177; x_wconf 84' lang='lat' dir='ltr'><strong>juravi</strong></span> <span class='ocrx_word' id='word_1_449' title='bbox 2660 3108 2834 3159; x_wconf 86' lang='lat' dir='ltr'><strong>domui</strong></span> <span class='ocrx_word' id='word_1_450' title='bbox 2865 3106 2983 3159; x_wconf 83' lang='lat' dir='ltr'><strong>Ileli</strong></span> <span class='ocrx_word' id='word_1_451' title='bbox 3009 3106 3143 3175; x_wconf 89' lang='lat' dir='ltr'><strong>quod</strong></span> <span class='ocrx_word' id='word_1_452' title='bbox 3174 3123 3275 3159; x_wconf 89' lang='lat' dir='ltr'><strong>non</strong></span> <span class='ocrx_word' id='word_1_453' title='bbox 3302 3124 3395 3158; x_wconf 77' lang='lat' dir='ltr'><strong>ex-</strong></span> 
     </span>
    </p>
   </div>
   <div class='ocr_carea' id='block_1_62' title="bbox 162 3170 3395 3267">
    <p class='ocr_par' dir='ltr' id='par_1_62' title="bbox 162 3170 3395 3267">
     <span class='ocr_line' id='line_1_62' title="bbox 162 3170 3395 3267; baseline -0.001 -17"><span class='ocrx_word' id='word_1_454' title='bbox 162 3198 267 3250; x_wconf 79' lang='lat' dir='ltr'><strong>Non</strong></span> <span class='ocrx_word' id='word_1_455' title='bbox 290 3215 394 3251; x_wconf 83' lang='lat' dir='ltr'><strong>sum</strong></span> <span class='ocrx_word' id='word_1_456' title='bbox 422 3198 611 3252; x_wconf 84' lang='lat' dir='ltr'><strong>missus</strong></span> <span class='ocrx_word' id='word_1_457' title='bbox 658 3199 761 3251; x_wconf 89' lang='lat' dir='ltr'><strong>nisi</strong></span> <span class='ocrx_word' id='word_1_458' title='bbox 807 3199 875 3251; x_wconf 91' lang='lat' dir='ltr'><strong>ad</strong></span> <span class='ocrx_word' id='word_1_459' title='bbox 917 3214 1032 3251; x_wconf 83' lang='lat' dir='ltr'><strong>ores</strong></span> <span class='ocrx_word' id='word_1_460' title='bbox 1069 3213 1184 3267; x_wconf 76' lang='lat' dir='ltr'><strong>quae</strong></span> <span class='ocrx_word' id='word_1_461' title='bbox 1228 3197 1489 3265; x_wconf 88' lang='lat' dir='ltr'><strong>perierunt</strong></span> <span class='ocrx_word' id='word_1_462' title='bbox 1528 3194 1711 3247; x_wconf 86' lang='lat' dir='ltr'><strong>domus</strong></span> <span class='ocrx_word' id='word_1_463' title='bbox 1742 3170 1787 3231; x_wconf 81' lang='lat' dir='ltr'><strong><em>C</em></strong></span> <span class='ocrx_word' id='word_1_464' title='bbox 1818 3190 1987 3259; x_wconf 88' lang='lat' dir='ltr'><strong>pietur</strong></span> <span class='ocrx_word' id='word_1_465' title='bbox 2032 3192 2275 3264; x_wconf 84' lang='lat' dir='ltr'><strong>iniquitas</strong></span> <span class='ocrx_word' id='word_1_466' title='bbox 2319 3170 2500 3250; x_wconf 70' lang='lat' dir='ltr'><strong>domus</strong></span> <span class='ocrx_word' id='word_1_467' title='bbox 2527 3197 2640 3267; x_wconf 83' lang='lat' dir='ltr'><strong>ejus</strong></span> <span class='ocrx_word' id='word_1_468' title='bbox 2668 3197 2882 3251; x_wconf 83' lang='lat' dir='ltr'><strong>victimis</strong></span> <span class='ocrx_word' id='word_1_469' title='bbox 2920 3204 2969 3249; x_wconf 91' lang='lat' dir='ltr'><strong>et</strong></span> <span class='ocrx_word' id='word_1_470' title='bbox 3015 3170 3306 3249; x_wconf 73' lang='lat' dir='ltr'><strong>muneribus</strong></span> <span class='ocrx_word' id='word_1_471' title='bbox 3335 3197 3395 3247; x_wconf 81' lang='lat' dir='ltr'><strong>in</strong></span> 
     </span>
    </p>
   </div>
   <div class='ocr_carea' id='block_1_63' title="bbox 164 3285 1713 3357">
    <p class='ocr_par' dir='ltr' id='par_1_63' title="bbox 164 3285 1713 3357">
     <span class='ocr_line' id='line_1_63' title="bbox 164 3285 1713 3357; baseline -0.002 -16"><span class='ocrx_word' id='word_1_472' title='bbox 164 3285 309 3341; x_wconf 80' lang='lat' dir='ltr'><strong>Israel</strong></span> <span class='ocrx_word' id='word_1_473' title='bbox 343 3287 555 3357; x_wconf 72' lang='lat' dir='ltr'><strong>(Matth.</strong></span> <span class='ocrx_word' id='word_1_474' title='bbox 590 3304 684 3355; x_wconf 83' lang='lat' dir='ltr'><strong>xv,</strong></span> <span class='ocrx_word' id='word_1_475' title='bbox 712 3287 829 3356; x_wconf 64' lang='lat'><strong>24).</strong></span> <span class='ocrx_word' id='word_1_476' title='bbox 860 3287 964 3343; x_wconf 88' lang='lat' dir='ltr'><strong>Sed</strong></span> <span class='ocrx_word' id='word_1_477' title='bbox 994 3288 1214 3341; x_wconf 82' lang='lat' dir='ltr'><strong>veniens</strong></span> <span class='ocrx_word' id='word_1_478' title='bbox 1245 3303 1351 3340; x_wconf 89' lang='lat' dir='ltr'><strong>non</strong></span> <span class='ocrx_word' id='word_1_479' title='bbox 1380 3288 1556 3348; x_wconf 88' lang='lat' dir='ltr'><strong>stetit,</strong></span> <span class='ocrx_word' id='word_1_480' title='bbox 1588 3285 1713 3355; x_wconf 82' lang='lat' dir='ltr'><strong>quia</strong></span> 
     </span>
    </p>
   </div>
   <div class='ocr_carea' id='block_1_64' title="bbox 161 3374 1719 3434">
    <p class='ocr_par' dir='ltr' id='par_1_64' title="bbox 161 3374 1719 3434">
     <span class='ocr_line' id='line_1_64' title="bbox 161 3374 1719 3434; baseline -0.001 -3"><span class='ocrx_word' id='word_1_481' title='bbox 161 3380 326 3432; x_wconf 83' lang='lat' dir='ltr'><strong>salutis</strong></span> <span class='ocrx_word' id='word_1_482' title='bbox 354 3394 460 3433; x_wconf 78' lang='lat' dir='ltr'><strong>suae</strong></span> <span class='ocrx_word' id='word_1_483' title='bbox 489 3380 694 3433; x_wconf 91' lang='lat' dir='ltr'><strong>bonum</strong></span> <span class='ocrx_word' id='word_1_484' title='bbox 724 3386 1160 3434; x_wconf 89' lang='lat' dir='ltr'><strong>contemnentem</strong></span> <span class='ocrx_word' id='word_1_485' title='bbox 1191 3376 1450 3432; x_wconf 89' lang='lat' dir='ltr'><strong>deseruit.</strong></span> <span class='ocrx_word' id='word_1_486' title='bbox 1481 3374 1631 3430; x_wconf 85' lang='lat' dir='ltr'><strong>Unde</strong></span> <span class='ocrx_word' id='word_1_487' title='bbox 1660 3384 1719 3429; x_wconf 85' lang='lat' dir='ltr'><strong>et</strong></span> 
     </span>
    </p>
   </div>
   <div class='ocr_carea' id='block_1_65' title="bbox 162 3464 1717 3537">
    <p class='ocr_par' dir='ltr' id='par_1_65' title="bbox 162 3464 1717 3537">
     <span class='ocr_line' id='line_1_65' title="bbox 162 3464 1717 3537; baseline -0.002 -18"><span class='ocrx_word' id='word_1_488' title='bbox 162 3467 425 3537; x_wconf 74' lang='lat' dir='ltr'><strong>Synagoga:</strong></span> <span class='ocrx_word' id='word_1_489' title='bbox 462 3468 795 3537; x_wconf 66' lang='lat' dir='ltr'><strong>principibus</strong></span> <span class='ocrx_word' id='word_1_490' title='bbox 823 3469 1079 3534; x_wconf 87' lang='lat' dir='ltr'><strong>minatur,</strong></span> <span class='ocrx_word' id='word_1_491' title='bbox 1126 3466 1308 3521; x_wconf 89' lang='lat' dir='ltr'><strong>dicens</strong></span> <span class='ocrx_word' id='word_1_492' title='bbox 1340 3484 1354 3518; x_wconf 91' lang='lat'>:</span> <span class='ocrx_word' id='word_1_493' title='bbox 1384 3464 1717 3535; x_wconf 85' lang='lat' dir='ltr'><strong>Relinquetur</strong></span> 
     </span>
    </p>
   </div>
   <div class='ocr_carea' id='block_1_66' title="bbox 163 3555 1717 3627">
    <p class='ocr_par' dir='ltr' id='par_1_66' title="bbox 163 3555 1717 3627">
     <span class='ocr_line' id='line_1_66' title="bbox 163 3555 1717 3627; baseline -0.003 -16"><span class='ocrx_word' id='word_1_494' title='bbox 163 3558 281 3612; x_wconf 76' lang='lat' dir='ltr'><strong>vobis</strong></span> <span class='ocrx_word' id='word_1_495' title='bbox 303 3559 475 3613; x_wconf 84' lang='lat' dir='ltr'><strong>domus</strong></span> <span class='ocrx_word' id='word_1_496' title='bbox 498 3570 671 3613; x_wconf 80' lang='lat' dir='ltr'><strong>uestra</strong></span> <span class='ocrx_word' id='word_1_497' title='bbox 692 3557 1097 3627; x_wconf 77' lang='lat' dir='ltr'><strong>deserta(lbid.,</strong></span> <span class='ocrx_word' id='word_1_498' title='bbox 1114 3574 1263 3619; x_wconf 78' lang='lat' dir='ltr'><strong>xxnt,</strong></span> <span class='ocrx_word' id='word_1_499' title='bbox 1281 3555 1394 3625; x_wconf 75' lang='lat'><strong>38).</strong></span> <span class='ocrx_word' id='word_1_500' title='bbox 1428 3555 1559 3608; x_wconf 82' lang='lat' dir='ltr'><strong>llinc</strong></span> <span class='ocrx_word' id='word_1_501' title='bbox 1589 3555 1717 3607; x_wconf 91' lang='lat' dir='ltr'><strong>item</strong></span> 
     </span>
    </p>
   </div>
   <div class='ocr_carea' id='block_1_67' title="bbox 164 3644 1719 3718">
    <p class='ocr_par' dir='ltr' id='par_1_67' title="bbox 164 3644 1719 3718">
     <span class='ocr_line' id='line_1_67' title="bbox 164 3644 1719 3718; baseline 0 -19"><span class='ocrx_word' id='word_1_502' title='bbox 164 3646 474 3712; x_wconf 84' lang='lat' dir='ltr'><strong>denuntians,</strong></span> <span class='ocrx_word' id='word_1_503' title='bbox 501 3649 577 3702; x_wconf 89' lang='lat' dir='ltr'><strong>ait</strong></span> <span class='ocrx_word' id='word_1_504' title='bbox 594 3666 608 3700; x_wconf 88' lang='lat'><strong>:</strong></span> <span class='ocrx_word' id='word_1_505' title='bbox 625 3648 785 3701; x_wconf 81' lang='lat' dir='ltr'><strong>Amen</strong></span> <span class='ocrx_word' id='word_1_506' title='bbox 803 3649 918 3702; x_wconf 89' lang='lat' dir='ltr'><strong>dico</strong></span> <span class='ocrx_word' id='word_1_507' title='bbox 938 3648 1076 3702; x_wconf 80' lang='lat' dir='ltr'><strong>vobis</strong></span> <span class='ocrx_word' id='word_1_508' title='bbox 1103 3649 1223 3717; x_wconf 91' lang='lat' dir='ltr'><strong>quia</strong></span> <span class='ocrx_word' id='word_1_509' title='bbox 1243 3650 1507 3718; x_wconf 74' lang='lat' dir='ltr'><strong>auferetur</strong></span> <span class='ocrx_word' id='word_1_510' title='bbox 1526 3663 1557 3699; x_wconf 89' lang='lat' dir='ltr'><strong>a</strong></span> <span class='ocrx_word' id='word_1_511' title='bbox 1578 3644 1719 3699; x_wconf 80' lang='lat' dir='ltr'><strong>vobis</strong></span> 
     </span>
    </p>
   </div>
   <div class='ocr_carea' id='block_1_68' title="bbox 170 3735 1720 3810">
    <p class='ocr_par' dir='ltr' id='par_1_68' title="bbox 170 3735 1720 3810">
     <span class='ocr_line' id='line_1_68' title="bbox 170 3735 1720 3810; baseline -0.001 -18"><span class='ocrx_word' id='word_1_512' title='bbox 170 3740 305 3809; x_wconf 72' lang='lat'><strong>120</strong></span> <span class='ocrx_word' id='word_1_513' title='bbox 328 3756 556 3810; x_wconf 80' lang='lat' dir='ltr'><strong>regnum,</strong></span> <span class='ocrx_word' id='word_1_514' title='bbox 573 3748 623 3793; x_wconf 91' lang='lat' dir='ltr'><strong>et</strong></span> <span class='ocrx_word' id='word_1_515' title='bbox 646 3738 855 3793; x_wconf 85' lang='lat' dir='ltr'><strong>dabitur</strong></span> <span class='ocrx_word' id='word_1_516' title='bbox 874 3741 1013 3810; x_wconf 84' lang='lat' dir='ltr'><strong>genti</strong></span> <span class='ocrx_word' id='word_1_517' title='bbox 1038 3740 1251 3809; x_wconf 81' lang='lat' dir='ltr'><strong>facienti</strong></span> <span class='ocrx_word' id='word_1_518' title='bbox 1270 3740 1466 3809; x_wconf 81' lang='lat' dir='ltr'><strong>fructus</strong></span> <span class='ocrx_word' id='word_1_519' title='bbox 1488 3738 1619 3808; x_wconf 82' lang='lat' dir='ltr'><strong>ejus.</strong></span> <span class='ocrx_word' id='word_1_520' title='bbox 1639 3735 1720 3791; x_wconf 84' lang='lat' dir='ltr'><strong>Ad</strong></span> 
     </span>
    </p>
   </div>
   <div class='ocr_carea' id='block_1_69' title="bbox 165 3828 1721 3899">
    <p class='ocr_par' dir='ltr' id='par_1_69' title="bbox 165 3828 1721 3899">
     <span class='ocr_line' id='line_1_69' title="bbox 165 3828 1721 3899; baseline -0.001 -18"><span class='ocrx_word' id='word_1_521' title='bbox 165 3828 439 3884; x_wconf 86' lang='lat' dir='ltr'><strong>Samuelem</strong></span> <span class='ocrx_word' id='word_1_522' title='bbox 468 3830 655 3899; x_wconf 89' lang='lat' dir='ltr'><strong>itaque</strong></span> <span class='ocrx_word' id='word_1_523' title='bbox 680 3829 848 3890; x_wconf 85' lang='lat' dir='ltr'><strong>venit.</strong></span> <span class='ocrx_word' id='word_1_524' title='bbox 902 3837 956 3883; x_wconf 86' lang='lat' dir='ltr'><strong>et</strong></span> <span class='ocrx_word' id='word_1_525' title='bbox 981 3830 1150 3893; x_wconf 89' lang='lat' dir='ltr'><strong>stetit,</strong></span> <span class='ocrx_word' id='word_1_526' title='bbox 1192 3830 1315 3897; x_wconf 89' lang='lat' dir='ltr'><strong>quia</strong></span> <span class='ocrx_word' id='word_1_527' title='bbox 1344 3828 1721 3896; x_wconf 63' lang='lat' dir='ltr'><strong>praedicatores</strong></span> 
     </span>
    </p>
   </div>
   <div class='ocr_carea' id='block_1_70' title="bbox 166 3919 1720 3989">
    <p class='ocr_par' dir='ltr' id='par_1_70' title="bbox 166 3919 1720 3989">
     <span class='ocr_line' id='line_1_70' title="bbox 166 3919 1720 3989; baseline -0.001 -18"><span class='ocrx_word' id='word_1_528' title='bbox 166 3930 342 3974; x_wconf 78' lang='lat' dir='ltr'><strong>sanctae</strong></span> <span class='ocrx_word' id='word_1_529' title='bbox 368 3919 621 3975; x_wconf 68' lang='lat' dir='ltr'><strong>Ecclesia:</strong></span> <span class='ocrx_word' id='word_1_530' title='bbox 648 3920 817 3975; x_wconf 87' lang='lat' dir='ltr'><strong>semel</strong></span> <span class='ocrx_word' id='word_1_531' title='bbox 846 3920 1164 3989; x_wconf 89' lang='lat' dir='ltr'><strong>assumpsit,</strong></span> <span class='ocrx_word' id='word_1_532' title='bbox 1202 3935 1234 3973; x_wconf 91' lang='lat' dir='ltr'><strong>a</strong></span> <span class='ocrx_word' id='word_1_533' title='bbox 1279 3919 1473 3988; x_wconf 85' lang='lat' dir='ltr'><strong>quibus</strong></span> <span class='ocrx_word' id='word_1_534' title='bbox 1503 3933 1600 3987; x_wconf 90' lang='lat' dir='ltr'><strong>per</strong></span> <span class='ocrx_word' id='word_1_535' title='bbox 1626 3933 1720 3970; x_wconf 91' lang='lat' dir='ltr'><strong>cu-</strong></span> 
     </span>
    </p>
   </div>
   <div class='ocr_carea' id='block_1_71' title="bbox 168 4006 1721 4080">
    <p class='ocr_par' dir='ltr' id='par_1_71' title="bbox 168 4006 1721 4080">
     <span class='ocr_line' id='line_1_71' title="bbox 168 4006 1721 4080; baseline -0.001 -19"><span class='ocrx_word' id='word_1_536' title='bbox 168 4011 369 4063; x_wconf 86' lang='lat' dir='ltr'><strong>stodiam</strong></span> <span class='ocrx_word' id='word_1_537' title='bbox 412 4027 523 4066; x_wconf 73' lang='lat' dir='ltr'><strong>sua:</strong></span> <span class='ocrx_word' id='word_1_538' title='bbox 560 4012 747 4080; x_wconf 63' lang='lat' dir='ltr'><strong>gratiae</strong></span> <span class='ocrx_word' id='word_1_539' title='bbox 796 4010 1019 4066; x_wconf 87' lang='lat' dir='ltr'><strong>ulterius</strong></span> <span class='ocrx_word' id='word_1_540' title='bbox 1058 4026 1165 4065; x_wconf 89' lang='lat' dir='ltr'><strong>non</strong></span> <span class='ocrx_word' id='word_1_541' title='bbox 1209 4009 1432 4064; x_wconf 86' lang='lat' dir='ltr'><strong>recedit.</strong></span> <span class='ocrx_word' id='word_1_542' title='bbox 1476 4009 1606 4063; x_wconf 85' lang='lat' dir='ltr'><strong>Nam</strong></span> <span class='ocrx_word' id='word_1_543' title='bbox 1654 4006 1721 4060; x_wconf 92' lang='lat' dir='ltr'><strong>ad</strong></span> 
     </span>
    </p>
   </div>
   <div class='ocr_carea' id='block_1_72' title="bbox 169 4098 1721 4170">
    <p class='ocr_par' dir='ltr' id='par_1_72' title="bbox 169 4098 1721 4170">
     <span class='ocr_line' id='line_1_72' title="bbox 169 4098 1721 4170; baseline -0.001 -19"><span class='ocrx_word' id='word_1_544' title='bbox 169 4098 448 4156; x_wconf 85' lang='lat' dir='ltr'><strong>Samuelem</strong></span> <span class='ocrx_word' id='word_1_545' title='bbox 479 4110 723 4166; x_wconf 87' lang='lat' dir='ltr'><strong>venerat,</strong></span> <span class='ocrx_word' id='word_1_546' title='bbox 755 4116 876 4157; x_wconf 91' lang='lat' dir='ltr'><strong>cum</strong></span> <span class='ocrx_word' id='word_1_547' title='bbox 907 4116 1078 4156; x_wconf 90' lang='lat' dir='ltr'><strong>novos</strong></span> <span class='ocrx_word' id='word_1_548' title='bbox 1106 4099 1391 4170; x_wconf 76' lang='lat' dir='ltr'><strong>praeferens</strong></span> <span class='ocrx_word' id='word_1_549' title='bbox 1429 4100 1545 4153; x_wconf 90' lang='lat' dir='ltr'><strong>orbi</strong></span> <span class='ocrx_word' id='word_1_550' title='bbox 1588 4112 1721 4166; x_wconf 58' lang='lat' dir='ltr'><strong>prauo</strong></span> 
     </span>
    </p>
   </div>
   <div class='ocr_carea' id='block_1_73' title="bbox 170 4188 1723 4257">
    <p class='ocr_par' dir='ltr' id='par_1_73' title="bbox 170 4188 1723 4257">
     <span class='ocr_line' id='line_1_73' title="bbox 170 4188 1723 4257; baseline 0.001 -18"><span class='ocrx_word' id='word_1_551' title='bbox 170 4190 427 4249; x_wconf 87' lang='lat' dir='ltr'><strong>dicatores.</strong></span> <span class='ocrx_word' id='word_1_552' title='bbox 451 4190 672 4245; x_wconf 89' lang='lat' dir='ltr'><strong>dicebat</strong></span> <span class='ocrx_word' id='word_1_553' title='bbox 695 4208 709 4244; x_wconf 73' lang='grc' dir='ltr'>ε</span> <span class='ocrx_word' id='word_1_554' title='bbox 738 4191 821 4245; x_wconf 88' lang='lat' dir='ltr'><strong>Ite</strong></span> <span class='ocrx_word' id='word_1_555' title='bbox 846 4192 901 4244; x_wconf 83' lang='lat' dir='ltr'><strong>in</strong></span> <span class='ocrx_word' id='word_1_556' title='bbox 926 4191 1099 4246; x_wconf 84' lang='lat' dir='ltr'><strong>orbem</strong></span> <span class='ocrx_word' id='word_1_557' title='bbox 1126 4193 1435 4252; x_wconf 88' lang='lat' dir='ltr'><strong>universum,</strong></span> <span class='ocrx_word' id='word_1_558' title='bbox 1458 4199 1505 4242; x_wconf 89' lang='lat' dir='ltr'><strong>et</strong></span> <span class='ocrx_word' id='word_1_559' title='bbox 1530 4188 1723 4257; x_wconf 69' lang='lat' dir='ltr'><strong>praedi-</strong></span> 
     </span>
    </p>
   </div>
   <div class='ocr_carea' id='block_1_74' title="bbox 172 4279 1727 4353">
    <p class='ocr_par' dir='ltr' id='par_1_74' title="bbox 172 4279 1727 4353">
     <span class='ocr_line' id='line_1_74' title="bbox 172 4279 1727 4353; baseline 0.001 -23"><span class='ocrx_word' id='word_1_560' title='bbox 172 4289 269 4333; x_wconf 82' lang='lat' dir='ltr'><strong>cate</strong></span> <span class='ocrx_word' id='word_1_561' title='bbox 309 4279 647 4352; x_wconf 83' lang='lat' dir='ltr'><strong>Erangelium</strong></span> <span class='ocrx_word' id='word_1_562' title='bbox 693 4284 833 4336; x_wconf 85' lang='lat' dir='ltr'><strong>omni</strong></span> <span class='ocrx_word' id='word_1_563' title='bbox 882 4291 1169 4347; x_wconf 67' lang='lat' dir='ltr'><strong>creaturae;</strong></span> <span class='ocrx_word' id='word_1_564' title='bbox 1220 4284 1305 4353; x_wconf 89' lang='lat' dir='ltr'><strong>qui</strong></span> <span class='ocrx_word' id='word_1_565' title='bbox 1333 4281 1625 4342; x_wconf 73' lang='lat' dir='ltr'><strong>crediderit,</strong></span> <span class='ocrx_word' id='word_1_566' title='bbox 1677 4288 1727 4333; x_wconf 91' lang='lat' dir='ltr'><strong>et</strong></span> 
     </span>
    </p>
   </div>
   <div class='ocr_carea' id='block_1_75' title="bbox 172 4369 1722 4444">
    <p class='ocr_par' dir='ltr' id='par_1_75' title="bbox 172 4369 1722 4444">
     <span class='ocr_line' id='line_1_75' title="bbox 172 4369 1722 4444; baseline 0.003 -25"><span class='ocrx_word' id='word_1_567' title='bbox 172 4369 430 4437; x_wconf 68' lang='lat' dir='ltr'><strong>baptizatus</strong></span> <span class='ocrx_word' id='word_1_568' title='bbox 459 4373 637 4441; x_wconf 76' lang='lat' dir='ltr'><strong>fuerit,</strong></span> <span class='ocrx_word' id='word_1_569' title='bbox 666 4373 837 4427; x_wconf 82' lang='lat' dir='ltr'><strong>salvus</strong></span> <span class='ocrx_word' id='word_1_570' title='bbox 864 4375 997 4437; x_wconf 88' lang='lat' dir='ltr'><strong>erit;</strong></span> <span class='ocrx_word' id='word_1_571' title='bbox 1035 4375 1121 4444; x_wconf 88' lang='lat' dir='ltr'><strong>qui</strong></span> <span class='ocrx_word' id='word_1_572' title='bbox 1151 4390 1267 4426; x_wconf 85' lang='lat' dir='ltr'><strong>vero</strong></span> <span class='ocrx_word' id='word_1_573' title='bbox 1292 4388 1396 4425; x_wconf 86' lang='lat' dir='ltr'><strong>non</strong></span> <span class='ocrx_word' id='word_1_574' title='bbox 1426 4370 1722 4434; x_wconf 83' lang='lat' dir='ltr'><strong>crediderit,</strong></span> 
     </span>
    </p>
   </div>
   <div class='ocr_carea' id='block_1_76' title="bbox 174 4461 1726 4535">
    <p class='ocr_par' dir='ltr' id='par_1_76' title="bbox 174 4461 1726 4535">
     <span class='ocr_line' id='line_1_76' title="bbox 174 4461 1726 4535; baseline 0.001 -22"><span class='ocrx_word' id='word_1_575' title='bbox 174 4463 568 4517; x_wconf 80' lang='lat' dir='ltr'><strong>condemnabitur</strong></span> <span class='ocrx_word' id='word_1_576' title='bbox 589 4464 783 4531; x_wconf 73' lang='lat' dir='ltr'><strong>(Marc.</strong></span> <span class='ocrx_word' id='word_1_577' title='bbox 818 4481 926 4531; x_wconf 74' lang='lat' dir='ltr'><strong>xvr,</strong></span> <span class='ocrx_word' id='word_1_578' title='bbox 960 4464 1043 4528; x_wconf 81' lang='grc'><strong>15,</strong></span> <span class='ocrx_word' id='word_1_579' title='bbox 1075 4464 1229 4535; x_wconf 88' lang='lat' dir='ltr'><strong>seq.).</strong></span> <span class='ocrx_word' id='word_1_580' title='bbox 1248 4462 1356 4518; x_wconf 91' lang='lat' dir='ltr'><strong>Sed</strong></span> <span class='ocrx_word' id='word_1_581' title='bbox 1386 4463 1430 4517; x_wconf 88' lang='lat' dir='ltr'><strong>si</strong></span> <span class='ocrx_word' id='word_1_582' title='bbox 1456 4471 1602 4517; x_wconf 88' lang='lat' dir='ltr'><strong>stare</strong></span> <span class='ocrx_word' id='word_1_583' title='bbox 1630 4461 1726 4515; x_wconf 81' lang='lat' dir='ltr'><strong>de-</strong></span> 
     </span>
    </p>
   </div>
   <div class='ocr_carea' id='block_1_77' title="bbox 173 4550 1727 4624">
    <p class='ocr_par' dir='ltr' id='par_1_77' title="bbox 173 4550 1727 4624">
     <span class='ocr_line' id='line_1_77' title="bbox 173 4550 1727 4624; baseline -0.001 -19"><span class='ocrx_word' id='word_1_584' title='bbox 173 4553 278 4607; x_wconf 78' lang='lat' dir='ltr'><strong>beat</strong></span> <span class='ocrx_word' id='word_1_585' title='bbox 312 4556 395 4623; x_wconf 91' lang='lat' dir='ltr'><strong>qui</strong></span> <span class='ocrx_word' id='word_1_586' title='bbox 426 4557 577 4609; x_wconf 87' lang='lat' dir='ltr'><strong>venit</strong></span> <span class='ocrx_word' id='word_1_587' title='bbox 626 4556 913 4621; x_wconf 89' lang='lat' dir='ltr'><strong>Dominus,</strong></span> <span class='ocrx_word' id='word_1_588' title='bbox 956 4556 1102 4610; x_wconf 83' lang='lat' dir='ltr'><strong>dicat</strong></span> <span class='ocrx_word' id='word_1_589' title='bbox 1130 4572 1142 4607; x_wconf 90' lang='lat'><strong>:</strong></span> <span class='ocrx_word' id='word_1_590' title='bbox 1174 4553 1308 4607; x_wconf 83' lang='lat' dir='ltr'><strong>Ecce</strong></span> <span class='ocrx_word' id='word_1_591' title='bbox 1349 4570 1442 4624; x_wconf 87' lang='lat' dir='ltr'><strong>ego</strong></span> <span class='ocrx_word' id='word_1_592' title='bbox 1471 4550 1727 4605; x_wconf 79' lang='lat' dir='ltr'><strong>uobiscum</strong></span> 
     </span>
    </p>
   </div>
   <div class='ocr_carea' id='block_1_78' title="bbox 173 4642 1727 4714">
    <p class='ocr_par' dir='ltr' id='par_1_78' title="bbox 173 4642 1727 4714">
     <span class='ocr_line' id='line_1_78' title="bbox 173 4642 1727 4714; baseline 0.001 -23"><span class='ocrx_word' id='word_1_593' title='bbox 173 4656 267 4693; x_wconf 71' lang='lat' dir='ltr'><strong>sum</strong></span> <span class='ocrx_word' id='word_1_594' title='bbox 286 4646 513 4698; x_wconf 81' lang='lat' dir='ltr'><strong>omnibus</strong></span> <span class='ocrx_word' id='word_1_595' title='bbox 543 4646 721 4699; x_wconf 84' lang='lat' dir='ltr'><strong>diebus</strong></span> <span class='ocrx_word' id='word_1_596' title='bbox 751 4663 907 4714; x_wconf 83' lang='lat' dir='ltr'><strong>usque</strong></span> <span class='ocrx_word' id='word_1_597' title='bbox 936 4646 1005 4697; x_wconf 89' lang='lat' dir='ltr'><strong>ad</strong></span> <span class='ocrx_word' id='word_1_598' title='bbox 1030 4646 1521 4698; x_wconf 82' lang='lat' dir='ltr'><strong>consummationem</strong></span> <span class='ocrx_word' id='word_1_599' title='bbox 1547 4642 1727 4696; x_wconf 67' lang='lat' dir='ltr'><strong>saeculi</strong></span> 
     </span>
    </p>
   </div>
   <div class='ocr_carea' id='block_1_79' title="bbox 175 4728 1727 4805">
    <p class='ocr_par' dir='ltr' id='par_1_79' title="bbox 175 4728 1727 4805">
     <span class='ocr_line' id='line_1_79' title="bbox 175 4728 1727 4805; baseline 0.001 -24"><span class='ocrx_word' id='word_1_600' title='bbox 175 4728 361 4796; x_wconf 68' lang='lat' dir='ltr'><strong>(Matth.</strong></span> <span class='ocrx_word' id='word_1_601' title='bbox 393 4749 590 4797; x_wconf 77' lang='lat' dir='ltr'><strong>xxvm,</strong></span> <span class='ocrx_word' id='word_1_602' title='bbox 622 4734 736 4805; x_wconf 69' lang='grc' dir='ltr'><strong>ΞΟ).</strong></span> <span class='ocrx_word' id='word_1_603' title='bbox 769 4734 1009 4789; x_wconf 81' lang='lat' dir='ltr'><strong>Venerat</strong></span> <span class='ocrx_word' id='word_1_604' title='bbox 1035 4748 1165 4801; x_wconf 91' lang='lat' dir='ltr'><strong>ergo</strong></span> <span class='ocrx_word' id='word_1_605' title='bbox 1196 4733 1482 4796; x_wconf 88' lang='lat' dir='ltr'><strong>Dominus,</strong></span> <span class='ocrx_word' id='word_1_606' title='bbox 1516 4746 1623 4783; x_wconf 90' lang='lat' dir='ltr'><strong>non</strong></span> <span class='ocrx_word' id='word_1_607' title='bbox 1671 4737 1727 4783; x_wconf 91' lang='lat' dir='ltr'><strong>ut</strong></span> 
     </span>
    </p>
   </div>
   <div class='ocr_carea' id='block_1_80' title="bbox 174 4822 1729 4891">
    <p class='ocr_par' dir='ltr' id='par_1_80' title="bbox 174 4822 1729 4891">
     <span class='ocr_line' id='line_1_80' title="bbox 174 4822 1729 4891; baseline 0.002 -19"><span class='ocrx_word' id='word_1_608' title='bbox 174 4822 455 4888; x_wconf 81' lang='lat' dir='ltr'><strong>recederet,</strong></span> <span class='ocrx_word' id='word_1_609' title='bbox 484 4825 584 4880; x_wconf 84' lang='lat' dir='ltr'><strong>sed</strong></span> <span class='ocrx_word' id='word_1_610' title='bbox 631 4836 690 4879; x_wconf 90' lang='lat' dir='ltr'><strong>ut</strong></span> <span class='ocrx_word' id='word_1_611' title='bbox 734 4835 933 4891; x_wconf 88' lang='lat' dir='ltr'><strong>staret,</strong></span> <span class='ocrx_word' id='word_1_612' title='bbox 965 4827 1085 4890; x_wconf 85' lang='lat' dir='ltr'><strong>quia</strong></span> <span class='ocrx_word' id='word_1_613' title='bbox 1117 4839 1285 4879; x_wconf 88' lang='lat' dir='ltr'><strong>novos</strong></span> <span class='ocrx_word' id='word_1_614' title='bbox 1312 4824 1433 4878; x_wconf 84' lang='lat' dir='ltr'><strong>lidei</strong></span> <span class='ocrx_word' id='word_1_615' title='bbox 1459 4822 1729 4877; x_wconf 87' lang='lat' dir='ltr'><strong>ministros</strong></span> 
     </span>
    </p>
   </div>
   <div class='ocr_carea' id='block_1_81' title="bbox 174 4908 1727 4982">
    <p class='ocr_par' dir='ltr' id='par_1_81' title="bbox 174 4908 1727 4982">
     <span class='ocr_line' id='line_1_81' title="bbox 174 4908 1727 4982; baseline -0.011 -4"><span class='ocrx_word' id='word_1_616' title='bbox 174 4908 332 4977; x_wconf 70' lang='grc' dir='ltr'><strong>ειθείε,</strong></span> <span class='ocrx_word' id='word_1_617' title='bbox 364 4927 500 4980; x_wconf 88' lang='lat' dir='ltr'><strong>quos</strong></span> <span class='ocrx_word' id='word_1_618' title='bbox 548 4930 717 4981; x_wconf 87' lang='lat' dir='ltr'><strong>usque</strong></span> <span class='ocrx_word' id='word_1_619' title='bbox 766 4916 819 4968; x_wconf 88' lang='lat' dir='ltr'><strong>in</strong></span> <span class='ocrx_word' id='word_1_620' title='bbox 869 4914 1053 4968; x_wconf 90' lang='lat' dir='ltr'><strong>mundi</strong></span> <span class='ocrx_word' id='word_1_621' title='bbox 1104 4914 1263 4967; x_wconf 83' lang='lat' dir='ltr'><strong>linem</strong></span> <span class='ocrx_word' id='word_1_622' title='bbox 1300 4927 1399 4982; x_wconf 89' lang='lat' dir='ltr'><strong>per</strong></span> <span class='ocrx_word' id='word_1_623' title='bbox 1423 4918 1727 4965; x_wconf 82' lang='lat' dir='ltr'><strong>sanctarum</strong></span> 
     </span>
    </p>
   </div>
   <div class='ocr_carea' id='block_1_82' title="bbox 173 4998 1730 5073">
    <p class='ocr_par' dir='ltr' id='par_1_82' title="bbox 173 4998 1730 5073">
     <span class='ocr_line' id='line_1_82' title="bbox 173 4998 1730 5073; baseline 0.002 -23"><span class='ocrx_word' id='word_1_624' title='bbox 173 5001 406 5055; x_wconf 82' lang='lat' dir='ltr'><strong>virtutum</strong></span> <span class='ocrx_word' id='word_1_625' title='bbox 435 5002 538 5057; x_wconf 88' lang='lat' dir='ltr'><strong>sibi</strong></span> <span class='ocrx_word' id='word_1_626' title='bbox 563 5005 943 5073; x_wconf 83' lang='lat' dir='ltr'><strong>patrimonium</strong></span> <span class='ocrx_word' id='word_1_627' title='bbox 967 5004 1318 5059; x_wconf 89' lang='lat' dir='ltr'><strong>succedentes</strong></span> <span class='ocrx_word' id='word_1_628' title='bbox 1346 5001 1595 5072; x_wconf 81' lang='lat' dir='ltr'><strong>protegit.</strong></span> <span class='ocrx_word' id='word_1_629' title='bbox 1623 4998 1730 5054; x_wconf 89' lang='lat' dir='ltr'><strong>Sed</strong></span> 
     </span>
    </p>
   </div>
   <div class='ocr_carea' id='block_1_83' title="bbox 174 5088 1732 5161">
    <p class='ocr_par' dir='ltr' id='par_1_83' title="bbox 174 5088 1732 5161">
     <span class='ocr_line' id='line_1_83' title="bbox 174 5088 1732 5161; baseline 0.002 -21"><span class='ocrx_word' id='word_1_630' title='bbox 174 5091 251 5156; x_wconf 88' lang='lat' dir='ltr'><strong>qui</strong></span> <span class='ocrx_word' id='word_1_631' title='bbox 275 5092 418 5145; x_wconf 88' lang='lat' dir='ltr'><strong>venit</strong></span> <span class='ocrx_word' id='word_1_632' title='bbox 445 5109 545 5160; x_wconf 89' lang='lat' dir='ltr'><strong>per</strong></span> <span class='ocrx_word' id='word_1_633' title='bbox 565 5095 789 5159; x_wconf 82' lang='lat' dir='ltr'><strong>gratiam</strong></span> <span class='ocrx_word' id='word_1_634' title='bbox 814 5094 1052 5158; x_wconf 61' lang='lat' dir='ltr'><strong>visitans,</strong></span> <span class='ocrx_word' id='word_1_635' title='bbox 1075 5094 1169 5161; x_wconf 91' lang='lat' dir='ltr'><strong>qui</strong></span> <span class='ocrx_word' id='word_1_636' title='bbox 1197 5100 1305 5146; x_wconf 87' lang='lat' dir='ltr'><strong>stat</strong></span> <span class='ocrx_word' id='word_1_637' title='bbox 1330 5107 1426 5160; x_wconf 91' lang='lat' dir='ltr'><strong>per</strong></span> <span class='ocrx_word' id='word_1_638' title='bbox 1451 5088 1732 5144; x_wconf 85' lang='lat' dir='ltr'><strong>electionis</strong></span> 
     </span>
    </p>
   </div>
   <div class='ocr_carea' id='block_1_84' title="bbox 174 5181 1732 5254">
    <p class='ocr_par' dir='ltr' id='par_1_84' title="bbox 174 5181 1732 5254">
     <span class='ocr_line' id='line_1_84' title="bbox 174 5181 1732 5254; baseline 0.003 -24"><span class='ocrx_word' id='word_1_639' title='bbox 174 5195 269 5232; x_wconf 82' lang='lat' dir='ltr'><strong>suae</strong></span> <span class='ocrx_word' id='word_1_640' title='bbox 294 5181 772 5239; x_wconf 79' lang='lat' dir='ltr'><strong>immntabilitatem</strong></span> <span class='ocrx_word' id='word_1_641' title='bbox 801 5200 1175 5254; x_wconf 89' lang='lat' dir='ltr'><strong>perseverans,</strong></span> <span class='ocrx_word' id='word_1_642' title='bbox 1196 5184 1325 5253; x_wconf 91' lang='lat' dir='ltr'><strong>quid</strong></span> <span class='ocrx_word' id='word_1_643' title='bbox 1355 5182 1611 5251; x_wconf 89' lang='lat' dir='ltr'><strong>adjungat</strong></span> <span class='ocrx_word' id='word_1_644' title='bbox 1638 5196 1732 5235; x_wconf 81' lang='lat' dir='ltr'><strong>au—</strong></span> 
     </span>
    </p>
   </div>
   <div class='ocr_carea' id='block_1_85' title="bbox 174 5266 383 5323">
    <p class='ocr_par' dir='ltr' id='par_1_85' title="bbox 174 5266 383 5323">
     <span class='ocr_line' id='line_1_85' title="bbox 174 5266 383 5323; baseline 0.033 -7"><span class='ocrx_word' id='word_1_645' title='bbox 174 5266 383 5323; x_wconf 82' lang='lat' dir='ltr'><strong>dianms.</strong></span> 
     </span>
    </p>
   </div>
   <div class='ocr_carea' id='block_1_86' title="bbox 238 5356 1736 5429">
    <p class='ocr_par' dir='ltr' id='par_1_86' title="bbox 238 5356 1736 5429">
     <span class='ocr_line' id='line_1_86' title="bbox 238 5356 1736 5429; baseline 0.002 -20"><span class='ocrx_word' id='word_1_646' title='bbox 238 5356 405 5425; x_wconf 79' lang='lat' dir='ltr'><strong>(Vcrs.</strong></span> <span class='ocrx_word' id='word_1_647' title='bbox 431 5360 547 5429; x_wconf 76' lang='lat' dir='ltr'><strong>i0.)</strong></span> <span class='ocrx_word' id='word_1_648' title='bbox 579 5360 647 5415; x_wconf 82' lang='lat' dir='ltr'><strong>Et</strong></span> <span class='ocrx_word' id='word_1_649' title='bbox 674 5364 887 5428; x_wconf 80' lang='lat' dir='ltr'><strong>uocauit,</strong></span> <span class='ocrx_word' id='word_1_650' title='bbox 914 5363 1045 5416; x_wconf 87' lang='lat' dir='ltr'><strong>sicut</strong></span> <span class='ocrx_word' id='word_1_651' title='bbox 1065 5369 1334 5416; x_wconf 73' lang='lat' dir='ltr'><strong>vocaverat</strong></span> <span class='ocrx_word' id='word_1_652' title='bbox 1359 5361 1604 5425; x_wconf 84' lang='lat' dir='ltr'><strong>secundo,</strong></span> <span class='ocrx_word' id='word_1_653' title='bbox 1632 5358 1736 5414; x_wconf 86' lang='lat' dir='ltr'><strong>Sa-</strong></span> 
     </span>
    </p>
   </div>
   <div class='ocr_carea' id='block_1_87' title="bbox 179 5447 575 5511">
    <p class='ocr_par' dir='ltr' id='par_1_87' title="bbox 179 5447 575 5511">
     <span class='ocr_line' id='line_1_87' title="bbox 179 5447 575 5511; baseline 0.015 -11"><span class='ocrx_word' id='word_1_654' title='bbox 179 5448 313 5511; x_wconf 69' lang='lat' dir='ltr'><strong>muel,</strong></span> <span class='ocrx_word' id='word_1_655' title='bbox 343 5447 575 5506; x_wconf 80' lang='lat' dir='ltr'><strong>Samuel.</strong></span> 
     </span>
    </p>
   </div>
   <div class='ocr_carea' id='block_1_88' title="bbox 242 5534 1739 5614">
    <p class='ocr_par' dir='ltr' id='par_1_88' title="bbox 242 5534 1739 5614">
     <span class='ocr_line' id='line_1_88' title="bbox 242 5534 1739 5614; baseline 0.007 -25"><span class='ocrx_word' id='word_1_656' title='bbox 242 5534 321 5591; x_wconf 79' lang='lat' dir='ltr'><strong>l9.</strong></span> <span class='ocrx_word' id='word_1_657' title='bbox 350 5537 605 5595; x_wconf 88' lang='lat' dir='ltr'><strong>Secundo</strong></span> <span class='ocrx_word' id='word_1_658' title='bbox 632 5544 827 5614; x_wconf 86' lang='lat' dir='ltr'><strong>quippe</strong></span> <span class='ocrx_word' id='word_1_659' title='bbox 853 5545 1097 5609; x_wconf 86' lang='lat' dir='ltr'><strong>vocavit,</strong></span> <span class='ocrx_word' id='word_1_660' title='bbox 1127 5543 1253 5612; x_wconf 89' lang='lat' dir='ltr'><strong>quia</strong></span> <span class='ocrx_word' id='word_1_661' title='bbox 1282 5543 1333 5599; x_wconf 89' lang='lat' dir='ltr'><strong>ei</strong></span> <span class='ocrx_word' id='word_1_662' title='bbox 1360 5544 1415 5598; x_wconf 90' lang='lat' dir='ltr'><strong>in</strong></span> <span class='ocrx_word' id='word_1_663' title='bbox 1442 5542 1739 5600; x_wconf 87' lang='lat' dir='ltr'><strong>ministerio</strong></span> 
     </span>
    </p>
   </div>
   <div class='ocr_carea' id='block_1_89' title="bbox 253 5728 1289 5795">
    <p class='ocr_par' dir='ltr' id='par_1_89' title="bbox 253 5728 1289 5795">
     <span class='ocr_line' id='line_1_89' title="bbox 253 5728 1289 5795; baseline 0.013 -13"><span class='ocrx_word' id='word_1_664' title='bbox 253 5737 269 5762; x_wconf 78' lang='grc' dir='ltr'>ι</span> <span class='ocrx_word' id='word_1_665' title='bbox 300 5728 455 5787; x_wconf 80' lang='lat' dir='ltr'><strong>Gilot.</strong></span> <span class='ocrx_word' id='word_1_666' title='bbox 489 5735 732 5789; x_wconf 76' lang='lat' dir='ltr'><strong>uisionem</strong></span> <span class='ocrx_word' id='word_1_667' title='bbox 751 5752 803 5790; x_wconf 89' lang='lat' dir='ltr'><strong>se</strong></span> <span class='ocrx_word' id='word_1_668' title='bbox 822 5739 1014 5793; x_wconf 80' lang='lat' dir='ltr'><strong>venisse</strong></span> <span class='ocrx_word' id='word_1_669' title='bbox 1042 5739 1289 5795; x_wconf 83' lang='lat' dir='ltr'><strong>insinuat.</strong></span> 
     </span>
    </p>
   </div>
   <div class='ocr_carea' id='block_1_90' title="bbox 1824 3290 2096 3335">
    <p class='ocr_par' dir='ltr' id='par_1_90' title="bbox 1824 3290 2096 3335">
     <span class='ocr_line' id='line_1_90' title="bbox 1824 3290 2096 3335; baseline 0.007 -2"><span class='ocrx_word' id='word_1_670' title='bbox 1824 3290 2096 3335; x_wconf 70' lang='lat' dir='ltr'><strong>aeternum.</strong></span> 
     </span>
    </p>
   </div>
   <div class='ocr_carea' id='block_1_91' title="bbox 1888 3367 3395 3443">
    <p class='ocr_par' dir='ltr' id='par_1_91' title="bbox 1888 3367 3395 3443">
     <span class='ocr_line' id='line_1_91' title="bbox 1888 3367 3395 3443; baseline 0.004 -24"><span class='ocrx_word' id='word_1_671' title='bbox 1888 3367 1978 3421; x_wconf 72' lang='lat'><strong>2|.</strong></span> <span class='ocrx_word' id='word_1_672' title='bbox 2013 3368 2152 3435; x_wconf 89' lang='lat' dir='ltr'><strong>Quid</strong></span> <span class='ocrx_word' id='word_1_673' title='bbox 2187 3374 2333 3426; x_wconf 89' lang='lat' dir='ltr'><strong>enim</strong></span> <span class='ocrx_word' id='word_1_674' title='bbox 2362 3372 2447 3429; x_wconf 86' lang='lat' dir='ltr'><strong>his</strong></span> <span class='ocrx_word' id='word_1_675' title='bbox 2471 3373 2649 3429; x_wconf 90' lang='lat' dir='ltr'><strong>verbis</strong></span> <span class='ocrx_word' id='word_1_676' title='bbox 2686 3373 2831 3429; x_wconf 90' lang='lat' dir='ltr'><strong>aliud</strong></span> <span class='ocrx_word' id='word_1_677' title='bbox 2877 3388 3035 3443; x_wconf 89' lang='lat' dir='ltr'><strong>quam</strong></span> <span class='ocrx_word' id='word_1_678' title='bbox 3087 3374 3249 3427; x_wconf 76' lang='lat' dir='ltr'><strong>toties</strong></span> <span class='ocrx_word' id='word_1_679' title='bbox 3285 3371 3395 3440; x_wconf 80' lang='lat' dir='ltr'><strong>jam</strong></span> 
     </span>
    </p>
   </div>
   <div class='ocr_carea' id='block_1_92' title="bbox 1822 3460 3403 3535">
    <p class='ocr_par' dir='ltr' id='par_1_92' title="bbox 1822 3460 3403 3535">
     <span class='ocr_line' id='line_1_92' title="bbox 1822 3460 3403 3535; baseline 0.003 -22"><span class='ocrx_word' id='word_1_680' title='bbox 1822 3460 2095 3529; x_wconf 82' lang='lat' dir='ltr'><strong>explicata</strong></span> <span class='ocrx_word' id='word_1_681' title='bbox 2144 3461 2449 3519; x_wconf 72' lang='lat' dir='ltr'><strong>Iudaeorum</strong></span> <span class='ocrx_word' id='word_1_682' title='bbox 2502 3466 2738 3535; x_wconf 84' lang='lat' dir='ltr'><strong>repulsio</strong></span> <span class='ocrx_word' id='word_1_683' title='bbox 2788 3466 3134 3534; x_wconf 76' lang='lat' dir='ltr'><strong>designatur?</strong></span> <span class='ocrx_word' id='word_1_684' title='bbox 3203 3464 3403 3518; x_wconf 80' lang='lat' dir='ltr'><strong>Domus</strong></span> 
     </span>
    </p>
   </div>
   <div class='ocr_carea' id='block_1_93' title="bbox 1823 3554 3399 3627">
    <p class='ocr_par' dir='ltr' id='par_1_93' title="bbox 1823 3554 3399 3627">
     <span class='ocr_line' id='line_1_93' title="bbox 1823 3554 3399 3627; baseline 0.001 -21"><span class='ocrx_word' id='word_1_685' title='bbox 1823 3568 2059 3623; x_wconf 88' lang='lat' dir='ltr'><strong>namque</strong></span> <span class='ocrx_word' id='word_1_686' title='bbox 2107 3557 2469 3625; x_wconf 85' lang='lat' dir='ltr'><strong>praedicatoris</strong></span> <span class='ocrx_word' id='word_1_687' title='bbox 2496 3568 2579 3613; x_wconf 87' lang='lat' dir='ltr'><strong>est</strong></span> <span class='ocrx_word' id='word_1_688' title='bbox 2617 3559 2898 3613; x_wconf 90' lang='lat' dir='ltr'><strong>multitudo</strong></span> <span class='ocrx_word' id='word_1_689' title='bbox 2929 3558 3112 3627; x_wconf 79' lang='lat' dir='ltr'><strong>pOpuli</strong></span> <span class='ocrx_word' id='word_1_690' title='bbox 3154 3554 3399 3623; x_wconf 80' lang='lat' dir='ltr'><strong>subjecti,</strong></span> 
     </span>
    </p>
   </div>
   <div class='ocr_carea' id='block_1_94' title="bbox 1821 3650 3400 3721">
    <p class='ocr_par' dir='ltr' id='par_1_94' title="bbox 1821 3650 3400 3721">
     <span class='ocr_line' id='line_1_94' title="bbox 1821 3650 3400 3721; baseline -0.002 -19"><span class='ocrx_word' id='word_1_691' title='bbox 1821 3661 1984 3719; x_wconf 86' lang='lat' dir='ltr'><strong>quam</strong></span> <span class='ocrx_word' id='word_1_692' title='bbox 2013 3651 2160 3706; x_wconf 86' lang='lat' dir='ltr'><strong>velut</strong></span> <span class='ocrx_word' id='word_1_693' title='bbox 2188 3651 2512 3721; x_wconf 86' lang='lat' dir='ltr'><strong>possidendo</strong></span> <span class='ocrx_word' id='word_1_694' title='bbox 2540 3651 2833 3715; x_wconf 89' lang='lat' dir='ltr'><strong>inhabitat,</strong></span> <span class='ocrx_word' id='word_1_695' title='bbox 2882 3650 3005 3704; x_wconf 88' lang='lat' dir='ltr'><strong>dum</strong></span> <span class='ocrx_word' id='word_1_696' title='bbox 3038 3665 3131 3717; x_wconf 79' lang='lat' dir='ltr'><strong>per</strong></span> <span class='ocrx_word' id='word_1_697' title='bbox 3156 3664 3267 3702; x_wconf 82' lang='lat' dir='ltr'><strong>suae</strong></span> <span class='ocrx_word' id='word_1_698' title='bbox 3291 3650 3400 3700; x_wconf 83' lang='lat' dir='ltr'><strong>Sol-</strong></span> 
     </span>
    </p>
   </div>
   <div class='ocr_carea' id='block_1_95' title="bbox 1824 3736 3401 3806">
    <p class='ocr_par' dir='ltr' id='par_1_95' title="bbox 1824 3736 3401 3806">
     <span class='ocr_line' id='line_1_95' title="bbox 1824 3736 3401 3806; baseline -0.009 -5"><span class='ocrx_word' id='word_1_699' title='bbox 1824 3745 2118 3801; x_wconf 89' lang='lat' dir='ltr'><strong>licitudinis</strong></span> <span class='ocrx_word' id='word_1_700' title='bbox 2164 3758 2346 3797; x_wconf 89' lang='lat' dir='ltr'><strong>curam</strong></span> <span class='ocrx_word' id='word_1_701' title='bbox 2387 3750 2588 3797; x_wconf 85' lang='lat' dir='ltr'><strong>servat.</strong></span> <span class='ocrx_word' id='word_1_702' title='bbox 2638 3741 2836 3795; x_wconf 91' lang='lat' dir='ltr'><strong>Domus</strong></span> <span class='ocrx_word' id='word_1_703' title='bbox 2865 3753 2993 3806; x_wconf 80' lang='lat' dir='ltr'><strong>crgo</strong></span> <span class='ocrx_word' id='word_1_704' title='bbox 3038 3738 3182 3801; x_wconf 84' lang='lat' dir='ltr'><strong>lleli,</strong></span> <span class='ocrx_word' id='word_1_705' title='bbox 3238 3736 3287 3789; x_wconf 91' lang='lat' dir='ltr'><strong>id</strong></span> <span class='ocrx_word' id='word_1_706' title='bbox 3319 3743 3401 3789; x_wconf 79' lang='lat' dir='ltr'><strong>est</strong></span> 
     </span>
    </p>
   </div>
   <div class='ocr_carea' id='block_1_96' title="bbox 1826 3828 3401 3895">
    <p class='ocr_par' dir='ltr' id='par_1_96' title="bbox 1826 3828 3401 3895">
     <span class='ocr_line' id='line_1_96' title="bbox 1826 3828 3401 3895; baseline -0.009 -5"><span class='ocrx_word' id='word_1_707' title='bbox 1826 3834 2121 3891; x_wconf 85' lang='lat' dir='ltr'><strong>sacerdotii</strong></span> <span class='ocrx_word' id='word_1_708' title='bbox 2166 3832 2396 3895; x_wconf 86' lang='lat' dir='ltr'><strong>veteris,</strong></span> <span class='ocrx_word' id='word_1_709' title='bbox 2442 3829 2620 3884; x_wconf 73' lang='lat' dir='ltr'><strong>Iudaea</strong></span> <span class='ocrx_word' id='word_1_710' title='bbox 2652 3829 2777 3893; x_wconf 90' lang='lat' dir='ltr'><strong>fuit,</strong></span> <span class='ocrx_word' id='word_1_711' title='bbox 2809 3844 2968 3895; x_wconf 87' lang='lat' dir='ltr'><strong>quam</strong></span> <span class='ocrx_word' id='word_1_712' title='bbox 2999 3828 3121 3880; x_wconf 90' lang='lat' dir='ltr'><strong>dum</strong></span> <span class='ocrx_word' id='word_1_713' title='bbox 3152 3842 3249 3895; x_wconf 90' lang='lat' dir='ltr'><strong>per</strong></span> <span class='ocrx_word' id='word_1_714' title='bbox 3274 3840 3401 3878; x_wconf 71' lang='grc' dir='ltr'><strong>ροη-</strong></span> 
     </span>
    </p>
   </div>
   <div class='ocr_carea' id='block_1_97' title="bbox 1821 3914 3415 3990">
    <p class='ocr_par' dir='ltr' id='par_1_97' title="bbox 1821 3914 3415 3990">
     <span class='ocr_line' id='line_1_97' title="bbox 1821 3914 3415 3990; baseline -0.007 -12"><span class='ocrx_word' id='word_1_715' title='bbox 1821 3926 2187 3980; x_wconf 85' lang='lat' dir='ltr'><strong>versationem</strong></span> <span class='ocrx_word' id='word_1_716' title='bbox 2216 3923 2498 3990; x_wconf 81' lang='lat' dir='ltr'><strong>reprobam</strong></span> <span class='ocrx_word' id='word_1_717' title='bbox 2526 3920 2715 3986; x_wconf 91' lang='lat' dir='ltr'><strong>coluit,</strong></span> <span class='ocrx_word' id='word_1_718' title='bbox 2742 3918 3016 3986; x_wconf 33' lang='lat' dir='ltr'><strong>j‘raVitatis</strong></span> <span class='ocrx_word' id='word_1_719' title='bbox 3041 3930 3150 3969; x_wconf 77' lang='lat' dir='ltr'><strong>suae</strong></span> <span class='ocrx_word' id='word_1_720' title='bbox 3178 3914 3415 3967; x_wconf 65' lang='lat' dir='ltr'><strong>maculis.</strong></span> 
     </span>
    </p>
   </div>
   <div class='ocr_carea' id='block_1_98' title="bbox 1824 4006 3416 4081">
    <p class='ocr_par' dir='ltr' id='par_1_98' title="bbox 1824 4006 3416 4081">
     <span class='ocr_line' id='line_1_98' title="bbox 1824 4006 3416 4081; baseline -0.006 -11"><span class='ocrx_word' id='word_1_721' title='bbox 1824 4016 2149 4071; x_wconf 89' lang='lat' dir='ltr'><strong>itnmundam</strong></span> <span class='ocrx_word' id='word_1_722' title='bbox 2199 4013 2342 4068; x_wconf 86' lang='lat' dir='ltr'><strong>fecit.</strong></span> <span class='ocrx_word' id='word_1_723' title='bbox 2390 4012 2491 4078; x_wconf 86' lang='lat' dir='ltr'><strong>Qui</strong></span> <span class='ocrx_word' id='word_1_724' title='bbox 2532 4011 2774 4081; x_wconf 90' lang='lat' dir='ltr'><strong>profecto</strong></span> <span class='ocrx_word' id='word_1_725' title='bbox 2827 4010 2965 4063; x_wconf 87' lang='lat' dir='ltr'><strong>lilios</strong></span> <span class='ocrx_word' id='word_1_726' title='bbox 3010 4024 3137 4063; x_wconf 72' lang='lat' dir='ltr'><strong>suos</strong></span> <span class='ocrx_word' id='word_1_727' title='bbox 3184 4006 3416 4073; x_wconf 77' lang='lat' dir='ltr'><strong>indigne</strong></span> 
     </span>
    </p>
   </div>
   <div class='ocr_carea' id='block_1_99' title="bbox 1825 4096 3419 4174">
    <p class='ocr_par' dir='ltr' id='par_1_99' title="bbox 1825 4096 3419 4174">
     <span class='ocr_line' id='line_1_99' title="bbox 1825 4096 3419 4174; baseline -0.006 -15"><span class='ocrx_word' id='word_1_728' title='bbox 1825 4120 1985 4174; x_wconf 87' lang='lat' dir='ltr'><strong>agere</strong></span> <span class='ocrx_word' id='word_1_729' title='bbox 2011 4104 2314 4172; x_wconf 82' lang='lat' dir='ltr'><strong>conspexit,</strong></span> <span class='ocrx_word' id='word_1_730' title='bbox 2342 4103 2469 4170; x_wconf 90' lang='lat' dir='ltr'><strong>quia</strong></span> <span class='ocrx_word' id='word_1_731' title='bbox 2496 4116 2761 4156; x_wconf 88' lang='lat' dir='ltr'><strong>summum</strong></span> <span class='ocrx_word' id='word_1_732' title='bbox 2792 4099 3149 4155; x_wconf 88' lang='lat' dir='ltr'><strong>sacerdotium</strong></span> <span class='ocrx_word' id='word_1_733' title='bbox 3177 4096 3419 4149; x_wconf 66' lang='lat' dir='ltr'><strong>minoris.</strong></span> 
     </span>
    </p>
   </div>
   <div class='ocr_carea' id='block_1_100' title="bbox 1825 4186 3407 4259">
    <p class='ocr_par' dir='ltr' id='par_1_100' title="bbox 1825 4186 3407 4259">
     <span class='ocr_line' id='line_1_100' title="bbox 1825 4186 3407 4259; baseline -0.007 -8"><span class='ocrx_word' id='word_1_734' title='bbox 1825 4195 2030 4251; x_wconf 89' lang='lat' dir='ltr'><strong>ordinis</strong></span> <span class='ocrx_word' id='word_1_735' title='bbox 2055 4195 2364 4250; x_wconf 84' lang='lat' dir='ltr'><strong>sacerdotes</strong></span> <span class='ocrx_word' id='word_1_736' title='bbox 2397 4194 2449 4247; x_wconf 93' lang='lat' dir='ltr'><strong>in</strong></span> <span class='ocrx_word' id='word_1_737' title='bbox 2484 4192 2898 4259; x_wconf 81' lang='lat' dir='ltr'><strong>Redemptorem</strong></span> <span class='ocrx_word' id='word_1_738' title='bbox 2930 4191 3210 4244; x_wconf 83' lang='lat' dir='ltr'><strong>saevientes</strong></span> <span class='ocrx_word' id='word_1_739' title='bbox 3249 4186 3407 4253; x_wconf 80' lang='lat' dir='ltr'><strong>vidit,</strong></span> 
     </span>
    </p>
   </div>
   <div class='ocr_carea' id='block_1_101' title="bbox 1826 4279 3408 4355">
    <p class='ocr_par' dir='ltr' id='par_1_101' title="bbox 1826 4279 3408 4355">
     <span class='ocr_line' id='line_1_101' title="bbox 1826 4279 3408 4355; baseline -0.008 -12"><span class='ocrx_word' id='word_1_740' title='bbox 1826 4300 1881 4343; x_wconf 91' lang='lat' dir='ltr'><strong>et</strong></span> <span class='ocrx_word' id='word_1_741' title='bbox 1901 4304 1995 4343; x_wconf 89' lang='lat' dir='ltr'><strong>eos</strong></span> <span class='ocrx_word' id='word_1_742' title='bbox 2024 4304 2130 4342; x_wconf 92' lang='lat' dir='ltr'><strong>non</strong></span> <span class='ocrx_word' id='word_1_743' title='bbox 2151 4286 2436 4355; x_wconf 90' lang='lat' dir='ltr'><strong>corripuit,</strong></span> <span class='ocrx_word' id='word_1_744' title='bbox 2460 4301 2562 4339; x_wconf 89' lang='lat' dir='ltr'><strong>nec</strong></span> <span class='ocrx_word' id='word_1_745' title='bbox 2590 4286 2658 4338; x_wconf 91' lang='lat' dir='ltr'><strong>ab</strong></span> <span class='ocrx_word' id='word_1_746' title='bbox 2682 4282 2939 4338; x_wconf 76' lang='lat' dir='ltr'><strong>eﬂusione</strong></span> <span class='ocrx_word' id='word_1_747' title='bbox 2963 4281 3097 4335; x_wconf 83' lang='lat' dir='ltr'><strong>tanti</strong></span> <span class='ocrx_word' id='word_1_748' title='bbox 3123 4279 3408 4346; x_wconf 82' lang='lat' dir='ltr'><strong>sanguinis</strong></span> 
     </span>
    </p>
   </div>
   <div class='ocr_carea' id='block_1_102' title="bbox 1828 4370 3406 4433">
    <p class='ocr_par' dir='ltr' id='par_1_102' title="bbox 1828 4370 3406 4433">
     <span class='ocr_line' id='line_1_102' title="bbox 1828 4370 3406 4433; baseline -0.009 0"><span class='ocrx_word' id='word_1_749' title='bbox 1828 4380 1934 4433; x_wconf 80' lang='lat' dir='ltr'><strong>ulla</strong></span> <span class='ocrx_word' id='word_1_750' title='bbox 1960 4394 2056 4432; x_wconf 90' lang='lat' dir='ltr'><strong>eos</strong></span> <span class='ocrx_word' id='word_1_751' title='bbox 2079 4377 2405 4433; x_wconf 87' lang='lat' dir='ltr'><strong>auctoritate</strong></span> <span class='ocrx_word' id='word_1_752' title='bbox 2434 4374 2725 4430; x_wconf 74' lang='lat' dir='ltr'><strong>revocavit.</strong></span> <span class='ocrx_word' id='word_1_753' title='bbox 2754 4371 2956 4428; x_wconf 90' lang='lat' dir='ltr'><strong>Idcirco</strong></span> <span class='ocrx_word' id='word_1_754' title='bbox 2977 4372 3028 4425; x_wconf 91' lang='lat' dir='ltr'><strong>ei</strong></span> <span class='ocrx_word' id='word_1_755' title='bbox 3054 4370 3235 4423; x_wconf 89' lang='lat' dir='ltr'><strong>divina</strong></span> <span class='ocrx_word' id='word_1_756' title='bbox 3256 4382 3406 4423; x_wconf 80' lang='lat' dir='ltr'><strong>com-</strong></span> 
     </span>
    </p>
   </div>
   <div class='ocr_carea' id='block_1_103' title="bbox 1830 4466 3407 4541">
    <p class='ocr_par' dir='ltr' id='par_1_103' title="bbox 1830 4466 3407 4541">
     <span class='ocr_line' id='line_1_103' title="bbox 1830 4466 3407 4541; baseline -0.006 -15"><span class='ocrx_word' id='word_1_757' title='bbox 1830 4473 2125 4526; x_wconf 89' lang='lat' dir='ltr'><strong>minatione</strong></span> <span class='ocrx_word' id='word_1_758' title='bbox 2153 4472 2483 4541; x_wconf 88' lang='lat' dir='ltr'><strong>promittitur</strong></span> <span class='ocrx_word' id='word_1_759' title='bbox 2510 4470 2655 4538; x_wconf 89' lang='lat' dir='ltr'><strong>quod</strong></span> <span class='ocrx_word' id='word_1_760' title='bbox 2694 4468 2885 4522; x_wconf 86' lang='lat' dir='ltr'><strong>domus</strong></span> <span class='ocrx_word' id='word_1_761' title='bbox 2913 4466 3030 4535; x_wconf 88' lang='lat' dir='ltr'><strong>ejus</strong></span> <span class='ocrx_word' id='word_1_762' title='bbox 3060 4466 3111 4519; x_wconf 92' lang='lat' dir='ltr'><strong>in</strong></span> <span class='ocrx_word' id='word_1_763' title='bbox 3141 4474 3407 4518; x_wconf 83' lang='lat' dir='ltr'><strong>aeternum</strong></span> 
     </span>
    </p>
   </div>
   <div class='ocr_carea' id='block_1_104' title="bbox 1831 4553 3404 4630">
    <p class='ocr_par' dir='ltr' id='par_1_104' title="bbox 1831 4553 3404 4630">
     <span class='ocr_line' id='line_1_104' title="bbox 1831 4553 3404 4630; baseline -0.006 -15"><span class='ocrx_word' id='word_1_764' title='bbox 1831 4559 2384 4630; x_wconf 73' lang='lat' dir='ltr'><strong>judiceturJudicare</strong></span> <span class='ocrx_word' id='word_1_765' title='bbox 2410 4561 2608 4613; x_wconf 90' lang='lat' dir='ltr'><strong>etenim</strong></span> <span class='ocrx_word' id='word_1_766' title='bbox 2640 4558 2732 4611; x_wconf 89' lang='lat' dir='ltr'><strong>Dei</strong></span> <span class='ocrx_word' id='word_1_767' title='bbox 2759 4558 3014 4611; x_wconf 87' lang='lat' dir='ltr'><strong>damnare</strong></span> <span class='ocrx_word' id='word_1_768' title='bbox 3042 4564 3143 4608; x_wconf 89' lang='lat' dir='ltr'><strong>est.</strong></span> <span class='ocrx_word' id='word_1_769' title='bbox 3163 4553 3218 4605; x_wconf 91' lang='lat' dir='ltr'><strong>In</strong></span> <span class='ocrx_word' id='word_1_770' title='bbox 3244 4563 3404 4606; x_wconf 77' lang='lat' dir='ltr'><strong>auter-</strong></span> 
     </span>
    </p>
   </div>
   <div class='ocr_carea' id='block_1_105' title="bbox 1836 4649 3405 4721">
    <p class='ocr_par' dir='ltr' id='par_1_105' title="bbox 1836 4649 3405 4721">
     <span class='ocr_line' id='line_1_105' title="bbox 1836 4649 3405 4721; baseline -0.008 -14"><span class='ocrx_word' id='word_1_771' title='bbox 1836 4669 1962 4707; x_wconf 90' lang='lat' dir='ltr'><strong>num</strong></span> <span class='ocrx_word' id='word_1_772' title='bbox 1997 4666 2124 4719; x_wconf 84' lang='lat' dir='ltr'><strong>ergo</strong></span> <span class='ocrx_word' id='word_1_773' title='bbox 2157 4654 2307 4721; x_wconf 71' lang='lat'><strong>121</strong></span> <span class='ocrx_word' id='word_1_774' title='bbox 2332 4652 2620 4717; x_wconf 87' lang='lat' dir='ltr'><strong>judicatur,</strong></span> <span class='ocrx_word' id='word_1_775' title='bbox 2658 4650 2782 4718; x_wconf 92' lang='lat' dir='ltr'><strong>quia</strong></span> <span class='ocrx_word' id='word_1_776' title='bbox 2824 4649 3209 4717; x_wconf 63' lang='lat' dir='ltr'><strong>perireaeterna</strong></span> <span class='ocrx_word' id='word_1_777' title='bbox 3245 4659 3405 4712; x_wconf 70' lang='lat' dir='ltr'><strong>paena</strong></span> 
     </span>
    </p>
   </div>
   <div class='ocr_carea' id='block_1_106' title="bbox 1833 4734 3407 4808">
    <p class='ocr_par' dir='ltr' id='par_1_106' title="bbox 1833 4734 3407 4808">
     <span class='ocr_line' id='line_1_106' title="bbox 1833 4734 3407 4808; baseline -0.007 -10"><span class='ocrx_word' id='word_1_778' title='bbox 1833 4742 2158 4798; x_wconf 91' lang='lat' dir='ltr'><strong>decernitur.</strong></span> <span class='ocrx_word' id='word_1_779' title='bbox 2190 4740 2255 4793; x_wconf 89' lang='lat' dir='ltr'><strong>Et</strong></span> <span class='ocrx_word' id='word_1_780' title='bbox 2284 4741 2408 4808; x_wconf 90' lang='lat' dir='ltr'><strong>quia</strong></span> <span class='ocrx_word' id='word_1_781' title='bbox 2437 4742 2539 4794; x_wconf 88' lang='lat' dir='ltr'><strong>hoc</strong></span> <span class='ocrx_word' id='word_1_782' title='bbox 2583 4749 2785 4792; x_wconf 85' lang='lat' dir='ltr'><strong>aeterna</strong></span> <span class='ocrx_word' id='word_1_783' title='bbox 2817 4738 2908 4790; x_wconf 93' lang='lat' dir='ltr'><strong>Dei</strong></span> <span class='ocrx_word' id='word_1_784' title='bbox 2939 4734 3407 4788; x_wconf 88' lang='lat' dir='ltr'><strong>animadversione</strong></span> 
     </span>
    </p>
   </div>
   <div class='ocr_carea' id='block_1_107' title="bbox 1836 4824 3408 4901">
    <p class='ocr_par' dir='ltr' id='par_1_107' title="bbox 1836 4824 3408 4901">
     <span class='ocr_line' id='line_1_107' title="bbox 1836 4824 3408 4901; baseline -0.006 -17"><span class='ocrx_word' id='word_1_785' title='bbox 1836 4833 1915 4899; x_wconf 74' lang='lat' dir='ltr'><strong>lit,</strong></span> <span class='ocrx_word' id='word_1_786' title='bbox 1942 4832 2293 4901; x_wconf 88' lang='lat' dir='ltr'><strong>jurejurando</strong></span> <span class='ocrx_word' id='word_1_787' title='bbox 2321 4846 2380 4884; x_wconf 91' lang='lat' dir='ltr'><strong>se</strong></span> <span class='ocrx_word' id='word_1_788' title='bbox 2408 4829 2706 4883; x_wconf 79' lang='lat' dir='ltr'><strong>affirmasse</strong></span> <span class='ocrx_word' id='word_1_789' title='bbox 2743 4826 3013 4897; x_wconf 90' lang='lat' dir='ltr'><strong>perhibuit</strong></span> <span class='ocrx_word' id='word_1_790' title='bbox 3038 4824 3182 4893; x_wconf 91' lang='lat' dir='ltr'><strong>quod</strong></span> <span class='ocrx_word' id='word_1_791' title='bbox 3210 4824 3408 4890; x_wconf 71' lang='lat' dir='ltr'><strong>iniqui~</strong></span> 
     </span>
    </p>
   </div>
   <div class='ocr_carea' id='block_1_108' title="bbox 1836 4914 3417 4988">
    <p class='ocr_par' dir='ltr' id='par_1_108' title="bbox 1836 4914 3417 4988">
     <span class='ocr_line' id='line_1_108' title="bbox 1836 4914 3417 4988; baseline -0.006 -12"><span class='ocrx_word' id='word_1_792' title='bbox 1836 4932 1919 4978; x_wconf 91' lang='lat' dir='ltr'><strong>tas</strong></span> <span class='ocrx_word' id='word_1_793' title='bbox 1944 4925 2137 4978; x_wconf 83' lang='lat' dir='ltr'><strong>domus</strong></span> <span class='ocrx_word' id='word_1_794' title='bbox 2166 4922 2281 4977; x_wconf 82' lang='lat' dir='ltr'><strong>Heli</strong></span> <span class='ocrx_word' id='word_1_795' title='bbox 2329 4923 2379 4975; x_wconf 92' lang='lat' dir='ltr'><strong>in</strong></span> <span class='ocrx_word' id='word_1_796' title='bbox 2431 4930 2688 4975; x_wconf 76' lang='lat' dir='ltr'><strong>aeternum</strong></span> <span class='ocrx_word' id='word_1_797' title='bbox 2717 4918 2966 4988; x_wconf 87' lang='lat' dir='ltr'><strong>precibus</strong></span> <span class='ocrx_word' id='word_1_798' title='bbox 2993 4924 3050 4969; x_wconf 90' lang='lat' dir='ltr'><strong>et</strong></span> <span class='ocrx_word' id='word_1_799' title='bbox 3100 4914 3417 4971; x_wconf 83' lang='lat' dir='ltr'><strong>muneribus</strong></span> 
     </span>
    </p>
   </div>
   <div class='ocr_carea' id='block_1_109' title="bbox 1840 4998 3409 5077">
    <p class='ocr_par' dir='ltr' id='par_1_109' title="bbox 1840 4998 3409 5077">
     <span class='ocr_line' id='line_1_109' title="bbox 1840 4998 3409 5077; baseline -0.008 -14"><span class='ocrx_word' id='word_1_800' title='bbox 1840 5026 1946 5063; x_wconf 90' lang='lat' dir='ltr'><strong>non</strong></span> <span class='ocrx_word' id='word_1_801' title='bbox 1977 5010 2243 5077; x_wconf 81' lang='lat' dir='ltr'><strong>expietur.</strong></span> <span class='ocrx_word' id='word_1_802' title='bbox 2279 5006 2433 5073; x_wconf 83' lang='lat' dir='ltr'><strong>Quod</strong></span> <span class='ocrx_word' id='word_1_803' title='bbox 2472 5005 2713 5074; x_wconf 76' lang='lat' dir='ltr'><strong>profecto</strong></span> <span class='ocrx_word' id='word_1_804' title='bbox 2742 5012 2924 5071; x_wconf 88' lang='lat' dir='ltr'><strong>aperta</strong></span> <span class='ocrx_word' id='word_1_805' title='bbox 2948 5001 3174 5054; x_wconf 88' lang='lat' dir='ltr'><strong>veritate</strong></span> <span class='ocrx_word' id='word_1_806' title='bbox 3202 4998 3409 5066; x_wconf 88' lang='lat' dir='ltr'><strong>impleri</strong></span> 
     </span>
    </p>
   </div>
   <div class='ocr_carea' id='block_1_110' title="bbox 1839 5088 3410 5166">
    <p class='ocr_par' dir='ltr' id='par_1_110' title="bbox 1839 5088 3410 5166">
     <span class='ocr_line' id='line_1_110' title="bbox 1839 5088 3410 5166; baseline -0.008 -13"><span class='ocrx_word' id='word_1_807' title='bbox 1839 5098 2219 5166; x_wconf 75' lang='lat' dir='ltr'><strong>con~picimus,</strong></span> <span class='ocrx_word' id='word_1_808' title='bbox 2253 5096 2375 5165; x_wconf 90' lang='lat' dir='ltr'><strong>quia</strong></span> <span class='ocrx_word' id='word_1_809' title='bbox 2405 5094 2658 5148; x_wconf 75' lang='lat' dir='ltr'><strong>Iudaicus</strong></span> <span class='ocrx_word' id='word_1_810' title='bbox 2687 5091 2916 5162; x_wconf 90' lang='lat' dir='ltr'><strong>populus</strong></span> <span class='ocrx_word' id='word_1_811' title='bbox 2961 5091 3012 5144; x_wconf 91' lang='lat' dir='ltr'><strong>in</strong></span> <span class='ocrx_word' id='word_1_812' title='bbox 3038 5104 3146 5143; x_wconf 80' lang='lat' dir='ltr'><strong>suae</strong></span> <span class='ocrx_word' id='word_1_813' title='bbox 3177 5088 3410 5158; x_wconf 72' lang='lat' dir='ltr'><strong>perﬁdiae</strong></span> 
     </span>
    </p>
   </div>
   <div class='ocr_carea' id='block_1_111' title="bbox 1843 5174 3410 5253">
    <p class='ocr_par' dir='ltr' id='par_1_111' title="bbox 1843 5174 3410 5253">
     <span class='ocr_line' id='line_1_111' title="bbox 1843 5174 3410 5253; baseline -0.009 -13"><span class='ocrx_word' id='word_1_814' title='bbox 1843 5186 2205 5240; x_wconf 77' lang='lat' dir='ltr'><strong>obstinatione</strong></span> <span class='ocrx_word' id='word_1_815' title='bbox 2243 5192 2568 5253; x_wconf 87' lang='lat' dir='ltr'><strong>perseverat.</strong></span> <span class='ocrx_word' id='word_1_816' title='bbox 2600 5181 2736 5247; x_wconf 84' lang='lat' dir='ltr'><strong>Quid</strong></span> <span class='ocrx_word' id='word_1_817' title='bbox 2765 5180 2907 5235; x_wconf 91' lang='lat' dir='ltr'><strong>enim</strong></span> <span class='ocrx_word' id='word_1_818' title='bbox 2947 5187 3028 5232; x_wconf 88' lang='lat' dir='ltr'><strong>est</strong></span> <span class='ocrx_word' id='word_1_819' title='bbox 3057 5192 3289 5247; x_wconf 76' lang='lat' dir='ltr'><strong>praesens</strong></span> <span class='ocrx_word' id='word_1_820' title='bbox 3319 5174 3410 5227; x_wconf 88' lang='lat' dir='ltr'><strong>du-</strong></span> 
     </span>
    </p>
   </div>
   <div class='ocr_carea' id='block_1_112' title="bbox 1845 5264 3409 5342">
    <p class='ocr_par' dir='ltr' id='par_1_112' title="bbox 1845 5264 3409 5342">
     <span class='ocr_line' id='line_1_112' title="bbox 1845 5264 3409 5342; baseline -0.006 -15"><span class='ocrx_word' id='word_1_821' title='bbox 1845 5276 1985 5339; x_wconf 88' lang='lat' dir='ltr'><strong>ritia,</strong></span> <span class='ocrx_word' id='word_1_822' title='bbox 2011 5283 2065 5327; x_wconf 89' lang='lat' dir='ltr'><strong>et</strong></span> <span class='ocrx_word' id='word_1_823' title='bbox 2090 5275 2302 5329; x_wconf 72' lang='lat' dir='ltr'><strong>caecitas</strong></span> <span class='ocrx_word' id='word_1_824' title='bbox 2326 5272 2596 5342; x_wconf 87' lang='lat' dir='ltr'><strong>quondam</strong></span> <span class='ocrx_word' id='word_1_825' title='bbox 2624 5280 2730 5324; x_wconf 89' lang='lat' dir='ltr'><strong>tam</strong></span> <span class='ocrx_word' id='word_1_826' title='bbox 2759 5270 2914 5324; x_wconf 88' lang='lat' dir='ltr'><strong>electi</strong></span> <span class='ocrx_word' id='word_1_827' title='bbox 2947 5268 3151 5338; x_wconf 89' lang='lat' dir='ltr'><strong>populi,</strong></span> <span class='ocrx_word' id='word_1_828' title='bbox 3178 5266 3278 5319; x_wconf 91' lang='lat' dir='ltr'><strong>nisi</strong></span> <span class='ocrx_word' id='word_1_829' title='bbox 3300 5264 3409 5333; x_wconf 83' lang='lat' dir='ltr'><strong>jus-</strong></span> 
     </span>
    </p>
   </div>
   <div class='ocr_carea' id='block_1_113' title="bbox 1838 5356 3409 5431">
    <p class='ocr_par' dir='ltr' id='par_1_113' title="bbox 1838 5356 3409 5431">
     <span class='ocr_line' id='line_1_113' title="bbox 1838 5356 3409 5431; baseline -0.006 -15"><span class='ocrx_word' id='word_1_830' title='bbox 1838 5363 2121 5431; x_wconf 86' lang='lat' dir='ltr'><strong>jurandum</strong></span> <span class='ocrx_word' id='word_1_831' title='bbox 2153 5362 2343 5415; x_wconf 78' lang='lat' dir='ltr'><strong>divinae</strong></span> <span class='ocrx_word' id='word_1_832' title='bbox 2388 5359 2898 5415; x_wconf 81' lang='lat' dir='ltr'><strong>animadversionis?</strong></span> <span class='ocrx_word' id='word_1_833' title='bbox 2938 5358 3068 5411; x_wconf 83' lang='lat' dir='ltr'><strong>Nam</strong></span> <span class='ocrx_word' id='word_1_834' title='bbox 3096 5356 3255 5424; x_wconf 90' lang='lat' dir='ltr'><strong>digno</strong></span> <span class='ocrx_word' id='word_1_835' title='bbox 3285 5369 3409 5422; x_wconf 85' lang='lat' dir='ltr'><strong>sup-</strong></span> 
     </span>
    </p>
   </div>
   <div class='ocr_carea' id='block_1_114' title="bbox 1842 5447 3410 5522">
    <p class='ocr_par' dir='ltr' id='par_1_114' title="bbox 1842 5447 3410 5522">
     <span class='ocr_line' id='line_1_114' title="bbox 1842 5447 3410 5522; baseline -0.006 -14"><span class='ocrx_word' id='word_1_836' title='bbox 1842 5454 2006 5522; x_wconf 73' lang='lat' dir='ltr'><strong>plicio</strong></span> <span class='ocrx_word' id='word_1_837' title='bbox 2034 5468 2093 5508; x_wconf 92' lang='lat' dir='ltr'><strong>se</strong></span> <span class='ocrx_word' id='word_1_838' title='bbox 2122 5454 2222 5508; x_wconf 86' lang='lat' dir='ltr'><strong>sub</strong></span> <span class='ocrx_word' id='word_1_839' title='bbox 2246 5461 2446 5506; x_wconf 76' lang='lat' dir='ltr'><strong>aeterna</strong></span> <span class='ocrx_word' id='word_1_840' title='bbox 2478 5459 2653 5507; x_wconf 88' lang='lat' dir='ltr'><strong>morte</strong></span> <span class='ocrx_word' id='word_1_841' title='bbox 2681 5450 2941 5515; x_wconf 89' lang='lat' dir='ltr'><strong>cohibuit,</strong></span> <span class='ocrx_word' id='word_1_842' title='bbox 2973 5449 3063 5518; x_wconf 92' lang='lat' dir='ltr'><strong>qui</strong></span> <span class='ocrx_word' id='word_1_843' title='bbox 3092 5447 3157 5500; x_wconf 90' lang='lat' dir='ltr'><strong>ad</strong></span> <span class='ocrx_word' id='word_1_844' title='bbox 3190 5454 3410 5499; x_wconf 76' lang='lat' dir='ltr'><strong>mortem</strong></span> 
     </span>
    </p>
   </div>
   <div class='ocr_carea' id='block_1_115' title="bbox 1840 5534 3420 5614">
    <p class='ocr_par' dir='ltr' id='par_1_115' title="bbox 1840 5534 3420 5614">
     <span class='ocr_line' id='line_1_115' title="bbox 1840 5534 3420 5614; baseline -0.006 -17"><span class='ocrx_word' id='word_1_845' title='bbox 1840 5543 2101 5614; x_wconf 87' lang='lat' dir='ltr'><strong>temporis</strong></span> <span class='ocrx_word' id='word_1_846' title='bbox 2144 5551 2402 5599; x_wconf 83' lang='lat' dir='ltr'><strong>aeternam</strong></span> <span class='ocrx_word' id='word_1_847' title='bbox 2449 5542 2617 5598; x_wconf 88' lang='lat' dir='ltr'><strong>vitam</strong></span> <span class='ocrx_word' id='word_1_848' title='bbox 2666 5556 2861 5613; x_wconf 87' lang='lat' dir='ltr'><strong>cogere</strong></span> <span class='ocrx_word' id='word_1_849' title='bbox 2908 5556 3012 5595; x_wconf 80' lang='lat' dir='ltr'><strong>non</strong></span> <span class='ocrx_word' id='word_1_850' title='bbox 3041 5536 3275 5607; x_wconf 65' lang='lat' dir='ltr'><strong>expavit.</strong></span> <span class='ocrx_word' id='word_1_851' title='bbox 3305 5534 3420 5589; x_wconf 76' lang='lat' dir='ltr'><strong>Sed.</strong></span> 
     </span>
    </p>
   </div>
  </div>
