4000 6296
184 329 285 384 Ιιῖ

1023 333 1087 388 ΙΝ
1126 333 1390 390 PRIMUM
1429 334 1666 393 REGUM
1707 339 2222 399 EXPUSITIONES.
2262 374 2333 386 —
2371 347 2495 402 LIB.
2534 349 2619 404 lll.
2657 388 2668 397 .

3329 363 3429 418 158

180 443 350 498 tribus
379 443 658 499 institutor
694 453 892 500 sanctte
933 443 1181 501 Ecclesia:
1210 452 1370 503 tuisse
1411 459 1759 509 memoratur.
1785 464 1835 516 Α
1861 453 2004 522 quod
2033 453 2102 508 de
2127 456 2263 510 fama
2287 457 2582 512 sanctitatis
2607 458 2854 524 redoluit,
2877 476 3034 516 omne
3061 464 3205 531 quod
3228 467 3431 521 clarum

178 532 349 586 Vocat
395 548 528 603 ergo
580 534 739 588 litium
793 551 898 587 ron
955 534 1146 589 allec-tu
1203 538 1610 608 appel'ationis,
1665 541 1760 596 sed

177 625 492 677 ostensione
516 627 726 678 amissa:
755 625 924 692 dignit
943 627 1049 679 :tis.
1085 625 1149 679 Et
1168 629 1293 694 quia
1325 629 1376 680 in
1401 631 1629 698 caligine
1656 647 1761 686 ca:-

176 711 356 764 citatis
406 713 678 782 aspicitur,
736 715 956 768 indicari
1011 716 1110 769 sibi
1151 717 1411 771 visionem
1460 721 1761 790 postulasse

177 803 506 870 perhibetur.
541 804 835 858 Obserrare
864 807 1062 860 etenim
1109 808 1158 860 ei
1189 816 1271 860 est
1309 819 1555 878 respectu
1605 827 1757 866 com-

177 896 356 948 munis
404 904 608 949 natune
656 897 1064 964 prmdicatorum
1110 910 1316 953 mentes
1361 902 1426 953 ad
1457 903 1764 958 misericor-

173 982 314 1034 diam
370 999 690 1051 provncare.
746 983 845 1049 Qui
888 987 1050 1038 etiam
1101 987 1539 1055 imprecationem
1606 995 1758 1063 123

173 1073 422 1140 precibus
451 1073 668 1132 addilit,
700 1075 822 1140 quia
875 1075 1007 1127 ordo
1056 1077 1478 1144 praedicantium,
1532 1083 1655 1133 dum
1705 1083 1757 1136 in

175 1167 322 1211 tanta
349 1161 563 1214 miseria
595 1162 824 1228 positum
855 1161 917 1215 Ju
941 1165 1155 1216 latorum
1185 1167 1541 1221 sacerdotium
1585 1178 1757 1224 atten-

171 1249 348 1315 deret,
381 1251 537 1306 irasci
569 1252 667 1305 sibi
697 1253 1122 1321 nnmipotentem
1160 1253 1445 1310 Dominum
1479 1259 1674 1326 timuit,
1713 1259 1757 1314 si

172 1355 278 1390 non
312 1340 362 1392 ei
387 1341 555 1393 verbo
593 1341 921 1394 subveniret.
955 1340 1104 1397 Unde
1132 1351 1186 1398 et
1214 1354 1338 1412 apte
1380 1346 1753 1416 subjungitur:

175 1427 441 1482 Indicauit
481 1431 528 1482 ei
559 1430 771 1484 Samuel
811 1432 1074 1486 uniuersos
1118 1449 1405 1498 sermones,
1437 1445 1487 1489 et
1518 1453 1621 1489 non
1667 1437 1757 1490 nb-

169 1523 372 1576 scondit
393 1523 458 1574 ab
483 1541 559 1577 eo.
594 1523 781 1577 Omnia
813 1524 1010 1594 quippe
1038 1525 1088 1578 ei
1118 1526 1227 1579 visa
1251 1527 1524 1595 indicavit,
1555 1537 1633 1593 ut,
1663 1545 1756 1583 au-

170 1615 279 1668 dito
317 1615 464 1682 quod
487 1615 698 1679 meruit,
750 1615 1057 1682 magnitudo
1101 1615 1397 1672 formidinis
1443 1619 1508 1672 ad
1555 1621 1758 1675 solliei-

170 1706 408 1756 tudinem
435 1720 560 1758 eum
601 1713 942 1758 converteret
979 1706 1325 1774 impetranda:
1364 1708 1556 1762 divina:
1595 1710 1754 1763 mise-

1863 559 1960 611 per
1989 544 2206 597 verbum
2239 546 2393 612 luxit,
2424 547 2488 600 de
2508 549 2788 616 prmsentia
2807 547 3181 618 Redemptoris
3203 555 3430 623 accepit,

1859 649 2016 700 quem
2037 649 2216 689 secum
2235 636 2436 691 habuit.
2461 637 2590 690 Nam
2613 641 2710 694 etsi
2737 642 2898 694 verbo
2925 639 3115 695 Paulus
3130 658 3236 696 non
3259 645 3430 698 solum

1859 723 2064 777 inﬁrma
2094 733 2148 777 et
2173 732 2402 788 terrena,
2434 726 2527 779 sed
2553 727 2713 780 etiam
2735 744 2940 782 summa
2971 739 3026 783 et
3054 731 3294 784 cmlestia
3336 749 3432 801 pe-

1860 823 2055 878 netrat,
2087 830 2154 868 ex
2199 830 2263 868 eo
2294 815 2432 870 hanc
2461 816 2673 870 dicendi
2717 820 2965 872 virtutem
3007 820 3240 886 obtinet,
3273 837 3432 890 quem

1858 919 2034 957 secum
2066 919 2184 958 esse
2219 906 2465 969 allirmat,
2503 907 2720 960 dicens:
2769 910 2850 961 An
2880 912 3276 977 experimentum
3321 913 3432 982 ejus

1856 995 2082 1062 quwritis
2107 1003 2131 1030 ιι
2163 994 2247 1064 qui
2295 995 2347 1048 in
2376 1013 2455 1048 me
2480 994 2922 1051 IzabitatC/zristus
2955 997 3037 1069 (II
3062 999 3179 1052 Cor.
3214 1017 3324 1065 xm,
3352 1002 3434 1065 3)?

1858 1084 1956 1150 Qui
1980 1086 2119 1139 enim
2151 1088 2202 1140 in
2234 1103 2290 1140 se
2321 1088 2638 1155 loquebatur
2658 1105 2839 1144 secum
2873 1101 3006 1144 erat.
3035 1091 3259 1146 Redolet
3288 1095 3433 1146 omni

1858 1177 2055 1230 mundo
2083 1192 2175 1246 per
2204 1178 2385 1242 vitam,
2413 1180 2504 1230 sed
2526 1195 2590 1233 ex
2613 1195 2678 1233 eo
2708 1181 2826 1233 vita:
2849 1181 3067 1235 odorem
3098 1183 3430 1252 trahitquem

1857 1268 2088 1320 ostendit
2115 1284 2128 1320 :
2168 1267 2352 1320 dicens
2379 1285 2391 1320 :
2417 1267 2605 1321 Christi
2647 1267 2805 1322 bonus
2835 1269 2963 1322 odor
2991 1287 3164 1323 sumus
3208 1273 3261 1324 in
3295 1273 3435 1324 omni

1856 1358 1966 1411 loro
1996 1357 2156 1425 (Ibid.
2191 1375 2246 1424 ιι,
2278 1357 2384 1430 15).
2409 1359 2600 1413 Omnia
2644 1376 2761 1415 esse
2789 1361 2854 1415 de
2884 1363 3160 1430 praesentia
3207 1362 3433 1417 Redem-

1856 1452 2024 1520 ptoris
2053 1451 2286 1507 Joannes
2313 1453 2587 1517 insinuat,
2616 1454 2737 1521 quia
2780 1453 2907 1508 dicit
2938 1472 2950 1506 :
2999 1453 3077 1507 De
3121 1457 3435 1524 plenitudine

1854 1541 1964 1609 ejus
1992 1557 2164 1594 omnes
2190 1545 2475 1610 accepimus
2499 1542 2674 1614 (Joan,
2700 1558 2735 1607 ι,
2771 1542 2880 1611 16).
2909 1541 3124 1597 Samuel
3155 1559 3282 1612 «rgo
3311 1560 3432 1598 cuin

1855 1631 2088 1684 crevisse
2116 1631 2329 1695 dicitur,
2358 1647 2477 1695 cum
2507 1648 2572 1686 eo
2622 1633 2874 1686 Dominus
2917 1648 3036 1687 esse
3084 1642 3432 1701 memoratur,

1856 1719 1979 1788 quia
2031 1721 2311 1774 doctorum
2359 1721 2489 1775 ordo
2514 1737 2635 1776 cum
2684 1737 2888 1790 magna:
2931 1723 3224 1777 sanctitatis
3269 1733 3432 1792 atque

171 1793 414 1847 rationis.
449 1792 737 1849 Universos
765 1795 814 1848 ei
850 1795 1058 1849 Domini
1089 1812 1364 1851 sermones
1387 1799 1659 1865 indicavit,
1687 1811 1745 1854 ut
1781 1805 1820 1862 Β
1847 1808 2102 1861 doctrina:
2123 1809 2292 1873 gratia
2323 1809 2467 1863 omni
2498 1808 2697 1862 mundo
2726 1809 3073 1878 resplenduit,
3108 1825 3175 1863 ex
3216 1826 3281 1862 eo
3323 1819 3430 1862 tam

170 1885 290 1938 dum
320 1885 374 1936 in
409 1892 675 1939 vetustate
699 1900 792 1938 sua
824 1900 882 1939 se
907 1885 1209 1954 projectum
1239 1897 1626 1955 cognosceret,
1656 1905 1751 1957 per

170 1975 502 2044 pmn'tentiae
550 1975 812 2044 lacrymas
861 1975 928 2028 ad
978 1991 1117 2030 verte
1171 1975 1292 2030 ﬁdei
1347 1980 1748 2033 renovationem

171 2063 469 2118 festinaret.
505 2063 606 2128 Qui
637 2063 875 2132 profecto
903 2066 1206 2134 responlit,
1240 2067 1422 2121 dicens
1449 2085 1462 2119 :

241 2155 418 2225 (Vers.
449 2154 563 2222 l8.)
611 2155 862 2210 Dominus
889 2165 986 2223 est,
1013 2157 1149 2227 quod
1175 2157 1362 2210 bonum
1388 2167 1462 2212 est
1490 2161 1544 2213 in
1590 2160 1752 2213 oculis

166 2246 270 2299 suis
293 2247 482 2316 faciat.

232 2332 320 2386 9.6.
353 2334 556 2399 Quibus
603 2335 852 2389 nimirum
883 2337 1062 2390 verbis
1090 2337 1216 2404 quid
1264 2336 1406 2390 aliud
1452 2352 1612 2406 quam
1653 2337 1735 2394 Ju-

165 2422 300 2476 daici
348 2425 531 2492 populi
581 2425 807 2494 perﬁdia
837 2427 1035 2480 clarius
1084 2427 1434 2494 agnoscitur?
1475 2427 1608 2482 Nam
1654 2430 1747 2498 qui

166 2524 590 2592 omnipotentem
624 2523 787 2578 Deum
813 2523 1096 2578 Dominum
1126 2532 1304 2593 vocat,
1330 2525 1504 2580 adhuc
1535 2527 1585 2580 ei
1632 2543 1748 2581 ser-

167 2612 275 2666 vire
319 2628 381 2667 se
439 2614 729 2667 existimat.
761 2613 894 2668 Cum
928 2614 1086 2681 igitur
1136 2613 1360 2670 Judaico
1409 2616 1609 2685 populo
1653 2631 1744 2670 re-

169 2705 338 2775 pulsio
364 2719 461 2758 sua
493 2721 525 2759 a
581 2713 779 2759 sancta:
807 2704 1057 2759 Ecclesia;
1087 2703 1394 2760 doctoribus
1420 2705 1742 2774 insinuatur,

168 2796 289 2850 dicit
320 2815 334 2848 :
371 2795 620 2850 Dominus
647 2805 744 2857 est,
775 2797 910 2866 quod
938 2799 1123 2851 bonum
1157 2807 1233 2851 est
1263 2798 1317 2850 in
1347 2797 1508 2851 oculis
1532 2799 1639 2852 suis
1661 2801 1740 2869 fa-

169 2885 282 2937 ciat.
307 2883 442 2951 Quia
463 2886 589 2938 dum
632 2885 744 2940 Deo
771 2901 831 2940 se
857 2885 1073 2954 placere
1117 2902 1214 2954 per
1245 2897 1478 2942 veterem
1527 2888 1738 2943 institu-

170 2976 360 3030 tionem
412 2975 607 3039 credit,
656 2987 854 3030 sancta:
892 2976 1145 3030 Ecclesia:
1192 2991 1526 3045 nequaquam
1571 2979 1743 3034 minas

169 3065 485 3132 expavescit.
542 3061 705 3131 Quasi
735 3066 878 3119 enim
901 3065 1157 3134 apertiori
1195 3081 1327 3120 voce
1347 3065 1564 3122 Iudaica
1613 3083 1736 3136 per-

1855 1912 2075 1963 magnus
2113 1911 2370 1965 apparere
2399 1897 2676 1966 potuitqui
2721 1913 2843 1952 eum
2875 1899 2926 1951 in
2958 1898 3156 1952 mundo
3196 1899 3429 1967 positum

1853 2000 1956 2037 non
1992 1985 2222 2052 reliquit.
2256 1985 2547 2054 Sequitur:

1928 2075 2082 2146 123
2118 2073 2293 2144 (Vers.
2337 2075 2449 2144 20.)
2497 2075 2568 2128 Et
2606 2078 2838 2145 cognovit
2877 2077 3143 2131 universus
3186 2077 3356 2131 Israel
3399 2095 3432 2131 a

1850 2163 1970 2218 Dan
1997 2183 2154 2236 usque
2178 2165 2428 2220 Bersabee
2448 2166 2581 2238 quod
2601 2165 3004 2236 ﬁdelis'Samuel
3028 2166 3276 2236 propheta
3303 2175 3434 2220 esset

1849 2254 2081 2308 Domini.

1918 2345 2008 2398 98-.
2037 2343 2240 2410 Quibus
2263 2343 2502 2412 profecto
2543 2354 2698 2398 terra:
2752 2345 3054 2400 nominibus
3079 2344 3273 2398 Judazaa
3304 2347 3426 2399 uni—

1844 2435 2072 2490 versitas
2099 2435 2430 2503 designatur.
2455 2435 2590 2502 ρ-ιία
2620 2449 2747 2503 ergo
2770 2437 2823 2489 in
2847 2438 3093 2491 universa
3121 2436 3303 2492 Judaia
3328 2438 3428 2493 nisi

1845 2528 2020 2581 omnis
2046 2525 2356 2594 designatur
2381 2525 2662 2580 Ecclesia?
2689 2525 3014 2581 Universitas
3045 2527 3225 2595 itaque
3264 2526 3430 2581 Israel

1844 2616 1967 2686 quia
1996 2615 2211 2670 Samuel
2242 2616 2501 2686 propheta
2531 2627 2613 2670 est
2642 2616 2850 2669 Domini
2879 2617 3213 2684 recognoscit
3238 2655 3254 2681 ,
3297 2617 3426 2684 quia

1843 2701 2089 2773 profecto
2121 2705 2295 2758 omnis
2323 2705 2414 2774 qui
2444 2704 2613 2759 ﬁdelis
2630 2712 2712 2759 est
2738 2705 2907 2759 credit
2935 2696 3080 2775 quod
3117 2716 3428 2760 sanctorum

1841 2796 2246 2864 prasdicatorum
2279 2796 2412 2850 orJo
2443 2811 2570 2852 vera
2607 2797 2674 2851 de
2723 2797 2916 2852 futuris
2953 2797 3100 2852 dicit.
3145 2795 3429 2865 Propheta:

1843 2899 2073 2952 namque
2101 2883 2336 2938 ofﬁcium
2367 2892 2471 2952 est,
2493 2893 2548 2939 et
2576 2885 2745 2939 futura
2770 2884 3079 2955 pnedicere,
3118 2892 3172 2939 et
3201 2885 3414 2939 occulta

1839 2975 2098 3030 revelare.
2122 2974 2506 3030 Przedicatores
2527 2985 2702 3029 autem
2723 2985 2920 3030 sancta:
2942 2975 3189 3029 Ecclesia:
3203 2974 3327 3028 dum
3347 2975 3428 3028 la-

1843 3064 2009 3119 tentia
2035 3078 2258 3132 quaeque
2284 3063 2409 3117 vitia
2435 3064 2486 3116 in
2523 3074 2700 3118 mente
2724 3063 3145 3132 deprehendunt,
3170 3061 3296 3116 dum
3320 3063 3426 3130 spi-

171 3151 278 3206 lidia
302 3163 531 3220 asserat,
575 3163 629 3208 et
655 3155 1102 3210 comminantibus
1129 3155 1230 3210 sibi
1260 3167 1457 3211 sancta:
1485 3157 1739 3214 Ecclesia:
1769 3151 1812 3212 C
1842 3153 2076 3208 ritalium
2105 3153 2360 3207 virtutum
2389 3161 2592 3207 secreta
2621 3155 2886 3220 aperiunt,
2940 3151 3067 3206 dum
3115 3158 3423 3204 sanctarum

170 3241 604 3310 pmdicatoribus
631 3244 774 3299 dic-.t
804 3261 818 3299 :
853 3243 931 3306 Eo
959 3244 1113 3300 nobis
1140 3245 1299 3302 minis
1343 3247 1534 3301 vestris
1565 3255 1744 3303 terro-

169 3347 269 3385 rem
300 3333 510 3387 nullum
560 3335 814 3400 incutitis,
863 3350 972 3404 quo
1019 3336 1164 3390 circa
1195 3333 1355 3392 ﬁdem
1405 3339 1454 3392 ei
1499 3354 1598 3394 nos
1644 3339 1746 3394 mi-

171 3422 385 3476 nistrare
407 3423 677 3478 credimus
723 3439 755 3478 a
802 3424 952 3494 cujus
974 3427 1145 3492 gratia
1175 3442 1276 3481 nos
1311 3427 1576 3482 decidisse
1617 3445 1746 3497 pra:-

169 3515 362 3569 dicstis.
393 3515 528 3570 Cum
577 3530 704 3583 ergo
732 3516 970 3584 adjungit
1001 3534 1014 3570 :
1053 3516 1246 3571 Faciat
1282 3518 1417 3588 quod
1455 3517 1642 3572 bonum
1669 3527 1746 3574 est

171 3605 220 3656 in
242 3607 402 3659 oculis
445 3607 576 3671 suis,
625 3619 822 3662 sancta:
863 3605 1112 3662 Ecclesia:
1152 3609 1401 3663 doctores
1455 3611 1748 3665 subsannat

170 3692 332 3760 potius
350 3709 512 3762 quam
536 3709 596 3748 se
621 3695 814 3749 divina:
851 3691 1136 3750 se'ntentiae
1181 3696 1388 3751 offerat.
1427 3697 1590 3764 Quasi
1641 3700 1744 3753 alia

172 3781 456 3838 intentione
486 3784 753 3852 loquatur,
783 3786 1001 3841 etdicat
1031 3805 1044 3839 :
1077 3786 1153 3840 Eo
1198 3788 1351 3842 nobis
1392 3790 1500 3842 tale
1545 3789 1745 3858 aliquid

172 3886 269 3925 non
307 3871 453 3940 facit,
488 3890 598 3941 quo
627 3884 810 3928 noster
841 3886 923 3928 est
953 3875 1210 3930 Dominus
1255 3877 1343 3930 ille
1384 3893 1540 3946 quem
1592 3878 1746 3932 nobis

171 3963 230 4015 ad
255 3963 412 4017 vindit
431 3973 540 4017 tam
575 3967 889 4034 proponitis.
921 3967 1177 4034 Sequitur
1207 3984 1221 4020 :

237 4053 404 4122 (γει-ε.
436 4054 550 4124 l9.)
583 4053 748 4109 Crevit
776 4065 946 4111 autem
991 4056 1226 4125 Samuel,
1263 4065 1313 4111 et
1343 4056 1591 4112 Dominus
1634 4070 1746 4114 erat

175 4156 278 4195 arm
297 4161 376 4196 εο.

238 4242 320 4294 9.7.
356 4242 489 4308 Quid
513 4254 599 4298 est
642 4225 786 4314 quod
829 4258 1113 4316 postquam
1145 4247 1263 4302 Heli
1291 4247 1549 4303 visionem
1572 4264 1743 4318 expo-

175 4331 291 4395 suit,
337 4333 569 4387 crevisse
621 4333 838 4388 Samuel
883 4335 1098 4400 dicitur,
1133 4336 1231 4390 nisi
1282 4337 1406 4404 quia
1459 4337 1742 4392 doctorum

176 4429 465 4474 nostrorum
514 4423 670 4487 ordo,
726 4433 1010 4492 postquam
1057 4425 1223 4478 verbo
1269 4424 1564 4495 Synagnga:
1610 4426 1744 4479 lilios

1850 3242 2251 3313 Scripturarum
2280 3244 2511 3298 latentes
2538 3243 2838 3298 intellectus
2866 3243 2930 3296 ad
2955 3255 3289 3297 communem
3321 3257 3424 3293 no-

1847 3335 2017 3388 titiam
2047 3333 2327 3404 prol'erunt
2351 3373 2366 3398 ,
2399 3333 2524 3387 dum
2549 3331 2725 3386 futura
2755 3332 2986 3387 caelestis
3014 3331 3198 3400 patria:
3237 3329 3426 3397 gaudia

1845 3424 2030 3479 electis
2077 3423 2320 3477 ﬁdelibus
2367 3423 2765 3490 repromittunt.
2825 3420 3098 3490 propheta:
3130 3417 3426 3471 ministerio

1844 3523 2085 3568 utuntur.
2107 3512 2185 3566 Ab
2207 3512 2452 3567 universo
2476 3513 2635 3581 igitur
2661 3511 2856 3566 lsraele
2867 3511 3126 3580 propheta
3143 3508 3347 3563 Domini
3363 3508 3426 3559 li.

1844 3606 1980 3661 delis
1994 3606 2207 3662 Samuel
2225 3620 2341 3660 esse
2362 3607 2719 3674 cognoscitur,
2740 3605 2862 3672 quia
2885 3603 3306 3673 omnipotentem
3331 3602 3425 3655 Do.

1845 3679 2044 3753 minum
2095 3699 2198 3753 ﬁde
2225 3699 2407 3752 videre
2447 3712 2555 3752 non
2587 3704 2780 3766 potest,
2813 3696 2904 3764 qui
2947 3704 3142 3749 sancta:
3173 3694 3425 3747 Ecclesia:

1845 3788 2154 3844 doctoribus
2181 3789 2339 3842 ﬁlem
2370 3803 2476 3842 non
2507 3787 2745 3840 adhibet.
2779 3784 2841 3837 Et
2861 3784 2986 3852 quia
3007 3783 3191 3836 eadem
3224 3781 3420 3835 divina:

1843 3882 2165 3950 cognitionis
2192 3880 2360 3948 gloria
2392 3879 2444 3932 in
2489 3885 2670 3931 sancta
2701 3875 2941 3930 Ecclesia
2972 3873 3230 3928 remansit
3257 3915 3272 3939 ,
3300 3886 3423 3941 qua:

1843 3989 1901 4028 se
1923 3973 2233 4026 doctoribus
2261 3969 2448 4039 primis
2479 3967 2708 4036 aperuit,
2730 3966 2971 4019 subditur
2996 3983 3008 4017 :

1915 4061 2092 4130 (Vers.
2145 4058 2259 4129 2i.)
2305 4056 2374 4110 Et
2400 4056 2602 4110 addidit
2651 4057 2896 4109 Dominus
2949 4064 3004 4108 ut
3050 4062 3317 4122 appareret
3363 4053 3420 4106 in

1846 4153 1993 4206 Silo-
3417 4150 3419 4152 ’

1912 4242 2001 4295 ‘29.
2034 4241 2146 4296 Silo
2174 4242 2370 4310 quippe
2398 4241 2590 4294 missus
2619 4239 3016 4305 interpretatur.
3070 4235 3134 4288 Et
3158 4235 3281 4304 quia
3330 4250 3420 4288 us-

1843 4347 1948 4401 que
1993 4333 2045 4385 in
2084 4331 2266 4384 mundi
2322 4329 2481 4384 linem
2523 4329 2576 4382 in
2623 4326 3017 4398 pmdirationis
3069 4323 3418 4378 ministerium

1847 4423 2029 4487 mittit,
2068 4424 2119 4476 in
2150 4421 2262 4476 Silo
2292 4421 2548 4475 Dominus
2578 4430 2840 4489 apparet,
2883 4417 3007 4487 quia
3028 4431 3086 4472 se
3117 4419 3196 4470 eis
3225 4415 3422 4469 clarius

179 4511 377 4578 repulit,
400 4511 621 4579 majoris
643 4515 960 4568 reverentia:
977 4514 1202 4582 gloriam
1232 4515 1372 4584 apud
1389 4515 1740 4582 gentilitatem
1772 4498 1821 4556 ί)
1847 4512 2079 4567 ostendit
2095 4527 2190 4580 per
2209 4526 2345 4580 quos
2364 4511 2500 4566 lucis
2526 4526 2634 4566 Sua:
2661 4509 2884 4578 gloriam
2912 4508 3030 4562 aliis
3059 4507 3250 4576 aperit.
3278 4505 3422 4558 Bene

179 4597 366 4653 invenit
389 4601 412 4653 ἲ
437 4599 620 4654 Crevit
641 4617 791 4668 ergo,
821 4603 945 4670 quia
973 4603 1062 4672 qui
1090 4619 1190 4673 per
1214 4604 1363 4657 verbi
1388 4604 1738 4658 ministerium

175 4701 232 4740 se
253 4689 389 4758 prius
415 4692 465 4743 in
485 4707 589 4744 una
615 4701 776 4758 gente
800 4692 1059 4759 cohibuit,
1083 4692 1421 4761 postmodum
1442 4694 1742 4750 sanctitatis

176 4783 329 4844 atque
351 4779 602 4834 doctrinae
623 4782 816 4834 famam
847 4783 899 4836 in
943 4783 1202 4838 universo
1237 4783 1435 4837 mundo
1477 4785 1738 4838 dilatavit.

179 4864 319 4921 Unde
346 4879 397 4923 et
432 4887 530 4940 per
558 4871 895 4926 Psalmistam
941 4873 1174 4927 dicitur:
1205 4873 1272 4927 In
1311 4891 1511 4928 omnem
1550 4882 1741 4928 terram

175 4957 318 5009 exivit
342 4975 490 5012 sonus
519 4978 699 5015 eorum
721 5003 736 5025 ,
769 4972 817 5014 et
844 4965 897 5015 in
924 4964 1056 5031 ﬁnes
1103 4963 1244 5018 orbis
1273 4974 1422 5018 terra:
1467 4964 1618 5018 verba
1653 4983 1740 5018 eo-

177 5060 284 5096 rum
305 5045 462 5113 (Psal.
489 5064 637 5113 xvm,
668 5049 744 5118 5).
774 5050 906 5105 llinc
941 5053 1130 5105 iterum
1153 5062 1350 5105 sanctze
1375 5052 1626 5106 Ecclesia:
1655 5052 1734 5106 lo-

177 5149 352 5200 quens,
381 5138 454 5191 ait
483 5156 497 5191 :
543 5140 650 5193 Pro
678 5142 908 5209 patribus
931 5143 1030 5194 tuis
1061 5143 1166 5194 nati
1195 5151 1311 5195 sunt
1339 5142 1428 5194 tibi
1458 5143 1586 5211 ﬁlii,
1616 5158 1738 5194 con-

178 5224 344 5278 stitues
363 5243 445 5281 eos
469 5230 730 5298 principes
759 5247 911 5299 super
945 5248 1145 5284 omnem
1176 5241 1362 5284 terram
1398 5231 1567 5300 (Psal.
1593 5246 1738 5298 xuV,

181 5308 288 5377 1⁷)·
313 5314 485 5371 Crevit
509 5317 691 5386 itaque
714 5333 833 5372 cum
867 5319 918 5372 in
972 5320 1219 5372 universa
1248 5319 1446 5372 mundo
1492 5318 1736 5372 radiavit.

182 5398 305 5456 Cum
329 5419 432 5474 quo
459 5407 623 5462 etiam
653 5406 908 5462 Dominus
929 5424 1048 5464 esse
1073 5409 1400 5478 perhibetur,
1431 5409 1555 5477 quia
1581 5424 1741 5463 omne

201 5679 225 5692 η
255 5620 278 5646 ⁸
303 5613 450 5692 Forte
477 5617 761 5692 legendum
790 5623 874 5692 qui
903 5620 955 5673 in
978 5637 1056 5674 nte
1072 5620 1296 5692 loquitur
1319 5659 1335 5686 ,
1389 5626 1646 5692 utexstat
1670 5617 1726 5692 _i_n

186 5687 358 5739 Graeco
377 5687 519 5743 fonte
547 5703 610 5744 ac
632 5688 686 5743 in
711 5687 1073 5745 Versionibus.
1105 5687 1234 5745 llinc
1249 5689 1533 5757 Gregorius
1563 5688 1732 5758 εχριί-

1848 4615 2027 4658 autem
2055 4602 2249 4656 dicitur
2273 4602 2488 4656 Addidit
2529 4609 2585 4653 ut
2614 4607 2905 4670 appareret,
2935 4598 3056 4668 quia
3094 4597 3424 4651 incessanter

1843 4692 2112 4760 eliguntur
2127 4691 2319 4758 quibus
2340 4690 2553 4744 claritas
2577 4688 2768 4742 divina:
2789 4687 2920 4740 lucis
2937 4684 3248 4739 infunditur.
3269 4680 3420 4735 Unde

1843 4789 1900 4836 et
1950 4795 2164 4835 causam
2210 4795 2307 4833 cur
2361 4778 2598 4831 auditam
2650 4776 2908 4830 visionem
2955 4781 3159 4828 asserat
3219 4770 3420 4836 subdit,

1843 4870 2026 4924 dicens
2051 4887 2064 4922 :

1916 4947 2090 5018 (Vers.
2123 4946 2234 5016 2|.)
2265 4945 2518 5010 Quoniam
2543 4943 2790 4998 revelatus
2820 4943 2989 5012 fuerat
3036 4938 3288 4992 Dominus
3319 4937 3418 4992 Sa-

1837 5045 2009 5100 mueli.

1911 5132 1996 5185 50.
2025 5131 2224 5185 Idcirco
2248 5134 2386 5184 enim
2419 5136 2475 5180 ut
2511 5131 2769 5195 appareat
2814 5123 2979 5188 addit,
3025 5122 3280 5193 quoniam
3321 5121 3414 5189 qui

1839 5226 2106 5281 revt-latus
2138 5225 2311 5276 fuerat
2334 5221 2588 5274 Dominus
2607 5233 2666 5272 se
2693 5218 2882 5271 iterum
2915 5219 3076 5284 atque
3105 5215 3294 5268 iterum
3327 5228 3414 5264 rc-

1841 5317 2004 5380 velat,
2054 5324 2109 5368 et
2162 5329 2271 5368 sua:
2301 5309 2621 5365 ostensionis
2660 5308 2860 5362 donum
2890 5322 2921 5359 a
2968 5313 3150 5358 sancta
3180 5300 3412 5356 Ecclesia

1842 5422 2176 5476 nequaquam
2207 5403 2492 5469 subtrahit,
2514 5416 2672 5470 quam
2721 5399 2772 5455 ei
2801 5398 3052 5454 exhibere
3080 5412 3143 5450 ex
3175 5393 3288 5462 ejus
3315 5408 3410 5446 ειη

1836 5632 1964 5672 cans
1993 5617 2133 5672 hunc
2160 5616 2337 5673 locum
2367 5615 2544 5672 subdit
2569 5633 2580 5669 :
2625 5615 2710 5687 qui
2737 5617 2870 5669 enim
2916 5615 2968 5667 in
2995 5630 3049 5667 se
3089 5612 3410 5684 loquebatur.

1835 5702 2004 5744 locum
2029 5697 2163 5742 erat.
