4000 6298
580 278 682 336 139

1731 279 1973 337 ΞΑΜΣΤΙ
2014 279 2341 338 GREGORII
2382 282 2594 337 MAle

3738 304 3821 360 1ῗο

580 391 732 447 ordio
761 405 869 446 non
891 390 1136 447 cessavit.
1169 390 1276 450 Sed
1306 393 1396 461 qni
1428 391 1663 449 Samuell
1708 396 1979 450 revelatus
2015 411 2163 449 asse-
2193 403 2237 457 Α
2268 396 2406 467 quod
2429 407 2506 450 est
2526 396 2730 450 verbum
2764 397 2860 452 Dei
2889 399 3077 469 (Ibid.,
3103 402 3190 469 16,
3220 403 3331 473 17).
3362 402 3499 461 Hinc
3526 405 3709 466 Petrus
3740 431 3820 469 ax-

580 483 733 544 ritur,
775 481 987 550 quoties
1011 497 1273 551 apparere
1302 482 1563 539 addiderit
1599 500 1705 539 non
1736 484 1986 553 refertur,
2034 486 2162 553 quia

580 561 829 624 nimirum
857 584 1026 637 usque
1072 572 1123 624 in
1156 570 1338 625 mundi
1367 570 1529 625 linem
1558 582 1742 627 sancta
1773 571 2011 628 Ecclesia
2063 574 2164 627 du-

579 664 735 721 citur.
758 662 841 717 cii
871 661 1251 732 praedicatores
1279 672 1535 733 prmsunt,
1562 664 1654 733 qui
1695 678 1760 719 ex
1790 680 1855 719 eo
1896 666 1947 717 in
1972 665 2167 718 inﬁmis

580 760 688 807 alta
715 753 1031 808 aeternitatis
1078 753 1272 822 gaudia
1303 754 1614 824 praedicent,
1659 770 1766 824 quo
1797 772 2005 811 summa
2048 772 2166 825 quae

581 844 872 913 praedicant
899 845 952 899 in
982 846 1089 899 alta
1121 845 1214 900 Dei
1263 847 1696 901 manifestatione
1742 848 1944 901 vident.
1994 848 2164 914 Quam

581 935 823 1004 profecto
848 936 1237 1005 apparitionem
1264 935 1417 1005 juxta
1463 937 1680 992 verbum
1731 937 1941 993 Demini
1971 938 2167 992 factam

582 1028 912 1096 perhibetur.
945 1026 1084 1094 Quid
1104 1037 1185 1080 est
1213 1036 1391 1081 autem
1415 1028 1634 1081 verbum
1664 1028 1890 1092 Domini,
1915 1028 2012 1083 nisi
2043 1043 2168 1097 pro-

584 1118 767 1173 missio
798 1117 1214 1187 Redemptoris?
1244 1116 1462 1170 Addidit
1486 1130 1614 1184 ergo
1640 1125 1694 1170 ut
1721 1126 2003 1185 appareret
2014 1117 2034 1184 j
2045 1126 2167 1170 nxta

584 1208 806 1262 verbum
849 1205 1089 1271 Domini,
1134 1204 1257 1274 quia
1306 1206 1679 1275 promissionis
1733 1221 1841 1261 sua:
1887 1207 2168 1260 veritatem

583 1296 862 1351 exhiberet
912 1310 1019 1350 non
1059 1295 1275 1349 desinit.
1309 1294 1543 1350 Verbum
1586 1311 1818 1363 namque
1874 1297 2082 1349 Domini
2115 1297 2168 1350 in

582 1385 855 1441 additione
884 1384 1235 1453 apparitionis
1254 1391 1367 1439 est:
1398 1384 1533 1439 Ecce
1556 1402 1648 1457 ego
1662 1388 1917 1439 vobiscum
1932 1403 2045 1440 sum
2066 1404 2171 1441 ont-

584 1476 733 1531 nibus
753 1475 948 1537 diebus.
976 1492 1133 1546 usque
1158 1476 1226 1528 ad
1242 1479 1733 1531 consummationem
1749 1477 1925 1533 swculi
1950 1477 2166 1547 (Matth.

585 1582 769 1630 xxvut,
799 1565 912 1635 20).
936 1566 1189 1635 Sequitur
1216 1583 1230 1619 :

646 1659 823 1729 (Vers.
839 1658 902 1712 21
916 1658 953 1728 .)
973 1658 1018 1712 Ε
1023 1667 1041 1711 ι
1056 1658 1184 1711 .‘enit
1197 1674 1362 1713 sermo
1378 1659 1635 1714 Samuelis
1645 1660 1698 1713 in
1710 1661 1943 1714 universo
1960 1658 2170 1717 Israeli.

2270 485 2493 539 hortans
2515 486 2642 539 dicit
2670 505 2681 516 ’
2714 487 2938 543 Solliciti
2966 500 3149 557 estote,
3198 502 3246 546 et
3284 495 3494 565 vigilate
3518 498 3569 551 in
3598 502 3822 557 orationi-

2269 576 2380 639 bus,
2436 577 2555 646 quia
2576 578 2905 632 adversarius
2928 590 3091 634 vester
3121 582 3355 637 diabolus
3381 586 3580 650 circuit,
3615 606 3822 659 quwrens

2268 682 2415 736 quem
2445 668 2680 733 devoret;
2726 671 2807 722 cui
2834 672 3058 724 resistite
3085 675 3245 743 fortes
3274 675 3328 727 in
3359 676 3465 744 ﬁde
3515 676 3566 747 (I
3602 679 3733 735 Petr.
3762 700 3823 749 tv,

2271 756 2332 822 7;
2372 774 2425 823 v,
2457 758 2535 826 8).
2596 759 2729 813 Dum
2778 775 2906 828 ergo
2948 761 3205 818 lsraelitis
3258 767 3440 834 praelia
3473 783 3568 836 per
3618 770 3826 829 litteram

2268 847 2595 916 referuntur,
2646 851 2857 905 interna
2897 860 2955 905 et
2981 853 3091 921 Spir
3116 854 3239 907 talia
3264 854 3633 924 designantur.
3683 861 3826 917 Phili.

2267 937 2450 992 sthiim
2483 954 2712 1008 namque
2740 941 2994 996 cadentes
3016 945 3210 1011 poculo
3253 947 3705 1017 interpretantur;
3738 970 3828 1023 quo

2269 1029 2518 1083 nimirum
2541 1032 2758 1085 nomine
2786 1034 3002 1103 reprobi
3056 1051 3088 1089 a
3128 1037 3231 1103 geli
3287 1040 3687 1110 exprimuntur,
3722 1047 3829 1112 quia

2268 1134 2366 1188 per
2386 1120 2833 1176 abundantiorem
2867 1133 3048 1191 potum
3084 1129 3346 1196 superbiae
3368 1138 3570 1184 statum
3602 1133 3831 1200 perdide-

2267 1220 2395 1266 runt
2422 1222 2635 1268 teter-na:
2656 1215 2796 1269 vitae.
2844 1214 2933 1271 Eis
2994 1218 3194 1288 quippe
3242 1222 3391 1277 velut
3439 1224 3637 1293 poculo
3662 1228 3833 1283 calere

2269 1302 2368 1356 fuit
2418 1311 2607 1372 potum
2664 1306 2929 1373 superbiae
2974 1308 3096 1362 sine
3137 1312 3279 1364 omni
3328 1327 3480 1367 mora
3513 1316 3833 1371 retractionis

2216 1450 2226 1465 ,
2270 1408 2566 1449 assumere.
2618 1394 2750 1448 Nam
2800 1397 2942 1466 quod
2999 1405 3219 1467 potatur
3262 1400 3419 1457 facile
3462 1406 3713 1459 sumitur.
3772 1408 3835 1463 De

2270 1498 2498 1550 quorum
2547 1484 2792 1553 profecto
2838 1486 3143 1542 cadentium
3175 1492 3418 1561 principe
3450 1495 3600 1548 velut
3637 1497 3705 1550 de
3749 1514 3834 1566 po-

2272 1578 2422 1625 tante
2472 1570 2733 1627 Dominus
2784 1574 2917 1628 dicit
2958 1593 2971 1628 :
3022 1575 3158 1641 Quia
3210 1580 3264 1633 in
3302 1583 3515 1635 ueritate
3572 1600 3677 1637 non
3718 1588 3836 1639 stetit

2275 1660 2452 1731 (Joan.
2486 1678 2597 1727 VIII,
2629 1663 2742 1734 44).
2793 1664 2951 1719 Velut
2999 1668 3144 1722 enim
3190 1677 3319 1739 potu
3347 1673 3573 1735 corruit.
3612 1674 3721 1742 qui,
3762 1692 3836 1728 su-

656 1752 748 1806 51.
779 1750 971 1806 Sermo
1012 1751 1213 1805 etenim
1261 1752 1445 1806 venire
1474 1752 1831 1819 cognoscitur,
1865 1767 1988 1806 cum
2038 1767 2173 1821 prte-
2204 1770 2251 1828 Β
2278 1756 2477 1824 perbite
2504 1773 2615 1812 sua:
2644 1759 2933 1814 velocitate
2956 1761 3160 1826 ebrius,
3202 1763 3259 1818 in
3286 1779 3351 1819 ea
3376 1781 3481 1831 qua
3510 1764 3691 1822 fuerat
3724 1782 3836 1822 con-

584 1843 885 1897 dicatorum
933 1851 1237 1896 nostrorum
1300 1844 1586 1913 promissio
1624 1844 1977 1914 adimpletur.
2036 1843 2172 1898 Pro-

585 1931 769 1986 missio
788 1932 930 1986 enim
960 1932 1108 1986 verbi
1153 1942 1235 1986 est
1260 1932 1510 2001 gaudium
1538 1935 1656 1989 sine
1692 1932 1801 1989 ﬁne
1842 1951 2172 1990 mansurum.

595 2020 855 2078 Universo
904 2022 1065 2090 igitur
1115 2022 1297 2078 lsraeli
1329 2038 1507 2079 sermo
1534 2024 1799 2079 Samuelis
1848 2026 2016 2091 venit,
2049 2027 2174 2094 quia

585 2115 761 2168 omnis
780 2114 1067 2169 multitudo
1096 2124 1297 2170 sancta:
1314 2114 1567 2171 Ecclesiae
1593 2117 1659 2171 ad
1686 2118 1937 2186 gaudium
1959 2127 2175 2173 aeternae

586 2203 930 2258 beatitudinis
955 2203 1219 2274 pervenit,
1247 2215 1304 2260 et
1329 2206 1473 2275 quod
1504 2222 1646 2261 nunc
1676 2206 1729 2261 in
1771 2207 1876 2262 lide
1908 2208 2174 2263 sermonis

586 2310 615 2347 a
643 2295 842 2349 sanctis
874 2296 991 2363 ejus
1033 2296 1471 2364 prtedicatoribus
1500 2300 1922 2366 repromittitur,
1956 2316 2053 2369 per
2094 2301 2171 2355 rei

586 2385 869 2439 veritatem
926 2386 975 2441 ei
996 2386 1099 2438 lem
1157 2386 1210 2439 in
1262 2388 1441 2456 regnis
1504 2388 1814 2445 omlestibus
1868 2391 2171 2447 exhibetur.

587 2471 824 2526 Verbum
854 2488 1084 2540 namque
1103 2473 1384 2528 doctorum
1411 2476 1461 2529 in
1492 2478 1910 2546 repromissione
1939 2478 2172 2533 lilelium

582 2569 669 2615 est
694 2577 709 2613 :
740 2559 921 2616 Omnis
946 2563 1032 2632 qui
1060 2564 1221 2617 credit
1264 2565 1319 2619 in
1345 2567 1512 2636 ipsum
1541 2585 1646 2622 non
1672 2571 1825 2639 perit,
1857 2570 1949 2624 sed
1970 2570 2174 2625 habebit

586 2654 743 2707 vitam
771 2663 1019 2709 wternam
1062 2654 1242 2726 (locis.
1274 2671 1355 2725 In,
1405 2657 1518 2726 15).
1549 2659 1645 2714 Vel
1674 2671 1822 2716 certe
1847 2678 2024 2717 sermo
2069 2665 2174 2719 do-

586 2751 800 2796 ctorum
829 2744 884 2797 in
912 2746 1329 2815 repromissione
1355 2764 1637 2805 munerum
1667 2761 1750 2805 est
1774 2770 1787 2805 :
1822 2751 1951 2815 Qua:
1992 2754 2171 2808 oculus

588 2850 690 2887 non
721 2835 864 2903 vidit,
893 2853 986 2890 nec
1013 2839 1156 2892 auris
1184 2840 1398 2907 audivit,
1429 2857 1522 2895 nec
1550 2844 1604 2896 in
1626 2859 1717 2896 cor
1736 2843 1957 2899 hominis
1983 2861 2171 2899 ascen-

587 2926 680 2990 dit,
703 2943 818 2997 qua?
843 2930 1137 2997 preparavit
1166 2928 1305 2985 Deus
1333 2930 1666 3002 diligentibus
1696 2951 1750 2989 se
1775 2933 1909 3002 (Isa.
1936 2950 2081 3002 utv,
2106 2934 2169 3000 ὥς

586 3012 619 3070 I
663 3016 861 3082 Cor.tt,
915 3018 990 3088 9).
1049 3020 1240 3076 Sermo
1285 3022 1462 3090 itaque
1509 3023 1769 3079 Samuelis
1817 3024 1869 3078 in
1918 3024 2168 3081 universo

2278 1845 2420 1899 ditus
2442 1846 2669 1902 veritate
2695 1863 2796 1904 nec
2822 1848 2889 1903 ad
2917 1860 3247 1908 momentum
3276 1855 3451 1909 stetit.

2348 1955 2401 2010 2.
2445 1954 2554 2009 Sed
2584 1956 2742 2010 valde
2769 1958 3120 2024 quaerendum
3146 1968 3234 2017 est
3273 1963 3552 2030 quomodo
3574 1963 3736 2020 lsrael
3762 1982 3836 2022 se-

2276 2044 2509 2100 cundum
2550 2061 2767 2100 carnem
2816 2048 2998 2116 egredi
3027 2049 3080 2102 in
3112 2050 3355 2119 prtelinm
3382 2061 3574 2107 contra
3605 2054 3735 2111 istos
3758 2072 3838 2111 ca-

2275 2134 2463 2189 dentes
2486 2136 2679 2205 poculo
2714 2137 3066 2208 intelligatur.
3117 2139 3287 2197 Nemo
3334 2144 3479 2198 enim
3510 2155 3707 2214 pugnat
3732 2162 3835 2201 cunt

2276 2242 2343 2281 eo
2373 2228 2466 2296 qui
2496 2229 2594 2282 sibi
2623 2229 2925 2297 subjicitur.
2978 2229 3238 2288 Iudaicus
3284 2248 3415 2302 ergo
3465 2237 3713 2305 populus,
3759 2238 3836 2307 qui

2275 2317 2524 2386 malignis
2548 2319 2828 2388 spiritibus
2856 2335 2952 2389 per
2972 2320 3347 2376 infidelitatem
3380 2324 3679 2393 subjectus,
3720 2342 3835 2382 con-

2273 2412 2357 2459 tra
2382 2420 2477 2460 eos
2497 2407 2550 2460 in
2572 2408 2810 2475 praelium
2834 2410 3106 2477 quomodo
3129 2412 3309 2478 egredi
3337 2412 3574 2469 dicitur?
3614 2414 3837 2483 Pugnare

2276 2505 2452 2551 tamen
2475 2498 2736 2553 asseritur
2754 2515 2861 2553 non
2893 2501 3122 2558 veritate
3148 2501 3499 2573 fortitudinis,
3530 2506 3628 2562 sed
3646 2507 3836 2563 fallacia

2272 2587 2661 2642 aestimationis.
2693 2588 2932 2644 Veritate
2968 2592 3166 2662 quippe
3194 2593 3523 2651 fortitudinis
3550 2613 3580 2651 a
3610 2599 3835 2667 malignis

2272 2676 2547 2747 spiritibus
2571 2680 2741 2734 victus
2763 2688 2866 2747 est,
2892 2684 2987 2735 sed
3008 2692 3185 2738 tamen
3209 2685 3335 2739 dum
3362 2686 3581 2742 Patrum
3612 2699 3835 2745 veterum

2273 2769 2596 2825 traditiones
2633 2781 2830 2836 serVa-t,
2873 2787 2997 2827 cum
3044 2776 3294 2844 malignis
3320 2779 3598 2848 spiritibus
3641 2797 3701 2837 se
3734 2798 3837 2837 cer-

2274 2864 2452 2911 tamen
2481 2857 2680 2913 habere
2726 2861 3018 2918 existimat.
3073 2860 3227 2920 Unde
3276 2875 3330 2920 et
3376 2869 3479 2922 sub
3528 2870 3836 2939 captivitatis

2272 2961 2385 3000 suae
2410 2947 2640 3002 vinculis
2667 2956 2816 3004 tanto
2865 2951 3102 3007 strictius
3148 2953 3360 3022 ligatur,
3414 2967 3623 3025 quanto
3654 2960 3763 3029 ipsa
3784 2961 3837 3014 li-

2274 3035 2495 3090 bertatis
2516 3051 2679 3105 quam
2712 3054 2819 3094 non
2850 3039 3017 3095 habet
3043 3040 3233 3098 fiducia
3264 3047 3331 3099 ab
3364 3061 3556 3101 eorum
3581 3048 3682 3102 sibi
3703 3050 3837 3103 calli-

586 3109 769 3164 lsraeli
802 3111 967 3177 venit,
1005 3114 1158 3182 125
1191 3116 1315 3182 quia
1345 3115 1583 3183 quisquis
1610 3115 1807 3171 sanctis
1854 3116 2169 3184 praedicato-
2198 3121 2242 3184 C
2273 3125 2439 3181 ditata
2464 3128 2786 3195 suggeritur.
2817 3129 3029 3186 Versuti
3053 3149 3284 3203 namque
3312 3136 3607 3192 adversarii
3631 3141 3835 3194 occultis

586 3199 736 3254 ribus
763 3208 820 3254 et
857 3201 981 3255 vitae
1029 3206 1307 3271 praesentis
1349 3206 1652 3273 religiosam
1704 3208 2165 3262 conversationem

586 3286 941 3344 suadentibus
985 3299 1264 3347 etmterna
1311 3295 1502 3361 gaulia
1527 3296 1683 3362 justis
1737 3296 2172 3364 promittentibus

590 3378 782 3447 credit,
809 3380 874 3433 ad
923 3397 986 3435 ea
1033 3398 1153 3451 quae
1196 3386 1285 3453 pie
1335 3385 1564 3441 vivendo
1605 3391 1939 3458 exspectavit
1981 3391 2171 3458 gaudia

591 3476 792 3522 aeterna
816 3485 977 3525 carne
1006 3473 1287 3528 moriendo
1319 3476 1582 3531 transivit.
1618 3477 1771 3534 Unde
1790 3488 1843 3535 et
1867 3480 1911 3536 is
1934 3481 1989 3535 in
2020 3483 2173 3548 cujus

591 3558 697 3613 ﬁde
739 3561 1057 3627 promiserat
1084 3563 1357 3628 afﬁrmat,
1385 3566 1610 3623 dicens:
1658 3568 1819 3623 Amen
1847 3571 1961 3625 dico
2009 3572 2168 3635 vobis,

588 3652 769 3705 calum
792 3660 842 3705 et
871 3662 1007 3707 terra
1033 3653 1346 3721 transibunt,
1370 3656 1523 3712 verba
1538 3667 1708 3712 autem
1734 3677 1847 3713 mea
1867 3678 1969 3716 non
2000 3671 2145 3717 trans

588 3741 731 3796 ibunt
762 3742 953 3813 (Marc.
988 3762 1097 3811 xm,
1132 3747 1243 3816 31).
1291 3748 1389 3803 Vel
1417 3759 1563 3805 certe
1590 3765 1768 3807 sermo
1806 3752 2070 3808 Samuelis
2115 3755 2168 3809 in

589 3834 838 3890 universo
868 3835 1047 3891 lsraeli
1072 3838 1184 3907 jam
1213 3840 1381 3907 venit,
1411 3843 1535 3911 quia
1565 3859 1662 3912 per
1706 3842 1951 3900 elfectutn
1974 3846 2169 3901 divinae

587 3924 1067 3983 animadversionis
1122 3931 1389 3998 generalis
1434 3932 1651 4001 impleta
1705 3936 2047 4001 cognoscitur
2084 3952 2168 3990 re-

587 4020 763 4087 pulsio
789 4020 1119 4076 ludteornm.
1153 4023 1307 4081 Unde
1337 4032 1391 4078 et
1417 4026 1661 4081 ordinem
1690 4043 1798 4097 quo
1828 4030 1967 4084 idem
1989 4045 2166 4084 sermo

592 4108 646 4162 in
677 4110 925 4165 universo
954 4111 1137 4167 lsraeli
1167 4115 1373 4169 venerit
1401 4115 1557 4170 latius
1582 4132 1878 4185 exponens,
1907 4120 1981 4173 ait
2013 4137 2026 4171 ;

1204 4221 1433 4277 CAPUT
1470 4223 1534 4277 ll.

662 4306 703 4376 (l
736 4307 864 4376 Reg.
894 4326 964 4375 tv,
992 4309 1128 4381 1-3.)
1159 4309 1412 4383 Egressus
1428 4331 1644 4384 namque
1670 4324 1747 4369 est
1770 4316 1937 4371 Israel
1964 4320 2163 4374 ebriam

594 4395 911 4451 Philisthiim
956 4401 1010 4453 in
1053 4401 1312 4469 prwlium,
1357 4411 1407 4455 et
1452 4412 1847 4459 castrametatus
1886 4417 1962 4460 est
2005 4408 2161 4477 juxta

2270 3217 2703 3285 suggestionibus
2738 3219 2792 3274 ei
2830 3220 2975 3275 falsa:
3006 3223 3269 3279 libertatis
3297 3225 3666 3283 fortitudinem
3715 3247 3835 3299 pra»

2271 3306 2469 3371 dicunt,
2499 3316 2555 3362 ut
2582 3324 2701 3362 eam
2721 3323 2827 3377 qua
2855 3313 3117 3381 premitur
3137 3315 3420 3382 caliginem
3445 3333 3554 3372 non
3582 3320 3831 3382 attendat.

2275 3406 2331 3451 et
2360 3412 2425 3451 eo
2454 3399 2695 3454 securius
2708 3401 2819 3467 jam
2849 3416 2969 3456 eum
3001 3404 3285 3475 deceptum
3315 3422 3394 3475 po.
3412 3409 3625 3464 sideant
3652 3426 3756 3480 quo
3783 3413 3837 3466 ab

2271 3489 2349 3543 eis
2376 3490 2569 3556 quibus
2612 3499 2826 3546 tenetur
2854 3492 3185 3548 infidelitatis
3214 3498 3440 3553 vinculis
3480 3500 3613 3555 solvi
3648 3505 3698 3555 in
3742 3502 3836 3556 Re-

2270 3578 2605 3647 demptorem
2640 3589 2879 3636 nostrum
2921 3584 3193 3640 credendo
3224 3602 3332 3641 non
3358 3598 3528 3643 curat.
3562 3589 3631 3643 Et
3660 3601 3837 3645 notatio

2271 3666 2399 3722 dum
2427 3670 2551 3737 quia
2576 3669 2645 3724 de
2687 3670 2902 3739 repulso
2943 3672 3143 3741 populo
3181 3674 3381 3731 dicitur
3425 3695 3440 3731 :
3494 3677 3748 3750 Egressus
3773 3689 3837 3733 est

2272 3755 2463 3811 Israel.
2500 3759 2655 3828 126
2682 3757 2833 3813 Tunc
2880 3768 3029 3815 recte
3058 3763 3189 3817 exiit
3235 3780 3361 3820 cum
3383 3782 3553 3821 sacra:
3581 3768 3703 3824 fidei
3735 3786 3837 3824 mo-

2270 3860 2526 3901 numenta
2556 3848 2862 3917 dereliquit.
2912 3848 3062 3906 Unde
3103 3860 3160 3906 et
3197 3852 3264 3908 de
3293 3855 3357 3909 iis
3382 3857 3475 3924 qui
3503 3872 3534 3910 a
3563 3857 3837 3928 Scriptura.

2269 3948 2469 3993 sancta:
2494 3939 2761 4008 mysteriis
2777 3942 3019 3995 errando
3045 3943 3410 4012 deviaverant,
3432 3945 3668 4003 Joannes
3688 3950 3834 4003 dicit:

2267 4026 2354 4082 Ex
2378 4029 2524 4083 nobis
2553 4031 2807 4095 exierunt,
2833 4032 2924 4085 sed
2951 4048 3055 4087 non
3079 4045 3228 4090 erant
3248 4052 3314 4089 ex
3351 4036 3498 4092 nobis
3527 4037 3580 4109 (ι
3600 4037 3753 4093 Joan.
3782 4054 3834 4105 ιι,

2266 4117 2378 4189 l9).
2410 4118 2570 4174 Exire
2600 4121 2760 4189 igitur
2783 4122 2966 4177 [arat-li
2997 4126 3288 4180 secundum
3321 4143 3538 4183 carnem
3569 4138 3653 4184 est
3684 4140 3830 4185 tecta:

2266 4208 2388 4265 fidei
2417 4212 2676 4267 terminos
2728 4214 2958 4270 errando
2995 4218 3289 4285 praeterire.
3341 4218 3450 4273 Sed
3504 4220 3631 4288 quia
3684 4221 3834 4276 alium

2264 4299 2540 4357 Christum
2566 4314 2888 4373 exspectare
2916 4323 3025 4364 non
3064 4309 3335 4374 desinunt,
3377 4310 3533 4379 juxta
3581 4314 3833 4383 Adjuturii

2265 4390 2522 4462 Lapidem
2553 4404 2727 4451 castra
2763 4407 2989 4466 ponunt.
3036 4399 3228 4456 Merito
3272 4402 3433 4471 igitur
3453 4413 3603 4472 terga
3626 4407 3835 4461 vertisse

591 4485 840 4556 Lapidem
886 4489 1167 4560 Adjutorii.
1235 4489 1403 4545 Porro
1453 4490 1773 4546 Philisthiim
1814 4471 2055 4549 venerunt
2105 4499 2161 4551 in

2267 4481 2425 4539 Israel
2445 4485 2659 4551 dicitur,
2682 4486 2804 4557 quia
2828 4497 2883 4545 et
2899 4503 3145 4557 egressus
3172 4492 3334 4548 fuisse
3355 4471 3685 4564 perhibetur.
3714 4496 3833 4550 Nam

585 4578 778 4647 Aphec,
808 4588 858 4633 et
880 4581 1233 4635 instruxerunt
1270 4583 1432 4636 aciem
1449 4591 1630 4637 contra
1660 4582 1850 4639 Israel.
1886 4585 2029 4641 Inito
2068 4604 2163 4640 au-

588 4678 687 4721 tem
714 4671 1009 4735 certamine,
1035 4681 1178 4742 terga
1203 4674 1353 4726 vertit
1378 4672 1567 4741 Israel,
1605 4684 1655 4729 et
1678 4693 1813 4731 cazsa
1842 4689 1961 4732 sunt
1987 4680 2041 4733 in
2070 4680 2161 4734 illo

586 4760 865 4811 certamine
890 4760 1083 4827 passim
1103 4777 1191 4831 per
1215 4779 1370 4831 agros
1396 4772 1615 4833 quatuor
1636 4767 1802 4821 millia
1823 4769 2065 4823 virorum.
2094 4768 2162 4823 Et

584 4863 815 4902 reversus
844 4859 921 4903 est
948 4847 1120 4906 Israel
1140 4853 1197 4907 in
1224 4862 1417 4908 castra.

657 4937 710 4990 1.
756 4937 888 4993 Esse
933 4941 1189 5009 spiritalia
1221 4944 1400 5013 przelia
1430 4945 1619 5000 beatus
1657 4944 1946 5017 Apostolus
1977 4958 2161 5009 osten-

586 5027 686 5087 dit.
716 5027 844 5081 dum
870 5040 1067 5085 sanctae
1091 5032 1345 5089 Ecclesim
1373 5044 1546 5089 castra
1576 5036 1641 5090 ad
1665 5038 1941 5092 victoriam
1971 5039 2163 5095 cohor-

582 5126 750 5185 tatur,
779 5118 961 5174 dicens
990 5139 1003 5174 :
1051 5120 1175 5175 Non
1198 5132 1272 5176 est
1301 5123 1447 5178 nobis
1470 5126 1760 5179 colluctatio
1778 5128 2021 5181 adversus
2044 5145 2162 5183 car-

581 5224 699 5262 nem
720 5216 768 5261 et
788 5210 1111 5280 sanguinem,
1138 5211 1228 5264 sed
1251 5212 1490 5267 adversus
1510 5214 1767 5283 principes
1787 5224 1836 5269 et
1862 5226 2157 5282 potestates,

581 5306 631 5350 et
654 5307 836 5353 contra
865 5300 1127 5368 spiritales
1150 5304 1401 5372 nequitias
1431 5304 1483 5357 in
1514 5304 1795 5359 caelestibus
1840 5305 2056 5377 (Ep/tes.
2083 5323 2156 5372 vr,

581 5386 694 5445 i2).
723 5387 800 5440 De
822 5387 1016 5455 quibus
1044 5390 1286 5457 profecto
1327 5393 1523 5460 prmliis
1558 5394 1719 5447 etiam
1767 5398 2158 5464 consequendaa

578 5477 818 5532 victoria:
844 5479 1123 5533 consilium
1173 5483 1435 5550 prmbens,
1493 5484 1612 5536 ait:
1655 5482 1725 5536 Et
1770 5497 1966 5538 scutum
2009 5487 2153 5555 ﬁdei,

578 5568 631 5620 in
656 5586 753 5637 quo
782 5571 986 5637 possitis
1007 5572 1180 5625 omnia
1211 5573 1311 5626 tela
1349 5574 1646 5644 nequissimi
1683 5575 1834 5644 ignea
1861 5579 2156 5647 exstingue-

576 5672 652 5721 re,
683 5667 733 5712 et
770 5660 970 5731 galeam
997 5661 1182 5717 salutis
1228 5664 1495 5733 assumite,
1545 5674 1594 5719 et
1647 5665 1875 5735 gladium
1915 5667 2150 5737 spiritus,

2267 4574 2310 4628 si
2336 4575 2478 4632 intus
2501 4588 2767 4645 maneret,
2797 4582 2939 4637 vinci
2968 4597 3305 4652 nequaquam
3336 4587 3620 4656 potuisset,
3650 4590 3773 4659 quia
3794 4590 3835 4642 si

2266 4682 2326 4721 se
2374 4667 2512 4723 intra
2544 4671 2868 4727 munitiones
2895 4682 3139 4729 servaret
3182 4674 3330 4741 ﬁdei,
3358 4686 3597 4733 armatos
3625 4680 3836 4749 spiritus

2266 4758 2560 4816 debellaret
2589 4763 2810 4819 erroris.
2867 4763 2935 4819 Et
2959 4766 3084 4834 quia
3113 4766 3300 4823 fraude
3343 4778 3653 4838 superatur,
3684 4770 3833 4824 Phili-

2266 4851 2447 4905 sthiim
2478 4853 2529 4907 in
2562 4853 2746 4920 Aphec
2772 4855 2940 4909 aciem
2963 4856 3277 4913 instruxisse
3306 4859 3677 4928 perhibentur.
3730 4861 3834 4914 Ma-

2267 4939 2420 5009 lignis
2450 4958 2681 5011 namque
2717 4945 2992 5014 spiritibus
3019 4948 3189 5002 aciem
3221 4949 3484 5005 instruere
3510 4963 3594 5006 est
3620 4952 3833 5006 incautis

2264 5028 2570 5086 Judazorum
2596 5034 2848 5090 cordibus
2875 5048 3187 5105 argumenta
3215 5038 3548 5110 deceptionis
3570 5042 3831 5097 ordinare.

2263 5119 2370 5176 Sed
2414 5123 2549 5179 inito
2578 5127 2894 5192 certamine,
2946 5136 3093 5195 terga
3142 5130 3305 5185 vertit
3326 5130 3511 5198 Israel,
3567 5133 3693 5201 quia
3718 5133 3831 5188 dum

2264 5212 2401 5266 mori
2432 5216 2638 5279 metuit,
2679 5217 2926 5285 malignis
2960 5220 3236 5288 spiritibus
3291 5238 3397 5275 non
3446 5224 3668 5283 resistit.
3716 5225 3832 5279 Ideo

2264 5302 2463 5373 quippe
2485 5319 2676 5373 pugnae
2704 5307 2911 5375 profugi
2942 5317 3091 5377 terga
3113 5310 3356 5365 hostibus
3383 5322 3618 5380 vertunt,
3656 5332 3725 5370 ne
3752 5331 3830 5369 re-

2258 5392 2511 5448 sistentes
2540 5394 2861 5450 moriantur.
2894 5395 3027 5462 Quia
3069 5414 3217 5463 vero,
3267 5400 3309 5454 si
3343 5401 3397 5455 in
3426 5400 3830 5473 Redemptorem

2256 5481 2423 5538 Judaei
2444 5485 2684 5553 credant,
2708 5490 2844 5543 mori
2874 5491 3161 5560 trepidant,
3190 5493 3389 5551 idcirco
3428 5512 3535 5551 non
3562 5498 3828 5559 resistunt,

2256 5584 2318 5631 ut
2342 5578 2546 5643 vivant,
2576 5583 2700 5647 quia
2732 5580 2784 5635 in
2817 5580 3233 5653 Redemptorem
3268 5603 3375 5641 non
3406 5587 3650 5652 crodunt,
3682 5599 3739 5643 ut
3782 5588 3829 5640 in

2254 5670 2427 5724 veteri
2464 5670 2873 5728 circumcisione
2927 5675 3220 5732 salventur.
3274 5675 3612 5735 Resistercnt
3639 5684 3825 5750 quippe
