4000 6292
145 313 237 368 Nil

962 308 1036 367 3N
1075 311 1338 368 PRIMUM
1380 310 1619 367 REGUM
1664 311 2173 371 EXPOSITIONES.
2219 346 2285 357 -—
2326 316 2451 374 LIB.
2493 318 2585 373 Ill.

3308 319 3411 374 169.

146 421 390 488 malignis
414 421 719 492 spiritibus,
774 418 819 476 si
848 434 995 474 arma
1042 436 1152 475 sua:
1186 419 1511 475 fortitudinis
1537 420 1591 473 in
1622 418 1733 473 Re-
1760 425 1806 479 Α
1837 421 2158 479 documenta
2189 426 2554 481 crediderunt.
2611 425 2854 493 Quatuor
2893 441 3022 481 vero
3051 428 3214 481 millia
3242 444 3413 484 caeso-

143 510 438 577 dcmptoris
468 511 641 566 nostri
690 510 791 564 lide
835 510 1149 565 tenuissent.
1198 510 1302 564 Sed
1336 509 1459 564 ideo
1496 522 1563 562 ne
1609 524 1729 562 tuo-

145 602 357 654 riantur
404 600 638 669 fugiunt,
698 610 754 654 et
809 600 932 654 ideo
982 601 1105 669 quia
1159 599 1365 667 fugiunt
1409 600 1728 653 moriuntur.

147 692 333 745 Hostis
384 707 617 760 namque
658 693 941 759 insequens
967 706 1036 745 eo
1086 690 1292 745 facilius
1329 689 1619 757 lugientem
1650 687 1735 741 in—

150 784 365 849 terficit,
398 800 507 853 quo
562 784 610 837 is
664 784 755 851 qui
786 782 1036 851 fugiendo
1073 782 1370 849 percutitur
1406 776 1735 834 imminentis

144 876 373 932 victoris
400 875 483 930 sui
530 874 709 944 gladio
740 888 845 927 non
885 872 1107 928 resistit.
1161 870 1318 925 Unde
1346 878 1401 925 et
1456 869 1512 924 in
1538 868 1731 924 eodem

147 968 449 1019 certamine
475 975 707 1033 quatuor
731 963 1038 1017 Judteorum
1068 963 1230 1016 millia
1259 977 1397 1016 caesa
1424 975 1733 1015 memoran-

147 1066 256 1109 tor.
289 1056 422 1122 Qua:
449 1057 589 1110 enim
610 1062 737 1109 sunt
766 1055 880 1108 haec
905 1062 1136 1121 quatuor
1163 1054 1349 1118 millia,
1395 1052 1497 1106 nisi
1533 1051 1623 1119 qui
1648 1064 1735 1104 re-

146 1147 337 1218 cipere
364 1154 596 1215 quatuor
620 1144 1031 1213 Evangeliorum
1069 1145 1353 1198 veritatem
1409 1142 1735 1197 noluerunt?

151 1237 342 1305 Quare
362 1246 418 1293 et
439 1238 493 1291 in
516 1237 660 1305 agris
679 1236 816 1290 mori
843 1236 1211 1305 perhibentur,
1250 1233 1377 1302 quia
1405 1232 1459 1286 in
1489 1245 1734 1286 errorum

151 1345 381 1384 suorum
407 1327 687 1383 latitudine
726 1327 1097 1379 immorantur.
1156 1324 1225 1378 Et
1253 1325 1376 1392 quia
1407 1322 1607 1377 erroris
1654 1321 1735 1375 sui

152 1418 382 1473 latibula
432 1417 606 1472 adhuc
635 1430 972 1486 nequaquam
1019 1413 1422 1481 derelinquunt,
1474 1412 1636 1466 ιιι-εει
1681 1412 1735 1464 in

148 1518 336 1564 castra
385 1522 637 1563 reversus
663 1506 943 1560 asseritur.
992 1503 1148 1572 Nam,
1203 1512 1263 1557 ut
1291 1503 1400 1571 jam
1430 1502 1562 1568 dixi,
1613 1516 1734 1556 cum

148 1599 406 1669 malignis
425 1596 702 1667 spiritibus
730 1595 905 1649 adhuc
922 1595 1118 1648 habere
1136 1603 1407 1648 certamen
1427 1608 1484 1648 se
1504 1593 1734 1646 testimat

149 1704 277 1744 cum
307 1703 497 1743 eorum
524 1684 787 1741 voluntati
816 1683 991 1754 potius
1016 1683 1232 1738 obediat
1260 1698 1419 1753 quam
1448 1688 1731 1751 repugnet.

1833 530 1951 569 rum
1982 516 2146 572 fuisse
2168 529 2553 585 memorantur,
2585 520 2712 588 quia
2755 516 3002 573 eamdem
3043 519 3181 572 sacri
3212 518 3414 588 eloquii

1833 609 2209 662 auctoritatem
2239 608 2305 663 de
2327 609 2463 677 lege,
2523 609 2821 678 prophetis,
2864 610 3107 679 psalmis,
3163 617 3327 676 atque
3348 610 3421 665 de

1832 692 2125 762 Evangelio
2151 705 2433 751 voverunt.
2458 697 2563 751 Sed
2590 705 2647 751 et
2674 696 2829 752 caecis
2858 698 2996 759 aliis,
3034 698 3125 750 alii
3154 697 3206 749 in
3232 705 3413 752 castra

1834 795 2196 850 revertuntur,
2249 787 2374 855 quia
2402 786 2471 841 de
2498 786 2681 841 Judtea
2710 787 2955 840 nonnulli
3002 788 3414 856 prtedicatorum

1835 873 2133 929 ministerio
2182 874 2248 927 ad
2314 876 2673 943 cognitionem
2742 875 3118 945 Redemptoris
3174 876 3418 945 perducti

1834 973 1977 1029 sunt,
2011 965 2106 1020 sed
2133 965 2371 1034 ejusdem
2401 967 2576 1034 gentis
2615 966 2894 1036 plenitudo
2931 976 3132 1021 sancta:
3160 966 3419 1020 Ecclesia:

1836 1058 2227 1112 assertionibus
2255 1066 2407 1114 tanto
2452 1057 2708 1113 audacius
2736 1060 3317 1125 adversatur,quanto,
3362 1057 3419 1110 in

1838 1148 2166 1203 inlidelitatis
2189 1164 2300 1204 sua:
2327 1150 2562 1204 tenebris
2591 1149 2909 1220 profundius
2937 1149 3131 1218 ejecta,
3180 1150 3247 1204 ad
3277 1150 3423 1203 veri-

1836 1240 1964 1293 tatis
1984 1240 2159 1294 lumen
2184 1255 2290 1294 non
2311 1240 2544 1295 ducitur.
2601 1240 2658 1294 In
2690 1248 2865 1295 castra
2892 1241 3090 1309 quippe
3118 1239 3167 1294 ei
3215 1239 3415 1293 reverti

1838 1337 1921 1383 est
1951 1329 2221 1382 adversari
2254 1343 2360 1383 non
2386 1329 2665 1384 desistere.
2716 1328 2783 1383 Et
2802 1330 2928 1398 quia
2950 1344 3044 1383 eos
3061 1329 3152 1398 qui
3174 1327 3423 1383 credide-

1837 1428 1961 1474 rant
1985 1420 2132 1474 velut
2152 1421 2364 1485 stultos,
2390 1428 2445 1477 et
2474 1421 2622 1476 nulla
2642 1421 2925 1477 sufﬁcienti
2955 1422 3165 1478 ratione
3192 1436 3418 1492 supera-

1838 1517 1922 1564 tos
1949 1519 2199 1579 arguunt,
2229 1512 2471 1579 sequitur
2496 1530 2509 1564 :

1910 1616 2089 1683 (Vers.
2118 1619 2195 1687 5.)
2223 1618 2575 1689 Dixeruntque
2601 1619 2820 1689 majores
2848 1629 2972 1673 natu
3003 1618 3172 1673 Israel
3195 1636 3214 1673 :
3245 1619 3418 1684 Quare

1839 1708 2087 1777 percussit
2115 1724 2209 1761 nos
2238 1708 2388 1762 hodie
2411 1707 2663 1762 Dominus
2689 1725 2865 1762 coram
2894 1708 3245 1762 Philisthiim?

218 1799 274 1853 3-
300 1798 440 1866 Quia
464 1814 594 1891 νετο
621 1800 780 1854 etiam
812 1799 863 1853 Ῐη
890 1798 1031 1853 bona
1058 1799 1452 1891 εἱειιίαωιῑοηθ
1473 1798 1723 1891 ῐζθειξιυξη
1762 1779 1809 1838 Β
1907 1817 1958 1872 5.
2016 1817 2190 1883 Quare
2233 1820 2376 1875 enim
2419 1820 2524 1875 hoc
2566 1820 2686 1875 loco
2712 1836 2817 1875 non
2839 1828 2923 1875 est
2946 1821 3303 1891 inquisitionis
3333 1822 3418 1875 in-

150 1892 435 1961 accipitur,
492 1890 743 1944 cadentes
771 1891 965 1960 poculo
996 1890 1219 1957 intelligi
1254 1897 1453 1944 sanctae
1483 1887 1733 1942 Ecclesia!

149 1982 534 2053 praedicatores
564 1988 805 2049 possunt.
861 1981 937 2035 De
973 1996 1081 2049 quo
1106 1982 1355 2034 nimirum
1383 1980 1579 2049 poculo
1602 1978 1732 2033 Pro-

149 2076 313 2143 pheta
365 2073 643 2141 gloriatur.
672 2072 855 2127 dicens
887 2088 901 2125 :
955 2069 1305 2142 Impinguasti
1358 2071 1412 2124 in
1442 2072 1554 2124 oleo
1582 2076 1734 2139 caput

149 2180 344 2230 meum,
373 2172 421 2217 et
451 2163 688 2228 poculum
716 2178 882 2216 meum
911 2162 1193 2226 inebrians,
1251 2178 1403 2232 quam
1428 2161 1735 2231 prarclarum

148 2266 225 2308 est
253 2253 428 2321 (Psal.
462 2268 590 2317 xxtt,
611 2251 700 2322 5)!
728 2251 983 2307 Poculum
999 2266 1231 2320 namque
1256 2251 1547 2318 inebrians,
1573 2251 1737 2304 abun-

150 2344 287 2397 dans
315 2354 403 2397 est
446 2342 618 2409 gratia
662 2340 891 2411 Spiritus
919 2339 1112 2401 sancti,
1168 2354 1287 2408 qua:
1324 2347 1449 2407 apte
1486 2339 1736 2409 poculum

151 2430 371 2495 dit-itur,
416 2431 541 2501 quia
590 2430 706 2498 ejus
756 2428 1088 2499 plenitudine
1132 2429 1428 2484 electorum
1485 2429 1649 2484 corda
1682 2429 1736 2483 in

155 2529 435 2597 momento
466 2520 819 2576 inebriantur.
852 2516 1004 2574 Unde
1033 2526 1088 2575 et
1111 2519 1177 2573 de
1198 2520 1385 2589 primis
1411 2529 1611 2574 sanctae
1638 2518 1738 2573 Ec-

156 2616 337 2669 clesia:
367 2614 673 2683 pastoribus
694 2613 888 2667 dicitur
921 2630 934 2665 :
965 2611 1161 2667 Factus
1189 2621 1265 2665 est
1290 2621 1495 2680 repente
1523 2612 1587 2667 de
1612 2612 1738 2666 εωιο

159 2724 335 2766 sonus.
362 2716 608 2777 tanquam
636 2707 952 2761 advenientis
984 2707 1195 2776 spiritus
1218 2706 1551 2769 vehementis,
1580 2715 1630 2759 et
1657 2723 1741 2759 re-

162 2801 314 2868 plerit
358 2807 519 2852 totam
558 2798 765 2852 domum
806 2796 892 2851 ubi
942 2807 1091 2851 erant
1135 2798 1367 2851 sedentes
1412 2796 1549 2868 (Act.
1572 2812 1627 2862 ll,
1657 2795 1737 2866 2).

162 2890 279 2955 Quo
304 2889 557 2943 nimirum
587 2888 781 2957 poculo
807 2888 1184 2957 praedicatores
1210 2886 1423 2952 cadunt,
1447 2886 1570 2955 quia
1613 2886 1741 2940 dum

162 2979 334 3034 sancti
383 2978 616 3049 Spiritus
660 2978 886 3046 gratiam
932 2976 1266 3031 abundanter
1312 2978 1605 3045 excipiunt,
1632 2985 1742 3032 sta-

166 3080 279 3123 tum
298 3070 666 3125 vitazcarnalis
685 3085 753 3123 ex
773 3076 887 3124 toto
908 3068 1305 3138 derelinquunt.
1329 3067 1576 3135 Quotidie
1589 3084 1742 3124 nam-

1838 1910 2154 1978 terrogatio,
2186 1909 2281 1963 sed
2325 1908 2545 1977 querela
2597 1910 2990 1966 admirationis.
3040 1910 3151 1965 Sub
3194 1911 3418 1965 admira-

1837 1998 1983 2053 tione
2004 2012 2133 2067 ergo
2168 1999 2237 2053 de
2266 2000 2609 2068 percussione
2651 2000 3005 2069 interrogant,
3049 2002 3173 2069 quia
3206 2002 3271 2053 ad
3295 2018 3417 2056 eam

1835 2087 2100 2141 rationem
2147 2103 2255 2157 qua
2284 2089 2559 2157 religionis
2584 2105 2693 2145 sua:
2720 2090 2966 2144 homines
2998 2089 3152 2144 [idem
3186 2089 3417 2144 Redem-

1837 2179 2007 2247 ptoris
2047 2180 2324 2247 excepisse
2365 2189 2758 2249 conspexerant
2786 2180 3095 2248 pertingere
3127 2196 3235 2233 non
3268 2181 3396 2234 vale

1838 2272 1984 2325 bant.
2019 2271 2085 2327 Et
2114 2273 2407 2327 notandum
2436 2274 2560 2341 quia
2582 2273 2672 2343 qui
2701 2274 3033 2328 admiranter
3062 2274 3417 2343 interrogant,

1840 2363 2070 2431 majores
2090 2372 2217 2418 natu
2240 2364 2307 2417 de
2332 2365 2489 2418 Israel
2518 2363 2682 2418 luisse
2707 2371 3099 2428 memorantur,
3137 2365 3261 2433 quia
3289 2379 3416 2432 prn-

1838 2451 1977 2508 fecto
2006 2451 2221 2522 superbi
2249 2452 2468 2521 quique,
2500 2453 2553 2506 in
2581 2467 2679 2506 sua
2717 2452 2978 2521 sapientia
3006 2453 3318 2519 gloriantes,
3342 2453 3411 2506 ad

1839 2552 2140 2608 divinorum
2168 2552 2542 2623 mysteriorum
2564 2551 2928 2620 cognitionem
2967 2551 3273 2619 pertingere
3317 2567 3411 2604 ne-

1839 2657 2105 2712 quaquam
2132 2649 2441 2712 potuerunt.
2494 2638 2645 2695 Unde
2673 2649 2725 2695 et
2755 2640 2809 2695 in
2840 2639 3129 2710 Evangelio
3161 2640 3419 2697 Dominus

1841 2733 1907 2787 ad
1936 2730 2149 2787 Patrem
2179 2734 2437 2802 loquitur,
2494 2733 2678 2788 dicens
2708 2751 2722 2786 :
2775 2732 3039 2802 Conﬁteor
3066 2732 3178 2799 tibi,
3240 2731 3419 2795 Pater,

1840 2840 1933 2877 rea:
1961 2825 2073 2877 caeli
2100 2832 2148 2877 et
2170 2832 2341 2890 terrae,
2392 2825 2512 2895 quia
2540 2823 2857 2878 abscondisti
2900 2824 3007 2877 [nec
3028 2840 3059 2876 a
3088 2822 3420 2892 prudentibus

1841 2922 1892 2965 et
1913 2913 2245 2981 sapientibus,
2274 2924 2323 2967 et
2350 2914 2585 2967 revelain
2622 2929 2684 2967 ea
2709 2913 2937 2982 parvulis
2960 2911 3174 2980 (Matth.
3205 2928 3278 2977 xt,
3302 2911 3419 2979 25').

1843 3002 1944 3068 Qui
1972 3003 2212 3071 profecto
2241 3018 2299 3056 se
2322 3018 2603 3072 percussos
2642 3002 2807 3058 fuisse
2835 3010 3258 3070 conquerantur,
3290 3003 3418 3071 quia

1842 3091 1968 3146 dum
1990 3107 2086 3162 per
2106 3106 2202 3147 eos
2227 3092 2317 3162 qui
2339 3091 2684 3147 crediderunt
2704 3100 2938 3145 veterem
2968 3091 3102 3159 legis
3128 3100 3420 3145 consuetu-

166 3180 271 3235 que
323 3179 426 3234 per
469 3164 574 3219 hoc
627 3162 879 3232 poculum
936 3163 1082 3217 velut
1127 3163 1302 3217 nimia:
1355 3171 1607 3232 potantes
1646 3177 1739 3217 ca-

1848 3180 2023 3237 dinem
2050 3182 2185 3237 solvi
2212 3184 2603 3257 conspicerent,
2639 3183 2881 3251 quaedam
2911 3179 3274 3251 percussionis
3302 3181 3422 3235 vul-

166 3257 318 3321 dunt,
348 3254 473 3324 quia
494 3255 594 3309 etsi
619 3270 715 3310 eos
743 3253 1028 3324 aliquando
1056 3254 1301 3309 carnales
1322 3264 1498 3309 motus
1524 3255 1591 3309 ad
1615 3269 1743 3327 per-

166 3346 455 3415 petrandas
481 3344 669 3413 culpas
690 3344 902 3415 erigunt
928 3384 944 3410 ,
992 3345 1192 3398 virtute
1221 3354 1399 3398 tamen
1430 3345 1598 3413 potati
1631 3343 1743 3415 spis

168 3438 299 3492 ritus
345 3438 401 3491 in
430 3443 578 3491 statu
601 3436 808 3505 peccati
836 3450 942 3489 non
973 3435 1337 3489 inveniuntur.
1382 3434 1516 3489 Cum
1552 3435 1744 3503 quibus

166 3528 405 3598 proiecto
434 3526 559 3595 quia
585 3524 836 3580 Judaicus
875 3525 1102 3595 populus
1125 3534 1397 3579 certamen
1429 3523 1591 3578 habet
1620 3524 1744 3579 ﬁdei

167 3628 349 3673 contra
398 3616 740 3672 Philisthaaos
784 3616 935 3679 istos,
1010 3615 1242 3670 carnalis
1285 3614 1450 3671 Israel
1505 3615 1733 3685 quotidit

170 3711 439 3779 egreditur
465 3708 529 3762 ad
547 3723 793 3776 campum
821 3707 968 3762 belli.

236 3814 284 3866 4.
328 3814 564 3868 Possunt
594 3819 770 3865 autem
811 3808 1250 3863 Philisthinorum
1280 3807 1638 3879 appellatione
1661 3806 1745 3860 id-

169 3906 305 3961 circo
343 3913 544 3960 sancta:
573 3901 819 3959 Ecclesice
848 3900 1227 3971 prtedicatores
1250 3899 1490 3967 intelligi,
1524 3900 1647 3968 quia
1677 3899 1735 3954 de

170 4013 345 4052 errore
375 3995 654 4065 gentilium
681 3993 745 4047 ad
778 3993 1003 4061 gratiam
1048 3991 1170 4045 lidei
1200 4006 1296 4060 per
1320 3990 1411 4044 Dei
1439 3990 1741 4045 misericor-

171 4087 301 4140 diam
328 4094 457 4139 sunt
480 4083 741 4151 perd.;cti.
769 4082 899 4137 Cum
927 4081 1120 4149 quibus
1148 4080 1397 4133 nimirum
1425 4078 1585 4133 Israel
1608 4094 1744 4149 prae-

173 4176 299 4231 lians
326 4186 479 4243 terga
509 4174 695 4241 vertit,
743 4174 867 4242 quia
895 4172 1133 4241 loquenti
1166 4187 1262 4242 per
1301 4186 1395 4226 ora
1426 4170 1742 4242 praedicato-

171 4281 280 4319 rum
310 4264 526 4334 spiritui
558 4280 665 4316 non
688 4262 905 4317 resistit.
957 4262 1014 4316 In
1051 4263 1289 4330 prtelium
1321 4275 1550 4329 namque
1578 4260 1745 4314 lsrael

174 4367 349 4410 contra
382 4354 708 4410 Philisthiim
750 4355 956 4408 exierat
982 4370 1104 4408 cum
1134 4354 1440 4423 prxcdicanti
1470 4351 1745 4421 Stephano

176 4442 329 4501 ειυᾶωὶ
360 4446 711 4510 obsisterent,
766 4452 821 4499 et
849 4446 915 4499 de
946 4445 1064 4499 lillci
1094 4452 1291 4499 nostra:
1321 4445 1531 4498 ratione
1562 4444 1739 4513 dispu-

177 4544 362 4591 tarent.
393 4533 506 4592 Sed
534 4535 781 4605 przelians
797 4544 940 4602 terga
972 4542 1151 4600 vertit,
1175 4535 1298 4602 quia
1326 4535 1476 4603 127
1497 4533 1744 4587 resistere

177 4628 489 4696 disputando
519 4641 627 4679 non
650 4625 842 4692 potuit.
875 4623 1008 4677 Nam
1046 4624 1113 4677 de
1144 4632 1291 4691 terga
1317 4623 1647 4677 vertentibus
1688 4623 1739 4677 in

178 4717 539 4784 apostolorum
570 4716 791 4769 Actibus
819 4716 1013 4769 dicitur
1042 4732 1057 4768 :
1090 4713 1212 4769 Non
1234 4724 1471 4785 poterant
1510 4715 1746 4767 resistere

178 4807 439 4876 sapientia:
485 4817 536 4860 et
585 4808 788 4875 spiritui
838 4808 923 4877 qui
957 4806 1254 4878 loquebatur
1306 4806 1443 4877 (Act.
1495 4821 1581 4874 Vl,
1632 4806 1741 4873 10).

180 4896 311 4951 Credi
340 4909 521 4952 autem
569 4896 826 4952 lsraelitis
854 4906 936 4952 est
961 4897 1028 4950 ab
1082 4896 1410 4950 inﬁdelitatis
1446 4896 1553 4949 vita
1584 4910 1744 4964 sepa-

181 4987 298 5040 rari.
344 4986 489 5043 Bene
536 5002 755 5056 quoque
784 4986 835 5040 in
868 4988 1009 5054 agris
1037 4987 1172 5040 mori
1202 4986 1589 5055 perhibentur;
1630 4986 1744 5051 agri

180 5077 315 5130 enim
358 5077 672 5131 certaminis
715 5084 839 5129 sunt
864 5077 1001 5130 sacri
1036 5075 1232 5144 eloquii
1262 5077 1499 5129 virentes
1537 5076 1745 5129 intelle-

182 5173 315 5219 ctus.
340 5164 396 5219 In
426 5166 569 5233 agris
598 5164 761 5233 igitur
808 5179 942 5219 cmsa
974 5171 1330 5233 pugnatorum
1385 5164 1745 5218 lsraelitarum

184 5256 340 5309 millia
361 5257 723 5323 assignantur,
784 5255 908 5323 quia
951 5256 1041 5324 qui
1078 5263 1385 5309 sanctorum
1429 5254 1747 5323 praedicato-

186 5358 298 5397 rum
322 5346 616 5399 ministerio
645 5346 711 5398 de
730 5341 909 5399 Judtea
930 5346 1170 5401 conversi
1196 5353 1319 5399 sunt
1344 5345 1395 5398 in
1422 5345 1748 5415 Redempto-

188 5451 295 5489 rem
322 5437 533 5491 humani
591 5438 805 5504 generis
860 5453 955 5506 per
999 5446 1306 5492 sanctarum
1352 5439 1746 5506 Scripturarnm

259 5556 282 5581 ⁸
312 5546 500 5612 \‘attc.,
528 5556 580 5601 et
603 5550 764 5599 solvet
790 5563 883 5600 nes
922 5546 984 5599 de
1004 5562 1157 5599 manu
1194 5547 1516 5601 inimicorum
1539 5555 1745 5602 nostro-

192 5630 317 5667 rum.

262 5686 286 5719 ι’
313 5682 597 5747 Gussanv.,
628 5682 903 5737 Israelitis.

1835 3285 1970 3325 nera
1999 3271 2518 3341 incomprehensibili
2566 3271 2769 3339 judicio
2808 3270 2903 3324 Dei
2946 3268 3144 3323 inﬂicta
3192 3269 3291 3323 sibi
3337 3284 3420 3322 ar-

1844 3359 2028 3414 bitrati
2056 3368 2202 3424 sunt,
2229 3376 2348 3431 quae
2376 3360 2648 3415 communi
2674 3359 2861 3414 dolore
2898 3358 3282 3413 declamarent.
3315 3356 3421 3411 Sed

1843 3448 1935 3517 qui
1964 3450 2223 3506 cecidisse
2243 3450 2377 3505 alios
2397 3456 2816 3519 conqueruntur,
2865 3463 2974 3518 quo
3007 3463 3068 3504 se
3096 3448 3324 3504 consilio
3352 3450 3419 3503 ad

1842 3538 2197 3594 resistendum
2229 3547 2549 3608 praeparent,
2579 3537 2810 3594 subdunt
2841 3555 2855 3591 :

1918 3636 2092 3706 (Vers.
2118 3636 2196 3707 3.)
2226 3637 2516 3704 Aﬁ'eramus
2545 3638 2614 3691 ad
2634 3653 2727 3691 nos
2755 3638 2818 3691 de
2848 3636 2963 3691 Silo
3011 3652 3186 3689 arcam
3215 3636 3425 3708 foederis

1843 3726 2074 3792 Domini,
2130 3738 2180 3780 et
2229 3730 2399 3782 veniat
2423 3730 2475 3783 in
2496 3730 2664 3783 medio
2686 3729 2871 3796 nostri,
2904 3738 2925 3763 °
2953 3738 3004 3782 et
3028 3731 3186 3782 salvet
3216 3744 3311 3783 nos
3358 3730 3424 3782 de

1843 3834 2000 3871 manu
2030 3818 2355 3871 inimicorum
2383 3826 2695 3871 nostrorum.

1915 3906 1983 3959 Et
2002 3908 2070 3960 de
2095 3906 2286 3961 aﬂectu
2305 3907 2540 3974 ejusdem
2564 3906 2769 3961 consilii
2792 3906 3036 3974 protinus
3058 3903 3387 3960 subinfertur
3403 3924 3421 3960 :

1916 3997 2093 4067 (Vers.
2119 3995 2197 4064 4.)
2243 3997 2389 4049 Misit
2435 4012 2554 4068 ergo
2581 3998 2797 4065 populus
2825 3998 2879 4050 in
2902 3996 3037 4061 Silo,
3086 4007 3135 4049 et
3161 3998 3276 4049 tulit
3302 3998 3423 4051 inde

1845 4104 2022 4140 arcam
2050 4086 2254 4157 [aderis
2286 4086 2495 4140 Domini
2540 4088 2855 4140 exercituum
2879 4086 3102 4139 sedentis
3123 4102 3277 4156 super
3299 4088 3420 4139 che-

1844 4176 2032 4233 rubim.

1916 4269 1968 4321 6.
2026 4266 2139 4322 Hoc
2181 4275 2263 4321 est
2296 4274 2445 4321 certe
2490 4266 2791 4329 consilium,
2847 4266 2951 4320 hoc
2979 4263 3164 4335 upusb
3203 4265 3423 4319 lsraelis

1845 4370 2033 4417 c-ntra
2089 4367 2358 4413 certamen
2405 4357 2711 4412 cadentium
2757 4357 2972 4427 poculo,
3030 4356 3128 4410 sed
3178 4356 3426 4424 profecto

1847 4449 2152 4511 consilium,
2184 4456 2237 4500 et
2258 4462 2392 4515 opus
2420 4446 2741 4513 inauditum,
2792 4445 2918 4513 quia
2950 4461 3056 4499 non
3100 4453 3184 4500 est
3213 4444 3421 4499 lsracl'u

1851 4538 2142 4593 secundum
2180 4536 2448 4604 spiritum,
2500 4534 2593 4589 sed
2619 4534 2831 4588 lsraelis
2855 4535 3149 4588 secundum
3175 4549 3419 4597 carnem,

1849 4630 2097 4684 videlicet
2124 4644 2230 4682 non
2284 4638 2307 4666 ο
2362 4627 2528 4681 Deum
2582 4627 2762 4681 videre
2801 4626 3055 4689 videntis,
3105 4625 3199 4678 sed
3256 4624 3424 4678 Deum

1846 4736 2004 4789 quem
2035 4719 2258 4788 despicit
2277 4733 2336 4773 se
2364 4718 2546 4771 videre
2569 4717 2895 4771 arbitrantis.
2922 4716 3059 4780 Quid
3081 4723 3163 4769 est
3185 4715 3328 4767 enim
3358 4716 3417 4765 al

1847 4811 1959 4866 Silo
1989 4812 2222 4871 mittere,
2272 4808 2374 4863 nisi
2406 4808 2470 4859 ad
2520 4808 2690 4874 legem
2737 4805 2905 4875 Moysi
2934 4818 3235 4870 recurrere,
3276 4806 3360 4856 cui
3393 4819 3422 4855 a

1848 4902 2073 4955 Domino
2129 4898 2364 4953 dicitur:
2424 4897 2571 4961 Veni,
2630 4898 2827 4948 mittam
2881 4902 2931 4947 te
2984 4896 3051 4946 ad
3092 4893 3421 4947 Pharaonem

1850 4990 2045 5061 (Exod.
2068 5004 2142 5051 ιιι,
2174 4988 2298 5057 10)2
2328 4986 2466 5052 Quid
2490 4993 2573 5039 est
2594 4984 2784 5038 afleire
2820 4998 3000 5037 arcum
3030 4983 3264 5045 Domini,
3323 4983 3417 5036 nisi

1847 5080 2046 5133 veteris
2076 5079 2208 5146 legis
2235 5084 2570 5131 sacramenta
2601 5074 2666 5127 ad
2692 5073 3086 5142 reprobandum
3118 5087 3269 5127 nova:
3296 5070 3417 5126 ﬁdei

1846 5170 2128 5225 veritatem
2164 5165 2452 5220 recolendo
2499 5164 2798 5218 adducere?
2828 5161 2892 5214 Et
2917 5163 3041 5230 quia
3071 5163 3313 5216 eamdem
3345 5163 3414 5215 le~

1847 5260 1928 5327 gis
1949 5258 2229 5313 Scientiam
2260 5270 2478 5310 suorum
2519 5254 2783 5307 neminem
2827 5253 3074 5320 ignorare
3128 5252 3415 5320 patiuntur,

1848 5352 1902 5405 in
1953 5350 2186 5402 medium
2241 5361 2427 5401 eorum
2475 5361 2598 5399 arca
2638 5345 2830 5397 alduci
2885 5345 3215 5412 prmcipitur.
3264 5344 3414 5418 12

1849 5438 1985 5504 Quid
2030 5446 2113 5491 est
2143 5437 2268 5489 item
2297 5434 2440 5504 quod
2486 5434 2664 5488 dicunt
2693 5452 2706 5486 :
2768 5432 2833 5485 Et
2862 5437 3020 5487 salvet
3055 5449 3148 5485 nos
3175 5434 3237 5483 de
3264 5447 3415 5483 manu

1927 5556 1948 5585 ε
2000 5545 2203 5599 Forsan
2257 5543 2537 5610 legendum
2588 5542 2754 5595 Deum
2803 5545 2969 5596 videre
3019 5542 3231 5595 volentis
3257 5583 3273 5607 ,
3326 5552 3413 5594 aut

1851 5616 2027 5685 potius
2052 5630 2152 5667 non
2184 5613 2346 5668 Deum
2374 5629 2487 5666 vere
2508 5612 2744 5677 videntis,
2776 5614 2935 5666 sed...
2990 5629 3045 5664 se
3088 5612 3254 5665 videre
3283 5613 3409 5664 arbi-

1856 5687 2058 5739 trantis.
