4000 6296
595 302 616 353 1
629 301 696 353 (55

1799 284 2038 340 SANCTI
2076 279 2399 338 CBEGORII
2438 279 2648 334 MAGNI

3733 274 3824 328 ιει

592 414 914 466 inimicorum
940 419 1248 471 nostrorum,
1307 407 1407 460 nisi
1463 404 1585 475 quia
1636 404 1761 456 dum
1813 407 2158 472 pertinaciter
2187 400 2230 454 Α
2260 392 2493 446 JtltlaiC-‘D
2519 389 2805 444 deriSiOIIiS
2827 390 2986 444 verba
3020 389 3271 443 addentes
3293 389 3479 450 dicunt.
3511 405 3524 440 ε

592 501 885 555 defendunt
911 511 1116 562 vetera,
1162 495 1426 565 repellunt
1451 509 1608 557 nova,
1653 500 1707 545 tt
1737 493 1840 546 hoc
1867 492 2066 545 habent
2114 490 2169 543 in

595 589 781 644 ﬁducia
804 588 1009 651 salutis,
1067 588 1111 640 si
1140 586 1206 639 all
1246 599 1386 638 verae
1435 584 1555 636 lidei
1598 583 1862 636 rationem
1902 582 2168 634 bonorum

593 682 1001 752 pnedicatorum
1031 679 1209 733 studio
1239 677 1378 737 trahi
1408 693 1512 731 non
1543 676 1804 744 possunt?
1847 674 1982 741 Quia
2012 675 2172 740 igitur

597 772 875 825 veritatem
906 770 1098 823 divinae
1120 766 1446 836 cognitionis
1485 781 1580 834 per
1604 777 1845 820 velerem
1869 765 2041 831 legem
2073 765 2170 816 ha-

593 864 721 917 bere
745 877 803 915 se
821 861 1044 929 iactant,
1077 859 1319 914 eamdem
1360 873 1560 920 arcam,
1625 872 1782 924 quam
1813 855 1880 909 ad
1929 855 2175 908 salvatio-

596 970 717 1008 nem
747 970 897 1007 suam
947 953 1141 1006 deferri
1197 952 1532 1021 praecipiunt,
1575 950 1785 1005 Domini
1839 950 2171 1004 exercituum

594 1060 714 1098 esse
743 1044 1080 1098 conﬁrmant.
1103 1042 1168 1094 Et
1196 1042 1322 1109 quia
1353 1040 1759 1106 incomparabili
1787 1039 2009 1093 scientia
2040 1037 2173 1104 ejus-

591 1139 713 1188 dem
745 1133 875 1202 legis
913 1148 974 1187 se
1002 1132 1206 1201 pollere
1236 1130 1582 1190 arbitrantur,
1633 1129 1760 1182 dum
1803 1142 1928 1181 arca
1977 1123 2176 1180 deferri

591 1222 808 1287 dicitur,
842 1221 1047 1273 Domini
1079 1219 1412 1274 exercituum
1441 1216 1678 1272 sedentis
1713 1231 1873 1284 super
1893 1215 2174 1268 cherubim

591 1324 710 1367 esse
740 1323 824 1376 pe:
839 1308 1071 1360 hbetur.

661 1419 839 1487 (Vers.
891 1415 970 1483 5.)
1021 1417 1243 1486 Cumque
1299 1431 1422 1468 arca
1477 1415 1732 1478 venisset,
1784 1414 1950 1468 omnis
2005 1413 2175 1469 Israel

587 1510 773 1580 grandi
802 1511 1028 1562 clamore
1054 1509 1360 1578 vociferatus
1393 1517 1488 1560 est.

665 1600 714 1652 '7.
746 1599 880 1664 Quia
912 1598 1156 1667 profecto
1184 1598 1250 1650 de
1277 1613 1344 1651 eo
1393 1597 1536 1666 quod
1569 1598 1860 1652 carnaliter
1894 1597 2173 1653 scientiam

587 1690 722 1757 legis
749 1689 1034 1758 accipiunt,
1092 1688 1142 1742 in
1187 1697 1388 1741 sancta:
1442 1687 1695 1742 Ecclesia:
1754 1689 2172 1758 exp:obratione

2344 482 2519 554 (Vers.
2552 482 2628 551 8.)
2669 481 2761 536 Vw
2789 482 2952 548 nobis,
3008 483 3224 552 nonfuit
3255 491 3400 535 tanta
3417 482 3690 537 exsultatio
3714 484 3827 553 fieri,

2268 582 2318 626 et
2345 572 2734 625 nudiustertius.

2341 664 2408 716 Et
2457 663 2582 732 quia
2638 663 2996 717 abundantius
3042 662 3320 718 deridendi
3363 672 3510 729 sunt,
3564 664 3833 722 subdentes

2269 753 2488 808 dicunt:

2344 843 2519 911 (Vers.
2550 842 2629 912 8.)
2680 842 2807 905 Quis
2832 858 2924 896 nos
2955 840 3190 897 liberabit
3213 844 3276 897 de
3304 861 3463 898 manu
3492 845 3704 899 deorum
3722 848 3834 901 isto-

2271 947 2385 984 rum
2409 931 2738 985 sublimium?

2347 1023 2504 1091 129
2541 1022 2594 1075 9.
2637 1021 2700 1074 Et
2744 1025 3034 1077 notandum
3075 1039 3200 1092 quia
3233 1024 3456 1079 deorum
3487 1031 3832 1094 appellatione

2276 1112 2594 1168 deridentur
2620 1117 2708 1184 qui
2731 1156 2745 1178 ,
2787 1132 2818 1169 a
2863 1116 2962 1170 ﬁde
3001 1128 3241 1171 veterum
3272 1117 3490 1172 Patrum
3520 1118 3837 1185 recedentes,

2273 1218 2334 1257 se
2377 1203 2429 1256 in
2474 1205 2702 1259 veritate
2749 1206 2867 1259 tidti
2909 1207 3170 1271 existere,
3204 1217 3366 1278 atque
3407 1210 3462 1262 in
3505 1207 3731 1263 ﬁliorum
3758 1209 3837 1264 Dei

2275 1311 2502 1350 numero
2533 1297 2828 1352 ccutidunt.
2857 1299 2914 1354 ln
2944 1315 3002 1354 se
3021 1301 3234 1367 quidem
3264 1303 3353 1355 illa
3375 1302 3570 1356 divina:
3597 1303 3841 1358 laudatio.

2276 1385 2359 1438 nis
2387 1388 2652 1453 praeconia
2690 1390 2899 1455 prolata
2937 1399 3212 1454 asserunt,
3255 1405 3372 1458 qua:
3411 1406 3509 1460 per
3535 1391 3838 1461 Prophetaiu

2277 1475 2534 1532 Dominus
2568 1481 2902 1546 pronuntiat,
2933 1482 3116 1536 dicens
3147 1499 3161 1534 :
3196 1481 3308 1551 Ego
3337 1484 3481 1546 dixi,
3516 1484 3589 1538 dii
3619 1486 3766 1548 estis,
3798 1494 3842 1538 et

2275 1569 2379 1636 filii
2409 1570 2598 1622 excelsi
2625 1588 2801 1624 omnes
2829 1576 2848 1641 (
2871 1572 3015 1627 Psul.
3047 1590 3241 1641 Luxt,
3270 1576 3356 1642 6).
3398 1576 3454 1631 Si
3487 1578 3667 1646 itaque
3703 1593 3841 1632 men-

2275 1657 2394 1712 daci
2419 1661 2814 1715 existimatione
2836 1679 3021 1718 omnes
3036 1663 3290 1719 Israelita:
3316 1667 3611 1720 secundum
3641 1684 3839 1724 carnem

584 1750 878 1849 garriunt;
904 1750 1027 1834 sine
1076 1779 1387 1834 ostensione
1441 1779 1683 1834 ratioois.
1748 1750 1848 1846 Qui
1896 1781 2038 1834 enim
2067 1781 2169 1835 cla-
2207 1751 2246 1809 Β
2275 1750 2740 1849 ¹¹¹¹Ῐ¹⁴Ῐ¹Ρ³¹ξνέδίί
2768 1761 2925 1849 5""_l‘
2959 1753 3214 1849 Asublimes
3251 1755 3326 1849 dii,
3359 1754 3598 1849 eiusat?"
3625 1755 3841 1813 Iudaica

584 1889 780 1936 masse,
811 1881 865 1925 et
891 1871 1021 1924 nihil
1052 1871 1307 1924 dicuntur
1333 1871 1555 1936 dixisse,
1589 1871 1693 1926 hoc
1721 1871 1966 1941 profecto
1993 1873 2175 1941 expri-

585 1971 736 2015 munt
762 1962 906 2030 quod
927 1969 1112 2028 agunt.
1165 1962 1290 2030 quia
1318 1962 1446 2014 dum
1478 1960 1623 2030 loqui
1654 1963 1950 2030 spiritua'ia
1975 1978 2173 2017 carna-

585 2052 707 2104 liter
731 2060 1002 2116 satagunt,
1046 2049 1334 2103 clamorem
1385 2048 1601 2116 quidem
1642 2049 1702 2102 in
1733 2051 2050 2116 garrulitate
2079 2053 2176 2105 ha-

584 2141 730 2204 bent,
777 2140 870 2193 sed
919 2139 1186 2192 rationem
1217 2139 1458 2192 veritatis
1485 2154 1589 2192 non
1619 2139 1836 2192 habent.
1870 2139 2014 2194 Voce
2052 2140 2171 2209 qui-

584 2231 704 2284 dem
733 2230 899 2283 multa
923 2229 1127 2293 dicunt,
1151 2229 1264 2292 sed,
1312 2228 1428 2282 sine
1458 2230 1670 2282 ratione
1698 2229 2002 2309 loquentes,
2044 2247 2170 2286 san-

584 2327 681 2373 cta:
706 2319 962 2374 Ecclesia:
991 2319 1179 2373 electis
1206 2319 1258 2372 in
1292 2318 1437 2373 nullo
1467 2318 1685 2387 obsunt,
1706 2327 1779 2383 et,
1811 2319 1862 2372 in
1886 2321 2172 2389 semetipsa

585 2407 864 2477 Synagoga
898 2409 1144 2477 loquens,
1175 2409 1317 2463 inani
1351 2410 1638 2466 devotione
1660 2413 1987 2478 concutitur,
2045 2415 2170 2482 quia

586 2498 702 2566 ejus
723 2499 901 2553 verbis
927 2507 1112 2552 sancta
1135 2498 1374 2554 Ecclesia
1404 2516 1511 2554 non
1547 2511 1814 2556 movetur.
1866 2501 2018 2557 Unde
2045 2515 2172 2573 apte

586 2588 744 2641 nimis
767 2595 909 2640 terra
943 2595 1146 2640 tantum
1175 2589 1421 2643 sonuisse
1449 2589 1618 2644 relata
1649 2599 1750 2645 est.
1769 2591 1953 2648 .Tcrra
1974 2594 2171 2663 quippe

583 2673 764 2729 Judtca
816 2690 958 2729 nunc
999 2675 1213 2742 dicitur,
1275 2693 1380 2738 non
1409 2679 1534 2746 quia
1584 2679 1695 2735 Deo
1727 2678 2029 2747 fructiﬁcet,
2073 2683 2167 2736 sed

582 2771 802 2834 propter
821 2765 1210 2830 carnalitatem,
1238 2767 1362 2834 quia
1392 2769 1661 2835 nimirum,
1687 2770 1811 2823 dum
1846 2770 2172 2842 Redempto-

584 2856 656 2910 ris
685 2855 842 2908 ﬁ-Jem
874 2857 1116 2928 recipere
1145 2857 1336 2924 noluit,
1380 2860 1654 2915 cmlestem
1697 2864 2168 2919 coiiversatiOnem

581 2939 795 3017 penitus
825 2949 1022 3002 amisit.
1082 2949 1187 3004 Sed
1218 2951 1343 3004 dum
1391 2951 1779 3008 vociferatione
1826 2969 1920 3007 sua
1972 2971 2168 3010 concu-

582 3042 732 3106 titur,
785 3055 848 3094 ea
899 3029 1297 3096 existimatione
1327 3057 1432 3110 qua
1463 3045 1804 3112 semetipsani
1857 3047 2162 3100 considerat

580 3147 698 3186 esse
725 3147 784 3186 se
829 3133 1123 3187 terribilem
1170 3143 1366 3188 sancta:
1419 3133 1667 3190 Ecclesia:
1722 3137 2160 3205 praedicatoribus

582 3223 832 3275 exsultat.

653 3313 830 3380 (Vi-rs.
856 3311 932 3380 6.)
961 3311 1028 3365 Et
1049 3316 1322 3367 audierunt
1353 3314 1674 3370 Philistliiim
1705 3333 1874 3371 vocem
1902 3319 2165 3386 clamoris,

585 3404 916 3474 dixeruntque
947 3420 962 3456 :
1019 3401 1267 3466 Quaenam
1296 3415 1371 3459 est
1401 3408 1510 3460 hau:
1560 3409 1858 3478 rociferatio
1902 3411 1956 3464 in
1983 3413 2168 3464 castris

585 3493 632 3545 If
643 3493 961 3547 ulmearum?

652 3585 707 3638 8.
767 3585 946 3640 Terrae
988 3590 1186 3656 quippe
1216 3590 1453 3644 sonitum
1481 3599 1536 3645 et
1572 3602 1870 3648 castrorum
1903 3595 2164 3650 vocifera-

582 3679 782 3732 tionem
835 3677 932 3731 Phi
959 3679 1158 3733 isthiim
1207 3682 1452 3746 audiunt,
1510 3685 1632 3752 quia
1690 3686 1724 3738 ii
1766 3686 1857 3755 qui
1899 3687 1950 3738 in
1981 3697 2165 3743 sanet-.1

579 3767 818 3824 Ecclesia
849 3771 1045 3838 poculo
1087 3773 1262 3826 saneti
1309 3772 1542 3842 Spiritus
1590 3775 1774 3830 refecti
1814 3786 1940 3830 sunt
1969 3778 2167 3832 .lndtea:

580 3862 794 3929 quidem
848 3870 902 3916 et
931 3865 1300 3930 garrulitatem
1329 3875 1385 3922 et
1413 3884 1604 3923 vanam
1655 3872 1890 3940 perfidia:
1920 3873 2165 3930 devotio-

581 3969 702 4006 nem
733 3964 1084 4022 cognoscunt.
1141 3956 1207 4009 Et
1257 3959 1382 4026 quia
1412 3976 1600 4016 eorum
1651 3965 2063 4020 aestimationem
2112 3969 2160 4021 iu

579 4052 892 4113 contemptu
920 4045 1202 4102 derisiouis
1230 4049 1450 4116 habent,
1489 4053 1735 4106 subditur
1758 4072 1770 4106 :

654 4137 831 4206 (Vers.
859 4136 909 4200 6,
956 4138 1031 4204 7.)
1065 4138 1132 4191 Et
1153 4151 1496 4208 cognoverunt
1527 4145 1663 4214 quod
1683 4164 1806 4200 arca
1847 4148 2056 4203 Domini
2085 4168 2163 4205 ve-

582 4231 738 4282 nisset
765 4231 819 4282 in
874 4239 1070 4296 castra,
1115 4233 1488 4304 timueruntque
1519 4235 1838 4293 Pliilisthiim
1892 4242 2115 4296 dicentes
2147 4259 2164 4297 :

592 4319 740 4371 Venit
767 4317 905 4372 Deus
937 4320 989 4372 in
1023 4328 1218 4387 castra,
1247 4333 1294 4374 et
1314 4325 1690 4392 ingemuerunt.

2276 1840 2690 1895 existimationis
2732 1844 3010 1899 u-endacio
3051 1854 3177 1900 sunt
3217 1848 3489 1909 sapientes
3529 1847 3840 1906 Iudaeorum.

2273 1924 2340 1979 Et
2384 1929 2507 1995 quia
2552 1929 2709 1996 periti
2747 1929 3042 2000 Synagoga:
3079 1934 3144 1986 ad
3190 1946 3388 1989 sancta:
3433 1934 3684 1991 Ecclesia:
3725 1953 3843 1992 con-

2273 2014 2478 2071 ﬂictum
2513 2019 2762 2084 veniunt,
2812 2020 2913 2088 ipsi
2941 2033 3252 2077 sanctorum
3281 2025 3686 2093 praulicatorum
3724 2044 3845 2083 voco

2272 2105 2602 2172 (lerilentur,
2635 2109 2726 2177 qui
2753 2111 2820 2164 de
2847 2126 2908 2164 ea
2931 2127 3092 2180 quam
3119 2130 3226 2168 nou
3249 2115 3451 2171 habent
3471 2117 3729 2174 doctrina:
3754 2124 3844 2175 vir-

2274 2205 2388 2250 tute
2425 2198 2743 2266 gloriantur.
2774 2198 2841 2254 Et
2877 2202 2998 2269 quia
3030 2203 3098 2258 de
3125 2207 3344 2273 antiqua
3373 2204 3591 2262 Patrum
3620 2221 3844 2265 veterum

2274 2291 2688 2346 conm-rsatione
2747 2292 3093 2360 superbiant,
3159 2296 3324 2350 verba
3379 2297 3844 2357 subsannationum

2271 2387 2672 2445 supponuntur.

2347 2467 2430 2532 (Vt
2451 2485 2525 2522 rs.
2557 2469 2636 2538 8.)
2669 2470 2742 2526 Hi
2787 2483 2906 2526 sunt
2935 2475 3007 2529 dii
3047 2477 3133 2547 qui
3173 2489 3532 2547 percusserunt
3571 2480 3843 2554 Egyptian

2270 2557 2410 2608 omni
2439 2557 2596 2627 plaga
2626 2561 2680 2613 in
2709 2562 2930 2618 deserto.
3091 2618 3093 2620 .

2348 2645 2428 2698 10.
2465 2647 2565 2716 Ipsi
2594 2665 2827 2719 namque
2868 2666 3080 2720 essent,
3111 2657 3156 2711 si
3189 2657 3523 2714 nobilitatem
3554 2675 3716 2730 quam
3745 2671 3842 2716 tra-

2272 2739 2406 2792 hunt
2434 2755 2498 2794 ex
2529 2740 2704 2796 carnis
2733 2745 2937 2812 origine
2966 2756 3128 2800 recta:
3157 2747 3278 2803 ﬁdei
3305 2750 3594 2806 virtutibus
3624 2752 3842 2807 illustra-

2270 2837 2411 2881 rent.
2442 2827 2596 2884 Nunc
2622 2838 2799 2884 autem
2823 2835 2945 2902 quia
2973 2851 3067 2901 per
3095 2837 3270 2892 carnis
3299 2839 3649 2906 propaginem
3673 2855 3843 2895 eorum

2269 2924 2395 2970 sunt
2439 2917 2528 2970 lilii
2577 2935 2807 2988 quorum
2855 2922 3082 2978 virtutes
3125 2940 3231 2979 non
3281 2926 3512 2992 habent,
3559 2928 3626 2982 de
3667 2931 3844 2983 amissa

2271 3005 2582 3058 earumdem
2611 3006 2865 3062 virtutum
2907 3012 3249 3067 successione
3279 3029 3376 3083 per
3401 3015 3670 3069 contraria
3700 3019 3844 3071 verba

2187 3102 2234 3164 α
2265 3093 2613 3150 deridentur:
2645 3096 2720 3151 Ili
2747 3111 2886 3166 sunt,
2921 3102 3199 3171 inquiunt,
3226 3105 3320 3157 dii.
3354 3103 3517 3170 Quasi
3548 3115 3736 3177 aperta
3765 3107 3845 3159 de-

2269 3187 2471 3240 risione
2523 3186 2827 3243 .ludzeorum
2881 3192 3154 3260 sapientes
3207 3194 3489 3248 doctorum
3549 3205 3844 3249 nostrorum

2273 3277 2408 3332 ordo
2439 3278 2712 3348 reprobet,
2747 3280 2848 3335 αἰεί
2865 3297 2929 3335 ns
2961 3300 2972 3334 :
3004 3281 3178 3337 Carne
3204 3284 3419 3352 quidem
3443 3299 3757 3354 magnorum
3780 3288 3846 3338 ti-

2268 3387 2452 3426 rorum
2474 3388 2533 3428 se
2564 3373 2701 3429 ﬁlios
2723 3390 2844 3430 esse
2869 3377 3185 3444 gloriantur,
3219 3379 3310 3433 sed
3333 3394 3520 3432 eorum
3545 3381 3612 3433 de
3631 3395 3844 3448 quorum

2268 3463 2617 3533 generatione
2646 3465 2961 3533 superbiunt
2989 3467 3318 3522 nobilitatem
3365 3469 3486 3523 ﬁdei
3526 3485 3632 3523 non
3663 3487 3844 3525 conse-

2268 3562 2526 3621 quuntur.
2561 3553 2664 3623 Ipsi
2693 3569 2822 3622 ergo
2851 3565 2974 3610 sunt
2999 3556 3068 3611 dii
3093 3559 3470 3614 subsecutione
3499 3560 3731 3627 generis,
3763 3561 3844 3614 sed

2269 3646 2391 3713 quia
2423 3646 2524 3716 ipsi
2556 3664 2662 3700 non
2694 3657 2819 3701 sunt
2861 3648 3161 3704 imitatione
3189 3653 3425 3718 virtutis,
3455 3667 3578 3705 cum
3609 3652 3710 3722 ipsi
3739 3666 3846 3705 esse

2269 3735 2518 3790 dicuntur
2557 3738 2649 3806 qui
2690 3739 2886 3792 virtute
2929 3739 3270 3805 claruerunt,
3319 3741 3632 3796 deidentnr
3677 3743 3845 3812 potius

2274 3841 2434 3894 quam
2477 3828 2779 3882 laudantur.
2827 3827 2891 3882 Et
2925 3831 3054 3898 quia
3091 3847 3278 3886 eorum
3309 3837 3632 3888 assert’ones
3660 3845 3845 3890 sancta:

2271 3914 2520 3969 Ecclesia:
2549 3921 2800 3972 doctores
2830 3935 2927 3986 pro
2958 3920 3122 3974 nihilo
3151 3923 3372 3987 ducunt,
3405 3926 3684 3992 sequitur:

2346 4004 2522 4073 (Veis.
2554 4005 2631 4077 9.)
2662 4004 3068 4077 Confortamini,
3097 4019 3145 4062 et
3171 4020 3328 4064 estote
3359 4012 3484 4079 viri,
3517 4013 3844 4080 Philistltiim,

2270 4112 2333 4149 ne
2363 4099 2597 4150 servietis
2626 4097 2880 4165 Hebrazis,
2912 4101 3043 4153 sicut
3071 4101 3170 4171 ipsi
3197 4105 3479 4156 servierunt
3506 4105 3666 4160 vobis.

2344 4185 2428 4237 11.
2470 4184 2670 4240 Contra
2720 4186 3024 4243 Jodmorum
3073 4192 3271 4261 quippe
3317 4208 3484 4250 vanas
3530 4198 3846 4251 asset-tiones

2269 4283 2468 4327 sancta:
2488 4272 2740 4330 Ecclesite
2760 4277 3008 4334 doctores
3031 4295 3095 4335 eo
3119 4283 3248 4336 nihil
3275 4284 3465 4339 fortius
3493 4289 3704 4342 noviter
3724 4304 3846 4358 [ιι-ωε

2268 4374 2479 4433 parant,
2513 4383 2620 4433 quo
2649 4369 2909 4436 quidquid
2939 4387 2967 4424 a
2995 4370 3191 4429 Jmlmis
3220 4375 3286 4429 de
3314 4376 3693 4448 Redemptoris
3727 4398 3846 4435 con-

654 4430 786 4484 Arca
831 4430 882 4483 in
927 4441 1103 4531 castra
1155 4431 1504 4490 Hebrmorum
1535 4439 1768 4506 venisse.
1828 4452 1882 4497 el
1910 4445 2164 4500 callentes
2193 4466 2241 4523 υ
2270 4463 2475 4523 temptu
2519 4455 2654 4510 falso
2707 4461 2966 4515 asseritnr
3015 4478 3111 4530 pro
3159 4465 3304 4520 nullo
3354 4430 3604 4536 pensant.
3656 4471 3846 4526 Contra

580 4519 774 4588 poculo
817 4519 1072 4583 timuisse,
1105 4529 1264 4589 atque
1294 4525 1616 4592 ingemuisse
1639 4545 1735 4598 per
1765 4532 1994 4586 ironiam
2028 4536 2163 4589 dit-i-

581 4613 683 4675 tur,
725 4611 846 4679 quia
882 4611 948 4662 ad
979 4609 1288 4666 conﬂictum
1319 4626 1520 4670 sancta:
1547 4617 1796 4675 Ecclesizc
1826 4636 2162 4681 sacramenta

579 4700 708 4766 legis
745 4701 940 4754 veteris
990 4715 1018 4752 a
1079 4701 1376 4771 Synagogze
1431 4710 1737 4766 carnalibus
1794 4714 2165 4772 defensoribus

576 4789 864 4842 carnaliter
883 4802 1245 4858 exponuntur.
1271 4795 1343 4849 De
1365 4812 1431 4850 eo
1454 4814 1685 4868 namque
1708 4803 2001 4872 disputant,
2020 4810 2164 4875 quod

574 4881 618 4933 si
649 4880 940 4934 secundum
973 4882 1067 4936 Dei
1118 4885 1364 4952 spiritum
1413 4899 1686 4957 saperent,
1743 4895 1984 4948 hostibus
2031 4899 2160 4963 Suis,

575 4971 617 5022 si
650 4984 786 5036 quos
820 4971 1100 5039 haberent,
1155 4975 1206 5027 in
1253 4977 1479 5032 veritate
1512 4981 1780 5035 terribiles
1807 4999 1927 5037 esse
1952 4988 2159 5053 potuis-

574 5069 714 5113 sent.
760 5059 892 5113 Dum
921 5077 1049 5130 ergo
1081 5068 1422 5132 pertimuisse
1452 5080 1507 5124 et
1555 5072 1880 5140 ingemuisse
1908 5078 2162 5135 cadentes

575 5150 768 5217 poculo
789 5150 1059 5217 dicuntur,
1106 5171 1213 5209 non
1254 5160 1533 5226 passiones
1561 5165 1818 5217 mentium
1873 5167 1925 5220 in
1961 5170 2162 5223 sanctis

577 5237 1019 5306 prmdicatoribus
1048 5243 1326 5313 Scriptura
1359 5252 1615 5312 ostendit,
1665 5254 1759 5307 sed
1787 5256 2161 5313 subsannatio-

579 5342 703 5380 nem
729 5325 962 5383 Judaica:
983 5331 1388 5401 disputationis;
1445 5355 1564 5408 qua:
1597 5351 1744 5398 tanto
1773 5349 2157 5415 contemptibi-

578 5415 698 5482 lior,
732 5425 788 5470 et
823 5419 932 5473 risu
965 5420 1177 5490 dignior
1211 5429 1468 5494 noscitur,
1511 5442 1714 5500 quanto
1753 5437 1817 5487 a-l
1857 5436 2150 5504 Spiritaletn

576 5509 1039 5564 conversationem
1079 5512 1332 5571 Judaicus
1371 5523 1604 5588 populus
1643 5522 1815 5588 legem
1853 5539 1884 5577 a
1927 5525 2155 5584 Domino

577 5599 869 5667 spiritalem
901 5606 1128 5674 accepit,
1159 5615 1215 5660 et
1244 5608 1348 5663 hoc
1366 5609 1510 5677 quod
1533 5611 1722 5680 spiritu
1743 5613 1977 5671 donante
2006 5633 2151 5674 acccc

576 5697 749 5758 perat,
791 5691 844 5746 in
895 5695 1088 5764 spiritu
1140 5712 1248 5752 non
1299 5699 1547 5755 attendit.
1606 5700 1784 5768 Quare
1821 5715 1876 5760 et
1913 5707 2151 5778 ejusdem

2275 4559 2459 4600 eorum
2483 4549 2680 4617 quippe
2699 4553 3135 4619 congressionem
3152 4557 3609 4631 confortarentur,
3631 4573 3686 4619 et
3703 4569 3845 4634 quasi

2276 4636 2414 4689 virili
2435 4635 2617 4690 fortitu
2658 4639 2746 4694 inc
2767 4639 3123 4720 decertarent,
3143 4648 3185 4701 si
3210 4651 3354 4703 velut
3379 4669 3409 4705 a
3439 4656 3847 4722 sapientioribus

2271 4734 2326 4778 et
2357 4728 2744 4783 rationabiliter
2769 4721 3160 4802 disputantibus
3199 4743 3512 4796 assertionis
3543 4762 3653 4800 sua:
3681 4751 3847 4802 muni-

2271 4823 2448 4868 menta
2481 4815 2692 4885 infringi
2727 4821 3045 4877 timuissent.
3080 4826 3237 4889 Quasi
3265 4829 3404 4881 enini
3437 4831 3620 4886 dicat:
3653 4834 3846 4890 Contra

2269 4919 2454 4957 eorum
2487 4906 2818 4973 objectiones
2847 4927 2912 4964 eo
2944 4914 3163 4967 robusta
3205 4926 3258 4972 et
3297 4929 3452 4972 acuta
3493 4923 3671 4991 aliqua
3703 4927 3848 4981 nobis

2267 4996 2593 5063 exquirenda
2626 5013 2730 5050 non
2755 5010 2909 5066 sunt,
2941 5018 3047 5070 quo
3071 5004 3168 5072 ipsi
3192 5021 3528 5077 nequaquam
3553 5013 3768 5068 subtilia
3797 5025 3848 5070 et.

2268 5083 2521 5150 timendi,
2554 5087 2651 5140 sed
2681 5089 2875 5143 debilia
2907 5100 2961 5144 et
2989 5103 3311 5150 contemnen
3351 5113 3380 5150 a
3413 5100 3696 5168 ohj‘ciunt.
3723 5104 3841 5169 Sed,

2264 5181 2326 5225 ut
2374 5172 2516 5240 dixi,
2568 5176 2950 5244 prteditatores
2987 5190 3185 5235 sancta:
3216 5183 3472 5247 Ectlesia:
3518 5192 3620 5245 etsi
3665 5205 3843 5247 contra

2263 5261 2565 5317 Judaeoruni
2596 5266 2899 5336 vaniloquia
2924 5270 3135 5324 noviter
3163 5273 3308 5327 nulla
3340 5290 3664 5345 prmparant,
3695 5283 3842 5352 plana

2260 5361 2438 5406 tamen
2463 5361 2517 5406 et
2546 5355 2729 5408 humili
2757 5373 2896 5410 vera:
2923 5357 3043 5413 ﬁdei
3069 5374 3268 5416 nostra:
3294 5366 3504 5422 ratione
3526 5387 3843 5441 quocunque

2261 5441 2422 5494 modo
2479 5442 2822 5498 defensorum
2877 5445 3171 5518 Synagogte
3235 5457 3496 5522 impetum
3553 5460 3839 5516 debellant.

2266 5530 2413 5585 Unde
2437 5541 2492 5585 et
2514 5533 2694 5586 subdit
2715 5537 2739 5586 :‘

2332 5621 2508 5690 (Vers.
2534 5621 2620 5686 10,
2647 5623 2756 5690 11.)
2783 5623 3044 5695 Pugnavit
3065 5647 3186 5701 ergo
3211 5630 3554 5704 Pliilisthiim,
3571 5650 3622 5694 et
3641 5659 3838 5697 aversus

2257 5721 2330 5766 est
2362 5711 2552 5784 Israel,
2582 5717 2923 5790 tutusquisque
2947 5719 3000 5773 in
3023 5721 3412 5784 tabernaculum
3435 5745 3604 5802 suum,
3636 5742 3686 5789 ct
3703 5738 3837 5806 [acta
