4000 6292
176 309 270 364 ut:

990 295 1052 347 ΙΝ
1097 295 1356 350 PRIMUM
1399 295 1634 350 REGUM
1680 294 2194 357 EXPOSITIONES.
2238 330 2307 340 —
2347 300 2476 355 LIB.
2521 303 2604 358 Ill.

3337 310 3437 363 166

162 417 234 458 (δε
276 405 435 475 plaga
476 422 668 477 magna
698 407 881 471 nimis,
913 417 962 460 et
991 424 1114 460 arca
1159 407 1256 462 Dei
1299 419 1451 479 capta
1488 419 1582 462 est.
1635 407 1749 462 Duo
1782 413 1828 473 Α
1857 410 2189 465 immensitas
2217 427 2408 468 averso
2453 413 2561 482 jam
2609 414 2790 469 lsraeli
2825 417 3164 484 perhibetur,
3197 421 3320 487 quia
3349 420 3442 476 Ju-

159 513 354 566 qnaque
378 497 478 566 {alii
511 497 636 552 lleli
661 500 847 552 mortui
871 508 1013 568 sunt,
1047 499 1221 570 Opimi
1253 511 1302 554 et
1331 502 1570 555 Phineas.

235 584 324 639 12.
366 584 730 654 Philisthiim,
770 588 822 642 id
861 597 943 642 est
979 590 1174 658 poculo
1203 592 1458 646 cadentes
1495 599 1752 660 pugnant,

160 689 282 729 cum
313 675 570 732 doctores
615 687 815 732 sannttc
858 676 1109 732 Ecclesiae
1148 694 1271 733 cum
1311 681 1590 735 catholica:
1634 678 1758 734 ﬁdei

169 768 367 822 vexillo
393 767 593 822 Judaris
633 769 1068 840 impugnantibus
1096 770 1334 824 obviant.
1378 770 1538 825 lsrael
1576 780 1756 825 autem

161 861 447 924 avertitur,
480 861 607 928 quia
651 865 702 914 in
744 861 892 914 omni
918 860 1281 929 disputatione
1306 860 1608 916 Judazorum
1637 877 1759 914 ver-

163 950 308 1004 sutia
350 959 658 1018 superatur.
704 950 888 1004 Averti
927 951 1066 1003 enim
1107 951 1157 1004 ei
1201 960 1283 1005 est
1321 967 1389 1005 ex
1421 951 1533 1021 pari
1561 952 1760 1007 virtute

165 1041 446 1096 adversari
477 1057 582 1095 non
611 1057 791 1111 posse.
821 1039 922 1106 Qui
952 1049 1130 1095 autem
1157 1041 1450 1111 pmliando
1476 1043 1755 1108 avertitur,

166 1132 220 1184 in
253 1131 443 1200 praelio
473 1131 687 1200 quidem
723 1139 835 1196 est,
869 1131 962 1185 sed
1006 1131 1240 1199 lugiens,
1271 1131 1372 1186 etsi
1401 1131 1596 1185 virtute
1623 1128 1759 1184 deﬁ-

168 1223 342 1285 ciens,
373 1222 600 1276 nocendi
631 1229 810 1276 tamen
841 1222 1167 1277 desiderium
1211 1238 1316 1277 non
1358 1220 1630 1277 amittens.
1671 1221 1760 1278 Sic

169 1323 407 1380 namque
456 1323 541 1366 est
588 1314 765 1366 omnis
813 1313 1058 1380 repulsus
1108 1313 1291 1367 lsratl.
1342 1312 1498 1381 Fugit
1543 1313 1757 1381 quippe,

166 1404 294 1470 quia
353 1401 668 1455 doctoribus
717 1410 918 1455 sancta:
971 1400 1227 1457 Ecclesiae
1280 1403 1606 1470 respondere
1656 1419 1762 1455 non

165 1489 399 1555 sufﬁcit;
429 1492 523 1544 sed
556 1490 761 1558 fugiens
801 1492 964 1544 vellet
1013 1491 1302 1557 resistere,
1351 1492 1474 1559 quia
1506 1492 1679 1546 victus
1709 1499 1763 1545 et

180 1580 444 1634 confusus
471 1589 693 1648 cuperet
726 1581 825 1635 sibi
862 1581 1016 1650 130
1044 1588 1329 1648 suppetere
1359 1580 1497 1634 unde
1531 1579 1760 1643 veritati,

173 1686 280 1738 qua
311 1672 570 1735 vincitur,
601 1671 857 1739 refragari
903 1671 1182 1739 poruisset.
1234 1671 1379 1722 Bene
1422 1668 1603 1737 itaque
1643 1683 1763 1722 cum

1858 496 2042 551 daicus
2072 499 2301 566 populus
2329 509 2454 555 ante
2498 501 2594 554 fuit
2622 517 2652 554 a
2683 510 2882 557 sancta:
2911 503 3000 557 Ec.
3022 503 3168 559 lesia:
3205 506 3447 561 doctori-

1860 586 1960 640 bus
1987 594 2041 640 et
2061 587 2232 642 victus
2260 597 2316 643 et
2346 591 2662 659 reprobatus
2685 608 2846 660 quam
2877 609 2906 646 a
2932 593 3179 649 Romano
3209 598 3448 652 exercitu

1859 684 2218 745 expugnatus,
2269 689 2579 748 peremptus
2627 691 2681 734 et
2721 683 2770 735 in
2821 684 3186 751 captivitattm
3230 685 3444 743 ductus.

1859 765 1992 820 Nam
2029 767 2155 821 inde
2194 771 2518 838 expugnari,
2566 772 2740 826 occidi
2770 782 2823 826 et
2851 774 2902 826 in
2931 775 3294 843 captivitatem
3323 778 3444 834 duci

1864 856 2230 924 tctnpora‘iter
2258 859 2450 926 potuit,
2483 860 2606 927 quia
2637 871 2852 914 interna:
2882 863 3145 917 libertatis
3173 867 3441 919 securita-

1863 954 1970 999 tem
2011 947 2244 999 oblatam
2280 947 2378 1002 sibi
2413 962 2443 1001 a
2482 957 2680 1002 sanctze
2717 948 2973 1004 Ecclesia:
3002 953 3310 1007 doctoribus
3338 970 3438 1011 non

1859 1036 2083 1104 recepit.
2115 1035 2220 1090 Sed
2249 1036 2511 1092 eteadem
2538 1038 2690 1108 plaga
2719 1039 2772 1092 in
2804 1038 3050 1094 Israclem
3073 1051 3309 1096 veterem
3335 1045 3444 1098 alta

1861 1126 2054 1178 divina:
2093 1127 2349 1181 bonitatis
2395 1127 2795 1196 dispensatione
2831 1129 3169 1196 decernitur,
3219 1140 3279 1185 ut
3322 1147 3446 1186 arca

1863 1216 1958 1268 Dei
1989 1231 2016 1267 a
2048 1216 2333 1282 gentilibus
2363 1225 2678 1285 caperetur,
2711 1226 2765 1271 et
2803 1217 3102 1273 divinorum
3138 1233 3446 1275 sacramen-

1864 1314 2039 1360 torum
2067 1307 2374 1362 intellectus
2399 1317 2598 1362 sancta:
2624 1308 2876 1364 Ecclesia:
2902 1311 3086 1366 ﬁdeles
3117 1322 3264 1368 tanto
3289 1329 3447 1368 ερρυ-

1863 1395 1972 1449 rius
1995 1396 2092 1449 sub
2118 1396 2346 1464 spiritali
2375 1397 2754 1466 explanatione
2777 1402 3132 1470 perciperent,
3165 1413 3366 1472 quanto
3391 1406 3442 1458 in

1863 1485 2044 1539 Judma
2071 1487 2200 1540 nihil
2228 1502 2508 1542 remanere
2530 1499 2831 1554 cernerent,
2864 1493 3006 1559 quod
3036 1493 3327 1549 carnaliter
3351 1510 3445 1548 cx-

1866 1575 2094 1630 biberet.
2145 1576 2368 1631 Volente
2398 1593 2628 1646 namque
2659 1579 2790 1645 Deo,
2823 1581 3130 1644 civitatem,
3165 1584 3443 1653 templum,

1866 1680 2044 1720 arcam
2075 1664 2145 1720 ﬁn
2165 1667 2291 1720 leris
2318 1675 2474 1721 vetus
2504 1667 2733 1738 pupulus
2763 1668 3012 1737 perdidit,
3047 1677 3105 1724 ut
3132 1685 3269 1724 nova
3297 1672 3446 1740 plebs

171 1777 399 1816 aversus
428 1760 594 1814 Israel
622 1759 841 1826 dicitur,
871 1767 1028 1814 caute
1055 1759 1394 1824 subjunctum
1434 1768 1518 1812 est
1542 1773 1557 1810 :
1590 1756 1764 1811 Unus-
1795 1772 1840 1830 Β
1866 1763 2064 1808 sanctae
2093 1753 2346 1809 Ecclesia:
2366 1770 2431 1809 co
2457 1755 2666 1824 plenius
2688 1757 2799 1810 veri
2823 1765 2878 1811 et
2907 1757 3031 1810 novi
3058 1758 3304 1812 sacriﬁcii
3327 1775 3445 1830 my-

166 1852 382 1922 quisque
411 1851 467 1904 in
495 1848 879 1903 tabernaculum
904 1866 1074 1902 suum.
1108 1848 1532 1903 Tabernaculum
1561 1849 1761 1917 quippe

172 1939 596 2007 uniuscujusque
637 1939 890 1992 Israelita:
917 1948 999 1991 est
1036 1954 1132 1992 cor
1156 1936 1392 2007 perﬁdiae
1419 1938 1763 1992 conclusione

168 2026 619 2095 circumseptum.
651 2025 784 2092 Quia
813 2026 1002 2094 igitur,
1035 2026 1163 2079 victi
1207 2041 1238 2080 a
1282 2037 1481 2081 sancite
1511 2026 1763 2081 Ecclesia:

171 2115 642 2182 praedicatoribus,
682 2116 880 2170 erroris
908 2115 989 2168 sui
1020 2115 1240 2170 latibula
1271 2122 1538 2184 repetunt,
1569 2115 1763 2184 singuli

166 2203 442 2272 fugientes
472 2205 540 2257 de
569 2204 754 2272 praelio
785 2204 838 2256 in
865 2218 1020 2257 suum
1053 2204 1457 2257 tabernaculum
1489 2213 1764 2258 revertun-

169 2304 272 2346 tur.
320 2292 388 2345 Et
414 2293 542 2362 quia
572 2293 676 2348 hoc
701 2300 870 2348 totum
911 2293 978 2348 de
1030 2293 1412 2362 adimpletione
1462 2295 1608 2349 verbi
1659 2293 1762 2349 Sa-

171 2386 402 2452 muelis,
449 2385 701 2439 videlicet
748 2384 815 2439 de
862 2383 1114 2439 Ecclesia:
1145 2385 1426 2452 primitivre
1469 2386 1764 2439 commina-

174 2477 340 2541 tione,
372 2476 590 2542 dicitur,
622 2477 776 2545 plaga
810 2491 1000 2544 magna
1031 2474 1190 2528 nimis
1218 2473 1360 2529 facta
1393 2474 1555 2530 fuisse
1585 2475 1764 2545 perhi-

171 2567 343 2629 betur,
380 2580 502 2635 quze
536 2564 778 2633 [refecto
809 2566 995 2633 plaga,
1044 2579 1143 2633 pro
1186 2563 1404 2620 lectoris
1432 2565 1678 2634 arbitrio,
1708 2572 1764 2620 et

169 2657 466 2712 secundum
516 2656 816 2725 spiritalem
872 2656 1306 2726 percussionem,
1357 2664 1412 2711 et
1463 2658 1761 2711 secundum

176 2748 508 2801 materialem
533 2747 705 2816 accipi
736 2746 1119 2801 convenienter
1139 2755 1336 2815 potest.

241 2838 329 2892 l5.
361 2838 494 2892 Nam
525 2839 594 2892 de
621 2838 847 2907 Spiritali
881 2848 1068 2894 eorum
1101 2839 1255 2908 plaga
1287 2838 1353 2891 ad
1384 2837 1674 2908 discipulos
1707 2840 1760 2894 in

174 2927 554 2994 praedicatione
593 2928 890 2982 destinatos
935 2929 1190 2988 Dominus
1236 2931 1363 2984 dicit
1402 2947 1415 2982 :
1461 2929 1762 3002 Quicunque

172 3033 270 3072 non
307 3019 597 3085 receperint
635 3034 722 3072 ros
783 3028 1026 3072 exeuntes
1063 3021 1203 3082 foras
1234 3020 1296 3073 de
1330 3020 1512 3087 domo,
1540 3021 1614 3073 vel
1639 3023 1762 3076 civi-

1865 1845 2086 1901 sterium
2116 1853 2484 1912 recognoscat,
2516 1861 2623 1915 quo
2653 1845 2793 1913 apud
2822 1846 3054 1911 Judaeos,
3096 1847 3249 1902 novis
3277 1862 3446 1916 appa-

1865 1937 2142 1999 rentibus,
2192 1945 2376 1991 vetera
2406 1938 2622 2006 penitus
2651 1935 2908 1992 defecisse
2939 1939 3265 1994 considerat.
3307 1941 3445 1995 Arca

1865 2028 2046 2096 itaque
2085 2026 2176 2081 Dei
2215 2043 2244 2080 a
2287 2025 2608 2082 Philisthzeis
2636 2036 2791 2097 capta
2837 2029 3114 2095 asseritur,
3147 2031 3304 2099 quia,
3348 2029 3448 2084 dc-

1864 2123 2068 2170 structo
2097 2130 2248 2170 more
2279 2117 2474 2170 veteris
2503 2115 2814 2185 Scriptum,
2844 2126 3183 2172 sacramenta
3215 2134 3245 2171 a
3273 2119 3446 2186 genti-

1864 2206 2003 2260 libus
2029 2205 2323 2260 secundum
2353 2205 2634 2260 veritatem
2666 2205 2882 2274 spiritus
2920 2207 3146 2262 ﬁdeliter
3173 2208 3447 2275 accipiun-

1865 2304 1972 2350 tur.
2001 2294 2152 2365 Capit
2181 2295 2380 2364 quippe
2421 2310 2600 2349 arcam
2645 2295 2735 2349 Dei
2777 2296 2867 2364 qui
2909 2297 3100 2351 divina:
3129 2297 3447 2364 cognitionis

1865 2384 2121 2454 mysteria
2150 2383 2203 2436 in
2234 2398 2392 2438 sacro
2417 2383 2632 2451 eloquio
2664 2399 2760 2452 per
2785 2385 3062 2440 veritatem
3101 2388 3251 2456 131
3286 2386 3447 2440 intel-

1864 2471 2127 2540 ligentizc,
2160 2472 2354 2526 mentis
2383 2471 2673 2526 devotione
2699 2473 3123 2542 comprehendit.
3156 2475 3260 2529 Sed
3289 2485 3448 2545 capta

1862 2576 2008 2626 arca,
2035 2560 2142 2615 duo
2166 2561 2409 2630 protinus
2436 2559 2557 2615 Heli
2584 2559 2674 2615 ﬁlii
2705 2565 3026 2629 moriuntur,
3053 2566 3177 2632 quia
3207 2566 3448 2634 proiecto

1861 2657 1919 2704 et
1965 2649 2188 2719 majoris
2233 2650 2436 2704 ordinis
2485 2652 2823 2719 sacerdotes,
2877 2662 3039 2722 atque
3087 2655 3337 2718 minoris.
3392 2656 3446 2711 in

1861 2738 2038 2794 ofﬁcio
2068 2739 2446 2795 immolationis
2493 2741 2690 2796 veteris
2737 2757 3004 2812 nusquam
3052 2748 3259 2799 vivunt.
3309 2745 3446 2801 Mori

1861 2845 2094 2898 namque
2133 2831 2483 2900 perhibentur
2503 2869 2520 2897 ,
2561 2832 2652 2900 qui
2696 2833 2889 2888 oll‘erre
2917 2848 3071 2888 sacra
3099 2833 3318 2889 omnino
3347 2835 3447 2890 de-

1861 2925 2018 2980 siere.
2053 2924 2306 2992 Sequitur
2338 2943 2350 2977 :

1933 3015 2119 3085 (Vers.
2151 3015 2247 3081 l2,
2281 3014 2406 3086 l5.)
2448 3016 2671 3070 Currens
2699 3027 2869 3071 autent
2895 3019 2972 3071 vir
2999 3033 3132 3071 unus
3162 3019 3226 3072 de
3254 3018 3446 3089 Benja-

174 3116 302 3173 tale,
331 3109 556 3160 excutite
577 3108 831 3176 pulverem
859 3109 922 3163 de
948 3109 1160 3178 pedibus
1190 3112 1388 3164 vestris.
1435 3112 1597 3164 Amen
1638 3113 1753 3165 diro
1785 3139 1832 3201 ο
1860 3107 1966 3159 min
1994 3123 2058 3160 ea:
2087 3107 2229 3172 acie,
2267 3109 2399 3160 venit
2433 3107 2486 3159 in
2515 3106 2629 3160 Silo
2653 3108 2708 3160 in
2737 3108 2820 3160 die
2847 3108 2967 3174 illo,
3010 3109 3171 3161 scissa
3198 3119 3332 3162 reste
3350 3147 3365 3172 ,
3397 3119 3447 3163 et

175 3195 306 3249 vobis
330 3212 349 3248 :
381 3195 704 3249 tolerabilius
745 3198 844 3249 erit
885 3206 1036 3251 terra:
1066 3197 1409 3251 Sodomorum
1448 3209 1496 3250 et
1536 3197 1755 3252 Gomor-

176 3287 427 3338 rlurorum
458 3287 514 3338 in
545 3286 629 3339 die
649 3288 859 3357 judicii,
908 3305 1060 3359 quant
1089 3288 1168 3341 illi
1211 3287 1404 3342 ciritati
1450 3287 1672 3359 (Matth.
1704 3307 1757 3353 Χ,

177 3375 278 3444 Η).
320 3377 457 3432 Hinc
493 3379 687 3431 it~rum
729 3378 896 3432 dicit:
933 3377 1033 3442 Qui
1065 3379 1342 3432 crediderit
1378 3390 1426 3432 et
1469 3378 1760 3449 baptizatus

177 3469 346 3536 fuerit,
379 3469 554 3522 saluus
583 3470 680 3522 erit
691 3464 827 3539 {qui
850 3485 963 3522 vero
993 3485 1096 3521 non
1126 3467 1422 3535 crediderit,
1447 3469 1759 3522 condemna-

178 3557 531 3625 bitur‘(Marc.
567 3575 675 3623 xvi,
713 3558 818 3628 l6).
849 3557 1153 3612 Secundum
1183 3559 1512 3612 materialem
1543 3575 1758 3627 quoque

179 3649 576 3712 percussionem
620 3651 829 3717 tlagam
860 3665 1106 3720 magnam
1138 3651 1393 3716 insinuat,
1427 3667 1550 3705 cum
1577 3653 1643 3705 ad
1671 3651 1758 3708 le-

181 3742 401 3796 rusalem
434 3743 686 3810 loquitur.
718 3743 903 3797 dicens
931 3760 944 3794 :
988 3743 1203 3796 l'enient
1233 3743 1341 3796 dies
1367 3744 1420 3795 in
1461 3751 1538 3806 te,
1579 3753 1627 3796 et
1655 3745 1759 3796 cir-

178 3835 480 3884 cumdabant
505 3842 551 3886 te
575 3833 776 3885 inimici
795 3833 867 3884 tui
895 3832 1048 3895 vallo,
1073 3843 1120 3886 et
1149 3832 1557 3900 coangus'abuut
1588 3843 1635 3886 te
1661 3851 1759 3888 un-

181 3922 323 3989 dique
348 3934 394 3974 et
419 3923 562 3990 ﬁlios
587 3932 719 3986 tuos,
745 3933 794 3974 et
823 3923 892 3975 ad
919 3932 1107 3976 terram
1128 3933 1453 3992 prosterneut
1483 3934 1552 3989 te,
1579 3935 1626 3977 et
1653 3941 1758 3979 non

181 4010 485 4080 rulinquetm'
531 4010 584 4062 in
623 4020 670 4062 te
703 4010 836 4080 lapis
865 4026 1018 4078 super
1056 4011 1284 4079 lapidem
1315 4010 1465 4082 (Luc.
1514 4029 1634 4078 XIX,
1664 4012 1754 4076 45,

183 4101 286 4170 Μ).
330 4101 465 4156 Hinc
497 4103 948 4172 compatientibus
988 4101 1089 4155 sibi
1119 4111 1278 4170 atque
1310 4102 1609 4168 lugentibus
1637 4119 1756 4155 mu-

184 4192 416 4258 lieribus,
461 4194 529 4246 ad
571 4194 833 4262 pa5>ionis
861 4210 972 4248 sua:
998 4193 1360 4262 dignationem
1391 4192 1755 4261 proﬁciscens,

186 4283 430 4349 loquitur,
461 4283 649 4336 dicens
682 4300 694 4334 ε
726 4282 882 4336 Filia:
907 4281 1221 4347 Jerusalem,
1267 4283 1427 4335 nolite
1455 4283 1578 4349 ﬂere
1607 4299 1758 4350 super

189 4389 275 4435 me,
305 4373 392 4425 sed
431 4389 587 4442 super
613 4389 698 4426 vos
737 4375 878 4441 ipsas
920 4375 1066 4441 ﬂete,
1113 4382 1160 4426 et
1187 4389 1339 4441 super
1375 4373 1513 4442 ﬁlios
1543 4382 1754 4438 vestros,

1863 3213 2166 3266 conspersus
2211 3198 2415 3265 putt-ere
2454 3207 2628 3264 caput.
2675 3196 2900 3266 Cumque
2927 3197 3017 3250 ille
3042 3199 3289 3263 venisset,
3324 3197 3445 3251 Heli

1861 3286 2068 3341 sedebat
2095 3304 2246 3356 super
2273 3288 2420 3351 sella,
2465 3296 2702 3354 spectans
2733 3297 2911 3340 contra
2956 3290 3106 3340 viam.
3152 3288 3244 3341 Vir
3274 3299 3445 3342 autem

1860 3377 1967 3440 ille,
2001 3387 2268 3447 postquam
2299 3393 2554 3446 ingressus
2585 3385 2680 3440 est,
2713 3377 2964 3429 nuntiavit
2989 3375 3122 3441 urbi,
3155 3385 3202 3430 et
3232 3377 3444 3430 ululavit

1861 3472 2028 3524 omnis
2057 3471 2257 3523 ciuitas.

1935 3560 2022 3614 M.
2054 3560 2191 3626 Quid
2222 3575 2320 3629 per
2347 3559 2517 3612 virum
2550 3559 2708 3612 istunt
2739 3559 3074 3627 exprimitur,
3116 3559 3206 3626 qui
3239 3558 3306 3613 de
3327 3561 3444 3614 acie

1861 3651 2012 3719 fugit,
2048 3651 2146 3704 nisi
2177 3665 2238 3702 ea
2269 3664 2392 3717 pars
2418 3647 2624 3702 Judaici
2657 3649 2836 3716 populi
2871 3664 2988 3718 qua:
3018 3648 3084 3700 ad
3118 3648 3444 3719 Redempto-

1861 3741 1934 3794 ris
1973 3739 2335 3809 cvgn'tionem
2367 3736 2630 3792 veniendo
2663 3737 2939 3791 Judaicam
2982 3737 3258 3806 perlidiam
3285 3740 3444 3792 (lth-

1861 3829 2051 3897 liquit?
2081 3827 2309 3881 Currere
2333 3840 2565 3892 namque
2593 3827 2640 3878 ei
2665 3826 2763 3878 fuit
2788 3841 2818 3878 a
2846 3826 3108 3894 pravitate
3140 3827 3338 3881 erroris
3363 3828 3446 3882 sui

1860 3919 2161 3974 devotionis
2219 3918 2510 3971 velocitate
2565 3916 2848 3970 desistere.
2915 3916 3050 3982 Quia
3107 3931 3233 3970 vero
3287 3916 3446 3971 fortia

1860 4025 2020 4078 agere
2052 4008 2103 4061 in
2133 4005 2509 4074 Redemptoris
2541 4003 2874 4073 profes:iune
2903 4006 3184 4074 disposuit,
3215 4007 3297 4060 vir
3323 4006 3441 4063 fuit.

1861 4099 1962 4165 Qui
2000 4098 2246 4151 nimirum
2283 4111 2349 4150 eo
2378 4095 2464 4150 die
2504 4111 2610 4166 quo
2641 4097 2811 4150 victus
2840 4105 2920 4149 est
2950 4095 3018 4150 de
3045 4098 3226 4165 prmlio
3249 4099 3438 4160 currit,

1861 4191 1984 4259 quia
2015 4207 2075 4244 ea
2109 4190 2230 4242 lidci
2262 4188 2652 4242 illuminatione
2679 4202 2780 4254 qua
2811 4186 3048 4255 perﬁdia:
3079 4188 3327 4242 tenebras
3353 4189 3447 4242 de—

1860 4283 2030 4336 seruit
2059 4281 2126 4334 ad
2156 4278 2549 4349 pra-dicandum
2576 4280 2858 4332 veritatem
2899 4294 3057 4347 quam
3097 4287 3322 4333 noverat
3352 4295 3445 4334 ac-

1860 4372 2041 4427 cessit.
2074 4370 2225 4424 Unde
2253 4378 2307 4423 et
2338 4370 2388 4423 in
2419 4367 2535 4422 Silo
2560 4370 2770 4422 venisse
2798 4368 3133 4436 perlubetur,
3167 4379 3192 4406 ε
3223 4371 3346 4439 quia
3379 4370 3444 4423 ad

188 4462 412 4528 quoniam
434 4477 552 4514 ecce
572 4462 771 4514 venient
791 4463 844 4513 in
869 4472 914 4513 te
934 4461 1044 4514 dies
1063 4463 1118 4514 in
1139 4461 1318 4531 quibus
1346 4461 1514 4513 dicent
1540 4480 1552 4511 :
1585 4459 1759 4516 Beata:
1791 4504 1836 4560 Ι)
1864 4461 2292 4532 praedicationem
2319 4461 2569 4513 mittitur.
2597 4459 2697 4526 Qui
2723 4468 2926 4514 vestem
2947 4461 3123 4526 scidit,
3154 4462 3277 4530 quia
3299 4470 3442 4516 vetet

189 4550 388 4614 iteriles,
419 4559 468 4602 et
489 4559 691 4603 ventres
713 4552 796 4622 qui
819 4568 920 4603 non
940 4559 1246 4620 genuerunt,
1275 4557 1322 4602 et
1345 4549 1500 4602 ubera
1522 4566 1634 4618 qua:
1654 4567 1758 4604 non

189 4639 507 4694 lustraverunt.
544 4640 689 4694 Tunc
718 4643 964 4710 incipient
1009 4643 1180 4694 dicere
1217 4641 1473 4694 montibus
1511 4658 1529 4694 :
1558 4640 1762 4694 'Cadite

187 4744 331 4797 super
353 4748 476 4795 nos;
507 4742 556 4784 et
586 4732 839 4785 collibus:
874 4732 1083 4800 Operi.'c
1111 4749 1224 4785 nos.
1260 4730 1397 4794 Quia
1436 4733 1480 4785 si
1519 4733 1574 4785 in
1611 4733 1762 4785 viridi
1798 4737 1802 4742 ’

198 4818 330 4887 ligno
358 4820 462 4874 lta'c
492 4825 710 4892 faciunt,
744 4824 797 4875 in
838 4823 987 4876 arido
1011 4823 1134 4892 quid
1177 4823 1264 4890 fiet
1295 4821 1444 4890 (Luc.
1489 4839 1640 4888 xxnt,
1673 4822 1763 4888 28,

191 4911 346 4978 sed)?
390 4911 594 4978 Qubus
622 4913 754 4981 proli
776 4923 862 4966 ctu
890 4912 1068 4965 verbis
1097 4927 1158 4965 ea
1187 4926 1304 4981 qua:
1331 4909 1634 4965 Judzeorum
1667 4929 1765 4980 pn-

193 5000 309 5067 pulo
333 5015 358 5054 a
387 5001 647 5056 Romanis
673 5002 1004 5071 ptittciprbus
1031 5001 1360 5069 Vespasiano
1381 5011 1435 5055 et
1465 4999 1584 5054 Tito
1613 5001 1756 5056 illata

192 5097 266 5140 est
299 5096 352 5142 et
395 5106 548 5156 mors.
588 5101 642 5146 et
681 5093 964 5160 captivitas
1005 5091 1336 5158 designatur.
1385 5089 1534 5144 Tunc
1563 5092 1762 5160 quippe

192 5178 328 5246 plaga
371 5197 557 5250 magna
602 5181 742 5236 facta
792 5183 921 5246 luit,
970 5183 1187 5252 quando
1233 5198 1354 5236 cum
1395 5183 1760 5238 internecione

194 5269 356 5335 populi
382 5269 686 5325 ludazorum
717 5272 910 5326 civitas
947 5279 1002 5325 et
1029 5279 1187 5341 capta
1231 5272 1438 5327 exstitit
1465 5279 1519 5326 et
1549 5287 1758 5336 eversa,

194 5358 386 5423 quando
413 5376 510 5430 pro
542 5361 748 5414 ultione
777 5359 946 5415 divini
973 5361 1266 5429 sanguinis,
1298 5369 1354 5414 et
1378 5361 1557 5415 hostili
1581 5361 1758 5429 gladio

195 5446 403 5513 populus
423 5449 648 5512 corruit,
681 5459 737 5504 et
757 5449 850 5517 qui
873 5447 1102 5502 evadere
1126 5448 1325 5503 ferrum
1350 5450 1526 5518 potuit
1545 5464 1758 5518 pmnam

198 5536 428 5592 sustinuit
471 5547 689 5594 aeterna:
734 5539 1078 5611 captivitatis.
1128 5538 1257 5607 Quae
1305 5539 1550 5611 profecto
1597 5541 1762 5612 plaga:

269 5704 293 5731 ⁸
326 5697 503 5766 Aliter,
542 5698 650 5766 qui.

1862 4570 1974 4610 rem
2012 4570 2071 4608 se
2116 4555 2388 4606 hominem
2434 4552 2608 4613 exuit;
2658 4559 2820 4619 caput
2858 4550 3077 4619 pulvere
3115 4552 3436 4619 conspersit,

1865 4647 1991 4715 quia
2025 4644 2093 4698 de
2132 4643 2420 4710 splendore
2448 4641 2571 4693 novi
2602 4641 2855 4703 hominis,
2900 4655 3007 4707 quo
3037 4656 3096 4693 se
3124 4641 3317 4706 induit,
3347 4657 3445 4695 ne-

1863 4753 2129 4808 quaquam
2177 4736 2468 4805 superbivit
2490 4774 2503 4788 .
2537 4734 2710 4788 Scissa
2739 4749 2971 4802 namque
3001 4736 3164 4788 vestis
3189 4735 3255 4788 ad
3281 4736 3447 4790 deco-

1865 4847 1976 4884 rem
2020 4837 2216 4883 sanctte
2247 4826 2672 4880 conversationis
2700 4825 2959 4893 pertinet,
2991 4827 3300 4894 ronspersio
3329 4828 3447 4894 pul-

1864 4921 2005 4974 veris
2032 4919 2099 4972 ad
2122 4916 2533 4971 atstimationcm
2565 4913 2899 4967 humilitatis.
2932 4913 3064 4978 Quia
3091 4929 3220 4982 ergo
3246 4917 3446 4972 sanctis

1867 5009 2335 5080 praedicatoribus,
2385 5020 2485 5059 nee
2526 5004 2647 5057 vita:
2690 5003 2947 5078 munditia
2977 5005 3091 5058 sine
3120 5005 3426 5060 humilitate

1866 5115 1968 5154 nec
2010 5098 2282 5152 humi'itas
2310 5095 2506 5150 sufﬁcit
2535 5095 2651 5148 sine
2679 5105 2862 5147 saneta
2893 5096 3336 5161 c0nversatioue,
3368 5100 3438 5150 vit

1864 5191 1957 5258 qui
1988 5190 2040 5242 in
2071 5189 2354 5243 doctorum
2384 5195 2514 5256 typo
2543 5187 2608 5238 ad
2638 5184 3061 5239 aununtiandum
3105 5184 3314 5240 lsraelis
3359 5186 3444 5238 in.

1866 5279 2081 5333 teritum
2111 5278 2288 5341 venit,
2337 5284 2388 5330 et
2439 5285 2645 5329 vestem
2688 5275 2872 5336 scidit.
2925 5283 2978 5328 et
3020 5283 3181 5343 caput
3227 5275 3448 5344 pulvere

1855 5367 2177 5435 conspersit.
2229 5364 2343 5420 Hoc
2370 5359 2603 5431 namque
2645 5363 2866 5433 pulvere
2895 5373 3056 5433 eaput
3091 5379 3443 5434 conspersum

1858 5456 2143 5526 portabat,
2169 5455 2260 5522 qui
2281 5495 2296 5520 ,
2325 5453 2552 5508 Domino
2579 5452 2835 5520 loquens,
2867 5454 2942 5506 ait
2968 5471 2980 5506 :
3008 5453 3215 5525 Loquar
3237 5456 3305 5507 ad
3340 5453 3445 5509 Do-

1861 5547 2054 5600 minum
2076 5561 2268 5612 meum,
2298 5560 2414 5598 cum
2434 5545 2532 5602 sim
2553 5544 2716 5612 pulvis
2737 5551 2785 5597 et
2807 5543 2936 5598 cinis
2969 5540 3124 5614 (Gen.
3149 5559 3294 5611 xvnt,
3319 5542 3444 5616 27)!
