4000 6306
575 294 597 345 1
608 292 675 346 67

1780 274 2021 332 SANCTI
2060 272 2386 329 GREGORII
2427 271 2639 328 MAGNI

3738 256 3825 309 568

572 404 878 469 Consperso
928 397 1057 450 item
1105 392 1282 462 capite
1327 387 1647 457 loquebatur
1686 384 1977 453 Propheta,
2032 397 2154 436 cum
2184 388 2232 444 Α
2260 384 2383 451 teri,
2414 384 2640 452 plurima
2666 381 2734 436 de
2760 380 3027 435 mandatis
3056 380 3369 436 coelestibus
3395 387 3545 436 recte
3574 381 3821 450 intelligit,

577 492 927 562 supplicaret,
956 487 1180 540 dicens:
1232 481 1511 543 Memento,
1562 476 1801 541 Domine,
1846 475 1964 542 quia
1993 473 2157 562 pultis

573 559 748 640 sui—nus
778 580 950 651 (Psal.
983 573 1212 641 (111,15).
1260 570 1474 624 Vestem
1514 580 1730 634 quoque
1769 564 2019 624 sciderat,
2063 559 2157 628 qui

574 678 867 737 conﬁtens,
900 672 1032 726 dixit
1058 687 1070 722 :
1104 665 1414 722 Conscidisti
1441 677 1648 716 saccum
1678 675 1882 727 meum,
1924 666 1973 711 et
2019 671 2160 726 prte-

574 769 783 824 einxisti
812 783 892 819 me
909 763 1089 817 laztitia
1121 758 1293 829 (Psal.
1330 772 1474 819 χχιχ,
1508 754 1619 821 i=2).

650 857 734 911 15.
777 853 885 909 Sed
917 867 1037 906 cum
1079 845 1425 904 ecclesiastici
1474 840 1842 912 prmdicatoris
1887 836 2164 892 humilitas

575 943 1026 1006 commendatur,
1072 940 1275 1009 pauiter
1316 944 1371 992 et
1408 934 1655 1005 superbia
1694 931 1900 984 Judaici
1927 929 2165 984 doctoris

583 1036 928 1106 exprimitur,
976 1030 1100 1098 quia
1146 1026 1398 1080 videlicet
1446 1025 1562 1079 lleli
1608 1037 1770 1091 super
1805 1021 1935 1075 sella
1979 1020 2167 1073 sedere

583 1126 911 1200 perhibetur.
943 1121 1001 1174 ln
1040 1120 1143 1172 isto
1172 1116 1369 1185 quippe
1398 1114 1516 1168 loco
1558 1112 1673 1166 Heli
1717 1126 1821 1164 non
1861 1108 2166 1179 pontilices,

586 1218 685 1273 sed
726 1212 1062 1282 legisperitos
1091 1208 1383 1278 Synagogze
1412 1205 1667 1261 insinuat.
1698 1201 1835 1268 Quid
1864 1208 1946 1255 est
1988 1208 2166 1253 autem

584 1305 725 1376 quod
766 1304 917 1357 sedet
943 1314 1104 1367 super
1129 1296 1279 1361 sella,
1332 1294 1433 1349 nisi
1465 1294 1587 1364 quia
1636 1293 1865 1360 superbe
1894 1289 2171 1343 extollitur

584 1399 652 1453 de
680 1393 962 1451 doctrina?
991 1389 1056 1442 Et
1089 1388 1215 1457 quid
1246 1395 1327 1441 est
1368 1385 1509 1455 quod
1540 1391 1749 1454 spectat
1789 1390 1976 1437 contra
2006 1380 2169 1447 viam,

589 1487 691 1543 nisi
738 1484 865 1552 quia
913 1480 1036 1535 dum
1073 1479 1307 1547 superbe
1352 1476 1659 1544 Scripturas
1705 1472 1936 1541 accipit,
1980 1469 2028 1523 ei
2076 1480 2174 1538 per

587 1592 748 1645 quem
782 1576 859 1627 ire
887 1570 954 1623 ad
1001 1577 1261 1623 aeternam
1312 1566 1538 1636 patriam
1591 1563 1776 1619 debuit
1819 1559 2173 1618 contradicit?

587 1664 687 1718 Via
717 1661 915 1731 quippe
956 1655 1146 1712 salutis
1185 1655 1271 1709 illa
1308 1664 1390 1709 est
1413 1669 1531 1724 qua:
1571 1654 1913 1721 semetipsam
1955 1652 2171 1717 asserit,

2261 474 2550 543 nonaginta
2581 483 2635 526 et
2671 480 2799 527 octo
2843 484 3108 526 annorum
3136 481 3235 526 est.
3268 471 3333 525 Et
3364 471 3490 525 dum
3520 470 3683 525 Deum
3723 489 3824 527 ere-

2261 563 2360 628 dit,
2392 570 2448 615 et
2476 578 2543 616 ex
2574 562 2789 629 Virgine
2818 562 2963 616 nasci
2993 562 3233 631 potuisse
3261 577 3357 631 per
3385 577 3632 628 carnem,
3662 570 3716 616 et
3741 564 3827 617 liu-

2260 653 2532 705 manitatis
2560 652 2676 718 ejus
2707 660 2951 705 naturam
2979 652 3177 722 suscipi
3205 652 3436 720 abnegat
3467 653 3518 704 in
3548 652 3823 713 divinitate.

2260 754 2477 800 centum
2508 759 2768 797 annorum
2807 758 2914 796 non
2940 752 3041 797 est.
3078 742 3227 798 Unde
3255 754 3328 809 et,
3357 743 3541 797 audita
3564 744 3661 797 viri
3702 746 3825 797 rela-

2264 840 2440 904 tione,
2468 838 2613 907 juste
2656 840 2912 900 moritur,
2943 838 3067 905 quia
3097 839 3214 891 sine
3257 837 3359 890 ﬁde
3402 838 3478 890 lle
3499 838 3763 905 lcmptoris
3788 836 3828 889 ei

2264 932 2405 986 bona
2445 945 2563 999 quae
2603 933 2881 999 cognoscit
2910 940 2965 983 et
2995 932 3099 984 alia
3138 945 3475 999 nequaquam
3508 940 3749 999 prosunt.
3777 930 3830 983 Et

2264 1022 2389 1090 quia
2430 1021 2540 1074 alto
2589 1030 2644 1073 ct
2688 1020 3216 1099 inconnrehensibili
3259 1021 3462 1089 ju-licio
3507 1019 3600 1074 Dei
3636 1022 3829 1076 accitas

2266 1112 2580 1182 ignorantia:
2609 1111 2726 1179 ejus
2757 1113 2921 1165 menti
2970 1113 3254 1176 incutitur,
3285 1112 3550 1180 caligasse
3592 1120 3647 1165 et
3673 1110 3835 1165 videre

2269 1220 2378 1259 non
2408 1204 2647 1273 potuisse
2675 1213 3026 1258 memoratur.
3059 1203 3315 1271 Sequitur
3347 1220 3362 1256 :

2344 1297 2525 1367 (νει-ε.
2551 1296 2664 1366 16.)
2694 1297 2763 1351 Et
2791 1298 2922 1351 dixit
2958 1298 3028 1349 ad
3066 1296 3189 1350 Heli
3220 1313 3237 1349 :
3267 1295 3379 1367 Ego
3408 1312 3520 1350 sum
3548 1296 3633 1367 qui
3660 1296 3763 1349 ueni
3788 1296 3839 1348 de

2272 1393 2476 1463 pra'lio,
2507 1407 2601 1460 ego
2624 1391 2708 1461 qui
2740 1390 2803 1443 de
2831 1390 2941 1441 acie
2964 1390 3073 1458 fugi
3104 1388 3271 1440 hodie.

2347 1482 2436 1538 18.
2470 1481 2632 1547 Quasi
2677 1481 2730 1534 in
2778 1478 2965 1549 prteIio
2992 1494 3052 1531 se
3081 1477 3243 1532 fuisse
3270 1476 3611 1531 memorabat
3654 1474 3740 1529 ilic
3766 1476 3841 1543 qui

2276 1574 2534 1630 dicebat:
2566 1573 2797 1625 Audistis
2826 1570 3261 1624 conversationem
3295 1584 3463 1621 meam
3501 1566 3775 1634 aliquando
3799 1566 3842 1618 in

2274 1665 2582 1728 Judaismo;
2621 1661 2863 1733 quoniam
2892 1676 3050 1729 supra
3078 1660 3287 1712 modum
3314 1659 3657 1727 persequebar
3687 1654 3844 1708 Eccle-

590 1756 816 1810 dicens:
851 1749 963 1821 Ego
994 1765 1107 1802 sum
1134 1748 1255 1813 Via,
1294 1747 1495 1800 Veritas
1525 1754 1574 1798 et
1615 1744 1729 1798 Vita
1759 1742 1937 1815 (Joan.
1962 1760 2073 1807 xw,
2096 1743 2172 1811 6).

2284 1756 2413 1809 siam
2443 1753 2559 1819 Dei,
2590 1762 2638 1806 et
2667 1749 3027 1821 expugnabam
3056 1750 3223 1812 illam,
3254 1758 3303 1802 et
3334 1746 3666 1819 proﬁciebam
3694 1747 3742 1799 in
3765 1745 3845 1798 Ju—

591 1843 712 1897 Non
738 1842 918 1908 itaque
947 1839 1109 1902 viam,
1138 1836 1231 1891 sed
1260 1844 1448 1890 contra
1475 1836 1615 1888 viam
1640 1834 1880 1903 respicit,
1911 1834 2035 1905 quia
2066 1832 2176 1885 Re-

589 1933 929 2001 demptorem
959 1944 1066 1981 non
1096 1926 1404 1993 cognoscit,
1454 1924 1542 1978 cui
1571 1923 1909 1985 contradicit.
1944 1921 2012 1976 Et
2038 1922 2176 1976 bene

594 2026 820 2082 mortuis
848 2024 971 2079 filiis
1012 2030 1168 2092 pater
1204 2034 1364 2088 super
1403 2019 1535 2074 sella
1576 2019 1765 2073 sedere
1805 2017 2017 2082 dicitur,
2049 2017 2173 2086 quia

592 2116 685 2186 qui
719 2113 882 2169 veteri
914 2126 1064 2166 more
1107 2107 1413 2164 sacrificent
1440 2106 1721 2178 Synagoga
1752 2122 1857 2161 non
1891 2107 2073 2168 habet.
2122 2114 2178 2159 et

593 2214 773 2259 tamen
800 2203 889 2271 qui
914 2200 1082 2255 veteri
1112 2214 1264 2253 more
1291 2198 1522 2253 doceant
1549 2198 1725 2252 adhuc
1754 2198 1935 2251 habet.
1969 2196 2032 2250 Et
2053 2197 2178 2265 quia

592 2309 692 2363 per
718 2294 990 2362 sapientes
1016 2291 1268 2345 doctores
1298 2288 1364 2342 ad
1395 2287 1744 2343 ministerium
1774 2284 2177 2353 erudit-bantur,

596 2382 720 2435 dum
746 2381 975 2434 cessavit
1003 2379 1093 2447 qui
1117 2376 1463 2441 sacrificaret,
1496 2386 1551 2431 et
1573 2379 1746 2431 adhuc
1769 2377 1857 2446 qui
1879 2378 2070 2433 doceat
2096 2392 2181 2433 re-

596 2480 862 2534 maneret,
898 2480 1023 2538 apte
1054 2468 1144 2522 lilii
1171 2468 1475 2522 refcruntur
1504 2469 1720 2533 mortui,
1762 2479 1818 2523 et
1844 2479 1996 2540 pater
2021 2482 2183 2539 super

601 2561 735 2614 sella
778 2558 1000 2624 sedere;
1038 2558 1133 2612 sed
1162 2558 1229 2611 de
1257 2572 1321 2611 ea
1350 2573 1511 2625 quam
1542 2558 1745 2612 audivit
1774 2560 2184 2615 annuntiatione

602 2648 981 2720 Redemptoris
1015 2647 1301 2703 multitudo
1330 2646 1625 2719 Synagogze
1649 2664 1754 2703 non
1785 2651 2059 2717 gaudium,
2088 2649 2184 2705 sed

600 2754 889 2796 maerorem
918 2739 1124 2793 habuit.
1160 2737 1312 2794 Unde
1356 2748 1413 2792 et
1457 2748 1737 2809 postquam
1779 2740 1858 2793 vir
1897 2739 1964 2792 de
2001 2739 2184 2809 praclio

602 2830 770 2893 venit,
804 2840 861 2885 et
883 2830 1183 2899 captionem
1214 2844 1354 2882 arcze
1376 2829 1733 2892 annuntiavit,
1760 2828 1988 2884 ululasse
2012 2830 2186 2883 omnis

602 2923 791 2977 civitas
824 2921 1041 2975 dicitur.
1072 2921 1201 2985 Qua:
1228 2920 1475 2973 nimirum
1501 2919 1735 2986 tristitia,
1768 2919 1892 2989 quia
1925 2934 2093 2988 usque
2119 2920 2187 2974 ad

600 3012 851 3067 doctores
875 3013 1137 3081 pervenit,
1172 3010 1414 3077 sequitur
1445 3027 1457 3062 :

2281 1848 2483 1901 daismo
2512 1862 2670 1915 supra
2709 1844 2897 1897 multos
2932 1851 3218 1896 coartaneos
3241 1855 3409 1903 meos,
3441 1838 3496 1891 in
3526 1853 3707 1907 genere
3732 1853 3845 1899 meo,

2282 1940 2635 1995 abundantius
2683 1935 2951 1991 wmulator
2996 1935 3222 1988 existens
3264 1942 3603 2001 paternarum
3639 1944 3847 1981 meorum

2282 2030 2621 2085 traditionum
2653 2024 2796 2095 (Gal.
2824 2042 2863 2088 ι,
2897 2024 2983 2090 15,
3018 2022 3129 2090 14).
3160 2021 3265 2077 Sed
3293 2021 3361 2076 de
3391 2020 3575 2091 prsclio
3604 2018 3748 2073 venit
3774 2019 3848 2077 nui

2280 2120 2446 2174 dicit:
2482 2117 2582 2182 Qui
2614 2119 2757 2186 prius
2778 2117 2854 2188 {ui
2873 2115 3201 2185 blasphemus
3225 2119 3273 2166 et
3294 2119 3623 2181 persecutor;
3655 2108 3739 2162 sed
3764 2108 3848 2159 mi~

2281 2208 2615 2265 sericordiam
2639 2214 2938 2260 consecutus
2960 2220 3092 2269 sum,
3116 2205 3235 2272 quia
3257 2203 3507 2272 ignorans
3530 2199 3629 2269 feci
3654 2196 3707 2266 (1
3731 2195 3846 2249 Tim.

2282 2296 2469 2366 1,15).
2524 2294 2733 2363 Fugere
2777 2306 2907 2361 ergo
2946 2292 3014 2346 de
3058 2294 3174 2345 acie
3200 2288 3384 2344 Judaeo
3431 2287 3560 2356 quid
3604 2293 3685 2340 est
3725 2284 3849 2337 aliud

2284 2400 2447 2455 quam
2487 2399 2517 2438 a
2554 2382 2884 2453 perﬁdorum
2925 2394 3112 2434 errore
3158 2376 3430 2448 separari?
3482 2382 3539 2429 et
3582 2376 3650 2428 de
3691 2373 3849 2443 pva-lio

2282 2477 2471 2531 venire
2500 2474 2628 2544 quid
2673 2481 2786 2538 est,
2835 2472 2941 2527 nisi
2988 2480 3153 2525 recta:
3192 2469 3314 2523 ﬁdei
3358 2470 3557 2523 bonum
3594 2466 3713 2520 aliis
3738 2481 3850 2519 nun-

2286 2569 2459 2623 tiare?
2487 2564 2697 2636 Fugere
2721 2578 2953 2632 namque
2978 2563 3270 2618 metuentis
3300 2570 3414 2627 est;
3444 2560 3659 2625 venire,
3691 2557 3850 2613 volen-

2285 2660 2374 2714 tis.
2406 2660 2524 2725 Quo
2552 2658 2605 2713 in
2631 2658 2771 2722 loco,
2802 2656 2928 2726 quia
2956 2655 3105 2725 prius
3135 2653 3334 2709 dicitur
3361 2653 3547 2708 venire
3573 2651 3641 2707 de
3670 2649 3851 2721 praelia,

2286 2764 2447 2820 quam
2478 2765 2542 2803 ex
2576 2750 2693 2803 acie
2722 2747 2938 2814 fugere,
2992 2759 3114 2800 cum
3157 2743 3307 2814 prius
3346 2743 3629 2798 deseratur
3660 2739 3851 2810 perﬁdia

2286 2856 2447 2911 quam
2477 2841 2675 2894 veritas
2705 2838 3045 2909 praedicetur,
3096 2837 3289 2891 mirum
3319 2850 3427 2889 non
3456 2842 3558 2888 est.
3590 2832 3720 2886 Nam
3745 2831 3850 2895 hoc,

2288 2933 2431 3000 quod
2457 2930 2523 2984 de
2552 2930 2669 2983 acie
2696 2943 2756 2984 se
2785 2927 2985 2995 fugisse
3014 2926 3285 2996 posterius
3322 2925 3470 2988 dicit,
3505 2940 3614 2977 non
3643 2922 3709 2976 ad
3732 2920 3853 2975 ordi-

2291 3036 2413 3076 nem
2459 3034 2567 3089 quo
2615 3021 2813 3073 factum
2854 3026 2937 3072 est
2972 3017 3190 3081 dicitur,
3241 3014 3338 3070 sed
3387 3015 3453 3068 ad
3501 3011 3853 3068 certitudinem

673 3102 849 3170 (Vers.
883 3101 994 3171 M.)
1036 3100 1105 3154 Et
1127 3102 1321 3154 audivit
1352 3099 1471 3153 Heli
1492 3101 1715 3153 sonitum
1742 3102 2004 3163 clamoris,
2031 3100 2187 3154 dixit-
2216 3125 2261 3184 ρ
2291 3111 2439 3164 verbi
2467 3108 2612 3177 quod
2640 3107 2917 3178 praemisit.
2952 3106 3106 3172 Quod
3132 3106 3294 3160 etiam
3325 3103 3620 3159 secundum
3644 3101 3854 3156 historia

599 3210 696 3263 que
720 3211 736 3247 :
771 3193 896 3257 Quis
917 3203 993 3246 est
1021 3194 1102 3245 Itic
1129 3194 1324 3245 sonitus
1349 3194 1594 3246 tumultus
1624 3192 1817 3263 hujus?

676 3287 830 3356 132
871 3285 955 3338 16.
988 3285 1269 3340 Tumultus
1317 3294 1400 3340 est
1449 3286 1768 3340 vociferatio
1820 3285 2039 3355 populi,
2095 3286 2189 3340 sed

601 3377 846 3439 confusa,
876 3390 993 3427 cum
1022 3376 1269 3429 videlicet
1296 3375 1412 3429 sine
1440 3375 1719 3443 disciplina
1749 3375 2020 3441 audiendi,
2048 3376 2190 3429 mul-

605 3467 675 3518 lis
716 3466 873 3520 simul
918 3465 1279 3533 loquentibus,
1334 3464 1644 3532 magnitudo
1674 3464 1733 3518 lit
1762 3466 2048 3520 murmuris
2074 3468 2192 3522 sine

602 3559 916 3613 ostensione
942 3558 1186 3611 rationis.
1218 3557 1331 3611 llrli
1363 3572 1491 3626 ergo
1520 3574 1638 3612 cum
1668 3558 1928 3611 ululatum
1958 3559 2192 3613 civitatis

606 3648 835 3712 audivit,
863 3648 998 3701 dixit
1027 3665 1039 3700 :
1075 3645 1201 3711 Quis
1236 3656 1311 3701 est
1339 3649 1536 3702 sonitus
1567 3649 1807 3701 tumultus
1835 3648 2027 3717 hujus?
2056 3648 2192 3715 Quia

602 3738 851 3792 videlicet
881 3738 1245 3805 magisterium
1277 3737 1591 3807 Synagogze,
1621 3736 1877 3805 subjectis
1901 3738 2003 3791 sibi
2032 3737 2191 3807 perii-

604 3827 708 3893 dis,
753 3827 819 3881 de
859 3828 1237 3895 praedicatione
1278 3826 1404 3880 .lesu
1451 3826 1647 3880 Christi
1686 3827 2015 3892 dolentibus,
2064 3828 2193 3882 dum

602 3933 824 3972 cauSam
856 3917 1058 3971 doloris
1097 3917 1282 3970 audire
1311 3916 1509 3984 voluit,
1556 3932 1664 3971 non
1702 3917 1943 3986 percepit
1970 3931 2195 3986 respon-

598 4010 809 4062 sionem
839 4008 1244 4072 rationabilem,
1285 4006 1379 4060 sed
1411 4006 1783 4061 confusionem
1829 4006 2083 4074 querelae.
2123 4004 2195 4060 Ut

603 4106 786 4151 autem
831 4097 1232 4150 excusationem
1264 4096 1579 4163 ignorantia:
1623 4096 1826 4151 habere
1857 4112 1961 4150 non
1992 4103 2194 4166 posset,

606 4186 701 4253 qui
750 4186 816 4239 de
861 4184 1271 4239 circumcisione
1319 4185 1385 4238 ad
1434 4184 1789 4239 ministerium
1818 4186 2196 4240 ecclesiastica:

608 4274 1003 4343 praedicationis
1052 4280 1391 4340 accesserat,
1440 4272 1490 4326 ei
1538 4273 1615 4327 rei
1644 4274 1926 4329 veritatem
1959 4277 2192 4344 aperuit.

613 4362 762 4417 Unde
790 4371 845 4416 et
872 4363 1120 4416 subditur
1150 4378 1163 4414 ε

683 4455 858 4527 (Vers.
892 4453 1004 4524 11.)
1054 4454 1121 4505 At
1150 4452 1237 4506 ille
1276 4454 1557 4525 festinavit,
1588 4463 1638 4508 et
1664 4456 1829 4521 venit,
1862 4463 1910 4509 et
1940 4458 2193 4513 nuntiauit

612 4548 660 4603 ll
666 4552 753 4604 eli.

678 4638 783 4693 Sed
809 4638 932 4708 quia
958 4637 1098 4692 idem
1128 4636 1242 4691 Heli
1266 4637 1443 4692 statim
1466 4648 1711 4691 mortuus
1732 4638 2189 4695 annuntiationem

605 4732 841 4800 suscepit
870 4730 965 4784 viri
998 4745 1045 4783 Vt
1064 4729 1279 4794 n‘entis,
1313 4729 1487 4797 qualis
1514 4729 1585 4783 sit
1613 4729 1728 4798 ipse
1752 4730 1976 4786 audiens
2004 4732 2193 4785 subse-

604 4832 834 4891 quenter
863 4820 1151 4876 innotescit
1184 4837 1197 4874 :

677 4915 854 4983 (Vers.
888 4912 1001 4977 l5.)
1031 4911 1152 4965 Heli
1179 4922 1350 4966 autem
1370 4919 1480 4964 erat
1503 4914 1791 4981 nonaginta
1813 4922 1861 4965 et
1887 4921 2001 4966 octo
2025 4928 2189 4967 anno-

604 5018 746 5066 rum,
779 5009 827 5054 et
852 5001 985 5055 oculi
1012 5001 1124 5071 ejus
1149 5001 1499 5071 caligaverant
1517 5040 1531 5065 ,
1574 5008 1625 5053 et
1646 5000 1815 5053 videre
1839 5017 1943 5054 non
1968 5010 2186 5071 poterat.

677 5089 763 5143 17.
797 5088 1056 5143 Perfecta:
1086 5103 1319 5157 namque
1343 5089 1636 5144 senectutis
1665 5098 1827 5155 esset,
1858 5088 1902 5143 si
1932 5098 2191 5143 centena-

605 5179 744 5233 iiuiu
802 5194 1082 5231 numerum
1134 5192 1397 5232 annorum
1446 5178 1678 5239 vivendo
1728 5179 2041 5246 peregisset.
2093 5179 2191 5233 Cui

606 5272 847 5342 profecto
893 5284 1151 5334 numero,
1184 5272 1310 5340 quia
1338 5271 1445 5325 duo
1476 5270 1601 5324 anni
1632 5269 1821 5325 deesse
1852 5270 2194 5339 conspiciun-

606 5372 727 5427 tur,
778 5361 903 5430 quid
945 5370 1027 5415 est
1066 5361 1239 5429 aliud,
1279 5358 1382 5415 nisi
1420 5361 1543 5429 quia
1574 5360 1823 5431 perfecta:
1866 5362 2188 5417 maturitatis

606 5454 884 5520 existeret,
912 5452 957 5507 si
987 5461 1382 5507 saeratrientum
1410 5452 1680 5520 geminum
1722 5453 1774 5506 in
1804 5452 2191 5523 Redemptoris

606 5541 775 5596 nostri
806 5542 1179 5596 incarnatione
1207 5542 1576 5610 cognovisset,
1607 5541 1858 5597 videlicet
1894 5558 2074 5597 veram
2105 5544 2189 5596 di-

603 5631 882 5685 vinitatem
906 5632 958 5684 in
982 5631 1317 5684 humanitate
1345 5630 1480 5698 ejus,
1508 5638 1563 5684 et
1590 5644 1774 5684 veram
1802 5631 2188 5686 humanitatem

608 5721 665 5775 in
709 5718 1021 5774 divinitate?
1066 5718 1217 5773 Nunc
1255 5726 1455 5783 autem,
1505 5717 1630 5786 quia
1662 5716 1828 5772 multa
1856 5718 1924 5773 de
1954 5719 2071 5787 lege
2099 5734 2191 5773 ve-

2295 3198 2536 3253 ordinem
2580 3197 3006 3260 demonstratur,
3043 3193 3167 3263 quia
3216 3194 3315 3247 nisi
3354 3190 3501 3263 prius
3540 3193 3609 3247 de
3646 3189 3756 3246 acie
3792 3190 3854 3244 fu-

2290 3288 2477 3356 gisset,
2510 3302 2575 3340 ve
2601 3287 2695 3341 .irc
2720 3289 2787 3341 de
2809 3286 2992 3355 ιιι-ωηο
3022 3300 3361 3355 nequaquam
3384 3284 3665 3354 potuisset.

2367 3375 2453 3428 19.
2502 3374 2611 3429 Nos
2639 3384 2816 3429 autem
2860 3374 2951 3444 qui
2998 3375 3292 3429 secundum
3339 3373 3584 3440 spiritum
3624 3371 3856 3440 spiritalia

2292 3464 2454 3518 etiam
2496 3464 2549 3517 in
2590 3464 2751 3518 rebus
2788 3462 3101 3517 Juda'orum
3142 3463 3425 3517 carnaliter
3459 3460 3625 3528 gestis
3663 3462 3750 3529 inq
3787 3459 3857 3512 iri-

2294 3570 2432 3617 mus,
2464 3554 2611 3607 illum
2636 3554 2806 3608 virum
2825 3569 2983 3623 quem
3014 3554 3320 3623 loquentem
3346 3555 3508 3624 paulo
3537 3555 3775 3623 superius
3799 3554 3856 3606 iu-

2296 3645 2635 3700 troduximus
2660 3646 3018 3702 attendamus.
3044 3646 3173 3700 Nam
3197 3646 3433 3701 auditum
3463 3655 3546 3701 est
3563 3646 3629 3699 ab
3650 3644 3858 3701 Ecc'esia

2295 3737 2421 3805 quia
2466 3739 2512 3792 is
2558 3738 2647 3807 qui
2691 3738 2960 3807 quondam
3008 3739 3429 3808 persequebatur
3468 3737 3859 3804 evangeizaret,

2295 3829 2438 3884 sicut
2459 3830 2714 3898 scriptum
2745 3830 2811 3884 de
2840 3846 2905 3885 eo
2930 3830 3041 3899 jam
3069 3831 3472 3899 evangelizante
3494 3839 3576 3883 est
3600 3848 3614 3882 :
3647 3829 3767 3883 Cum
3786 3845 3860 3880 utt-

2297 3928 2395 3972 tcm
2414 3921 2628 3973 venisset
2651 3920 2966 3987 Jerusalem,
2993 3920 3224 3973 teut-bat
3258 3920 3406 3990 133
3430 3937 3483 3972 se
3494 3920 3715 3991 jungere
3737 3918 3859 3971 disci.

2295 4007 2454 4076 palis,
2483 4017 2529 4060 et
2560 4023 2736 4062 omnes
2763 4008 3009 4062 timebant
3036 4025 3170 4074 eum,
3202 4026 3304 4063 non
3330 4008 3592 4062 credentes
3615 4008 3732 4079 quia
3753 4016 3862 4060 esset

2296 4096 2576 4166 discipulus
2609 4099 2745 4155 (Act.
2773 4113 2847 4160 ιχ,
2876 4096 2991 4167 26).
3025 4097 3159 4153 llinc
3181 4099 3307 4151 item
3336 4098 3401 4151 ad
3430 4097 3637 4151 Anania
3661 4115 3690 4149 ιι
3719 4096 3862 4149 disci-

2295 4186 2477 4254 pulum
2528 4186 2783 4241 Dominus
2827 4186 3069 4242 Damasci
3115 4203 3413 4257 apparens,
3460 4188 3539 4241 ait
3591 4205 3604 4240 :
3656 4187 3863 4257 Surgens

2294 4275 2423 4329 uade
2455 4277 2509 4328 in
2546 4277 2712 4329 vicum
2740 4278 2825 4348 qui
2854 4286 3063 4330 vocatur
3105 4278 3319 4346 Rectus,
3365 4288 3415 4333 et
3453 4296 3626 4350 qurere
3652 4282 3702 4334 in
3733 4281 3863 4333 domo

2293 4364 2446 4419 Iudae
2476 4366 2697 4447 Saulum
2731 4369 2938 4421 nomine
2970 4367 3305 4432 Tarsensem,
3347 4381 3398 4423 et
3421 4372 3629 4439 impune
3653 4368 3747 4422 sibi
3771 4384 3863 4422 uta-

2225 4498 2268 4553 D
2295 4472 2438 4553 num:
2466 4465 2522 4508 ut
2550 4458 2709 4510 visum
2735 4458 2947 4527 recipiat
2976 4458 3163 4527 (Ibid.,
3200 4458 3258 4512 11
3286 4467 3334 4513 et
3366 4458 3473 4523 i2).
3507 4458 3609 4526 Qai
3638 4459 3863 4513 nimirum

2297 4558 2329 4599 c
2350 4544 2577 4601 infisim
2607 4546 2718 4601 Doa
2742 4546 2831 4600 ino
2854 4547 3145 4616 respondit,
3178 4546 3360 4603 (licens
3386 4565 3399 4601 :
3434 4547 3680 4614 Domine,
3709 4547 3864 4601 audivi

2295 4651 2328 4687 a
2355 4636 2528 4689 multis
2555 4644 2748 4706 quanta
2773 4636 2913 4689 mala
2938 4638 3131 4690 sanctis
3163 4639 3260 4691 tuis
3290 4639 3465 4709 fecerit
3486 4656 3539 4692 υι
3566 4634 3860 4699 Jerusalem,

2293 4736 2343 4779 et
2364 4735 2666 4794 potestatem
2697 4728 2846 4781 habet
2876 4745 2907 4780 a
2935 4729 3254 4799 principibus
3283 4732 3609 4785 sacerdoum
3630 4733 3682 4783 al
3705 4731 3865 4801 igandi

2294 4832 2471 4871 omnes
2490 4820 2573 4888 qui
2594 4820 2835 4872 invocant
2857 4834 3042 4871 nomen
3065 4827 3207 4871 tuum
3235 4818 3284 4889 (1
3292 4817 3421 4883 bid.,
3452 4818 3517 4871 15
3539 4829 3589 4871 et
3613 4818 3724 4887 1-1).
3749 4818 3865 4872 Cum

2295 4922 2425 4974 ergo
2447 4908 2595 4961 il'um
2618 4906 2816 4961 Judacis
2836 4906 3180 4977 przcdicabat,
3209 4924 3367 4976 quem
3392 4909 3706 4978 imptgnare
3726 4905 3867 4961 minus

2296 4996 2506 5051 solebat
2532 5005 2585 5050 et
2616 4996 2868 5060 caedibus,
2901 4995 3148 5048 nimirum
3175 4995 3244 5048 de
3264 4996 3450 5064 proelio
3478 4996 3747 5050 veniebat.
3777 4994 3866 5048 Sel

2295 5086 2422 5139 dum
2457 5089 2507 5140 ei
2552 5086 2861 5156 praedicanti
2895 5086 3146 5155 discipuli
3176 5101 3365 5140 omnes
3391 5101 3449 5139 se
3471 5088 3700 5154 jungere
3730 5089 3864 5140 time-

2295 5184 2452 5242 rent,
2498 5175 2566 5231 de
2613 5177 2731 5230 acie
2779 5191 2899 5229 cum
2941 5174 3147 5243 fugisse
3190 5175 3527 5229 dubitabant.
3580 5176 3657 5230 De
3704 5176 3865 5246 pradio

2296 5267 2496 5335 quippe
2537 5267 2820 5329 veniebat,
2859 5281 2982 5320 cum
3014 5281 3044 5318 a
3078 5274 3307 5320 vocante
3343 5265 3574 5320 Domino
3606 5268 3657 5319 in
3691 5275 3861 5320 terram

2297 5362 2564 5423 prostrato
2577 5354 2777 5409 dictum
2801 5352 2974 5406 fuerat
2999 5370 3013 5406 :
3043 5352 3233 5423 Surge,
3257 5362 3304 5406 et
3320 5354 3593 5423 ingredere
3608 5354 3863 5414 civitatem,

2295 5454 2344 5499 et
2383 5446 2578 5498 dicetur
2618 5444 2706 5496 tibi
2735 5443 2859 5513 quid
2888 5454 2934 5495 te
2967 5451 3201 5511 oporteat
3240 5444 3411 5513 facere
3439 5446 3457 5513 (
3476 5442 3635 5507 Ibid,
3674 5444 3745 5511 7).
3775 5440 3863 5495 Sed

2295 5534 2493 5602 fugisse
2523 5548 2647 5588 eum
2676 5534 2742 5587 de
2771 5534 2919 5599 acie,
2967 5532 3203 5586 Ananias
3231 5548 3339 5587 non
3368 5532 3634 5599 credidit,
3684 5534 3769 5601 qui
3812 5544 3862 5582 ca

2296 5625 2435 5678 mala
2463 5639 2581 5692 qua!
2603 5622 2803 5678 sanctis
2826 5623 2878 5677 in
2903 5621 3201 5677 Jerusalem
3228 5623 3447 5689 fecerat,
3478 5634 3533 5678 et
3563 5632 3861 5694 potestatem

2296 5729 2459 5785 quam
2504 5722 2823 5787 acceperat,
2853 5713 3085 5772 Domino
3114 5715 3450 5787 praecipienti
3477 5715 3761 5773 intimavit.
3805 5708 3860 5766 Ut
