4000 6308
158 359 255 416 16.)

996 359 1059 415 ΙΝ
1100 357 1364 415 l'RlMUM
1403 355 1643 412 REGUM
1685 355 2197 415 EXPOSITIONES.
2237 386 2306 399 —
2337 358 2462 415 LIB.
2503 360 2592 415 111.

3305 369 3402 424 170

151 490 278 542 ergo
308 487 435 529 eum
472 473 686 529 venisse
713 471 782 528 de
809 471 992 542 przelio
1020 481 1074 526 et
1103 471 1300 540 fugisse
1333 471 1400 524 de
1427 470 1543 524 acie
1574 483 1730 523 vera-
1761 467 1809 527 Α
1907 465 1994 521 21.
2027 467 2141 524 Hoc
2159 483 2390 538 namque
2442 470 2524 525 vir
2551 469 2756 539 fugiens
2807 470 3087 539 nuntiavit,
3129 477 3274 542 quod
3311 493 3407 532 cx-

151 567 280 619 citcr
301 563 723 628 demonstraret,
751 563 926 616 cidem
956 561 1175 614 Ananiae
1197 561 1454 613 Dominus
1474 558 1736 628 praecipit,

151 655 326 708 dicens
355 673 366 706 :
399 652 567 720 Vade,
593 655 711 723 quia
732 669 818 706 vas
838 653 1098 706 electionis
1124 660 1200 705 est
1220 651 1345 705 mihi
1366 652 1482 714 iste,
1501 656 1737 719 utfportet

151 764 181 799 n
218 762 331 798 men
364 761 529 797 meum
553 760 725 798 coram
746 742 1016 807 Gentibus,
1046 752 1094 795 et
1121 739 1320 811 regibus
1349 751 1396 794 et
1419 741 1544 809 ﬁliis
1569 739 1737 792 Israel

154 837 288 905 (Act.
317 851 390 900 Ix,
416 835 528 902 ib).
558 833 624 887 Et
651 834 961 894 notandum,
991 831 1115 900 quia
1141 845 1208 886 eo
1233 830 1320 884 die
1341 845 1449 899 quo
1471 830 1585 883 hinc
1601 845 1738 882 nun-

152 927 333 990 tiabat,
367 941 426 980 se
451 925 663 979 venisse
683 923 750 978 de
772 921 958 993 prazlio
984 929 1039 976 et
1066 921 1264 988 fugisse
1292 920 1359 974 de
1387 920 1506 974 acie
1532 933 1739 973 assere-

149 1017 258 1071 bat.
287 1016 345 1069 In
372 1015 461 1069 die
474 1015 675 1084 quippe
699 1012 945 1081 fugiunt:
969 1012 1116 1080 quia,
1145 1018 1439 1065 attestante
1462 1008 1736 1064 Veritate:

154 1104 255 1168 Qui
291 1107 348 1158 in
376 1103 601 1158 tenebris
628 1111 736 1171 est,
767 1103 928 1156 nescit
957 1117 1054 1172 quo
1085 1101 1238 1154 vadat
1269 1098 1455 1170 (Joan.
1485 1114 1588 1163 xu,
1620 1097 1728 1166 55).

151 1195 289 1250 llinc
311 1195 474 1248 etiam
494 1193 750 1261 scriptum
771 1199 853 1246 est
883 1208 897 1244 :
931 1187 1030 1254 Qui
1058 1189 1340 1254 dormiunt,
1362 1189 1417 1241 in
1446 1197 1594 1241 nocte
1616 1188 1739 1240 dor-

151 1286 350 1350 miunt;
378 1293 430 1337 et
454 1283 540 1355 qui
567 1283 696 1336 ebrii
722 1290 864 1345 sunt,
893 1283 947 1334 in
979 1289 1128 1335 nocte
1154 1280 1281 1334 ebrii
1310 1289 1429 1334 sunt
1458 1279 1522 1350 (I
1557 1279 1736 1334 Thess.

153 1391 208 1441 v,
241 1375 318 1444 7).
356 1373 422 1428 Et
449 1375 574 1442 quia
599 1374 653 1427 in
681 1372 932 1442 exemplo
953 1371 1097 1426 beati
1118 1371 1350 1441 apos'oli
1373 1370 1543 1436 Pauli,
1565 1370 1739 1424 virum

157 1466 225 1521 de
263 1465 382 1520 acie
412 1465 705 1534 fugientem
730 1464 916 1518 videre
943 1457 1241 1533 coepimus;
1263 1463 1371 1518 hoc
1398 1462 1543 1532 quod
1571 1461 1624 1516 in
1653 1461 1742 1516 die

153 1554 320 1622 fugiat
349 1553 705 1609 attendamus.
732 1551 866 1605 Nam
897 1567 1000 1606 nox
1023 1557 1136 1606 erat
1167 1550 1385 1620 quando
1409 1548 1580 1605 aciem
1609 1564 1742 1603 con-

152 1654 235 1700 tra
261 1653 507 1698 sanctam
533 1639 826 1695 Ecclesium
849 1639 1230 1706 construebat,
1260 1637 1475 1707 quando
1506 1638 1742 1707 acceptis

153 1732 400 1800 epistolis
446 1747 477 1786 a
524 1732 857 1801 principibus
897 1729 1236 1786 sacerdotum
1285 1729 1354 1784 ad
1397 1729 1737 1793 Damascum,
1767 1773 1786 1794 ,

1841 557 2106 625 perientia
2135 558 2338 612 didicit.
2368 559 2507 626 Quid
2537 569 2620 615 est
2665 562 2828 630 igitur
2855 564 2997 632 quod
3025 563 3222 632 fugisse
3243 565 3400 622 ιδιτωι

1839 643 1942 698 lem
1969 644 2180 711 asserit,
2208 645 2310 699 nisi
2336 648 2461 715 quia
2487 656 2798 704 constanter
2826 650 3056 705 affirmat
3087 652 3250 722 quod,
3281 654 3406 708 dum

1839 730 2092 788 Judaicus
2117 733 2346 802 populus
2373 735 2526 802 Legis
2572 751 2786 790 sensum
2840 739 3129 794 carnaliter
3178 742 3410 808 retinet,

1837 825 2167 895 Spir-italibus
2195 834 2394 881 sancite
2423 826 2673 882 Ecclesiae
2703 829 3008 895 doctoribus
3037 831 3287 887 resistere
3315 833 3398 886 dis

1839 914 2075 983 putando
2098 931 2202 969 non
2227 918 2452 984 potest?
2475 916 2536 970 Et
2560 918 2684 986 quid
2713 926 2797 973 est
2842 919 2986 987 quod
3016 935 3264 991 magnam
3307 925 3406 977 rui-

1838 1020 1963 1060 nam
1993 1005 2189 1060 factam
2213 1006 2376 1061 fuisse
2414 1008 2466 1061 in
2497 1010 2693 1078 populo
2717 1010 2991 1078 praedicat,
3018 1011 3118 1066 nisi
3143 1012 3267 1081 quia
3296 1027 3404 1068 om—

1839 1110 1934 1150 nes
1952 1096 2042 1164 qui
2072 1098 2141 1150 de
2166 1095 2232 1150 Ju
2252 1097 2388 1150 laico
2419 1099 2616 1166 populo
2659 1099 2878 1152 verbum
2930 1099 3051 1153 fidei
3098 1101 3411 1169 repulerunt

1837 1193 2038 1239 aeterna
2061 1193 2234 1238 morte
2263 1185 2485 1254 periisse
2514 1185 2842 1241 continuat?
2888 1186 2954 1240 Et
2983 1189 3111 1257 quid
3134 1197 3216 1244 est
3265 1191 3409 1258 quod

1838 1275 1944 1330 duo
1974 1275 2088 1329 Heli
2121 1275 2212 1330 lilii
2259 1276 2458 1331 mortui
2502 1276 2826 1341 referuntur,
2876 1278 2977 1332 nisi
3008 1279 3134 1347 quia
3187 1288 3414 1348 uterque

1839 1364 1974 1420 ordo
2002 1366 2204 1420 veteris
2231 1365 2787 1422 sacerdotiidefecisse
2809 1370 3090 1423 asseritur?
3105 1367 3169 1420 Et
3194 1369 3319 1437 quid
3332 1379 3416 1422 est

1838 1453 1984 1522 quod
2014 1470 2196 1510 arcam
2229 1456 2319 1510 Dei
2349 1464 2561 1525 captam
2585 1457 2748 1513 fuisse
2777 1458 2925 1522 dicit,
2959 1459 3058 1514 nisi
3081 1460 3204 1528 quia
3230 1462 3416 1528 cogni-

1840 1543 2042 1598 tionem
2071 1545 2374 1599 divinorum
2404 1554 2862 1600 sacramentorum
2890 1562 2921 1600 a
2947 1546 3412 1612 Judaeisablatam,

1841 1639 2003 1700 atque
2031 1647 2060 1686 a
2090 1631 2350 1688 Gentibus
2378 1633 2605 1688 fideliter
2627 1636 3014 1704 apprehensum
3041 1637 3233 1692 asserit
3252 1639 3276 1690 ?
3295 1638 3419 1704 quia

1843 1735 1874 1774 a
1905 1719 2161 1776 Gentibus
2186 1721 2320 1790 jam,
2349 1722 2446 1776 Dei
2479 1725 2652 1790 grat'a
2679 1733 2927 1790 vocante,
2964 1725 3205 1781 fidelibus
3242 1727 3416 1781 divina

157 1822 424 1877 minarum
463 1831 519 1876 et
548 1821 712 1877 credis
738 1822 953 1892 spirans
995 1821 1047 1875 in
1093 1821 1414 1890 discipulos,
1461 1821 1744 1877 festinabat
1775 1813 1821 1873 B
1847 1814 2100 1884 mysteria
2129 1822 2549 1884 cognoscuntur.
2581 1814 2837 1884 Sequitur
2866 1833 2879 1867 :

155 1912 297 1978 (Act.
331 1926 419 1975 rx,
451 1909 510 1975 1,
541 1910 634 1979 2).
664 1909 766 1964 Sed
798 1910 887 1978 qui
919 1911 971 1963 in
1003 1919 1163 1964 nocte
1193 1911 1390 1964 bellum
1416 1912 1654 1979 paravit,
1688 1912 1740 1966 in

151 2001 239 2056 die
267 2001 399 2069 fugit
422 2017 437 2056 :
471 2003 688 2071 quiajn'
703 2002 893 2057 itinere
917 2003 1006 2056 lux
1032 2003 1098 2058 de
1123 2003 1262 2058 caelo
1287 2018 1411 2058 eum
1435 2005 1616 2059 subito
1639 2005 1742 2058 cir-

157 2091 446 2156 cumfulsit,
481 2091 533 2144 in
559 2099 862 2160 terramque
896 2093 1216 2161 prostravit,
1257 2092 1511 2147 ineffabili
1542 2108 1744 2162 pavore

158 2182 380 2246 terruit,
430 2189 491 2235 ut
536 2182 786 2236 tenebras
821 2181 1067 2236 immensi
1097 2182 1295 2236 erroris
1324 2191 1657 2249 agnosceret,
1689 2191 1746 2237 et

159 2291 256 2344 pro
278 2289 342 2327 ea
365 2289 526 2343 quam
544 2273 886 2342 expugnabat
906 2282 1065 2328 nocte
1084 2272 1322 2328 Ecelcsia
1348 2274 1401 2326 in
1417 2273 1520 2327 diei
1543 2273 1746 2328 lumine

160 2363 465 2418 dimicaret.
517 2363 575 2416 In
628 2364 715 2418 die
763 2364 923 2431 igitur
971 2363 1140 2432 fugit,
1194 2377 1353 2431 quem
1405 2371 1464 2417 ut
1511 2361 1744 2432 perfidia:

164 2461 376 2506 noctem
408 2451 702 2517 desereret,
732 2452 798 2506 de
827 2453 964 2506 ccelo
985 2461 1199 2506 ostensa
1230 2451 1602 2524 Redemptoris
1629 2452 1744 2507 cla-

162 2541 292 2596 ritas
317 2540 692 2595 circumfulsit.
726 2540 862 2606 Quid
893 2548 976 2594 est
1003 2554 1133 2608 ergo
1161 2541 1302 2610 quod
1332 2559 1397 2596 co
1419 2544 1505 2596 die
1527 2558 1584 2596 se
1610 2541 1746 2595 fate-

159 2640 244 2685 tur
275 2633 464 2687 venire
505 2635 571 2687 de
601 2632 784 2701 praelia
827 2648 935 2700 quo
963 2633 1032 2687 de
1062 2634 1178 2688 acie
1209 2634 1432 2701 ingerit,
1487 2633 1591 2687 nisi
1622 2633 1745 2700 quia

165 2731 322 2776 recta:
375 2722 770 2792 praedicationis
827 2722 1054 2776 intentio
1110 2723 1453 2792 designatur?
1517 2722 1745 2789 Quidam

167 2825 394 2880 namque
423 2827 490 2867 eo
522 2813 610 2867 die
640 2813 706 2866 de
737 2813 852 2867 acie
895 2811 1130 2881 fugiunt,
1175 2815 1268 2869 sed
1298 2813 1405 2868 alio
1437 2814 1654 2867 veniunt
1682 2811 1749 2868 de

168 2901 348 2972 prtelio
394 2919 407 2954 :
462 2903 586 2969 quia
614 2918 827 2957 errores
867 2903 1124 2972 pristinos
1171 2918 1353 2957 amore
1381 2912 1596 2958 mtrrnze
1625 2903 1748 2958 vita:

168 2991 558 3059 derelinquunt,
593 2992 708 3056 sed,
739 3007 859 3046 cum
886 2993 953 3046 ad
981 2993 1376 3062 praedicationis
1396 2993 1748 3048 ministerium

170 3069 546 3148 assumuntur,
591 3081 659 3136 de
693 3097 788 3136 sua
835 3083 1230 3151 prxedicationis
1265 3083 1512 3138 facundia
1538 3090 1748 3154 tcmpo~

1915 1903 2087 1976 (Vcrs.
2113 1903 2226 1975 18.)
2258 1904 2480 1975 Cumque
2509 1905 2599 1958 ille
2623 1906 2936 1960 nominasset
2969 1922 3144 1960 arcam
3189 1906 3302 1972 Dei,
3336 1927 3420 1962 ee-

1842 1996 1966 2050 cidit
1995 1995 2115 2050 Heli
2156 1996 2219 2048 de
2246 1997 2373 2050 sella
2421 2006 2700 2052 retrorsum
2732 1999 2887 2068 juxta
2915 2000 3120 2064 ostium,
3163 2010 3213 2053 et
3241 2002 3421 2071 fractis

1842 2087 2142 2154 cervicibus,
2169 2097 2402 2140 mortuus
2431 2096 2524 2141 est.

1914 2173 2002 2228 2'2.
2036 2175 2174 2241 Quid
2202 2181 2285 2229 est
2311 2176 2454 2245 quod
2483 2175 2621 2242 Heli,
2680 2177 2856 2232 audita
2913 2179 3124 2233 l<raclis
3163 2178 3307 2246 fuga,
3336 2196 3413 2234 re-

1844 2265 1953 2318 lata
1983 2265 2083 2318 sibi
2112 2264 2262 2318 ruina
2292 2266 2494 2334 populi,
2541 2266 2782 2320 intimata
2841 2269 3068 2322 filiorum
3110 2280 3304 2336 morte,
3354 2271 3422 2324 de

1846 2354 1979 2407 sella
2009 2368 2344 2422 nequaquam
2368 2355 2512 2408 cadit
2537 2372 2549 2407 :
2583 2357 2794 2422 cognita
2823 2367 3000 2409 autem
3034 2373 3172 2412 arca:
3202 2360 3415 2427 captio-

1845 2456 1935 2506 ne,
1977 2442 2126 2496 etde
2166 2443 2294 2495 sella
2324 2442 2486 2507 cadit,
2537 2451 2590 2496 et
2621 2443 2780 2496 vitam
2807 2445 3023 2511 perdit?
3069 2445 3172 2498 Sed
3211 2446 3333 2513 quia
3367 2445 3419 2498 in

1848 2531 1966 2584 lleli
2028 2530 2298 2599 sapientes
2348 2529 2650 2584 Judaiorum
2681 2541 2734 2584 et
2765 2532 3102 2600 legisperitos
3152 2533 3422 2601 designari

1847 2621 2096 2687 diximus,
2126 2623 2307 2674 audita
2364 2620 2576 2676 lal’ﬁCiiS
2601 2620 2742 2690 fuga,
2770 2623 2835 2676 de
2865 2623 2995 2676 sella
3020 2640 3127 2677 non
3179 2623 3374 2678 cecidit
3406 2643 3418 2676 :

1848 2713 1994 2781 quia,
2027 2711 2168 2780 quod
2196 2711 2465 2780 simplices
2495 2712 2788 2783 Synagogae
2821 2711 2910 2764 lilii
2937 2728 2969 2765 a
3010 2720 3210 2766 sancta:
3237 2712 3422 2768 Eccle-

1849 2804 1941 2857 sia:
1961 2802 2270 2858 doctoribus
2291 2804 2344 2857 in
2375 2804 2758 2872 praedicatione
2803 2812 3141 2873 superentur,
3171 2820 3268 2875 pro
3298 2821 3423 2874 par-

1847 2909 1918 2948 vo
1948 2893 2115 2949 ducit.
2139 2893 2255 2949 Non
2287 2895 2430 2949 cadit
2460 2895 2628 2949 relata
2655 2895 2752 2949 sibi
2790 2897 2942 2950 ruina
2989 2898 3172 2966 populi
3207 2915 3221 2950 :
3252 2899 3374 2966 quia
3404 2937 3422 2965 ,

1850 2985 1974 3039 dum
2006 2985 2182 3054 perire
2210 2987 2360 3040 audit
2403 3001 2497 3040 eos
2525 2987 2615 3054 qui
2647 2986 2700 3040 in
2753 2986 3026 3042 Judaismo
3075 2988 3374 3041 moriuntur
3403 3028 3419 3051 ,

1851 3091 2189 3146 nequaquam
2265 3077 2596 3146 expavescit.
2663 3077 2910 3131 intimata
2962 3078 3195 3132 liliorum
3248 3089 3423 3132 morte

168 3168 302 3224 rales
329 3170 711 3226 retributiones
739 3179 1017 3241 appetunt.
1048 3172 1166 3226 Alio
1196 3173 1356 3241 igitur
1382 3173 1468 3228 die
1491 3189 1653 3242 quam
1676 3189 1743 3230 eo
1768 3160 1821 3231 Β
1852 3181 1959 3222 non
1988 3167 2135 3222 cadit
2161 3184 2174 3219 :
2207 3167 2354 3236 quia,
2385 3174 2441 3221 et
2468 3167 2680 3237 objecta
2706 3168 2809 3223 sibi
2833 3169 3117 3224 sacerdotii
3142 3171 3419 3238 utriusque

169 3274 272 3327 quo
295 3259 544 3329 fugerant
570 3262 795 3316 veniunt
823 3279 838 3316 :
868 3263 996 3330 quia
1021 3263 1271 3317 nimirum
1303 3263 1437 3318 recti
1468 3274 1593 3320 sunt
1619 3279 1736 3320 con-

173 3351 504 3413 versatione,
560 3350 655 3405 sed
705 3351 1097 3420 przedicationis
1142 3352 1440 3407 intentione
1487 3353 1745 3423 perversi.

172 3438 351 3493 Sancti
372 3452 506 3505 ergo
529 3439 759 3508 prmdica
769 3446 932 3501 tores,
964 3440 1054 3509 qni
1079 3455 1172 3509 per
1194 3439 1566 3510 Redemptoris
1581 3442 1747 3496 nostri

171 3530 387 3597 gratiam
419 3529 488 3583 de
516 3529 926 3584 circumcisione
953 3530 1328 3593 crediderunt,
1370 3547 1476 3585 non
1506 3532 1614 3586 alio
1639 3532 1747 3598 die,

172 3617 264 3669 sed
287 3630 350 3670 eo
367 3630 482 3684 quo
505 3616 575 3670 de
599 3616 716 3671 acie
736 3615 981 3684 fugerant
1007 3617 1075 3671 de
1095 3619 1279 3687 prlelio
1303 3627 1565 3673 venerunt
1589 3637 1602 3672 :
1625 3620 1752 3688 quia

173 3703 405 3775 profecto
435 3716 725 3774 utrumque
749 3706 956 3769 donum
988 3707 1040 3760 in
1069 3709 1285 3776 superni
1330 3709 1531 3763 amoris
1568 3710 1751 3778 splen-

183 3797 306 3852 dore
329 3798 615 3852 consecuti
644 3806 798 3864 tunt,
839 3798 1119 3852 veritatem
1149 3799 1356 3854 scilicet
1383 3799 1752 3854 conversatio-

179 3889 286 3954 nis,
313 3904 433 3942 cum
460 3888 844 3958 prmdicatione
871 3889 1040 3942 verbi.
1095 3886 1158 3941 Et
1184 3889 1307 3956 quia
1334 3887 1610 3942 Iudaicum
1639 3904 1754 3942 ma-

179 3979 471 4044 gisterium,
499 3977 603 4032 etsi
631 3992 738 4031 non
764 3977 1061 4031 intentione
1081 3977 1468 4044 cognoscendae
1492 3977 1752 4046 veritatis,

180 4069 500 4142 curiositatis
529 4078 710 4122 tamen
739 4068 1098 4123 sollicitudine
1141 4077 1452 4123 sanctorum
1493 4070 1753 4138 prmdica-

183 4165 349 4209 turum
375 4158 704 4212 assertiones
732 4159 915 4211 audire
939 4157 1128 4222 voluit,
1161 4159 1403 4227 sequitur
1429 4175 1444 4212 :
1543 4231 1548 4235 _

251 4244 422 4313 (Vers.
455 4245 567 4315 16.)
589 4246 680 4300 Cui
707 4247 795 4300 ille
815 4249 922 4300 ait:
946 4246 1082 4310 Quid
1110 4257 1277 4301 actum
1298 4257 1391 4312 est,
1423 4249 1501 4317 ﬁli
1527 4249 1596 4302 mi
1618 4251 1642 4302 ἶ)

250 4335 336 4388 2).
364 4335 473 4391 Sub
500 4337 660 4391 unius
678 4338 876 4407 quippe
895 4337 1252 4408 descriptione
1281 4340 1528 4392 omnibus
1580 4338 1753 4406 loqui-

187 4431 296 4490 tur,
322 4425 437 4493 quia
461 4425 640 4492 gentis
667 4441 777 4480 suae
821 4427 1065 4481 homines
1112 4428 1264 4495 vidit,
1294 4441 1431 4496 quos
1466 4426 1754 4492 aliquando

1851 3260 2173 3324 cessatione,
2205 3259 2484 3329 superbire
2512 3275 2618 3314 non
2649 3260 2863 3315 desinit.
2911 3260 3060 3315 illata
3091 3272 3270 3316 autem
3317 3263 3419 3318 sibi

1853 3362 1992 3402 arcte
2011 3349 2264 3418 captione
2302 3348 2472 3403 cadit:
2500 3350 2646 3418 quia,
2669 3349 2795 3403 dum
2824 3360 3161 3407 sacramenta
3185 3351 3428 3422 Scriptu-

1853 3451 1926 3491 ra:
1947 3452 2056 3492 suae
2085 3437 2348 3508 profunde
2371 3447 2424 3500 et
2449 3438 2802 3508 Spiritualiter
2849 3439 2973 3493 sciri
3003 3454 3032 3492 a
3085 3448 3283 3494 sancta:
3323 3440 3429 3496 Ec-

1853 3527 2030 3581 clesia:
2061 3528 2502 3596 pnedicatoribus
2522 3536 2577 3583 et
2607 3527 2851 3583 fidelibus
2895 3529 3056 3595 videt,
3081 3531 3149 3584 de
3178 3545 3240 3585 ea
3267 3546 3426 3599 quam

1854 3615 2142 3669 carnaliter
2171 3623 2382 3669 tantum
2414 3615 2681 3685 intelligit,
2707 3616 2847 3672 sacri
2877 3618 3078 3687 eloquii
3127 3619 3428 3674 eruditione

1857 3707 2137 3774 superbire
2161 3721 2265 3760 non
2296 3708 2478 3761 audet.
2504 3706 2580 3762 De
2608 3707 2741 3762 sella
2766 3709 2925 3776 igitur
2938 3709 3101 3774 cadit,
3148 3710 3294 3778 quia,
3318 3711 3426 3778 spi-

1857 3794 2000 3848 ritali
2029 3796 2264 3863 cognito,
2297 3797 2576 3864 superbire
2631 3797 2699 3852 de
2728 3798 2928 3851 carnali
2972 3797 3277 3866 magisterio
3321 3815 3427 3852 non

1857 3884 2148 3952 praesumit.
2176 3883 2304 3948 Sed,
2332 3885 2458 3952 quia
2483 3899 2607 3939 vera
2637 3887 2915 3954 prmdicari
2955 3887 3255 3941 sublimiter
3279 3890 3430 3940 audit

1857 3985 1913 4031 et
1943 3990 2274 4044 nequaquam
2303 3976 2492 4042 credit,
2521 3977 2645 4031 dum
2667 3978 3008 4034 confunditur
3041 3987 3224 4036 etnon
3253 3981 3425 4035 salva—
3498 3970 3504 3975 ’

1859 4078 1964 4135 tur,
1993 4070 2134 4124 cadit
2164 4079 2217 4123 et
2240 4069 2483 4123 moritur.
2513 4069 2667 4139 Capit
2689 4069 2888 4140 quippe
2912 4072 2979 4126 de
2999 4072 3152 4139 sella,
3179 4074 3300 4143 quia
3325 4089 3422 4127 ex-

1860 4159 1973 4214 tolli
1995 4159 2188 4213 desinit
2211 4158 2279 4212 de
2298 4159 2562 4214 doctrina.
2587 4159 2691 4214 Sed
2713 4162 2909 4216 cadens
2955 4163 3205 4230 moritur,
3235 4162 3359 4231 quia
3381 4165 3427 4217 si

1859 4251 2068 4305 ratione
2115 4251 2362 4311 vincitur.
2420 4251 2657 4320 eju=dem
2712 4261 2891 4307 tamen
2937 4254 3160 4310 rationis
3198 4255 3427 4325 judicio,

1859 4341 2139 4409 pervenire
2167 4339 2234 4394 ad
2260 4350 2460 4396 {eterna
2489 4341 2682 4410 gaudia
2704 4358 2811 4398 non
2841 4353 3100 4398 meretur.

1927 4428 2016 4482 23.
2049 4433 2164 4494 Qua
2196 4430 2247 4483 in
2274 4444 2333 4484 re
2357 4430 2650 4484 notandum
2675 4441 2775 4497 est,
2807 4433 2932 4500 quia
2968 4433 3060 4500 qui
3091 4433 3290 4488 cadens
3317 4450 3432 4487 mo-

184 4512 418 4567 doctrina
447 4513 606 4582 Legis
628 4515 900 4572 instruxit.
929 4516 1024 4571 Vel
1047 4516 1273 4573 fortasse
1297 4518 1461 4571 lilium
1502 4519 1750 4581 vocavit,
1783 4534 1838 4594 ι)
1863 4521 2016 4583 ritur,
2043 4519 2194 4588 juxta
2218 4520 2412 4573 ostium
2435 4519 2595 4574 cadit.
2629 4519 2766 4586 Quid
2794 4531 2880 4575 est
2928 4522 3069 4575 enim
3098 4522 3240 4590 quod
3290 4523 3429 4576 cadit

185 4615 296 4653 non
315 4601 492 4656 affectu
519 4604 743 4670 artioris,
772 4604 863 4658 sed
893 4603 1198 4659 adulatione
1222 4606 1528 4660 calliditatis
1552 4624 1566 4659 :
1605 4606 1760 4682 134

189 4698 252 4741 ut
278 4705 338 4743 eo
365 4691 500 4746 hunc
527 4692 736 4748 facilius
766 4709 860 4762 per
885 4693 1255 4763 deceptioncm
1287 4704 1536 4764 caperet,
1565 4711 1672 4764 quo
1699 4712 1759 4751 se

140 4813 152 4822 .
185 4792 312 4830 eum
337 4791 555 4847 paterno
583 4779 780 4835 affectu
809 4783 1028 4851 diligere
1049 4783 1461 4838 demonstraret.
1495 4785 1625 4839 Eum
1656 4786 1760 4839 ita-

187 4882 300 4935 que
326 4867 480 4923 ftlium
517 4879 700 4936 vocat,
732 4887 760 4925 a
789 4887 896 4940 quo
918 4873 1042 4940 quid
1080 4881 1256 4928 actum
1307 4873 1466 4928 fuerit
1493 4876 1634 4930 scire
1661 4892 1756 4946 ap-

185 4959 324 5028 petit
350 4977 363 5012 :
385 4970 439 5014 ut
465 4961 711 5032 profecto
735 4964 844 5026 ille,
871 4980 969 5033 pro
995 4965 1237 5034 impenso
1267 4967 1474 5023 honore
1486 4968 1754 5023 adulatio-

187 5047 300 5112 nis,
327 5049 508 5106 seriem
531 5060 866 5122 perverteret
893 5054 1151 5107 veritatis.
1176 5054 1361 5110 Honor
1387 5057 1549 5124 igitur
1569 5057 1755 5127 appel-

187 5135 401 5192 lationis
427 5156 530 5194 non
555 5140 623 5194 ad
657 5155 896 5196 amorem
943 5142 1193 5210 refertur,
1242 5146 1336 5199 sed
1383 5146 1448 5198 ad
1492 5145 1756 5200 callidita-

190 5235 322 5281 tem.
350 5228 448 5284 Sed
472 5231 562 5300 qui
591 5232 827 5300 praelata:
860 5233 1031 5290 laudis
1073 5234 1309 5290 favorem
1357 5238 1582 5307 respuit,
1627 5253 1756 5292 con-

195 5326 400 5374 stanter
417 5336 541 5375 vera
573 5323 848 5391 patefecit.
895 5323 1041 5378 Unde
1069 5333 1121 5378 et
1149 5326 1394 5380 subditur
1427 5344 1439 5380 :

270 5406 435 5474 (Vers.
466 5410 580 5481 i7.)
612 5410 948 5480 Respondens
985 5425 1156 5468 autent
1187 5417 1270 5482 qui
1308 5417 1617 5473 nuntiabat:
1647 5418 1760 5472 Fu-

193 5499 297 5568 git,
320 5500 494 5570 inquit,
529 5503 706 5556 Israel
733 5519 908 5557 coram
933 5504 1270 5568 Pliilistliiim,
1304 5516 1351 5560 et
1397 5508 1548 5561 ruina
1573 5526 1763 5580 magna

198 5587 336 5652 facta
371 5593 524 5644 estin
573 5593 787 5662 populo.
832 5592 1054 5664 Insuper
1105 5605 1153 5650 et
1199 5603 1300 5649 duo
1336 5597 1434 5666 ﬁlii
1465 5599 1538 5651 tui
1578 5600 1762 5654 mortui

200 5688 335 5746 sunt,
363 5680 530 5750 Opimi
559 5693 610 5737 et
639 5683 884 5739 Phineas.
912 5685 981 5739 Et
1008 5704 1132 5742 arca
1168 5687 1257 5744 Dei
1288 5699 1437 5759 capta
1460 5699 1552 5744 est.

469 5812 744 5873 I‘nnuL.
792 5815 1081 5877 LXXIX.

1860 4611 2012 4679 juxta
2042 4611 2255 4674 ostium,
2281 4611 2381 4663 nisi
2411 4611 2556 4678 quia,
2587 4610 2713 4664 dum
2761 4626 2931 4665 aecus
2977 4624 3140 4676 errat,
3191 4613 3434 4680 impingit

1866 4702 1918 4755 in
1950 4701 2397 4769 Redemptorem?
2425 4699 2524 4764 Qui
2547 4700 2796 4754 nimirum
2824 4702 2890 4755 de
2913 4702 3201 4770 semetipso
3219 4706 3431 4765 asserit,

1864 4789 2074 4845 dicens:
2092 4787 2194 4852 Qui
2211 4788 2449 4842 ceciderit
2469 4803 2621 4854 super
2635 4788 2859 4858 lapidem
2872 4790 3045 4856 istum,
3059 4805 3150 4842 con
3157 4791 3428 4860 fringetur;

1862 4896 2014 4947 super
2047 4896 2194 4948 quem
2219 4895 2335 4933 vero
2385 4877 2643 4943 ceciderit,
2701 4889 2924 4933 conteret
2946 4895 3060 4932 eum
3083 4878 3294 4950 (Matth.
3320 4897 3431 4945 XXI,

1859 4967 1970 5036 Μ).
2002 4967 2118 5036 Ipse
2145 4981 2358 5036 quoque
2385 4968 2454 5022 de
2483 4968 2772 5036 semetipso
2800 4969 2874 5021 ait
2906 4985 2919 5020 :
2951 4967 3064 5038 Ego
3084 4984 3196 5020 sum
3224 4970 3433 5032 ostium;

1859 5077 1948 5130 per
1965 5077 2043 5114 me
2057 5061 2101 5112 si
2113 5060 2226 5130 quis
2237 5060 2515 5128 introierit,
2531 5059 2808 5113 salvabitur
2822 5067 2870 5111 et
2884 5058 3189 5128 egredietur,
3205 5067 3254 5112 et
3267 5076 3434 5129 regre-

1861 5151 2048 5217 dietur,
2062 5159 2110 5204 et
2123 5167 2316 5220 pascua
2329 5151 2546 5204 inveniet
2561 5148 2739 5217 (Joan.
2759 5164 2812 5213 x,
2829 5147 2902 5217 9).
2919 5147 3076 5203 Juxta
3095 5150 3289 5203 ostium
3303 5163 3432 5218 ergo

1859 5251 2103 5296 mortuus
2121 5249 2203 5294 est
2221 5240 2358 5307 lleli,
2376 5240 2500 5308 quia
2527 5237 2818 5308 Syuagogze
2839 5241 3199 5308 magisterium
3235 5239 3436 5295 idcirco

1870 5330 2027 5400 135
2045 5329 2220 5397 periit,
2248 5331 2373 5396 quia
2395 5329 2447 5381 in
2480 5327 2892 5396 Redemptorem
2915 5328 3152 5384 offendit.
3182 5329 3258 5383 lbi
3290 5332 3433 5384 enim

1864 5418 2077 5484 cecidit,
2111 5417 2202 5471 ubi
2236 5417 2478 5485 deliquit.
2501 5415 2603 5482 Qui
2635 5417 2798 5471 etiam
2819 5417 3038 5484 cadens,
3067 5419 3304 5473 cervices
3329 5418 3436 5473 fre-

1865 5508 1960 5575 git.
1985 5506 2042 5560 ln
2069 5505 2280 5560 cervice
2301 5513 2477 5559 tumor
2501 5505 2810 5574 temporalis
2831 5507 3082 5576 potentiue
3105 5507 3434 5575 designatur.

1863 5597 2057 5651 Fracta
2081 5609 2209 5664 ergo
2235 5594 2442 5651 cervice
2461 5594 2712 5661 moritur,
2752 5595 2842 5665 qui
2885 5594 3122 5665 perfidize
3176 5595 3434 5665 magnitu-

1865 5686 2011 5753 dine,
2034 5686 2227 5742 atuissa
2257 5685 2407 5756 regni
2435 5685 2697 5757 potentia,
2716 5684 3120 5742 condemnatur.

2959 5822 3000 5881 ϐ
