4000 6292
594 355 680 409 ΓΙ

635 386 643 405 Ι

635 386 643 405 Ι

1799 329 2040 389 ΞΑΝΟΊΊ
2077 322 2396 384 διιεσοιιιι
2438 320 2644 376 MAGNI

3724 312 3810 364 {7'3

656 462 744 517 ιιι.
776 461 959 515 Potest
980 470 1193 527 quoque
1222 468 1317 524 per
1337 451 1531 506 ostium
1555 462 1719 503 sacrae
1744 444 2034 512 Scriptum
2064 442 2152 495 lit-
2187 447 2228 501 Α
2262 445 2366 488 tem
2396 434 2560 502 quod,
2588 431 2763 484 audita
2796 443 2933 482 arcae
2959 427 3209 497 captione
3239 435 3292 482 et
3313 425 3491 482 soceri
3538 432 3701 494 atque
3728 424 3814 476 viri

594 565 705 609 tera
735 549 1018 620 designari.
1041 547 1170 601 Nam
1200 544 1344 598 velut
1374 556 1468 609 per
1491 540 1688 594 ostium
1718 536 1783 589 ad
1808 533 1995 588 :cterni
2014 540 2152 585 tem-

593 646 665 715 pli
692 643 824 696 atria
859 619 1127 699 ducimur,
1159 636 1283 689 dunt
1310 647 1404 702 per
1432 629 1574 685 sacri
1601 626 1803 695 eloquii
1826 625 2056 679 litteram
2088 619 2155 672 ad

592 711 935 803 allegoricam
984 736 1040 783 et
1077 724 1406 796 spiritualetn
1460 718 1864 786 intelligentiam
1917 711 2158 767 subleva-

593 799 730 877 ntur.
770 819 912 873 Intus
939 830 1152 885 quoque
1179 828 1273 868 rex
1297 810 1563 866 cernitur:
1587 811 1708 877 qn‘a
1727 803 2019 875 promissus
2046 799 2156 852 Re-

593 915 839 980 demptor
866 907 1081 963 humani
1103 904 1314 975 generis
1344 902 1395 956 in
1424 899 1683 971 spirituali
1714 910 1880 951 sacra:
1917 891 2159 959 Scriptu-

595 1016 667 1054 ιω
696 998 1044 1068 intelligentia
1075 996 1361 1049 invenitur.
1415 990 1532 1045 Heli
1581 1002 1710 1056 ergo
1757 985 1912 1055 juxta
1962 981 2158 1035 ostium

593 1097 834 1144 mortuus
859 1086 1052 1142 cecidit
1081 1084 1245 1153 :quia
1283 1082 1525 1151 proiecto
1571 1078 1868 1148 Synagogte
1908 1070 2161 1137 magiste-

595 1182 731 1232 rium
764 1178 960 1232 idcirco
985 1175 1207 1238 interiit,
1236 1172 1358 1242 quia
1381 1184 1476 1240 per
1500 1166 1796 1238 spiritalem
1827 1162 2159 1229 Scripturam

595 1284 715 1321 eutn
741 1268 832 1334 qui
858 1267 909 1320 in
939 1265 1126 1333 spiritu
1169 1262 1463 1332 promissus
1514 1258 1689 1311 fuerat
1744 1253 2160 1323 Redemptorem

595 1357 809 1411 humani
865 1354 1095 1422 generis,
1146 1367 1254 1405 non
1306 1347 1658 1419 spiritaliter,
1706 1343 1802 1397 sed
1849 1341 2159 1403 carnaliter,

593 1446 854 1516 qumsivit.
882 1443 1037 1498 Juxta
1085 1442 1280 1498 ostium
1310 1453 1540 1508 namque
1586 1444 1825 1490 mortuus
1852 1441 1937 1488 est
1966 1449 1979 1484 :
2037 1431 2162 1499 quia

593 1540 660 1593 de
687 1552 753 1592 eo
784 1535 1003 1601 interiit,
1035 1532 1177 1603 quod
1207 1529 1499 1601 spiritalem
1530 1524 1905 1595 Redemptoris
1935 1522 2164 1592 promis-

592 1628 817 1691 sionem,
874 1640 983 1678 non
1036 1621 1330 1677 secundum
1374 1615 1782 1686 intelligentiam
1825 1612 2117 1682 spiritalem
2144 1648 2161 1676 ,

593 1716 686 1771 sed
713 1714 1003 1770 secundum
1026 1711 1321 1781 simplicem
1370 1709 1694 1764 locutionem
1734 1704 1968 1759 historia:
2008 1702 2166 1757 intel-

2256 525 2336 578 sui
2369 532 2561 583 utorte,
2594 519 2865 590 peperisse
2894 518 3107 582 dicitur,
3147 517 3303 587 136
3326 516 3427 569 nisi
3449 515 3576 584 quia
3599 513 3815 570 Judaica‘.

2256 616 2425 685 plebis
2448 614 2741 677 residuum,
2773 612 2898 665 dum
2925 610 3184 679 spiritalia
3213 617 3550 664 sacramenta
3590 606 3813 677 Scripta-

2257 720 2434 759 rarunt
2482 703 2548 757 ad
2576 700 2827 756 Gentium
2854 699 3214 755 eruditionem
3241 698 3499 752 transisse
3522 711 3815 765 cognoscit,

2257 797 2381 849 du-u
2409 794 2677 863 sapientes
2702 791 2998 863 Synagogze
3024 805 3145 845 cum
3159 797 3392 859 utroque
3416 788 3723 842 sacerdotio
3750 788 3818 842 iu-

2259 885 2464 938 teriisse
2489 882 2598 950 jam
2628 880 2909 949 conspicit,
2935 895 2997 934 ea
3026 892 3145 949 qum
3167 878 3437 947 concepit,
3484 878 3704 931 Ineresis
3728 894 3821 931 sua:

2256 977 2481 1038 semina,
2505 974 2772 1043 loquendo
2794 971 3069 1027 ellundere
3097 986 3205 1025 non
3233 970 3487 1024 desistit?
3514 967 3713 1025 Parere
3738 984 3822 1021 au~

2260 1076 2364 1120 tem
2386 1065 2455 1127 ei,
2497 1073 2579 1119 est
2598 1072 2913 1131 conceptam
2940 1060 3261 1130 pravitatem
3290 1059 3560 1129 loquendo
3580 1059 3700 1112 aliis
3724 1073 3826 1127 ape-

2258 1156 2385 1209 rire.
2420 1152 2486 1206 Et
2511 1154 2636 1221 quia
2669 1151 2895 1220 reproba
2919 1149 3191 1219 pnedieat,
3210 1149 3337 1202 dum
3360 1162 3550 1217 parere
3565 1148 3825 1211 asseritur,

2259 1245 2537 1300 incurvata
2592 1251 2940 1296 memoratur.
2973 1240 3132 1295 Velut
3155 1239 3298 1294 enim
3326 1254 3434 1293 non
3473 1253 3534 1292 se
3559 1246 3829 1292 curvantes

2260 1335 2494 1405 pariunt,
2519 1333 2609 1402 qui
2641 1332 2880 1387 cmlestia
2909 1330 3203 1397 loquuntur
3228 1347 3247 1383 :
3279 1330 3407 1397 quia
3449 1328 3502 1382 in
3529 1336 3674 1383 statu
3723 1328 3829 1384 fidei

2260 1427 2561 1482 auditorum
2583 1441 2804 1481 suorum
2849 1426 3014 1479 corda
3056 1423 3124 1478 ad
3150 1424 3385 1478 studium
3425 1422 3642 1490 erigunt
3694 1420 3830 1475 bona

2261 1516 2607 1585 Operationis.
2640 1514 2686 1581 Q
2711 1531 2770 1568 an:
2796 1515 2957 1581 igitur
2983 1529 3145 1582 prava
3196 1514 3409 1578 asserit,
3442 1514 3720 1566 incurvata
3752 1526 3831 1578 pa-

2250 1607 2330 1677 .rit
2366 1624 2378 1658 :
2407 1608 2532 1675 quia
2566 1605 2809 1674 profecto
2839 1606 2943 1657 hoc
2965 1604 3067 1657 sibi
3092 1603 3362 1673 loquendo
3392 1604 3593 1671 agitur,
3624 1611 3687 1654 ut
3738 1615 3833 1669 quo

2261 1694 2518 1748 attentius
2542 1694 2800 1762 loquitur,
2830 1693 2881 1745 in
2911 1692 3272 1746 damnationis
3295 1705 3406 1745 sua:
3432 1690 3696 1744 barathro
3725 1705 3827 1758 pro-

597 1806 744 1859 lexit.
776 1803 843 1856 Et
869 1802 992 1871 quia
1017 1816 1113 1871 per
1131 1778 1396 1854 doctrinm
1424 1812 1535 1853 suae
1563 1796 1797 1851 studium
1828 1793 1999 1847 multo
2021 1800 2159 1845 tem-
2196 1806 2239 1866 Β
2266 1781 2476 1836 fundius
2495 1782 2818 1851 deponatur.
2852 1779 3020 1835 Recte
3077 1780 3238 1848 igitur
3266 1781 3395 1835 dum
3418 1779 3489 1833 ad
3524 1786 3738 1848 parturn
3764 1778 3830 1831 in-

597 1910 745 1963 pore,
770 1893 980 1957 Iudaeae,
1016 1906 1121 1946 non
1151 1904 1338 1944 amore
1356 1888 1494 1942 bona
1519 1886 1782 1957 operanti,
1807 1885 1899 1940 sed
1922 1884 2114 1938 timore
2131 1897 2164 1935 a

596 1984 737 2037 malo
762 1980 1067 2046 declinanti,
1095 1978 1327 2050 prmfuit,
1355 1976 1598 2046 sequitur
1628 1994 1642 2029 :

668 2093 842 2159 (Vers.
874 2091 988 2160 18.)
1019 2090 1191 2145 Senex
1219 2090 1355 2142 enim
1382 2096 1512 2150 erat,
1538 2095 1587 2138 et
1608 2084 1951 2155 graudwvus:
1984 2091 2033 2137 et
2055 2084 2164 2154 ipse

599 2184 842 2247 iudicavit
876 2181 1041 2235 Israel
1068 2180 1412 2252 quadraginta
1438 2177 1611 2230 annis.

666 2274 757 2329 25.
789 2274 963 2328 Senex
988 2272 1184 2327 etenim
1216 2271 1333 2336 fuit,
1374 2279 1429 2324 et
1454 2267 1778 2337 grandmvus
1816 2263 2169 2319 diuturnitate

599 2374 925 2434 temporum.
953 2362 1313 2429 Quadraginta
1344 2373 1471 2414 vero
1497 2359 1653 2412 anuis
1684 2356 1910 2426 prazl‘uit,
1952 2368 2050 2422 per
2097 2357 2165 2406 ti-

600 2470 807 2512 morem
838 2454 1086 2521 legalium
1110 2450 1506 2504 mandatorum.
1528 2444 2166 2514 Quairagenariusqnip-

603 2562 669 2616 pe
694 2557 947 2600 numerus
974 2542 1040 2596 ad
1066 2549 1381 2612 peccatores
1409 2538 1665 2608 pertinet.
1692 2536 1840 2590 Unde
1852 2544 1905 2588 et
1926 2533 2167 2600 Quadra-

599 2635 813 2702 gesima:
841 2640 1049 2700 tempus
1089 2629 1141 2682 in
1190 2634 1378 2682 sancta
1427 2624 1669 2680 Ecclesia
1721 2623 1913 2677 eodem
1963 2622 2170 2675 dierum

601 2736 823 2775 numero
852 2726 1222 2775 consecratum
1252 2722 1352 2780 est,
1404 2722 1462 2768 ut
1501 2714 1754 2766 videlicet
1792 2727 1855 2766 ea
1887 2725 2003 2779 qua:
2029 2725 2164 2765 com-

600 2810 856 2864 mittimus
911 2816 1129 2878 peccata
1185 2814 1394 2874 tergere
1458 2802 1767 2872 pmnit-ndo
1836 2800 2169 2853 studeantus.

600 2897 1065 2966 Quadragenarius
1085 2895 1283 2965 quippe
1310 2904 1564 2946 numerus
1592 2906 1661 2944 ex
1682 2889 1906 2943 denario
1930 2895 1985 2943 et
2033 2902 2171 2956 qua-

605 2990 836 3044 teruario
861 2993 1279 3043 consummatur.
1311 2981 1377 3035 Et
1404 2981 1550 3050 quia,
1593 2980 1904 3051 peccando,
1949 2976 2170 3031 Decalo-

600 3096 724 3146 gum
752 3079 941 3132 divinae
970 3076 1122 3143 Leg's
1148 3071 1590 3141 transgredimur,
1643 3070 1813 3139 ipsam
1867 3082 1995 3121 vero
2042 3078 2171 3134 pec-

2264 1884 2541 1937 curvatur,
2565 1871 2701 1925 mori
2755 1870 2968 1925 dicitur.
3021 1869 3244 1925 Parieus
3294 1882 3529 1939 namque
3575 1869 3833 1925 moritur.

2263 1965 2389 2034 quia
2440 1964 2495 2018 in
2548 1963 2897 2032 blasphemia:
2940 1978 3049 2017 sua:
3092 1962 3283 2017 merito
3328 1961 3736 2043 cqudemnatur.
3781 1955 3840 2009 Et

2264 2055 2388 2122 quia
2418 2052 2609 2108 mortis
2636 2066 2744 2106 suae
2766 2060 3037 2106 tormenta
3065 2065 3171 2105 non
3204 2048 3478 2119 prmvidet,
3510 2048 3671 2103 subiti
3692 2046 3833 2101 doleo

2265 2160 2351 2200 res
2379 2145 2433 2200 in
2454 2160 2574 2200 eam
2604 2145 2807 2199 irrnere
2835 2143 3108 2197 dicuntur.
3137 2139 3315 2195 Subiti
3361 2152 3596 2207 namque
3634 2137 3833 2191 dolores

2265 2242 2391 2289 sunt
2436 2234 2734 2304 repentina:
2774 2230 3091 2286 alllictiones
3137 2227 3327 2283 mortis
3369 2226 3486 2280 sine
3533 2225 3828 2295 prterisiont

2269 2322 2552 2376 venientis.
2578 2321 2769 2375 Subito
2799 2320 2942 2374 enim
2972 2317 3185 2372 dolores
3212 2316 3445 2379 irruunt,
3472 2328 3596 2369 eum
3618 2311 3835 2366 Judaicat

2267 2412 2407 2482 plebi
2457 2410 2840 2480 suppliciorum
2865 2408 3176 2478 perennium
3206 2405 3591 2460 retributiones
3611 2402 3834 2457 obviam:

2267 2516 2386 2569 qua:
2420 2515 2559 2553 nunc
2586 2500 2639 2552 itt
2669 2504 2981 2567 contemptu
3003 2496 3244 2550 veritatis
3267 2499 3442 2565 posita
3467 2534 3483 2559 ,
3524 2507 3633 2546 non
3662 2490 3832 2545 formi—

2269 2593 2379 2644 dat.
2410 2588 2543 2656 Quia
2571 2589 2714 2643 enim
2735 2603 2835 2658 pro
2884 2598 3224 2656 paternarum
3271 2586 3620 2639 traditionum
3666 2585 3834 2638 obser-

2269 2681 2507 2742 vatione,
2533 2680 2597 2732 ad
2629 2686 2889 2732 aeternam
2917 2678 3081 2729 vitam
3111 2674 3391 2729 moriendo
3410 2688 3469 2728 se
3499 2673 3731 2727 transire
3748 2687 3834 2726 az.-

2273 2770 2447 2834 timat,
2479 2769 2532 2822 in
2560 2768 2767 2822 subitos
2794 2766 3009 2821 dolores
3035 2764 3394 2827 tunccorruit,
3429 2778 3552 2817 cum
3581 2763 3836 2818 sustinere

2274 2866 2537 2912 tormenta
2564 2856 2802 2922 inchoat,
2823 2869 2943 2924 qua:
2964 2869 3072 2908 non
3119 2853 3374 2923 speravit.
3406 2850 3474 2905 Et
3501 2850 3793 2906 netaudutn
3819 2887 3834 2911 .

2270 2948 2397 3018 quia
2423 2947 2490 3002 de
2517 2947 2780 3001 moriente
2833 2947 3026 2999 dicitur
3052 2962 3065 2996 :
3096 2942 3369 2998 Irruerunt
3397 2944 3450 2997 in
3496 2958 3614 2996 eam
3647 2942 3836 2995 dolores

2268 3041 2471 3096 subiti:
2503 3040 2627 3109 quia
2666 3039 2913 3094 videlicet
2957 3038 3084 3091 dum
3128 3053 3224 3106 pcr
3270 3036 3446 3091 carnis
3493 3035 3766 3090 molestias
3782 3033 3837 3087 ad

601 3126 724 3146 v‘"-'
755 3126 939 3132 ν-------
972 3126 1118 3143 we-
1178 3126 1187 3127 κ
1301 3126 1329 3141 υ
1574 3126 1588 3134 .
1663 3126 1680 3139 .
2042 3126 2057 3134 -

599 3169 754 3222 canui
778 3168 1085 3221 facultatem
1108 3180 1175 3217 ex
1196 3178 1257 3217 ea
1282 3176 1385 3232 qua
1413 3160 1775 3224 consistimus,
1800 3165 2030 3226 quatuor
2059 3157 2168 3209 ele-

2274 3130 2481 3184 exitum
2511 3131 2632 3184 vitae
2662 3133 2890 3198 cogitur,
2934 3137 3062 3183 tunc
3110 3127 3321 3196 ﬂagella
3366 3126 3618 3182 dolorum
3649 3128 3839 3180 irruere

602 3265 902 3312 mentorum
915 3250 1283 3323 compactione
1297 3249 1682 3309 contrahimus;
1698 3247 1795 3302 sub
1813 3259 2035 3299 numero
2046 3258 2176 3313 qua-

599 3345 942 3413 dragenario,
970 3341 1203 3411 quanditt
1234 3341 1286 3393 iu
1338 3347 1560 3409 peccato
1606 3338 1902 3401 existimas,
1933 3338 2177 3390 contine-

603 3449 741 3487 mur.
771 3431 887 3485 Heli
916 3444 1045 3498 ergo
1102 3428 1455 3497 qualraginta
1484 3427 1639 3482 anni;
1684 3426 1937 3481 lsraclem
1963 3425 2175 3493 judica-

604 3525 700 3587 vit,
730 3522 853 3590 quia
876 3520 1170 3591 Synagogre
1201 3517 1563 3586 magisterium
1610 3523 1666 3569 et
1715 3523 1985 3569 austeram
2022 3514 2177 3580 Legis

604 3611 940 3681 disciplinam
971 3609 1039 3662 ad
1061 3609 1309 3662 timorem
1366 3606 1623 3674 subjecta:
1671 3603 1840 3675 plebis
1883 3604 2128 3658 exhibuit
2159 3620 2173 3656 :

607 3711 664 3756 ut
682 3700 959 3755 materiam
989 3699 1238 3752 humana:
1270 3696 1625 3762 conditionis,
1671 3710 1764 3764 per
1789 3694 2178 3763 concupiscen-

605 3796 730 3849 tiam
754 3792 1014 3861 fragilem,
1044 3792 1096 3845 in
1125 3798 1267 3847 statu
1284 3788 1504 3858 justitia:
1553 3802 1650 3857 per
1679 3786 1924 3840 timorem
1971 3785 2176 3839 retine-

606 3894 703 3940 ret.
736 3884 843 3939 Sed
866 3884 977 3953 jam
1000 3892 1241 3936 mortuus
1270 3888 1353 3935 est
1376 3878 1514 3944 lleli,
1537 3879 1646 3947 jam
1675 3877 1857 3931 fractis
1878 3876 2177 3932 cervicibus

603 3976 751 4044 juxta
771 3975 965 4027 ostium
985 3970 1263 4040 jacet;sed
1291 3980 1469 4024 tamen
1516 3981 1693 4037 [τέμνω
1746 3965 2001 4021 doctrina:
2058 3964 2175 4033 ejus

607 4067 752 4119 virus
776 4065 827 4118 in
848 4065 1051 4119 semine
1080 4066 1343 4115 remanet.
1370 4057 1488 4113 Jam
1511 4059 1730 4127 quippe,
1761 4057 1853 4125 qui
1901 4071 2010 4110 non
2056 4069 2175 4111 cre-

604 4156 683 4208 dit
709 4154 776 4208 de
800 4152 1103 4206 Iudaeorum
1130 4148 1480 4217 sapientibus,
1499 4144 1767 4215 judicatus
1789 4154 1902 4211 est;
1923 4144 2018 4199 sed
2048 4144 2173 4213 quia

609 4247 659 4299 in
689 4245 803 4312 ejus
833 4243 1181 4298 instructions
1210 4239 1486 4310 pravitatis
1512 4239 1715 4293 semina
1743 4248 1949 4292 mentes
1990 4238 2176 4291 conci-

609 4335 782 4403 piunt,
812 4334 902 4401 qui
932 4335 1049 4401 ejus
1075 4332 1317 4386 doctrina
1348 4329 1439 4383 lilii
1464 4336 1755 4384 nascuntur
1796 4327 1930 4397 perii
1953 4329 2031 4383 .ia:
2059 4329 2174 4397 ejus

609 4425 879 4479 vesaniam
902 4438 1008 4477 non
1040 4422 1364 4490 relinquunt.
1395 4418 1574 4485 Quare
1603 4427 1658 4472 et
1678 4418 1924 4472 subditur
1959 4434 1973 4477 :

678 4535 849 4609 (νας.
886 4534 972 4601 l9,
1000 4533 1117 4603 ‘20.)
1173 4531 1573 4587 Nurus'a'utem
1621 4518 1733 4602 ejus
1775 4547 1905 4585 uxor
1956 4531 2177 4585 Phineas

606 4642 878 4697 prwgttans
907 4635 1039 4693 erat,
1069 4627 1331 4696 vicinaque
1356 4624 1526 4694 partiti
1546 4636 1563 4677 :
1584 4638 1717 4694 qum,
1741 4623 1917 4678 audito
1943 4624 2125 4676 nuntio
2156 4660 2172 4686 ,

604 4717 725 4787 quia
753 4720 901 4784 capta
952 4724 1084 4767 esset
1110 4730 1252 4778 arca,
1289 4720 1339 4766 et
1386 4721 1613 4765 mortuus
1653 4726 1798 4764 socer
1825 4727 1967 4778 suus,
1998 4721 2047 4765 et
2099 4711 2175 4763 vir

606 4818 748 4871 sutis,
770 4806 1047 4857 incurvari!
1072 4819 1144 4867 se,
1177 4812 1226 4856 et
1251 4803 1464 4873 peperit.
1496 4788 1766 4853 Irruerunt
1794 4802 1931 4853 enim
1978 4802 2031 4854 in
2060 4818 2176 4854 eam

606 4893 998 4946 dolom‘subiti.
1053 4890 1117 4945 In
1159 4893 1270 4961 ipso
1309 4900 1478 4944 autem
1526 4900 1781 4943 momento
1829 4893 2006 4943 mortis
2060 4894 2172 4961 ejus

608 4982 845 5035 dixerunt
866 4983 934 5048 ei,
957 4996 1069 5053 qua
1093 4981 1299 5034 stabant
1318 4982 1473 5050 juxta
1501 4994 1613 5032 eam
1644 4995 1663 5033 :
1709 4977 1793 5032 Ne
1820 4982 2018 5043 timeas,
2051 4984 2171 5050 quia

606 5073 768 5139 ﬁlium
801 5073 1061 5142 peperisti.
1089 5070 1216 5136 Quae
1243 5082 1345 5127 non
1397 5072 1681 5141 respondit,
1730 5087 1889 5141 neque
1942 5073 2177 5126 animad-

607 5162 774 5214 vertit.

674 5248 764 5304 9.6.
788 5248 917 5317 Qua:
945 5258 1121 5304 autem
1148 5249 1246 5307 {uit
1271 5264 1435 5307 nurus
1480 5252 1616 5319 Heli,
1661 5252 1759 5307 nisi
1784 5251 1936 5321 plebs
1959 5250 2167 5306 Judmo—

606 5352 742 5403 rum,
775 5341 1017 5409 reprobis
1044 5340 1407 5399 sacerdotibus
1432 5342 1673 5411 subjecta
1697 5345 1720 5397 ?
1748 5343 1876 5408 Qum
1922 5345 2045 5412 quia
2073 5358 2165 5415 per

606 5443 792 5483 eorum
813 5431 1245 5499 prmdicationem
1273 5433 1481 5487 semina
1507 5430 1743 5502 perﬁdia:
1774 5435 1824 5486 in
1849 5444 2027 5488 mente
2055 5450 2174 5489 sus-

607 5526 842 5585 ceperat,
874 5531 1150 5587 prmgnans
1178 5527 1313 5574 erat.
1336 5516 1401 5573 Et
1420 5521 1547 5588 quia
1575 5529 1891 5588 conceptam
1916 5522 2174 5575 malitiam

608 5605 721 5674 ipsa
747 5622 960 5677 quoque
975 5609 1546 5678 cogitabatellimdere,
1573 5626 1679 5665 non
1693 5611 1865 5666 solum
1888 5618 2174 5680 prmgttans

608 5691 769 5751 luisse
798 5696 1006 5765 dicitur,
1037 5700 1134 5755 sed
1162 5699 1322 5755 etiam
1363 5701 1538 5769 partui
1568 5700 1757 5757 vicina.
1782 5699 1919 5772 Quid
1967 5710 2049 5756 est
2077 5708 2173 5756 att-

2277 3219 2333 3272 in
2362 3234 2483 3273 eam
2515 3220 2883 3288 temporaliter
2911 3220 3198 3288 incipiunt,
3241 3217 3435 3287 quibus
3461 3215 3580 3285 ejus
3608 3216 3839 3284 impietas

2273 3316 2475 3362 aeterna
2505 3308 2741 3363 vindicta
2769 3309 3059 3378 puniatur;
3091 3316 3147 3363 et
3185 3308 3310 3376 quia
3353 3306 3530 3366 vicino
3567 3307 3715 3361 exitu
3762 3319 3837 3357 re-

2274 3398 2455 3474 probae
2477 3399 2783 3455 JuJazorum
2803 3406 3015 3454 mentes
3049 3412 3109 3451 se
3138 3398 3451 3452 alterutrum
3481 3394 3550 3448 ad
3576 3392 3838 3465 perﬁdiam

2275 3497 2648 3551 cohortantur.
2676 3491 2733 3545 ιιι
2767 3491 2884 3561 ipso
2906 3497 3085 3544 autem
3124 3499 3398 3543 momento
3448 3487 3639 3542 mo.tis
3691 3486 3837 3553 ejus,

2275 3584 2528 3637 dixerunt
2555 3582 2628 3647 ei,
2681 3594 2800 3648 qua:
2827 3580 3043 3633 stabant
3083 3578 3233 3646 juxta
3286 3591 3445 3631 eam:
3506 3573 3593 3629 Ne
3634 3574 3839 3638 timeas,

2273 3675 2394 3745 quia
2420 3672 2584 3741 [ilium
2604 3671 2867 3742 peperisti.
2900 3668 3092 3722 Filium
3119 3668 3320 3736 quippe
3346 3665 3585 3736 peperit:
3611 3662 3735 3733 quia
3753 3666 3840 3716 du-

2273 3778 2395 3817 rum
2424 3762 2478 3816 in
2501 3762 2735 3829 nequitia
2764 3768 2819 3814 et
2844 3759 2894 3813 in
2928 3759 3257 3827 uperabilem
3288 3758 3546 3827 populum
3596 3754 3837 3809 erudivit.

2276 3852 2404 3917 Quae
2432 3862 2611 3906 autem
2641 3850 2894 3905 mulieres
2911 3849 3064 3917 juxta
3087 3857 3251 3914 stant,
3282 3849 3383 3903 nisi
3413 3855 3622 3900 mentes
3662 3844 3840 3913 aequali

2274 3943 2464 3998 ordine
2490 3940 2783 4010 impietatis
2812 3940 3126 3993 adstricta}?
3166 3936 3324 3992 Stant
3351 3938 3549 4007 quippe
3576 3951 3683 3989 non
3710 3934 3839 3987 veri-

2276 4041 2389 4086 tate
2414 4040 2467 4085 et
2496 4040 2611 4084 rect
2633 4030 2815 4083 tudine
2846 4028 2988 4094 liJei,
3018 4028 3112 4082 sed
3133 4027 3547 4095 praesumptione
3574 4034 3627 4077 et
3649 4023 3840 4090 jactan-

2276 4122 2349 4175 tia
2378 4117 2669 4187 religionis.
2699 4116 2904 4181 Idcirco
2933 4131 3050 4170 eam
3071 4158 3088 4184 ,
3120 4131 3187 4170 ne
3242 4116 3448 4181 timeat,
3475 4113 3840 4178 cohortantur,

2275 4214 2401 4281 quia
2425 4211 2479 4266 lil
2505 4227 2593 4267 um
2621 4214 2826 4281 peperit
2860 4227 2873 4263 :
2906 4219 2964 4263 ut
2986 4208 3237 4263 videlicet
3260 4215 3408 4261 tanto
3420 4205 3666 4259 securius
3687 4207 3737 4258 in
3758 4217 3842 4257 ve-

2275 4306 2377 4357 teri
2400 4304 2690 4356 traJitione
2713 4300 2850 4354 mori
2872 4316 2977 4353 non
3003 4299 3205 4359 timeat,
3229 4306 3431 4366 quanto
3455 4296 3578 4350 illos
3607 4296 3764 4348 etiam
3793 4294 3840 4345 in

2275 4408 2338 4447 ea
2373 4393 2664 4447 obduratos
2692 4401 2746 4445 et
2773 4390 3208 4445 inconvertibile‘s
3223 4388 3435 4456 aspicit,
3458 4402 3596 4458 quos
3616 4402 3714 4440 suo
3738 4398 3841 4440 ma-

2205 4495 2258 4555 p
2281 4482 2497 4551 gisterio
2523 4482 3065 4550 eruditoscognoscit.
3078 4481 3185 4536 Sed
3202 4483 3325 4535 duttt
3341 4480 3394 4533 in
3416 4496 3476 4535 se
3492 4480 3841 4534 abundantius

2281 4574 2466 4625 dolore
2490 4571 2843 4639 compelLtur,
2892 4584 2987 4638 pro
3034 4569 3200 4623 nihilo
3246 4568 3424 4635 ducit,
3477 4568 3733 4636 quidquid
3759 4567 3841 4620 alii

2281 4677 2377 4717 sua
2406 4661 2705 4716 eruditione
2734 4658 3096 4729 profecerunt,
3130 4676 3199 4713 un
3219 4663 3268 4714 le
3296 4670 3352 4715 et
3398 4660 3643 4715 subditur
3671 4678 3685 4714 :
3718 4656 3839 4723 θεων

2282 4767 2382 4803 non
2408 4749 2691 4820 respondit,
2720 4766 2879 4820 neque
2931 4748 3313 4803 animadvertit.
3344 4748 3476 4803 Nam
3506 4750 3633 4804 dum
3664 4750 3841 4804 mterni

2279 4845 2481 4899 doloris
2513 4844 2741 4913 experiri
2789 4844 3198 4896 amaritudinem
3242 4844 3479 4910 inchoat,
3531 4844 3656 4908 hoc,
3705 4842 3842 4910 quod

2282 4938 2650 5003 temporaliter
2670 4931 2788 4987 aliis
2815 4932 3043 5001 prmfuit,
3068 4949 3174 4986 non
3205 4933 3560 4996 delectat.Vel
3591 4944 3737 4988 certe
3765 4934 3841 4984 id-

2277 5026 2423 5080 circo
2469 5026 2535 5077 de
2564 5035 2690 5077 nato
2719 5039 2886 5091 puero
2926 5040 3031 5076 nou
3081 5023 3326 5076 lmtatur:
3376 5025 3500 5090 quia
3532 5025 3594 5085 is,
3644 5023 3732 5091 qui
3768 5022 3844 5088 gi-

2276 5117 2457 5183 gnitur
2496 5130 2590 5168 sua
2644 5114 3013 5177 institutione,
3056 5113 3108 5166 in
3148 5113 3459 5182 captivitate
3499 5112 3841 5181 conspicitur.

2282 5207 2433 5262 Unde
2463 5214 2517 5260 et
2542 5203 2785 5259 subditur
2814 5221 2826 5256 :

2351 5320 2527 5391 (Vers.
2555 5319 2642 5382 21,
2675 5316 2788 5386 22.)
2822 5316 2886 5369 Et
2927 5326 3120 5370 vocavit
3164 5330 3376 5384 puerum
3408 5311 3721 5376 llic/tabem,
3759 5308 3835 5360 di-

2278 5428 2396 5465 cens
2424 5427 2443 5465 :
2486 5410 2762 5463 Translata
2808 5417 2883 5462 est
2928 5408 3095 5478 gloria
3136 5405 3366 5471 Domini,
3415 5407 3536 5475 quia
3574 5413 3727 5473 capta
3771 5408 3840 5455 est

2276 5519 2401 5555 arca
2432 5500 2551 5555 Dei.

2347 5591 2436 5644 27.
2467 5592 2604 5644 Area
2633 5589 2848 5657 quilem
2874 5588 3111 5656 capitur:
3144 5589 3267 5655 quia
3290 5585 3425 5655 jam,
3457 5596 3681 5640 auctore
3704 5583 3837 5644 Deo,

2278 5699 2308 5736 a
2338 5682 2474 5738 veris
2498 5682 2758 5749 ﬁdelibus,
2782 5688 2981 5736 sanctae
3011 5679 3299 5749 Scriptura:
3346 5688 3686 5734 sacramenta
3714 5690 3840 5731 velut
