4000 6288
178 344 277 397 173

168 551 425 605 translata
447 559 530 606 est
561 569 575 605 :
608 553 755 623 quia,
783 561 1066 624 postquam
1090 574 1121 614 a
1171 576 1299 618 vera
1326 566 1589 636 religione
1611 573 1754 628 ceci-

166 640 262 704 dit,
286 641 533 697 redolere
559 657 654 712 per
679 643 833 700 bona:
865 644 1019 702 fama:
1047 651 1355 720 opinionem
1377 661 1626 714 cessavit.
1647 661 1747 717 Be-

165 746 232 782 ne
254 740 434 785 autem
463 747 572 787 non
611 734 788 803 perire
818 733 980 792 Israel
1009 740 1180 807 gloria
1207 743 1423 811 dicitur,
1451 751 1544 804 sed
1575 759 1753 807 trans-

163 819 291 873 ferri
349 838 364 873 :
427 823 553 890 quia
621 824 898 893 religionis
942 828 1104 898 tanta,
1161 847 1319 901 quam
1381 839 1630 906 perdidit,
1681 844 1749 896 ad

161 908 532 966 Gentilitatem
565 914 833 968 transivit.
866 915 1148 974 Translata
1175 923 1376 992 quippe
1426 936 1506 980 est
1530 928 1698 997 gloria
1731 949 1743 983 :

164 999 294 1067 quia
321 1000 376 1054 in
406 1010 592 1057 sancta
615 1003 854 1060 Ecclesia
885 1023 1027 1062 verm
1053 1011 1328 1080 religionis
1349 1015 1638 1086 fragrantia
1662 1038 1748 1076 re-

163 1091 333 1156 dolet,
361 1106 480 1161 quae
518 1092 572 1146 in
616 1091 721 1148 ﬁde
765 1096 1141 1167 Redemptoris
1192 1105 1396 1172 posita,
1431 1123 1528 1175 pro
1558 1112 1744 1165 aeterni

167 1181 477 1248 splendoris
500 1184 841 1251 certitudine,
865 1203 1024 1258 quem
1046 1203 1343 1261 exspectat,
1392 1198 1592 1253 donum
1621 1217 1745 1256 san-

155 1268 228 1321 cti
265 1268 502 1336 Spiritus
528 1272 716 1340 pignus
739 1283 904 1330 tenet.
936 1276 1140 1334 Idcirco
1167 1281 1234 1337 de
1257 1293 1386 1338 n-ito
1425 1285 1535 1342 lilio
1575 1289 1744 1346 ltetari

162 1358 365 1427 refugit
397 1377 410 1412 :
436 1361 559 1430 quia
588 1364 850 1432 profecto,
875 1366 1002 1422 dum
1039 1371 1190 1443 137
1231 1374 1296 1428 ad
1324 1375 1528 1433 Gentes
1571 1388 1743 1436 trans-

156 1449 263 1502 isse
305 1451 633 1518 printeritam
677 1454 900 1521 gloriam
950 1462 1228 1532 conspicit,
1273 1463 1342 1517 ad
1376 1468 1740 1535 captivitatem

151 1552 210 1590 se
236 1552 432 1606 parere
453 1540 771 1608 ingemiscit.
797 1543 843 1598 Δ
871 1549 1224 1605 translatione
1248 1555 1409 1610 etiam
1459 1557 1641 1624 gloria:
1672 1559 1737 1611 fi-

153 1628 280 1681 lium
312 1631 556 1684 nominat
582 1649 596 1683 :
620 1633 741 1701 qu’a
764 1635 1009 1705 profecto
1047 1640 1377 1710 impietatem
1401 1647 1453 1700 in
1485 1662 1588 1717 qua
1613 1666 1729 1719 per-

150 1727 354 1782 manet,
386 1720 538 1789 quasi
569 1722 790 1791 praalato
814 1727 1054 1796 nomine,
1081 1739 1342 1800 perpetuo
1361 1746 1731 1804 repraesentat.

994 350 1061 406 IN
1101 354 1361 415 PRIMUM
1402 359 1637 421 REGUM
1679 367 2184 435 EXPOSITIONES.
2224 408 2291 423 —
2332 385 2458 442 LIB.
2502 389 2584 442 III.

170 459 542 526 intelligentiae
582 462 882 532 capacitate
927 467 1250 526 retinentur.
1294 473 1362 530 Et
1386 477 1555 545 gloria
1587 479 1750 538 Israel
1779 487 1824 545 Α

1856 502 2054 554 pronus
2082 493 2134 548 in
2162 504 2301 554 terra
2327 502 2490 571 jacet,
2522 505 2712 563 faciem
2755 512 2805 566 in
2851 520 2989 570 terra
3030 517 3296 588 deprimit.
3330 527 3435 584 Per

1856 577 2046 635 faciem
2077 599 2204 640 vero
2233 589 2522 660 simulacri,
2556 595 2824 656 simulatio
2853 605 3165 673 exprimitur
3188 615 3435 673 rationis.

1854 665 2088 727 Pronum
2117 675 2297 744 itaque
2327 681 2378 734 in
2410 689 2551 738 terra
2578 686 2782 758 jacere,
2805 701 2885 746 est
2908 693 3018 763 jam
3048 714 3176 755 vera
3205 718 3436 772 cognos-

1852 759 2114 828 centibus,
2145 765 2498 827 simulationis
2526 788 2634 830 sua:
2662 759 2932 840 fraudibus
2971 786 3196 845 illudere
3225 759 3430 864 nequa-

1851 861 2010 913 quini
2056 866 2231 919 posse.
2280 855 2384 911 Sed
2434 868 2634 926 tamen,
2683 874 2739 920 ut
2786 873 2984 925 certius
3024 874 3260 935 Gentiles
3307 855 3432 940 vera

1849 948 2252 1006 cognoscerent,
2269 946 2510 1001 eamdem
2535 950 2656 1005 fidei
2672 967 2865 1010 nostra:
2885 959 3118 1016 auditam
3142 967 3428 1040 rationem,

1849 1031 1905 1077 et
1931 1031 2323 1095 superstitionis
2353 1051 2460 1090 sum
2487 1048 2751 1098 vetustam
2791 1054 3231 1110 consuetudinem
3261 1031 3431 1129 magis

1848 1129 1912 1169 ac
1961 1118 2131 1185 magis
2167 1121 2439 1182 discutere
2488 1133 2665 1186 conati
2704 1147 2848 1190 sunt.
2881 1137 3018 1209 Apte
3050 1144 3226 1214 itaque
3251 1118 3431 1219 sequi-

1846 1214 1962 1260 tur:

1917 1295 2092 1364 (Vera.
2142 1299 2220 1370 3.)
2259 1303 2502 1360 Tulerunt
2533 1309 2738 1382 Dagon,
2769 1324 2818 1368 et
2845 1321 3171 1377 restituerunt
3211 1344 3326 1383 eum
3373 1334 3426 1386 in

1844 1383 2010 1439 locum
2035 1405 2202 1444 suum.
3374 1428 3376 1430 '

1914 1477 1964 1531 2,
2005 1480 2059 1534 Id
2102 1493 2201 1545 est,
2250 1488 2300 1540 in
2332 1492 2551 1561 templo,
2582 1496 2669 1550 ubi
2713 1511 2839 1552 arca
2879 1501 2972 1556 Dei
3015 1507 3188 1574 posita
3228 1511 3420 1571 fuerat.

1841 1566 1976 1632 Quid
2006 1579 2088 1627 est
2114 1589 2241 1643 ergo
2269 1576 2449 1646 Dagon
2492 1581 2548 1636 in
2588 1583 2766 1640 locum
2807 1604 2957 1644 suum
2986 1566 3420 1663 restituere,nisi

1835 1656 1986 1725 juxta
2013 1661 2124 1728 jam
2155 1667 2420 1732 cognitam
2447 1672 2799 1742 spiritualium
2829 1694 3286 1744 sacramentorum
3329 1709 3422 1748 ve-

1839 1747 2051 1801 ritatem
2080 1791 2096 1816 ,
2153 1751 2469 1812 idololatriae
2517 1769 2713 1817 statum
2762 1769 2942 1823 subtili
2989 1747 3421 1835 consideratione

1427 1803 1436 1804 γ
2081 1803 2095 1816 ,
2155 1803 2469 1812 μην--..η
2517 1803 2713 1817 -..η-...ι
2762 1803 2942 1823 συυιιιι
2989 1803 3174 1829 υυιιδιυ
3213 1803 3310 1832 rat

148 1803 337 1863 Potest
367 1817 544 1864 autem
573 1826 670 1881 per
696 1814 830 1882 hoc,
858 1817 1001 1885 quod
1029 1832 1059 1872 a
1095 1829 1267 1877 matre
1307 1822 1357 1877 ei
1393 1839 1590 1880 nomen
1639 1828 1734 1883 im-
1766 1829 1810 1887 Β
1839 1836 2185 1903 perquirere?
2233 1839 2300 1895 Et
2345 1845 2468 1913 quia
2508 1861 2616 1915 quo
2654 1852 2898 1910 subtilius
2923 1803 3238 1918 idololatria:
3264 1803 3419 1923 £32:

160 1899 402 1964 ponitur,
435 1910 622 1970 aperte
662 1903 880 1972 intelligi
911 1906 1053 1974 quod
1081 1908 1342 1966 videmus.
1387 1911 1465 1967 Ex
1495 1930 1559 1968 ea
1589 1917 1732 1971 enim

145 2004 340 2042 nomen
366 1993 621 2062 suscepit,
653 2009 683 2048 a
709 2009 813 2064 qua
843 1996 893 2051 ei
922 1998 1170 2053 meritum
1226 2001 1518 2072 impietatis
1563 2008 1727 2062 venit.

143 2079 401 2146 liquitur
433 2098 447 2133 :

761 2183 987 2240 CAPUT
1028 2187 1109 2242 IlI.

209 2267 249 2329 (l
283 2267 417 2337 Reg.
449 2285 498 2333 v,
532 2270 678 2339 1-5.)
720 2271 1035 2329 Pliilistliiim
1080 2289 1246 2334 autem
1280 2283 1501 2337 tulerunt
1529 2302 1724 2352 arcam,

139 2367 184 2408 et
221 2369 614 2426 asportaverunt
645 2377 676 2413 α
705 2361 902 2431 Lapide
929 2366 1190 2436 Adjutorit'
1214 2371 1267 2423 in
1296 2371 1530 2427 Azotum.
1574 2374 1725 2429 Tule-

140 2455 256 2498 runt
288 2446 606 2501 Philislltiim
636 2467 809 2505 arcam
846 2451 958 2518 Dei,
989 2465 1038 2508 et
1067 2458 1347 2513 intulerunt
1373 2477 1488 2514 eam
1515 2465 1569 2517 in
1599 2474 1724 2519 tem-

140 2536 274 2602 plum
302 2535 490 2607 Dagon
516 2577 532 2602 ,
577 2548 627 2592 et
669 2552 998 2598 surrexerunt
1025 2546 1194 2602 Azotii
1221 2552 1384 2604 altera
1414 2554 1514 2620 die,
1556 2564 1603 2608 et
1641 2558 1723 2609 in-

139 2634 378 2677 venerunt
425 2625 612 2696 Dagon
659 2628 919 2698 jacentern
969 2641 1088 2687 ante
1137 2651 1314 2690 arcam
1337 2678 1351 2704 ,
1402 2656 1619 2706 pronum
1666 2645 1719 2697 in

139 2722 294 2766 terra.

208 2804 254 2856 l.
298 2804 432 2871 Quid
462 2815 545 2862 est
574 2809 718 2876 quod
746 2825 870 2866 arca
898 2827 930 2866 a
958 2813 1156 2884 Lapide
1183 2817 1446 2887 Adjutorii
1475 2831 1718 2892 asporti-

138 2904 237 2958 tur,
273 2897 372 2949 nisi
400 2898 525 2965 quia
555 2914 832 2967 prmcones
860 2903 1102 2961 veritatis
1130 2906 1196 2960 ab
1225 2922 1313 2974 eo,
1359 2924 1518 2978 quem
1548 2911 1714 2968 Judazi

135 2986 259 3038 f.l.~a
286 2986 540 3054 opinione
565 2998 901 3059 exspectant,
941 2991 1156 3049 Christo
1194 2999 1444 3066 mysteria
1471 2999 1714 3072 Scriptu-

135 3090 307 3128 rarum
356 3076 643 3132 auferunt?
694 3079 827 3134 Dum
871 3082 1014 3137 enim
1059 3085 1128 3138 ad
1175 3087 1285 3140 veri
1339 3088 1712 3162 Redemptoris

133 3164 490 3232 cognitionem
513 3177 710 3222 sancta:
733 3168 1021 3238 Scriptura:
1045 3173 1348 3229 testimonia
1372 3188 1708 3249 convertunt,

133 3254 195 3308 ab
220 3268 285 3307 eo
332 3253 581 3310 nimirum
612 3257 663 3310 in
694 3273 855 3327 quem
899 3261 983 3315 sui
1031 3263 1210 3317 auxilii
1241 3279 1390 3334 sp'm
1419 3267 1585 3323 Judtei
1614 3285 1712 3340 po-

131 3353 343 3396 suerant
364 3360 543 3399 arcam
575 3346 788 3401 tollunt.
808 3346 872 3402 Et
895 3349 1019 3419 quia
1039 3350 1298 3408 Gentibus
1315 3355 1438 3411 fidei
1457 3361 1708 3430 mysteria

130 3434 435 3502 creduntur,
462 3451 588 3489 arca
617 3437 710 3492 Dei
741 3439 792 3493 in
819 3438 1044 3495 Azotum
1071 3444 1399 3512 perducitur.
1427 3447 1556 3514 Quae
1585 3465 1709 3519 pro-

129 3522 266 3576 fecto
292 3539 414 3579 arca
465 3525 519 3579 in
573 3527 828 3597 templum
856 3530 1101 3587 infertur.
1130 3534 1266 3599 Quid
1295 3551 1423 3605 ergo
1450 3539 1548 3593 fuit
1571 3549 1707 3595 tem-

130 3613 263 3681 plum
294 3615 499 3684 Dagon,
541 3618 641 3671 nisi
687 3635 1018 3692 unaquaeque
1044 3625 1222 3679 anima
1252 3627 1500 3695 inlidelis,
1532 3645 1704 3699 quon-

127 3705 242 3758 dam
273 3707 588 3762 io'ololatrire
616 3712 994 3779 superstitione
1021 3715 1270 3783 polluta?
1319 3718 1458 3784 Quid
1484 3722 1703 3776 simula-

126 3810 264 3848 crum
290 3795 495 3864 Dagon,
548 3799 650 3853 nisi
693 3801 856 3855 totius
904 3802 1221 3859 idololatriae
1265 3811 1701 3877 superstitionem

123 3887 391 3956 designat?
438 3886 578 3953 Quid
609 3890 768 3958 igitur
795 3901 912 3945 erat
939 3893 1101 3956 aliud,
1133 3899 1386 3965 mysteria
1419 3899 1537 3954 fidei
1579 3917 1701 3956 cor-

123 3978 267 4032 dibus
289 3977 584 4034 Gentilium
611 3982 876 4047 intimare,
901 3999 1061 4052 quam
1075 3989 1359 4043 arcamDei
1374 3991 1424 4043 in
1443 3993 1696 4061 templum

124 4067 291 4136 lkigon
321 4070 542 4124 inferri?
590 4071 746 4125 Velut
783 4075 926 4127 cnim
951 4073 1102 4143 juxta
1131 4077 1314 4146 Dagon
1361 4083 1699 4138 statuebatur

121 4172 255 4221 arca,
278 4158 405 4213 dum
433 4162 816 4230 praedicatores
839 4173 1039 4219 sancta:
1066 4165 1317 4223 Ecclesia:
1338 4169 1574 4226 Gentiles
1603 4175 1697 4227 ad-

123 4259 425 4315 monerent,
479 4259 574 4316 ut,
625 4250 694 4304 ad
741 4252 1071 4321 probandam
1122 4254 1244 4310 fidei
1272 4259 1590 4329 veritatem,
1639 4270 1695 4316 et

125 4338 543 4399 [medicationem
573 4355 734 4408 quam
761 4343 1072 4412 audiebant,
1104 4353 1158 4400 et
1191 4347 1503 4403 ilololatrize
1531 4366 1692 4419 quam

126 4427 360 4482 tenebant
395 4444 614 4484 errores
656 4431 1002 4488 discuterent.
1055 4435 1201 4491 Bene
1248 4438 1430 4508 itaque
1457 4441 1543 4496 die
1588 4443 1690 4498 alia

1833 1924 2105 1992 aspicitur,
2135 1930 2314 1985 verius
2343 1935 2748 2010 condemnatur,
2780 1943 3118 2013 subjunctum
3147 1961 3230 2007 est
3254 1970 3269 2006 :

1904 2034 2074 2104 (Vers.
2105 2038 2184 2106 4.)
2228 2040 2520 2115 Rursusque
2548 2048 2774 2105 diluculo
2797 2068 3082 2126 surgentes,
3108 2062 3412 2122 invenerunt

1828 2121 2014 2193 Dagon
2038 2127 2294 2196 jacentem
2323 2149 2475 2199 super
2510 2137 2696 2205 faciem
2738 2158 2884 2196 suam
2929 2163 3103 2202 coram
3148 2169 3272 2208 arca
3307 2156 3412 2212 Do-

1827 2227 1971 2265 ιηιηι.

1901 2302 2056 2372 138
2096 2303 2334 2364 Diluculo
2361 2309 2552 2366 iterum
2593 2327 2818 2385 surgunt
2849 2339 2860 2371 :
2891 2338 3013 2392 quia
3053 2329 3120 2381 ad
3165 2346 3406 2391 amorem

1824 2391 2016 2446 audita:
2071 2396 2324 2454 bonitatis
2364 2401 2475 2470 jam
2525 2407 2848 2464 certitudine
2893 2391 3293 2478 deliberationis
3347 2443 3408 2481 se

1823 2481 2052 2548 erigunt.
2085 2484 2293 2542 Primus
2321 2489 2503 2560 itaque
2528 2494 2641 2550 dies
2669 2500 3001 2565 probationis
3027 2515 3144 2572 est,
3176 2526 3406 2581 sequens

1821 2573 2158 2642 cognitionis,
2191 2581 2378 2635 tertius
2405 2598 2535 2639 vero
2564 2586 2870 2646 deliberata:
2909 2594 3020 2663 jam
3050 2573 3402 2673 certitudinis,

1819 2667 1873 2714 ct
1901 2661 2096 2718 oblata:
2125 2668 2488 2736 professionis.
2539 2674 2638 2741 Qui
2687 2661 2928 2748 profecto
2957 2685 3094 2752 dies,
3125 2693 3247 2757 quia
3277 2661 3399 2747 illu:

1819 2747 2032 2805 minatis
2060 2767 2441 2813 conversorum
2473 2747 2740 2821 mentibus
2766 2809 2780 2834 ,
2829 2769 2880 2822 in
2912 2774 3200 2840 splendore
3227 2782 3402 2848 perfe-

1816 2843 1918 2888 cttc
1946 2844 2001 2890 et
2029 2853 2408 2900 consummata:
2437 2849 2558 2903 fidei
2588 2852 2778 2920 illuxit,
2814 2860 3058 2926 sequitur
3082 2881 3094 2915 :

1888 2925 2062 2994 (Vers.
2093 2928 2171 2999 4.)
2213 2930 2378 3002 Caput
2406 2945 2575 2991 autem
2604 2940 2788 3013 Dagon
2813 2985 2825 3006 ,
2858 2925 2907 2998 et
2934 2949 3051 3003 dua:
3075 2953 3263 3020 pafmw
3288 2974 3398 3011 ma-

1816 3028 1970 3066 nuum
2015 3017 2125 3085 ejus
2175 3017 2415 3077 abscissa:
2456 3036 2605 3079 erant
2630 3046 2782 3099 super
2809 3033 2983 3088 limen.
3019 3037 3182 3094 Porro
3219 3044 3395 3116 Dagon

1815 3108 2023 3157 truncus
2052 3120 2371 3163 remanserat
2398 3113 2453 3167 in
2485 3115 2596 3170 loco
2625 3134 2736 3172 suo.

1740 3178 1788 3244 C
1886 3191 1937 3245 3.
1982 3192 2120 3258 Quid
2149 3199 2288 3251 enim
2319 3200 2525 3272 Dagon,
2555 3206 2604 3259 id
2634 3217 2717 3262 est
2757 3211 3072 3270 idololatrizc
3103 3231 3282 3289 caput,
3313 3233 3396 3278 est

1813 3282 1977 3347 aliud,
2010 3287 2111 3341 nisi
2141 3287 2313 3357 ipsum
2342 3293 2552 3350 initium
2583 3301 2756 3355 omnis
2783 3303 3076 3372 iniquitatis
3104 3309 3395 3368 diabolus?

1810 3368 1875 3424 Et
1921 3387 2039 3440 qua:
2086 3385 2209 3430 sunt
2256 3382 2446 3448 palma:
2495 3401 2747 3443 manuum
2794 3393 2947 3460 ejus,
3004 3397 3102 3451 nisi
3146 3401 3390 3458 universa

1811 3475 1974 3530 opera
2005 3465 2362 3525 idololatriae?
2403 3472 2576 3543 Caput
2603 3478 2781 3547 itaque
2813 3482 2991 3552 Dagon
3023 3488 3202 3542 amisit
3230 3508 3241 3542 :
3267 3493 3388 3560 quia

1808 3563 1905 3618 per
1934 3551 2197 3608 idolorum
2226 3557 2490 3614 culturam
2540 3577 2766 3632 regnare
2812 3551 3030 3641 maligni
3078 3551 3298 3645 spiritus
3335 3582 3389 3635 in

1808 3643 1972 3699 corde
2021 3643 2312 3703 Gentilium
2357 3651 2627 3709 desinunt.
2681 3657 2876 3715 Palma:
2923 3643 3389 3726 etiam'manuum

1806 3736 1921 3805 ejus
1948 3739 2196 3795 abscisam
2240 3751 2402 3808 sunt,
2458 3747 2581 3816 quia
2614 3749 2770 3806 idolis
2797 3756 2946 3809 vanis
2975 3758 3234 3813 sacrificia
3264 3778 3391 3817 nus-

1803 3841 1964 3895 quam
1990 3827 2302 3885 oﬂ'eruntur.
2336 3832 2404 3887 Et
2428 3836 2551 3903 quia
2582 3852 2611 3890 a
2641 3841 2848 3896 cunctis
2879 3843 3122 3901 fidelibus
3151 3847 3266 3916 ejus
3292 3851 3388 3907 de-

1801 3917 2044 3975 formitas
2071 3922 2268 3990 ubique
2295 3928 2636 3996 conspicitur,
2671 3939 2889 3989 truncus
2933 3935 3113 4005 Dagon
3164 3941 3215 3994 in
3268 3942 3388 3997 loco

1800 4022 1899 4062 suo
1928 4011 2251 4066 remansisse
2277 4025 2625 4072 memoratur.
2653 4017 2825 4088 Caput
2849 4038 2978 4077 vero
3007 4033 3059 4078 et
3084 4041 3272 4083 manus
3293 4031 3384 4084 ab-

1799 4097 1976 4152 scissae
2002 4138 2018 4163 ,
2068 4107 2124 4153 et
2167 4115 2332 4170 super
2379 4103 2540 4159 limen
2589 4109 2774 4175 posita:
2823 4125 3231 4170 memorantur:
3260 4120 3386 4186 quia

1797 4185 2039 4255 profecto
2069 4189 2312 4258 quisquis
2357 4192 2424 4248 ad
2462 4209 2640 4249 veram
2671 4197 2826 4252 tidem
2859 4199 3152 4270 ingreditur
3173 4246 3187 4270 ,
3239 4185 3387 4276 prin-

1796 4275 1932 4343 cipia
1961 4275 2239 4333 diabolicae
2282 4281 2546 4338 suasionis
2592 4287 2872 4353 repellere,
2905 4299 3067 4360 atque
3117 4295 3380 4351 universis

1796 4365 2033 4434 ejusdem
2062 4368 2274 4425 Satana:
2302 4375 2556 4442 operibus
2586 4382 2892 4435 renuntiare
2923 4386 3247 4454 przecipitur.
3282 4388 3385 4445 Po-

1799 4455 1898 4508 sita
1944 4471 2072 4525 ergo
2103 4459 2218 4514 haec
2266 4471 2390 4515 sunt
2437 4463 2491 4517 in
2540 4464 2722 4521 limine
2746 4509 2762 4537 ,
2800 4479 2858 4523 ut
2887 4472 2954 4525 ab
2987 4473 3382 4532 introeuntibus

2006 4516 2032 4525 ν
2459 4516 2488 4517 η
2542 4516 2550 4517 κ
2746 4516 2762 4537 ,
2805 4516 2858 4523 _-
2887 4516 2952 4525 η
2987 4516 3381 4532 .....ννυ.....,.,,

128 4516 288 4584 υ³8⁰⁰
316 4535 548 4587 Pronum
599 4522 652 4574 Ῐη
700 4530 840 4576 terra
870 4532 993 4578 3MB
1021 4541 1199 4580 arcam
1226 4527 1492 4595 iacentem
1523 4531 1694 4588 Αιοιίί
1725 4541 1775 4601 D
1799 4548 2182 4605 conculcentur
2208 4569 2221 4604 :
2247 4553 2374 4620 quia
2403 4569 2529 4609 vere
2557 4555 2726 4612 fidelis
2755 4575 2873 4614 esse
2901 4578 3005 4616 non
3037 4567 3258 4632 poterit,
3289 4569 3381 4635 qui

128 4618 412 4635 .Ant.-A-.c-n.
474 4609 644 4635 ‘Y-.-...
696 4614 850 4635 _--!-_
866 4629 888 4635 Α
943 4613 1072 4635 ΔΕΑ..-
1142 4617 1160 4635 Δ
1219 4633 1226 4635 Α
1244 4628 1256 4635 .
1370 4621 1382 4635 ι
1442 4621 1453 4635 ι
1516 4623 1547 4635 s-
1642 4623 1654 4635 α

126 4618 438 4676 repererunt.
474 4609 647 4666 Unam
691 4614 891 4682 quippe
938 4613 1076 4669 diem
1128 4617 1328 4673 Azotus
1369 4621 1592 4686 babuit,
1642 4623 1693 4678 in

124 4697 284 4751 audita
311 4701 696 4768 praedicatione
728 4704 987 4771 veritatis,
1016 4706 1240 4761 alteram
1290 4711 1343 4764 in
1389 4714 1694 4780 cognitione

125 4789 252 4842 fidei.
279 4789 456 4848 Primo
484 4811 716 4864 namque
741 4798 827 4852 die
847 4814 970 4854 arca
1002 4800 1092 4855 Dei
1118 4803 1268 4868 juxta
1301 4805 1481 4874 Dagon
1503 4811 1692 4863 statui-

122 4887 219 4944 tur,
247 4883 361 4950 quia
393 4885 446 4936 in
479 4885 657 4939 audita
688 4887 1067 4956 praedicatione
1094 4890 1469 4963 Redemptoris
1489 4937 1505 4961 ,
1537 4913 1690 4952 erro-

120 4968 188 5022 ris
211 4975 395 5026 vetusti
425 4976 676 5029 tenebras
719 4976 1144 5046 deprebendunt.
1197 4982 1378 5038 Altera
1423 5001 1551 5041 vero
1597 4989 1684 5045 die

120 5071 400 5128 surgentes,
449 5080 680 5132 pronum
728 5067 780 5121 in
834 5078 976 5123 terra
1024 5080 1148 5127 ante
1193 5088 1372 5128 arcam
1415 5076 1685 5145 jacentem

125 5147 288 5218 Dagon
334 5154 654 5209 invenerunt
684 5174 697 5209 :
726 5158 849 5227 quia
895 5167 950 5212 et
992 5159 1044 5214 in
1095 5163 1402 5229 cognitione
1452 5168 1690 5222 veritatis

123 5250 302 5298 statum
330 5246 633 5301 idololatria
661 5249 910 5317 perdidit.
944 5249 1096 5305 Unde
1121 5263 1175 5307 et
1202 5254 1339 5310 bene
1360 5272 1480 5310 cum
1508 5260 1690 5328 lapsus

127 5331 288 5400 Dagon
315 5337 574 5391 asseritur
593 5376 609 5402 ,
654 5339 834 5407 jacere
863 5354 1064 5409 pronus
1089 5341 1143 5395 in
1175 5350 1314 5398 terra
1341 5356 1688 5402 memoratur.

123 5424 244 5479 Ante
269 5442 446 5482 arcam
476 5428 694 5496 quidem
723 5429 884 5495 cadit,
914 5432 1039 5498 quia
1086 5445 1152 5487 ex
1199 5437 1575 5502 mysteriorum
1601 5439 1683 5494 di-

122 5514 344 5571 vinorum
392 5519 622 5573 scientia
679 5519 983 5575 innotescit.
1033 5520 1139 5576 Sed
1194 5539 1393 5593 pronus
1439 5528 1490 5581 in
1539 5537 1680 5586 terra

119 5603 265 5672 jacet,
294 5609 432 5678 quia,
464 5620 692 5663 auctore
727 5608 838 5678 jam
881 5610 1011 5674 Deo,
1043 5611 1111 5664 ad
1140 5623 1414 5680 aspectum
1447 5615 1678 5674 fidelium

121 5695 358 5756 mutilata:
401 5700 634 5757 rationis
677 5701 960 5772 imaginem
1006 5717 1114 5758 non
1164 5704 1344 5761 liabet.
1388 5706 1488 5775 Qui
1533 5711 1675 5767 enim

1797 4645 1851 4692 et
1881 4638 2056 4705 pravis
2105 4639 2320 4707 maligni
2350 4642 2566 4710 spiritus
2593 4647 2830 4702 consiliis
2857 4650 3126 4704 adversari
3151 4694 3166 4717 ,
3216 4664 3380 4722 atque

1795 4726 1990 4794 iniquis
2018 4727 2290 4795 operibus,
2331 4744 2437 4783 non
2468 4734 2739 4800 proponit.
2786 4735 2916 4789 Nam
2950 4738 3038 4804 qui
3073 4739 3253 4806 Dagon
3283 4758 3377 4795 ca-

1793 4822 1888 4882 put
1917 4821 2169 4879 attererc,
2214 4823 2268 4868 et
2306 4831 2494 4871 manus
2544 4821 2691 4885 vitat,
2725 4823 2824 4875 etsi
2871 4824 3104 4879 fidelium
3152 4843 3376 4885 numero

1791 4903 2055 4957 contineri
2084 4903 2313 4969 \idetur,
2345 4905 2623 4961 idololatra
2649 4911 2880 4976 quodam
2909 4914 3067 4968 modo
3093 4930 3212 4971 esse
3239 4934 3376 4974 con-

1790 4995 2042 5050 vincitur.
2117 4995 2174 5049 In
2227 4998 2586 5054 oblectatione
2644 5002 2841 5056 etenim
2901 5004 3203 5062 daemonum
3263 5027 3373 5066 non

1791 5085 1965 5140 solum
1995 5087 2260 5140 exteriora
2291 5088 2573 5154 sacrificia,
2605 5091 2696 5146 sed
2728 5094 2889 5149 etiam
2937 5097 3116 5165 iniqua
3164 5100 3376 5157 deside-

1793 5175 1871 5227 ria
1901 5175 1968 5228 ab
1997 5190 2180 5228 eorum
2210 5177 2502 5232 cultoribus
2531 5180 2843 5236 oﬂeruntur.
2869 5185 2967 5250 Qui
2998 5201 3125 5254 ergo
3154 5189 3206 5242 in
3233 5205 3374 5243 verte

1796 5264 1918 5316 lidei
1949 5265 2256 5332 cognitione
2297 5277 2542 5334 receptus
2586 5279 2686 5334 est,
2719 5281 2773 5326 et
2801 5273 2868 5326 ab
2914 5275 3202 5331 immundis
3233 5278 3372 5332 desi-

1793 5352 1959 5407 deriis
1983 5361 2038 5407 et
2068 5355 2246 5424 pravis
2291 5357 2544 5425 operibus
2574 5375 2680 5412 non
2711 5371 2948 5419 remotus
2973 5406 2989 5432 ,
3036 5367 3158 5435 quia
3187 5367 3369 5435 Dagon

1791 5441 2050 5496 collidere
2087 5451 2248 5511 caput
2287 5452 2341 5498 et
2374 5460 2561 5501 manus
2589 5448 2831 5518 despicit,
2873 5455 3106 5522 maligno
3137 5457 3365 5526 spiritui,

1785 5545 1945 5598 quem
1994 5529 2047 5583 in
2097 5531 2369 5588 oblatione
2411 5536 2836 5593 cmrimoniarum
2879 5543 3122 5611 despicit,
3156 5562 3253 5615 per
3283 5549 3367 5602 in-

1783 5629 1951 5674 terna:
1992 5623 2460 5691 concupiscentia,
2505 5634 2560 5680 et
2588 5629 2872 5684 exterioris
2914 5632 3038 5686 vita:
3077 5635 3361 5695 immundi~

1783 5712 1932 5779 tiam,
1958 5712 2282 5770 oblationem
2311 5714 2454 5772 facit.
2480 5715 2655 5784 Quare
2681 5727 2734 5774 et
2757 5720 3039 5777 subditur:
