4000 6288
574 384 673 439 175

1764 355 2003 413 SANCTI
2046 347 2367 406 GREGORII
2408 343 2619 402 MAGNI

3728 332 3824 385 1'16

639 491 814 563 (Vers.
845 486 922 556 5.)
963 485 1179 554 Propter
1206 480 1301 533 hoc
1329 494 1429 554 non
1460 476 1663 529 calcant
1693 469 1982 525 sacerdotes
2029 464 2141 518 Da-
2175 466 2219 523 A
2246 459 2504 529 greditur,
2534 456 2758 509 alteram
2784 464 2944 520 quam
2976 442 3361 516 omnipotentis
3390 440 3488 497 Dei
3514 439 3680 494 virtus
3709 454 3829 563 olpe-

2321 556 2333 563 λ
2476 557 2690 563 “Au---
2727 549 2797 563 --ι
2836 553 2957 563 mm...
2991 546 3047 563 ..ι
3080 544 3361 563 “annm-nm
3395 539 3619 563 ωηνιηη,
3655 528 3707 563 ςη
3758 544 3829 563 mn

573 600 668 653 gon
696 596 848 649 super
875 579 1027 630 limen
1056 587 1212 645 usque
1241 572 1295 623 in
1325 566 1628 621 hodiernam
1655 563 1810 615 diem.

639 670 695 723 4.
735 647 1052 722 Sacerdotes
1101 661 1297 729 quippe
1343 657 1533 724 .Dagon
1582 668 1641 708 se
1690 664 1813 706 esse
1860 647 2151 709 insinuant,

572 761 657 828 qui
687 771 848 825 super
875 754 1039 807 limen
1068 765 1174 804 non
1215 748 1441 802 calcant.
1474 742 1677 810 Quibus
1703 741 1754 794 in
1786 738 1963 792 verbis
1994 743 2153 789 caule

572 826 956 916 inspiciendum
984 850 1067 896 est
1088 882 1102 905 ,
1151 839 1275 908 quia
1305 852 1411 891 non
1440 834 1611 899 dixit,
1642 833 1800 886 limen
1826 870 1841 895 ,
1873 826 1968 882 sed
1996 839 2157 894 super

570 914 731 993 lim—eu
757 977 774 1004 ,
820 942 879 988 ut
921 940 1083 1000 caput
1110 938 1164 984 et
1193 939 1384 983 manus
1414 924 1597 992 Dagon
1627 918 1882 976 calcanda
1914 929 2034 971 esse
2061 914 2159 966 do-

571 1033 818 1089 ceantur,
863 1037 982 1093 qua:
1009 1034 1168 1089 super
1200 1017 1360 1070 limen
1389 1013 1626 1067 abscissa
1672 1024 1791 1063 esse
1832 1005 2155 1061 referuntur.

576 1114 777 1169 Idcirco
806 1091 983 1165 autem
1013 1103 1321 1163 sacerdotes
1357 1114 1519 1169 super
1560 1098 1725 1152 limen
1768 1108 1877 1149 non
1922 1091 2155 1149 calcant,

575 1203 701 1273 quia
729 1202 991 1256 abscissas
1038 1195 1153 1264 ejus
1197 1206 1387 1246 manus
1429 1197 1485 1242 et
1527 1193 1687 1255 caput
1715 1181 1852 1253 pede
1878 1187 2161 1234 conterere

578 1266 766 1348 vitant.
794 1288 1114 1345 Sacerdotes
1155 1294 1389 1350 namque
1418 1278 1601 1345 Dagon
1632 1287 1801 1342 usque
1829 1270 1895 1323 .iu
1942 1266 2162 1321 hodier—

578 1402 705 1442 num
734 1384 874 1438 diem
903 1383 1185 1435 remanent
1216 1392 1230 1428 :
1261 1373 1383 1441 quia
1412 1370 1502 1439 qui
1532 1382 1628 1437 per
1655 1361 1923 1420 immunda
1952 1357 2162 1413 deside-

578 1476 658 1530 ria
688 1474 907 1539 antiquo
938 1466 1075 1522 hosti
1105 1462 1406 1519 sacriﬁcent
1432 1496 1447 1520 ,
1479 1456 1654 1510 adhuc
1681 1458 1824 1506 sunt.
1857 1448 1957 1515 Qui
1984 1444 2165 1515 profc-

579 1574 667 1621 cto
713 1536 874 1631 super
918 1556 1103 1626 templi
1136 1555 1296 1608 limen
1327 1549 1538 1603 calcare
1566 1544 1867 1611 refugiunt:
1894 1536 2019 1605 quia
2066 1547 2165 1588 nec

580 1651 869 1709 immundis
895 1624 1322 1715 suggestionibus
1345 1678 1360 1702 ,
1406 1650 1504 1690 nec
1542 1632 1699 1687 malis
1727 1629 1975 1699 operibus
2005 1624 2165 1680 resis-

581 1754 720 1798 tunt.
753 1742 933 1810 Dagon
963 1738 1144 1805 itaque
1171 1729 1482 1787 sacerdotes
1506 1730 1647 1789 sunt,
1682 1722 1805 1791 quia
1844 1718 1944 1772 etsi
1975 1731 2164 1769 mauu-

2253 528 2406 604 ratur
2434 557 2693 599 :necesse
2723 549 2805 595 est
2833 553 2960 607 ergo
2991 546 3053 592 ut
3080 544 3363 601 utramque
3395 539 3619 584 mortem
3654 528 3708 581 in
3738 528 3833 581 hoc

2255 638 2377 694 loco
2424 632 2773 705 spiritualiter
2820 628 3181 682 attendamus.
3233 622 3377 677 Mors
3425 620 3640 688 quidem
3667 658 3684 683 ,
3733 633 3831 686 qua

2256 731 2570 796 peceatores
2600 736 2631 772 a
2663 717 2895 787 peccatis
2925 711 3236 784 pmnitendo
3266 716 3569 777 resurgunt,
3602 708 3837 774 designa-

2258 824 2343 871 tur
2368 855 2385 881 ,
2414 812 2537 879 quia
2584 809 2750 864 dicit:
2776 809 3073 877 Aggravata
3115 810 3190 857 est
3232 817 3387 871 super
3426 801 3634 852 Azotios
3667 815 3837 851 manus

2259 903 2492 958 Domini.
2520 900 2631 954 illa
2660 906 2839 951 autent
2863 910 3009 950 mors
3030 907 3133 962 qua
3162 890 3404 945 Gentiles
3425 903 3483 943 se
3506 889 3707 942 immun
3729 888 3840 940 litim

2260 1002 2316 1050 et
2368 990 2635 1060 iniquitati
2686 1002 2873 1043 servos
2915 983 3297 1045 exhibuerunt,
3347 979 3678 1047 designatur,
3728 991 3841 1031 cum

2260 1082 2494 1139 morderi
2526 1096 2554 1134 a
2586 1078 2847 1141 muribus,
2869 1084 2924 1130 et
2943 1072 3194 1136 interﬁci,
3218 1071 3494 1124 dicuntur.
3521 1067 3636 1121 Mus
3656 1066 3845 1134 quippe

2262 1171 2596 1228 immundum
2624 1178 2705 1223 est
2733 1165 2951 1229 animal,
2980 1174 3036 1218 et
3065 1178 3163 1232 per
3190 1161 3387 1228 Legem
3418 1158 3503 1214 edi
3531 1156 3846 1228 prohibitum

2263 1263 2471 1334 (Leuit.
2523 1277 2599 1324 χι,
2647 1258 2780 1329 29).
2824 1255 2971 1322 Quid
3013 1268 3149 1324 ergo
3175 1268 3272 1323 per
3300 1266 3500 1315 mures,
3531 1249 3634 1303 nisi
3662 1249 3849 1303 damm-

2267 1355 2355 1408 nia
2403 1349 2792 1419 designantur?
2842 1347 2908 1400 Et
2954 1344 3082 1415 quid
3114 1352 3213 1399 rest
3260 1342 3493 1397 morderi
3533 1356 3563 1394 a
3601 1338 3847 1404 muribu<,

2265 1443 2364 1498 nisi
2395 1441 2604 1511 peccati
2650 1452 2808 1507 pmna
2839 1432 3236 1490 lacerari?.Sed
3266 1430 3655 1487 mordebantur
3682 1444 3714 1482 a
3743 1444 3851 1481 mu-

2266 1534 2433 1597 ribus,
2485 1545 2607 1585 cum
2650 1528 2718 1582 ad
2762 1525 3093 1597 purgandum
3144 1530 3386 1577 ventrem
3425 1521 3851 1589 egrediebantur.

2267 1622 2405 1690 Quid
2433 1629 2517 1676 est
2544 1634 2672 1689 ergo
2702 1631 2933 1688 purgare
2964 1623 3225 1678 ventrem,
3267 1612 3367 1667 nisi
3396 1611 3707 1681 cxplet'one
3738 1625 3853 1679 pec-

2270 1718 2395 1778 cati,
2426 1711 2636 1765 misera:
2680 1707 2834 1761 fama:
2884 1705 3107 1760 ictorem
3152 1702 3430 1773 proferre?
3477 1701 3583 1766 Qui
3629 1715 3757 1769 ergo
3797 1700 3857 1751 ad

585 1833 739 1887 factis
785 1790 860 1886 se0
892 1827 1052 1883 idolis
1101 1838 1209 1879 non
1258 1818 1570 1877 humiliant,
1614 1808 2168 1879 concupiscentiarum
2205 1817 2245 1876 Β
2273 1801 2610 1874 purgandum
2640 1806 2882 1853 ventrem
2909 1795 3200 1865 egreditur,
3232 1793 3463 1847 murium
3511 1806 3696 1846 morsu
3727 1790 3857 1859 peri-

585 1933 763 1978 tamen
811 1916 1109 1975 simulacris
1154 1928 1247 1983 per
1290 1907 1495 1964 nefaria
1543 1919 1706 1975 opera
1748 1917 1807 1956 se
1854 1901 2163 1954 incurvant.

863 2050 955 2167 .6.)
996 2095 1285 2165 Aggravata
1315 2096 1389 2142 est
1422 2100 1602 2139 manus
1632 2081 1842 2136 Domini
1870 2093 2021 2146 super
2045 2075 2173 2127 Azo-

592 2195 712 2248 tios.

660 2282 712 2336 5.
754 2278 940 2332 Manus
968 2271 1180 2327 Domini
1225 2278 1307 2324 est
1349 2268 1520 2323 virtus
1548 2263 1741 2320 divina:
1769 2256 2075 2330 potestatis.
2112 2253 2178 2306 Et

591 2372 714 2444 quia
747 2371 799 2423 in
828 2366 1029 2420 Azotiis
1058 2360 1348 2432 primordia
1379 2352 1693 2425 gentilitatis
1722 2350 1997 2417 designata
2030 2350 2175 2407 sunt,

594 2439 721 2530 quid
746 2466 827 2512 est
852 2454 993 2525 quod
1016 2464 1203 2507 manus
1226 2447 1437 2502 Domini
1467 2459 1630 2513 super
1654 2439 1871 2494 Aeolios
1893 2443 2178 2504 aggravata

596 2523 941 2625 perhibetur?
988 2542 1095 2598 Sed
1142 2553 1358 2596 manum
1389 2550 1549 2606 super
1579 2533 1805 2587 Azotum
1850 2523 2177 2597 aggravavit,

604 2614 719 2697 sum
750 2634 1041 2690 Gentilium
1090 2628 1257 2684 corda
1287 2627 1482 2681 virtute
1509 2637 1617 2677 sua:
1646 2618 1895 2689 potentiae
1942 2614 2011 2667 ad
2053 2627 2182 2666 con-

602 2741 902 2785 versionem
949 2723 1137 2778 movit.
1168 2720 1301 2773 Ntm
1331 2718 1456 2771 dum
1488 2729 1583 2784 per
1608 2715 1874 2767 internum
1902 2706 2185 2775 aspiratio-

601 2836 725 2877 nem
755 2820 833 2872 eis
860 2818 965 2870 vim
995 2821 1207 2867 acterna:
1247 2808 1432 2862 mort?s
1462 2804 1714 2869 innotuit,
1761 2800 1827 2853 de
1866 2794 2187 2867 perpetratis

604 2907 972 2980 iniquitatibus
994 2945 1009 2971 ,
1059 2901 1308 2956 Gentium
1339 2904 1545 2951 mentis
1576 2892 1803 2947 mirabili
1834 2902 2039 2943 terrore
2067 2900 2187 2954 per-

606 2998 792 3054 cussit.
850 2993 984 3061 Qu'a
1040 3003 1167 3058 ergo
1227 2988 1353 3043 dum
1411 2999 1598 3039 manus
1645 2981 1852 3035 Domini
1904 2984 2189 3045 aggravata

606 3086 820 3149 dicitur,
870 3081 1095 3137 interﬁci
1142 3077 1313 3133 Azotii
1343 3075 1708 3147 perhibentur,
1767 3069 1921 3138 139
1956 3064 2188 3133 gravedo

2270 1895 2434 1948 tuitur
2461 1909 2474 1945 :
2498 1890 2623 1960 quia
2666 1888 2758 1957 qui
2803 1884 3078 1956 peccando
3125 1883 3192 1937 ad
3230 1883 3460 1937 aliorum
3491 1882 3739 1935 notitiam
3768 1894 3857 1948 per

2270 1979 2574 2049 exemplum
2605 1976 2886 2046 pravitatis
2914 1973 3247 2039 extenditur,
3275 1972 3342 2025 ad
3369 1979 3629 2025 aeternam
3655 1982 3860 2037 quoque

2271 2080 2502 2126 mortem
2547 2070 2696 2138 gravi
2745 2068 3050 2123 dzetnonum
3096 2064 3427 2133 obligatione
3474 2062 3757 2117 retinetur.
3805 2059 3861 2114 ιιι

2272 2162 2555 2218 secretiori
2601 2160 2743 2215 enim
2794 2167 2947 2228 parte
2973 2157 3175 2212 natium
3206 2170 3400 2226 porcus
3431 2155 3446 2209 i
3478 2153 3858 2227 perhibentur:

2274 2255 2398 2324 quia
2446 2260 2695 2322 peccator
2742 2252 2971 2319 quisque
3014 2262 3081 2302 ex
3128 2262 3190 2301 ea
3225 2257 3391 2315 parte
3437 2259 3633 2305 vulnus
3668 2244 3857 2311 accipit

2277 2346 2470 2399 anima:
2517 2358 2679 2413 quam
2733 2343 2977 2396 itnurvat
3034 2339 3100 2393 ad
3159 2338 3367 2408 peccati
3424 2336 3859 2390 delectationem.

2278 2436 2412 2491 Cum
2443 2449 2571 2503 ergo
2601 2449 2793 2488 manus
2829 2431 3041 2486 Domini
3071 2446 3233 2498 super
3276 2429 3503 2482 Azotum
3535 2434 3862 2494 aggravetur,

2280 2542 2310 2580 a
2356 2527 2600 2579 muribus
2648 2539 2932 2594 percussus
2970 2521 3417 2588 asseriturtquia
3467 2517 3867 2587 prtedieantibcs

2282 2627 2493 2672 acterna:
2526 2616 2647 2669 vitae
2676 2614 3005 2677 doctoribus,
3040 2612 3166 2665 dum
3196 2610 3263 2665 ab
3293 2609 3385 2663 inii
3408 2608 3611 2663 chitate
3640 2606 3867 2661 Gentilts

2284 2705 2527 2760 conversi
2559 2714 2702 2770 sunt,
2734 2719 2839 2772 qua
2868 2710 3215 2771 peccatorum
3264 2708 3457 2761 morte,
3490 2696 3745 2751 suasione
3775 2698 3863 2747 (:1:-

2286 2812 2527 2863 monum,
2559 2795 2777 2863 obligati
2807 2801 3005 2856 essent,
3035 2799 3428 2858 cognoverunt.
3461 2786 3693 2840 Morderi
3726 2786 3869 2853 igitur

2289 2886 2490 2939 Azotiis
2534 2894 2657 2955 post
2703 2891 3048 2953 aggravatam
3093 2894 3308 2933 manum
3356 2877 3588 2939 Domini,
3638 2884 3720 2930 est
3763 2885 3870 2943 post

2287 2992 2431 3030 vera:
2458 2975 2581 3030 ﬁdei
2612 2975 3000 3042 cognitionem,
3034 2970 3364 3024 dzemonibus
3411 2982 3519 3021 non
3550 2966 3762 3034 subjici,
3790 2969 3871 3018 sel

2291 3067 2485 3136 quibus
2508 3081 2567 3121 se
2598 3064 2803 3133 peccati
2833 3061 3094 3116 fetoribus
3119 3073 3291 3128 poma:
3341 3057 3531 3110 mortis
3560 3055 3870 3119 obtulerant,

609 3177 724 3231 lucc
748 3189 937 3228 manus
958 3170 1219 3240 accipitur
1240 3170 1291 3223 in
1321 3164 1757 3234 multiplicatione
1786 3170 2186 3214 co.lver.~orum.
2217 3164 2260 3224 ρ
2297 3172 2391 3226 per
2434 3154 2555 3209 ﬁdei
2600 3152 3050 3207 illuminationem
3100 3148 3315 3203 intueri.
3366 3146 3532 3212 Quasi
3580 3145 3724 3199 enim
3764 3153 3872 3197 tum:

610 3266 744 3321 Nam
795 3263 933 3318 mori
977 3260 1278 3315 Gentilibus
1315 3254 1431 3320 iuit,
1460 3254 1524 3307 ab
1573 3250 1887 3306 inﬁdelitate
1931 3244 2190 3314 separari.

612 3356 771 3411 Manu
798 3367 1011 3424 quoque
1040 3348 1248 3404 Domini
1276 3346 1479 3408 occidi,
1527 3351 1609 3397 est
1634 3339 1879 3395 eamdem
1906 3352 2045 3391 veta:
2075 3334 2197 3387 ﬁ-lei

613 3446 1005 3515 cognitonem,
1056 3455 1162 3494 non
1189 3437 1483 3495 ministerio
1527 3434 1841 3495 bominun,
1893 3430 1984 3483 sed
2016 3426 2197 3481 divina

616 3539 831 3601 virtute,
874 3531 1188 3603 promereri.
1237 3528 1393 3583 Levis
1422 3528 1603 3596 itaque
1630 3532 1743 3578 erat
1773 3535 1959 3574 manus
1988 3517 2201 3571 Domini

614 3644 778 3699 super
803 3627 1048 3690 Azotum,
1080 3638 1199 3679 cum
1227 3622 1402 3675 adhuc
1431 3634 1526 3690 per
1553 3630 1750 3687 paucos
1779 3614 2049 3668 ministros
2079 3609 2201 3664 ﬁdei

619 3719 778 3792 pauci
807 3731 1045 3773 errorem
1074 3715 1385 3770 desererent
1414 3707 1745 3779 gentilitatis.
1776 3703 1928 3759 Unde
1956 3711 2010 3757 et
2049 3700 2203 3770 quasi

616 3812 684 3866 de
716 3807 1095 3878 aggravatione
1123 3818 1315 3858 manus
1351 3814 1507 3856 orare
1536 3797 1683 3853 Verbi
1718 3796 1991 3851 ministros
2019 3791 2202 3846 Domi-

542 3893 549 3896 ”
618 3915 721 3956 nus
746 3900 1018 3962 admonet,
1051 3895 1233 3950 dicens
1264 3910 1276 3946 :
1302 3891 1489 3946 Messis
1516 3890 1639 3962 quid
1668 3905 1717 3943 m
1749 3887 1907 3941 multa
1933 3895 2041 3950 est,
2085 3900 2207 3953 ope-

618 3992 748 4045 rarii
776 4000 945 4042 autem
973 3988 1123 4058 pauci
1146 4002 1163 4039 :
1185 3993 1364 4055 rogate
1396 3983 1672 4037 Dominum
1702 3980 1879 4033 messis
1901 4021 1914 4042 ,
1954 3985 2009 4029 ut
2038 3977 2207 4028 mittat

620 4081 883 4151 operarios
930 4081 984 4132 in
1031 4093 1247 4132 messem
1293 4091 1440 4129 suam
1489 4072 1724 4143 (Matth.
1774 4088 1849 4135 Ix,
1899 4068 2011 4135 58).
2043 4065 2207 4133 Quasi

623 4171 777 4223 aliter
814 4167 995 4220 dicat:
1026 4167 1127 4232 Qui
1174 4181 1273 4235 per
1316 4179 1515 4233 paucos
1544 4163 1816 4216 ministros
1844 4200 1859 4224 ,
1912 4159 1997 4212 vel
2039 4166 2059 4210 t
2105 4157 2208 4211 levi

624 4272 788 4311 manu
819 4270 1016 4325 paucos
1046 4255 1111 4308 ab
1141 4253 1452 4307 inﬁdelitate
1480 4258 1713 4319 separat,
1746 4257 1933 4316 rogate
1965 4254 2020 4300 ut
2045 4246 2207 4300 mini-

625 4355 769 4403 stros
797 4345 1115 4415 multiplieet
1138 4384 1152 4408 ,
1201 4352 1259 4397 ut
1301 4342 1450 4412 quasi
1480 4342 1533 4396 in
1561 4353 1941 4395 conversorum
1972 4337 2211 4391 multitu-

627 4437 753 4493 dine
798 4450 1016 4490 manum
1066 4441 1272 4501 gravet.
1328 4430 1435 4486 Sed
1483 4439 1539 4485 et
1582 4428 1774 4484 modus
1825 4427 2211 4481 interﬁ-ctionis

629 4527 923 4597 exponitur
963 4542 977 4579 :

629 4618 843 4681 dititur,
873 4616 999 4670 dum
1029 4614 1095 4669 ad
1125 4612 1455 4683 purgandum
1485 4617 1728 4665 ventrem
1774 4607 1947 4662 exiret
1968 4643 1984 4667 ,
2032 4606 2085 4659 in
2133 4619 2220 4658 se-

630 4706 851 4764 cretioxi
880 4714 1036 4775 parte
1063 4703 1267 4758 natiqu
1295 4700 1527 4755 morderi
1555 4713 1585 4752 a
1621 4697 1860 4751 muribus
1886 4694 2218 4764 perhibetur.

632 4796 716 4851 Ad
742 4796 971 4851 litteram
1013 4809 1117 4848 una
1148 4791 1422 4864 percussio
1452 4791 1538 4845 hic
1566 4788 1887 4853 ostenditur,
1929 4785 2023 4840 sed
2054 4785 2105 4837 in
2134 4793 2220 4853 ty-

634 4885 755 4954 pica
783 4884 1123 4953 expositione
1149 4882 1471 4951 geminatur.
1519 4879 1648 4933 Nam
1676 4893 1771 4947 per
1800 4878 1993 4931 littera:
2020 4873 2222 4943 signiti-

638 4975 921 5039 cationem,
950 4982 1005 5027 et
1029 4972 1395 5041 gravationem
1426 4985 1617 5023 manus
1644 4967 1871 5031 Domini,
1903 4976 1958 5021 et
1987 4965 2217 5020 murium

639 5082 851 5123 morsus
899 5066 966 5119 ad
1015 5064 1256 5133 ejusdem
1305 5064 1495 5117 mortis
1524 5060 1770 5116 eil'ecmm
1801 5057 2218 5127 pertinctzquia

642 5160 708 5214 ad
754 5160 858 5214 hoc
902 5157 1095 5212 dicitur
1134 5171 1324 5210 manus
1362 5152 1572 5207 Domini
1600 5165 1761 5219 super
1786 5148 2004 5203 Azotios
2034 5161 2222 5216 aggra-

644 5252 755 5306 vari
783 5250 926 5321 quod
954 5263 1051 5319 per
1076 5248 1305 5302 murium
1336 5259 1547 5299 morsus
1575 5240 1827 5301 interﬁci.

714 5350 766 5404 6.
808 5350 943 5417 Quia
991 5363 1119 5402 vero
1148 5362 1243 5417 per
1269 5344 1561 5414 spiritalem
1608 5340 2046 5410 signiﬁcationem
2091 5338 2224 5392 duas

644 5450 847 5496 mortes
895 5438 1251 5507 agnovimus:
1281 5449 1441 5489 unam
1487 5433 1735 5488 videlicet
1770 5445 1874 5498 qua
1912 5437 2224 5500 peccatores

642 5530 858 5598 jttstitim
905 5526 1178 5598 peccando
1225 5524 1561 5589 moriuntur,
1614 5523 1837 5577 alteram
1881 5534 1985 5588 qua
2028 5518 2154 5587 justi
2193 5532 2225 5571 a

647 5618 885 5686 peccatis
912 5619 963 5670 in
994 5615 1187 5683 quibus
1236 5612 1483 5666 vixerant
1528 5610 1835 5682 pmnitendo
1878 5623 1939 5663 se
1980 5608 2222 5675 erigunt;

649 5722 805 5761 una'u
836 5719 953 5776 qua:
982 5704 1047 5759 ad
1077 5704 1306 5757 hutmna
1336 5701 1515 5768 corda,
1548 5694 1758 5757 diabolo
1796 5697 2055 5755 suadente
2075 5736 2092 5755 .
2140 5697 2225 5752 in-

2299 3246 2463 3300 morsi
2511 3252 2634 3297 sunt
2663 3285 2678 3311 ,
2734 3242 2951 3311 quando
3002 3247 3350 3310 peccatorum
3406 3252 3632 3299 suorum
3682 3250 3871 3289 morsus

2300 3343 2651 3404 agnoverunt.
2678 3334 2821 3401 Sequ
2848 3340 2963 3386 tur:

2375 3436 2551 3506 (Vera.
2585 3434 2665 3503 7.)
2718 3433 2953 3487 Videntes
2989 3441 3156 3486 autent
3192 3432 3289 3486 viri
3332 3430 3502 3484 Διοιὶὶ
3542 3428 3875 3499 hujuscemodi

2301 3528 2543 3598 plagam,
2593 3526 2876 3581 distet-unt:
2904 3522 3028 3578 Non
3077 3532 3283 3577 maneat
3328 3538 3452 3576 arca
3482 3520 3583 3576 Dei
3610 3520 3752 3590 apud
3779 3536 3876 3585 nos,

2303 3619 2545 3690 quoniam
2575 3620 2708 3669 dura
2734 3624 2807 3668 est
2838 3631 3022 3669 manus
3054 3615 3164 3685 ejus
3193 3629 3344 3684 super
3371 3629 3484 3681 nos,
3526 3621 3576 3667 et
3602 3628 3754 3682 super
3782 3610 3875 3664 Da~

2305 3723 2405 3778 gon
2433 3706 2583 3758 deum
2613 3716 2862 3759 nostrum.

2378 3798 2428 3851 7.
2472 3797 2605 3850 Nam
2645 3811 2769 3851 cum
2802 3803 3087 3851 cernerent
3114 3793 3311 3864 templa
3343 3793 3586 3862 destrui,
3637 3792 3881 3849 sacriﬁcia

2312 3887 2470 3958 ιω
2514 3902 2726 3942 cessare
2755 3927 2771 3955 ,
2818 3900 3013 3940 uxores
3042 3902 3074 3939 a
3106 3885 3233 3939 viris
3276 3894 3330 3939 et
3372 3885 3517 3939 viros
3547 3885 3615 3938 ab
3646 3884 3883 3938 uxorith

2306 3975 2492 4043 dividi,
2524 3990 2555 4028 a
2582 3975 2913 4043 genitoribus
2961 3974 3099 4029 ﬁlios
3124 3983 3180 4029 et
3207 3984 3387 4044 patres
3413 3989 3443 4027 a
3474 3974 3595 4027 ﬁliis
3628 3975 3883 4042 separati;

2310 4064 2435 4135 quid
2460 4064 2601 4118 aliud
2632 4078 2795 4133 quam
2824 4071 2879 4117 et
2908 4078 3072 4132 super
3098 4078 3158 4117 se
3178 4072 3243 4116 et
3268 4077 3432 4131 super
3461 4062 3884 4131 superstitionem

2308 4170 2458 4209 suam
2504 4170 2720 4208 manum
2764 4154 2975 4209 Domini
3003 4155 3192 4207 duram
3240 4168 3358 4207 esse
3404 4154 3765 4223 putaverunt?
3793 4151 3887 4205 8ιά

2309 4244 2435 4315 quid
2466 4245 2661 4300 deinde
2684 4243 2879 4298 factum
2911 4244 3089 4309 fuerit,
3123 4245 3402 4312 sequitur:

2378 4334 2559 4407 (Vers.
2609 4334 2688 4404 8.)
2730 4334 2799 4387 Et
2845 4335 3099 4387 mittentes
3146 4341 3584 4404 congregaverant
3612 4349 3789 4386 omnes
3817 4348 3884 4384 sa-

2313 4433 2489 4493 trapas
2521 4423 2950 4477 Pliilisthinorum
2970 4464 2984 4489 ,
3011 4423 3485 4493 .responderuntque
3519 4423 3716 4477 (ἱειήΦὶ
3742 4440 3757 4475 :
3787 4422 3887 4475 Cir-

1020 4524 1143 4594 quia
1195 4522 1437 4592 quisquis
1491 4520 1627 4575 mori
1683 4519 1783 4573 hac
1840 4515 2212 4571 interii-ctione
2244 4529 2293 4588 D
2317 4514 2647 4567 cumducatur
2674 4529 2795 4565 arca
2823 4512 2939 4566 Dei.

2392 4611 2445 4665 8.
2486 4611 2620 4679 Quia
2672 4619 2913 4681 satrapas
2960 4609 3397 4665 Philisthinorum
3442 4618 3893 4679 congregaverant

2321 4702 2537 4769 dicitur,
2585 4718 2750 4771 quare
2794 4710 2973 4755 autem
3021 4710 3482 4771 congregaverunt
3530 4716 3641 4755 non
3690 4701 3891 4754 dicitur.

2322 4792 2429 4847 Sed
2456 4794 2582 4863 quia
2610 4794 2950 4862 respondisse
2996 4803 3225 4861 satrapa:
3267 4793 3538 4860 dicuntur,
3567 4800 3623 4846 et
3674 4793 3891 4846 circum-

2321 4883 2580 4937 ducendae
2608 4897 2747 4937 arca:
2776 4884 3055 4938 consilium
3103 4882 3375 4950 tribuisse,
3417 4882 3541 4950 quia
3572 4882 3638 4935 ad
3672 4882 3894 4935 tribuen-

2324 4972 2451 5027 dum
2481 4987 2578 5041 pro
2618 4973 2805 5027 eadem
2847 4988 2971 5027 arca
3000 4973 3281 5028 consilium
3309 4975 3484 5027 vocali
3512 4982 3697 5027 essent
3724 4983 3895 5040 apert:

2325 5064 2683 5131 cognoscitur.
2712 5063 2813 5130 Qui
2853 5078 2982 5132 ergo
3021 5071 3146 5119 sunt
3173 5073 3400 5133 satrapa:
3443 5063 3893 5125 Philisthinorum,

2327 5155 2428 5209 ηἰρὶ
2456 5155 2614 5210 electi
2645 5156 3019 5225 pmdicatores
3047 5154 3371 5210 Gentilium?
3415 5154 3657 5225 Satrapm
3694 5155 3893 5223 quiteni

2326 5245 2596 5314 principes
2622 5247 2887 5302 dicuntur.
2934 5246 3011 5301 De
3047 5245 3241 5314 quibus
3288 5245 3531 5314 profecto
3579 5243 3896 5314 principibus

2329 5349 2424 5403 per
2456 5334 2786 5390 Psalmistam
2814 5338 3006 5392 dicitur
3030 5356 3042 5389 :
3066 5336 3333 5405 Principes
3358 5336 3664 5407 populorum
3691 5348 3894 5401 congre-

2329 5428 2433 5497 gati
2463 5437 2579 5481 sunt
2607 5444 2723 5481 cum
2749 5427 2859 5483 Deo
2883 5427 3142 5481 Abraham
3190 5426 3362 5493 (Psal.
3411 5442 3560 5493 ιινι,
3587 5425 3698 5494 id).
3732 5422 3896 5489 Popu-

2329 5515 2504 5569 lorum
2533 5532 2765 5584 namque
2790 5518 3153 5587 appellatione
3179 5514 3380 5579 Gentes
3409 5516 3777 5582 designantur.
3807 5511 3895 5576 Qui

2329 5620 2458 5674 ergo
2484 5610 2803 5678 populorum
2836 5623 3028 5662 nomen
3068 5616 3123 5660 et
3162 5603 3706 5676 principunt'posuit,
3752 5601 3894 5655 nimi-

2332 5715 2447 5754 rum
2475 5714 2588 5767 eos,
2621 5699 2685 5753 «'e
2710 5700 2901 5768 quibus
2925 5698 3177 5769 loquitur,
3204 5696 3641 5752 l’hi'isthinorum
3667 5700 3893 5762 satraps
