4000 6288
131 257 232 311 177

956 254 1024 310 ΙΝ
1062 253 1326 312 PRIMUM
1371 255 1608 312 REGUM
1652 251 2158 312 EXPOSITIONES.
2202 287 2272 299 —-
2313 257 2438 312 LIB.
2483 259 2569 314 Ill.

3306 262 3410 320 1ῗὸ

121 370 453 440 designavit.
518 370 619 436 Qui
681 380 828 428 certe
886 374 1208 442 popuiorum
1271 373 1539 443 principes
1599 385 1721 426 cum
1750 371 1797 426 Α
1826 373 2329 440 putrescuntzquia
2377 374 2443 427 ad
2483 381 2797 428 consuetum
2828 389 2959 443 perc
2995 383 3170 430 torum
3209 374 3410 433 lluxuut

132 459 402 512 Abraham
433 460 544 514 Deo
570 469 958 526 convenerunt,
1003 461 1220 530 quando
1246 463 1312 515 ad
1340 461 1569 516 salutem
1594 475 1725 515 con-

131 547 514 601 rertendarum
564 547 841 618 Gentium,
890 550 994 604 hoc
1020 551 1401 620 praedicatores
1427 558 1728 604 sonuerunt

131 638 321 702 verbo,
353 638 502 707 quod
531 641 876 709 omnipotens
924 641 1064 696 Deus
1111 643 1321 697 interno
1349 641 1427 696 eis
1457 641 1728 710 asyirabat

134 727 424 783 desiderio.
473 728 638 795 Quasi
668 731 812 784 enim
856 731 907 785 in
939 732 1244 785 auditorum
1273 730 1586 784 Gentilium.
1610 745 1728 784 cor-

134 819 294 873 dibus
321 820 460 874 mira
489 830 607 875 erat
633 824 1007 878 convenientia
1032 823 1126 878 Dei
1157 831 1212 877 et
1238 822 1556 892 ptincipum,
1605 837 1727 876 cum

134 909 296 964 simul
339 918 405 968 .et
451 926 484 965 a
528 913 733 968 sanctis
780 913 1222 984 prasdicatoribus
1256 917 1523 972 rationem
1569 924 1728 970 recta:

137 998 540 1068 praxlicationis
587 1003 916 1072 acciperent,
963 1013 1126 1073 atque
1169 1021 1200 1059 a
1248 1006 1473 1060 Domino
1503 1005 1731 1060 fructum

135 1088 296 1141 bona:
322 1089 640 1144 voluntatis.
673 1089 741 1144 Et
767 1091 890 1160 quia
929 1092 1222 1148 adversarii
1251 1109 1370 1150 esse
1397 1108 1730 1162 cognoscun-

137 1187 246 1243 tur,
293 1179 389 1246 qui
436 1178 684 1235 dixerant
710 1199 723 1233 :
749 1198 850 1236 non
880 1190 1088 1238 maneat
1136 1201 1261 1237 arca
1291 1183 1386 1238 Dei
1413 1186 1550 1253 apud
1596 1199 1730 1239 nos:

135 1269 418 1335 quomodo
463 1270 742 1340 principes
772 1272 1050 1328 mittentes
1078 1275 1442 1342 congregant?
1473 1274 1580 1329 Sed
1609 1275 1728 1328 mit-

139 1369 281 1426 tere,
311 1371 369 1414 et
395 1361 668 1431 principes
695 1377 1044 1434 congregare,
1087 1373 1170 1420 est
1200 1374 1506 1420 sanctorum
1537 1365 1734 1434 praedi-

138 1456 390 1506 catorum
437 1460 645 1506 mentes
673 1454 739 1507 ad
770 1455 1165 1524 praedicationis
1203 1456 1510 1510 instantiam
1542 1439 1738 1527 provo-

141 1542 469 1610 care:quia
521 1543 630 1598 illic
679 1553 796 1598 erat
849 1547 1106 1601 attentius
1155 1547 1590 1616 prtedicaudum,
1646 1549 1752 1603 ubi.

142 1629 439 1686 Gentilium
487 1635 650 1689 corda
681 1636 732 1712 in
782 1652 967 1691 errore
997 1637 1310 1708 profundius
1338 1640 1733 1708 mergo-bantur.

1826 473 1926 527 per
1968 460 2147 526 iniqua
2176 477 2339 531 opera
2388 472 2760 518 recurvantur.
2791 464 2902 519 llos
2933 465 3185 518 nimirum
3217 466 3283 519 ab
3312 467 3412 519 im-

1829 547 2062 616 perfecta
2097 552 2444 618 percussione
2489 553 2629 607 male
2669 569 2830 608 sanos
2860 554 2949 608 ille
2977 553 3272 622 redarguit,
3319 557 3410 622 qui

1829 635 1894 688 ad
1925 634 2123 692 feiores
2169 639 2422 707 pristinos
2450 641 2729 696 devolutos
2760 643 2994 696 insinuat
3016 684 3029 705 ,
3059 642 3217 696 Canis
3247 661 3415 698 rever—

1829 743 1916 780 sus
1943 727 2012 780 ad
2044 731 2302 795 vomitant,
2349 739 2397 783 et
2445 748 2531 784 sus
2563 733 2669 786 lota
2714 735 2767 786 in
2810 732 3076 787 uolutabro
3104 733 3198 787 luti
3230 733 3412 799 (Prov.

1831 831 1975 881 xxvi,
2004 817 2060 869 11
2088 835 2103 883 ;
2130 817 2204 870 II.
2226 818 2367 874 Petr.
2393 836 2450 884 ιι,
2481 820 2594 890 2Q).
2629 822 2790 887 Quasi
2819 823 2960 876 enim
2988 823 3052 876 ad
3080 831 3416 892 computres-

1830 907 2057 962 ccndum
2085 909 2288 965 extale;
2317 912 2536 980 percuti.
2561 913 2651 965 bat
2690 897 2777 966 ille
2800 955 2816 981 ,
2865 913 2953 980 qui
2984 912 3133 968 verbi
3179 914 3412 982 gladium

1833 997 2100 1065 ingerens,
2149 999 2259 1052 ait:
2285 998 2410 1054 Non
2441 1010 2614 1070 regnet
2641 1011 2904 1070 peccatum
2934 1003 2986 1056 in
3016 1011 3180 1058 vestro
3209 1005 3416 1059 mortali

1832 1077 2064 1160 corpore,
2112 1101 2166 1146 ut
2212 1091 2462 1147 obediatis
2505 1095 2927 1164 concupiscentiis
2974 1095 3086 1162 eius
3134 1094 3309 1159 (Rom.
3341 1110 3413 1161 vr,

1833 1179 1946 1243 1‘2).

1906 1271 1990 1324 1-).
2032 1270 2218 1326 Potest
2262 1280 2441 1327 autem
2472 1287 2568 1342 per
2613 1273 2736 1338 hoc,
2767 1274 2912 1343 quod
2958 1275 3136 1329 Azotii
3183 1275 3410 1330 dicunt:

1836 1357 1960 1412 Non
2003 1369 2213 1414 maneat
2243 1377 2366 1415 arca
2402 1361 2541 1432 apud
2571 1379 2686 1428 nos,
2731 1378 2946 1431 eorum,
2971 1364 3064 1432 qui
3107 1363 3176 1418 de
3206 1363 3408 1419 eisdem

1836 1451 2099 1508 Gentibus
2120 1464 2176 1506 et
2193 1455 2412 1508 verbum
2438 1453 2558 1509 ﬁdei
2580 1455 2884 1522 audierunt,
2902 1465 2956 1510 et
2975 1457 3042 1511 ad
3061 1467 3320 1512 aeternam
3343 1459 3416 1512 vi-

1837 1551 1947 1596 tam
1975 1543 2192 1597 minime
2215 1545 2573 1613 pranlestinati
2600 1545 2822 1600 credere
2850 1545 3166 1612 noluerunt,
3193 1562 3416 1616 perver-

1838 1634 1970 1688 sitas
1999 1633 2284 1703 designari.
2316 1635 2732 1691 Ci‘cumducere
2754 1651 2884 1704 ergo
2913 1651 3090 1692 arcam
3121 1638 3214 1692 Dei
3241 1646 3412 1701 satra-

143 1716 279 1774 lliuc
305 1729 390 1774 est
417 1722 562 1789 quod
582 1724 824 1791 egregius
853 1724 1045 1780 doctor
1066 1726 1384 1780 nobiliorem
1413 1726 1480 1779 de
1510 1725 1736 1780 indomi-
1770 1717 1811 1776 Β
1841 1726 1921 1792 pis
1949 1722 2066 1785 fuit,
2099 1724 2299 1778 sanctis
2325 1725 2760 1792 praedicatoribus
2787 1723 2901 1792 ejus
2920 1727 3144 1781 verbum
3171 1727 3417 1781 veritatis

147 1811 212 1862 tis
243 1810 492 1866 hostibus
519 1828 580 1867 se
606 1814 836 1881 elegisse
876 1815 1156 1870 victoriam
1183 1816 1461 1884 gloriatur,
1511 1815 1694 1870 dicens
1718 1833 1732 1869 :

147 1901 220 1954 Ab
247 1900 746 1974 Jerusalem-usque
795 1904 1064 1976 Illyricum
1105 1924 1197 1976 per
1242 1908 1508 1961 circuitum
1552 1907 1737 1976 repleri

149 1991 350 2061 [frangi
367 1993 492 2046 tium
522 1994 711 2049 Christi
732 2013 751 2050 :
773 1998 848 2050 sic
874 2005 1043 2051 autem
1071 1999 1167 2052 hoc
1193 1998 1470 2070 prrcdicavi
1501 1997 1743 2068 Evange-

146 2083 294 2147 iiunt,
324 2100 428 2138 non
459 2086 636 2140 ubi-de
659 2103 718 2140 eo
735 2090 1106 2142 annuntiatum
1127 2092 1317 2161 fuerat,
1339 2107 1403 2144 tte
1429 2106 1581 2159 super
1607 2089 1738 2143 alie-

149 2187 286 2225 nant.
318 2174 718 2244 fundamentum
762 2178 1077 2247 sedfﬁcarem
1125 2178 1302 2249 (Rom.
1350 2196 1441 2248 xv,
1486 2179 1573 2245 19,
1622 2179 1739 2250 ‘20).

150 2264 452 2319 l’rovocat't
486 2280 617 2335 ergo
663 2277 788 2324 sunt
831 2269 1104 2340 principes
1149 2286 1255 2326 non
1306 2271 1591 2336 desiderio,
1642 2270 1746 2326 sed

149 2369 337 2412 errore
369 2357 679 2424 infidelium,
709 2376 831 2415 cum
859 2361 983 2417 inde
1004 2361 1350 2418 Deolucrum
1373 2362 1544 2428 majus
1565 2361 1754 2417 lacere

151 2449 394 2504 arbitrati
443 2460 588 2517 sunt,
638 2452 782 2507 unde
825 2453 999 2522 caligo
1029 2469 1272 2510 errorum
1303 2470 1400 2524 per
1425 2454 1609 2510 (latum
1651 2471 1742 2508 su-

154 2538 354 2605 perbiae
383 2540 664 2596 sublimius
689 2541 978 2598 ferebatur.
1010 2543 1186 2610 Quare
1230 2552 1285 2598 et
1327 2552 1523 2600 sancta:
1549 2544 1743 2613 praedi-

152 2631 385 2686 cationis
413 2631 668 2687 instantia
698 2633 1028 2702 designatur,
1050 2651 1170 2691 cum
1199 2636 1478 2690 subditur:
1512 2638 1745 2707 Respon-

157 2720 434 2790 deruntque
496 2720 694 2777 Gel/uri
740 2739 758 2777 :
802 2724 1229 2779 Circumducatur
1291 2743 1418 2779 arca
1477 2726 1595 2782 Dei.
1663 2727 1742 2781 Ilii

155 2809 374 2863 dicunt:
404 2809 528 2865 Non
576 2822 783 2866 maneat
829 2831 952 2867 arca
987 2813 1078 2868 Dei
1111 2815 1250 2885 apud
1277 2833 1406 2880 nos;
1456 2823 1508 2869 et
1550 2816 1636 2869 isti
1665 2816 1744 2870 di-

157 2908 321 2952 eunt:
352 2900 796 2956 Circumducatur.
843 2903 980 2969 Quid
1011 2913 1093 2959 est
1122 2906 1262 2959 enim
1302 2921 1482 2960 arcam
1513 2906 1606 2960 Dei
1636 2907 1743 2960 cir-

158 2989 478 3044 eumducere
503 3031 518 3054 ,
569 2992 667 3045 nisi
697 3008 837 3047 verae
868 2994 1004 3048 fidei
1031 2997 1280 3065 mysterfa
1309 2997 1522 3066 publice
1551 2998 1741 3066 prendi-

1839 1813 2174 1876 subtrahere,
2206 1822 2366 1882 atque
2396 1814 2518 1880 illis,
2547 1815 2638 1884 qui
2661 1815 2803 1884 d'gni
2825 1826 2998 1882 erant,
3024 1817 3274 1884 mysteria
3298 1817 3418 1872 lidei

1839 1903 2098 1958 revelare.
2131 1903 2509 1960 Circumducta
2538 1920 2665 1974 ergo
2697 1913 2780 1960 est
2805 1921 2929 1960 arca
2956 1923 2969 1958 :
2997 1906 3121 1974 quia
3146 1905 3266 1960 ﬁdei
3294 1922 3418 1961 nos-

1843 2001 1936 2046 tra:
1963 2001 2299 2048 sacramenta
2321 1993 2386 2047 ab
2407 1994 2634 2048 aliorum
2655 1995 2845 2049 netitia
2871 1995 3078 2051 sublata
3098 2004 3244 2065 sunt,
3259 2005 3420 2065 atque

1840 2084 1958 2140 aliis
1988 2086 2244 2140 revelata.
2296 2083 2448 2141 Unde
2475 2094 2529 2142 et
2555 2101 2676 2142 cum
2705 2087 3215 2154 circumduceretur,
3253 2088 3420 2144 inter-

1841 2173 2001 2230 fectio
2025 2189 2215 2243 magna
2246 2175 2402 2232 nimis
2423 2191 2520 2247 per
2545 2177 2781 2246 singu'as
2810 2177 3054 2233 civitates
3082 2177 3197 2232 fieri
3237 2178 3418 2248 perbi-

1841 2263 1998 2318 betur
2021 2283 2033 2318 :
2065 2264 2190 2334 quia
2220 2264 2522 2336 ubicunque
2553 2267 2772 2320 verbum
2794 2265 3063 2322 ducebant
3086 2266 3226 2332 fidei,
3248 2268 3420 2336 gratia

1842 2353 2298 2422 multiplicabatur
2349 2355 2735 2412 convenionis.
2804 2354 2868 2410 Et
2920 2357 3047 2426 quia
3116 2357 3420 2427 ubicunque

1844 2442 2243 2510 lmJicabant,
2292 2443 2432 2498 inter
2491 2459 2588 2499 eos
2635 2446 2724 2514 qui
2781 2446 3077 2501 credebant
3123 2457 3280 2502 erant
3330 2448 3422 2516 qui

1845 2534 2204 2604 pranlestinati
2236 2535 2302 2588 ad
2330 2543 2585 2590 atternam
2612 2536 2775 2588 vitam
2805 2551 2910 2590 non
2935 2545 3106 2602 erant,
3138 2536 3417 2606 sequitur:

1916 2625 2090 2696 (Vcrs.
2122 2626 2217 2692 10,
2252 2626 2367 2696 il.)
2425 2625 2682 2680 Miserum
2720 2643 2894 2680 arcam
2925 2625 3022 2680 Dei
3062 2643 3117 2681 tn
3161 2627 3418 2682 Accaron.

1844 2719 2067 2788 Cumque
2096 2718 2308 2772 venisset
2339 2735 2460 2772 arca
2503 2718 2598 2771 Dei
2634 2721 2686 2772 in
2715 2721 2968 2783 Accaron,
3007 2720 3421 2772 eiclamurerunt

1846 2808 2184 2872 Accaronitw,
2217 2808 2480 2860 dicentes:
2512 2805 2764 2860 Miserum
2794 2807 2866 2859 ad
2889 2824 2986 2861 nos
3011 2824 3186 2860 arcam
3215 2807 3334 2870 Dei,
3366 2815 3422 2860 ut

1846 2899 2124 2966 interﬁciat
2160 2914 2252 2951 nos
2289 2909 2338 2950 et
2370 2898 2614 2966 populum
2639 2907 2891 2951 nostrum.
2925 2897 3178 2950 Miserunt
3213 2914 3333 2967 ergo
3371 2907 3421 2949 et

1849 2999 2283 3059 congregaverant
2331 3005 2504 3042 omnes
2549 2999 2786 3056 satrapas
2838 2987 3284 3050 I’Itilistltiuorum,
3334 2989 3420 3064 qui

159 3077 314 3130 care?
344 3076 526 3132 Manet
553 3079 696 3133 enim
727 3095 849 3136 arca
878 3083 1018 3152 apud
1049 3097 1164 3149 eos,
1213 3085 1302 3153 qui
1333 3101 1472 3140 vera:
1503 3085 1536 3137 ti
1555 3086 1620 3139 lci
1652 3101 1740 3140 sa-
1770 3077 1816 3139 C
1849 3080 2125 3134 dixerunt:
2157 3078 2411 3132 Dimittite
2432 3095 2607 3132 arcam
2634 3079 2838 3132 Domini
2864 3080 2916 3132 in
2947 3079 3116 3133 locum
3143 3095 3312 3132 suunt.

160 3176 453 3232 erantenta,
504 3183 622 3236 qua:
660 3170 902 3239 audiunt,
933 3187 1030 3240 per
1058 3189 1301 3228 amorem
1325 3177 1738 3244 amplectuntur.

159 3249 257 3320 Qui
305 3264 492 3310 autem
537 3256 661 3312 Non
691 3272 896 3314 maneat
922 3263 1063 3332 apud
1087 3280 1180 3317 nos
1209 3281 1332 3318 arca
1375 3266 1574 3331 dicunt,
1608 3281 1744 3335 prte-

161 3349 485 3405 dicationem
531 3352 654 3406 ﬁdei
685 3368 714 3407 a
743 3369 802 3408 se
830 3356 998 3409 averti
1047 3357 1458 3426 concupiscunt.
1504 3358 1742 3427 Satrapa:

160 3453 286 3500 ergo
334 3455 367 3494 e
416 3444 691 3497 contrario
736 3443 1403 3501 dicuntzCircumducantr
1444 3465 1565 3502 arca
1615 3448 1741 3512 Dei;

161 3529 283 3595 quia
333 3529 439 3584 illis
495 3533 754 3586 attentius
802 3533 980 3587 divina
1037 3537 1437 3603 przedicabant,
1495 3554 1630 3606 quos
1677 3539 1744 3591 ad

162 3617 337 3670 odium
370 3619 616 3673 veritatis
641 3621 817 3688 gravis
842 3637 995 3676 error
1023 3624 1362 3685 accenderat.
1397 3623 1462 3678 Et
1487 3627 1610 3695 quia
1651 3641 1746 3694 per

163 3719 470 3764 sam-torum
523 3713 931 3779 praedicatorum
986 3714 1282 3770 ministeria
1344 3717 1504 3771 etiam
1563 3717 1745 3770 talium

163 3814 350 3870 magna
400 3802 550 3858 Lucra
594 3807 773 3874 regnis
813 3808 1125 3864 caelestibus
1168 3808 1316 3863 illata
1362 3816 1524 3875 sunt,
1563 3809 1740 3878 sequi

165 3899 290 3944 tur:

234 3979 412 4049 (Vera.
443 3980 524 4048 9.)
565 3983 879 4038 ltlisautem
907 3983 1398 4042 circumiacentibus
1425 4005 1561 4056 eam,
1589 3989 1748 4057 ﬁebat

166 4087 367 4124 manus.
409 4071 621 4126 Domini
672 4091 762 4143 per
813 4076 1043 4146 singulas
1098 4077 1325 4130 civitates
1378 4079 1748 4148 iulerfectionis

166 4175 365 4230 magna:
393 4163 568 4224 nimis,
609 4172 658 4215 et
687 4163 998 4229 percutiebat
1026 4167 1160 4218 viros
1189 4167 1582 4237 uniuscujusque
1607 4166 1749 4230 urbis

164 4264 198 4299 ι
224 4265 570 4320 parmasque
597 4251 666 4302 ad
695 4251 961 4320 majorem,
989 4263 1039 4306 et
1061 4255 1530 4323 computrescebant
1556 4257 1748 4325 promi-

167 4349 343 4393 nentes
363 4342 563 4394 extales
593 4359 789 4396 eorum.

1861 3203 1864 3206 η
1917 3170 2002 3223 11.
2043 3170 2300 3238 Satrapzc,
2334 3178 2392 3222 ut
2427 3169 2679 3233 dixitnu‘,
2722 3169 2894 3222 sancti
2923 3169 3297 3237 prteJicatores
3339 3169 3419 3222 iu-

1847 3261 2044 3330 telligu.
2072 3271 2176 3315 tur.
2223 3261 2575 3322 Accaronitzr,
2608 3260 2695 3327 qui
2733 3260 3154 3327 interpretantur
3187 3261 3418 3325 steriles,

1844 3352 2082 3408 Gentiles
2107 3353 2382 3420 designant
2406 3350 2862 3406 inconvertibiles.
2888 3349 2986 3416 Qui
3015 3351 3261 3404 nimirum
3283 3367 3418 3420 pra:-

1845 3445 2113 3498 dicatores
2151 3441 2482 3498 dimittenda-
2511 3457 2652 3496 arca:
2674 3457 2790 3496 con:
2810 3441 2956 3494 ilium
2985 3439 3314 3504 tribuerunt,
3361 3447 3420 3494 ttt

1845 3535 1888 3589 si
1917 3535 2142 3589 salutem
2171 3549 2322 3588 suam
2351 3534 2417 3587 de
2451 3533 2628 3586 divina
2655 3531 3041 3602 praedicatione
3084 3540 3417 3594 recusarent,

1849 3623 2093 3679 fidelibus
2129 3623 2194 3677 ad
2223 3632 2477 3678 aeternam
2506 3623 2734 3692 patriam
2760 3637 2882 3675 cum
2921 3621 3268 3676 sacramentis
3299 3620 3421 3674 lidei

1847 3715 2205 3781 tendentibus,
2255 3730 2366 3769 non
2405 3715 2749 3771 obsisterent.
2799 3713 2974 3768 Locus
2999 3726 3228 3780 namque
3259 3726 3420 3776 arcae,

1847 3803 2150 3858 divinorum
2182 3803 2430 3858 videlicet
2458 3809 2915 3857 sacramentorum
2947 3799 3017 3855 ibi
3049 3813 3167 3854 esse
3193 3813 3422 3867 cognos-

1848 3896 2008 3960 citur,
2054 3894 2149 3949 ubi
2185 3893 2440 3962 quidquid
2487 3892 2554 3946 de
2582 3890 2954 3960 omnipotente
2999 3889 3110 3944 Deo
3139 3905 3282 3944 nunc
3325 3904 3422 3958 per

1849 3987 2244 4056 Scripturarum
2276 3985 2584 4056 mysterium
2611 3983 2822 4047 dicitur,
2848 3991 3032 4052 aperta
3081 3981 3420 4050 postmodum

1850 4077 2004 4132 nobis
2030 4077 2335 4146 cognitione
2379 4075 2664 4130 revelatur.
2716 4073 2996 4143 Proprium
3039 4073 3238 4142 quippe
3282 4087 3422 4126 arcte

1849 4171 2026 4226 locum
2071 4176 2415 4238 cognoverat,
2446 4168 2536 4237 qui
2567 4167 2816 4222 dicebat:
2876 4165 3118 4219 Videmus
3156 4180 3292 4218 nunc
3329 4181 3421 4231 per

1849 4263 2107 4332 speculum
2145 4267 2198 4314 in
2239 4260 2530 4329 wnigmate,
2579 4267 2697 4310 tunc
2725 4265 2891 4309 autem
2922 4256 3056 4326 facie
3090 4254 3158 4307 ad
3201 4254 3419 4323 facient:

1852 4369 1986 4406 nunc
2014 4366 2263 4421 cognosco
2289 4365 2354 4402 ea:
2388 4356 2554 4419 parte,
2586 4355 2707 4400 tunc
2734 4361 3064 4415 cognoscam,
3100 4343 3230 4398 sicut
3259 4351 3306 4396 et
3335 4359 3421 4397 co-

236 4429 288 4484 9.
328 4431 469 4485 Area
499 4432 697 4500 quippe
722 4433 1156 4498 circumducitur,
1197 4452 1316 4492 cum
1346 4438 1598 4508 mysteria
1630 4438 1828 4497 lidciD
1853 4445 2026 4514 gnitus
2052 4459 2170 4496 sum.
2192 4440 2245 4513 (1
2276 4439 2395 4495 Cor.
2431 4456 2543 4507 xw,
2576 4439 2686 4508 12).
2717 4436 3010 4492 Consilium
3040 4437 3221 4505 itaque
3253 4446 3423 4490 satra-

168 4519 341 4588 palam
394 4527 451 4572 et
500 4519 618 4573 sine
667 4521 861 4576 timore
904 4523 1283 4591 praedicantur.
1334 4524 1400 4578 Et
1444 4526 1567 4593 quia
1611 4526 1753 4580 inter

168 4611 314 4664 initia
377 4609 503 4666 fidei
567 4612 832 4667 innumeri
891 4616 1378 4680 convertebantur,
1445 4616 1748 4672 interfectio

167 4715 358 4770 magna
402 4702 564 4757 nimis
615 4702 765 4775 14],
801 4719 898 4774 per
922 4704 1167 4760 civitates
1194 4707 1429 4775 singulas
1455 4707 1594 4760 facta
1625 4723 1750 4777 per-

168 4793 403 4848 hibetur.
438 4792 574 4848 Item
603 4795 728 4861 quia
757 4810 862 4850 non
891 4795 1067 4853 solum
1095 4797 1385 4866 simplices,
1415 4797 1517 4852 sed
1539 4798 1752 4867 sapien-

169 4891 247 4936 tes
275 4882 527 4938 conversi
554 4890 679 4936 sunt
702 4901 716 4937 :
741 4884 936 4938 eadem
977 4883 1279 4940 interfectio
1307 4900 1335 4937 a
1367 4901 1532 4954 parvo
1581 4901 1751 4954 usque

167 4974 232 5025 ad
281 4971 546 5040 majorem
596 4971 729 5028 facta
776 4973 1054 5028 asseritur.
1084 4973 1189 5028 Sed
1219 4989 1315 5043 per
1341 4974 1582 5028 eamdem
1622 4989 1748 5042 per-

167 5064 475 5118 cussionem
521 5072 956 5133 computrescere
981 5064 1187 5118 extales
1227 5065 1548 5119 referuntur.
1582 5063 1748 5118 Exta-

169 5155 245 5208 les
267 5154 474 5224 quippe
499 5161 826 5222 putrescere,
846 5163 930 5208 est
949 5154 1151 5223 peccati
1174 5163 1384 5209 meatus
1402 5155 1470 5208 ab
1493 5154 1751 5210 eﬂusione

169 5245 412 5300 consueti
442 5243 630 5298 fetoris
658 5243 867 5312 penitus
911 5243 1152 5298 interire.
1183 5243 1327 5298 Bene
1372 5259 1602 5311 namque
1628 5259 1750 5312 per-

170 5351 354 5390 cassus
401 5342 525 5396 est,
578 5332 729 5400 cujus
772 5333 1138 5403 prominentes
1183 5332 1389 5387 extales
1417 5341 1751 5402 computres-

171 5440 290 5482 cunt
319 5445 332 5480 :
361 5427 493 5496 quia
523 5426 770 5480 nimirum
801 5425 1042 5481 nonnulli
1083 5434 1228 5493 sunt,
1275 5427 1365 5495 qui
1394 5435 1515 5495 post
1545 5426 1752 5480 mundi-

172 5525 295 5576 tiam
324 5521 720 5589 conversionis,
743 5522 966 5592 prt'stina
998 5521 1342 5575 involvuntur
1368 5522 1524 5576 sorde
1547 5520 1748 5589 ﬂagitii.

174 5611 372 5667 ﬂorum
423 5611 674 5680 profecto
721 5612 1084 5681 prominentes
1115 5610 1321 5668 cxta‘les
1349 5613 1568 5668 minimc
1597 5628 1746 5668 com-

1851 4551 2038 4607 parum
2065 4534 2187 4600 fuit,
2214 4543 2272 4586 ut
2297 4533 2350 4586 in
2381 4532 2563 4588 locum.
2578 4545 2732 4584 suum
2755 4529 2954 4584 reverti
2975 4543 3155 4582 arcam
3179 4527 3272 4580 Dei
3303 4541 3424 4595 per-

1853 4626 2165 4680 mitterent:
2212 4629 2272 4676 ut
2296 4620 2565 4685 videlicet,
2608 4621 2698 4689 qui
2743 4619 2813 4674 de
2855 4619 3006 4674 verbi
3050 4617 3425 4687 praedicatione

1854 4717 2054 4771 nullum
2079 4714 2197 4767 lidci
2225 4712 2450 4766 fructum
2478 4709 2737 4773 ferebant,
2765 4723 2883 4763 eam
2911 4707 3100 4760 saltem
3125 4705 3225 4760 illis
3246 4705 3426 4758 dimit-

1853 4813 2048 4869 terent,
2077 4803 2167 4873 qui
2193 4817 2260 4856 ex
2287 4815 2351 4854 ea
2379 4799 2608 4854 fructum
2638 4797 2738 4851 sibi
2777 4798 2830 4850 iu
2867 4795 3170 4850 aeternitate
3211 4808 3421 4863 pmpa-

1854 4900 2060 4949 rarent.
2101 4893 2244 4946 Bene
2279 4890 2459 4959 igitur,
2500 4887 2594 4956 qui
2623 4885 2950 4941 remittenda:
2978 4899 3116 4938 arca:
3141 4884 3425 4938 consilium
3521 4960 3527 4964 .

1855 4985 2144 5053 accipiunt,
2175 4981 2506 5036 Accaronita:
2528 4978 2886 5032 nominantur.
2917 4973 3251 5029 Accaronitzr.
3269 4974 3427 5043 quip-

1855 5089 1923 5143 pe
1951 5074 2372 5141 interpretantur
2401 5067 2631 5122 steriles.
2663 5065 2797 5130 Quia
2826 5063 2965 5118 enim
2996 5063 3063 5118 de
3091 5063 3270 5116 audita
3304 5063 3426 5116 fidei

1854 5165 2100 5228 veritate,
2126 5161 2328 5216 nullum
2352 5158 2702 5218 credulitatis,
2723 5162 2815 5208 aut
2843 5154 2966 5208 boni
2991 5153 3168 5223 operis
3191 5154 3424 5206 fructum

1853 5251 2132 5317 dederant,
2170 5246 2382 5302 steriles
2419 5252 2591 5300 erant.
2639 5241 2909 5296 Tollenda:
2951 5255 3080 5308 ergo
3107 5254 3245 5294 arra:
3273 5240 3423 5307 prin-

1855 5341 2002 5408 cipes
2039 5336 2322 5392 consilium
2355 5333 2507 5404 142
2534 5331 2895 5401 praebuerunt,-
2933 5327 3030 5384 sed
3059 5344 3089 5382 a
3118 5327 3422 5394 sterilibus;

1858 5437 1916 5484 ut
1943 5427 2186 5481 videlicet
2221 5425 2371 5480 verbi
2415 5423 2507 5478 Dei
2536 5437 2742 5487 semen,
2773 5419 2916 5488 quod
2943 5420 2994 5474 in
3021 5419 3248 5489 pessima
3284 5428 3425 5472 terra

1855 5518 2154 5588 germinare
2201 5533 2307 5570 non
2357 5521 2587 5584 poterat,
2636 5521 2790 5566 terra:
2836 5511 3050 5580 optima:
3097 5518 3423 5573 servantur,

1857 5625 1972 5679 qutc
2003 5607 2072 5663 de
2113 5608 2217 5664 hoc
2245 5606 2429 5663 labere
2454 5604 2662 5668 hiemis,
2695 5603 2752 5657 in
2780 5601 3000 5672 perenni
3046 5600 3155 5655 vita
3194 5597 3424 5655 fructum
