  <div class='ocr_page' id='page_1' title='image "/cluster/home/n/w/nwhite01/storage/ocr_20150623/79/uva.x000827091/099.png"; bbox 0 0 3962 6282; ppageno 0'>
   <div class='ocr_carea' id='block_1_1' title="bbox 551 249 653 304">
    <p class='ocr_par' dir='ltr' id='par_1_1' title="bbox 551 249 653 304">
     <span class='ocr_line' id='line_1_1' title="bbox 551 249 653 304; baseline 0 -1"><span class='ocrx_word' id='word_1_1' title='bbox 551 249 653 304; x_wconf 67' lang='grc'><strong>179</strong></span> 
     </span>
    </p>
   </div>
   <div class='ocr_carea' id='block_1_2' title="bbox 1762 245 3774 310">
    <p class='ocr_par' dir='ltr' id='par_1_2' title="bbox 1762 245 3774 310">
     <span class='ocr_line' id='line_1_2' title="bbox 1762 245 3774 310; baseline 0.004 -9"><span class='ocrx_word' id='word_1_2' title='bbox 1762 245 2000 302; x_wconf 75' lang='lat' dir='ltr'><strong>SANCTI</strong></span> <span class='ocrx_word' id='word_1_3' title='bbox 2045 246 2360 302; x_wconf 77' lang='lat' dir='ltr'><strong>GREGORII</strong></span> <span class='ocrx_word' id='word_1_4' title='bbox 2403 246 2611 302; x_wconf 76' lang='lat' dir='ltr'><strong>MAGNI</strong></span> <span class='ocrx_word' id='word_1_5' title='bbox 3696 259 3774 310; x_wconf 68' lang='lat'><strong>180</strong></span> 
     </span>
    </p>
   </div>
   <div class='ocr_carea' id='block_1_3' title="bbox 552 361 3768 435">
    <p class='ocr_par' dir='ltr' id='par_1_3' title="bbox 552 361 3768 435">
     <span class='ocr_line' id='line_1_3' title="bbox 552 361 3768 435; baseline 0.001 -15"><span class='ocrx_word' id='word_1_6' title='bbox 552 367 902 420; x_wconf 88' lang='lat' dir='ltr'><strong>centesimum</strong></span> <span class='ocrx_word' id='word_1_7' title='bbox 952 362 1082 435; x_wconf 78' lang='lat' dir='ltr'><strong>prof</strong></span> <span class='ocrx_word' id='word_1_8' title='bbox 1107 371 1218 418; x_wconf 90' lang='lat' dir='ltr'><strong>rret</strong></span> <span class='ocrx_word' id='word_1_9' title='bbox 1258 363 1477 417; x_wconf 63' lang='lat' dir='ltr'><strong>aestatis.</strong></span> <span class='ocrx_word' id='word_1_10' title='bbox 1525 361 1590 415; x_wconf 86' lang='lat' dir='ltr'><strong>Et</strong></span> <span class='ocrx_word' id='word_1_11' title='bbox 1633 378 1846 417; x_wconf 80' lang='lat' dir='ltr'><strong>causam</strong></span> <span class='ocrx_word' id='word_1_12' title='bbox 1878 364 2122 432; x_wconf 93' lang='lat' dir='ltr'><strong>protinus</strong></span> <span class='ocrx_word' id='word_1_13' title='bbox 2154 367 2197 421; x_wconf 81' lang='grc' dir='ltr'><strong>Α</strong></span> <span class='ocrx_word' id='word_1_14' title='bbox 2227 362 2411 429; x_wconf 85' lang='lat' dir='ltr'><strong>Neque</strong></span> <span class='ocrx_word' id='word_1_15' title='bbox 2439 363 2580 416; x_wconf 90' lang='lat' dir='ltr'><strong>enim</strong></span> <span class='ocrx_word' id='word_1_16' title='bbox 2608 363 2658 416; x_wconf 91' lang='lat' dir='ltr'><strong>in</strong></span> <span class='ocrx_word' id='word_1_17' title='bbox 2689 364 2884 418; x_wconf 76' lang='lat' dir='ltr'><strong>cmlum</strong></span> <span class='ocrx_word' id='word_1_18' title='bbox 2913 365 3205 419; x_wconf 83' lang='lat' dir='ltr'><strong>ascendere</strong></span> <span class='ocrx_word' id='word_1_19' title='bbox 3246 361 3453 418; x_wconf 89' lang='lat' dir='ltr'><strong>clamor</strong></span> <span class='ocrx_word' id='word_1_20' title='bbox 3481 373 3681 434; x_wconf 88' lang='lat' dir='ltr'><strong>poterat</strong></span> <span class='ocrx_word' id='word_1_21' title='bbox 3712 373 3768 423; x_wconf 65' lang='lat' dir='ltr'><strong>vi.</strong></span> 
     </span>
    </p>
   </div>
   <div class='ocr_carea' id='block_1_4' title="bbox 555 451 2124 519">
    <p class='ocr_par' dir='ltr' id='par_1_4' title="bbox 555 451 2124 519">
     <span class='ocr_line' id='line_1_4' title="bbox 555 451 2124 519; baseline -0.004 -9"><span class='ocrx_word' id='word_1_22' title='bbox 555 456 861 510; x_wconf 56' lang='lat' dir='ltr'><strong>relaxandze</strong></span> <span class='ocrx_word' id='word_1_23' title='bbox 891 471 1028 509; x_wconf 71' lang='lat' dir='ltr'><strong>arca:</strong></span> <span class='ocrx_word' id='word_1_24' title='bbox 1069 453 1379 518; x_wconf 87' lang='lat' dir='ltr'><strong>ostendunt,</strong></span> <span class='ocrx_word' id='word_1_25' title='bbox 1423 467 1543 506; x_wconf 90' lang='lat' dir='ltr'><strong>cum</strong></span> <span class='ocrx_word' id='word_1_26' title='bbox 1591 453 1968 519; x_wconf 76' lang='lat' dir='ltr'><strong>przedicatores</strong></span> <span class='ocrx_word' id='word_1_27' title='bbox 1996 451 2124 505; x_wconf 90' lang='lat' dir='ltr'><strong>sub-</strong></span> 
     </span>
    </p>
   </div>
   <div class='ocr_carea' id='block_1_5' title="bbox 554 547 723 600">
    <p class='ocr_par' dir='ltr' id='par_1_5' title="bbox 554 547 723 600">
     <span class='ocr_line' id='line_1_5' title="bbox 554 547 723 600; baseline 0 0"><span class='ocrx_word' id='word_1_28' title='bbox 554 547 723 600; x_wconf 86' lang='lat' dir='ltr'><strong>dunt:</strong></span> 
     </span>
    </p>
   </div>
   <div class='ocr_carea' id='block_1_6' title="bbox 625 632 2056 703">
    <p class='ocr_par' dir='ltr' id='par_1_6' title="bbox 625 632 2056 703">
     <span class='ocr_line' id='line_1_6' title="bbox 625 632 2056 703; baseline -0.004 -14"><span class='ocrx_word' id='word_1_29' title='bbox 625 637 799 703; x_wconf 84' lang='lat' dir='ltr'><strong>(Vers.</strong></span> <span class='ocrx_word' id='word_1_30' title='bbox 832 635 941 702; x_wconf 79' lang='lat' dir='ltr'><strong>il.)</strong></span> <span class='ocrx_word' id='word_1_31' title='bbox 985 633 1065 687; x_wconf 87' lang='lat' dir='ltr'><strong>Ne</strong></span> <span class='ocrx_word' id='word_1_32' title='bbox 1094 633 1370 702; x_wconf 80' lang='lat' dir='ltr'><strong>interﬁciat</strong></span> <span class='ocrx_word' id='word_1_33' title='bbox 1398 649 1489 686; x_wconf 86' lang='lat' dir='ltr'><strong>nos</strong></span> <span class='ocrx_word' id='word_1_34' title='bbox 1517 648 1630 684; x_wconf 87' lang='lat' dir='ltr'><strong>cum</strong></span> <span class='ocrx_word' id='word_1_35' title='bbox 1651 632 1836 699; x_wconf 81' lang='lat' dir='ltr'><strong>populo</strong></span> <span class='ocrx_word' id='word_1_36' title='bbox 1859 640 2056 684; x_wconf 84' lang='lat' dir='ltr'><strong>nostra.</strong></span> 
     </span>
    </p>
   </div>
   <div class='ocr_carea' id='block_1_7' title="bbox 628 718 2130 791">
    <p class='ocr_par' dir='ltr' id='par_1_7' title="bbox 628 718 2130 791">
     <span class='ocr_line' id='line_1_7' title="bbox 628 718 2130 791; baseline -0.003 -14"><span class='ocrx_word' id='word_1_37' title='bbox 628 727 716 779; x_wconf 72' lang='lat'><strong>12.</strong></span> <span class='ocrx_word' id='word_1_38' title='bbox 758 725 1092 791; x_wconf 76' lang='lat' dir='ltr'><strong>Accarouiuc</strong></span> <span class='ocrx_word' id='word_1_39' title='bbox 1117 724 1484 777; x_wconf 87' lang='lat' dir='ltr'><strong>clatuaveruut</strong></span> <span class='ocrx_word' id='word_1_40' title='bbox 1510 740 1521 773; x_wconf 89' lang='lat'>:</span> <span class='ocrx_word' id='word_1_41' title='bbox 1555 719 1806 774; x_wconf 83' lang='lat' dir='ltr'><strong>Miscrunt</strong></span> <span class='ocrx_word' id='word_1_42' title='bbox 1833 736 2008 772; x_wconf 85' lang='lat' dir='ltr'><strong>arcam</strong></span> <span class='ocrx_word' id='word_1_43' title='bbox 2036 718 2130 772; x_wconf 90' lang='lat' dir='ltr'><strong>Dei</strong></span> 
     </span>
    </p>
   </div>
   <div class='ocr_carea' id='block_1_8' title="bbox 556 806 2131 883">
    <p class='ocr_par' dir='ltr' id='par_1_8' title="bbox 556 806 2131 883">
     <span class='ocr_line' id='line_1_8' title="bbox 556 806 2131 883; baseline -0.006 -14"><span class='ocrx_word' id='word_1_44' title='bbox 556 817 624 870; x_wconf 79' lang='lat' dir='ltr'><strong>ad</strong></span> <span class='ocrx_word' id='word_1_45' title='bbox 654 832 767 877; x_wconf 87' lang='lat' dir='ltr'><strong>nos,</strong></span> <span class='ocrx_word' id='word_1_46' title='bbox 799 823 853 866; x_wconf 90' lang='lat' dir='ltr'><strong>ut</strong></span> <span class='ocrx_word' id='word_1_47' title='bbox 873 815 1153 883; x_wconf 84' lang='lat' dir='ltr'><strong>interﬁciat</strong></span> <span class='ocrx_word' id='word_1_48' title='bbox 1174 829 1268 864; x_wconf 87' lang='lat' dir='ltr'><strong>nos</strong></span> <span class='ocrx_word' id='word_1_49' title='bbox 1294 820 1340 863; x_wconf 90' lang='lat' dir='ltr'><strong>et</strong></span> <span class='ocrx_word' id='word_1_50' title='bbox 1357 812 1597 880; x_wconf 81' lang='lat' dir='ltr'><strong>populum</strong></span> <span class='ocrx_word' id='word_1_51' title='bbox 1620 817 1866 862; x_wconf 69' lang='lat' dir='ltr'><strong>nostrum.</strong></span> <span class='ocrx_word' id='word_1_52' title='bbox 1892 806 2131 875; x_wconf 74' lang='lat' dir='ltr'><strong>Satrapze</strong></span> 
     </span>
    </p>
   </div>
   <div class='ocr_carea' id='block_1_9' title="bbox 556 896 2130 962">
    <p class='ocr_par' dir='ltr' id='par_1_9' title="bbox 556 896 2130 962">
     <span class='ocr_line' id='line_1_9' title="bbox 556 896 2130 962; baseline -0.004 -6"><span class='ocrx_word' id='word_1_53' title='bbox 556 904 835 958; x_wconf 76' lang='lat' dir='ltr'><strong>consilium</strong></span> <span class='ocrx_word' id='word_1_54' title='bbox 884 903 1140 962; x_wconf 88' lang='lat' dir='ltr'><strong>tribuunt,</strong></span> <span class='ocrx_word' id='word_1_55' title='bbox 1186 899 1468 953; x_wconf 83' lang='lat' dir='ltr'><strong>dicentes:</strong></span> <span class='ocrx_word' id='word_1_56' title='bbox 1505 897 1759 949; x_wconf 84' lang='lat' dir='ltr'><strong>Dimitti&#39;e</strong></span> <span class='ocrx_word' id='word_1_57' title='bbox 1805 913 1980 948; x_wconf 80' lang='lat' dir='ltr'><strong>arcam</strong></span> <span class='ocrx_word' id='word_1_58' title='bbox 2034 896 2130 950; x_wconf 86' lang='lat' dir='ltr'><strong>Dei</strong></span> 
     </span>
    </p>
   </div>
   <div class='ocr_carea' id='block_1_10' title="bbox 560 987 2134 1060">
    <p class='ocr_par' dir='ltr' id='par_1_10' title="bbox 560 987 2134 1060">
     <span class='ocr_line' id='line_1_10' title="bbox 560 987 2134 1060; baseline -0.005 -11"><span class='ocrx_word' id='word_1_59' title='bbox 560 993 743 1058; x_wconf 86' lang='lat' dir='ltr'><strong>Israel,</strong></span> <span class='ocrx_word' id='word_1_60' title='bbox 774 1004 829 1046; x_wconf 85' lang='lat' dir='ltr'><strong>ut</strong></span> <span class='ocrx_word' id='word_1_61' title='bbox 858 1011 957 1046; x_wconf 90' lang='lat' dir='ltr'><strong>non</strong></span> <span class='ocrx_word' id='word_1_62' title='bbox 985 993 1260 1060; x_wconf 85' lang='lat' dir='ltr'><strong>interﬁciat</strong></span> <span class='ocrx_word' id='word_1_63' title='bbox 1291 1008 1382 1044; x_wconf 87' lang='lat' dir='ltr'><strong>nos</strong></span> <span class='ocrx_word' id='word_1_64' title='bbox 1410 1007 1523 1042; x_wconf 88' lang='lat' dir='ltr'><strong>cum</strong></span> <span class='ocrx_word' id='word_1_65' title='bbox 1553 989 1741 1058; x_wconf 89' lang='lat' dir='ltr'><strong>popqu</strong></span> <span class='ocrx_word' id='word_1_66' title='bbox 1778 997 1972 1042; x_wconf 87' lang='lat' dir='ltr'><strong>nostro.</strong></span> <span class='ocrx_word' id='word_1_67' title='bbox 2005 987 2134 1053; x_wconf 85' lang='lat' dir='ltr'><strong>Quis</strong></span> 
     </span>
    </p>
   </div>
   <div class='ocr_carea' id='block_1_11' title="bbox 557 1079 2129 1153">
    <p class='ocr_par' dir='ltr' id='par_1_11' title="bbox 557 1079 2129 1153">
     <span class='ocr_line' id='line_1_11' title="bbox 557 1079 2129 1153; baseline -0.007 -14"><span class='ocrx_word' id='word_1_68' title='bbox 557 1092 640 1139; x_wconf 89' lang='lat' dir='ltr'><strong>est</strong></span> <span class='ocrx_word' id='word_1_69' title='bbox 669 1085 916 1153; x_wconf 83' lang='lat' dir='ltr'><strong>populus.</strong></span> <span class='ocrx_word' id='word_1_70' title='bbox 937 1083 1003 1136; x_wconf 92' lang='lat' dir='ltr'><strong>de</strong></span> <span class='ocrx_word' id='word_1_71' title='bbox 1025 1098 1130 1151; x_wconf 86' lang='lat' dir='ltr'><strong>quo</strong></span> <span class='ocrx_word' id='word_1_72' title='bbox 1153 1091 1400 1149; x_wconf 76' lang='lat' dir='ltr'><strong>satrapze,</strong></span> <span class='ocrx_word' id='word_1_73' title='bbox 1425 1080 1471 1132; x_wconf 90' lang='lat' dir='ltr'><strong>id</strong></span> <span class='ocrx_word' id='word_1_74' title='bbox 1496 1087 1578 1132; x_wconf 88' lang='lat' dir='ltr'><strong>est</strong></span> <span class='ocrx_word' id='word_1_75' title='bbox 1603 1079 1888 1146; x_wconf 78' lang='lat' dir='ltr'><strong>principes,</strong></span> <span class='ocrx_word' id='word_1_76' title='bbox 1912 1079 2129 1131; x_wconf 78' lang='lat' dir='ltr'><strong>dicunt:</strong></span> 
     </span>
    </p>
   </div>
   <div class='ocr_carea' id='block_1_12' title="bbox 559 1168 2133 1241">
    <p class='ocr_par' dir='ltr' id='par_1_12' title="bbox 559 1168 2133 1241">
     <span class='ocr_line' id='line_1_12' title="bbox 559 1168 2133 1241; baseline -0.004 -14"><span class='ocrx_word' id='word_1_77' title='bbox 559 1185 615 1227; x_wconf 90' lang='lat' dir='ltr'><strong>ut</strong></span> <span class='ocrx_word' id='word_1_78' title='bbox 635 1191 736 1227; x_wconf 83' lang='lat' dir='ltr'><strong>non</strong></span> <span class='ocrx_word' id='word_1_79' title='bbox 765 1174 1041 1241; x_wconf 80' lang='lat' dir='ltr'><strong>interﬁciat</strong></span> <span class='ocrx_word' id='word_1_80' title='bbox 1065 1188 1154 1224; x_wconf 87' lang='lat' dir='ltr'><strong>nos</strong></span> <span class='ocrx_word' id='word_1_81' title='bbox 1178 1188 1290 1224; x_wconf 85' lang='lat' dir='ltr'><strong>cum</strong></span> <span class='ocrx_word' id='word_1_82' title='bbox 1317 1170 1501 1239; x_wconf 81' lang='lat' dir='ltr'><strong>populo</strong></span> <span class='ocrx_word' id='word_1_83' title='bbox 1530 1170 1742 1222; x_wconf 84' lang='lat' dir='ltr'><strong>nostra?</strong></span> <span class='ocrx_word' id='word_1_84' title='bbox 1768 1168 1896 1233; x_wconf 86' lang='lat' dir='ltr'><strong>Quis</strong></span> <span class='ocrx_word' id='word_1_85' title='bbox 1924 1176 2006 1222; x_wconf 90' lang='lat' dir='ltr'><strong>est</strong></span> <span class='ocrx_word' id='word_1_86' title='bbox 2039 1182 2133 1236; x_wconf 86' lang='lat' dir='ltr'><strong>po-</strong></span> 
     </span>
    </p>
   </div>
   <div class='ocr_carea' id='block_1_13' title="bbox 563 1256 2134 1333">
    <p class='ocr_par' dir='ltr' id='par_1_13' title="bbox 563 1256 2134 1333">
     <span class='ocr_line' id='line_1_13' title="bbox 563 1256 2134 1333; baseline -0.004 -17"><span class='ocrx_word' id='word_1_87' title='bbox 563 1263 740 1333; x_wconf 86' lang='lat' dir='ltr'><strong>pulus,</strong></span> <span class='ocrx_word' id='word_1_88' title='bbox 772 1262 870 1316; x_wconf 89' lang='lat' dir='ltr'><strong>nisi</strong></span> <span class='ocrx_word' id='word_1_89' title='bbox 900 1261 1128 1329; x_wconf 89' lang='lat' dir='ltr'><strong>populus</strong></span> <span class='ocrx_word' id='word_1_90' title='bbox 1152 1259 1524 1312; x_wconf 89' lang='lat' dir='ltr'><strong>Christianus?</strong></span> <span class='ocrx_word' id='word_1_91' title='bbox 1553 1257 1747 1312; x_wconf 90' lang='lat' dir='ltr'><strong>Dicunt</strong></span> <span class='ocrx_word' id='word_1_92' title='bbox 1778 1272 1907 1323; x_wconf 67' lang='lat' dir='ltr'><strong>ergo</strong></span> <span class='ocrx_word' id='word_1_93' title='bbox 1937 1256 2134 1325; x_wconf 89' lang='lat' dir='ltr'><strong>princi-</strong></span> 
     </span>
    </p>
   </div>
   <div class='ocr_carea' id='block_1_14' title="bbox 557 1347 2136 1422">
    <p class='ocr_par' dir='ltr' id='par_1_14' title="bbox 557 1347 2136 1422">
     <span class='ocr_line' id='line_1_14' title="bbox 557 1347 2136 1422; baseline -0.006 -15"><span class='ocrx_word' id='word_1_94' title='bbox 557 1366 671 1422; x_wconf 88' lang='lat' dir='ltr'><strong>pes,</strong></span> <span class='ocrx_word' id='word_1_95' title='bbox 697 1352 952 1406; x_wconf 84' lang='lat' dir='ltr'><strong>Dimittite</strong></span> <span class='ocrx_word' id='word_1_96' title='bbox 973 1367 1148 1404; x_wconf 87' lang='lat' dir='ltr'><strong>arcam</strong></span> <span class='ocrx_word' id='word_1_97' title='bbox 1171 1349 1268 1402; x_wconf 83' lang='lat' dir='ltr'><strong>Dei</strong></span> <span class='ocrx_word' id='word_1_98' title='bbox 1298 1348 1484 1409; x_wconf 85' lang='lat' dir='ltr'><strong>Israel,</strong></span> <span class='ocrx_word' id='word_1_99' title='bbox 1515 1356 1570 1400; x_wconf 85' lang='lat' dir='ltr'><strong>ut</strong></span> <span class='ocrx_word' id='word_1_100' title='bbox 1592 1355 1872 1400; x_wconf 82' lang='lat' dir='ltr'><strong>revertatur</strong></span> <span class='ocrx_word' id='word_1_101' title='bbox 1895 1348 1947 1399; x_wconf 88' lang='lat' dir='ltr'><strong>in</strong></span> <span class='ocrx_word' id='word_1_102' title='bbox 1970 1347 2136 1400; x_wconf 87' lang='lat' dir='ltr'><strong>locum</strong></span> 
     </span>
    </p>
   </div>
   <div class='ocr_carea' id='block_1_15' title="bbox 559 1436 2133 1507">
    <p class='ocr_par' dir='ltr' id='par_1_15' title="bbox 559 1436 2133 1507">
     <span class='ocr_line' id='line_1_15' title="bbox 559 1436 2133 1507; baseline -0.006 -10"><span class='ocrx_word' id='word_1_103' title='bbox 559 1459 727 1497; x_wconf 73' lang='lat' dir='ltr'><strong>suum.</strong></span> <span class='ocrx_word' id='word_1_104' title='bbox 757 1440 915 1507; x_wconf 82' lang='lat' dir='ltr'><strong>Quasi</strong></span> <span class='ocrx_word' id='word_1_105' title='bbox 939 1440 1081 1494; x_wconf 82' lang='lat' dir='ltr'><strong>dicat</strong></span> <span class='ocrx_word' id='word_1_106' title='bbox 1104 1438 1208 1493; x_wconf 89' lang='lat' dir='ltr'><strong>hoc</strong></span> <span class='ocrx_word' id='word_1_107' title='bbox 1234 1454 1245 1491; x_wconf 93' lang='lat'><strong>:</strong></span> <span class='ocrx_word' id='word_1_108' title='bbox 1282 1436 1437 1492; x_wconf 87' lang='lat' dir='ltr'><strong>Unde</strong></span> <span class='ocrx_word' id='word_1_109' title='bbox 1459 1452 1553 1491; x_wconf 90' lang='lat' dir='ltr'><strong>vos</strong></span> <span class='ocrx_word' id='word_1_110' title='bbox 1575 1437 1711 1490; x_wconf 91' lang='lat' dir='ltr'><strong>mori</strong></span> <span class='ocrx_word' id='word_1_111' title='bbox 1741 1436 2133 1506; x_wconf 87' lang='lat' dir='ltr'><strong>pertimescitis,</strong></span> 
     </span>
    </p>
   </div>
   <div class='ocr_carea' id='block_1_16' title="bbox 559 1525 2136 1594">
    <p class='ocr_par' dir='ltr' id='par_1_16' title="bbox 559 1525 2136 1594">
     <span class='ocr_line' id='line_1_16' title="bbox 559 1525 2136 1594; baseline -0.007 -5"><span class='ocrx_word' id='word_1_112' title='bbox 559 1535 713 1589; x_wconf 89' lang='lat' dir='ltr'><strong>nobis</strong></span> <span class='ocrx_word' id='word_1_113' title='bbox 751 1533 818 1586; x_wconf 91' lang='lat' dir='ltr'><strong>ad</strong></span> <span class='ocrx_word' id='word_1_114' title='bbox 845 1539 1059 1585; x_wconf 59' lang='lat' dir='ltr'><strong>aeterna:</strong></span> <span class='ocrx_word' id='word_1_115' title='bbox 1089 1530 1210 1583; x_wconf 63' lang='lat' dir='ltr'><strong>vitae</strong></span> <span class='ocrx_word' id='word_1_116' title='bbox 1237 1528 1486 1582; x_wconf 89' lang='lat' dir='ltr'><strong>meritum</strong></span> <span class='ocrx_word' id='word_1_117' title='bbox 1532 1541 1786 1582; x_wconf 89' lang='lat' dir='ltr'><strong>exercere</strong></span> <span class='ocrx_word' id='word_1_118' title='bbox 1814 1541 1920 1580; x_wconf 85' lang='lat' dir='ltr'><strong>non</strong></span> <span class='ocrx_word' id='word_1_119' title='bbox 1950 1525 2136 1594; x_wconf 81' lang='lat' dir='ltr'><strong>prohi-</strong></span> 
     </span>
    </p>
   </div>
   <div class='ocr_carea' id='block_1_17' title="bbox 563 1615 2136 1689">
    <p class='ocr_par' dir='ltr' id='par_1_17' title="bbox 563 1615 2136 1689">
     <span class='ocr_line' id='line_1_17' title="bbox 563 1615 2136 1689; baseline -0.01 -10"><span class='ocrx_word' id='word_1_120' title='bbox 563 1623 755 1679; x_wconf 79' lang='lat' dir='ltr'><strong>beatis.</strong></span> <span class='ocrx_word' id='word_1_121' title='bbox 781 1621 887 1676; x_wconf 88' lang='lat' dir='ltr'><strong>Sed</strong></span> <span class='ocrx_word' id='word_1_122' title='bbox 917 1619 1060 1689; x_wconf 91' lang='lat' dir='ltr'><strong>quod</strong></span> <span class='ocrx_word' id='word_1_123' title='bbox 1091 1618 1326 1671; x_wconf 87' lang='lat' dir='ltr'><strong>addunt:</strong></span> <span class='ocrx_word' id='word_1_124' title='bbox 1375 1615 1443 1670; x_wconf 90' lang='lat' dir='ltr'><strong>Ut</strong></span> <span class='ocrx_word' id='word_1_125' title='bbox 1467 1631 1570 1668; x_wconf 85' lang='lat' dir='ltr'><strong>non</strong></span> <span class='ocrx_word' id='word_1_126' title='bbox 1591 1615 1870 1684; x_wconf 83' lang='lat' dir='ltr'><strong>interﬁciat</strong></span> <span class='ocrx_word' id='word_1_127' title='bbox 1897 1629 1991 1667; x_wconf 89' lang='lat' dir='ltr'><strong>nos</strong></span> <span class='ocrx_word' id='word_1_128' title='bbox 2021 1627 2136 1665; x_wconf 88' lang='lat' dir='ltr'><strong>cum</strong></span> 
     </span>
    </p>
   </div>
   <div class='ocr_carea' id='block_1_18' title="bbox 2233 455 3774 525">
    <p class='ocr_par' dir='ltr' id='par_1_18' title="bbox 2233 455 3774 525">
     <span class='ocr_line' id='line_1_18' title="bbox 2233 455 3774 525; baseline 0.005 -18"><span class='ocrx_word' id='word_1_129' title='bbox 2233 469 2412 507; x_wconf 91' lang='lat' dir='ltr'><strong>rorum</strong></span> <span class='ocrx_word' id='word_1_130' title='bbox 2452 462 2802 508; x_wconf 92' lang='lat' dir='ltr'><strong>mortuorum.</strong></span> <span class='ocrx_word' id='word_1_131' title='bbox 2854 455 2961 510; x_wconf 86' lang='lat' dir='ltr'><strong>Sed</strong></span> <span class='ocrx_word' id='word_1_132' title='bbox 2999 455 3124 523; x_wconf 88' lang='lat' dir='ltr'><strong>quia</strong></span> <span class='ocrx_word' id='word_1_133' title='bbox 3172 457 3571 525; x_wconf 86' lang='lat' dir='ltr'><strong>percussionem</strong></span> <span class='ocrx_word' id='word_1_134' title='bbox 3599 460 3774 514; x_wconf 86' lang='lat' dir='ltr'><strong>natium</strong></span> 
     </span>
    </p>
   </div>
   <div class='ocr_carea' id='block_1_19' title="bbox 2230 544 3775 614">
    <p class='ocr_par' dir='ltr' id='par_1_19' title="bbox 2230 544 3775 614">
     <span class='ocr_line' id='line_1_19' title="bbox 2230 544 3775 614; baseline 0.005 -17"><span class='ocrx_word' id='word_1_135' title='bbox 2230 544 2480 612; x_wconf 90' lang='lat' dir='ltr'><strong>superius</strong></span> <span class='ocrx_word' id='word_1_136' title='bbox 2502 545 2782 599; x_wconf 80' lang='lat' dir='ltr'><strong>retulimus</strong></span> <span class='ocrx_word' id='word_1_137' title='bbox 2811 545 2876 598; x_wconf 89' lang='lat' dir='ltr'><strong>ad</strong></span> <span class='ocrx_word' id='word_1_138' title='bbox 2904 546 3263 612; x_wconf 76' lang='lat' dir='ltr'><strong>cogni&#39;ionem</strong></span> <span class='ocrx_word' id='word_1_139' title='bbox 3289 556 3649 614; x_wconf 83' lang='lat' dir='ltr'><strong>peccatorum,</strong></span> <span class='ocrx_word' id='word_1_140' title='bbox 3677 563 3775 604; x_wconf 84' lang='lat' dir='ltr'><strong>sunt</strong></span> 
     </span>
    </p>
   </div>
   <div class='ocr_carea' id='block_1_20' title="bbox 2232 631 3776 705">
    <p class='ocr_par' dir='ltr' id='par_1_20' title="bbox 2232 631 3776 705">
     <span class='ocr_line' id='line_1_20' title="bbox 2232 631 3776 705; baseline 0.003 -20"><span class='ocrx_word' id='word_1_141' title='bbox 2232 631 2472 700; x_wconf 79' lang='lat' dir='ltr'><strong>profecto</strong></span> <span class='ocrx_word' id='word_1_142' title='bbox 2504 633 2622 697; x_wconf 88' lang='lat' dir='ltr'><strong>viri,</strong></span> <span class='ocrx_word' id='word_1_143' title='bbox 2655 633 2745 702; x_wconf 86' lang='lat' dir='ltr'><strong>qui</strong></span> <span class='ocrx_word' id='word_1_144' title='bbox 2771 649 2876 687; x_wconf 92' lang='lat' dir='ltr'><strong>non</strong></span> <span class='ocrx_word' id='word_1_145' title='bbox 2899 642 3026 687; x_wconf 88' lang='lat' dir='ltr'><strong>sunt</strong></span> <span class='ocrx_word' id='word_1_146' title='bbox 3055 635 3270 688; x_wconf 91' lang='lat' dir='ltr'><strong>mortui.</strong></span> <span class='ocrx_word' id='word_1_147' title='bbox 3302 635 3416 688; x_wconf 83' lang='lat' dir='ltr'><strong>Viri</strong></span> <span class='ocrx_word' id='word_1_148' title='bbox 3439 636 3632 704; x_wconf 85' lang='lat' dir='ltr'><strong>quippe</strong></span> <span class='ocrx_word' id='word_1_149' title='bbox 3657 652 3776 705; x_wconf 81' lang='lat' dir='ltr'><strong>sunt,</strong></span> 
     </span>
    </p>
   </div>
   <div class='ocr_carea' id='block_1_21' title="bbox 2230 722 3779 795">
    <p class='ocr_par' dir='ltr' id='par_1_21' title="bbox 2230 722 3779 795">
     <span class='ocr_line' id='line_1_21' title="bbox 2230 722 3779 795; baseline 0.006 -22"><span class='ocrx_word' id='word_1_150' title='bbox 2230 722 2320 788; x_wconf 89' lang='lat' dir='ltr'><strong>qui</strong></span> <span class='ocrx_word' id='word_1_151' title='bbox 2358 736 2455 790; x_wconf 89' lang='lat' dir='ltr'><strong>pro</strong></span> <span class='ocrx_word' id='word_1_152' title='bbox 2483 729 2678 776; x_wconf 65' lang='lat' dir='ltr'><strong>(eterna</strong></span> <span class='ocrx_word' id='word_1_153' title='bbox 2703 724 2809 777; x_wconf 78' lang='lat' dir='ltr'><strong>vita</strong></span> <span class='ocrx_word' id='word_1_154' title='bbox 2839 738 2997 791; x_wconf 91' lang='lat' dir='ltr'><strong>quam</strong></span> <span class='ocrx_word' id='word_1_155' title='bbox 3029 733 3311 794; x_wconf 85' lang='lat' dir='ltr'><strong>appetunt,</strong></span> <span class='ocrx_word' id='word_1_156' title='bbox 3345 740 3505 795; x_wconf 76' lang='lat' dir='ltr'><strong>agere</strong></span> <span class='ocrx_word' id='word_1_157' title='bbox 3528 725 3678 781; x_wconf 79' lang='lat' dir='ltr'><strong>fortia</strong></span> <span class='ocrx_word' id='word_1_158' title='bbox 3703 731 3779 782; x_wconf 86' lang='lat' dir='ltr'><strong>de-</strong></span> 
     </span>
    </p>
   </div>
   <div class='ocr_carea' id='block_1_22' title="bbox 2233 813 3781 890">
    <p class='ocr_par' dir='ltr' id='par_1_22' title="bbox 2233 813 3781 890">
     <span class='ocr_line' id='line_1_22' title="bbox 2233 813 3781 890; baseline 0.008 -26"><span class='ocrx_word' id='word_1_159' title='bbox 2233 821 2538 867; x_wconf 85' lang='lat' dir='ltr'><strong>creverunt.</strong></span> <span class='ocrx_word' id='word_1_160' title='bbox 2586 813 2692 868; x_wconf 87' lang='lat' dir='ltr'><strong>Sed</strong></span> <span class='ocrx_word' id='word_1_161' title='bbox 2739 813 2836 868; x_wconf 89' lang='lat' dir='ltr'><strong>viri</strong></span> <span class='ocrx_word' id='word_1_162' title='bbox 2885 814 3059 871; x_wconf 87' lang='lat' dir='ltr'><strong>adhuc</strong></span> <span class='ocrx_word' id='word_1_163' title='bbox 3103 832 3210 871; x_wconf 91' lang='lat' dir='ltr'><strong>non</strong></span> <span class='ocrx_word' id='word_1_164' title='bbox 3259 828 3386 871; x_wconf 90' lang='lat' dir='ltr'><strong>sunt</strong></span> <span class='ocrx_word' id='word_1_165' title='bbox 3433 819 3660 882; x_wconf 87' lang='lat' dir='ltr'><strong>mortui,</strong></span> <span class='ocrx_word' id='word_1_166' title='bbox 3707 825 3781 890; x_wconf 89' lang='lat' dir='ltr'><strong>qui</strong></span> 
     </span>
    </p>
   </div>
   <div class='ocr_carea' id='block_1_23' title="bbox 2234 901 3781 976">
    <p class='ocr_par' dir='ltr' id='par_1_23' title="bbox 2234 901 3781 976">
     <span class='ocr_line' id='line_1_23' title="bbox 2234 901 3781 976; baseline 0.007 -23"><span class='ocrx_word' id='word_1_167' title='bbox 2234 912 2394 966; x_wconf 74' lang='lat' dir='ltr'><strong>agere</strong></span> <span class='ocrx_word' id='word_1_168' title='bbox 2427 915 2617 968; x_wconf 78' lang='lat' dir='ltr'><strong>magna</strong></span> <span class='ocrx_word' id='word_1_169' title='bbox 2648 901 2965 970; x_wconf 89' lang='lat' dir='ltr'><strong>deliberant,</strong></span> <span class='ocrx_word' id='word_1_170' title='bbox 3003 905 3155 976; x_wconf 61' lang='lat'><strong>15.3</strong></span> <span class='ocrx_word' id='word_1_171' title='bbox 3185 914 3238 960; x_wconf 91' lang='lat' dir='ltr'><strong>et</strong></span> <span class='ocrx_word' id='word_1_172' title='bbox 3265 914 3443 961; x_wconf 89' lang='lat' dir='ltr'><strong>tamen</strong></span> <span class='ocrx_word' id='word_1_173' title='bbox 3474 907 3542 962; x_wconf 90' lang='lat' dir='ltr'><strong>ad</strong></span> <span class='ocrx_word' id='word_1_174' title='bbox 3570 909 3781 964; x_wconf 86' lang='lat' dir='ltr'><strong>dolorem</strong></span> 
     </span>
    </p>
   </div>
   <div class='ocr_carea' id='block_1_24' title="bbox 2234 991 3782 1064">
    <p class='ocr_par' dir='ltr' id='par_1_24' title="bbox 2234 991 3782 1064">
     <span class='ocr_line' id='line_1_24' title="bbox 2234 991 3782 1064; baseline 0.006 -20"><span class='ocrx_word' id='word_1_175' title='bbox 2234 991 2664 1059; x_wconf 89' lang='lat' dir='ltr'><strong>compunctionis</strong></span> <span class='ocrx_word' id='word_1_176' title='bbox 2706 993 2844 1046; x_wconf 89' lang='lat' dir='ltr'><strong>mala</strong></span> <span class='ocrx_word' id='word_1_177' title='bbox 2874 995 3143 1062; x_wconf 66' lang='lat' dir='ltr'><strong>prieterita</strong></span> <span class='ocrx_word' id='word_1_178' title='bbox 3183 1009 3522 1064; x_wconf 87' lang='lat' dir='ltr'><strong>nequaquam</strong></span> <span class='ocrx_word' id='word_1_179' title='bbox 3562 1011 3782 1064; x_wconf 80' lang='lat' dir='ltr'><strong>pensant.</strong></span> 
     </span>
    </p>
   </div>
   <div class='ocr_carea' id='block_1_25' title="bbox 2236 1079 3784 1153">
    <p class='ocr_par' dir='ltr' id='par_1_25' title="bbox 2236 1079 3784 1153">
     <span class='ocr_line' id='line_1_25' title="bbox 2236 1079 3784 1153; baseline 0.005 -23"><span class='ocrx_word' id='word_1_180' title='bbox 2236 1079 2546 1134; x_wconf 84' lang='lat' dir='ltr'><strong>Mordentur</strong></span> <span class='ocrx_word' id='word_1_181' title='bbox 2574 1095 2701 1149; x_wconf 81' lang='lat' dir='ltr'><strong>ergo</strong></span> <span class='ocrx_word' id='word_1_182' title='bbox 2731 1097 2761 1134; x_wconf 91' lang='lat' dir='ltr'><strong>a</strong></span> <span class='ocrx_word' id='word_1_183' title='bbox 2792 1082 3051 1147; x_wconf 87' lang='lat' dir='ltr'><strong>tnuribns,</strong></span> <span class='ocrx_word' id='word_1_184' title='bbox 3102 1090 3160 1137; x_wconf 90' lang='lat' dir='ltr'><strong>ut</strong></span> <span class='ocrx_word' id='word_1_185' title='bbox 3213 1085 3550 1138; x_wconf 84' lang='lat' dir='ltr'><strong>moriantur:</strong></span> <span class='ocrx_word' id='word_1_186' title='bbox 3595 1085 3710 1153; x_wconf 81' lang='lat' dir='ltr'><strong>quia</strong></span> <span class='ocrx_word' id='word_1_187' title='bbox 3745 1092 3784 1138; x_wconf 77' lang='lat' dir='ltr'><strong>iu</strong></span> 
     </span>
    </p>
   </div>
   <div class='ocr_carea' id='block_1_26' title="bbox 2235 1169 3786 1242">
    <p class='ocr_par' dir='ltr' id='par_1_26' title="bbox 2235 1169 3786 1242">
     <span class='ocr_line' id='line_1_26' title="bbox 2235 1169 3786 1242; baseline 0.006 -23"><span class='ocrx_word' id='word_1_188' title='bbox 2235 1169 2429 1236; x_wconf 88' lang='lat' dir='ltr'><strong>quibus</strong></span> <span class='ocrx_word' id='word_1_189' title='bbox 2469 1170 2718 1239; x_wconf 86' lang='lat' dir='ltr'><strong>nequiter</strong></span> <span class='ocrx_word' id='word_1_190' title='bbox 2745 1171 3076 1239; x_wconf 90' lang='lat' dir='ltr'><strong>ceciderunt,</strong></span> <span class='ocrx_word' id='word_1_191' title='bbox 3105 1172 3369 1240; x_wconf 84' lang='lat' dir='ltr'><strong>recolunt,</strong></span> <span class='ocrx_word' id='word_1_192' title='bbox 3401 1181 3459 1227; x_wconf 91' lang='lat' dir='ltr'><strong>et</strong></span> <span class='ocrx_word' id='word_1_193' title='bbox 3487 1188 3585 1242; x_wconf 88' lang='lat' dir='ltr'><strong>pro</strong></span> <span class='ocrx_word' id='word_1_194' title='bbox 3623 1189 3786 1240; x_wconf 71' lang='lat' dir='ltr'><strong>praeve-</strong></span> 
     </span>
    </p>
   </div>
   <div class='ocr_carea' id='block_1_27' title="bbox 2237 1257 3787 1327">
    <p class='ocr_par' dir='ltr' id='par_1_27' title="bbox 2237 1257 3787 1327">
     <span class='ocr_line' id='line_1_27' title="bbox 2237 1257 3787 1327; baseline 0.005 -17"><span class='ocrx_word' id='word_1_195' title='bbox 2237 1257 2353 1310; x_wconf 89' lang='lat' dir='ltr'><strong>ritis</strong></span> <span class='ocrx_word' id='word_1_196' title='bbox 2393 1257 2598 1312; x_wconf 87' lang='lat' dir='ltr'><strong>actibus</strong></span> <span class='ocrx_word' id='word_1_197' title='bbox 2638 1273 2696 1312; x_wconf 88' lang='lat' dir='ltr'><strong>se</strong></span> <span class='ocrx_word' id='word_1_198' title='bbox 2724 1260 3021 1327; x_wconf 81' lang='lat' dir='ltr'><strong>promereri</strong></span> <span class='ocrx_word' id='word_1_199' title='bbox 3060 1270 3276 1315; x_wconf 69' lang='lat' dir='ltr'><strong>interna:</strong></span> <span class='ocrx_word' id='word_1_200' title='bbox 3307 1263 3432 1316; x_wconf 67' lang='lat' dir='ltr'><strong>vitae</strong></span> <span class='ocrx_word' id='word_1_201' title='bbox 3469 1264 3787 1318; x_wconf 77' lang='lat' dir='ltr'><strong>amissionem</strong></span> 
     </span>
    </p>
   </div>
   <div class='ocr_carea' id='block_1_28' title="bbox 2236 1343 3787 1413">
    <p class='ocr_par' dir='ltr' id='par_1_28' title="bbox 2236 1343 3787 1413">
     <span class='ocr_line' id='line_1_28' title="bbox 2236 1343 3787 1413; baseline 0.006 -15"><span class='ocrx_word' id='word_1_202' title='bbox 2236 1344 2476 1399; x_wconf 88' lang='lat' dir='ltr'><strong>credunt.</strong></span> <span class='ocrx_word' id='word_1_203' title='bbox 2505 1343 2640 1410; x_wconf 87' lang='lat' dir='ltr'><strong>Quia</strong></span> <span class='ocrx_word' id='word_1_204' title='bbox 2663 1359 2791 1413; x_wconf 81' lang='lat' dir='ltr'><strong>ergo</strong></span> <span class='ocrx_word' id='word_1_205' title='bbox 2812 1347 2910 1401; x_wconf 92' lang='lat' dir='ltr'><strong>viri</strong></span> <span class='ocrx_word' id='word_1_206' title='bbox 2937 1358 3080 1412; x_wconf 90' lang='lat' dir='ltr'><strong>sunt,</strong></span> <span class='ocrx_word' id='word_1_207' title='bbox 3105 1350 3172 1404; x_wconf 90' lang='lat' dir='ltr'><strong>de</strong></span> <span class='ocrx_word' id='word_1_208' title='bbox 3201 1350 3294 1404; x_wconf 90' lang='lat' dir='ltr'><strong>Dei</strong></span> <span class='ocrx_word' id='word_1_209' title='bbox 3319 1352 3683 1406; x_wconf 87' lang='lat' dir='ltr'><strong>misericordia</strong></span> <span class='ocrx_word' id='word_1_210' title='bbox 3702 1370 3787 1408; x_wconf 76' lang='lat' dir='ltr'><strong>non</strong></span> 
     </span>
    </p>
   </div>
   <div class='ocr_carea' id='block_1_29' title="bbox 2237 1433 3788 1509">
    <p class='ocr_par' dir='ltr' id='par_1_29' title="bbox 2237 1433 3788 1509">
     <span class='ocr_line' id='line_1_29' title="bbox 2237 1433 3788 1509; baseline 0.006 -21"><span class='ocrx_word' id='word_1_211' title='bbox 2237 1433 2554 1504; x_wconf 76' lang='lat' dir='ltr'><strong>desperant:</strong></span> <span class='ocrx_word' id='word_1_212' title='bbox 2584 1443 2638 1490; x_wconf 90' lang='lat' dir='ltr'><strong>et</strong></span> <span class='ocrx_word' id='word_1_213' title='bbox 2665 1436 2789 1504; x_wconf 89' lang='lat' dir='ltr'><strong>quia</strong></span> <span class='ocrx_word' id='word_1_214' title='bbox 2817 1438 3162 1497; x_wconf 89' lang='lat' dir='ltr'><strong>mordentur.</strong></span> <span class='ocrx_word' id='word_1_215' title='bbox 3191 1448 3250 1494; x_wconf 90' lang='lat' dir='ltr'><strong>ut</strong></span> <span class='ocrx_word' id='word_1_216' title='bbox 3286 1441 3618 1509; x_wconf 87' lang='lat' dir='ltr'><strong>moriantur,</strong></span> <span class='ocrx_word' id='word_1_217' title='bbox 3646 1442 3708 1497; x_wconf 89' lang='lat' dir='ltr'><strong>de</strong></span> <span class='ocrx_word' id='word_1_218' title='bbox 3735 1459 3788 1497; x_wconf 71' lang='grc' dir='ltr'><strong>(ο</strong></span> 
     </span>
    </p>
   </div>
   <div class='ocr_carea' id='block_1_30' title="bbox 2239 1515 3792 1596">
    <p class='ocr_par' dir='ltr' id='par_1_30' title="bbox 2239 1515 3792 1596">
     <span class='ocr_line' id='line_1_30' title="bbox 2239 1515 3792 1596; baseline 0.003 -16"><span class='ocrx_word' id='word_1_219' title='bbox 2239 1527 2381 1596; x_wconf 86' lang='lat' dir='ltr'><strong>quod</strong></span> <span class='ocrx_word' id='word_1_220' title='bbox 2408 1541 2584 1595; x_wconf 77' lang='lat' dir='ltr'><strong>magni</strong></span> <span class='ocrx_word' id='word_1_221' title='bbox 2613 1541 2732 1582; x_wconf 84' lang='lat' dir='ltr'><strong>esse</strong></span> <span class='ocrx_word' id='word_1_222' title='bbox 2757 1527 3034 1596; x_wconf 89' lang='lat' dir='ltr'><strong>incipiunt,</strong></span> <span class='ocrx_word' id='word_1_223' title='bbox 3067 1543 3127 1584; x_wconf 90' lang='lat' dir='ltr'><strong>se</strong></span> <span class='ocrx_word' id='word_1_224' title='bbox 3153 1545 3260 1584; x_wconf 90' lang='lat' dir='ltr'><strong>non</strong></span> <span class='ocrx_word' id='word_1_225' title='bbox 3291 1531 3550 1585; x_wconf 86' lang='lat' dir='ltr'><strong>exaltant.</strong></span> <span class='ocrx_word' id='word_1_226' title='bbox 3781 1515 3792 1518; x_wconf 57' lang='grc'><strong>’</strong></span> 
     </span>
    </p>
   </div>
   <div class='ocr_carea' id='block_1_31' title="bbox 2311 1613 3764 1684">
    <p class='ocr_par' dir='ltr' id='par_1_31' title="bbox 2311 1613 3764 1684">
     <span class='ocr_line' id='line_1_31' title="bbox 2311 1613 3764 1684; baseline 0.005 -18"><span class='ocrx_word' id='word_1_227' title='bbox 2311 1613 2398 1669; x_wconf 72' lang='grc'><strong>14.</strong></span> <span class='ocrx_word' id='word_1_228' title='bbox 2438 1616 2678 1681; x_wconf 87' lang='lat' dir='ltr'><strong>Quorum</strong></span> <span class='ocrx_word' id='word_1_229' title='bbox 2715 1615 2960 1684; x_wconf 83' lang='lat' dir='ltr'><strong>profecto</strong></span> <span class='ocrx_word' id='word_1_230' title='bbox 2990 1617 3198 1672; x_wconf 89' lang='lat' dir='ltr'><strong>clamor</strong></span> <span class='ocrx_word' id='word_1_231' title='bbox 3225 1618 3276 1672; x_wconf 92' lang='lat' dir='ltr'><strong>in</strong></span> <span class='ocrx_word' id='word_1_232' title='bbox 3302 1618 3497 1673; x_wconf 72' lang='lat' dir='ltr'><strong>omium</strong></span> <span class='ocrx_word' id='word_1_233' title='bbox 3537 1621 3764 1674; x_wconf 64' lang='lat' dir='ltr'><strong>ascend‘t</strong></span> 
     </span>
    </p>
   </div>
   <div class='ocr_carea' id='block_1_32' title="bbox 559 1703 3790 1781">
    <p class='ocr_par' dir='ltr' id='par_1_32' title="bbox 559 1703 3790 1781">
     <span class='ocr_line' id='line_1_32' title="bbox 559 1703 3790 1781; baseline -0.001 -15"><span class='ocrx_word' id='word_1_234' title='bbox 559 1711 748 1781; x_wconf 80' lang='lat' dir='ltr'><strong>populo</strong></span> <span class='ocrx_word' id='word_1_235' title='bbox 783 1718 980 1771; x_wconf 82' lang='lat' dir='ltr'><strong>nostra,</strong></span> <span class='ocrx_word' id='word_1_236' title='bbox 1010 1706 1303 1761; x_wconf 88' lang='lat' dir='ltr'><strong>Gentilium</strong></span> <span class='ocrx_word' id='word_1_237' title='bbox 1343 1705 1558 1773; x_wconf 88' lang='lat' dir='ltr'><strong>quidem</strong></span> <span class='ocrx_word' id='word_1_238' title='bbox 1589 1705 1943 1772; x_wconf 67' lang='lat' dir='ltr'><strong>re,~roborum</strong></span> <span class='ocrx_word' id='word_1_239' title='bbox 1973 1703 2134 1756; x_wconf 87' lang='lat' dir='ltr'><strong>corda</strong></span> <span class='ocrx_word' id='word_1_240' title='bbox 2168 1704 2213 1762; x_wconf 83' lang='grc' dir='ltr'><strong>Β</strong></span> <span class='ocrx_word' id='word_1_241' title='bbox 2238 1705 2361 1773; x_wconf 90' lang='lat' dir='ltr'><strong>quia</strong></span> <span class='ocrx_word' id='word_1_242' title='bbox 2416 1705 2757 1773; x_wconf 85' lang='lat' dir='ltr'><strong>omnipotens</strong></span> <span class='ocrx_word' id='word_1_243' title='bbox 2804 1705 2945 1761; x_wconf 84' lang='lat' dir='ltr'><strong>Deus</strong></span> <span class='ocrx_word' id='word_1_244' title='bbox 2986 1722 3371 1762; x_wconf 84' lang='lat' dir='ltr'><strong>conversorum</strong></span> <span class='ocrx_word' id='word_1_245' title='bbox 3417 1709 3651 1777; x_wconf 75' lang='lat' dir='ltr'><strong>gemitus</strong></span> <span class='ocrx_word' id='word_1_246' title='bbox 3701 1710 3790 1762; x_wconf 83' lang='lat' dir='ltr'><strong>c‘e-</strong></span> 
     </span>
    </p>
   </div>
   <div class='ocr_carea' id='block_1_33' title="bbox 561 1782 2132 1866">
    <p class='ocr_par' dir='ltr' id='par_1_33' title="bbox 561 1782 2132 1866">
     <span class='ocr_line' id='line_1_33' title="bbox 561 1782 2132 1866; baseline -0.006 -12"><span class='ocrx_word' id='word_1_247' title='bbox 561 1802 613 1854; x_wconf 88' lang='lat' dir='ltr'><strong>in</strong></span> <span class='ocrx_word' id='word_1_248' title='bbox 641 1813 823 1854; x_wconf 88' lang='lat' dir='ltr'><strong>errore</strong></span> <span class='ocrx_word' id='word_1_249' title='bbox 849 1813 947 1852; x_wconf 89' lang='lat' dir='ltr'><strong>suo</strong></span> <span class='ocrx_word' id='word_1_250' title='bbox 978 1813 1072 1866; x_wconf 61' lang='lat' dir='ltr'><strong>per</strong></span> <span class='ocrx_word' id='word_1_251' title='bbox 1102 1796 1240 1850; x_wconf 88' lang='lat' dir='ltr'><strong>hanc</strong></span> <span class='ocrx_word' id='word_1_252' title='bbox 1268 1795 1673 1864; x_wconf 86' lang='lat' dir='ltr'><strong>responsionem</strong></span> <span class='ocrx_word' id='word_1_253' title='bbox 1713 1810 1794 1848; x_wconf 91' lang='lat' dir='ltr'><strong>co.</strong></span> <span class='ocrx_word' id='word_1_254' title='bbox 1819 1782 2132 1858; x_wconf 60' lang='lat' dir='ltr'><strong>funduntur;</strong></span> 
     </span>
    </p>
   </div>
   <div class='ocr_carea' id='block_1_34' title="bbox 559 1882 2138 1947">
    <p class='ocr_par' dir='ltr' id='par_1_34' title="bbox 559 1882 2138 1947">
     <span class='ocr_line' id='line_1_34' title="bbox 559 1882 2138 1947; baseline -0.006 -3"><span class='ocrx_word' id='word_1_255' title='bbox 559 1889 686 1944; x_wconf 91' lang='lat' dir='ltr'><strong>dum</strong></span> <span class='ocrx_word' id='word_1_256' title='bbox 716 1890 840 1944; x_wconf 89' lang='lat' dir='ltr'><strong>inde</strong></span> <span class='ocrx_word' id='word_1_257' title='bbox 875 1903 933 1943; x_wconf 89' lang='lat' dir='ltr'><strong>se</strong></span> <span class='ocrx_word' id='word_1_258' title='bbox 971 1887 1059 1942; x_wconf 91' lang='lat' dir='ltr'><strong>isti</strong></span> <span class='ocrx_word' id='word_1_259' title='bbox 1089 1885 1420 1940; x_wconf 74' lang='lat' dir='ltr'><strong>afﬁrmarent</strong></span> <span class='ocrx_word' id='word_1_260' title='bbox 1447 1893 1675 1939; x_wconf 88' lang='lat' dir='ltr'><strong>mortem</strong></span> <span class='ocrx_word' id='word_1_261' title='bbox 1713 1883 1964 1947; x_wconf 85' lang='lat' dir='ltr'><strong>evadere,</strong></span> <span class='ocrx_word' id='word_1_262' title='bbox 1996 1882 2138 1936; x_wconf 87' lang='lat' dir='ltr'><strong>unde</strong></span> 
     </span>
    </p>
   </div>
   <div class='ocr_carea' id='block_1_35' title="bbox 558 1973 2137 2047">
    <p class='ocr_par' dir='ltr' id='par_1_35' title="bbox 558 1973 2137 2047">
     <span class='ocr_line' id='line_1_35' title="bbox 558 1973 2137 2047; baseline -0.004 -15"><span class='ocrx_word' id='word_1_263' title='bbox 558 1979 633 2032; x_wconf 90' lang='lat' dir='ltr'><strong>illi</strong></span> <span class='ocrx_word' id='word_1_264' title='bbox 663 1978 991 2047; x_wconf 85' lang='lat' dir='ltr'><strong>trepidarent</strong></span> <span class='ocrx_word' id='word_1_265' title='bbox 1020 1977 1178 2030; x_wconf 93' lang='lat' dir='ltr'><strong>mori.</strong></span> <span class='ocrx_word' id='word_1_266' title='bbox 1206 1975 1399 2030; x_wconf 84' lang='lat' dir='ltr'><strong>Arcam</strong></span> <span class='ocrx_word' id='word_1_267' title='bbox 1429 1990 1642 2045; x_wconf 89' lang='lat' dir='ltr'><strong>quoque</strong></span> <span class='ocrx_word' id='word_1_268' title='bbox 1683 1973 1777 2027; x_wconf 87' lang='lat' dir='ltr'><strong>Dei</strong></span> <span class='ocrx_word' id='word_1_269' title='bbox 1805 1973 1974 2027; x_wconf 89' lang='lat' dir='ltr'><strong>sancti</strong></span> <span class='ocrx_word' id='word_1_270' title='bbox 2003 1987 2137 2039; x_wconf 64' lang='lat' dir='ltr'><strong>tne-</strong></span> 
     </span>
    </p>
   </div>
   <div class='ocr_carea' id='block_1_36' title="bbox 558 2059 2134 2132">
    <p class='ocr_par' dir='ltr' id='par_1_36' title="bbox 558 2059 2134 2132">
     <span class='ocr_line' id='line_1_36' title="bbox 558 2059 2134 2132; baseline -0.006 -11"><span class='ocrx_word' id='word_1_271' title='bbox 558 2067 824 2121; x_wconf 85' lang='lat' dir='ltr'><strong>dicatores</strong></span> <span class='ocrx_word' id='word_1_272' title='bbox 850 2065 1132 2121; x_wconf 83' lang='lat' dir='ltr'><strong>auferunt:</strong></span> <span class='ocrx_word' id='word_1_273' title='bbox 1161 2063 1286 2132; x_wconf 88' lang='lat' dir='ltr'><strong>quia</strong></span> <span class='ocrx_word' id='word_1_274' title='bbox 1315 2064 1440 2117; x_wconf 89' lang='lat' dir='ltr'><strong>dum</strong></span> <span class='ocrx_word' id='word_1_275' title='bbox 1479 2061 1938 2130; x_wconf 88' lang='lat' dir='ltr'><strong>contemptoribus</strong></span> <span class='ocrx_word' id='word_1_276' title='bbox 1975 2059 2134 2129; x_wconf 85' lang='lat' dir='ltr'><strong>spiri-</strong></span> 
     </span>
    </p>
   </div>
   <div class='ocr_carea' id='block_1_37' title="bbox 561 2153 2134 2226">
    <p class='ocr_par' dir='ltr' id='par_1_37' title="bbox 561 2153 2134 2226">
     <span class='ocr_line' id='line_1_37' title="bbox 561 2153 2134 2226; baseline -0.002 -16"><span class='ocrx_word' id='word_1_277' title='bbox 561 2157 684 2211; x_wconf 82' lang='lat' dir='ltr'><strong>talia</strong></span> <span class='ocrx_word' id='word_1_278' title='bbox 713 2160 1033 2226; x_wconf 85' lang='lat' dir='ltr'><strong>pauduntur,</strong></span> <span class='ocrx_word' id='word_1_279' title='bbox 1059 2156 1124 2209; x_wconf 89' lang='lat' dir='ltr'><strong>ad</strong></span> <span class='ocrx_word' id='word_1_280' title='bbox 1161 2156 1558 2210; x_wconf 89' lang='lat' dir='ltr'><strong>damnationem</strong></span> <span class='ocrx_word' id='word_1_281' title='bbox 1589 2154 1861 2209; x_wconf 85' lang='lat' dir='ltr'><strong>indiscreti</strong></span> <span class='ocrx_word' id='word_1_282' title='bbox 1882 2153 2134 2222; x_wconf 75' lang='lat' dir='ltr'><strong>przedica-</strong></span> 
     </span>
    </p>
   </div>
   <div class='ocr_carea' id='block_1_38' title="bbox 563 2241 2134 2314">
    <p class='ocr_par' dir='ltr' id='par_1_38' title="bbox 563 2241 2134 2314">
     <span class='ocr_line' id='line_1_38' title="bbox 563 2241 2134 2314; baseline -0.001 -16"><span class='ocrx_word' id='word_1_283' title='bbox 563 2247 695 2302; x_wconf 88' lang='lat' dir='ltr'><strong>toris</strong></span> <span class='ocrx_word' id='word_1_284' title='bbox 718 2244 914 2314; x_wconf 76' lang='lat' dir='ltr'><strong>agitur,</strong></span> <span class='ocrx_word' id='word_1_285' title='bbox 937 2245 981 2298; x_wconf 88' lang='lat' dir='ltr'><strong>si</strong></span> <span class='ocrx_word' id='word_1_286' title='bbox 1012 2244 1199 2299; x_wconf 88' lang='lat' dir='ltr'><strong>eadem</strong></span> <span class='ocrx_word' id='word_1_287' title='bbox 1224 2245 1402 2298; x_wconf 91' lang='lat' dir='ltr'><strong>divina</strong></span> <span class='ocrx_word' id='word_1_288' title='bbox 1429 2243 1702 2314; x_wconf 60' lang='lat' dir='ltr'><strong>mysteria,</strong></span> <span class='ocrx_word' id='word_1_289' title='bbox 1736 2258 1842 2296; x_wconf 89' lang='lat' dir='ltr'><strong>non</strong></span> <span class='ocrx_word' id='word_1_290' title='bbox 1882 2241 2134 2296; x_wconf 82' lang='lat' dir='ltr'><strong>imitanda</strong></span> 
     </span>
    </p>
   </div>
   <div class='ocr_carea' id='block_1_39' title="bbox 564 2330 2130 2402">
    <p class='ocr_par' dir='ltr' id='par_1_39' title="bbox 564 2330 2130 2402">
     <span class='ocr_line' id='line_1_39' title="bbox 564 2330 2130 2402; baseline -0.003 -12"><span class='ocrx_word' id='word_1_291' title='bbox 564 2335 798 2402; x_wconf 84' lang='lat' dir='ltr'><strong>perﬁdis,</strong></span> <span class='ocrx_word' id='word_1_292' title='bbox 831 2335 926 2389; x_wconf 87' lang='lat' dir='ltr'><strong>sed</strong></span> <span class='ocrx_word' id='word_1_293' title='bbox 954 2333 1238 2396; x_wconf 90' lang='lat' dir='ltr'><strong>irridenda,</strong></span> <span class='ocrx_word' id='word_1_294' title='bbox 1263 2342 1317 2387; x_wconf 89' lang='lat' dir='ltr'><strong>et</strong></span> <span class='ocrx_word' id='word_1_295' title='bbox 1345 2342 1370 2369; x_wconf 77' lang='grc' dir='ltr'><strong>ει</strong></span> <span class='ocrx_word' id='word_1_296' title='bbox 1401 2331 1768 2387; x_wconf 88' lang='lat' dir='ltr'><strong>concludenda</strong></span> <span class='ocrx_word' id='word_1_297' title='bbox 1798 2330 2130 2386; x_wconf 85' lang='lat' dir='ltr'><strong>deserantur.</strong></span> 
     </span>
    </p>
   </div>
   <div class='ocr_carea' id='block_1_40' title="bbox 563 2421 2132 2493">
    <p class='ocr_par' dir='ltr' id='par_1_40' title="bbox 563 2421 2132 2493">
     <span class='ocr_line' id='line_1_40' title="bbox 563 2421 2132 2493; baseline -0.004 -15"><span class='ocrx_word' id='word_1_298' title='bbox 563 2421 697 2478; x_wconf 80' lang='lat' dir='ltr'><strong>Nam</strong></span> <span class='ocrx_word' id='word_1_299' title='bbox 740 2423 892 2493; x_wconf 90' lang='lat' dir='ltr'><strong>quasi</strong></span> <span class='ocrx_word' id='word_1_300' title='bbox 941 2421 1323 2476; x_wconf 69' lang='lat' dir='ltr'><strong>transferenda:</strong></span> <span class='ocrx_word' id='word_1_301' title='bbox 1372 2435 1510 2475; x_wconf 67' lang='lat' dir='ltr'><strong>arca:</strong></span> <span class='ocrx_word' id='word_1_302' title='bbox 1558 2436 1665 2474; x_wconf 89' lang='lat' dir='ltr'><strong>non</strong></span> <span class='ocrx_word' id='word_1_303' title='bbox 1719 2428 1827 2474; x_wconf 87' lang='lat' dir='ltr'><strong>tam</strong></span> <span class='ocrx_word' id='word_1_304' title='bbox 1879 2429 2132 2488; x_wconf 65' lang='lat' dir='ltr'><strong>sati-arte,</strong></span> 
     </span>
    </p>
   </div>
   <div class='ocr_carea' id='block_1_41' title="bbox 564 2511 2137 2582">
    <p class='ocr_par' dir='ltr' id='par_1_41' title="bbox 564 2511 2137 2582">
     <span class='ocr_line' id='line_1_41' title="bbox 564 2511 2137 2582; baseline -0.001 -16"><span class='ocrx_word' id='word_1_305' title='bbox 564 2526 724 2582; x_wconf 82' lang='lat' dir='ltr'><strong>quam</strong></span> <span class='ocrx_word' id='word_1_306' title='bbox 767 2521 1102 2581; x_wconf 87' lang='lat' dir='ltr'><strong>satrapanun</strong></span> <span class='ocrx_word' id='word_1_307' title='bbox 1133 2512 1388 2566; x_wconf 91' lang='lat' dir='ltr'><strong>Dominus</strong></span> <span class='ocrx_word' id='word_1_308' title='bbox 1418 2519 1741 2581; x_wconf 74' lang='lat' dir='ltr'><strong>prmceptum</strong></span> <span class='ocrx_word' id='word_1_309' title='bbox 1774 2511 2024 2579; x_wconf 88' lang='lat' dir='ltr'><strong>ponebat.</strong></span> <span class='ocrx_word' id='word_1_310' title='bbox 2056 2511 2137 2564; x_wconf 85' lang='lat' dir='ltr'><strong>di-</strong></span> 
     </span>
    </p>
   </div>
   <div class='ocr_carea' id='block_1_42' title="bbox 562 2600 2138 2669">
    <p class='ocr_par' dir='ltr' id='par_1_42' title="bbox 562 2600 2138 2669">
     <span class='ocr_line' id='line_1_42' title="bbox 562 2600 2138 2669; baseline -0.004 -11"><span class='ocrx_word' id='word_1_311' title='bbox 562 2618 721 2658; x_wconf 88' lang='lat' dir='ltr'><strong>cens:</strong></span> <span class='ocrx_word' id='word_1_312' title='bbox 756 2600 808 2655; x_wconf 86' lang='grc' dir='ltr'><em>Ν</em></span> <span class='ocrx_word' id='word_1_313' title='bbox 812 2604 933 2659; x_wconf 84' lang='lat' dir='ltr'><strong>olitc</strong></span> <span class='ocrx_word' id='word_1_314' title='bbox 953 2611 1183 2654; x_wconf 82' lang='lat' dir='ltr'><strong>sanctum</strong></span> <span class='ocrx_word' id='word_1_315' title='bbox 1203 2602 1329 2654; x_wconf 86' lang='lat' dir='ltr'><strong>dare</strong></span> <span class='ocrx_word' id='word_1_316' title='bbox 1351 2601 1579 2664; x_wconf 86' lang='lat' dir='ltr'><strong>canibus,</strong></span> <span class='ocrx_word' id='word_1_317' title='bbox 1605 2617 1763 2669; x_wconf 85' lang='lat' dir='ltr'><strong>neque</strong></span> <span class='ocrx_word' id='word_1_318' title='bbox 1782 2600 1985 2669; x_wconf 86' lang='lat' dir='ltr'><strong>ponatis</strong></span> <span class='ocrx_word' id='word_1_319' title='bbox 2005 2617 2138 2652; x_wconf 82' lang='lat' dir='ltr'><strong>mar-</strong></span> 
     </span>
    </p>
   </div>
   <div class='ocr_carea' id='block_1_43' title="bbox 564 2690 2133 2761">
    <p class='ocr_par' dir='ltr' id='par_1_43' title="bbox 564 2690 2133 2761">
     <span class='ocr_line' id='line_1_43' title="bbox 564 2690 2133 2761; baseline -0.003 -16"><span class='ocrx_word' id='word_1_320' title='bbox 564 2693 759 2761; x_wconf 81' lang='lat' dir='ltr'><strong>garitas</strong></span> <span class='ocrx_word' id='word_1_321' title='bbox 787 2700 907 2746; x_wconf 87' lang='lat' dir='ltr'><strong>ante</strong></span> <span class='ocrx_word' id='word_1_322' title='bbox 929 2708 1127 2756; x_wconf 85' lang='lat' dir='ltr'><strong>porcos,</strong></span> <span class='ocrx_word' id='word_1_323' title='bbox 1151 2707 1216 2744; x_wconf 83' lang='lat' dir='ltr'><strong>ne</strong></span> <span class='ocrx_word' id='word_1_324' title='bbox 1237 2692 1464 2745; x_wconf 84' lang='lat' dir='ltr'><strong>conversi</strong></span> <span class='ocrx_word' id='word_1_325' title='bbox 1483 2691 1779 2745; x_wconf 87' lang='lat' dir='ltr'><strong>conculcent</strong></span> <span class='ocrx_word' id='word_1_326' title='bbox 1807 2707 1895 2743; x_wconf 87' lang='lat' dir='ltr'><strong>eas</strong></span> <span class='ocrx_word' id='word_1_327' title='bbox 1922 2690 2133 2759; x_wconf 78' lang='lat' dir='ltr'><strong>pedibus</strong></span> 
     </span>
    </p>
   </div>
   <div class='ocr_carea' id='block_1_44' title="bbox 564 2779 2133 2851">
    <p class='ocr_par' dir='ltr' id='par_1_44' title="bbox 564 2779 2133 2851">
     <span class='ocr_line' id='line_1_44' title="bbox 564 2779 2133 2851; baseline 0 -17"><span class='ocrx_word' id='word_1_328' title='bbox 564 2781 670 2835; x_wconf 85' lang='lat' dir='ltr'><strong>suis</strong></span> <span class='ocrx_word' id='word_1_329' title='bbox 701 2780 913 2851; x_wconf 72' lang='lat' dir='ltr'><strong>(Matth.</strong></span> <span class='ocrx_word' id='word_1_330' title='bbox 940 2795 1028 2846; x_wconf 85' lang='lat' dir='ltr'><strong>vu,</strong></span> <span class='ocrx_word' id='word_1_331' title='bbox 1059 2787 1134 2851; x_wconf 81' lang='grc'><strong>6).</strong></span> <span class='ocrx_word' id='word_1_332' title='bbox 1182 2781 1315 2836; x_wconf 85' lang='lat' dir='ltr'><strong>lliuc</strong></span> <span class='ocrx_word' id='word_1_333' title='bbox 1339 2781 1532 2835; x_wconf 87' lang='lat' dir='ltr'><strong>iterum</strong></span> <span class='ocrx_word' id='word_1_334' title='bbox 1572 2780 1736 2835; x_wconf 83' lang='lat' dir='ltr'><strong>dicit:</strong></span> <span class='ocrx_word' id='word_1_335' title='bbox 1788 2779 1848 2834; x_wconf 87' lang='lat' dir='ltr'><strong>Si</strong></span> <span class='ocrx_word' id='word_1_336' title='bbox 1886 2782 2133 2849; x_wconf 85' lang='lat' dir='ltr'><strong>persecuti</strong></span> 
     </span>
    </p>
   </div>
   <div class='ocr_carea' id='block_1_45' title="bbox 560 2870 2130 2942">
    <p class='ocr_par' dir='ltr' id='par_1_45' title="bbox 560 2870 2130 2942">
     <span class='ocr_line' id='line_1_45' title="bbox 560 2870 2130 2942; baseline -0.001 -17"><span class='ocrx_word' id='word_1_337' title='bbox 560 2889 648 2925; x_wconf 68' lang='lat' dir='ltr'><strong>eos</strong></span> <span class='ocrx_word' id='word_1_338' title='bbox 672 2873 862 2942; x_wconf 76' lang='lat' dir='ltr'><strong>fuerint</strong></span> <span class='ocrx_word' id='word_1_339' title='bbox 889 2873 943 2925; x_wconf 85' lang='lat' dir='ltr'><strong>in</strong></span> <span class='ocrx_word' id='word_1_340' title='bbox 970 2888 1073 2925; x_wconf 89' lang='lat' dir='ltr'><strong>una</strong></span> <span class='ocrx_word' id='word_1_341' title='bbox 1105 2873 1330 2938; x_wconf 79' lang='lat' dir='ltr'><strong>civitate,</strong></span> <span class='ocrx_word' id='word_1_342' title='bbox 1361 2873 1524 2942; x_wconf 75' lang='lat' dir='ltr'><strong>fugite</strong></span> <span class='ocrx_word' id='word_1_343' title='bbox 1550 2874 1604 2925; x_wconf 87' lang='lat' dir='ltr'><strong>in</strong></span> <span class='ocrx_word' id='word_1_344' title='bbox 1632 2873 1788 2924; x_wconf 88' lang='lat' dir='ltr'><strong>aliam</strong></span> <span class='ocrx_word' id='word_1_345' title='bbox 1821 2870 2036 2941; x_wconf 79' lang='lat' dir='ltr'><strong>(Matth.</strong></span> <span class='ocrx_word' id='word_1_346' title='bbox 2078 2888 2130 2934; x_wconf 86' lang='lat' dir='ltr'><strong>x,</strong></span> 
     </span>
    </p>
   </div>
   <div class='ocr_carea' id='block_1_46' title="bbox 560 2960 2133 3031">
    <p class='ocr_par' dir='ltr' id='par_1_46' title="bbox 560 2960 2133 3031">
     <span class='ocr_line' id='line_1_46' title="bbox 560 2960 2133 3031; baseline -0.001 -15"><span class='ocrx_word' id='word_1_347' title='bbox 560 2962 676 3031; x_wconf 74' lang='lat'><strong>9.3).</strong></span> <span class='ocrx_word' id='word_1_348' title='bbox 725 2962 916 3015; x_wconf 80' lang='lat' dir='ltr'><strong>Arcam</strong></span> <span class='ocrx_word' id='word_1_349' title='bbox 966 2962 1166 3029; x_wconf 89' lang='lat' dir='ltr'><strong>itaque,</strong></span> <span class='ocrx_word' id='word_1_350' title='bbox 1197 2976 1264 3015; x_wconf 90' lang='lat' dir='ltr'><strong>ne</strong></span> <span class='ocrx_word' id='word_1_351' title='bbox 1308 2962 1623 3027; x_wconf 89' lang='lat' dir='ltr'><strong>moriantur,</strong></span> <span class='ocrx_word' id='word_1_352' title='bbox 1673 2960 1958 3014; x_wconf 79' lang='lat' dir='ltr'><strong>auferunt:</strong></span> <span class='ocrx_word' id='word_1_353' title='bbox 2008 2961 2133 3028; x_wconf 87' lang='lat' dir='ltr'><strong>quia</strong></span> 
     </span>
    </p>
   </div>
   <div class='ocr_carea' id='block_1_47' title="bbox 2239 1796 3789 1868">
    <p class='ocr_par' dir='ltr' id='par_1_47' title="bbox 2239 1796 3789 1868">
     <span class='ocr_line' id='line_1_47' title="bbox 2239 1796 3789 1868; baseline 0.002 -19"><span class='ocrx_word' id='word_1_354' title='bbox 2239 1803 2445 1850; x_wconf 88' lang='lat' dir='ltr'><strong>menter</strong></span> <span class='ocrx_word' id='word_1_355' title='bbox 2469 1796 2681 1866; x_wconf 89' lang='lat' dir='ltr'><strong>accipit.</strong></span> <span class='ocrx_word' id='word_1_356' title='bbox 2707 1796 2774 1850; x_wconf 85' lang='lat' dir='ltr'><strong>Et</strong></span> <span class='ocrx_word' id='word_1_357' title='bbox 2800 1798 2924 1866; x_wconf 88' lang='lat' dir='ltr'><strong>quia</strong></span> <span class='ocrx_word' id='word_1_358' title='bbox 2952 1797 3002 1851; x_wconf 91' lang='lat' dir='ltr'><strong>in</strong></span> <span class='ocrx_word' id='word_1_359' title='bbox 3025 1805 3268 1868; x_wconf 87' lang='lat' dir='ltr'><strong>tempore</strong></span> <span class='ocrx_word' id='word_1_360' title='bbox 3291 1799 3660 1854; x_wconf 85' lang='lat' dir='ltr'><strong>conversionis</strong></span> <span class='ocrx_word' id='word_1_361' title='bbox 3679 1797 3789 1852; x_wconf 82' lang='lat' dir='ltr'><strong>Gen-</strong></span> 
     </span>
    </p>
   </div>
   <div class='ocr_carea' id='block_1_48' title="bbox 2238 1885 3792 1958">
    <p class='ocr_par' dir='ltr' id='par_1_48' title="bbox 2238 1885 3792 1958">
     <span class='ocr_line' id='line_1_48' title="bbox 2238 1885 3792 1958; baseline 0.003 -20"><span class='ocrx_word' id='word_1_362' title='bbox 2238 1885 2366 1938; x_wconf 92' lang='lat' dir='ltr'><strong>tium</strong></span> <span class='ocrx_word' id='word_1_363' title='bbox 2397 1900 2622 1954; x_wconf 83' lang='lat' dir='ltr'><strong>magnus</strong></span> <span class='ocrx_word' id='word_1_364' title='bbox 2650 1895 2768 1941; x_wconf 90' lang='lat' dir='ltr'><strong>erat</strong></span> <span class='ocrx_word' id='word_1_365' title='bbox 2795 1887 2862 1942; x_wconf 89' lang='lat' dir='ltr'><strong>ad</strong></span> <span class='ocrx_word' id='word_1_366' title='bbox 2893 1887 3049 1941; x_wconf 81' lang='lat' dir='ltr'><strong>iidem</strong></span> <span class='ocrx_word' id='word_1_367' title='bbox 3076 1904 3387 1954; x_wconf 76' lang='lat' dir='ltr'><strong>concursus,</strong></span> <span class='ocrx_word' id='word_1_368' title='bbox 3411 1905 3520 1944; x_wconf 93' lang='lat' dir='ltr'><strong>non</strong></span> <span class='ocrx_word' id='word_1_369' title='bbox 3548 1890 3617 1944; x_wconf 88' lang='lat' dir='ltr'><strong>ab</strong></span> <span class='ocrx_word' id='word_1_370' title='bbox 3638 1891 3792 1958; x_wconf 80' lang='lat' dir='ltr'><strong>aliqua</strong></span> 
     </span>
    </p>
   </div>
   <div class='ocr_carea' id='block_1_49' title="bbox 2238 1974 3794 2048">
    <p class='ocr_par' dir='ltr' id='par_1_49' title="bbox 2238 1974 3794 2048">
     <span class='ocr_line' id='line_1_49' title="bbox 2238 1974 3794 2048; baseline 0.003 -21"><span class='ocrx_word' id='word_1_371' title='bbox 2238 1988 2362 2036; x_wconf 88' lang='lat' dir='ltr'><strong>una,</strong></span> <span class='ocrx_word' id='word_1_372' title='bbox 2387 1974 2480 2028; x_wconf 89' lang='lat' dir='ltr'><strong>sed</strong></span> <span class='ocrx_word' id='word_1_373' title='bbox 2506 1989 2537 2028; x_wconf 89' lang='lat' dir='ltr'><strong>a</strong></span> <span class='ocrx_word' id='word_1_374' title='bbox 2556 1975 2798 2043; x_wconf 87' lang='lat' dir='ltr'><strong>pluribus</strong></span> <span class='ocrx_word' id='word_1_375' title='bbox 2823 1976 3129 2030; x_wconf 70' lang='lat' dir='ltr'><strong>civitatibus</strong></span> <span class='ocrx_word' id='word_1_376' title='bbox 3149 1977 3353 2032; x_wconf 89' lang='lat' dir='ltr'><strong>clamor</strong></span> <span class='ocrx_word' id='word_1_377' title='bbox 3373 1978 3680 2034; x_wconf 86' lang='lat' dir='ltr'><strong>ascendisse</strong></span> <span class='ocrx_word' id='word_1_378' title='bbox 3698 1995 3794 2048; x_wconf 85' lang='lat' dir='ltr'><strong>per.</strong></span> 
     </span>
    </p>
   </div>
   <div class='ocr_carea' id='block_1_50' title="bbox 2238 2061 3794 2133">
    <p class='ocr_par' dir='ltr' id='par_1_50' title="bbox 2238 2061 3794 2133">
     <span class='ocr_line' id='line_1_50' title="bbox 2238 2061 3794 2133; baseline 0.003 -18"><span class='ocrx_word' id='word_1_379' title='bbox 2238 2061 2468 2115; x_wconf 85' lang='lat' dir='ltr'><strong>hibetur.</strong></span> <span class='ocrx_word' id='word_1_380' title='bbox 2525 2061 2674 2117; x_wconf 88' lang='lat' dir='ltr'><strong>Unde</strong></span> <span class='ocrx_word' id='word_1_381' title='bbox 2711 2071 2769 2117; x_wconf 85' lang='lat' dir='ltr'><strong>et.</strong></span> <span class='ocrx_word' id='word_1_382' title='bbox 2815 2064 2868 2118; x_wconf 91' lang='lat' dir='ltr'><strong>in</strong></span> <span class='ocrx_word' id='word_1_383' title='bbox 2913 2078 3142 2133; x_wconf 87' lang='lat' dir='ltr'><strong>persona</strong></span> <span class='ocrx_word' id='word_1_384' title='bbox 3192 2065 3509 2121; x_wconf 81' lang='lat' dir='ltr'><strong>universalis</strong></span> <span class='ocrx_word' id='word_1_385' title='bbox 3559 2065 3794 2121; x_wconf 69' lang='lat' dir='ltr'><strong>Ecclesia</strong></span> 
     </span>
    </p>
   </div>
   <div class='ocr_carea' id='block_1_51' title="bbox 2237 2150 3792 2221">
    <p class='ocr_par' dir='ltr' id='par_1_51' title="bbox 2237 2150 3792 2221">
     <span class='ocr_line' id='line_1_51' title="bbox 2237 2150 3792 2221; baseline 0.002 -17"><span class='ocrx_word' id='word_1_386' title='bbox 2237 2150 2498 2220; x_wconf 84' lang='lat' dir='ltr'><strong>propheta</strong></span> <span class='ocrx_word' id='word_1_387' title='bbox 2524 2153 2864 2221; x_wconf 86' lang='lat' dir='ltr'><strong>deprecatur,</strong></span> <span class='ocrx_word' id='word_1_388' title='bbox 2895 2153 3079 2208; x_wconf 90' lang='lat' dir='ltr'><strong>dicens</strong></span> <span class='ocrx_word' id='word_1_389' title='bbox 3105 2170 3119 2206; x_wconf 90' lang='lat'><strong>:</strong></span> <span class='ocrx_word' id='word_1_390' title='bbox 3152 2152 3371 2208; x_wconf 85' lang='lat' dir='ltr'><strong>Intende</strong></span> <span class='ocrx_word' id='word_1_391' title='bbox 3410 2155 3636 2209; x_wconf 83' lang='lat' dir='ltr'><strong>orationi</strong></span> <span class='ocrx_word' id='word_1_392' title='bbox 3664 2171 3792 2215; x_wconf 73' lang='lat' dir='ltr'><strong>mea,</strong></span> 
     </span>
    </p>
   </div>
   <div class='ocr_carea' id='block_1_52' title="bbox 2237 2239 3792 2314">
    <p class='ocr_par' dir='ltr' id='par_1_52' title="bbox 2237 2239 3792 2314">
     <span class='ocr_line' id='line_1_52' title="bbox 2237 2239 3792 2314; baseline 0.001 -22"><span class='ocrx_word' id='word_1_393' title='bbox 2237 2257 2268 2292; x_wconf 93' lang='lat' dir='ltr'><strong>a</strong></span> <span class='ocrx_word' id='word_1_394' title='bbox 2298 2239 2489 2309; x_wconf 89' lang='lat' dir='ltr'><strong>ﬁnibus</strong></span> <span class='ocrx_word' id='word_1_395' title='bbox 2519 2250 2669 2295; x_wconf 68' lang='lat' dir='ltr'><strong>terra</strong></span> <span class='ocrx_word' id='word_1_396' title='bbox 2702 2241 2771 2294; x_wconf 84' lang='lat' dir='ltr'><strong>ad</strong></span> <span class='ocrx_word' id='word_1_397' title='bbox 2797 2250 2846 2295; x_wconf 88' lang='lat' dir='ltr'><strong>te</strong></span> <span class='ocrx_word' id='word_1_398' title='bbox 2874 2243 3091 2296; x_wconf 82' lang='lat' dir='ltr'><strong>clamavi</strong></span> <span class='ocrx_word' id='word_1_399' title='bbox 3120 2242 3291 2311; x_wconf 85' lang='lat' dir='ltr'><strong>(Psal.</strong></span> <span class='ocrx_word' id='word_1_400' title='bbox 3323 2260 3415 2311; x_wconf 75' lang='lat' dir='ltr'><strong>1.x,</strong></span> <span class='ocrx_word' id='word_1_401' title='bbox 3447 2242 3501 2307; x_wconf 72' lang='lat'><strong>2,</strong></span> <span class='ocrx_word' id='word_1_402' title='bbox 3537 2245 3614 2314; x_wconf 78' lang='grc'><strong>5).</strong></span> <span class='ocrx_word' id='word_1_403' title='bbox 3654 2242 3715 2297; x_wconf 81' lang='lat' dir='ltr'><strong>Et</strong></span> <span class='ocrx_word' id='word_1_404' title='bbox 3751 2246 3792 2296; x_wconf 88' lang='lat' dir='ltr'><strong>in</strong></span> 
     </span>
    </p>
   </div>
   <div class='ocr_carea' id='block_1_53' title="bbox 2237 2327 3791 2386">
    <p class='ocr_par' dir='ltr' id='par_1_53' title="bbox 2237 2327 3791 2386">
     <span class='ocr_line' id='line_1_53' title="bbox 2237 2327 3791 2386; baseline 0.003 -6"><span class='ocrx_word' id='word_1_405' title='bbox 2237 2329 2430 2381; x_wconf 63' lang='lat' dir='ltr'><strong>coelum</strong></span> <span class='ocrx_word' id='word_1_406' title='bbox 2463 2327 2768 2383; x_wconf 82' lang='lat' dir='ltr'><strong>ascendisse</strong></span> <span class='ocrx_word' id='word_1_407' title='bbox 2795 2329 3085 2384; x_wconf 87' lang='lat' dir='ltr'><strong>clamorem</strong></span> <span class='ocrx_word' id='word_1_408' title='bbox 3116 2346 3146 2384; x_wconf 91' lang='lat' dir='ltr'><strong>a</strong></span> <span class='ocrx_word' id='word_1_409' title='bbox 3176 2331 3367 2386; x_wconf 86' lang='lat' dir='ltr'><strong>tinibus</strong></span> <span class='ocrx_word' id='word_1_410' title='bbox 3395 2340 3554 2386; x_wconf 74' lang='lat' dir='ltr'><strong>term</strong></span> <span class='ocrx_word' id='word_1_411' title='bbox 3575 2333 3791 2386; x_wconf 66' lang='lat' dir='ltr'><strong>clamau.</strong></span> 
     </span>
    </p>
   </div>
   <div class='ocr_carea' id='block_1_54' title="bbox 2239 2418 3794 2490">
    <p class='ocr_par' dir='ltr' id='par_1_54' title="bbox 2239 2418 3794 2490">
     <span class='ocr_line' id='line_1_54' title="bbox 2239 2418 3794 2490; baseline 0.003 -20"><span class='ocrx_word' id='word_1_412' title='bbox 2239 2418 2304 2471; x_wconf 87' lang='lat' dir='ltr'><strong>tis</strong></span> <span class='ocrx_word' id='word_1_413' title='bbox 2332 2418 2638 2482; x_wconf 85' lang='lat' dir='ltr'><strong>ostendens,</strong></span> <span class='ocrx_word' id='word_1_414' title='bbox 2687 2419 2803 2473; x_wconf 85' lang='lat' dir='ltr'><strong>ait:</strong></span> <span class='ocrx_word' id='word_1_415' title='bbox 2862 2418 3139 2474; x_wconf 72' lang='lat' dir='ltr'><strong>Exaudivit</strong></span> <span class='ocrx_word' id='word_1_416' title='bbox 3184 2421 3247 2473; x_wconf 88' lang='lat' dir='ltr'><strong>de</strong></span> <span class='ocrx_word' id='word_1_417' title='bbox 3276 2422 3459 2490; x_wconf 85' lang='lat' dir='ltr'><strong>templo</strong></span> <span class='ocrx_word' id='word_1_418' title='bbox 3501 2430 3682 2473; x_wconf 66' lang='lat' dir='ltr'><strong>sancta</strong></span> <span class='ocrx_word' id='word_1_419' title='bbox 3717 2437 3794 2474; x_wconf 81' lang='lat' dir='ltr'><strong>suo</strong></span> 
     </span>
    </p>
   </div>
   <div class='ocr_carea' id='block_1_55' title="bbox 2237 2508 3794 2579">
    <p class='ocr_par' dir='ltr' id='par_1_55' title="bbox 2237 2508 3794 2579">
     <span class='ocr_line' id='line_1_55' title="bbox 2237 2508 3794 2579; baseline 0.003 -21"><span class='ocrx_word' id='word_1_420' title='bbox 2237 2521 2406 2558; x_wconf 84' lang='lat' dir='ltr'><strong>vocem</strong></span> <span class='ocrx_word' id='word_1_421' title='bbox 2433 2522 2617 2570; x_wconf 78' lang='lat' dir='ltr'><strong>nteant,</strong></span> <span class='ocrx_word' id='word_1_422' title='bbox 2643 2515 2692 2560; x_wconf 86' lang='lat' dir='ltr'><strong>et</strong></span> <span class='ocrx_word' id='word_1_423' title='bbox 2717 2508 2912 2561; x_wconf 88' lang='lat' dir='ltr'><strong>clamor</strong></span> <span class='ocrx_word' id='word_1_424' title='bbox 2935 2524 3076 2561; x_wconf 84' lang='lat' dir='ltr'><strong>meus</strong></span> <span class='ocrx_word' id='word_1_425' title='bbox 3104 2510 3158 2561; x_wconf 88' lang='lat' dir='ltr'><strong>in</strong></span> <span class='ocrx_word' id='word_1_426' title='bbox 3187 2517 3455 2578; x_wconf 87' lang='lat' dir='ltr'><strong>conspectu</strong></span> <span class='ocrx_word' id='word_1_427' title='bbox 3482 2510 3598 2579; x_wconf 85' lang='lat' dir='ltr'><strong>ejus</strong></span> <span class='ocrx_word' id='word_1_428' title='bbox 3627 2511 3794 2562; x_wconf 84' lang='lat' dir='ltr'><strong>introi-</strong></span> 
     </span>
    </p>
   </div>
   <div class='ocr_carea' id='block_1_56' title="bbox 2236 2595 3793 2669">
    <p class='ocr_par' dir='ltr' id='par_1_56' title="bbox 2236 2595 3793 2669">
     <span class='ocr_line' id='line_1_56' title="bbox 2236 2595 3793 2669; baseline 0.003 -21"><span class='ocrx_word' id='word_1_429' title='bbox 2236 2597 2304 2648; x_wconf 84' lang='lat' dir='ltr'><strong>vit</strong></span> <span class='ocrx_word' id='word_1_430' title='bbox 2332 2596 2385 2648; x_wconf 91' lang='lat' dir='ltr'><strong>in</strong></span> <span class='ocrx_word' id='word_1_431' title='bbox 2416 2612 2564 2649; x_wconf 88' lang='lat' dir='ltr'><strong>aures</strong></span> <span class='ocrx_word' id='word_1_432' title='bbox 2585 2597 2696 2667; x_wconf 88' lang='lat' dir='ltr'><strong>ejus</strong></span> <span class='ocrx_word' id='word_1_433' title='bbox 2726 2595 2896 2666; x_wconf 85' lang='lat' dir='ltr'><strong>(Psal.</strong></span> <span class='ocrx_word' id='word_1_434' title='bbox 2921 2613 3045 2662; x_wconf 86' lang='lat' dir='ltr'><strong>xvtt,</strong></span> <span class='ocrx_word' id='word_1_435' title='bbox 3073 2598 3147 2665; x_wconf 89' lang='lat'><strong>7).</strong></span> <span class='ocrx_word' id='word_1_436' title='bbox 3171 2598 3304 2653; x_wconf 88' lang='lat' dir='ltr'><strong>Cum</strong></span> <span class='ocrx_word' id='word_1_437' title='bbox 3325 2613 3453 2666; x_wconf 78' lang='lat' dir='ltr'><strong>ergo</strong></span> <span class='ocrx_word' id='word_1_438' title='bbox 3476 2614 3793 2669; x_wconf 60' lang='lat' dir='ltr'><strong>unaquaeque</strong></span> 
     </span>
    </p>
   </div>
   <div class='ocr_carea' id='block_1_57' title="bbox 2238 2684 3793 2757">
    <p class='ocr_par' dir='ltr' id='par_1_57' title="bbox 2238 2684 3793 2757">
     <span class='ocr_line' id='line_1_57' title="bbox 2238 2684 3793 2757; baseline 0 -17"><span class='ocrx_word' id='word_1_439' title='bbox 2238 2684 2429 2740; x_wconf 87' lang='lat' dir='ltr'><strong>civitas</strong></span> <span class='ocrx_word' id='word_1_440' title='bbox 2456 2686 2507 2738; x_wconf 85' lang='lat' dir='ltr'><strong>in</strong></span> <span class='ocrx_word' id='word_1_441' title='bbox 2532 2688 2725 2740; x_wconf 76' lang='lat' dir='ltr'><strong>ctelum</strong></span> <span class='ocrx_word' id='word_1_442' title='bbox 2756 2685 3015 2741; x_wconf 83' lang='lat' dir='ltr'><strong>clamasse</strong></span> <span class='ocrx_word' id='word_1_443' title='bbox 3042 2686 3255 2751; x_wconf 87' lang='lat' dir='ltr'><strong>dicitur,</strong></span> <span class='ocrx_word' id='word_1_444' title='bbox 3291 2689 3611 2742; x_wconf 82' lang='lat' dir='ltr'><strong>universalis</strong></span> <span class='ocrx_word' id='word_1_445' title='bbox 3643 2689 3793 2757; x_wconf 67' lang='lat' dir='ltr'><strong>paeni-</strong></span> 
     </span>
    </p>
   </div>
   <div class='ocr_carea' id='block_1_58' title="bbox 2241 2773 3794 2846">
    <p class='ocr_par' dir='ltr' id='par_1_58' title="bbox 2241 2773 3794 2846">
     <span class='ocr_line' id='line_1_58' title="bbox 2241 2773 3794 2846; baseline 0.003 -21"><span class='ocrx_word' id='word_1_446' title='bbox 2241 2773 2405 2828; x_wconf 89' lang='lat' dir='ltr'><strong>tentia</strong></span> <span class='ocrx_word' id='word_1_447' title='bbox 2428 2775 2793 2829; x_wconf 86' lang='lat' dir='ltr'><strong>conversionis</strong></span> <span class='ocrx_word' id='word_1_448' title='bbox 2814 2775 3238 2830; x_wconf 88' lang='lat' dir='ltr'><strong>commendatur.</strong></span> <span class='ocrx_word' id='word_1_449' title='bbox 3268 2775 3421 2842; x_wconf 88' lang='lat' dir='ltr'><strong>Quod</strong></span> <span class='ocrx_word' id='word_1_450' title='bbox 3451 2777 3494 2831; x_wconf 88' lang='lat' dir='ltr'><strong>si</strong></span> <span class='ocrx_word' id='word_1_451' title='bbox 3533 2779 3794 2846; x_wconf 78' lang='lat' dir='ltr'><strong>percussio</strong></span> 
     </span>
    </p>
   </div>
   <div class='ocr_carea' id='block_1_59' title="bbox 2238 2862 3796 2928">
    <p class='ocr_par' dir='ltr' id='par_1_59' title="bbox 2238 2862 3796 2928">
     <span class='ocr_line' id='line_1_59' title="bbox 2238 2862 3796 2928; baseline 0.001 -12"><span class='ocrx_word' id='word_1_452' title='bbox 2238 2862 2305 2916; x_wconf 89' lang='lat' dir='ltr'><strong>ad</strong></span> <span class='ocrx_word' id='word_1_453' title='bbox 2341 2863 2768 2928; x_wconf 79' lang='lat' dir='ltr'><strong>conversionem,</strong></span> <span class='ocrx_word' id='word_1_454' title='bbox 2811 2863 3015 2919; x_wconf 86' lang='lat' dir='ltr'><strong>clamor</strong></span> <span class='ocrx_word' id='word_1_455' title='bbox 3043 2873 3222 2918; x_wconf 86' lang='lat' dir='ltr'><strong>autem</strong></span> <span class='ocrx_word' id='word_1_456' title='bbox 3251 2864 3481 2920; x_wconf 82' lang='lat' dir='ltr'><strong>refertur</strong></span> <span class='ocrx_word' id='word_1_457' title='bbox 3522 2867 3592 2919; x_wconf 90' lang='lat' dir='ltr'><strong>ad</strong></span> <span class='ocrx_word' id='word_1_458' title='bbox 3621 2866 3796 2919; x_wconf 59' lang='lat' dir='ltr'><strong>divinae</strong></span> 
     </span>
    </p>
   </div>
   <div class='ocr_carea' id='block_1_60' title="bbox 2237 2952 3793 3023">
    <p class='ocr_par' dir='ltr' id='par_1_60' title="bbox 2237 2952 3793 3023">
     <span class='ocr_line' id='line_1_60' title="bbox 2237 2952 3793 3023; baseline 0.002 -16"><span class='ocrx_word' id='word_1_459' title='bbox 2237 2952 2414 3008; x_wconf 90' lang='lat' dir='ltr'><strong>laudis</strong></span> <span class='ocrx_word' id='word_1_460' title='bbox 2439 2953 2778 3008; x_wconf 87' lang='lat' dir='ltr'><strong>devotionem</strong></span> <span class='ocrx_word' id='word_1_461' title='bbox 2805 2970 2820 3020; x_wconf 91' lang='lat'><strong>;</strong></span> <span class='ocrx_word' id='word_1_462' title='bbox 2851 2954 2955 3008; x_wconf 91' lang='lat' dir='ltr'><strong>hoc</strong></span> <span class='ocrx_word' id='word_1_463' title='bbox 2983 2953 3228 3023; x_wconf 80' lang='lat' dir='ltr'><strong>profecto</strong></span> <span class='ocrx_word' id='word_1_464' title='bbox 3270 2955 3322 3008; x_wconf 90' lang='lat' dir='ltr'><strong>in</strong></span> <span class='ocrx_word' id='word_1_465' title='bbox 3364 2957 3635 3012; x_wconf 86' lang='lat' dir='ltr'><strong>mvsteriis</strong></span> <span class='ocrx_word' id='word_1_466' title='bbox 3669 2957 3793 3010; x_wconf 82' lang='lat' dir='ltr'><strong>Scri-</strong></span> 
     </span>
    </p>
   </div>
   <div class='ocr_carea' id='block_1_61' title="bbox 565 3044 3797 3123">
    <p class='ocr_par' dir='ltr' id='par_1_61' title="bbox 565 3044 3797 3123">
     <span class='ocr_line' id='line_1_61' title="bbox 565 3044 3797 3123; baseline -0.003 -14"><span class='ocrx_word' id='word_1_467' title='bbox 565 3055 1023 3123; x_wconf 80' lang='lat' dir='ltr'><strong>contemp&#39;oribus</strong></span> <span class='ocrx_word' id='word_1_468' title='bbox 1053 3053 1250 3108; x_wconf 88' lang='lat' dir='ltr'><strong>idcirco</strong></span> <span class='ocrx_word' id='word_1_469' title='bbox 1275 3053 1572 3123; x_wconf 90' lang='lat' dir='ltr'><strong>spiritualia</strong></span> <span class='ocrx_word' id='word_1_470' title='bbox 1601 3052 1953 3116; x_wconf 89' lang='lat' dir='ltr'><strong>abscondunt,</strong></span> <span class='ocrx_word' id='word_1_471' title='bbox 1980 3067 2047 3106; x_wconf 90' lang='lat' dir='ltr'><strong>ne</strong></span> <span class='ocrx_word' id='word_1_472' title='bbox 2071 3050 2138 3105; x_wconf 88' lang='lat' dir='ltr'><strong>de</strong></span> <span class='ocrx_word' id='word_1_473' title='bbox 2168 3061 2212 3121; x_wconf 74' lang='grc' dir='ltr'>ο</span> <span class='ocrx_word' id='word_1_474' title='bbox 2243 3052 2515 3116; x_wconf 75' lang='lat' dir='ltr'><strong>pturarum</strong></span> <span class='ocrx_word' id='word_1_475' title='bbox 2561 3044 2804 3114; x_wconf 75' lang='lat' dir='ltr'><strong>legimus,</strong></span> <span class='ocrx_word' id='word_1_476' title='bbox 2854 3044 3001 3113; x_wconf 81' lang='lat' dir='ltr'><strong>quod</strong></span> <span class='ocrx_word' id='word_1_477' title='bbox 3043 3046 3304 3100; x_wconf 84' lang='lat' dir='ltr'><strong>videmus.</strong></span> <span class='ocrx_word' id='word_1_478' title='bbox 3348 3047 3406 3101; x_wconf 91' lang='lat' dir='ltr'><strong>ln</strong></span> <span class='ocrx_word' id='word_1_479' title='bbox 3451 3047 3548 3102; x_wconf 92' lang='lat' dir='ltr'><strong>Dei</strong></span> <span class='ocrx_word' id='word_1_480' title='bbox 3580 3062 3797 3115; x_wconf 77' lang='lat' dir='ltr'><strong>namqua</strong></span> 
     </span>
    </p>
   </div>
   <div class='ocr_carea' id='block_1_62' title="bbox 566 3141 2136 3214">
    <p class='ocr_par' dir='ltr' id='par_1_62' title="bbox 566 3141 2136 3214">
     <span class='ocr_line' id='line_1_62' title="bbox 566 3141 2136 3214; baseline -0.003 -15"><span class='ocrx_word' id='word_1_481' title='bbox 566 3161 750 3200; x_wconf 91' lang='lat' dir='ltr'><strong>eorum</strong></span> <span class='ocrx_word' id='word_1_482' title='bbox 773 3152 1083 3214; x_wconf 87' lang='lat' dir='ltr'><strong>contemptu</strong></span> <span class='ocrx_word' id='word_1_483' title='bbox 1111 3145 1144 3198; x_wconf 91' lang='lat' dir='ltr'><strong>ii</strong></span> <span class='ocrx_word' id='word_1_484' title='bbox 1166 3144 1254 3212; x_wconf 91' lang='lat' dir='ltr'><strong>qui</strong></span> <span class='ocrx_word' id='word_1_485' title='bbox 1274 3152 1474 3198; x_wconf 82' lang='lat' dir='ltr'><strong>temere</strong></span> <span class='ocrx_word' id='word_1_486' title='bbox 1493 3158 1556 3197; x_wconf 89' lang='lat' dir='ltr'><strong>ea</strong></span> <span class='ocrx_word' id='word_1_487' title='bbox 1573 3142 1872 3213; x_wconf 82' lang='lat' dir='ltr'><strong>proferunt,</strong></span> <span class='ocrx_word' id='word_1_488' title='bbox 1890 3157 1956 3196; x_wconf 90' lang='lat' dir='ltr'><strong>ex</strong></span> <span class='ocrx_word' id='word_1_489' title='bbox 1975 3141 2136 3195; x_wconf 86' lang='lat' dir='ltr'><strong>indis-</strong></span> 
     </span>
    </p>
   </div>
   <div class='ocr_carea' id='block_1_63' title="bbox 564 3231 2138 3304">
    <p class='ocr_par' dir='ltr' id='par_1_63' title="bbox 564 3231 2138 3304">
     <span class='ocr_line' id='line_1_63' title="bbox 564 3231 2138 3304; baseline -0.003 -16"><span class='ocrx_word' id='word_1_490' title='bbox 564 3236 804 3288; x_wconf 82' lang='lat' dir='ltr'><strong>cretione</strong></span> <span class='ocrx_word' id='word_1_491' title='bbox 832 3233 1142 3304; x_wconf 88' lang='lat' dir='ltr'><strong>puniantur.</strong></span> <span class='ocrx_word' id='word_1_492' title='bbox 1166 3231 1273 3286; x_wconf 89' lang='lat' dir='ltr'><strong>Sed</strong></span> <span class='ocrx_word' id='word_1_493' title='bbox 1302 3233 1425 3300; x_wconf 90' lang='lat' dir='ltr'><strong>quia</strong></span> <span class='ocrx_word' id='word_1_494' title='bbox 1457 3232 1789 3286; x_wconf 83' lang='lat' dir='ltr'><strong>Accatonitis</strong></span> <span class='ocrx_word' id='word_1_495' title='bbox 1809 3247 1931 3285; x_wconf 89' lang='lat' dir='ltr'><strong>arca</strong></span> <span class='ocrx_word' id='word_1_496' title='bbox 1959 3232 2138 3300; x_wconf 72' lang='lat' dir='ltr'><strong>prteci-</strong></span> 
     </span>
    </p>
   </div>
   <div class='ocr_carea' id='block_1_64' title="bbox 567 3321 2134 3393">
    <p class='ocr_par' dir='ltr' id='par_1_64' title="bbox 567 3321 2134 3393">
     <span class='ocr_line' id='line_1_64' title="bbox 567 3321 2134 3393; baseline -0.001 -15"><span class='ocrx_word' id='word_1_497' title='bbox 567 3326 712 3393; x_wconf 87' lang='lat' dir='ltr'><strong>pitur</strong></span> <span class='ocrx_word' id='word_1_498' title='bbox 738 3324 953 3387; x_wconf 87' lang='lat' dir='ltr'><strong>dimitti,</strong></span> <span class='ocrx_word' id='word_1_499' title='bbox 987 3324 1090 3379; x_wconf 89' lang='lat' dir='ltr'><strong>hoc</strong></span> <span class='ocrx_word' id='word_1_500' title='bbox 1119 3322 1360 3393; x_wconf 83' lang='lat' dir='ltr'><strong>profecto</strong></span> <span class='ocrx_word' id='word_1_501' title='bbox 1391 3324 1642 3388; x_wconf 70' lang='lat' dir='ltr'><strong>insinuat,</strong></span> <span class='ocrx_word' id='word_1_502' title='bbox 1679 3323 1823 3393; x_wconf 90' lang='lat' dir='ltr'><strong>quod</strong></span> <span class='ocrx_word' id='word_1_503' title='bbox 1867 3321 2094 3391; x_wconf 66' lang='lat' dir='ltr'><strong>priemisi</strong></span> <span class='ocrx_word' id='word_1_504' title='bbox 2121 3339 2134 3376; x_wconf 89' lang='lat'><strong>:</strong></span> 
     </span>
    </p>
   </div>
   <div class='ocr_carea' id='block_1_65' title="bbox 564 3412 2138 3482">
    <p class='ocr_par' dir='ltr' id='par_1_65' title="bbox 564 3412 2138 3482">
     <span class='ocr_line' id='line_1_65' title="bbox 564 3412 2138 3482; baseline -0.002 -15"><span class='ocrx_word' id='word_1_505' title='bbox 564 3413 689 3482; x_wconf 85' lang='lat' dir='ltr'><strong>quia</strong></span> <span class='ocrx_word' id='word_1_506' title='bbox 720 3420 958 3482; x_wconf 89' lang='lat' dir='ltr'><strong>tempore</strong></span> <span class='ocrx_word' id='word_1_507' title='bbox 986 3412 1374 3482; x_wconf 72' lang='lat' dir='ltr'><strong>persecutionis</strong></span> <span class='ocrx_word' id='word_1_508' title='bbox 1401 3422 1707 3467; x_wconf 87' lang='lat' dir='ltr'><strong>sanctorum</strong></span> <span class='ocrx_word' id='word_1_509' title='bbox 1731 3426 1839 3481; x_wconf 69' lang='lat' dir='ltr'><strong>pra:</strong></span> <span class='ocrx_word' id='word_1_510' title='bbox 1858 3412 2138 3466; x_wconf 72' lang='lat' dir='ltr'><strong>ticatorum</strong></span> 
     </span>
    </p>
   </div>
   <div class='ocr_carea' id='block_1_66' title="bbox 563 3500 2138 3571">
    <p class='ocr_par' dir='ltr' id='par_1_66' title="bbox 563 3500 2138 3571">
     <span class='ocr_line' id='line_1_66' title="bbox 563 3500 2138 3571; baseline -0.002 -14"><span class='ocrx_word' id='word_1_511' title='bbox 563 3502 867 3557; x_wconf 82' lang='lat' dir='ltr'><strong>ex’ltortatio</strong></span> <span class='ocrx_word' id='word_1_512' title='bbox 915 3502 1050 3556; x_wconf 82' lang='lat' dir='ltr'><strong>facta</strong></span> <span class='ocrx_word' id='word_1_513' title='bbox 1099 3511 1202 3568; x_wconf 89' lang='lat' dir='ltr'><strong>est,</strong></span> <span class='ocrx_word' id='word_1_514' title='bbox 1253 3511 1312 3555; x_wconf 88' lang='lat' dir='ltr'><strong>ut</strong></span> <span class='ocrx_word' id='word_1_515' title='bbox 1357 3501 1456 3571; x_wconf 87' lang='lat' dir='ltr'><strong>ipsi</strong></span> <span class='ocrx_word' id='word_1_516' title='bbox 1486 3501 1802 3566; x_wconf 86' lang='lat' dir='ltr'><strong>crederent;</strong></span> <span class='ocrx_word' id='word_1_517' title='bbox 1851 3500 2138 3571; x_wconf 79' lang='lat' dir='ltr'><strong>aliquando</strong></span> 
     </span>
    </p>
   </div>
   <div class='ocr_carea' id='block_1_67' title="bbox 565 3589 2139 3660">
    <p class='ocr_par' dir='ltr' id='par_1_67' title="bbox 565 3589 2139 3660">
     <span class='ocr_line' id='line_1_67' title="bbox 565 3589 2139 3660; baseline -0.001 -16"><span class='ocrx_word' id='word_1_518' title='bbox 565 3599 763 3656; x_wconf 78' lang='lat' dir='ltr'><strong>autem,</strong></span> <span class='ocrx_word' id='word_1_519' title='bbox 794 3600 849 3644; x_wconf 91' lang='lat' dir='ltr'><strong>ut</strong></span> <span class='ocrx_word' id='word_1_520' title='bbox 878 3591 922 3644; x_wconf 87' lang='lat' dir='ltr'><strong>si</strong></span> <span class='ocrx_word' id='word_1_521' title='bbox 957 3591 1056 3660; x_wconf 82' lang='lat' dir='ltr'><strong>ipsi</strong></span> <span class='ocrx_word' id='word_1_522' title='bbox 1089 3591 1210 3646; x_wconf 70' lang='lat' dir='ltr'><strong>vita:</strong></span> <span class='ocrx_word' id='word_1_523' title='bbox 1237 3591 1460 3647; x_wconf 86' lang='lat' dir='ltr'><strong>verbum</strong></span> <span class='ocrx_word' id='word_1_524' title='bbox 1490 3604 1596 3644; x_wconf 92' lang='lat' dir='ltr'><strong>non</strong></span> <span class='ocrx_word' id='word_1_525' title='bbox 1638 3590 1960 3658; x_wconf 88' lang='lat' dir='ltr'><strong>reciperent,</strong></span> <span class='ocrx_word' id='word_1_526' title='bbox 2006 3589 2139 3643; x_wconf 90' lang='lat' dir='ltr'><strong>illud</strong></span> 
     </span>
    </p>
   </div>
   <div class='ocr_carea' id='block_1_68' title="bbox 564 3681 2136 3754">
    <p class='ocr_par' dir='ltr' id='par_1_68' title="bbox 564 3681 2136 3754">
     <span class='ocr_line' id='line_1_68' title="bbox 564 3681 2136 3754; baseline 0 -18"><span class='ocrx_word' id='word_1_527' title='bbox 564 3681 946 3750; x_wconf 85' lang='lat' dir='ltr'><strong>recipientibus</strong></span> <span class='ocrx_word' id='word_1_528' title='bbox 977 3698 1084 3737; x_wconf 91' lang='lat' dir='ltr'><strong>non</strong></span> <span class='ocrx_word' id='word_1_529' title='bbox 1113 3682 1430 3738; x_wconf 88' lang='lat' dir='ltr'><strong>obstarent:</strong></span> <span class='ocrx_word' id='word_1_530' title='bbox 1461 3693 1516 3740; x_wconf 91' lang='lat' dir='ltr'><strong>et</strong></span> <span class='ocrx_word' id='word_1_531' title='bbox 1542 3683 1588 3740; x_wconf 87' lang='lat' dir='ltr'><strong>si</strong></span> <span class='ocrx_word' id='word_1_532' title='bbox 1616 3682 1715 3754; x_wconf 90' lang='lat' dir='ltr'><strong>ipsi</strong></span> <span class='ocrx_word' id='word_1_533' title='bbox 1745 3690 2136 3737; x_wconf 86' lang='lat' dir='ltr'><strong>tormentorum</strong></span> 
     </span>
    </p>
   </div>
   <div class='ocr_carea' id='block_1_69' title="bbox 563 3773 2138 3844">
    <p class='ocr_par' dir='ltr' id='par_1_69' title="bbox 563 3773 2138 3844">
     <span class='ocr_line' id='line_1_69' title="bbox 563 3773 2138 3844; baseline -0.001 -17"><span class='ocrx_word' id='word_1_534' title='bbox 563 3783 728 3839; x_wconf 88' lang='lat' dir='ltr'><strong>metu,</strong></span> <span class='ocrx_word' id='word_1_535' title='bbox 772 3774 958 3828; x_wconf 77' lang='lat' dir='ltr'><strong>Salutis</strong></span> <span class='ocrx_word' id='word_1_536' title='bbox 984 3774 1122 3828; x_wconf 88' lang='lat' dir='ltr'><strong>viam</strong></span> <span class='ocrx_word' id='word_1_537' title='bbox 1147 3789 1253 3828; x_wconf 90' lang='lat' dir='ltr'><strong>non</strong></span> <span class='ocrx_word' id='word_1_538' title='bbox 1297 3775 1620 3842; x_wconf 87' lang='lat' dir='ltr'><strong>arriperent,</strong></span> <span class='ocrx_word' id='word_1_539' title='bbox 1647 3776 1726 3830; x_wconf 87' lang='lat' dir='ltr'><strong>eis</strong></span> <span class='ocrx_word' id='word_1_540' title='bbox 1754 3773 2138 3844; x_wconf 88' lang='lat' dir='ltr'><strong>impedimento</strong></span> 
     </span>
    </p>
   </div>
   <div class='ocr_carea' id='block_1_70' title="bbox 563 3864 2136 3934">
    <p class='ocr_par' dir='ltr' id='par_1_70' title="bbox 563 3864 2136 3934">
     <span class='ocr_line' id='line_1_70' title="bbox 563 3864 2136 3934; baseline -0.002 -13"><span class='ocrx_word' id='word_1_541' title='bbox 563 3880 670 3921; x_wconf 89' lang='lat' dir='ltr'><strong>non</strong></span> <span class='ocrx_word' id='word_1_542' title='bbox 701 3875 898 3929; x_wconf 88' lang='lat' dir='ltr'><strong>essent,</strong></span> <span class='ocrx_word' id='word_1_543' title='bbox 923 3866 1013 3934; x_wconf 90' lang='lat' dir='ltr'><strong>qui</strong></span> <span class='ocrx_word' id='word_1_544' title='bbox 1030 3865 1096 3919; x_wconf 91' lang='lat' dir='ltr'><strong>ad</strong></span> <span class='ocrx_word' id='word_1_545' title='bbox 1116 3880 1277 3934; x_wconf 75' lang='lat' dir='ltr'><strong>regna</strong></span> <span class='ocrx_word' id='word_1_546' title='bbox 1300 3864 1539 3920; x_wconf 67' lang='lat' dir='ltr'><strong>caelestia</strong></span> <span class='ocrx_word' id='word_1_547' title='bbox 1558 3864 1809 3920; x_wconf 81' lang='lat' dir='ltr'><strong>festinare</strong></span> <span class='ocrx_word' id='word_1_548' title='bbox 1836 3880 1933 3919; x_wconf 92' lang='lat' dir='ltr'><strong>nec</strong></span> <span class='ocrx_word' id='word_1_549' title='bbox 1957 3866 2136 3931; x_wconf 90' lang='lat' dir='ltr'><strong>minis,</strong></span> 
     </span>
    </p>
   </div>
   <div class='ocr_carea' id='block_1_71' title="bbox 563 3956 1565 4026">
    <p class='ocr_par' dir='ltr' id='par_1_71' title="bbox 563 3956 1565 4026">
     <span class='ocr_line' id='line_1_71' title="bbox 563 3956 1565 4026; baseline -0.002 -16"><span class='ocrx_word' id='word_1_550' title='bbox 563 3971 665 4013; x_wconf 87' lang='lat' dir='ltr'><strong>uec</strong></span> <span class='ocrx_word' id='word_1_551' title='bbox 690 3957 864 4026; x_wconf 75' lang='lat' dir='ltr'><strong>ptenis</strong></span> <span class='ocrx_word' id='word_1_552' title='bbox 891 3956 1239 4011; x_wconf 71' lang='lat' dir='ltr'><strong>destitissent.</strong></span> <span class='ocrx_word' id='word_1_553' title='bbox 1273 3956 1525 4026; x_wconf 89' lang='lat' dir='ltr'><strong>Sequitur</strong></span> <span class='ocrx_word' id='word_1_554' title='bbox 1553 3973 1565 4008; x_wconf 90' lang='lat'><strong>:</strong></span> 
     </span>
    </p>
   </div>
   <div class='ocr_carea' id='block_1_72' title="bbox 635 4047 2138 4117">
    <p class='ocr_par' dir='ltr' id='par_1_72' title="bbox 635 4047 2138 4117">
     <span class='ocr_line' id='line_1_72' title="bbox 635 4047 2138 4117; baseline 0 -17"><span class='ocrx_word' id='word_1_555' title='bbox 635 4048 812 4116; x_wconf 78' lang='lat' dir='ltr'><strong>(Vere.</strong></span> <span class='ocrx_word' id='word_1_556' title='bbox 845 4047 954 4116; x_wconf 73' lang='grc'><strong>12.)</strong></span> <span class='ocrx_word' id='word_1_557' title='bbox 994 4047 1181 4100; x_wconf 79' lang='lat' dir='ltr'><strong>Fiebat</strong></span> <span class='ocrx_word' id='word_1_558' title='bbox 1218 4050 1354 4100; x_wconf 88' lang='lat' dir='ltr'><strong>enim</strong></span> <span class='ocrx_word' id='word_1_559' title='bbox 1403 4049 1555 4100; x_wconf 87' lang='lat' dir='ltr'><strong>timor</strong></span> <span class='ocrx_word' id='word_1_560' title='bbox 1592 4049 1771 4100; x_wconf 86' lang='lat' dir='ltr'><strong>mortis</strong></span> <span class='ocrx_word' id='word_1_561' title='bbox 1814 4051 1864 4098; x_wconf 85' lang='lat' dir='ltr'><strong>in</strong></span> <span class='ocrx_word' id='word_1_562' title='bbox 1919 4047 2138 4117; x_wconf 81' lang='lat' dir='ltr'><strong>singulis</strong></span> 
     </span>
    </p>
   </div>
   <div class='ocr_carea' id='block_1_73' title="bbox 562 4134 1842 4204">
    <p class='ocr_par' dir='ltr' id='par_1_73' title="bbox 562 4134 1842 4204">
     <span class='ocr_line' id='line_1_73' title="bbox 562 4134 1842 4204; baseline -0.001 -17"><span class='ocrx_word' id='word_1_563' title='bbox 562 4135 792 4200; x_wconf 74' lang='lat' dir='ltr'><strong>urbibus,</strong></span> <span class='ocrx_word' id='word_1_564' title='bbox 821 4145 871 4187; x_wconf 91' lang='lat' dir='ltr'><strong>et</strong></span> <span class='ocrx_word' id='word_1_565' title='bbox 898 4137 1199 4204; x_wconf 72' lang='lat' dir='ltr'><strong>grauissima</strong></span> <span class='ocrx_word' id='word_1_566' title='bbox 1227 4135 1374 4188; x_wconf 81' lang='lat' dir='ltr'><strong>valde</strong></span> <span class='ocrx_word' id='word_1_567' title='bbox 1397 4151 1582 4188; x_wconf 82' lang='lat' dir='ltr'><strong>manus</strong></span> <span class='ocrx_word' id='word_1_568' title='bbox 1612 4134 1842 4187; x_wconf 86' lang='lat' dir='ltr'><strong>Domini.</strong></span> 
     </span>
    </p>
   </div>
   <div class='ocr_carea' id='block_1_74' title="bbox 633 4223 2138 4292">
    <p class='ocr_par' dir='ltr' id='par_1_74' title="bbox 633 4223 2138 4292">
     <span class='ocr_line' id='line_1_74' title="bbox 633 4223 2138 4292; baseline 0 -15"><span class='ocrx_word' id='word_1_569' title='bbox 633 4223 748 4279; x_wconf 83' lang='lat' dir='ltr'><strong>Hoc</strong></span> <span class='ocrx_word' id='word_1_570' title='bbox 774 4225 988 4292; x_wconf 87' lang='lat' dir='ltr'><strong>quidem</strong></span> <span class='ocrx_word' id='word_1_571' title='bbox 1012 4223 1078 4277; x_wconf 91' lang='lat' dir='ltr'><strong>ad</strong></span> <span class='ocrx_word' id='word_1_572' title='bbox 1102 4224 1423 4278; x_wconf 85' lang='lat' dir='ltr'><strong>exteriorem</strong></span> <span class='ocrx_word' id='word_1_573' title='bbox 1453 4223 1880 4292; x_wconf 76' lang='lat' dir='ltr'><strong>persecutionem</strong></span> <span class='ocrx_word' id='word_1_574' title='bbox 1906 4223 2138 4291; x_wconf 81' lang='lat' dir='ltr'><strong>qualiter</strong></span> 
     </span>
    </p>
   </div>
   <div class='ocr_carea' id='block_1_75' title="bbox 565 4313 1854 4384">
    <p class='ocr_par' dir='ltr' id='par_1_75' title="bbox 565 4313 1854 4384">
     <span class='ocr_line' id='line_1_75' title="bbox 565 4313 1854 4384; baseline -0.002 -16"><span class='ocrx_word' id='word_1_575' title='bbox 565 4314 880 4383; x_wconf 82' lang='lat' dir='ltr'><strong>accipiatur,</strong></span> <span class='ocrx_word' id='word_1_576' title='bbox 910 4329 1068 4383; x_wconf 87' lang='lat' dir='ltr'><strong>supra</strong></span> <span class='ocrx_word' id='word_1_577' title='bbox 1096 4313 1398 4384; x_wconf 83' lang='lat' dir='ltr'><strong>expositum</strong></span> <span class='ocrx_word' id='word_1_578' title='bbox 1428 4328 1531 4370; x_wconf 85' lang='lat' dir='ltr'><strong>est.</strong></span> <span class='ocrx_word' id='word_1_579' title='bbox 1563 4314 1818 4383; x_wconf 87' lang='lat' dir='ltr'><strong>Sequitur</strong></span> <span class='ocrx_word' id='word_1_580' title='bbox 1843 4331 1854 4366; x_wconf 91' lang='lat'>:</span> 
     </span>
    </p>
   </div>
   <div class='ocr_carea' id='block_1_76' title="bbox 2239 3139 3797 3212">
    <p class='ocr_par' dir='ltr' id='par_1_76' title="bbox 2239 3139 3797 3212">
     <span class='ocr_line' id='line_1_76' title="bbox 2239 3139 3797 3212; baseline -0.004 -16"><span class='ocrx_word' id='word_1_581' title='bbox 2239 3141 2623 3208; x_wconf 88' lang='lat' dir='ltr'><strong>omnipotentis</strong></span> <span class='ocrx_word' id='word_1_582' title='bbox 2669 3140 2914 3196; x_wconf 88' lang='lat' dir='ltr'><strong>laudibus</strong></span> <span class='ocrx_word' id='word_1_583' title='bbox 2958 3154 3292 3212; x_wconf 78' lang='lat' dir='ltr'><strong>unaquzeque</strong></span> <span class='ocrx_word' id='word_1_584' title='bbox 3337 3139 3528 3195; x_wconf 86' lang='lat' dir='ltr'><strong>civitas</strong></span> <span class='ocrx_word' id='word_1_585' title='bbox 3578 3139 3797 3194; x_wconf 86' lang='lat' dir='ltr'><strong>clamat:</strong></span> 
     </span>
    </p>
   </div>
   <div class='ocr_carea' id='block_1_77' title="bbox 2237 3233 3800 3305">
    <p class='ocr_par' dir='ltr' id='par_1_77' title="bbox 2237 3233 3800 3305">
     <span class='ocr_line' id='line_1_77' title="bbox 2237 3233 3800 3305; baseline -0.001 -18"><span class='ocrx_word' id='word_1_586' title='bbox 2237 3234 2363 3303; x_wconf 87' lang='lat' dir='ltr'><strong>quia</strong></span> <span class='ocrx_word' id='word_1_587' title='bbox 2404 3233 2777 3303; x_wconf 81' lang='lat' dir='ltr'><strong>Redemptoris</strong></span> <span class='ocrx_word' id='word_1_588' title='bbox 2805 3236 3074 3305; x_wconf 75' lang='lat' dir='ltr'><strong>prteconia</strong></span> <span class='ocrx_word' id='word_1_589' title='bbox 3104 3236 3250 3290; x_wconf 86' lang='lat' dir='ltr'><strong>orbis</strong></span> <span class='ocrx_word' id='word_1_590' title='bbox 3287 3236 3568 3289; x_wconf 87' lang='lat' dir='ltr'><strong>universus</strong></span> <span class='ocrx_word' id='word_1_591' title='bbox 3617 3249 3800 3303; x_wconf 78' lang='lat' dir='ltr'><strong>nequa-</strong></span> 
     </span>
    </p>
   </div>
   <div class='ocr_carea' id='block_1_78' title="bbox 2238 3323 3802 3394">
    <p class='ocr_par' dir='ltr' id='par_1_78' title="bbox 2238 3323 3802 3394">
     <span class='ocr_line' id='line_1_78' title="bbox 2238 3323 3802 3394; baseline 0 -18"><span class='ocrx_word' id='word_1_592' title='bbox 2238 3338 2396 3393; x_wconf 87' lang='lat' dir='ltr'><strong>quam</strong></span> <span class='ocrx_word' id='word_1_593' title='bbox 2442 3332 2618 3388; x_wconf 86' lang='lat' dir='ltr'><strong>tacet;</strong></span> <span class='ocrx_word' id='word_1_594' title='bbox 2657 3338 2819 3394; x_wconf 91' lang='lat' dir='ltr'><strong>quem</strong></span> <span class='ocrx_word' id='word_1_595' title='bbox 2859 3341 2965 3380; x_wconf 91' lang='lat' dir='ltr'><strong>non</strong></span> <span class='ocrx_word' id='word_1_596' title='bbox 3004 3326 3264 3380; x_wconf 88' lang='lat' dir='ltr'><strong>absconse</strong></span> <span class='ocrx_word' id='word_1_597' title='bbox 3293 3324 3571 3394; x_wconf 69' lang='lat' dir='ltr'><strong>prtedicat,</strong></span> <span class='ocrx_word' id='word_1_598' title='bbox 3616 3323 3708 3378; x_wconf 87' lang='lat' dir='ltr'><strong>sed</strong></span> <span class='ocrx_word' id='word_1_599' title='bbox 3735 3323 3802 3376; x_wconf 82' lang='lat' dir='ltr'><strong>in-</strong></span> 
     </span>
    </p>
   </div>
   <div class='ocr_carea' id='block_1_79' title="bbox 2238 3413 3799 3483">
    <p class='ocr_par' dir='ltr' id='par_1_79' title="bbox 2238 3413 3799 3483">
     <span class='ocr_line' id='line_1_79' title="bbox 2238 3413 3799 3483; baseline -0.002 -13"><span class='ocrx_word' id='word_1_600' title='bbox 2238 3413 2468 3470; x_wconf 77' lang='lat' dir='ltr'><strong>etlabilis</strong></span> <span class='ocrx_word' id='word_1_601' title='bbox 2515 3413 2714 3468; x_wconf 64' lang='lat' dir='ltr'><strong>laetitia:</strong></span> <span class='ocrx_word' id='word_1_602' title='bbox 2757 3414 3076 3483; x_wconf 89' lang='lat' dir='ltr'><strong>jubilatione</strong></span> <span class='ocrx_word' id='word_1_603' title='bbox 3118 3415 3408 3470; x_wconf 88' lang='lat' dir='ltr'><strong>collaudat.</strong></span> <span class='ocrx_word' id='word_1_604' title='bbox 3474 3415 3616 3481; x_wconf 87' lang='lat' dir='ltr'><strong>Quid</strong></span> <span class='ocrx_word' id='word_1_605' title='bbox 3673 3414 3799 3470; x_wconf 83' lang='lat' dir='ltr'><strong>enim</strong></span> 
     </span>
    </p>
   </div>
   <div class='ocr_carea' id='block_1_80' title="bbox 2239 3502 3804 3571">
    <p class='ocr_par' dir='ltr' id='par_1_80' title="bbox 2239 3502 3804 3571">
     <span class='ocr_line' id='line_1_80' title="bbox 2239 3502 3804 3571; baseline -0.001 -13"><span class='ocrx_word' id='word_1_606' title='bbox 2239 3502 2402 3564; x_wconf 86' lang='lat' dir='ltr'><strong>aliud,</strong></span> <span class='ocrx_word' id='word_1_607' title='bbox 2432 3517 2592 3571; x_wconf 86' lang='lat' dir='ltr'><strong>quam</strong></span> <span class='ocrx_word' id='word_1_608' title='bbox 2621 3503 2897 3558; x_wconf 86' lang='lat' dir='ltr'><strong>universas</strong></span> <span class='ocrx_word' id='word_1_609' title='bbox 2925 3505 3172 3561; x_wconf 87' lang='lat' dir='ltr'><strong>civitates</strong></span> <span class='ocrx_word' id='word_1_610' title='bbox 3199 3505 3268 3559; x_wconf 92' lang='lat' dir='ltr'><strong>ad</strong></span> <span class='ocrx_word' id='word_1_611' title='bbox 3298 3506 3596 3560; x_wconf 87' lang='lat' dir='ltr'><strong>clamorem</strong></span> <span class='ocrx_word' id='word_1_612' title='bbox 3626 3504 3804 3559; x_wconf 78' lang='lat' dir='ltr'><strong>cohor-</strong></span> 
     </span>
    </p>
   </div>
   <div class='ocr_carea' id='block_1_81' title="bbox 2241 3591 3802 3664">
    <p class='ocr_par' dir='ltr' id='par_1_81' title="bbox 2241 3591 3802 3664">
     <span class='ocr_line' id='line_1_81' title="bbox 2241 3591 3802 3664; baseline -0.001 -20"><span class='ocrx_word' id='word_1_613' title='bbox 2241 3591 2470 3656; x_wconf 85' lang='lat' dir='ltr'><strong>tabatur,</strong></span> <span class='ocrx_word' id='word_1_614' title='bbox 2492 3591 2582 3660; x_wconf 92' lang='lat' dir='ltr'><strong>qui</strong></span> <span class='ocrx_word' id='word_1_615' title='bbox 2603 3591 2816 3646; x_wconf 89' lang='lat' dir='ltr'><strong>dicebat</strong></span> <span class='ocrx_word' id='word_1_616' title='bbox 2835 3610 2847 3645; x_wconf 92' lang='lat'><strong>:</strong></span> <span class='ocrx_word' id='word_1_617' title='bbox 2868 3593 3061 3647; x_wconf 82' lang='lat' dir='ltr'><strong>Omnes</strong></span> <span class='ocrx_word' id='word_1_618' title='bbox 3082 3592 3288 3658; x_wconf 82' lang='lat' dir='ltr'><strong>Gentes,</strong></span> <span class='ocrx_word' id='word_1_619' title='bbox 3311 3595 3542 3664; x_wconf 82' lang='lat' dir='ltr'><strong>plaudite</strong></span> <span class='ocrx_word' id='word_1_620' title='bbox 3561 3591 3802 3653; x_wconf 82' lang='lat' dir='ltr'><strong>manibus,</strong></span> 
     </span>
    </p>
   </div>
   <div class='ocr_carea' id='block_1_82' title="bbox 2233 3681 3805 3754">
    <p class='ocr_par' dir='ltr' id='par_1_82' title="bbox 2233 3681 3805 3754">
     <span class='ocr_line' id='line_1_82' title="bbox 2233 3681 3805 3754; baseline 0 -21"><span class='ocrx_word' id='word_1_621' title='bbox 2233 3681 2454 3752; x_wconf 90' lang='lat' dir='ltr'><strong>jubilate</strong></span> <span class='ocrx_word' id='word_1_622' title='bbox 2481 3681 2586 3735; x_wconf 91' lang='lat' dir='ltr'><strong>Deo</strong></span> <span class='ocrx_word' id='word_1_623' title='bbox 2612 3683 2666 3736; x_wconf 86' lang='lat' dir='ltr'><strong>in</strong></span> <span class='ocrx_word' id='word_1_624' title='bbox 2693 3700 2811 3737; x_wconf 77' lang='lat' dir='ltr'><strong>race</strong></span> <span class='ocrx_word' id='word_1_625' title='bbox 2839 3685 3218 3748; x_wconf 74' lang='lat' dir='ltr'><strong>exsultationis,</strong></span> <span class='ocrx_word' id='word_1_626' title='bbox 3248 3685 3489 3754; x_wconf 87' lang='lat' dir='ltr'><strong>quoniam</strong></span> <span class='ocrx_word' id='word_1_627' title='bbox 3516 3682 3656 3736; x_wconf 86' lang='lat' dir='ltr'><strong>Deus</strong></span> <span class='ocrx_word' id='word_1_628' title='bbox 3681 3699 3805 3736; x_wconf 76' lang='lat' dir='ltr'><strong>sunt-</strong></span> 
     </span>
    </p>
   </div>
   <div class='ocr_carea' id='block_1_83' title="bbox 2241 3771 3805 3842">
    <p class='ocr_par' dir='ltr' id='par_1_83' title="bbox 2241 3771 3805 3842">
     <span class='ocr_line' id='line_1_83' title="bbox 2241 3771 3805 3842; baseline -0.001 -19"><span class='ocrx_word' id='word_1_629' title='bbox 2241 3786 2353 3824; x_wconf 88' lang='lat' dir='ltr'><strong>mus</strong></span> <span class='ocrx_word' id='word_1_630' title='bbox 2403 3781 2452 3824; x_wconf 91' lang='lat' dir='ltr'><strong>et</strong></span> <span class='ocrx_word' id='word_1_631' title='bbox 2497 3771 2761 3835; x_wconf 88' lang='lat' dir='ltr'><strong>terribilis,</strong></span> <span class='ocrx_word' id='word_1_632' title='bbox 2807 3780 2857 3825; x_wconf 91' lang='lat' dir='ltr'><strong>et</strong></span> <span class='ocrx_word' id='word_1_633' title='bbox 2902 3788 2995 3825; x_wconf 66' lang='lat' dir='ltr'><strong>rex</strong></span> <span class='ocrx_word' id='word_1_634' title='bbox 3042 3789 3262 3842; x_wconf 85' lang='lat' dir='ltr'><strong>magnus</strong></span> <span class='ocrx_word' id='word_1_635' title='bbox 3285 3789 3437 3842; x_wconf 85' lang='lat' dir='ltr'><strong>super</strong></span> <span class='ocrx_word' id='word_1_636' title='bbox 3480 3789 3662 3826; x_wconf 87' lang='lat' dir='ltr'><strong>omnes</strong></span> <span class='ocrx_word' id='word_1_637' title='bbox 3699 3773 3805 3823; x_wconf 84' lang='lat' dir='ltr'><strong>deos</strong></span> 
     </span>
    </p>
   </div>
   <div class='ocr_carea' id='block_1_84' title="bbox 2242 3860 3808 3931">
    <p class='ocr_par' dir='ltr' id='par_1_84' title="bbox 2242 3860 3808 3931">
     <span class='ocr_line' id='line_1_84' title="bbox 2242 3860 3808 3931; baseline -0.001 -17"><span class='ocrx_word' id='word_1_638' title='bbox 2242 3860 2415 3931; x_wconf 87' lang='lat' dir='ltr'><strong>(Psal.</strong></span> <span class='ocrx_word' id='word_1_639' title='bbox 2448 3877 2590 3926; x_wconf 74' lang='lat' dir='ltr'><strong>XLVI,</strong></span> <span class='ocrx_word' id='word_1_640' title='bbox 2620 3863 2676 3929; x_wconf 72' lang='lat'><strong>2,</strong></span> <span class='ocrx_word' id='word_1_641' title='bbox 2708 3863 2786 3931; x_wconf 78' lang='grc'><strong>5).</strong></span> <span class='ocrx_word' id='word_1_642' title='bbox 2818 3861 2951 3918; x_wconf 84' lang='lat' dir='ltr'><strong>llinc</strong></span> <span class='ocrx_word' id='word_1_643' title='bbox 2977 3864 3168 3917; x_wconf 90' lang='lat' dir='ltr'><strong>iterum</strong></span> <span class='ocrx_word' id='word_1_644' title='bbox 3194 3864 3504 3926; x_wconf 84' lang='lat' dir='ltr'><strong>admonens,</strong></span> <span class='ocrx_word' id='word_1_645' title='bbox 3531 3863 3648 3916; x_wconf 88' lang='lat' dir='ltr'><strong>ait:</strong></span> <span class='ocrx_word' id='word_1_646' title='bbox 3674 3863 3808 3915; x_wconf 83' lang='lat' dir='ltr'><strong>Jubi-</strong></span> 
     </span>
    </p>
   </div>
   <div class='ocr_carea' id='block_1_85' title="bbox 2241 3948 3792 4020">
    <p class='ocr_par' dir='ltr' id='par_1_85' title="bbox 2241 3948 3792 4020">
     <span class='ocr_line' id='line_1_85' title="bbox 2241 3948 3792 4020; baseline -0.001 -16"><span class='ocrx_word' id='word_1_647' title='bbox 2241 3951 2343 4004; x_wconf 85' lang='lat' dir='ltr'><strong>late</strong></span> <span class='ocrx_word' id='word_1_648' title='bbox 2377 3948 2484 4005; x_wconf 87' lang='lat' dir='ltr'><strong>Deo</strong></span> <span class='ocrx_word' id='word_1_649' title='bbox 2507 3953 2672 4005; x_wconf 87' lang='lat' dir='ltr'><strong>omnis</strong></span> <span class='ocrx_word' id='word_1_650' title='bbox 2703 3961 2857 4016; x_wconf 90' lang='lat' dir='ltr'><strong>terra,</strong></span> <span class='ocrx_word' id='word_1_651' title='bbox 2891 3955 3076 4007; x_wconf 74' lang='lat' dir='ltr'><strong>servits</strong></span> <span class='ocrx_word' id='word_1_652' title='bbox 3107 3952 3329 4008; x_wconf 87' lang='lat' dir='ltr'><strong>Domino</strong></span> <span class='ocrx_word' id='word_1_653' title='bbox 3356 3956 3408 4006; x_wconf 86' lang='lat' dir='ltr'><strong>in</strong></span> <span class='ocrx_word' id='word_1_654' title='bbox 3432 3953 3622 4007; x_wconf 63' lang='lat' dir='ltr'><strong>laetitia</strong></span> <span class='ocrx_word' id='word_1_655' title='bbox 3646 3951 3792 4020; x_wconf 82' lang='lat' dir='ltr'><strong>(Psal</strong></span> 
     </span>
    </p>
   </div>
   <div class='ocr_carea' id='block_1_86' title="bbox 2240 4039 3822 4111">
    <p class='ocr_par' dir='ltr' id='par_1_86' title="bbox 2240 4039 3822 4111">
     <span class='ocr_line' id='line_1_86' title="bbox 2240 4039 3822 4111; baseline -0.001 -17"><span class='ocrx_word' id='word_1_656' title='bbox 2240 4055 2384 4104; x_wconf 79' lang='lat' dir='ltr'><strong>xcu,</strong></span> <span class='ocrx_word' id='word_1_657' title='bbox 2417 4039 2492 4107; x_wconf 73' lang='grc'><strong>2).</strong></span> <span class='ocrx_word' id='word_1_658' title='bbox 2522 4039 2658 4094; x_wconf 81' lang='lat' dir='ltr'><strong>Hinc</strong></span> <span class='ocrx_word' id='word_1_659' title='bbox 2684 4057 2917 4109; x_wconf 89' lang='lat' dir='ltr'><strong>rursum,</strong></span> <span class='ocrx_word' id='word_1_660' title='bbox 2951 4050 3060 4097; x_wconf 90' lang='lat' dir='ltr'><strong>tam</strong></span> <span class='ocrx_word' id='word_1_661' title='bbox 3091 4042 3299 4111; x_wconf 75' lang='lat' dir='ltr'><strong>plagam</strong></span> <span class='ocrx_word' id='word_1_662' title='bbox 3321 4043 3686 4096; x_wconf 86' lang='lat' dir='ltr'><strong>mordentium</strong></span> <span class='ocrx_word' id='word_1_663' title='bbox 3713 4057 3822 4094; x_wconf 57' lang='lat' dir='ltr'><strong>nuzv</strong></span> 
     </span>
    </p>
   </div>
   <div class='ocr_carea' id='block_1_87' title="bbox 2243 4129 3810 4200">
    <p class='ocr_par' dir='ltr' id='par_1_87' title="bbox 2243 4129 3810 4200">
     <span class='ocr_line' id='line_1_87' title="bbox 2243 4129 3810 4200; baseline -0.001 -16"><span class='ocrx_word' id='word_1_664' title='bbox 2243 4129 2401 4195; x_wconf 90' lang='lat' dir='ltr'><strong>rium,</strong></span> <span class='ocrx_word' id='word_1_665' title='bbox 2441 4144 2604 4198; x_wconf 90' lang='lat' dir='ltr'><strong>quam</strong></span> <span class='ocrx_word' id='word_1_666' title='bbox 2642 4130 2933 4185; x_wconf 82' lang='lat' dir='ltr'><strong>clamorem</strong></span> <span class='ocrx_word' id='word_1_667' title='bbox 2961 4132 3238 4186; x_wconf 86' lang='lat' dir='ltr'><strong>civitatum</strong></span> <span class='ocrx_word' id='word_1_668' title='bbox 3277 4131 3551 4200; x_wconf 80' lang='lat' dir='ltr'><strong>exprimit,</strong></span> <span class='ocrx_word' id='word_1_669' title='bbox 3590 4131 3810 4184; x_wconf 88' lang='lat' dir='ltr'><strong>dicens:</strong></span> 
     </span>
    </p>
   </div>
   <div class='ocr_carea' id='block_1_88' title="bbox 2242 4216 3812 4291">
    <p class='ocr_par' dir='ltr' id='par_1_88' title="bbox 2242 4216 3812 4291">
     <span class='ocr_line' id='line_1_88' title="bbox 2242 4216 3812 4291; baseline 0.001 -21"><span class='ocrx_word' id='word_1_670' title='bbox 2242 4216 2630 4272; x_wconf 83' lang='lat' dir='ltr'><strong>Commoveatur</strong></span> <span class='ocrx_word' id='word_1_671' title='bbox 2672 4237 2705 4272; x_wconf 85' lang='grc' dir='ltr'><em>α</em></span> <span class='ocrx_word' id='word_1_672' title='bbox 2751 4222 2884 4290; x_wconf 81' lang='lat' dir='ltr'><strong>facie</strong></span> <span class='ocrx_word' id='word_1_673' title='bbox 2918 4223 3032 4291; x_wconf 83' lang='lat' dir='ltr'><strong>ejus</strong></span> <span class='ocrx_word' id='word_1_674' title='bbox 3073 4222 3310 4274; x_wconf 76' lang='lat' dir='ltr'><strong>universa</strong></span> <span class='ocrx_word' id='word_1_675' title='bbox 3351 4229 3520 4284; x_wconf 88' lang='lat' dir='ltr'><strong>terra,</strong></span> <span class='ocrx_word' id='word_1_676' title='bbox 3571 4220 3730 4273; x_wconf 80' lang='lat' dir='ltr'><strong>dicite</strong></span> <span class='ocrx_word' id='word_1_677' title='bbox 3766 4221 3812 4271; x_wconf 84' lang='lat' dir='ltr'><strong>in</strong></span> 
     </span>
    </p>
   </div>
   <div class='ocr_carea' id='block_1_89' title="bbox 2245 4305 3812 4381">
    <p class='ocr_par' dir='ltr' id='par_1_89' title="bbox 2245 4305 3812 4381">
     <span class='ocr_line' id='line_1_89' title="bbox 2245 4305 3812 4381; baseline 0.001 -21"><span class='ocrx_word' id='word_1_678' title='bbox 2245 4305 2511 4370; x_wconf 80' lang='lat' dir='ltr'><strong>Gentibus,</strong></span> <span class='ocrx_word' id='word_1_679' title='bbox 2537 4311 2656 4379; x_wconf 91' lang='lat' dir='ltr'><strong>quia</strong></span> <span class='ocrx_word' id='word_1_680' title='bbox 2689 4309 2940 4364; x_wconf 87' lang='lat' dir='ltr'><strong>Dominus</strong></span> <span class='ocrx_word' id='word_1_681' title='bbox 2981 4312 3212 4381; x_wconf 80' lang='lat' dir='ltr'><strong>regnarit</strong></span> <span class='ocrx_word' id='word_1_682' title='bbox 3241 4309 3409 4378; x_wconf 84' lang='lat' dir='ltr'><strong>(Psal.</strong></span> <span class='ocrx_word' id='word_1_683' title='bbox 3449 4325 3572 4373; x_wconf 88' lang='lat' dir='ltr'><strong>xcv,</strong></span> <span class='ocrx_word' id='word_1_684' title='bbox 3616 4307 3671 4374; x_wconf 89' lang='lat'><strong>9,</strong></span> <span class='ocrx_word' id='word_1_685' title='bbox 3711 4309 3812 4376; x_wconf 77' lang='grc'><strong>10).</strong></span> 
     </span>
    </p>
   </div>
   <div class='ocr_carea' id='block_1_90' title="bbox 633 4399 2133 4481">
    <p class='ocr_par' dir='ltr' id='par_1_90' title="bbox 633 4405 2132 4476">
     <span class='ocr_line' id='line_1_90' title="bbox 633 4405 2132 4476; baseline 0 -18"><span class='ocrx_word' id='word_1_686' title='bbox 633 4405 814 4474; x_wconf 77' lang='lat' dir='ltr'><strong>(Vers.</strong></span> <span class='ocrx_word' id='word_1_687' title='bbox 861 4405 973 4474; x_wconf 67' lang='lat'><strong>1‘2.)</strong></span> <span class='ocrx_word' id='word_1_688' title='bbox 1021 4405 1131 4458; x_wconf 72' lang='lat' dir='ltr'><strong>Viri</strong></span> <span class='ocrx_word' id='word_1_689' title='bbox 1159 4421 1374 4475; x_wconf 87' lang='lat' dir='ltr'><strong>quoque,</strong></span> <span class='ocrx_word' id='word_1_690' title='bbox 1420 4407 1506 4476; x_wconf 84' lang='lat' dir='ltr'><strong>qui</strong></span> <span class='ocrx_word' id='word_1_691' title='bbox 1537 4406 1726 4460; x_wconf 86' lang='lat' dir='ltr'><strong>mortui</strong></span> <span class='ocrx_word' id='word_1_692' title='bbox 1771 4421 1873 4459; x_wconf 86' lang='lat' dir='ltr'><strong>non</strong></span> <span class='ocrx_word' id='word_1_693' title='bbox 1912 4407 2132 4475; x_wconf 76' lang='lat' dir='ltr'><strong>fuerunt.</strong></span> 
     </span>
    </p>
   </div>
   <div class='ocr_carea' id='block_1_91' title="bbox 2237 4399 3811 4481">
    <p class='ocr_par' dir='ltr' id='par_1_91' title="bbox 2248 4399 3811 4466">
     <span class='ocr_line' id='line_1_91' title="bbox 2248 4399 3811 4466; baseline -0.002 -12"><span class='ocrx_word' id='word_1_694' title='bbox 2248 4399 2586 4456; x_wconf 71' lang='lat' dir='ltr'><strong>Prmmiserat</strong></span> <span class='ocrx_word' id='word_1_695' title='bbox 2612 4403 2754 4456; x_wconf 88' lang='lat' dir='ltr'><strong>enim</strong></span> <span class='ocrx_word' id='word_1_696' title='bbox 2782 4421 2794 4456; x_wconf 91' lang='lat'>:</span> <span class='ocrx_word' id='word_1_697' title='bbox 2826 4404 3040 4456; x_wconf 81' lang='lat' dir='ltr'><strong>Cantate</strong></span> <span class='ocrx_word' id='word_1_698' title='bbox 3074 4402 3298 4457; x_wconf 88' lang='lat' dir='ltr'><strong>Domino</strong></span> <span class='ocrx_word' id='word_1_699' title='bbox 3327 4403 3582 4455; x_wconf 85' lang='lat' dir='ltr'><strong>canticum</strong></span> <span class='ocrx_word' id='word_1_700' title='bbox 3617 4417 3811 4466; x_wconf 80' lang='lat' dir='ltr'><strong>nouunt,</strong></span> 
     </span>
    </p>
   </div>
   <div class='ocr_carea' id='block_1_92' title="bbox 563 4493 2138 4565">
    <p class='ocr_par' dir='ltr' id='par_1_92' title="bbox 563 4493 2138 4565">
     <span class='ocr_line' id='line_1_92' title="bbox 563 4493 2138 4565; baseline -0.002 -15"><span class='ocrx_word' id='word_1_701' title='bbox 563 4493 977 4565; x_wconf 83' lang='lat' dir='ltr'><strong>percutiebantur</strong></span> <span class='ocrx_word' id='word_1_702' title='bbox 996 4497 1048 4548; x_wconf 88' lang='lat' dir='ltr'><strong>in</strong></span> <span class='ocrx_word' id='word_1_703' title='bbox 1067 4497 1332 4549; x_wconf 85' lang='lat' dir='ltr'><strong>secretiori</strong></span> <span class='ocrx_word' id='word_1_704' title='bbox 1354 4505 1498 4564; x_wconf 85' lang='lat' dir='ltr'><strong>parte</strong></span> <span class='ocrx_word' id='word_1_705' title='bbox 1520 4496 1745 4548; x_wconf 88' lang='lat' dir='ltr'><strong>natium:</strong></span> <span class='ocrx_word' id='word_1_706' title='bbox 1765 4503 1811 4547; x_wconf 91' lang='lat' dir='ltr'><strong>et</strong></span> <span class='ocrx_word' id='word_1_707' title='bbox 1831 4497 2138 4549; x_wconf 80' lang='lat' dir='ltr'><strong>ascendebat</strong></span> 
     </span>
    </p>
   </div>
   <div class='ocr_carea' id='block_1_93' title="bbox 563 4583 1760 4653">
    <p class='ocr_par' dir='ltr' id='par_1_93' title="bbox 563 4583 1760 4653">
     <span class='ocr_line' id='line_1_93' title="bbox 563 4583 1760 4653; baseline -0.001 -16"><span class='ocrx_word' id='word_1_708' title='bbox 563 4583 788 4638; x_wconf 83' lang='lat' dir='ltr'><strong>ululatus</strong></span> <span class='ocrx_word' id='word_1_709' title='bbox 808 4584 1206 4653; x_wconf 86' lang='lat' dir='ltr'><strong>uniuscujusque</strong></span> <span class='ocrx_word' id='word_1_710' title='bbox 1231 4584 1453 4637; x_wconf 82' lang='lat' dir='ltr'><strong>civitatis</strong></span> <span class='ocrx_word' id='word_1_711' title='bbox 1483 4584 1536 4636; x_wconf 89' lang='lat' dir='ltr'><strong>in</strong></span> <span class='ocrx_word' id='word_1_712' title='bbox 1560 4584 1760 4637; x_wconf 71' lang='lat' dir='ltr'><strong>calam.</strong></span> 
     </span>
    </p>
   </div>
   <div class='ocr_carea' id='block_1_94' title="bbox 635 4671 2138 4743">
    <p class='ocr_par' dir='ltr' id='par_1_94' title="bbox 635 4671 2138 4743">
     <span class='ocr_line' id='line_1_94' title="bbox 635 4671 2138 4743; baseline 0.001 -17"><span class='ocrx_word' id='word_1_713' title='bbox 635 4673 722 4727; x_wconf 77' lang='grc'><strong>15.</strong></span> <span class='ocrx_word' id='word_1_714' title='bbox 766 4673 841 4728; x_wconf 90' lang='lat' dir='ltr'><strong>De</strong></span> <span class='ocrx_word' id='word_1_715' title='bbox 873 4673 1076 4727; x_wconf 90' lang='lat' dir='ltr'><strong>natium</strong></span> <span class='ocrx_word' id='word_1_716' title='bbox 1103 4671 1315 4742; x_wconf 88' lang='lat' dir='ltr'><strong>quidem</strong></span> <span class='ocrx_word' id='word_1_717' title='bbox 1347 4673 1709 4741; x_wconf 70' lang='lat' dir='ltr'><strong>percus~ione,</strong></span> <span class='ocrx_word' id='word_1_718' title='bbox 1742 4673 1866 4740; x_wconf 89' lang='lat' dir='ltr'><strong>quia</strong></span> <span class='ocrx_word' id='word_1_719' title='bbox 1895 4674 2138 4743; x_wconf 68' lang='lat' dir='ltr'><strong>superius</strong></span> 
     </span>
    </p>
   </div>
   <div class='ocr_carea' id='block_1_95' title="bbox 565 4763 2134 4833">
    <p class='ocr_par' dir='ltr' id='par_1_95' title="bbox 565 4763 2134 4833">
     <span class='ocr_line' id='line_1_95' title="bbox 565 4763 2134 4833; baseline 0.001 -15"><span class='ocrx_word' id='word_1_720' title='bbox 565 4763 819 4828; x_wconf 80' lang='lat' dir='ltr'><strong>diximus,</strong></span> <span class='ocrx_word' id='word_1_721' title='bbox 849 4763 1136 4818; x_wconf 90' lang='lat' dir='ltr'><strong>dicendum</strong></span> <span class='ocrx_word' id='word_1_722' title='bbox 1188 4763 1274 4816; x_wconf 91' lang='lat' dir='ltr'><strong>hic</strong></span> <span class='ocrx_word' id='word_1_723' title='bbox 1303 4778 1406 4816; x_wconf 90' lang='lat' dir='ltr'><strong>non</strong></span> <span class='ocrx_word' id='word_1_724' title='bbox 1437 4771 1598 4826; x_wconf 85' lang='lat' dir='ltr'><strong>esset,</strong></span> <span class='ocrx_word' id='word_1_725' title='bbox 1631 4763 1675 4817; x_wconf 89' lang='lat' dir='ltr'><strong>si</strong></span> <span class='ocrx_word' id='word_1_726' title='bbox 1695 4763 1781 4817; x_wconf 85' lang='lat' dir='ltr'><strong>hic</strong></span> <span class='ocrx_word' id='word_1_727' title='bbox 1806 4763 1948 4817; x_wconf 91' lang='lat' dir='ltr'><strong>aliud</strong></span> <span class='ocrx_word' id='word_1_728' title='bbox 1975 4780 2134 4833; x_wconf 83' lang='lat' dir='ltr'><strong>quant</strong></span> 
     </span>
    </p>
   </div>
   <div class='ocr_carea' id='block_1_96' title="bbox 563 4851 2129 4922">
    <p class='ocr_par' dir='ltr' id='par_1_96' title="bbox 563 4851 2129 4922">
     <span class='ocr_line' id='line_1_96' title="bbox 563 4851 2129 4922; baseline 0.001 -16"><span class='ocrx_word' id='word_1_729' title='bbox 563 4853 634 4906; x_wconf 90' lang='lat' dir='ltr'><strong>ibi</strong></span> <span class='ocrx_word' id='word_1_730' title='bbox 664 4864 1000 4922; x_wconf 80' lang='lat' dir='ltr'><strong>nequaquam</strong></span> <span class='ocrx_word' id='word_1_731' title='bbox 1023 4851 1311 4906; x_wconf 89' lang='lat' dir='ltr'><strong>diceretur.</strong></span> <span class='ocrx_word' id='word_1_732' title='bbox 1340 4851 1477 4917; x_wconf 85' lang='lat' dir='ltr'><strong>Quid</strong></span> <span class='ocrx_word' id='word_1_733' title='bbox 1507 4861 1589 4908; x_wconf 91' lang='lat' dir='ltr'><strong>est</strong></span> <span class='ocrx_word' id='word_1_734' title='bbox 1616 4867 1764 4922; x_wconf 74' lang='lat' dir='ltr'><strong>ergo,</strong></span> <span class='ocrx_word' id='word_1_735' title='bbox 1794 4851 1935 4922; x_wconf 89' lang='lat' dir='ltr'><strong>quod</strong></span> <span class='ocrx_word' id='word_1_736' title='bbox 1963 4855 2090 4909; x_wconf 86' lang='lat' dir='ltr'><strong>dicit</strong></span> <span class='ocrx_word' id='word_1_737' title='bbox 2117 4872 2129 4907; x_wconf 92' lang='lat'><strong>:</strong></span> 
     </span>
    </p>
   </div>
   <div class='ocr_carea' id='block_1_97' title="bbox 572 4940 2134 5012">
    <p class='ocr_par' dir='ltr' id='par_1_97' title="bbox 572 4940 2134 5012">
     <span class='ocr_line' id='line_1_97' title="bbox 572 4940 2134 5012; baseline 0.003 -21"><span class='ocrx_word' id='word_1_738' title='bbox 572 4940 680 4994; x_wconf 82' lang='lat' dir='ltr'><strong>Viri</strong></span> <span class='ocrx_word' id='word_1_739' title='bbox 709 4956 932 5009; x_wconf 82' lang='lat' dir='ltr'><strong>quoque,</strong></span> <span class='ocrx_word' id='word_1_740' title='bbox 958 4943 1043 5012; x_wconf 81' lang='lat' dir='ltr'><strong>qui</strong></span> <span class='ocrx_word' id='word_1_741' title='bbox 1071 4943 1258 4994; x_wconf 87' lang='lat' dir='ltr'><strong>mortui</strong></span> <span class='ocrx_word' id='word_1_742' title='bbox 1281 4957 1383 4995; x_wconf 87' lang='lat' dir='ltr'><strong>nou</strong></span> <span class='ocrx_word' id='word_1_743' title='bbox 1405 4943 1643 5012; x_wconf 80' lang='lat' dir='ltr'><strong>fuerant.</strong></span> <span class='ocrx_word' id='word_1_744' title='bbox 1681 4942 2134 5012; x_wconf 83' lang='lat' dir='ltr'><strong>percutiebantur?</strong></span> 
     </span>
    </p>
   </div>
   <div class='ocr_carea' id='block_1_98' title="bbox 561 5030 2133 5100">
    <p class='ocr_par' dir='ltr' id='par_1_98' title="bbox 561 5030 2133 5100">
     <span class='ocr_line' id='line_1_98' title="bbox 561 5030 2133 5100; baseline 0.001 -15"><span class='ocrx_word' id='word_1_745' title='bbox 561 5030 826 5100; x_wconf 79' lang='lat' dir='ltr'><strong>Numquid</strong></span> <span class='ocrx_word' id='word_1_746' title='bbox 854 5046 982 5086; x_wconf 89' lang='lat' dir='ltr'><strong>vero</strong></span> <span class='ocrx_word' id='word_1_747' title='bbox 1003 5033 1058 5096; x_wconf 91' lang='lat' dir='ltr'><strong>ii,</strong></span> <span class='ocrx_word' id='word_1_748' title='bbox 1090 5034 1179 5100; x_wconf 90' lang='lat' dir='ltr'><strong>qui</strong></span> <span class='ocrx_word' id='word_1_749' title='bbox 1209 5032 1404 5087; x_wconf 88' lang='lat' dir='ltr'><strong>mortui</strong></span> <span class='ocrx_word' id='word_1_750' title='bbox 1433 5033 1661 5096; x_wconf 81' lang='lat' dir='ltr'><strong>fuerant,</strong></span> <span class='ocrx_word' id='word_1_751' title='bbox 1687 5031 1919 5088; x_wconf 89' lang='lat' dir='ltr'><strong>morderi</strong></span> <span class='ocrx_word' id='word_1_752' title='bbox 1941 5031 2133 5086; x_wconf 91' lang='lat' dir='ltr'><strong>iterum</strong></span> 
     </span>
    </p>
   </div>
   <div class='ocr_carea' id='block_1_99' title="bbox 563 5121 2132 5191">
    <p class='ocr_par' dir='ltr' id='par_1_99' title="bbox 563 5121 2132 5191">
     <span class='ocr_line' id='line_1_99' title="bbox 563 5121 2132 5191; baseline 0.001 -16"><span class='ocrx_word' id='word_1_753' title='bbox 563 5135 666 5191; x_wconf 89' lang='lat' dir='ltr'><strong>pro</strong></span> <span class='ocrx_word' id='word_1_754' title='bbox 694 5129 834 5176; x_wconf 67' lang='lat' dir='ltr'><strong>arcte</strong></span> <span class='ocrx_word' id='word_1_755' title='bbox 859 5135 1017 5189; x_wconf 62' lang='lat' dir='ltr'><strong>paena</strong></span> <span class='ocrx_word' id='word_1_756' title='bbox 1045 5122 1378 5176; x_wconf 86' lang='lat' dir='ltr'><strong>debuerunt?</strong></span> <span class='ocrx_word' id='word_1_757' title='bbox 1403 5121 1506 5176; x_wconf 83' lang='lat' dir='ltr'><strong>Sed</strong></span> <span class='ocrx_word' id='word_1_758' title='bbox 1539 5130 1735 5176; x_wconf 90' lang='lat' dir='ltr'><strong>etcum</strong></span> <span class='ocrx_word' id='word_1_759' title='bbox 1759 5137 2132 5190; x_wconf 88' lang='lat' dir='ltr'><strong>percussorum</strong></span> 
     </span>
    </p>
   </div>
   <div class='ocr_carea' id='block_1_100' title="bbox 561 5208 2133 5275">
    <p class='ocr_par' dir='ltr' id='par_1_100' title="bbox 561 5208 2133 5275">
     <span class='ocr_line' id='line_1_100' title="bbox 561 5208 2133 5275; baseline -0.001 -9"><span class='ocrx_word' id='word_1_760' title='bbox 561 5210 767 5266; x_wconf 87' lang='lat' dir='ltr'><strong>clamor</strong></span> <span class='ocrx_word' id='word_1_761' title='bbox 811 5209 864 5264; x_wconf 92' lang='lat' dir='ltr'><strong>in</strong></span> <span class='ocrx_word' id='word_1_762' title='bbox 899 5208 1093 5264; x_wconf 71' lang='lat' dir='ltr'><strong>uelum</strong></span> <span class='ocrx_word' id='word_1_763' title='bbox 1136 5209 1445 5264; x_wconf 74' lang='lat' dir='ltr'><strong>ascendisse</strong></span> <span class='ocrx_word' id='word_1_764' title='bbox 1489 5211 1713 5275; x_wconf 87' lang='lat' dir='ltr'><strong>dicitur,</strong></span> <span class='ocrx_word' id='word_1_765' title='bbox 1758 5209 1887 5265; x_wconf 91' lang='lat' dir='ltr'><strong>satis</strong></span> <span class='ocrx_word' id='word_1_766' title='bbox 1926 5211 2133 5265; x_wconf 91' lang='lat' dir='ltr'><strong>ostendi</strong></span> 
     </span>
    </p>
   </div>
   <div class='ocr_carea' id='block_1_101' title="bbox 562 5295 2132 5368">
    <p class='ocr_par' dir='ltr' id='par_1_101' title="bbox 562 5295 2132 5368">
     <span class='ocr_line' id='line_1_101' title="bbox 562 5295 2132 5368; baseline -0.001 -14"><span class='ocrx_word' id='word_1_767' title='bbox 562 5304 807 5368; x_wconf 86' lang='lat' dir='ltr'><strong>poterat,</strong></span> <span class='ocrx_word' id='word_1_768' title='bbox 834 5296 959 5366; x_wconf 89' lang='lat' dir='ltr'><strong>quia</strong></span> <span class='ocrx_word' id='word_1_769' title='bbox 987 5295 1056 5350; x_wconf 82' lang='lat' dir='ltr'><strong>de</strong></span> <span class='ocrx_word' id='word_1_770' title='bbox 1084 5295 1249 5363; x_wconf 85' lang='lat' dir='ltr'><strong>vivis,</strong></span> <span class='ocrx_word' id='word_1_771' title='bbox 1273 5307 1329 5353; x_wconf 88' lang='lat' dir='ltr'><strong>et</strong></span> <span class='ocrx_word' id='word_1_772' title='bbox 1357 5313 1462 5352; x_wconf 94' lang='lat' dir='ltr'><strong>nou</strong></span> <span class='ocrx_word' id='word_1_773' title='bbox 1493 5297 1564 5352; x_wconf 88' lang='lat' dir='ltr'><strong>de</strong></span> <span class='ocrx_word' id='word_1_774' title='bbox 1591 5299 1816 5352; x_wconf 88' lang='lat' dir='ltr'><strong>mortuis</strong></span> <span class='ocrx_word' id='word_1_775' title='bbox 1841 5297 2132 5352; x_wconf 90' lang='lat' dir='ltr'><strong>diceretur.</strong></span> 
     </span>
    </p>
   </div>
   <div class='ocr_carea' id='block_1_102' title="bbox 635 5449 2130 5523">
    <p class='ocr_par' dir='ltr' id='par_1_102' title="bbox 635 5449 2130 5523">
     <span class='ocr_line' id='line_1_102' title="bbox 635 5449 2130 5523; baseline -0.005 -9"><span class='ocrx_word' id='word_1_776' title='bbox 635 5468 658 5494; x_wconf 73' lang='grc' dir='ltr'><strong>ο</strong></span> <span class='ocrx_word' id='word_1_777' title='bbox 698 5457 947 5514; x_wconf 74' lang='lat' dir='ltr'><strong>Fortasse</strong></span> <span class='ocrx_word' id='word_1_778' title='bbox 984 5449 1290 5522; x_wconf 77' lang='lat' dir='ltr'><strong>legendum,</strong></span> <span class='ocrx_word' id='word_1_779' title='bbox 1322 5455 1689 5509; x_wconf 80' lang='lat' dir='ltr'><strong>conculcanda.</strong></span> <span class='ocrx_word' id='word_1_780' title='bbox 1731 5453 1892 5523; x_wconf 88' lang='lat' dir='ltr'><strong>Sane,</strong></span> <span class='ocrx_word' id='word_1_781' title='bbox 1921 5456 2130 5510; x_wconf 87' lang='lat' dir='ltr'><strong>conclu-</strong></span> 
     </span>
    </p>
   </div>
   <div class='ocr_carea' id='block_1_103' title="bbox 564 5524 2132 5592">
    <p class='ocr_par' dir='ltr' id='par_1_103' title="bbox 564 5524 2132 5592">
     <span class='ocr_line' id='line_1_103' title="bbox 564 5524 2132 5592; baseline -0.002 -11"><span class='ocrx_word' id='word_1_782' title='bbox 564 5531 752 5591; x_wconf 78' lang='lat' dir='ltr'><strong>denda,</strong></span> <span class='ocrx_word' id='word_1_783' title='bbox 776 5527 907 5581; x_wconf 91' lang='lat' dir='ltr'><strong>nihil</strong></span> <span class='ocrx_word' id='word_1_784' title='bbox 933 5525 1017 5579; x_wconf 77' lang='lat' dir='ltr'><strong>hic</strong></span> <span class='ocrx_word' id='word_1_785' title='bbox 1050 5526 1332 5590; x_wconf 68' lang='lat' dir='ltr'><strong>signiticet.</strong></span> <span class='ocrx_word' id='word_1_786' title='bbox 1360 5524 1600 5592; x_wconf 80' lang='lat' dir='ltr'><strong>Optimus</strong></span> <span class='ocrx_word' id='word_1_787' title='bbox 1626 5535 1803 5577; x_wconf 89' lang='lat' dir='ltr'><strong>autem</strong></span> <span class='ocrx_word' id='word_1_788' title='bbox 1835 5533 1918 5579; x_wconf 87' lang='lat' dir='ltr'><strong>est</strong></span> <span class='ocrx_word' id='word_1_789' title='bbox 1945 5541 2132 5578; x_wconf 86' lang='lat' dir='ltr'><strong>sensus</strong></span> 
     </span>
    </p>
   </div>
   <div class='ocr_carea' id='block_1_104' title="bbox 567 5594 2125 5665">
    <p class='ocr_par' dir='ltr' id='par_1_104' title="bbox 567 5594 2125 5665">
     <span class='ocr_line' id='line_1_104' title="bbox 567 5594 2125 5665; baseline -0.003 -13"><span class='ocrx_word' id='word_1_790' title='bbox 567 5599 790 5665; x_wconf 70' lang='lat' dir='ltr'><strong>legendo</strong></span> <span class='ocrx_word' id='word_1_791' title='bbox 814 5595 1182 5651; x_wconf 84' lang='lat' dir='ltr'><strong>conculcanda.</strong></span> <span class='ocrx_word' id='word_1_792' title='bbox 1211 5594 1491 5659; x_wconf 65' lang='lat' dir='ltr'><strong>Praeterea,</strong></span> <span class='ocrx_word' id='word_1_793' title='bbox 1513 5595 1656 5661; x_wconf 81' lang='lat' dir='ltr'><strong>quod</strong></span> <span class='ocrx_word' id='word_1_794' title='bbox 1681 5595 1765 5648; x_wconf 90' lang='lat' dir='ltr'><strong>hic</strong></span> <span class='ocrx_word' id='word_1_795' title='bbox 1786 5595 1858 5647; x_wconf 88' lang='lat' dir='ltr'><strong>ait</strong></span> <span class='ocrx_word' id='word_1_796' title='bbox 1879 5594 2125 5663; x_wconf 85' lang='lat' dir='ltr'><strong>scriptor,</strong></span> 
     </span>
    </p>
   </div>
   <div class='ocr_carea' id='block_1_105' title="bbox 2241 4485 3811 4563">
    <p class='ocr_par' dir='ltr' id='par_1_105' title="bbox 2241 4485 3811 4563">
     <span class='ocr_line' id='line_1_105' title="bbox 2241 4485 3811 4563; baseline 0.001 -19"><span class='ocrx_word' id='word_1_797' title='bbox 2241 4499 2442 4545; x_wconf 87' lang='lat' dir='ltr'><strong>cantate</strong></span> <span class='ocrx_word' id='word_1_798' title='bbox 2485 4491 2709 4546; x_wconf 86' lang='lat' dir='ltr'><strong>Domino</strong></span> <span class='ocrx_word' id='word_1_799' title='bbox 2757 4496 2921 4547; x_wconf 85' lang='lat' dir='ltr'><strong>omnis</strong></span> <span class='ocrx_word' id='word_1_800' title='bbox 2971 4503 3106 4546; x_wconf 87' lang='lat' dir='ltr'><strong>terra</strong></span> <span class='ocrx_word' id='word_1_801' title='bbox 3152 4485 3316 4563; x_wconf 83' lang='lat' dir='ltr'><strong>(lbid.</strong></span> <span class='ocrx_word' id='word_1_802' title='bbox 3373 4492 3448 4562; x_wconf 75' lang='grc' dir='ltr'><strong>Ι).</strong></span> <span class='ocrx_word' id='word_1_803' title='bbox 3509 4491 3811 4546; x_wconf 82' lang='lat' dir='ltr'><strong>Commotio</strong></span> 
     </span>
    </p>
   </div>
   <div class='ocr_carea' id='block_1_106' title="bbox 2237 4584 3811 4654">
    <p class='ocr_par' dir='ltr' id='par_1_106' title="bbox 2237 4584 3811 4654">
     <span class='ocr_line' id='line_1_106' title="bbox 2237 4584 3811 4654; baseline -0.005 -14"><span class='ocrx_word' id='word_1_804' title='bbox 2237 4584 2436 4652; x_wconf 86' lang='lat' dir='ltr'><strong>quippe</strong></span> <span class='ocrx_word' id='word_1_805' title='bbox 2465 4591 2620 4638; x_wconf 70' lang='lat' dir='ltr'><strong>terra:</strong></span> <span class='ocrx_word' id='word_1_806' title='bbox 2645 4587 2877 4654; x_wconf 83' lang='lat' dir='ltr'><strong>pertinet</strong></span> <span class='ocrx_word' id='word_1_807' title='bbox 2904 4587 2971 4640; x_wconf 89' lang='lat' dir='ltr'><strong>ad</strong></span> <span class='ocrx_word' id='word_1_808' title='bbox 2997 4586 3240 4641; x_wconf 89' lang='lat' dir='ltr'><strong>dolorem</strong></span> <span class='ocrx_word' id='word_1_809' title='bbox 3280 4585 3615 4654; x_wconf 62' lang='lat' dir='ltr'><strong>paenitentia</strong></span> <span class='ocrx_word' id='word_1_810' title='bbox 3641 4600 3654 4635; x_wconf 92' lang='lat'><strong>:</strong></span> <span class='ocrx_word' id='word_1_811' title='bbox 3687 4598 3811 4637; x_wconf 86' lang='lat' dir='ltr'><strong>cau-</strong></span> 
     </span>
    </p>
   </div>
   <div class='ocr_carea' id='block_1_107' title="bbox 2241 4671 3814 4744">
    <p class='ocr_par' dir='ltr' id='par_1_107' title="bbox 2241 4671 3814 4744">
     <span class='ocr_line' id='line_1_107' title="bbox 2241 4671 3814 4744; baseline -0.003 -14"><span class='ocrx_word' id='word_1_812' title='bbox 2241 4684 2358 4732; x_wconf 90' lang='lat' dir='ltr'><strong>tare</strong></span> <span class='ocrx_word' id='word_1_813' title='bbox 2387 4677 2636 4744; x_wconf 92' lang='lat' dir='ltr'><strong>Domino,</strong></span> <span class='ocrx_word' id='word_1_814' title='bbox 2667 4680 2781 4733; x_wconf 88' lang='lat' dir='ltr'><strong>sive</strong></span> <span class='ocrx_word' id='word_1_815' title='bbox 2833 4679 3156 4733; x_wconf 88' lang='lat' dir='ltr'><strong>annuntiare</strong></span> <span class='ocrx_word' id='word_1_816' title='bbox 3186 4679 3238 4732; x_wconf 92' lang='lat' dir='ltr'><strong>in</strong></span> <span class='ocrx_word' id='word_1_817' title='bbox 3267 4676 3529 4732; x_wconf 85' lang='lat' dir='ltr'><strong>Gentibus</strong></span> <span class='ocrx_word' id='word_1_818' title='bbox 3559 4676 3687 4744; x_wconf 88' lang='lat' dir='ltr'><strong>quia</strong></span> <span class='ocrx_word' id='word_1_819' title='bbox 3716 4671 3814 4726; x_wconf 82' lang='lat' dir='ltr'><strong>Du-</strong></span> 
     </span>
    </p>
   </div>
   <div class='ocr_carea' id='block_1_108' title="bbox 2238 4765 3811 4837">
    <p class='ocr_par' dir='ltr' id='par_1_108' title="bbox 2238 4765 3811 4837">
     <span class='ocr_line' id='line_1_108' title="bbox 2238 4765 3811 4837; baseline -0.003 -17"><span class='ocrx_word' id='word_1_820' title='bbox 2238 4768 2414 4822; x_wconf 88' lang='lat' dir='ltr'><strong>tninus</strong></span> <span class='ocrx_word' id='word_1_821' title='bbox 2463 4770 2728 4837; x_wconf 70' lang='lat' dir='ltr'><strong>regnavit,</strong></span> <span class='ocrx_word' id='word_1_822' title='bbox 2775 4768 2842 4822; x_wconf 85' lang='lat' dir='ltr'><strong>ad</strong></span> <span class='ocrx_word' id='word_1_823' title='bbox 2899 4769 3132 4822; x_wconf 88' lang='lat' dir='ltr'><strong>studium</strong></span> <span class='ocrx_word' id='word_1_824' title='bbox 3180 4766 3598 4837; x_wconf 67' lang='lat' dir='ltr'><strong>praedicationis,</strong></span> <span class='ocrx_word' id='word_1_825' title='bbox 3648 4772 3705 4819; x_wconf 88' lang='lat' dir='ltr'><strong>et</strong></span> <span class='ocrx_word' id='word_1_826' title='bbox 3752 4765 3811 4816; x_wconf 88' lang='lat' dir='ltr'><strong>ad</strong></span> 
     </span>
    </p>
   </div>
   <div class='ocr_carea' id='block_1_109' title="bbox 2239 4852 3813 4923">
    <p class='ocr_par' dir='ltr' id='par_1_109' title="bbox 2239 4852 3813 4923">
     <span class='ocr_line' id='line_1_109' title="bbox 2239 4852 3813 4923; baseline -0.003 -15"><span class='ocrx_word' id='word_1_827' title='bbox 2239 4852 2582 4910; x_wconf 87' lang='lat' dir='ltr'><strong>devotionem</strong></span> <span class='ocrx_word' id='word_1_828' title='bbox 2629 4857 2825 4912; x_wconf 71' lang='lat' dir='ltr'><strong>divinae</strong></span> <span class='ocrx_word' id='word_1_829' title='bbox 2867 4857 3059 4912; x_wconf 90' lang='lat' dir='ltr'><strong>laudis.</strong></span> <span class='ocrx_word' id='word_1_830' title='bbox 3115 4854 3546 4923; x_wconf 78' lang='lat' dir='ltr'><strong>Uniuscujusque</strong></span> <span class='ocrx_word' id='word_1_831' title='bbox 3584 4852 3813 4908; x_wconf 87' lang='lat' dir='ltr'><strong>civitatis</strong></span> 
     </span>
    </p>
   </div>
   <div class='ocr_carea' id='block_1_110' title="bbox 2237 4943 3810 5013">
    <p class='ocr_par' dir='ltr' id='par_1_110' title="bbox 2237 4943 3810 5013">
     <span class='ocr_line' id='line_1_110' title="bbox 2237 4943 3810 5013; baseline -0.003 -15"><span class='ocrx_word' id='word_1_832' title='bbox 2237 4943 2442 4999; x_wconf 87' lang='lat' dir='ltr'><strong>clamor</strong></span> <span class='ocrx_word' id='word_1_833' title='bbox 2469 4945 2521 5000; x_wconf 92' lang='lat' dir='ltr'><strong>in</strong></span> <span class='ocrx_word' id='word_1_834' title='bbox 2551 4947 2743 5000; x_wconf 76' lang='lat' dir='ltr'><strong>cmlum</strong></span> <span class='ocrx_word' id='word_1_835' title='bbox 2765 4947 3033 5002; x_wconf 83' lang='lat' dir='ltr'><strong>ascendit:</strong></span> <span class='ocrx_word' id='word_1_836' title='bbox 3059 4947 3182 5013; x_wconf 90' lang='lat' dir='ltr'><strong>quia</strong></span> <span class='ocrx_word' id='word_1_837' title='bbox 3203 4946 3257 4998; x_wconf 90' lang='lat' dir='ltr'><strong>in</strong></span> <span class='ocrx_word' id='word_1_838' title='bbox 3280 4947 3530 4998; x_wconf 90' lang='lat' dir='ltr'><strong>universo</strong></span> <span class='ocrx_word' id='word_1_839' title='bbox 3551 4944 3690 4998; x_wconf 90' lang='lat' dir='ltr'><strong>orbe</strong></span> <span class='ocrx_word' id='word_1_840' title='bbox 3712 4951 3810 4995; x_wconf 88' lang='lat' dir='ltr'><strong>tam</strong></span> 
     </span>
    </p>
   </div>
   <div class='ocr_carea' id='block_1_111' title="bbox 2235 5033 3809 5104">
    <p class='ocr_par' dir='ltr' id='par_1_111' title="bbox 2235 5033 3809 5104">
     <span class='ocr_line' id='line_1_111' title="bbox 2235 5033 3809 5104; baseline -0.002 -18"><span class='ocrx_word' id='word_1_841' title='bbox 2235 5035 2629 5103; x_wconf 72' lang='lat' dir='ltr'><strong>pmdicationis</strong></span> <span class='ocrx_word' id='word_1_842' title='bbox 2676 5038 2898 5102; x_wconf 86' lang='lat' dir='ltr'><strong>veritas,</strong></span> <span class='ocrx_word' id='word_1_843' title='bbox 2944 5051 3106 5104; x_wconf 88' lang='lat' dir='ltr'><strong>quam</strong></span> <span class='ocrx_word' id='word_1_844' title='bbox 3155 5035 3506 5089; x_wconf 84' lang='lat' dir='ltr'><strong>devotionum</strong></span> <span class='ocrx_word' id='word_1_845' title='bbox 3553 5033 3741 5088; x_wconf 89' lang='lat' dir='ltr'><strong>laudes</strong></span> <span class='ocrx_word' id='word_1_846' title='bbox 3784 5046 3809 5083; x_wconf 87' lang='lat' dir='ltr'><strong>a</strong></span> 
     </span>
    </p>
   </div>
   <div class='ocr_carea' id='block_1_112' title="bbox 2236 5122 3812 5193">
    <p class='ocr_par' dir='ltr' id='par_1_112' title="bbox 2236 5122 3812 5193">
     <span class='ocr_line' id='line_1_112' title="bbox 2236 5122 3812 5193; baseline -0.003 -16"><span class='ocrx_word' id='word_1_847' title='bbox 2236 5123 2481 5181; x_wconf 77' lang='lat' dir='ltr'><strong>ﬁdelibus</strong></span> <span class='ocrx_word' id='word_1_848' title='bbox 2516 5137 2717 5183; x_wconf 69' lang='lat' dir='ltr'><strong>sanctae</strong></span> <span class='ocrx_word' id='word_1_849' title='bbox 2757 5127 3012 5182; x_wconf 75' lang='lat' dir='ltr'><strong>Ecclesia:</strong></span> <span class='ocrx_word' id='word_1_850' title='bbox 3054 5125 3445 5188; x_wconf 83' lang='lat' dir='ltr'><strong>declamantur,</strong></span> <span class='ocrx_word' id='word_1_851' title='bbox 3477 5139 3598 5193; x_wconf 68' lang='lat' dir='ltr'><strong>quae</strong></span> <span class='ocrx_word' id='word_1_852' title='bbox 3635 5122 3704 5176; x_wconf 86' lang='lat' dir='ltr'><strong>ad</strong></span> <span class='ocrx_word' id='word_1_853' title='bbox 3733 5136 3812 5173; x_wconf 87' lang='lat' dir='ltr'><strong>su-</strong></span> 
     </span>
    </p>
   </div>
   <div class='ocr_carea' id='block_1_113' title="bbox 2234 5211 3810 5286">
    <p class='ocr_par' dir='ltr' id='par_1_113' title="bbox 2234 5211 3810 5286">
     <span class='ocr_line' id='line_1_113' title="bbox 2234 5211 3810 5286; baseline -0.004 -18"><span class='ocrx_word' id='word_1_854' title='bbox 2234 5214 2386 5284; x_wconf 86' lang='lat' dir='ltr'><strong>perni</strong></span> <span class='ocrx_word' id='word_1_855' title='bbox 2410 5216 2620 5270; x_wconf 83' lang='lat' dir='ltr'><strong>auditus</strong></span> <span class='ocrx_word' id='word_1_856' title='bbox 2648 5217 3017 5271; x_wconf 86' lang='lat' dir='ltr'><strong>celsitudinem</strong></span> <span class='ocrx_word' id='word_1_857' title='bbox 3058 5230 3155 5286; x_wconf 87' lang='lat' dir='ltr'><strong>per</strong></span> <span class='ocrx_word' id='word_1_858' title='bbox 3182 5214 3584 5283; x_wconf 78' lang='lat' dir='ltr'><strong>susceptionem</strong></span> <span class='ocrx_word' id='word_1_859' title='bbox 3624 5211 3810 5265; x_wconf 69' lang='lat' dir='ltr'><strong>divinae</strong></span> 
     </span>
    </p>
   </div>
   <div class='ocr_carea' id='block_1_114' title="bbox 2235 5301 2950 5371">
    <p class='ocr_par' dir='ltr' id='par_1_114' title="bbox 2235 5301 2950 5371">
     <span class='ocr_line' id='line_1_114' title="bbox 2235 5301 2950 5371; baseline 0.008 -16"><span class='ocrx_word' id='word_1_860' title='bbox 2235 5301 2556 5371; x_wconf 79' lang='lat' dir='ltr'><strong>dignationis</strong></span> <span class='ocrx_word' id='word_1_861' title='bbox 2585 5315 2950 5360; x_wconf 88' lang='lat' dir='ltr'><strong>assumuntur.</strong></span> 
     </span>
    </p>
   </div>
   <div class='ocr_carea' id='block_1_115' title="bbox 2239 5461 3808 5532">
    <p class='ocr_par' dir='ltr' id='par_1_115' title="bbox 2239 5461 3808 5532">
     <span class='ocr_line' id='line_1_115' title="bbox 2239 5461 3808 5532; baseline 0.003 -18"><span class='ocrx_word' id='word_1_862' title='bbox 2239 5464 2511 5516; x_wconf 78' lang='lat' dir='ltr'><strong>conﬁrmat</strong></span> <span class='ocrx_word' id='word_1_863' title='bbox 2538 5466 2639 5518; x_wconf 87' lang='lat' dir='ltr'><strong>hoc</strong></span> <span class='ocrx_word' id='word_1_864' title='bbox 2653 5465 2840 5518; x_wconf 77' lang='lat' dir='ltr'><strong>Matth.</strong></span> <span class='ocrx_word' id='word_1_865' title='bbox 2862 5464 3186 5519; x_wconf 75' lang='lat' dir='ltr'><strong>testimonio.</strong></span> <span class='ocrx_word' id='word_1_866' title='bbox 3207 5461 3384 5519; x_wconf 77' lang='lat' dir='ltr'><strong>Nolite</strong></span> <span class='ocrx_word' id='word_1_867' title='bbox 3402 5473 3664 5532; x_wconf 82' lang='lat' dir='ltr'><strong>sanctum,</strong></span> <span class='ocrx_word' id='word_1_868' title='bbox 3683 5473 3808 5527; x_wconf 74' lang='grc' dir='ltr'><strong>εις..</strong></span> 
     </span>
    </p>
   </div>
   <div class='ocr_carea' id='block_1_116' title="bbox 2236 5536 2916 5594">
    <p class='ocr_par' dir='ltr' id='par_1_116' title="bbox 2236 5536 2916 5594">
     <span class='ocr_line' id='line_1_116' title="bbox 2236 5536 2916 5594; baseline 0.007 -11"><span class='ocrx_word' id='word_1_869' title='bbox 2236 5536 2463 5588; x_wconf 70' lang='lat' dir='ltr'><strong>conversi</strong></span> <span class='ocrx_word' id='word_1_870' title='bbox 2489 5536 2757 5594; x_wconf 64' lang='lat' dir='ltr'><strong>conculccr;</strong></span> <span class='ocrx_word' id='word_1_871' title='bbox 2770 5545 2782 5569; x_wconf 84' lang='lat'><em>&#39;</em></span> <span class='ocrx_word' id='word_1_872' title='bbox 2811 5552 2916 5588; x_wconf 76' lang='lat' dir='ltr'><strong>eas.</strong></span> 
     </span>
    </p>
   </div>
  </div>
