3962 6274
135 237 220 296 lSl
970 248 1044 302 ΙΝ·
1078 245 1341 303 PRIMUM
1383 244 1622 302 RECUM
1666 244 2177 304 EXPOSITIONES.
2206 278 2273 288 —
2312 249 2421 303 LIB
2486 250 2572 304 lll.

777 354 1001 412 CAPUT
1042 356 1130 409 IV.

211 452 252 517 (Ι
285 450 420 519 Reg.
456 468 544 512 vr,
585 450 659 511 I.)
716 447 840 502 Fait
861 466 985 518 ergo
1027 464 1151 501 arca
1182 447 1483 501 Dominilu
1524 447 1731 518 regione

144 544 588 599 Philisthinorum
614 550 805 608 septem
834 539 1113 593 mensibus.

214 633 267 687 Ι.
308 630 449 697 Quid
484 639 696 699 septem
725 644 937 683 menses
963 630 1071 694 isti,
1104 630 1204 684 nisi
1245 638 1414 684 totam
1443 630 1567 684 vita:
1594 644 1729 699 pra:-

140 721 707 790 sentisprolixitatem
736 719 1058 786 designant?
1086 718 1401 788 Quanquam
1452 719 1626 772 Azotii
1674 726 1730 773 et

142 814 479 869 Accaronita!
495 813 813 876 clamarent,
832 811 1254 865 Circumducatur
1274 828 1399 866 arca
1424 810 1519 865 Dei
1536 811 1730 880 Israel,

139 915 196 958 et
235 921 343 958 non
388 910 598 957 maneat
641 918 763 954 arca
804 900 901 955 Dei
927 900 1067 969 apud
1094 917 1229 956 nos:
1276 901 1503 954 veritate
1551 908 1727 954 tamen

139 1004 346 1051 sancta:
375 994 621 1047 historia:
646 991 860 1054 dicitur,
889 990 1031 1060 quod
1063 991 1114 1044 in
1157 998 1201 1060 ι)
1214 1006 1284 1059 po
1314 997 1513 1044 sanctae
1541 989 1730 1044 Eccle-

138 1086 695 1153 sia-cognoscamus,
748 1083 871 1151 quia
919 1082 973 1136 in
1024 1082 1246 1149 regione
1286 1079 1725 1148 Philisthinorum

140 1190 267 1230 arca
296 1174 394 1230 Dei
424 1182 633 1243 septem
647 1172 927 1227 mensibus
949 1172 1068 1226 fuit.
1093 1170 1208 1225 Non
1236 1184 1367 1239 ergo
1388 1172 1649 1225 malorum
1672 1178 1728 1225 et

141 1266 432 1336 impiorum
461 1264 737 1319 hominum
764 1263 1031 1326 voluntas,
1061 1261 1155 1316 sed
1184 1262 1280 1315 Dei
1307 1261 1636 1330 dispensatio
1672 1260 1724 1315 in

140 1354 317 1415 salute
345 1353 635 1409 Gentilium
657 1351 945 1419 adimpleta
970 1358 1071 1405 est.
1103 1349 1222 1403 Jam
1248 1349 1465 1420 quidem
1495 1349 1561 1403 de
1588 1362 1721 1416 gen-

140 1444 335 1498 tilitate
362 1443 558 1497 sublati
587 1452 712 1497 sunt
737 1441 905 1509 impii,
930 1439 1041 1508 jam
1064 1439 1260 1494 mortui
1281 1448 1425 1505 sunt,
1448 1440 1539 1508 qui
1566 1439 1723 1493 Chri-

139 1535 206 1589 sti
233 1532 578 1588 confessores
604 1529 1086 1601 persequebantur,
1114 1538 1169 1584 et
1198 1537 1378 1584 tamen
1406 1544 1535 1583 arca
1566 1529 1660 1583 Dei
1691 1544 1722 1583 a

140 1621 585 1676 Philistbioorum
637 1621 858 1688 regione
905 1635 1014 1674 non
1066 1619 1309 1674 tollitur:
1362 1619 1487 1689 quia
1541 1618 1763 1673 divina.

140 1719 479 1765 sacramenta
514 1710 656 1781 apud
684 1709 907 1775 (ἔειπες,
925 1709 1099 1764 sancti
1124 1707 1353 1779 Spiritus
1388 1708 1582 1775 poculo
1623 1708 1718 1761 de-
1756 1708 1795 1765 Β

142 1800 366 1864 hriatas,
411 1815 511 1870 per
557 1799 854 1855 studiosam
901 1799 1315 1856 sollicitudinem
1362 1809 1725 1853 reservantur.

142 1890 283 1945 Bene
310 1898 496 1946 autem
510 1890 709 1946 dicitur
734 1898 943 1960 septem
961 1889 1256 1957 mensibus,
1277 1888 1727 1959 quiasanctarum

139 1982 541 2051 Scripturarnm
572 1982 824 2053 mysteria
857 1980 1016 2054 144
1043 1995 1213 2051 usque
1258 1980 1312 2035 in
1344 1980 1525 2034 mundi
1568 1979 1727 2034 linem

139 2088 260 2128 cum
281 2072 483 2127 Christi
504 2072 747 2127 ﬁdelibus
766 2070 1155 2141 perdurabunt.
1184 2068 1291 2126 Sed
1316 2070 1559 2139 quisquis
1585 2068 1730 2136 ejus-

139 2162 259 2217 dem
286 2169 492 2217 sancta:
515 2161 807 2231 Scriptum
843 2161 1099 2232 mysteria
1124 2175 1222 2231 per
1247 2161 1473 2229 gratiam
1524 2160 1726 2214 intima:

141 2251 424 2308 charitatis
449 2251 827 2322 apprehendit,
858 2266 964 2305 non
1004 2250 1074 2305 de
1103 2251 1245 2313 loco,
1278 2249 1330 2303 in
1371 2265 1480 2319 quo
1519 2257 1727 2317 tempo-

141 2342 324 2397 nliter
371 2356 497 2396 arca
539 2340 844 2403 dimittitur,
869 2340 964 2396 sed
989 2340 1057 2395 de
1079 2355 1165 2405 eo,
1195 2340 1247 2394 in
1270 2355 1377 2410 quo
1397 2339 1727 2394 aeternaliter

141 2436 367 2500 sistitur,
398 2435 663 2491 sollicitus
688 2432 805 2490 fuit.
833 2433 1011 2500 Quare
1033 2442 1089 2489 et
1110 2434 1357 2489 subditur
1388 2452 1401 2487 :

213 2545 393 2614 (νει-ς.
425 2545 504 2612 2.)
552 2543 616 2599 Et
644 2557 947 2600 vocaverunt
988 2545 1284 2624 Philisthwi
1320 2548 1635 2611 sacerdotes,
1674 2556 1727 2600 et

141 2640 343 2692 dirinos
366 2638 593 2691 dicentes
618 2655 630 2690 :
658 2636 809 2701 Quid
823 2638 1072 2708 faciemus
1094 2637 1158 2691 de
1178 2654 1303 2691 arca
1323 2636 1421 2691 Dei
1443 2639 1467 2690 ?
1487 2636 1727 2692 Indicate

144 2728 309 2783 nobis.
340 2727 412 2781 Et
439 2728 693 2798 quomodo
720 2730 1040 2782 remittamus
1063 2745 1176 2782 eam
1202 2729 1253 2782 in
1278 2728 1444 2783 locum
1472 2745 1642 2782 suum.

207 2839 265 2892 2.
297 2838 399 2904 Qui
429 2846 585 2903 sunt,
614 2836 705 2905 qui
734 2836 1046 2892 sacerdotes
1084 2846 1140 2892 et
1176 2837 1387 2893 divinos
1416 2838 1723 2905 consulunt,

146 2930 241 2984 nisi
270 2928 457 2985 ﬁdeles
485 2936 684 2983 sancta:
709 2927 983 2991 Ecclesim,
1011 2928 1101 2998 qui
1130 2936 1346 2983 aeternae
1368 2927 1556 2983 salutis
1586 2929 1722 2982 viam

146 3020 254 3074 sine
282 3034 473 3074 errore
503 3028 686 3073 tenere
719 3018 1141 3089 concupiscunt?
1171 3016 1240 3070 Et
1267 3018 1359 3087 qui
1392 3017 1720 3083 sacerdotes,
1753 3057 1800 3120 ο

147 3119 198 3165 ει
234 3109 425 3171 divini,
458 3108 560 3165 nisi
584 3116 783 3162 sanctae
811 3105 1076 3161 Ecclesia:
1106 3106 1484 3177 praedicatores
1519 3107 1721 3162 intelli-

146 3200 372 3269 guntur?
393 3197 713 3254 Sacerdotes
738 3199 937 3268 quippe
960 3208 1087 3253 sunt
1108 3197 1177 3251 ob
1198 3195 1525 3252 oblationem
1545 3212 1726 3251 sacra-

147 3290 349 3345 menti:
398 3288 567 3343 divini
596 3304 747 3353 vcro,
797 3287 1098 3342 ministerio
1127 3286 1542 3358 przedicationis.
1590 3286 1722 3340 Nam

146 3382 247 3437 duo
271 3382 377 3435 ista
402 3380 457 3434 in
481 3378 715 3449 pastoris
744 3392 974 3450 persona
998 3377 1344 3440 conveniunt,
1373 3376 1419 3430 si
1441 3375 1489 3430 ei
1511 3375 1650 3429 adsit
1670 3384 1726 3430 et

144 3471 403 3526 sanctitas
451 3469 594 3533 vitae,
621 3474 677 3522 et
717 3465 950 3521 eruditio
997 3465 1311 3536 sapientize:
1342 3464 1468 3535 quia
1490 3464 1556 3518 ad
1597 3479 1723 3533 pur-

145 3560 311 3628 ganda
358 3565 584 3630 peccata
627 3555 964 3612 subditorum
1014 3555 1340 3610 constitutus
1386 3562 1506 3619 est,
1555 3560 1615 3609 et
1657 3553 1726 3608 ad

146 3667 388 3706 errorum
419 3649 705 3718 caliginem
735 3646 1135 3718 praedicationis
1178 3646 1299 3701 luce
1327 3644 1721 3714 depellendam.

151 3739 335 3795 Pastor
382 3752 513 3808 ergo
540 3747 739 3792 sancta:
769 3735 1037 3800 Ecclesiae,
1086 3736 1177 3804 qui
1217 3734 1341 3789 vita)
1382 3734 1725 3788 sanctitatem

147 3832 322 3893 habet,
362 3839 418 3884 et
448 3828 641 3884 divinae
676 3826 1071 3898 przedicatimtis
1100 3826 1354 3880 virtutem
1400 3838 1508 3878 non
1540 3823 1725 3889 habet,

147 3920 397 3977 sacerdos
428 3920 676 3990 quidem,
718 3925 777 3972 et
802 3934 910 3972 non
940 3917 1152 3971 divinus
1182 3924 1285 3972 est.
1332 3914 1465 3970 Item
1500 3914 1545 3971 si
1576 3914 1728 3969 verbi

148 4010 469 4085 facundiam
492 4012 709 4076 retinet,
738 4012 855 4068 sine
885 4010 1008 4065 vita:
1037 4010 1342 4075 sanctitate,
1374 4008 1473 4063 etsi
1516 4007 1727 4063 divinus

148 4121 255 4162 esse
269 4105 533 4171 cernitur,
548 4103 833 4159 sacerdotii
846 4102 1050 4157 honore
1067 4116 1402 4172 nequaquam
1417 4100 1723 4155 decoratur:

149 4200 261 4267 quia
289 4198 436 4269 quod
468 4196 767 4251 sublimiter
795 4195 1080 4267 praedicat,
1110 4204 1322 4251 terrena
1353 4195 1567 4249 actione
1587 4209 1722 4249 con-

150 4291 338 4345 culcat.
389 4288 494 4355 Qui
542 4296 719 4341 autem
749 4286 815 4342 de
846 4302 984 4342 arcte
1023 4286 1181 4355 loco,
1213 4293 1267 4341 et
1293 4285 1359 4340 de
1406 4283 1725 4339 remittenda

153 4396 265 4436 arca
288 4382 385 4435 Dri
410 4382 768 4448 interrogant,
790 4389 845 4434 et
865 4379 1174 4434 sacerdotes
1194 4384 1248 4432 et
1268 4377 1476 4433 divinos
1496 4383 1723 4431 vocant:

153 4473 266 4539 quia
305 4472 559 4526 nimirum
600 4471 657 4534 ii,
685 4470 775 4539 qui
802 4470 869 4526 de
897 4470 1205 4538 cognitione
1244 4468 1436 4523 divina:
1467 4465 1725 4539 praedica-

156 4562 325 4627 tionis,
350 4572 592 4615 vcntura:
633 4560 755 4614 vitae
779 4558 971 4628 gaudia
1011 4559 1259 4628 diligunt,
1283 4556 1349 4611 ad
1380 4556 1569 4621 salutis
1598 4571 1731 4609 con-

152 4650 341 4715 silium,
373 4664 477 4704 nec
500 4649 746 4704 carnales
766 4648 1057 4717 sapientes,
1082 4662 1182 4701 nec
1210 4646 1435 4701 multum
1459 4645 1729 4715 simplices

152 4743 428 4809 religiosos
471 4750 718 4811 pastores
765 4746 1035 4810 quaerunt.
1078 4737 1398 4793 Sacerdotes
1446 4736 1627 4804 itaque
1676 4742 1731 4788 et

152 4830 351 4887 divinos
373 4839 605 4886 vocant:
627 4831 753 4899 quia
769 4831 847 4886 eis
860 4844 917 4885 se
941 4830 1305 4895 committunt,
1327 4828 1417 4897 qui
1438 4835 1493 4881 et
1513 4825 1733 4897 superni

154 4923 518 4977 rectitudinem
550 4922 759 4979 itineris
783 4922 1150 4977 demonstrant
1180 4920 1511 4977 sublimitate
1552 4919 1728 4974 scien-

155 5014 262 5079 tizn,
299 5025 351 5069 et
387 5030 486 5084 pro
525 5014 757 5068 subditis
795 5009 1152 5083 Omnipotenti
1190 5011 1303 5067 Deo
1344 5010 1521 5066 idonei
1564 5011 1731 5064 inter-

152 5118 391 5159 cessores
433 5114 582 5172 sunt,
632 5119 730 5173 per
766 5106 1052 5174 puritatem
1104 5104 1245 5157 vitm.
1297 5103 1371 5157 De
1409 5102 1731 5157 remittenda

156 5193 313 5263 igitur
336 5195 393 5247 in
422 5194 599 5247 locum
632 5209 786 5247 suum
811 5208 937 5247 arca
968 5193 1344 5260 interrogant:
1377 5191 1502 5258 quia
1532 5190 1599 5244 de
1630 5190 1730 5243 ista

155 5285 455 5352 cognitione
482 5284 916 5354 Scripturarum,
944 5296 1106 5351 quam
1139 5281 1189 5335 in
1227 5279 1497 5349 mysteriis
1535 5279 1729 5331 verbo-

157 5388 276 5427 rum
296 5374 581 5442 accipiunt,
604 5372 834 5426 transire
852 5370 919 5425 ad
938 5370 1231 5440 perfectam
1254 5369 1349 5424 Dei
1368 5368 1730 5440 cognitionem

160 5462 211 5519 in
244 5466 534 5518 aeternitate
563 5465 971 5533 concupiscunt.
1007 5463 1160 5519 Velut
1183 5463 1324 5517 enim
1356 5477 1478 5516 arca
1506 5461 1731 5515 remitti-

161 5560 263 5613 tur,
292 5569 406 5607 cum
430 5569 597 5622 parva
628 5554 728 5607 ista
744 5554 980 5622 cognitio
1001 5570 1098 5623 per
1116 5554 1239 5609 vita:
1261 5551 1536 5622 przc~entis
1567 5559 1733 5603 trans-

165 5643 289 5697 itum
316 5644 660 5715 mlhnplctur.
711 5642 775 5698 Et
810 5644 863 5699 in
909 5644 1028 5700 loco
1066 5660 1164 5701 suo
1194 5654 1421 5698 ostensm
1460 5657 1596 5697 arca:
1636 5640 1731 5696 Dei

1761 4425 1810 4487 D

3308 252 3406 309 132

1758 361 1805 416 Α
1833 353 2055 423 gloriam
2087 354 2375 423 cernimus,
2404 358 2620 426 quando
2642 358 2708 413 ab
2744 360 2866 415 altis
2897 358 3182 430 ﬁgurarum
3212 367 3405 433 tegmi-

1831 445 1990 499 nibus
2029 446 2267 513 speciem
2293 447 2485 502 diviua:
2522 448 2817 517 maiestatis
2844 451 3078 506 revelata
3116 452 3251 506 facie
3274 470 3405 509 con-

1830 542 2063 590 tuemur.
2099 536 2173 591 De
2206 537 2305 592 ista
2345 539 2544 608 quippe
2567 539 2620 593 in
2661 540 2781 595 loco
2822 557 2921 596 suo
2962 557 3103 596 arca:
3140 542 3407 599 relatione

1828 640 1925 693 per
1947 626 2259 695 prophetam
2290 627 2482 682 dicitur
2508 646 2519 680 :
2554 628 2624 681 Et
2652 647 2754 684 non
2782 630 2983 684 docebit
3014 632 3092 685 vir
3114 631 3253 684 ultra
3280 650 3407 701 pru-

1825 718 2020 771 ximum
2048 735 2216 781 suunt,
2250 720 2424 773 dicens
2446 736 2464 773 :
2495 719 2755 790 Cognosce
2784 721 3062 775 Dominum
3085 739 3103 775 :
3134 738 3167 774 a
3195 724 3408 777 minimo

1824 825 1985 875 usque
2022 810 2092 863 ad
2120 811 2401 864 maximum
2433 820 2742 881 cognoscent
2772 828 2851 865 me
2879 814 3097 882 (Jerem.
3122 829 3271 881 χιιι,
3294 812 3407 883 34).

1829 897 1963 953 Hinc
1988 897 2224 954 Joannvs
2252 900 2599 968 repromittit,
2644 901 2861 955 dicens:
2914 902 3040 955 Cum
3082 904 3406 973 apparuerit,

1827 988 2020 1042 similes
2058 990 2106 1042 ei
2134 992 2324 1043 erimus
2343 1028 2358 1056 ,
2387 992 2629 1058 quoniam
2659 990 2938 1045 videbimus
2989 1009 3105 1046 eum
3154 995 3305 1047 sicuti
3333 1004 3410 1047 est
3434 974 3445 983 ’

1830 1077 1882 1149 (1
1906 1079 2065 1135 Joan.
2092 1097 2172 1145 ιιι,
2205 1079 2282 1149 2).
2326 1080 2431 1135 Sed
2454 1082 2565 1150 jam
2594 1082 2928 1137 remittenda;
2959 1083 3104 1153 quod
3128 1084 3408 1138 consilium

1825 1167 2141 1223 sacerdotes
2173 1178 2228 1223 et
2265 1170 2431 1224 divini
2462 1172 2819 1241 quaerentibus
2862 1172 3128 1241 tribuant,
3159 1175 3408 1229 attenda-

1825 1272 1964 1312 mus.
1998 1257 2129 1312 Nam
2158 1259 2401 1328 sequitur
2426 1276 2441 1314 :

1897 1380 2076 1447 (Vers.
2108 1380 2187 1449 5.)
2230 1382 2328 1445 Qui
2358 1380 2601 1435 dixerunt
2626 1399 2643 1435 :
2673 1381 2735 1436 Si
2765 1382 3065 1437 dintiseritis
3103 1396 3280 1435 arcam
3307 1378 3404 1433 Dei

1825 1465 2017 1534 Israel,
2045 1470 2205 1523 nolite
2226 1470 2483 1524 dimittere
2506 1488 2620 1524 eam
2646 1488 2881 1535 vacuam,
2910 1472 3001 1527 sed
3035 1472 3169 1543 quod
3191 1472 3404 1530 debetis.

1822 1558 2018 1612 reddite
2038 1560 2089 1611 ei
2114 1575 2208 1627 pro
2254 1567 2491 1629 peccato,
2540 1568 2590 1613 et
2637 1570 2756 1615 tunc
2784 1561 3125 1630 curabimini,
3158 1569 3207 1616 et
3235 1562 3408 1625 scietis

1822 1662 1979 1717 quare
2009 1662 2114 1701 non
2139 1648 2341 1701 recedat
2369 1665 2557 1703 ntanus
2575 1650 2685 1720 ejus
2716 1666 2748 1702 α
2775 1648 2935 1705 vobis.

1899 1756 1953 1811 ’5.
1995 1755 2259 1822 Quidnam
2303 1769 2387 1811 est
2439 1772 2566 1811 arca
2595 1773 2789 1826 vacua,
2837 1758 2935 1813 nisi
2964 1758 3142 1813 divina
3182 1759 3406 1816 scientia

1828 1845 1944 1899 sine
1964 1845 2105 1900 bona
2128 1847 2480 1916 operatione?
2500 1846 2734 1902 Vacuam
2765 1863 2997 1919 namque
3017 1864 3200 1904 arcam
3225 1851 3404 1903 remit-

1830 1945 1964 1999 tere,
2002 1944 2086 1989 est
2127 1934 2195 1989 de
2228 1934 2535 2004 cognitione
2559 1936 2913 2006 spiritualium
2942 1945 3402 1995 sacramentorum

1830 2022 2056 2078 fructum
2086 2023 2211 2079 boni
2240 2026 2419 2097 Operis
2449 2026 2652 2080 nullum
2685 2024 2849 2081 ferre.
2894 2026 3073 2089 Vacua
3103 2041 3233 2096 ergo
3280 2042 3402 2083 arca

1828 2114 2138 2179 remittitur,
2157 2130 2278 2169 cum
2307 2130 2461 2171 mens
2487 2117 2553 2170 ad
2581 2117 2740 2171 lldem
2762 2116 3045 2181 venientis,
3068 2119 3133 2172 ad
3149 2125 3404 2172 :eternam

1829 2203 1923 2259 Dei
1953 2204 2467 2273 contemplationem
2492 2208 2603 2275 jam
2636 2211 2867 2264 transire
2896 2208 3183 2279 desiderat,
3227 2217 3284 2264 et
3324 2218 3405 2265 ta-

1829 2312 1951 2351 men
1980 2296 2031 2351 in
2061 2298 2162 2352 hac
2190 2298 2299 2352 vita
2330 2299 2484 2354 bonis
2509 2299 2763 2367 operibus
2792 2300 3041 2359 insudare
3070 2315 3404 2371 nequaquam

1827 2396 2000 2442 curat.
2044 2386 2456 2444 Ptmlicatorum
2489 2404 2625 2458 ergo.
2644 2404 2780 2446 voce
2822 2391 3156 2467 praecipitur,
3185 2400 3245 2446 ut
3280 2407 3403 2447 arci

1829 2492 1951 2531 cum
1995 2477 2297 2542 dimittitur,
2344 2493 2517 2532 vacua
2562 2494 2669 2534 non
2720 2479 3013 2544 relaxetur,
3042 2488 3121 2543 ut.
3172 2481 3218 2536 si
3266 2481 3405 2536 bona

1826 2582 2014 2637 opera,
2039 2567 2277 2636 quisquis
2307 2566 2475 2623 lidelis
2498 2576 2602 2633 est,
2631 2582 2738 2623 non
2780 2568 3123 2640 multiplicat,
3155 2569 3226 2623 ad
3250 2577 3406 2624 aeter-

1827 2674 1952 2713 nam
1983 2657 2077 2713 Dei
2108 2660 2493 2729 omnipotentis
2513 2660 2893 2729 cognitionem,
2917 2661 3061 2730 quod
3085 2665 3408 2720 transiturus

1827 2752 1917 2817 sit,
1944 2752 2217 2807 conlidere
2238 2768 2346 2808 non
2366 2760 2671 2821 praesumat.
2703 2752 2858 2831 145
2880 2752 3059 2809 Vacua
3076 2763 3255 2808 autem
3281 2770 3405 2808 arca

1830 2854 1936 2895 non
1957 2839 2263 2905 dimittitur,
2291 2840 2336 2895 si
2366 2839 2496 2894 idud
2524 2839 2573 2893 ei
2599 2854 2699 2909 pro
2718 2834 2949 2910 peccato
2978 2840 3236 2903 re'lditur,
3266 2842 3407 2911 quod

1828 2929 2076 2984 debetur.
2121 2929 2259 2997 Quid
2286 2937 2370 2985 est
2416 2930 2557 2998 quod
2602 2945 2699 3007 pro
2728 2938 2950 3001 peccato
2980 2931 3207 2986 debetur
3243 2946 3403 2997 areae,

1834 3017 1936 3071 nisi
1962 3017 2185 3072 alllictio
2215 3017 2425 3073 devota:
2444 3017 2814 3088 ptenitentize?
2838 3017 2954 3084 Quo
2986 3018 3039 3076 in
3068 3019 3189 3074 loco
3214 3030 3408 3073 notaa—

1831 3107 1960 3162 dum
1989 3117 2090 3174 est,
2120 3108 2244 3177 quia
2274 3108 2352 3165 eis
2374 3107 2610 3177 loquitur
2630 3108 2773 3177 quia
2795 3109 3031 3174 muribus
3054 3108 3217 3163 morsi
3259 3122 3404 3170 sunt.

1829 3198 1931 3266 Qui
1962 3199 2103 3254 enim
2134 3207 2261 3253 sunt
2286 3199 2453 3255 morsi
2483 3214 2514 3253 a
2544 3199 2801 3265 muribus,
2833 3200 2932 3254 nisi
2955 3202 3047 3269 qui
3079 3199 3132 3254 in
3166 3201 3285 3254 liuet
3317 3216 3408 3255 cn-

1830 3290 2041 3345 tholica:
2089 3290 2479 3344 illuminatione
2532 3290 2733 3359 positi,
2789 3300 2915 3345 an'e
2969 3289 3207 3358 ejusdem
3281 3290 3401 3345 fidei

1830 3381 2216 3450 cognitionem,
2251 3380 2365 3435 sive
2411 3387 2553 3451 post,
2588 3395 2754 3450 prava
2797 3381 2974 3450 egis-‘e
3012 3396 3073 3436 se
3117 3382 3409 3436 recolunt?

1830 3470 1964 3526 Nam
2000 3470 2093 3540 qui
2127 3480 2254 3527 ante
2289 3470 2515 3539 gratiam
2548 3471 2975 3539 regenerationis
3010 3472 3154 3527 nulla
3185 3471 3410 3527 crimina

1830 3561 2063 3627 admisit,
2088 3570 2143 3617 et
2162 3560 2584 3630 regenerationis
2604 3560 2801 3616 donum
2818 3561 2977 3629 digna
2998 3562 3411 3616 conversatione

1830 3653 2072 3718 retinuit,
2105 3668 2240 3708 area:
2265 3653 2479 3722 quidem
2507 3651 2691 3721 debet,
2721 3653 2813 3707 sed
2843 3654 2892 3708 ei
2921 3668 3019 3723 pro
3049 3660 3273 3722 peccato
3302 3670 3407 3709 nun

1830 3744 2011 3801 debet.
2035 3745 2354 3816 Cognitione
2380 3744 2595 3813 quidem
2636 3744 2797 3799 divini
2827 3730 3052 3813 eloquii,
3078 3745 3205 3799 boni
3230 3745 3410 3813 operis

1830 3838 2056 3893 reddere
2096 3837 2327 3894 fructum
2375 3835 2607 3902 cogitur,
2640 3836 2733 3892 sed
2776 3835 2845 3890 ad
2891 3835 3220 3904 ptetitentia:
3249 3837 3408 3890 satis-

1832 3927 2120 3983 factionem
2149 3944 2215 3983 ex
2245 3929 2528 3994 scelerum,
2561 3943 2681 3999 qua:
2710 3926 2933 3995 respuit,
2965 3925 3146 3980 debito
3176 3940 3281 3979 non
3320 3941 3404 3978 ur—

1829 4026 2002 4086 getur.
2034 4017 2137 4084 Qui
2166 4032 2293 4088 ergo
2319 4020 2634 4074 mordentur
2662 4017 2856 4082 adhuc,
2879 4015 3116 4070 debitum
3147 4030 3284 4069 arca:
3314 4032 3412 4085 pro

1830 4116 2057 4178 peccato
2084 4108 2342 4173 reddant;
2376 4116 2433 4163 ut
2469 4124 2568 4181 pro
2596 4108 2879 4177 criminum
2910 4104 3190 4167 memoria,
3234 4105 3411 4159 burni-

1830 4197 1938 4252 lem
1980 4198 2311 4268 ptenitcntize
2353 4198 2681 4253 oblationem
2712 4194 3068 4266 omnipotenti
3107 4193 3219 4249 Deo
3258 4196 3414 4249 resti-

1830 4292 2001 4340 tuant.
2049 4283 2114 4338 Et
2156 4294 2284 4340 tunc
2328 4286 2543 4355 quidem
2602 4293 2890 4350 curantur;
2934 4283 3059 4365 quia
3105 4292 3217 4337 tum
3278 4299 3414 4337 con-

1832 4374 2071 4429 scientia:
2121 4375 2313 4433 vulnus
2359 4376 2663 4440 obducitur,
2712 4390 2836 4437 cum
2885 4373 3080 4428 amicta
3134 4388 3288 4428 mens
3316 4388 3414 4443 per

1833 4465 2201 4535 pcnnitentiam
2246 4466 2313 4519 ad
2358 4467 2637 4535 speranda:
2682 4464 3243 4521 venimsecuritatem
3276 4466 3414 4518 rele-

1829 4565 2005 4610 vatur.
2052 4554 2203 4611 Tunc
2225 4556 2388 4610 etiam
2417 4555 2612 4619 sciunt,
2646 4562 2815 4623 quare
2846 4568 3035 4607 manus
3060 4552 3274 4607 Domini
3304 4569 3411 4606 non

1831 4646 2049 4701 recedat
2077 4645 2144 4699 ab
2169 4646 2248 4699 eis
2273 4662 2286 4698 :
2330 4644 2455 4715 quia
2488 4654 2615 4698 tunc
2643 4645 2927 4698 util'tatcm
2959 4641 3410 4711 compunctionis,

1830 4750 1927 4789 seu
1955 4732 2165 4788 afﬂicta:
2195 4733 2369 4787 carnis
2397 4733 2597 4787 bonum
2625 4732 3100 4800 intelligunt,_cum
3121 4730 3187 4783 de
3218 4728 3409 4782 ﬁducia

1832 4824 2026 4881 divina:
2064 4823 2407 4892 indulgentia:
2445 4822 2785 4877 inell'abiliter
2825 4821 3092 4873 limantur.
3142 4817 3280 4884 Quid
3329 4827 3412 4872 est

1835 4916 1978 4970 enim
2007 4914 2162 4969 dolor
2199 4913 2557 4983 pmnitentiie,
2589 4911 2690 4966 nisi
2729 4910 2899 4982 plaga:
2936 4909 3181 4963 molestia
3211 4922 3280 4962 ex
3304 4908 3411 4961 da:-

1837 5020 2056 5060 monum
2104 5003 2495 5074 percussione?
2542 5000 2674 5055 Nam
2714 4992 2866 5069 quasi
2914 4999 2967 5053 in
3009 4997 3197 5054 dolore
3244 4997 3409 5067 plaga:

1838 5097 2013 5153 adhuc
2055 5097 2254 5151 acriter
2296 5093 2584 5165 pungentis
2632 5091 2935 5161 suspirabat
2969 5104 3259 5147 conversus
3299 5088 3410 5152 ille,

1840 5205 1962 5244 cum
2002 5189 2242 5243 dieret:
2294 5186 2576 5241 Conversus
2604 5200 2715 5240 sum
2753 5185 2807 5237 in
2846 5198 3077 5237 «erumna
3112 5198 3256 5245 mea,
3287 5179 3409 5233 dum

1836 5264 2115 5351 conﬁgitur
2139 5280 2292 5350 spina
2322 5278 2493 5349 (Psal.
2531 5293 2678 5342 sui,
2709 5275 2785 5345 4).
2812 5274 2948 5341 Quid
2979 5273 3119 5327 enim
3146 5286 3406 5333 aerumna,

1838 5371 1937 5426 nisi
1959 5369 2300 5424 alllictionem
2326 5367 2560 5422 insinuat
2588 5364 2953 5438 ptenitentiic?
2997 5360 3104 5416 Sed
3132 5361 3185 5414 in
3215 5358 3404 5413 eadem

1833 5475 2071 5516 terumna
2097 5472 2415 5513 conversum
2436 5471 2496 5511 se
2516 5472 2575 5510 as
2603 5456 2725 5519 erit,
2742 5454 2867 5508 dum
2890 5453 3055 5523 spina:
3076 5449 3407 5505 conﬁxuram

1831 5550 2014 5605 sentit.
2046 5548 2208 5615 Quasi
2247 5549 2390 5603 dicat
2422 5563 2436 5601 ;
2488 5548 2621 5601 Dum
2648 5544 3021 5600 recordatione
3050 5540 3232 5609 ﬂagitii
3263 5554 3404 5593 mor-

1832 5641 1981 5706 deor,
2007 5656 2142 5696 arca:
2168 5638 2401 5695 debitum
2429 5637 2654 5692 reddere
2682 5652 2787 5691 non
2809 5633 3031 5689 desisto.
3061 5629 3225 5702 Spina
3246 5628 3401 5697 quip-
