3962 6280
575 257 675 313 183

1756 257 1994 314 SANCTI
2036 254 2360 312 cnuooan
2404 255 2612 312 MAGNI
2690 238 2693 241 ’

3709 271 3784 325 134

568 384 636 439 pc
682 366 985 435 conﬁgitur,
1023 368 1147 421 dum
1194 380 1290 435 per
1319 364 1702 433 omnipotentis
1740 364 1835 419 Dei
1865 365 2137 435 dispensa-
2167 367 2213 425 Α
2240 364 2321 415 nis
2345 363 2524 433 quibus
2554 364 2774 419 vidimus
2801 367 2939 420 mala
2968 367 3139 439 (Psal.
3162 387 3384 437 Lxxxtx,
3414 372 3500 439 ιι,
3528 372 3631 441 15).
3659 376 3784 434 Velm

569 460 791 523 tionem,
832 457 897 512 ad
930 457 1194 526 lacrymas
1221 470 1605 510 convcrsorum
1634 455 1811 509 anima
1851 454 2136 509 criminum

565 548 943 604 recordatione
970 542 1349 600 inﬂammatur.
1380 544 1447 597 Et
1467 558 1605 598 arca:
1626 543 1861 598 debitum
1891 544 2135 606 solvitur,

564 640 784 709 quando
816 639 927 708 jam
973 654 1069 708 pro
1094 636 1354 705 qualitate
1382 634 1646 701 criminis,
1674 650 1919 690 mensura
1946 646 2137 689 exten-

563 731 707 783 ditur
758 728 1192 782 lamentationis:
1246 741 1366 780 cum
1410 735 1529 796 post
1555 726 1831 780 diuturnas
1872 724 2139 795 lacrymas

564 817 775 874 aﬂlicta:
801 818 889 872 diu
921 817 1109 883 menti,
1140 816 1335 870 interni
1359 816 1536 871 solatii
1577 814 1670 868 lux
1700 814 2025 878 infunditur,
2057 823 2140 865 at-

563 924 671 977 que
699 924 729 963 a
754 909 1111 979 percussionis
1140 908 1343 961 intima:
1369 906 1606 975 pondere
1634 905 1818 959 divino
1842 904 1985 958 dono
2017 904 2140 957 levi-

563 1008 757 1064 gatur:
805 1012 926 1051 cum
972 996 1083 1066 jam
1128 1005 1369 1065 purgata:
1416 995 1581 1049 menti
1631 1010 1728 1063 per
1776 995 2001 1061 gratiam
2029 1010 2139 1048 sua:

563 1088 929 1158 inspirationis
970 1088 1311 1156 omnipotens
1352 1087 1490 1141 Deus
1526 1089 1828 1156 appropiat,
1868 1096 2031 1154 atque
2071 1102 2137 1141 ex

564 1178 756 1232 tiducia
793 1186 1096 1231 consecuta:
1132 1175 1471 1242 indulgentia:
1500 1191 1618 1229 eam
1664 1177 1946 1240 exbilarat,
1976 1192 2136 1243 quam

563 1266 615 1319 ei
656 1280 722 1319 ex
745 1264 1043 1333 pra:sentia:
1064 1279 1171 1319 sua:
1196 1265 1366 1331 gratia
1390 1264 1779 1319 subministrat.
1804 1264 1965 1329 Quasi
1994 1267 2137 1319 enim

561 1358 632 1411 de
660 1354 1005 1424 percussione
1035 1360 1162 1408 tunc
1200 1362 1440 1420 sanatur,
1471 1369 1591 1407 eum
1623 1370 1719 1424 per
1745 1354 1933 1409 retusa:
1964 1355 2138 1408 indul-

559 1446 752 1514 gentia:
802 1445 1025 1513 gratiam
1075 1444 1386 1511 magnitudo
1440 1445 1642 1499 doioris
1694 1444 1763 1499 de
1826 1445 2137 1514 pmaitcntis

556 1535 757 1591 afﬂicta
778 1542 956 1591 mente
980 1542 1307 1590 removetur.

624 1661 683 1718 4.
716 1659 865 1715 Unde
893 1669 947 1716 et
975 1661 1038 1724 is,
1070 1660 1160 1730 qui
1193 1660 1246 1714 in
1273 1673 1512 1713 aerumna
1542 1658 1977 1721 convertebatur,
2006 1657 2131 1713 dum

557 1749 915 1819 conﬁgeretur
941 1749 1125 1818 spina,
1165 1750 1218 1802 in
1248 1748 1441 1803 eodem
1471 1747 1678 1817 psalmo
1708 1748 2131 1816 omnipotentem

556 1839 725 1895 Deum
755 1838 1047 1893 curationis
1086 1852 1195 1892 sua:
1229 1847 1504 1892 auctorem
1534 1839 1778 1893 la:tanter
1820 1839 2133 1904 alloquitur,

553 1930 738 1984 dicens
772 1947 788 1983 :
822 1928 895 1982 Tu
916 1946 970 1983 es
1000 1929 1127 1983 milii
1146 1931 1399 1999 refugium
1420 1947 1451 1982 a
1479 1946 1743 1999 pressura,
1776 1946 1888 1996 qua:
1910 1930 2133 1982 circum-

556 2019 695 2073 dedit
723 2036 819 2084 me,
852 2020 1128 2073 exsultatio
1150 2035 1265 2071 mea
1287 2018 1512 2088 (Psalm.
1543 2035 1691 2082 xxxr,
1718 2018 1792 2086 7).
1824 2016 2131 2073 Pressuram

558 2108 757 2178 quippe
781 2115 937 2161 vocat
974 2107 1343 2176 gravissimam
1374 2107 1531 2163 valde
1552 2124 1768 2162 manum
1792 2108 2023 2161 Dtnnini.
2057 2108 2132 2163 De

554 2215 660 2269 qua
688 2199 1035 2269 percussione
1074 2198 1400 2266 gravissima:
1428 2214 1618 2253 manus
1645 2200 1808 2253 etiam
1832 2198 2027 2253 Paulus
2058 2200 2124 2253 lo-

556 2290 757 2359 quitur,
775 2288 985 2344 dicens:
1005 2287 1128 2359 Ipse
1150 2290 1285 2343 enim
1301 2289 1509 2357 spiritus
1532 2305 1623 2355 pro
1646 2288 1791 2341 nobis
1808 2290 2033 2358 postulat
2051 2305 2133 2358 ge~

556 2378 762 2433 mitibus
782 2378 1212 2433 inenarrabilibus
1232 2377 1406 2448 (Rom.
1422 2394 1531 2443 vnt,
1547 2377 1661 2447 26).
1677 2376 1776 2444 Qui
1800 2391 1926 2444 ergo
1948 2395 1974 2430 a
1994 2392 2133 2447 pres-

555 2485 682 2524 sura
706 2470 976 2525 invenisse
996 2467 1209 2523 Domini
1226 2467 1507 2535 refugium,
1532 2478 1590 2523 et
1611 2469 2025 2522 exsultationem
2049 2468 2131 2521 in-

553 2563 752 2627 sinuat,
778 2561 845 2615 ab
876 2561 1071 2616 interni
1100 2561 1301 2616 doloris
1326 2562 1695 2632 percussione,
1721 2561 1915 2630 gaudio
1937 2561 2131 2614 divina:

556 2650 897 2720 indulgentia:
930 2658 1177 2707 curatum
1204 2666 1264 2706 se
1292 2666 1410 2707 esse
1439 2652 1767 2706 manifestat.
1816 2650 1952 2706 Hinc
2001 2652 2132 2705 item

557 2742 740 2797 dolens
768 2742 940 2796 adhuc
966 2743 1276 2810 conﬁtetur,
1304 2744 1488 2797 diettns
1514 2760 1527 2795 :
1559 2743 1673 2797 Tibi
1701 2743 1799 2797 soli
1827 2743 2051 2814 peccaui,
2079 2752 2130 2796 et

556 2831 747 2884 malum
784 2848 957 2886 coram
982 2840 1028 2885 te
1065 2833 1166 2903 feci
1188 2830 1357 2902 (Psal.
1387 2848 1440 2897 ι,
1472 2830 1549 2900 (5).
1582 2831 1687 2886 Sed
1714 2832 1838 2902 quia
1865 2831 1933 2885 de
1972 2846 2130 2886 cura-

556 2926 700 2979 tione
744 2926 1043 2992 praesumit,
1079 2925 1379 2991 insinuans,
1427 2924 1545 2977 ait:
1578 2924 1790 2977 Auditui
1830 2940 1940 2977 meo
1981 2923 2126 2978 dabis

552 3018 795 3085 gaudium
842 3026 890 3070 et
934 3018 1195 3081 lcetitiam,
1239 3028 1288 3070 et
1336 3017 1665 3071 exsultabant
1709 3034 1825 3071 ossa
1856 3017 2125 3071 lmmiliata

551 3105 737 3175 (Ibid.,
769 3106 844 3174 7).
879 3107 1124 3161 chitum
1155 3121 1283 3175 ergo
1313 3123 1450 3161 arcae
1481 3106 1722 3161 redditur
1751 3122 1847 3175 pro
1878 3114 2120 3174 peccato,

554 3203 670 3248 cum
702 3205 1015 3264 peccatores
1043 3212 1109 3250 ex
1134 3196 1425 3265 Scripturze
1455 3211 1621 3252 sacra:
1662 3196 1816 3264 cogni
1843 3196 1965 3248 ioue
1993 3193 2133 3247 afﬂi-

551 3293 775 3351 guntur,
817 3294 872 3339 et
917 3286 1157 3340 cruciatu
1210 3294 1419 3354 tergere
1462 3287 1647 3357 culpas
1694 3293 1962 3354 satagunt,
1996 3301 2128 3354 quas

550 3377 725 3432 carnis
745 3377 1101 3431 delectatione
1123 3385 1420 3432 traxerunt.
1449 3377 1717 3431 Curantur
1739 3385 1936 3437 autem,
1964 3392 2128 3444 quan-

553 3469 623 3524 do
645 3468 755 3536 jam
785 3469 998 3537 expleta
1037 3482 1285 3522 mensura
1313 3467 1636 3533 alﬂictionis,
1681 3467 1745 3520 ad
1777 3467 2019 3522 ﬁduciam
2047 3467 2128 3520 di-

552 3561 691 3614 vina:
718 3559 1058 3627 indulgentim
1102 3560 1255 3630 1&5
1286 3575 1382 3628 per
1411 3560 1663 3613 auxilium
1708 3560 2015 3613 relevantur
2046 3560 2127 3610 iu-

553 3650 692 3704 tern‘i
740 3648 1123 3704 solatii.vUnde
1171 3660 1226 3704 et
1276 3650 1557 3704 Psalmista
1606 3650 1861 3718 loquitur,
1902 3649 1998 3702 dict
2023 3664 2124 3702 ns:

552 3741 756 3794 Ciba'bis
786 3758 877 3795 nos
902 3757 1036 3811 pane
1059 3743 1426 3813 [acri/marum,
1457 3752 1502 3794 et
1523 3750 1696 3810 potum
1719 3740 1866 3793 dabis
1898 3739 2041 3793 nobis
2073 3741 2127 3793 in

544 3835 787 3904 lacrymis
819 3834 871 3887 in
901 3851 1142 3887 mensura
1174 3834 1343 3905 (Psal.
1376 3850 1479 3887 Lxx
1505 3850 1561 3900 x,
1603 3834 1690 3901 6).
1746 3832 2125 3903 Lacryutarum

546 3928 744 3997 quippe
773 3936 931 3997 potus
960 3926 1027 3980 ad
1059 3942 1365 3981 mensuram
1405 3926 1496 3979 dat
1528 3943 1541 3979 :
1573 3928 1697 3995 quia
1730 3924 1903 3996 profet
1918 3935 1972 3980 to
2002 3940 2128 3995 pec-

549 4028 720 4083 cator,
752 4019 851 4074 etsi
874 4035 943 4073 ex
971 4020 1177 4075 interna
1208 4020 1299 4073 Dei
1326 4019 1654 4088 aspiratione
1682 4034 1780 4087 pro
1805 4019 1957 4087 culpa
1986 4032 2128 4071 eom-

548 4109 823 4176 puugitur,
851 4124 919 4162 ex
945 4109 1133 4162 eadem
1153 4108 1586 4177 compunctionis
1615 4107 1901 4162 alllictione
1931 4107 2033 4159 end
2052 4121 2122 4158 2m

544 4200 861 4254 consolante
907 4199 1195 4253 relevatur.
1230 4198 1384 4253 Unde
1414 4207 1468 4252 et
1497 4214 1593 4269 per
1622 4199 1839 4270 Moysen
1870 4197 2126 4251 Dominus

548 4288 677 4341 dicit
706 4305 718 4339 :
751 4286 865 4358 Ego
886 4288 1140 4349 occidam,
1172 4298 1222 4340 et
1241 4303 1333 4357 ego
1364 4289 1527 4339 vivere
1557 4288 1747 4356 faciam
1775 4303 1793 4340 :
1823 4288 2122 4355 percutiam,

552 4386 595 4429 et
624 4392 721 4445 ego
746 4376 942 4429 sonabo
970 4375 1149 4448 (Deut.
1173 4392 1343 4443 χχχιι,
1373 4374 1484 4445 '59).
1515 4374 1751 4431 Perculit
1779 4391 2028 4445 namque,
2069 4387 2125 4432 et

550 4473 701 4521 sanat
728 4482 742 4518 :
773 4465 898 4533 quia
927 4479 1063 4533 quos
1092 4480 1189 4534 per
1218 4467 1688 4533 compunctionem
1737 4467 1972 4531 sauciat,
2026 4484 2123 4537 per

549 4556 890 4627 indulgentia:
918 4557 1262 4611 securitatem
1301 4565 1473 4611 curat.
1529 4556 1672 4611 Bene
1712 4557 1891 4626 itaqtie
1924 4560 2123 4613 curatis

548 4649 650 4717 iatn
679 4647 902 4703 dicitur:
935 4646 1005 4700 Et
1029 4648 1218 4712 scietis,
1248 4664 1407 4719 quare
1431 4664 1617 4701 manus
1642 4650 1753 4719 ejus
1784 4666 1887 4702 non
1917 4651 2125 4703 recedat

546 4759 576 4795 ιι
604 4740 762 4805 vobis.
795 4739 927 4794 Nam
958 4749 1246 4808 antequam
1274 4748 1455 4804 curet,
1495 4753 1663 4809 quare
1691 4755 1882 4793 manus
1909 4732 2120 4794 Domini

543 4833 614 4885 ab
660 4832 739 4887 eis
787 4846 891 4886 non
938 4831 1185 4894 recedat,
1233 4830 1373 4886 scire
1401 4846 1509 4887 non
1539 4840 1764 4901 possunt
1795 4851 1806 4884 :
1838 4835 1960 4901 quia
1993 4842 2121 4888 tunc

546 4921 872 4991 pmnitentia:
896 4920 1094 4975 bunum
1119 4919 1443 4989 intelligunt,
1467 4934 1591 4974 cum
1624 4921 1674 4973 in
1708 4921 1986 4989 puriﬂCato
2007 4922 2117 4989 jam

545 5009 711 5066 corde
736 5010 903 5063 sancti
947 5009 1176 5078 Spiritus
1204 5010 1427 5079 gratiam
1474 5018 1898 5078 recognoscant,
1942 5021 1996 5064 et
2036 5012 2117 5064 di-

543 5103 683 5155 vina:
710 5099 1053 5167 indulgentia:
1080 5100 1219 5155 dona
1248 5102 1656 5172 concupiscunt,
1680 5101 1746 5156 de
1770 5102 1961 5170 quibus
1984 5101 2119 5155 iner-

543 5190 694 5245 fabili
744 5188 1103 5244 exsultatione
1149 5192 1501 5258 gratulantur.
1546 5191 1677 5245 Nam
1725 5193 1959 5247 curantis
2009 5192 2119 5260 jam

546 5294 738 5338 manus
764 5278 975 5334 Domini
1005 5293 1241 5343 causam,
1266 5294 1369 5348 qua
1396 5282 1462 5336 ab
1492 5282 1782 5337 afﬂictione
1810 5298 1915 5337 non
1946 5299 2124 5338 reces-

545 5378 723 5438 serat,
778 5384 874 5424 eos
927 5368 1091 5422 scisse
1148 5378 1533 5439 conspexerat,
1603 5373 1695 5442 qui
1745 5387 2121 5441 percussorum

546 5455 937 5514 exsultationes
965 5455 1249 5525 exprimit,
1278 5456 1393 5510 Deo
1422 5458 1649 5527 loquens
1677 5469 1729 5514 et
1754 5460 1941 5515 dicens
1975 5479 1987 5513 :
2017 5461 2122 5515 Re-

547 5549 669 5617 pleti
715 5563 889 5601 sumus
931 5563 1081 5600 mune
1117 5549 1469 5602 misericordia
1512 5559 1617 5616 tua,
1663 5553 2024 5606 exsultavimus
2072 5565 2121 5607 et

554 5638 789 5693 d.lectati
814 5654 987 5692 sumus
1013 5656 1107 5710 pro
1139 5639 1335 5703 diebus,
1366 5642 1546 5706 quibus
1576 5659 1669 5697 nos
1693 5643 1994 5709 Itumiliusti,
2026 5661 2120 5698 an-

2169 1716 2207 1770 ll

2150 3074 2194 3135 C

2155 4437 2200 4493 D

2242 452 2384 505 enim
2420 453 2472 507 in
2516 463 2674 507 nocte
2722 457 3051 523 poenitentia:
3091 461 3289 514 luctum
3330 476 3684 533 exceperant,
3718 474 3787 538 qui

2240 555 2420 606 mane,
2452 541 2702 596 videlicet
2742 543 2934 598 divina:
2978 546 3304 614 dignationis
3343 561 3635 619 apparente
3661 557 3787 611 clari-

2240 640 2371 697 tate,
2402 647 2461 685 se
2490 634 2725 704 repletos
2755 636 3121 693 misericordia
3153 644 3563 710 congaudebant
3584 687 3599 713 ,
3643 650 3721 716 qui
3746 666 3790 706 se

2239 720 2535 778 delcttatos
2574 740 2671 792 pro
2715 725 2923 790 diebus,
2960 729 3011 781 itt
3060 728 3255 798 quibus
3294 732 3559 786 humiliati
3592 736 3787 802 fuerant,

2239 820 2488 865 asserunt
2523 828 2537 864 :
2568 828 2665 881 per
2689 813 2887 868 donum
2917 818 3240 883 curationis,
3281 820 3601 885 gravitatem
3636 839 3793 881 manus

2240 896 2469 963 Domini,
2500 914 2667 969 quare
2696 903 2762 955 ab
2792 902 2869 957 eis
2905 919 3012 957 non
3043 916 3375 975 recesserat,
3422 910 3562 963 scire
3599 911 3791 967 demon-

2238 995 2495 1044 strantur.
2527 990 2631 1046 Sed
2654 993 2777 1061 quia
2801 1008 2829 1046 a
2858 995 3187 1065 principibus
3216 999 3391 1057 adhuc
3416 1016 3514 1068 per
3540 1004 3791 1059 consilium

2238 1078 2455 1145 dicitur,
2488 1091 2545 1135 ut
2572 1085 2713 1151 quod
2740 1084 2965 1139 debetur
2992 1103 3089 1155 pro
3122 1098 3345 1157 peccato
3372 1105 3512 1145 arca:
3541 1092 3791 1158 reddatur;

2239 1179 2293 1222 et
2320 1172 2447 1239 quid
2476 1173 2545 1226 sit
2570 1174 2697 1229 illud
2726 1174 2870 1243 quod
2900 1177 3143 1245 debetur,
3178 1194 3284 1234 non
3306 1182 3616 1250 exponitur,
3639 1182 3793 1252 adjun-

2238 1267 2383 1315 ctum
2412 1270 2495 1316 est
2524 1280 2539 1315 :

2310 1394 2484 1463 (Vers.
2520 1396 2571 1460 4,
2601 1394 2677 1467 5.)
2712 1397 2808 1463 Qui
2841 1402 3202 1469 respondentes
3240 1404 3525 1459 dixerunt:
3557 1402 3689 1468 Quid
3734 1417 3794 1460 est

2237 1486 2371 1552 qqu
2392 1502 2484 1553 pro
2506 1485 2690 1539 delicto
2719 1488 2932 1541 reddere
2954 1488 3262 1543 debeamus?
3291 1491 3679 1562 Responderunt
3701 1497 3793 1549 illi:

2235 1572 2397 1627 Juxta
2415 1591 2682 1628 numerum
2710 1580 3090 1646 provinciarum
3117 1580 3433 1636 Pliilist/tiim
3460 1588 3679 1656 quinque
3691 1605 3797 1641 unos

2239 1680 2423 1718 aureos
2445 1665 2667 1734 facietis,
2696 1675 2745 1719 et
2771 1668 2990 1738 quinque
3016 1686 3184 1722 mures
3209 1687 3226 1723 :
3258 1674 3377 1742 quia
3408 1676 3565 1743 plaga
3596 1691 3692 1727 una
3714 1679 3796 1745 fuit

2236 1752 2375 1807 vobis
2396 1762 2445 1806 et
2474 1756 2698 1823 satrapis
2726 1758 2927 1811 vestris.
2952 1756 3280 1829 Facietisque
3306 1764 3667 1817 similitudines
3687 1784 3793 1818 ano-

2237 1858 2351 1894 rum
2379 1850 2681 1909 vestrorum,
2714 1856 2761 1897 et
2801 1847 3165 1901 similitudines
3195 1853 3436 1917 murium,
3470 1856 3556 1923 qui
3596 1855 3796 1908 demoliti

2234 1941 2353 1983 sunt
2380 1941 2592 1999 terram,
2622 1942 2672 1985 et
2712 1934 2899 1989 dabitis
2938 1936 3047 1990 Deo
3094 1937 3266 1992 Israel
3310 1943 3556 2011 gloriam,
3608 1946 3651 1998 si
3686 1949 3796 2015 forte

2234 2022 2417 2074 relevet
2440 2038 2647 2075 manum
2664 2039 2813 2077 suam
2837 2042 2867 2077 a
2899 2026 3057 2095 vobis,
3074 2038 3123 2079 et
3146 2044 3177 2080 a
3199 2028 3298 2082 diis
3326 2032 3526 2097 vestris,
3552 2042 3602 2085 et
3629 2049 3657 2084 a
3678 2044 3793 2086 terra

2233 2123 2423 2168 uestra.

2305 2221 2357 2276 5.
2389 2222 2529 2289 Quid
2567 2234 2649 2281 est
2669 2269 2685 2293 ,
2717 2227 2862 2297 quod
2894 2241 3132 2299 qumque
3158 2243 3385 2283 auorum
3414 2229 3792 2295 similitudines,

2233 2324 2289 2369 et
2320 2316 2542 2375 totidem
2564 2319 2940 2376 similitudines
2962 2323 3213 2388 murium,
3235 2322 3388 2392 juxta
3419 2326 3794 2393 provinciarum

2234 2419 2548 2470 numerum,
2582 2406 2695 2462 ﬁeri
2723 2409 3002 2477 jubentur,
3031 2419 3087 2465 et
3114 2411 3193 2464 sic
3220 2426 3359 2465 arca:
3387 2411 3630 2466 debitum
3656 2413 3795 2467 solvi-

2234 2499 2359 2551 tur?
2388 2498 2513 2553 Hinc
2535 2498 2798 2568 profecto,
2817 2501 2861 2554 si
2885 2517 3034 2556 more
3056 2500 3281 2557 Iudaico
3310 2503 3607 2557 secundum
3631 2504 3795 2557 lites:

2232 2588 2492 2642 vilitatem
2539 2599 2856 2658 pensantur,
2904 2607 3012 2646 non
3061 2595 3237 2647 solum
3278 2593 3625 2663 despicienda
3668 2604 3793 2657 sunt,

2230 2678 2323 2735 sed
2369 2695 2469 2734 nec
2498 2681 2684 2735 auditu
2723 2682 2903 2751 digna.
2934 2683 3064 2750 Qua:
3104 2684 3350 2754 profecto
3395 2686 3554 2755 digne
3599 2687 3791 2755 accipit,

2231 2769 2322 2839 qui
2350 2785 2459 2840 quo
2487 2772 2671 2826 viliora
2708 2788 2803 2842 per
2828 2774 3018 2829 littera:
3046 2791 3239 2831 sonum
3284 2777 3460 2843 audit,
3494 2793 3561 2832 eo
3611 2794 3671 2832 ea
3709 2794 3791 2846 per

2230 2861 2524 2929 spiritalem
2548 2863 2993 2931 signiﬁcationem
3018 2867 3232 2921 utiliora
3254 2884 3373 2923 esse
3392 2870 3659 2938 intelligit.
3678 2869 3790 2923 Nam

2231 2957 2447 3004 sanctus
2477 2950 2731 3020 Spiritus,
2761 2968 2869 3021 quo
2909 2954 3207 3024 inspirante
3238 2967 3348 3011 tota
3378 2959 3492 3012 haec
3528 2974 3677 3014 sacra
3726 2960 3794 3012 Ιιὶο

2230 3041 2395 3094 storia
2425 3043 2692 3105 scribitur,
2723 3061 2993 3112 nunquam
3025 3056 3132 3100 tam
3162 3049 3288 3102 vilia
3334 3059 3639 3118 promeret,
3677 3052 3718 3104 si
3745 3051 3787 3103 in

2232 3131 2387 3198 huius
2423 3131 2637 3186 vilitatis
2683 3149 2882 3190 arcano
2924 3151 3112 3205 magna
3152 3139 3420 3206 quietiam,
3474 3149 3527 3193 et
3578 3142 3791 3210 pretiosa

2231 3221 2385 3274 Valde
2416 3224 2665 3292 mysteria
2697 3240 2801 3277 non
2838 3227 3091 3292 signaret.
3140 3227 3291 3283 Unde
3333 3230 3528 3284 doctor
3569 3231 3795 3299 egregius

2231 3312 2449 3378 latetur,
2480 3315 2658 3367 dicens
2689 3333 2701 3367 :
2737 3314 2926 3369 Omnia
2972 3319 3026 3370 in
3066 3320 3237 3388 figura
3283 3321 3646 3391 contingebant
3674 3323 3793 3382 ibis;

2230 3404 2425 3468 scripta
2453 3414 2570 3456 sunt
2611 3413 2783 3458 autent
2812 3417 3019 3477 propter
3050 3426 3163 3473 nos,
3195 3407 3248 3463 iri
3281 3428 3405 3480 quos
3437 3413 3566 3480 ﬁnes
3597 3413 3795 3466 saculo-

2232 3510 2346 3546 rum
2376 3495 2682 3550 devenerunt
2716 3496 2767 3566 (1
2786 3498 2903 3552 Cor.
2925 3516 2981 3566 κ,
3007 3500 3117 3571 Η).
3151 3500 3228 3556 Eo
3259 3503 3419 3569 igitur
3448 3519 3543 3571 per
3570 3505 3793 3573 spiritum

2231 3584 2391 3637 altius
2431 3587 2750 3654 requirenda
2794 3598 2939 3656 sunt,
2970 3606 3077 3659 quo
3107 3591 3158 3644 in
3201 3593 3445 3660 exposita
3475 3593 3621 3647 velut
3650 3607 3795 3646 carne

2232 3673 2421 3729 littera:
2453 3676 2556 3731 vile
2602 3680 2841 3732 cernitur
2866 3682 3007 3749 quod
3033 3681 3344 3750 loquuntur.
3376 3682 3506 3747 Quae
3534 3698 3662 3751 ergo
3688 3693 3795 3736 sunt

2230 3776 2457 3815 auorum
2510 3765 2906 3831 similitudines,
2952 3785 3072 3836 qua:
3118 3772 3351 3824 murium
3406 3772 3696 3839 imagines?
3745 3772 3796 3823 Et

2230 3849 2353 3916 quia
2379 3849 2492 3905 haec
2522 3860 2630 3905 tam
2659 3853 2725 3906 ad
2757 3856 3015 3909 ten'autia
3045 3858 3329 3926 dtemonia,
3361 3873 3524 3926 quam
3551 3862 3617 3912 ad
3646 3876 3796 3913 ment-

2230 3937 2324 3991 bra
2366 3949 2707 4007 peccatorum
2740 3943 2997 4000 fetoribus
3027 3948 3271 4015 exposita
3292 3987 3309 4013 ,
3339 3950 3584 4016 superius
3628 3951 3797 4003 rctu'i-

2231 4045 2368 4093 mus,
2402 4030 2777 4088 similitudines
2806 4049 3028 4090 auorum
3057 4046 3110 4091 et
3134 4039 3386 4101 murium,
3415 4054 3517 4107 qua
3542 4040 3794 4107 signilia-

2232 4121 2379 4175 tione
2408 4121 2769 4179 deantantur?
2813 4125 2916 4181 Sed
2957 4127 3198 4196 proiecto
3244 4136 3370 4183 tunc
3398 4145 3536 4184 arca:
3574 4131 3795 4184 debitum

2229 4226 2329 4280 pro
2358 4221 2579 4280 peccato
2613 4214 2750 4270 bene
2787 4217 3029 4282 solvitur,
3062 4219 3106 4272 si
3137 4234 3363 4274 auorum
3394 4229 3449 4274 et
3478 4223 3707 4275 murium
3734 4222 3797 4274 si-

2230 4302 2556 4359 militudines
2586 4320 2652 4359 ex
2682 4322 2814 4361 auro
2841 4308 3189 4363 fabricentur.
3232 4311 3285 4365 In
3315 4313 3403 4365 ani
3430 4314 3635 4382 quippe
3662 4313 3798 4366 simi-

2230 4391 2451 4447 litudine
2488 4394 2765 4449 emittendi
2795 4397 2944 4467 147
2974 4398 3162 4453 fetoris
3203 4401 3502 4455 membrum
3533 4404 3796 4458 cernitur:

2227 4489 2283 4536 et
2312 4490 2525 4549 tamen,
2562 4486 2687 4554 quia
2729 4486 3049 4554 similitudo,
3097 4505 3204 4543 non
3233 4493 3434 4547 veritas
3479 4501 3593 4559 est,
3641 4493 3800 4547 letore

2221 4571 2329 4639 jam
2357 4573 2504 4628 nullo
2532 4577 2852 4633 maculatur.
2898 4578 2965 4633 Et
2988 4581 3114 4650 quia
3153 4581 3219 4636 de
3246 4597 3381 4638 auro
3421 4583 3675 4649 efﬁcitur,
3707 4585 3798 4638 boc

2225 4665 2468 4733 profecto
2497 4667 2736 4725 insinuat
2768 4688 2781 4723 :
2815 4671 2939 4740 quia
2981 4688 3047 4727 ex
3077 4673 3364 4743 splendore
3404 4676 3798 4744 pulchritudinis

2182 4796 2187 4799 .
2224 4755 2434 4824 species
2460 4768 2824 4815 commutatur
2846 4762 3223 4820 delormitatis.
3241 4764 3501 4821 Peccator
3520 4783 3650 4837 ergo
3680 4784 3775 4823 con

2225 4860 2415 4901 versus
2454 4848 2543 4901 ani
2581 4849 2981 4906 similitudinem
3014 4852 3168 4920 facit,
3218 4870 3340 4908 cum
3369 4856 3563 4924 quibus
3604 4856 3796 4927 percati

2225 4931 2486 4988 letoribus
2532 4937 2770 4992 membra
2817 4955 2912 4994 sua
2960 4940 3319 5010 deposuerat,
3370 4947 3436 4997 ad
3490 4946 3794 4999 memoriam

2225 5018 2390 5074 ducit.
2423 5023 2524 5077 Ani
2563 5040 2695 5095 ergo
2733 5028 3137 5086 similitudinem
3178 5032 3473 5101 fabricare,
3520 5044 3601 5089 est
3632 5051 3789 5090 tuem-

2226 5110 2443 5165 brorum
2467 5129 2684 5169 suorum
2712 5133 2883 5186 nuper
2906 5122 3240 5189 peccantium
3273 5125 3660 5193 turpitudinem
3692 5143 3789 5198 po:-

2228 5203 2419 5258 nitenti
2462 5204 2628 5259 corde
2671 5208 2931 5263 recolere.
2962 5209 3081 5264 Non
3128 5212 3308 5281 itaque
3348 5229 3542 5279 anum,
3594 5225 3688 5270 sed
3719 5218 3793 5268 ani

2225 5293 2627 5349 similitudinem
2675 5296 2929 5365 lubricat,
2979 5302 3069 5368 qui
3112 5310 3167 5355 et
3215 5318 3246 5355 a
3293 5305 3500 5371 peccati
3548 5307 3793 5361 fetoribts

2226 5381 2465 5433 membra
2496 5382 2697 5447 abluit,
2729 5392 2787 5438 et
2816 5387 3006 5441 eadem
3038 5391 3307 5456 membra,
3341 5393 3538 5460 quibus
3567 5395 3793 5463 peccatis

2224 5467 2551 5535 subdiderit,
2582 5472 2820 5527 recolere
2845 5491 2953 5528 non
2985 5478 3201 5531 omittit.
3228 5477 3295 5531 Et
3320 5480 3537 5547 quidem
3569 5498 3640 5536 ex
3666 5497 3792 5536 auro

2230 5557 2339 5609 ﬁeri
2370 5557 2456 5610 ani
2479 5558 2771 5615 similitudo
2793 5564 3049 5629 cernitur,
3077 5566 3202 5633 quia
3231 5568 3297 5620 ad
3323 5574 3555 5636 pretium
3586 5581 3791 5625 retentat

2225 5647 2411 5704 salutis
2438 5657 2777 5718 peccatorum
2810 5654 3166 5725 turpitudines
3194 5666 3519 5715 atteruntur.
3544 5660 3641 5717 Vel
3688 5661 3787 5718 for-
