3962 6270
174 257 279 311 185
997 259 1062 316 IN
1099 260 1364 317 PRIMUM
1403 263 1639 320 REGUM
1681 266 2188 325 EXI’OSITIONES.
2212 301 2283 312 —
2322 272 2451 329 LIB.
2494 276 2582 332 III.
3332 284 3436 343 186

174 383 318 427 ta~se
347 370 702 425 memorando
729 370 1104 430 similitudines
1130 389 1355 429 auorum
1387 373 1550 442 ﬁunt,
1579 377 1755 432 ﬁendo
1785 384 1828 439 Α
1860 394 2106 448 supernae
2131 387 2551 440 conversationis
2581 386 2840 456 fulgorem
2863 389 3111 454 radiant;
3141 403 3195 446 et
3223 394 3320 462 ipsi
3346 400 3436 464 qui

172 465 504 516 deaurantur
526 478 540 513 :
566 462 696 528 quia
737 469 792 516 et
820 463 1128 529 recolendo.
1175 480 1295 534 quas
1325 466 1575 533 fecimus,
1606 467 1758 536 ﬁngi-
1852 467 1964 536 jam
1995 470 2089 524 Dei
2119 473 2500 542 omnipotentis
2526 476 2725 529 auxilio
2756 476 2917 530 fortia
2946 477 3174 544 agimus,
3205 462 3435 536 immun-

169 565 324 605 mus:
354 558 410 604 et
440 549 566 603 dum
590 549 878 604 commissa
903 551 1158 606 attentius
1187 553 1444 621 lugemus,
1471 554 1520 608 in
1541 554 1759 621 justitia:
1854 558 2044 612 dorum
2074 561 2355 628 spirituum
2383 572 2682 631 prostratos
2709 564 2871 621 fuisse
2899 565 3171 621 fraudibus
3203 583 3434 624 nosmet-

169 642 516 710 splendorem
546 641 789 694 membra
819 641 1155 696 deauramus.
1190 643 1425 698 Anorum
1454 659 1583 713 ergo
1605 646 1755 699 simi-

171 731 374 793 limdo,
405 745 510 783 non
542 729 744 784 veritas
761 732 1032 795 'cernitur,
1058 731 1185 799 quia
1217 740 1343 786 tunc
1370 742 1620 801 peccator
1645 748 1754 787 suae

170 819 529 874 deformitatis
560 818 908 887 ignominiam
945 820 1204 888 respicit,
1245 836 1364 875 cum
1401 836 1562 890 prava
1590 837 1754 890 opera

169 923 276 962 non
307 908 480 961 solum
511 906 900 962 committenth
929 922 1036 962 non
1080 920 1320 974 exercet,
1364 909 1457 964 sed
1499 911 1660 964 etiam
1700 911 1752 966 in

169 998 448 1066 prarterito
484 1012 544 1051 se
571 998 907 1052 commisisse
935 998 1283 1054 vehementer
1305 1001 1471 1055 dolet.
1505 1000 1754 1070 Quinque

169 1093 350 1139 autem
394 1085 484 1139 ani
537 1086 652 1139 tit-ri
691 1085 968 1153 iubentur,
1009 1086 1137 1155 quia
1168 1088 1483 1143 universalis
1513 1090 1751 1143 omnium

167 1175 462 1229 Gentilium
490 1176 787 1230 satisfactio
822 1175 1136 1245 imperatur.
1165 1175 1316 1232 Unde
1343 1187 1398 1232 et
1419 1187 1574 1232 caute
1601 1189 1753 1233 nota-

167 1275 281 1319 tum
321 1273 406 1320 est
432 1282 447 1318 :
475 1263 643 1318 Juxta
685 1281 949 1318 numerum
988 1267 1368 1333 prouinciarum
1411 1266 1749 1324 Phili-.tltiim.

167 1360 350 1421 Quare
377 1355 522 1409 enim
549 1355 787 1424 quinque
823 1363 948 1408 sunt
977 1354 1415 1410 Philisthinorum
1447 1358 1748 1426 provinciae,

165 1446 266 1498 nisi
296 1445 426 1513 quia
475 1444 708 1499 carnalis
747 1443 857 1497 vita
900 1441 1191 1497 Gentilium
1223 1443 1572 1513 designatur?
1615 1445 1750 1512 Quia

167 1535 308 1588 enim
339 1535 576 1604 quinque
603 1548 796 1588 sensus
832 1533 1072 1603 corporis
1100 1549 1208 1589 non
1244 1535 1311 1588 ad
1351 1535 1562 1590 laudem
1590 1536 1750 1591 Crea-

167 1626 319 1687 toris,
349 1627 444 1680 sed
465 1624 535 1678 ad
564 1625 837 1679 carnalem
857 1625 1022 1678 vitam
1045 1625 1288 1691 contulit,
1314 1641 1412 1695 per
1438 1627 1745 1695 quinarium

1856 646 2000 716 ipsos
2028 649 2290 716 videmus.
2314 651 2470 718 Quod
2504 655 2745 722 profecto
2772 657 3075 719 consilium,
3107 659 3230 726 quia
3263 663 3429 727 p'uri-

1855 738 1952 793 bus
1983 741 2250 804 tribuunt,
2299 744 2539 812 ejusdem
2569 762 2786 818 quoque
2813 751 3076 803 rationem
3110 753 3433 821 ostendunt,

1852 829 1976 896 quia
2009 828 2237 884 dicunt:
2272 830 2404 894 Quia
2450 835 2606 904 plaga
2648 853 2752 889 una
2795 840 2894 907 fuit
2937 838 3076 892 vobis
3122 849 3168 892 et
3210 844 3435 911 satrapis

1849 922 2050 974 vestris.
2096 921 2261 987 Quasi
2299 931 2485 992 aperte
2527 925 2709 980 dicant
2751 945 2765 979 :
2809 927 2944 993 Quia
2991 945 3178 984 omnes
3212 940 3434 998 peccato

1851 1010 2046 1064 subditi
2085 1010 2280 1078 fuistis,
2328 1028 2548 1070 necesse
2575 1026 2654 1071 est
2693 1025 2751 1070 ut
2784 1019 2850 1072 ad
2881 1020 3118 1075 melioris
3170 1022 3291 1074 vitae
3320 1031 3434 1076 stu-

1851 1097 1994 1150 dium
2017 1099 2181 1153 corda
2204 1102 2406 1169 pariter
2429 1105 2759 1172 praeparetis.
2790 1105 2942 1161 Unde
2966 1117 3018 1160 et
3044 1107 3238 1162 Paulus
3265 1110 3392 1164 dicit
3416 1127 3431 1162 :

1853 1184 2044 1241 Omnes
2089 1201 2442 1258 peccaverunt,
2491 1201 2542 1246 et
2585 1203 2733 1263 egent
2779 1196 2950 1266 gloria
3008 1196 3122 1267 Dei,
3157 1199 3434 1269 jiistiﬁcati

1850 1279 2014 1347 gratis
2038 1295 2129 1348 per
2154 1281 2376 1351 gratiam
2404 1282 2563 1351 ipsius
2592 1283 2767 1354 (Rom.
2793 1303 2868 1350 Ill,
2891 1287 3007 1355 23).

1933 1365 1986 1420 7.
2019 1365 2088 1421 Et
2129 1377 2190 1422 ut
2234 1372 2490 1426 attentius
2538 1373 2887 1429 melioranda:
2932 1377 3054 1430 vitae
3098 1379 3431 1448 propositum

1850 1456 2246 1524 commendent,
2270 1459 2585 1517 inculcando
2613 1472 2880 1532 repetunt,
2903 1466 3140 1521 dicentes
3165 1487 3178 1521 :
3205 1468 3432 1524 Facietis

1848 1543 2206 1600 similitudines
2235 1564 2453 1602 auorum
2482 1560 2783 1620 vestrorum,
2807 1565 2856 1607 et
2875 1558 3116 1621 murium,
3141 1560 3224 1628 qui
3250 1559 3430 1614 demo-

1850 1634 1926 1688 liti
1949 1645 2067 1688 sunt
2096 1647 2307 1702 terram,
2333 1648 2382 1693 et
2410 1641 2600 1694 dabitis
2627 1642 2736 1697 Deo
2761 1644 2930 1699 Israel
2960 1648 3198 1716 gloriam,
3227 1654 3272 1704 si
3296 1653 3430 1721 forte

166 1729 450 1768 numerum
498 1712 938 1768 Philisthinorum
1003 1715 1296 1783 provincia:
1348 1717 1741 1785 exprimuntur.
1780 1734 1819 1791 Β
1848 1725 2030 1778 relevet
2059 1743 2269 1780 manum
2305 1746 2450 1782 suam
2474 1747 2505 1783 a
2534 1730 2691 1796 vobis,
2722 1749 2753 1784 a
2781 1735 2880 1786 diis
2910 1712 3108 1801 vestris,
3152 1750 3201 1791 et
3230 1755 3262 1791 a
3294 1712 3430 1794 lerra

165 1803 416 1870 Quinque
445 1816 578 1856 auos
607 1816 798 1856 aureos
828 1803 1212 1872 praecipiuntur
1240 1814 1298 1858 ut
1326 1804 1543 1869 faciant,
1590 1815 1650 1858 ut
1678 1808 1746 1861 de

164 1891 414 1945 omnibus
461 1899 890 1959 compungantur
933 1891 1178 1947 sensibus
1219 1900 1321 1947 :et
1381 1894 1506 1963 quia
1556 1909 1744 1948 omnes

164 1991 207 2045 p-
228 1986 544 2041 ccaverunt,
578 1977 698 2032 ideo
726 1976 795 2030 ad
822 1992 1068 2047 supernae
1097 1979 1220 2032 vita:
1249 1979 1550 2034 claritatem
1575 1997 1744 2037 mem.

164 2070 253 2123 bra
283 2069 467 2122 omnia
511 2068 790 2136 redigant,
829 2084 948 2138 quae
1000 2084 1096 2139 per
1137 2071 1535 2125 oblectamenta
1566 2074 1744 2127 carnis

164 2158 474 2212 omnimoda
521 2157 832 2226 polluerunt
870 2157 1032 2212 sorde
1059 2158 1261 2226 flagitii.
1294 2160 1353 2213 lu
1382 2176 1515 2216 auro
1545 2163 1742 2232 quippe

161 2263 404 2316 superna:
433 2247 861 2302 conversationis
889 2246 1066 2316 fulgor
1103 2247 1430 2316 ostenditur,
1473 2252 1600 2319 quia
1647 2268 1745 2320 per

161 2335 420 2390 Joannem
437 2335 504 2390 de
530 2350 764 2405 superna
783 2336 1001 2391 civitate
1019 2335 1214 2391 dicitur
1231 2354 1244 2389 :
1264 2335 1390 2408 Ipsa
1417 2355 1532 2393 vero
1561 2341 1741 2394 civitas

163 2439 343 2476 mrum
369 2440 642 2491 murteum,
681 2423 867 2477 similis
894 2425 1024 2478 vitro
1044 2425 1236 2479 mundo
1278 2426 1460 2496 (Apoc.
1479 2443 1601 2492 XXI,
1629 2429 1737 2500 18).

164 2514 399 2567 IIembra
449 2514 610 2582 igitur
648 2515 994 2579 deaurantur,
1042 2529 1165 2569 cum
1205 2530 1402 2585 corpus
1439 2525 1653 2572 terrena
1687 2527 1742 2572 ct

164 2619 180 2655 (
195 2619 378 2659 ctuosa
391 2605 947 2673 concupiscentiarum
960 2604 1202 2660 fmditate
1214 2605 1476 2673 defurme,
1499 2609 1550 2661 in
1569 2609 1744 2677 splen-

164 2696 347 2750 dorem
377 2703 741 2751 commutatur
766 2702 982 2750 :eterna:
1013 2697 1174 2751 vitae:
1208 2712 1330 2752 cum
1359 2698 1606 2753 videlicet
1643 2715 1739 2768 per

167 2794 360 2839 sancta:
394 2785 826 2840 conversationis
863 2787 1311 2855 pulchritudinem
1349 2789 1550 2856 radiat,
1596 2791 1739 2859 quod

168 2881 217 2932 in
245 2882 482 2948 appetitu
529 2879 811 2934 mundana:
845 2883 1217 2938 delectationis
1265 2896 1607 2952 peccatorum
1654 2886 1736 2939 fe-

169 2978 282 3023 tore
303 2970 577 3022 Sordebat.
597 2970 675 3022 Ad
697 2969 853 3023 istam
877 2965 1525 3041 namque'deaurationem
1549 2974 1736 3029 beatus

1845 1829 2033 1873 vestra.
2063 1820 2171 1885 Eis,
2193 1837 2312 1891 qua:
2341 1825 2606 1893 prmdictm
2635 1835 2780 1892 sunt,
2804 1829 3233 1885 similitudinibus
3254 1833 3425 1899 factis,

1845 1905 1956 1961 Deo
1995 1908 2216 1976 gloriam
2249 1910 2398 1976 dare,
2447 1921 2530 1966 est
2575 1913 2642 1968 de
2669 1915 2848 1968 studio
2877 1917 3002 1970 boni
3031 1920 3230 1987 operis,
3263 1930 3319 1976 et
3359 1923 3427 1976 de

1843 1999 2197 2054 aestimatione
2246 2002 2579 2070 humilitatis,
2623 2006 2675 2060 in
2722 2009 3013 2076 semetipso
3057 2011 3288 2065 inaniter
3316 2029 3423 2067 non

1843 2089 2090 2158 gloriari;
2121 2091 2217 2145 sed
2246 2092 2339 2147 Dei
2369 2095 2753 2164 omnipotentis
2783 2099 3028 2154 laudibus
3077 2117 3238 2156 omne
3280 2105 3424 2172 quod

1842 2179 2015 2246 agitur
2054 2180 2382 2251 impendere.
2434 2182 2500 2237 Et
2547 2187 2672 2254 quia
2719 2187 3028 2243 dicunt:Si
3061 2193 3194 2261 forte
3240 2195 3425 2247 relevet

1842 2286 2049 2324 manum
2076 2289 2223 2326 suam
2251 2291 2280 2326 a
2328 2275 2469 2328 vobis
2514 2275 2565 2345 (l
2602 2276 2732 2348 Reg.
2766 2295 2846 2345 v1,
2879 2279 2936 2350 5)
2964 2299 2977 2334 :
3009 2283 3136 2351 quid
3178 2284 3322 2337 aliud
3371 2285 3423 2339 in

1842 2357 1945 2412 hoc
1985 2361 2149 2415 verbo
2179 2361 2529 2418 dubitationis
2557 2367 2837 2435 accipitur,
2888 2371 2990 2424 nisi
3032 2372 3156 2438 quia
3197 2371 3424 2427 difﬁcilis

1845 2450 2149 2503 ostenditur
2176 2452 2542 2507 reconciliatio
2569 2454 3016 2512 criminosorum?
3059 2459 3210 2514 Unde
3244 2471 3299 2514 et
3326 2477 3424 2530 per

1838 2536 2028 2593 Jonam
2057 2541 2290 2595 dicitur:
2324 2541 2451 2605 Quis
2477 2545 2593 2610 scit,
2635 2546 2681 2600 si
2710 2557 3056 2618 convertatur,
3106 2559 3154 2604 et
3183 2553 3418 2622 ignoscat

1839 2629 1978 2685 Deus
2006 2633 2178 2698 (Iona:
2209 2651 2284 2698 m,
2312 2633 2404 2705 2)?
2431 2634 2564 2701 Quia
2594 2651 2745 2706 ergo,
2789 2639 2834 2694 si
2872 2640 3010 2696 forte
3061 2642 3265 2696 relevit
3304 2659 3423 2696 ma-

1840 2737 1986 2785 num,
2007 2721 2560 2790 dicitur,commoveri
2583 2727 2646 2780 ad
2671 2729 3000 2796 pmnitentize
3019 2731 3281 2802 lacrymas
3297 2749 3420 2787 cum

1839 2823 2032 2877 magna
2065 2811 2378 2867 fortitudine
2419 2813 2676 2869 debemus
2709 2834 2721 2868 :
2751 2818 2872 2884 quia
2903 2820 3002 2871 etsi
3045 2820 3095 2872 lii
3126 2821 3214 2888 qui
3248 2823 3420 2889 (tomi-

1849 2901 2067 2953 tentiam
2097 2910 2362 2956 austeram
2395 2903 2624 2972 laciunt,
2671 2907 2756 2960 vix
2787 2908 3029 2962 ﬁduciam
3059 2911 3242 2964 salutis
3271 2912 3422 2965 inve-

1842 2991 2026 3057 niunt,
2063 2993 2390 3059 negligentes
2419 2995 2550 3048 salvi
2599 2995 2712 3050 ﬁeri
2755 3000 2968 3066 quando
3000 3004 3256 3068 possunt?
3287 3001 3418 3066 Ome

168 3056 354 3111 Paulus
391 3057 677 3113 auditores
728 3075 854 3114 suos
906 3062 1258 3130 admonebat,
1330 3064 1555 3119 dicens:
1589 3067 1735 3120 Sicut

1842 3096 1887 3149 pi
1905 3083 2082 3135 ol'ccto
2107 3083 2564 3139 reconciliationis
2584 3086 2868 3140 diflicultas
2897 3089 2941 3142 si
2969 3089 3021 3141 in
3046 3091 3418 3158 pmnitentium

166 3147 466 3200 exhibuistis
494 3148 721 3202 membra
751 3159 918 3203 restra
948 3155 1136 3206 servire
1172 3155 1531 3221 immunditiis,
1561 3166 1609 3209 et
1638 3158 1740 3210 ini-

165 3238 341 3305 quitati
385 3237 457 3290 ad
497 3239 846 3310 iniquitatem,
887 3242 962 3294 ita
989 3244 1272 3298 exhibeatis
1310 3247 1534 3300 membia
1573 3260 1739 3302 vestra

163 3333 347 3384 seri-ire
382 3332 606 3401 justiiite
637 3335 690 3386 in
719 3336 1182 3403 sanctiﬁcationem
1225 3339 1400 3408 (Rom.
1425 3356 1498 3405 vt,
1532 3341 1639 3410 l9).
1672 3342 1738 3394 Et

164 3419 309 3487 quasi
349 3422 417 3472 ad
461 3434 689 3474 auorum
737 3422 1108 3479 similitudines
1138 3440 1233 3480 eos
1271 3427 1541 3496 respicere
1589 3445 1740 3484 com-

164 3511 381 3578 pellens,
411 3511 618 3579 intulit,
639 3514 822 3568 dicens
847 3531 858 3566 :
893 3512 1055 3576 Quem
1082 3532 1202 3586 ergo
1228 3520 1449 3587 fructum
1490 3520 1738 3574 habuistis

165 3605 217 3657 in
246 3606 364 3671 illis,
385 3609 441 3658 in
469 3605 655 3677 quibus
684 3622 817 3658 nunc
845 3606 1176 3661 erubescitis?
1214 3607 1354 3662 Nunt
1383 3612 1505 3678 ﬁnis
1532 3612 1738 3666 illorum

166 3711 320 3748 mors.
352 3695 591 3750 Ariorum
623 3710 751 3765 ergo
779 3696 1148 3753 similitudines
1177 3700 1245 3753 ad
1276 3703 1526 3754 ruborem
1557 3703 1688 3756 ﬁunt
1721 3722 1733 3756 :

165 3784 284 3852 quia
311 3783 552 3853 profecto
582 3784 835 3839 foeditatis
858 3795 1053 3839 nostra:
1074 3789 1311 3842 maculas
1333 3791 1400 3843 ad
1422 3795 1734 3846 memoriam

165 3873 434 3941 ducimus,
483 3883 545 3928 ut
583 3877 653 3929 de
693 3877 894 3930 eisdem
940 3879 1160 3933 maculis
1185 3881 1596 3936 confundamur.
1629 3884 1735 3939 Sed

163 3967 485 4021 deaurantur
512 3967 579 4020 ad
609 3969 951 4022 securitatem
984 3987 996 4022 :
1030 3972 1152 4040 quia
1194 3973 1434 4041 profecto
1471 3975 1597 4029 dum
1636 3977 1734 4031 de—

163 4059 481 4115 formitatem
523 4067 763 4114 nostram
794 4076 1038 4130 superna:
1079 4064 1198 4118 vitae
1238 4065 1482 4121 claritate
1511 4069 1735 4123 Obdllt'l-

163 4166 297 4214 mus,
315 4153 475 4205 divini
497 4151 763 4207 examinis
785 4154 1169 4210 discussionem
1190 4157 1418 4226 quadam
1448 4160 1734 4215 securitate

161 4239 552 4308 prmstolamur.

231 4326 284 4380 6.
315 4326 492 4384 Mures
511 4330 699 4395 etiam,
726 4328 815 4398 qui
844 4337 1042 4385 terram
1071 4333 1308 4387 demoliti
1332 4344 1474 4401 sunt,
1505 4338 1572 4391 de
1600 4352 1733 4392 auro

1840 3174 2196 3228 mstimatione
2226 3183 2454 3240 tenetur,
2496 3178 2636 3245 apud
2678 3178 3098 3249 omnipotentem
3131 3181 3296 3235 Deum
3327 3197 3419 3236 ne-

1841 3281 2106 3334 quaquam
2147 3266 2415 3321 invenitur
2443 3285 2456 3320 :
2485 3269 2609 3337 quia
2633 3278 2687 3323 et
2714 3271 2838 3324 dum
2878 3271 3118 3326 Ninivitm
3149 3274 3296 3327 velut
3319 3291 3416 3343 pro

1838 3357 2037 3412 difﬁcili
2067 3359 2502 3414 reconciliatione
2528 3361 2674 3428 gravi
2704 3363 3014 3430 pmnitent’a
3041 3377 3101 3418 se
3129 3364 3407 3432 dcjiciunt,

1839 3447 2220 3516 omnipotentis
2242 3447 2332 3501 Dei
2363 3448 2780 3504 misericordiam
2804 3450 2957 3506 facile
2985 3463 3318 3507 meruerunt.
3349 3453 3418 3508 Et

1839 3555 1959 3594 cum
1990 3540 2266 3608 praphetze
2295 3539 2460 3595 Joelis
2489 3556 2622 3596 voce
2666 3543 2776 3597 acri
2822 3558 2881 3598 se
2926 3543 3036 3599 Deo
3078 3547 3304 3614 populus
3341 3546 3415 3599 la-

1838 3638 2020 3686 mento
2049 3638 2375 3694 prostrarct,
2414 3632 2522 3699 egit
2547 3631 2812 3700 profecto,
2845 3641 2903 3687 ut
2931 3635 3022 3701 qui
3045 3635 3325 3688 videbatur
3350 3635 3415 3688 ad

1838 3722 2154 3792 placandum
2181 3721 2428 3788 difﬁcilis,
2460 3722 2574 3789 ejus
2605 3723 2736 3777 iram
2771 3725 3042 3792 levigaret.
3075 3725 3204 3779 Nam
3237 3727 3415 3779 statim

1837 3813 1890 3864 in
1923 3825 1988 3865 eo
2013 3811 2272 3879 scriptum
2300 3819 2410 3863 est:
2431 3809 2642 3862 Zelatus
2666 3821 2740 3863 est
2762 3809 3014 3864 Dominus
3040 3820 3226 3864 terram
3245 3828 3416 3885 suam,

1836 3908 1884 3954 et
1915 3902 2138 3971 pepercit
2167 3901 2354 3969 populo
2381 3916 2474 3954 suo
2497 3897 2634 3970 (Joel
2664 3916 2723 3967 ιι,
2760 3900 2867 3969 18).
2898 3900 3084 3955 Manus
3115 3902 3294 3970 itaque
3325 3916 3414 3954 re-

1841 3992 2065 4052 levatur,
2098 4005 2219 4044 cum
2257 4005 2408 4044 mens
2438 3991 2492 4043 in
2537 3991 2852 4059 pmnitentia
2895 3992 3068 4046 valide
3097 4000 3414 4061 compuncta

1836 4081 1902 4134 ad
1919 4088 2224 4134 consecuta:
2244 4079 2620 4134 misericordiae
2642 4081 2862 4146 donum,
2895 4081 3073 4135 divina
3091 4083 3412 4152 aspiratione

1835 4170 2152 4225 sustollitur.
2185 4168 2250 4222 Et
2290 4171 2443 4238 quia,
2473 4175 2533 4223 ut
2557 4170 2701 4238 dixi,
2751 4170 2805 4224 in
2834 4170 2986 4225 initio
3015 4171 3286 4226 nascentis
3314 4171 3411 4226 Ec-

1835 4262 2030 4326 clesiae,
2073 4261 2212 4315 sicut
2240 4260 2504 4329 generalis
2532 4269 2873 4330 peccatorum
2903 4264 3210 4331 conversio,
3259 4265 3330 4318 ita
3357 4271 3414 4319 et

1837 4351 2102 4419 generalis
2123 4358 2239 4404 erat
2261 4351 2628 4406 reconciliatio
2645 4367 3027 4407 conversorum
3052 4370 3064 4406 :
3086 4369 3275 4408 manus
3296 4354 3414 4423 Dci,

161 4418 271 4471 ﬁeri
305 4417 601 4487 iubentur:
633 4421 757 4490 quia
783 4429 838 4476 et
868 4423 1126 4478 immundi
1166 4426 1407 4494 spiritus,
1455 4429 1547 4498 qui
1582 4433 1729 4485 ca'ni

1842 4417 1956 4508 quae
1986 4440 2277 4495 relevanda
2305 4441 2582 4505 asseritur,
2614 4449 2668 4496 et
2695 4441 2762 4497 ab
2791 4441 3142 4507 auditoribus,
3171 4453 3226 4497 et
3254 4458 3284 4497 a
3313 4445 3414 4498 diis

163 4519 351 4564 nostra:
371 4511 732 4580 corruptionis
752 4513 1141 4569 oblectamenta
1165 4528 1476 4587 suggerunt,
1489 4521 1553 4575 ad
1573 4520 1730 4589 justi-

165 4598 454 4654 tirationem
486 4611 726 4657 nostram
757 4613 1142 4661 memorantur.
1189 4609 1325 4673 Quid
1364 4619 1447 4664 est
1488 4613 1628 4665 enim
1657 4614 1732 4667 si-

162 4687 477 4743 militudines
502 4691 734 4746 murium
785 4691 984 4761 facere,
1033 4695 1133 4750 nisi
1173 4711 1266 4751 eas
1310 4714 1442 4765 quas
1479 4701 1545 4754 de
1576 4704 1728 4758 nobis

163 4778 372 4846 maligni
400 4781 620 4850 spiritus
651 4782 950 4838 habuerunt
968 4786 1242 4853 victorias,
1271 4793 1596 4846 memorari?
1623 4793 1729 4849 Sed

162 4865 387 4919 murium
431 4881 651 4937 quoque
695 4870 1066 4928 similitudines
1093 4875 1438 4944 deaurai-tur,
1469 4895 1590 4933 cum
1633 4897 1729 4937 nos

161 4969 343 5008 eorum
355 4956 511 5011 elisos
523 4959 726 5015 v'ribus
736 4962 1083 5032 suspiramus.
1097 4965 1226 5021 Nam
1239 4967 1363 5022 dum
1378 4970 1613 5039 ipsorum
1631 4989 1729 5029 nos

159 5045 427 5103 fraudibus
453 5049 630 5104 victos
657 5051 983 5122 plangimus,
1018 5057 1175 5128 148
1205 5059 1577 5117 similitudines
1600 5079 1730 5132 pro-

157 5135 299 5192 fecto
320 5141 547 5194 murium
571 5155 761 5196 aureas
785 5151 1048 5211 tenemus,
1073 5146 1198 5200 dum
1218 5151 1482 5217 praeterita
1505 5155 1728 5210 consilia

159 5225 454 5282 demonum
479 5245 589 5283 non
614 5231 934 5289 habemusin
958 5235 1319 5294 blandimento
1341 5242 1536 5310 operis,
1561 5245 1652 5299 sed
1676 5247 1729 5301 in

157 5324 466 5386 contemptu
484 5321 894 5389 reprobationis.
910 5324 984 5378 Ex
1007 5341 1139 5381 auro
1159 5328 1340 5398 itaque
1360 5331 1730 5392 similitudines

157 5404 386 5458 murium
416 5405 552 5462 ﬁunt
573 5449 589 5473 ,
623 5411 746 5478 quia
778 5415 1059 5482 prmterita:
1089 5417 1302 5474 fraudes
1333 5419 1632 5477 darmonum
1663 5428 1729 5481 ad

163 5490 419 5558 fulgorem
459 5496 618 5552 nobis
662 5497 809 5554 bona:
849 5503 972 5556 vita:
1021 5504 1327 5572 proﬁciunt.
1375 5507 1550 5563 Tanto
1588 5513 1728 5568 enim

160 5577 468 5641 humiliores
490 5582 608 5652 jam
641 5600 834 5658 sumus,
881 5600 1082 5661 quanto
1131 5595 1366 5651 membra
1407 5607 1587 5654 nostra
1634 5616 1730 5671 per

1835 4544 2057 4594 eorum,
2102 4537 2157 4583 et
2200 4544 2230 4582 a
2273 4538 2414 4584 terra
2464 4529 2748 4583 relevanda
2793 4531 3119 4598 perhibetur.
3156 4530 3255 4584 Per
3282 4531 3413 4587 deos

1835 4632 2067 4686 namque
2088 4617 2341 4672 sublimes
2355 4625 2409 4670 et
2424 4618 2693 4686 sapientes
2709 4619 2808 4672 viri
2823 4619 3184 4687 designantur.
3202 4619 3333 4672 Nam
3358 4628 3412 4676 et

1833 4706 1898 4759 ad
1919 4705 2136 4774 Moysen
2159 4704 2415 4760 Dominus
2439 4706 2597 4760 dicit:
2621 4705 2774 4759 Ροεηὶ
2798 4715 2844 4760 te
2863 4709 2916 4760 in
2937 4707 3088 4760 deum
3112 4706 3412 4763 Pharaonis

1836 4793 2029 4864 (Exod.
2051 4809 2140 4858 vn,
2170 4793 2244 4861 l).
2263 4792 2326 4848 Et
2348 4796 2398 4848 in
2427 4794 2578 4862 Legis
2597 4796 2760 4850 etiam
2782 4797 3034 4852 mandato
3063 4798 3368 4867 praecipitur
3394 4817 3408 4853 :

1835 4884 1953 4938 Diis
1983 4901 2084 4938 non
2113 4884 2349 4938 detrahas
2381 4883 2577 4954 (Exod.
2604 4901 2734 4948 xxu,
2762 4885 2874 4956 28).
2907 4887 3007 4943 Per
3031 4897 3228 4942 terram
3257 4905 3408 4955 vero,

1830 4977 2153 5044 simplicium
2176 4978 2282 5030 vita
2304 4978 2654 5047 exprimitur:
2678 4978 2801 5046 quia
2821 4978 2946 5033 dum
2969 4981 3409 5049 przedicationem

1830 5068 2190 5136 superiorum,
2225 5068 2373 5122 velut
2409 5069 2528 5124 coeli
2558 5069 2794 5138 pluviam
2825 5070 2877 5124 in
2905 5087 2964 5126 se
2991 5073 3288 5138 cadent-im,
3324 5089 3410 5128 re-

1831 5159 2055 5226 cipiunt,
2081 5157 2147 5212 de
2175 5158 2483 5227 irrigatione
2511 5159 2659 5213 verbi
2688 5159 2918 5214 fructum
2948 5162 3228 5230 proferunt
3255 5165 3409 5219 bonae

1832 5248 2182 5315 operationis.
2214 5247 2257 5300 A
2303 5248 2404 5302 diis
2445 5262 2598 5318 ergo,
2628 5258 2684 5304 et
2719 5265 2749 5303 a
2780 5259 2922 5306 terra
2964 5268 3154 5309 manus
3203 5255 3408 5314 Domini

1837 5335 2126 5400 relevetur,
2169 5351 2292 5390 cum
2346 5345 2453 5390 tam
2485 5339 2784 5406 sapientes,
2834 5356 2993 5410 quant
3037 5342 3305 5411 simplices
3343 5345 3408 5403 ad

1838 5426 2216 5481 certitudinem
2245 5427 2438 5482 divinae
2466 5429 2805 5498 indulgentia:
2832 5440 2926 5487 aut
2953 5435 3166 5489 occulto
3205 5444 3258 5489 ct
3302 5439 3400 5506 spi-

1835 5515 1976 5570 ritali
2005 5515 2227 5582 solatio,
2260 5524 2352 5569 aut
2379 5517 2788 5586 praedicatorum
2812 5519 3015 5588 judicio
3060 5524 3407 5580 reducuntur.

1842 5603 1990 5660 Unde
2017 5611 2069 5661 et
2091 5604 2153 5670 is,
2177 5605 2267 5675 qui
2295 5607 2454 5676 paulo
2483 5609 2730 5676 superius
2754 5609 3000 5667 deaurari
3028 5614 3266 5670 membra
3293 5631 3403 5672 mo-
