3962 6278
560 219 658 272 f8?

1754 209 1993 269 SANCTI
2034 208 2354 265 CREGORII
2397 212 2606 270 MAGNI

3693 230 3781 282 ης

560 331 960 398 nuerat,dicens
977 348 989 384 :
1007 327 1256 384 Exhibete
1277 325 1502 381 membra
1523 335 1687 379 vestra
1707 327 1895 379 servire
1908 325 2127 394 justitia:
2155 326 2202 382 Α
2228 324 2384 379 simul
2413 337 2598 384 sancta
2627 330 2885 401 Ecclesia,
2915 343 3010 390 aut
3037 350 3368 406 unaquzequo
3389 338 3644 406 cujusque
3671 340 3784 391 mc-

560 427 615 477 in
634 421 1096 490 sanctiﬁcationem
1127 418 1300 487 (Rom.
1328 434 1398 480 vr,
1428 416 1536 484 l9),
1566 416 1714 484 quasi
1746 415 1993 468 relevata:
2017 429 2128 467 ma-

554 529 655 568 nus
681 513 837 583 1&9
857 512 1059 564 Domini
1078 510 1334 577 judicium
1359 507 1739 576 proferens,ait
1759 525 1770 557 :
1792 504 1943 558 Nunc
1959 513 2127 557 autem

555 608 756 663 liberati
781 625 811 659 a
839 616 1062 675 peccato,
1095 606 1223 658 servi
1253 613 1420 655 autem
1460 603 1583 672 facti
1618 600 1746 663 Deo,
1775 600 1972 652 habetis
2014 600 2127 669 {ru-

551 704 690 749 ctum
729 703 949 748 vestrum
994 696 1048 746 in
1101 692 1586 759 sanctiﬁcationem,
1629 691 1786 760 ﬁnem
1818 705 1934 740 vero
1975 689 2127 740 vitans

555 797 802 843 atcrnam
842 784 1030 854 (Ibid.,
1060 783 1171 851 22).
1224 780 1359 834 Hinc
1407 782 1598 834 iterum
1647 779 1919 833 conversis
1960 792 1991 830 a
2030 793 2127 829 tte-

551 878 756 946 quioris
778 877 897 929 vita:
926 873 1285 936 deformitate,
1314 871 1576 937 integrum
1606 869 1718 922 auri
1750 868 2004 933 fulgorem
2029 865 2125 917 mi-

551 969 799 1030 rabatur,
851 967 1076 1020 dicens:
1112 963 1310 1016 Fuistis
1361 960 1640 1031 aliquando
1686 957 1936 1021 tenebrae,
1991 972 2126 1008 nunc

549 1072 720 1116 autem
752 1062 840 1115 tua:
880 1060 934 1111 in
977 1056 1200 1110 Domino
1231 1053 1391 1124 (Eph.
1432 1068 1487 1116 ν,
1521 1051 1596 1120 8).
1631 1049 1764 1102 llinc
1812 1048 1951 1101 idem
1998 1060 2124 1098 suos

547 1150 877 1212 collaudans,
902 1148 975 1200 ait
1005 1165 1014 1197 :
1048 1145 1113 1199 In
1142 1145 1306 1197 medio
1335 1141 1556 1194 nationis
1578 1154 1748 1208 prava:
1775 1146 1822 1190 et
1853 1149 2127 1205 perversw,

546 1247 599 1298 in
630 1245 810 1313 quibus
841 1240 1038 1300 lucetis,
1069 1237 1215 1307 quasi
1254 1232 1530 1286 luminaria
1557 1231 1609 1283 in
1655 1228 1845 1281 mtmdo
1875 1223 2036 1295 (Phil.
2063 1239 2121 1288 lt,

545 1334 658 1404 15).
684 1334 861 1388 Factis
888 1332 1048 1397 igitur
1073 1344 1140 1383 ex
1182 1342 1315 1380 auro
1343 1321 1778 1380 similitudinibus
1805 1332 2027 1372 anorum
2069 1324 2124 1369 et

546 1427 798 1490 murium,
830 1432 884 1476 et
913 1422 1035 1474 data
1081 1420 1191 1473 Deo
1219 1417 1411 1488 gloria,
1454 1429 1641 1468 manus
1669 1410 1878 1466 Domini
1912 1409 2122 1464 releva-

547 1525 670 1570 tur:
699 1514 821 1581 quia
853 1518 973 1582 post
1000 1507 1328 1578 paenitentia;
1372 1505 1601 1566 luctum,
1650 1508 1771 1571 post
1797 1496 2122 1553 melioratio.

2232 415 2294 468 lis
2335 417 2511 472 anima
2560 419 2910 489 designatur?
2939 425 3105 494 Cujus
3134 427 3372 496 profecto
3424 428 3642 496 plaustri
3669 438 3783 483 rota:

2227 515 2352 562 sunt
2392 517 2678 580 utrumque
2705 513 3125 570 Testamentum.
3158 517 3289 571 Nam
3331 518 3454 574 dum
3491 527 3672 573 sancta
3699 518 3785 572 Ec-

2228 596 2414 661 clesia,
2445 599 2524 652 vel
2547 602 2718 654 electa
2744 603 2995 670 quaelibet
3021 620 3177 659 mens
3223 620 3318 673 per
3339 615 3494 660 vetns
3521 614 3577 659 et
3605 622 3780 660 novum

2228 686 2625 742 Testamentum
2658 690 2936 757 instructa,
2967 693 3032 744 ad
3064 700 3321 746 aeternam
3347 695 3509 746 vitam
3535 693 3777 757 innititur,

2225 778 2376 846 quasi
2397 779 2709 834 sublimibus
2736 781 2968 847 prmlatis
2995 783 3148 850 rotis,
3176 783 3241 836 ad
3270 783 3600 854 propesitum
3624 785 3783 839 locmn

2226 882 2321 936 per
2359 868 2523 921 altum
2554 866 2741 922 fertur.
2770 868 2875 923 Sed
2906 870 3200 938 plaustrum
3242 869 3354 925 fieri
3381 887 3580 926 novum
3609 874 3782 940 praeci-

2225 957 2389 1026 pitur,
2434 966 2490 1010 ut
2533 959 2801 1027 videlicet,
2841 960 2930 1030 qui
2959 960 3024 1014 ad
3053 973 3252 1014 aeterna
3279 962 3470 1030 gaudia
3517 963 3786 1030 pervenire

2223 1046 2515 1114 desiderat,
2564 1063 2659 1116 per
2690 1059 3012 1120 pnnceptum
3063 1050 3365 1106 dilectionis
3412 1051 3540 1104 novi
3571 1052 3786 1104 hominis

2222 1137 2509 1205 Splendore
2538 1139 2816 1192 vestiatur.
2846 1137 2961 1192 Hoc
2987 1140 3184 1208 quippe
3211 1140 3506 1208 plaustrum
3557 1140 3785 1196 innovari

2224 1228 2568 1297 przecipiebat
2593 1228 2868 1294 Dominus,
2899 1232 3060 1301 150
3075 1230 3291 1285 dicens:
3325 1230 3440 1284 Hoc
3467 1241 3544 1284 est
3573 1248 3789 1302 prtrt'cp-

2225 1330 2331 1371 tum
2359 1336 2543 1382 meum,
2575 1327 2631 1371 ut
2656 1320 2885 1390 diligatis
2907 1322 3142 1386 invicem,
3174 1323 3304 1375 sicut
3323 1323 3482 1376 dilexi
3506 1339 3594 1376 vos
3617 1321 3786 1391 (Joan.

2227 1424 2314 1471 xv,
2350 1407 2460 1476 12).
2501 1408 2636 1464 llinc
2680 1408 2874 1464 Paulus
2903 1411 3162 1480 prmcipit,
3209 1412 3427 1466 dicens:
3463 1412 3788 1466 Renovamini

2223 1498 2404 1566 spiritu
2432 1498 2614 1550 mentis
2655 1508 2862 1564 vestra,
2900 1508 2948 1558 et
2974 1499 3246 1553 induimini
3288 1515 3472 1554 novum
3516 1501 3789 1562 hominem,

544 1623 665 1661 nem
694 1605 848 1670 vitaz,
889 1610 944 1655 ct
969 1592 1339 1664 mstimationis
1384 1594 1766 1657 humilitatem,
1815 1590 1879 1644 ad
1909 1590 2121 1659 plenam
2223 1589 2306 1656 qui
2334 1587 2611 1640 secundum
2640 1587 2798 1642 Deum
2828 1599 3028 1642 erratas
3050 1597 3125 1643 est
3152 1591 3170 1658 (
3197 1588 3387 1659 Epltes.
3413 1605 3488 1656 ιν,
3508 1588 3633 1657 ‘25).
3665 1587 3791 1641 Hine

544 1694 930 1765 omnipotentis
957 1693 1049 1745 Dei
1067 1687 1489 1744 miSericordiam
1519 1691 1832 1754 peccatores
1856 1680 2120 1734 reducun-
2155 1671 2194 1728 Β
2228 1674 2495 1729 Romanos
2533 1676 2830 1744 alloquens,
2858 1677 2932 1730 ait
2963 1695 2976 1729 :
3013 1675 3133 1732 Non
3161 1679 3216 1730 in
3253 1675 3708 1732 contractionibus
3745 1685 3787 1728 et

544 1795 647 1842 tur.
679 1785 744 1838 Et
770 1785 894 1853 quia
940 1782 1039 1835 ista
1070 1779 1249 1833 omnia
1280 1776 1454 1830 adhuc
1499 1790 1593 1843 per
1617 1773 1898 1828 consilium
1928 1770 2120 1839 praeci-

543 1879 787 1947 piuntur;
837 1872 1247 1943 prmdicatorum
1292 1881 1421 1921 vero
1463 1864 1742 1920 consilium
1789 1863 1880 1915 alii
1925 1861 2120 1914 devote

541 1970 851 2042 perficiunt,
883 1965 973 2020 alii
1002 1979 1129 2017 vero
1157 1965 1528 2024 contenmunt,
1567 1956 1660 2026 qui
1703 1955 1771 2010 de
1815 1956 1970 2008 bona:
2001 1953 2120 2006 vita:

539 2063 826 2135 splendore
864 2060 1036 2114 bonos
1073 2055 1318 2110 laudibus
1345 2051 1601 2114 ederunt,
1643 2056 1830 2103 contra
1859 2043 2119 2112 superbos

538 2134 637 2226 per
665 2151 1019 2207 invectionetn
1049 2142 1432 2214 increpationis
1463 2139 1845 2195 accenduntur.
1876 2134 2004 2188 Nam
2033 2148 2119 2187 se-

544 2243 720 2312 quitur
743 2259 755 2294 :

610 2332 787 2400 (Vers.
842 2329 922 2400 6.)
966 2328 1139 2392 Quare
1187 2323 1483 2395 aggravatis
1529 2320 1689 2374 corda
1743 2327 1931 2381 vestra,
1986 2318 2120 2370 sicut

546 2419 825 2491 digyptus,
849 2427 898 2470 et
929 2417 1138 2468 Pharao
1161 2415 1185 2466 ?

611 2510 666 2563 8.
697 2508 805 2563 Cor
831 2519 1081 2573 namque,
1126 2511 1182 2557 ut
1209 2501 1471 2569 [Egyptus
1501 2508 1556 2554 et
1587 2498 1815 2560 Pharao,
1844 2503 2118 2564 aggravat,

545 2598 633 2668 qui
656 2598 764 2667 jam
793 2594 1099 2664 cognitione
1120 2593 1258 2645 sacri
1288 2591 1508 2657 eloquii,
1531 2589 1749 2641 vulnera
1775 2594 2114 2655 peccatorum

541 2704 759 2745 suorum
791 2685 1059 2753 intell'git,
1086 2691 1142 2736 et
1171 2691 1350 2736 tamen
1397 2697 1492 2750 per
1521 2680 1944 2734 meliorationem
1974 2677 2119 2742 vita),

541 2795 637 2848 per
664 2776 1073 2832 amaritudinem
1114 2774 1458 2843 pmniteutize,
1491 2770 1556 2826 ad
1605 2786 1727 2824 vera
1762 2769 1949 2822 futurae
1998 2769 2118 2821 sita:

536 2870 730 2940 gaudia
760 2871 993 2921 animum
1025 2880 1130 2922 non
1160 2862 1406 2920 intendit.
1439 2861 1583 2914 Bene
1611 2873 1737 2928 ergo
1759 2858 2025 2928 Egyptiis
2063 2858 2114 2911 in

534 2962 801 3028 gravitate
830 2958 1007 3013 cordis
1035 2955 1318 3010 similatur.
1352 2952 1618 3023 Egyptus
1655 2952 1853 3022 quippe
1883 2950 2114 3004 tenebrat

533 3053 748 3108 dicitur.
781 3050 918 3116 Quid
965 3061 1092 3116 ergo
1123 3045 1342 3116 {Egypti
1375 3046 1590 3106 nomine
1627 3044 1906 3112 accipitur,
1938 3042 2038 3096 nisi
2083 3059 2110 3094 ιι

530 3143 794 3199 cmlurum
850 3139 1067 3194 sedibus
1114 3137 1425 3204 angelorum
1471 3134 1620 3204 lapsa
1675 3133 2006 3187 multitudo?
2049 3133 2113 3186 Et

541 3231 664 3300 quid
694 3230 745 3282 in
779 3228 1055 3282 Pharaone
1082 3225 1300 3295 Aigypti
1333 3239 1476 3292 rege,
1509 3225 1609 3278 nisi
1632 3224 1745 3292 ipse
1775 3223 2110 3278 tenebrarum

541 3339 729 3386 auctor
755 3329 998 3382 diabolus
1017 3327 1328 3395 designatur
1349 3327 1372 3380 it
1389 3325 1532 3379 Bene
1547 3337 1675 3392 ergo
1696 3324 2116 3378 dissimulatores

541 3419 885 3490 pmnitentizn,
915 3416 1150 3487 Egypto
1179 3427 1234 3471 et
1263 3415 1527 3470 Pharaoni
1570 3415 1624 3469 in
1654 3414 1834 3469 cordis
1859 3429 2117 3483 aggrava-

540 3513 686 3565 tione
706 3510 1027 3565 similantur.
1057 3506 1287 3577 Reprohi
1318 3504 1514 3575 quippe
1559 3506 1731 3573 angeli
1754 3505 1919 3559 semel
1944 3520 1973 3557 a
2000 3519 2116 3559 cce-

538 3601 758 3657 lestibus
786 3600 943 3669 lapsi,
968 3599 1106 3654 sicut
1135 3612 1371 3656 amorem
1400 3597 1608 3650 amissae
1636 3595 1981 3650 beatitudinis
2009 3610 2113 3647 nrn

534 3691 824 3760 recipiunt,
868 3691 942 3743 ita
971 3697 1024 3742 et
1063 3687 1434 3757 paenitentiam
1483 3698 1644 3753 agere
1689 3683 1759 3740 de
1806 3691 2113 3753 perpetrata

535 3780 781 3850 superbia
824 3792 1094 3845 nunquam
1126 3784 1369 3845 possunt.
1405 3774 1537 3830 Dum
1567 3788 1695 3843 ergo
1724 3773 1893 3829 sancti
1923 3771 2116 3842 praedi-

533 3876 746 3924 catores
789 3875 978 3922 contra
1026 3865 1362 3936 impudentes
1409 3872 1722 3934 peccatores
1759 3878 1857 3931 per
1903 3871 2056 3917 acuta
2084 3878 2114 3912 ιι

535 3962 956 4031 increpationem
1003 3974 1061 4013 se
1102 3959 1399 4022 invehunt,
1441 3956 1661 4026 IEgypti
1707 3964 1762 4010 et
1819 3954 2116 4009 Pharaonis

531 4049 932 4104 similitudinem
963 4048 1031 4102 ad
1074 4048 1307 4102 medium
1353 4048 1597 4111 ducunt;
1629 4053 1691 4099 ut
1720 4043 1993 4098 auditores
2021 4058 2115 4096 en-

538 4155 654 4194 rum
679 4148 828 4191 tanto
853 4137 1060 4191 facilius
1085 4136 1148 4188 ad
1170 4132 1589 4192 satisfactionem
1611 4141 1892 4202 proruant,
1915 4139 2118 4200 quanto

537 4245 632 4298 per
653 4228 723 4291 id,
748 4227 890 4295 quod
915 4225 1286 4294 paenitentiam
1310 4224 1502 4277 nolunt
1524 4236 1703 4290 agere,
1736 4222 2000 4277 damnatis
2019 4237 2118 4274 an-

537 4320 668 4387 gelis
693 4333 752 4373 se
781 4333 897 4371 esse
921 4315 1124 4370 similes
1153 4330 1259 4369 non
1289 4314 1555 4380 ignorant.
1599 4310 1750 4366 Unde
1777 4320 1833 4366 et
1855 4313 2114 4364 instanter

539 4410 602 4461 ad
628 4408 860 4463 studium
890 4405 1210 4474 a-limplendi
1242 4403 1447 4459 consilii
1476 4417 1571 4458 eos
1590 4410 1806 4471 cogunt,
1837 4401 1962 4458 dum
1984 4403 2111 4456 sub-

539 4498 830 4553 inferentes
857 4497 1039 4549 dicunt
1067 4512 1080 4546 :

607 4587 783 4657 (Vers.
827 4586 965 4647 7:9.)
993 4586 1214 4652 Acc'pite
1241 4599 1382 4652 ergo,
1413 4592 1461 4636 et
1505 4585 1659 4655 facile
1706 4584 1987 4650 plaustrum
2017 4599 2114 4634 uo—

537 4696 652 4734 cum
681 4694 860 4740 unum,
888 4687 936 4729 et
977 4677 1106 4727 duas
1147 4690 1327 4727 vaccas
1357 4677 1508 4744 fetas,
1540 4674 1721 4744 quibus
1751 4690 1852 4725 non
1891 4681 1965 4725 est
2014 4674 2110 4724 itu-

532 4769 752 4839 positum
776 4767 981 4836 jugum,
1004 4765 1209 4834 jungite
1235 4764 1302 4816 ad
1331 4764 1633 4832 plaustrum,
1662 4773 1711 4816 et
1740 4763 1965 4816 claudite
1990 4763 2113 4815 vitu-

536 4862 614 4914 los
643 4873 819 4910 earum
859 4857 1027 4909 domi:
1060 4855 1342 4924 tulletisque
1371 4869 1547 4906 arcam
1579 4851 1805 4913 Domini,
1837 4860 1885 4903 et
1915 4851 2114 4919 ponetis

543 4963 649 4999 eam
673 4947 728 4998 in
759 4948 1064 5014 plaustrum,
1084 4954 1131 4998 et
1159 4961 1280 4998 vasa
1298 4960 1479 5006 aurea,
1501 4958 1614 5012 qua:
1639 4942 1926 4996 exsolt'istis
1951 4941 1998 4994 ei
2023 4956 2117 5008 pro

541 5038 739 5096 delicto,
789 5037 986 5104 ponetis
1017 5053 1066 5088 tn
1105 5035 1330 5105 capsella
1368 5033 1437 5085 ad
1465 5033 1601 5086 latus
1629 5030 1761 5101 ejus,
1789 5039 1839 5084 et
1877 5031 2119 5083 dimittite

540 5145 671 5191 sant,
704 5137 759 5180 ut
797 5129 967 5180 vadat.
1001 5125 1068 5178 Et
1107 5128 1408 5194 aspicietis:
1458 5135 1506 5179 et
1547 5125 1592 5178 si
1621 5124 1820 5192 quidem
1864 5123 2118 5191 perviam

538 5219 814 5281 conﬁnium
857 5233 1067 5270 suorum
1095 5217 1382 5270 ascenderit
1421 5225 1603 5267 contra
1645 5213 1965 5279 Bethsnmes,
2008 5214 2118 5276 ipse

540 5310 659 5378 fecit
683 5308 820 5362 vobis
849 5306 1044 5376 grande
1086 5307 1277 5358 malum
1308 5305 1420 5359 hoc.
1452 5304 1512 5358 Si
1539 5312 1707 5356 autem
1735 5303 1962 5366 minime,
1994 5303 2119 5354 scie-

541 5404 605 5452 tis
647 5401 766 5468 quia
808 5415 1123 5468 uequaquam
1157 5413 1337 5450 manus
1365 5395 1475 5463 ejus
1521 5395 1686 5464 tetigit
1728 5409 1839 5457 nos,
1872 5393 1959 5447 sed
1993 5408 2117 5444 casu

539 5491 746 5543 accidit.

613 5580 665 5631 υ.
698 5579 834 5643 Quid
880 5579 1021 5633 enim
1067 5576 1287 5646 plaustri
1322 5577 1558 5632 nomine.
1605 5571 1702 5625 nisi
1732 5578 1824 5624 aut
1869 5569 2115 5624 universa

2143 3013 2188 3074 C

2221 1763 2565 1829 ebrietatibus,
2590 1782 2693 1819 non
2722 1767 2775 1818 in
2805 1766 3130 1821 contentione
3165 1776 3214 1820 et
3233 1767 3582 1830 aanmlatione,
3613 1782 3714 1818 non
3739 1767 3789 1818 in

2218 1852 2466 1906 cubilibus
2506 1864 2554 1906 et
2583 1854 2936 1923 impudicitiis,
2967 1856 3057 1907 sed
3092 1855 3368 1908 induimini
3400 1854 3680 1908 Dominum
3705 1853 3786 1907 Jeo

2215 1957 2328 1994 sum
2352 1940 2611 1995 Christum
2657 1943 2833 2013 (Rom.
2878 1960 2987 2006 snt,
3022 1943 3148 2014 15).
3177 1943 3478 1999 Plaustrum
3513 1945 3674 2012 igitur
3700 1959 3793 2000 no-

2217 2047 2340 2086 vum
2371 2031 2518 2096 facit,
2540 2034 2630 2101 qui
2651 2041 2704 2086 et
2727 2043 3010 2103 utrumque
3035 2034 3436 2089 Testamentum
3463 2044 3613 2090 recte
3642 2035 3794 2088 intel-

2218 2122 2332 2190 ligit
2363 2161 2379 2187 ,
2427 2131 2485 2177 et
2526 2124 2812 2193 splendore
2849 2133 3046 2178 sancta:
3083 2126 3507 2182 conversationis
3553 2125 3798 2187 indutus,

2217 2215 2282 2267 ad
2319 2230 2551 2284 superna
2582 2231 2700 2271 sese
2727 2216 2991 2272 desideria
3017 2216 3278 2273 extendit.

2290 2314 2375 2368 l0.
2409 2314 2636 2370 Possunt
2678 2331 2891 2386 quoque
2929 2324 3080 2379 τοι-τ,
3113 2317 3306 2384 quibus
3347 2316 3454 2371 hoc
3498 2320 3787 2385 plaustrum

2217 2406 2473 2475 graditur,
2501 2406 2657 2460 electi
2700 2407 2957 2474 cujusque
2987 2406 3254 2475 geminum
3295 2406 3622 2461 desiderium
3649 2407 3716 2459 de
3746 2408 3786 2458 i-

2217 2507 2381 2560 gnare
2401 2512 2414 2547 :
2436 2493 2560 2560 quia
2583 2495 2825 2563 quisquis
2843 2495 2973 2564 jam,
2999 2484 3299 2565 opitulante
3319 2495 3449 2559 Deo,
3476 2504 3786 2564 praesentem

2218 2586 2379 2638 vitam
2406 2585 2457 2638 in
2482 2601 2773 2640 aerumnam
2801 2581 3244 2655 peregrinationis
3276 2593 3445 2648 tenet,
3468 2584 3536 2638 ad
3566 2582 3788 2638 futuram

2217 2677 2600 2730 beatitudinem
2627 2677 2825 2731 idcirco
2852 2677 3131 2748 pervenire
3157 2676 3422 2731 desiderat
3449 2693 3462 2739 ;
3497 2687 3554 2728 ut
3593 2676 3787 2742 impav

2218 2765 2387 2819 sibilis
2412 2774 2467 2819 et
2492 2766 2808 2820 immortalis
2831 2765 2924 2820 fiat
2946 2783 2959 2818 :
2985 2775 3044 2820 ut
3061 2765 3311 2820 videlicet
3337 2779 3435 2834 per
3457 2780 3644 2828 unum,
3675 2779 3787 2816 eam

2217 2872 2377 2925 quam
2416 2856 2620 2920 horret,
2677 2857 2945 2912 miseriam
2995 2855 3251 2923 deserat;
3299 2870 3400 2924 per
3437 2854 3601 2912 aliud.
3653 2868 3788 2914 eam,

2219 2959 2380 3013 quam
2428 2953 2790 3014 promeretur,
2840 2944 3226 2999 beatitudinem
3269 2958 3545 3012 nunquam
3581 2943 3791 3012 perdat.

2221 3036 2405 3090 Vacca:
2433 3043 2613 3088 autem
2647 3044 2771 3089 sunt
2797 3035 2967 3090 sancti
3007 3034 3405 3104 praedicatores.
3449 3032 3549 3100 Qui
3587 3033 3715 3100 quia
3743 3040 3795 3086 ct

2216 3127 2428 3195 gemino
2457 3134 2726 3195 praecepto
2753 3126 3031 3181 cbaritatis
3060 3126 3294 3194 insignes
3320 3134 3464 3188 sunt,
3493 3133 3549 3179 et
3576 3125 3625 3178 in
3645 3136 3793 3178 ‘nova

2217 3220 2628 3272 conversatione
2677 3232 3059 3275 conversorum
3108 3217 3314 3271 animas
3355 3215 3598 3284 gignunt,
3649 3223 3793 3268 recte

2217 3317 2327 3364 tant
2375 3309 2584 3364 binario
2629 3323 2873 3373 numero,
2909 3323 3068 3376 quam
3121 3306 3376 3361 feminino
3403 3317 3605 3373 genere
3653 3304 3722 3356 de
3753 3304 3794 3354 i-

2216 3412 2466 3472 gnautur.
2516 3402 2677 3456 Vitnli
2726 3410 2903 3455 autem
2943 3407 3070 3456 sunt
3096 3398 3355 3453 desideria
3387 3406 3632 3452 terrena.
3656 3393 3788 3448 Cum

2216 3508 2344 3561 ergo
2360 3507 2534 3546 vaccas
2555 3491 2847 3560 plaustrum
2871 3489 3114 3554 trahunt,
3135 3487 3280 3544 domi
3295 3486 3492 3540 vitulos
3506 3483 3763 3540 claudunt
3779 3499 3796 3532 :

2215 3582 2340 3652 quia
2369 3580 2494 3634 dum
2524 3577 2712 3634 electis
2737 3577 2977 3632 fidelibus
3005 3575 3074 3630 ad
3115 3589 3402 3645 supernam
3440 3572 3671 3641 patriam
3696 3570 3796 3623 du-

2217 3679 2396 3726 catum
2419 3671 2679 3739 praebent,
2703 3683 2767 3723 ea
2793 3667 3057 3722 desideria
3085 3680 3204 3735 quae
3231 3664 3310 3719 eis
3327 3664 3611 3733 reprobam
3631 3664 3792 3716 vitam

2216 3767 2532 3829 suggerunt,
2563 3758 2778 3828 prodire
2805 3757 2872 3813 ad
2902 3756 3152 3812 effectum
3181 3754 3487 3824 prohibent.
3529 3753 3795 3808 Clauduut

2217 3853 2416 3921 quippe
2462 3852 2676 3916 vitulos,
2709 3866 2830 3904 cum
2859 3849 2969 3918 jam
3009 3846 3241 3916 superba
3290 3846 3555 3910 desideria
3586 3846 3640 3900 in
3683 3847 3802 3914 ipso

2218 3942 2574 4012 suggestionis
2601 3941 2777 4004 initio,
2809 3941 2949 3994 intra
2980 3936 3365 3994 conscientiam
3404 3944 3714 3999 conterunt,
3746 3944 3800 3988 et

2216 4030 2478 4103 prolicere
2507 4045 2570 4085 ea
2597 4030 2665 4084 ad
2695 4029 2942 4084 eliectum
2971 4028 3150 4098 operis
3178 4042 3284 4080 non
3313 4027 3649 4094 permittunt.
3688 4023 3800 4078 Uus-

2216 4124 2285 4178 de
2322 4134 2378 4178 et
2408 4136 2604 4187 vaccae,
2653 4121 2848 4190 quibus
2893 4135 3000 4173 non
3031 4126 3113 4173 est
3136 4117 3320 4187 jugum
3370 4116 3702 4184 impositum,
3734 4115 3800 4167 ad

2220 4214 2536 4268 trahendum
2565 4212 2856 4282 plaustrum
2880 4209 3090 4277 exquiri
3119 4209 3499 4278 perhibentur:
3521 4208 3648 4276 quia
3666 4223 3805 4275 prm-

2219 4305 2489 4359 dicatores
2534 4301 2720 4356 electis
2760 4299 3005 4354 fidelibus
3052 4297 3368 4368 providendi
3407 4304 3552 4355 sunt,
3584 4295 3679 4364 qui
3707 4310 3806 4364 per.

2220 4393 2366 4447 nulla
2394 4405 2560 4445 onera
2598 4389 2837 4443 criminis
2864 4387 3090 4455 subjecti
3117 4385 3226 4440 sint
3255 4383 3483 4453 imperio
3519 4383 3802 4438 diabolica:

2216 4480 2520 4553 potestatis.
2552 4480 2628 4533 De
2670 4494 2779 4547 quo
2804 4477 3046 4546 profecto
3070 4475 3198 4543 jugo
3227 4490 3324 4543 per
3351 4472 3669 4541 prophetam
3716 4473 3797 4524 di-

2219 4572 2358 4625 citur
2390 4586 2403 4621 :
2436 4567 2816 4637 Compulrescet
2835 4566 3018 4636 jugum
3047 4581 3079 4617 a
3127 4565 3260 4633 facie
3289 4562 3387 4616 olei
3416 4560 3550 4630 (Isa.
3597 4576 3653 4624 ι,
3685 4560 3800 4626 Ξῖ).

2221 4659 2363 4713 Bene
2380 4666 2557 4712 autem
2573 4671 2855 4725 processus
2877 4669 3130 4710 sensuum
3158 4652 3332 4706 ordini
3355 4650 3650 4704 concordat
3677 4665 3800 4701 ver-

2221 4753 2410 4805 borum
2439 4766 2451 4801 :
2502 4747 2628 4816 quia
2659 4745 2758 4800 etsi
2787 4743 3009 4797 adversa
3056 4741 3422 4796 dominatione
3451 4746 3579 4792 sunt
3624 4737 3803 4800 liberi,

2222 4855 2445 4897 necesse
2473 4848 2557 4892 est
2596 4845 2654 4892 ut
2682 4850 2898 4904 semper
2925 4834 3033 4888 sint
3074 4834 3142 4886 de
3182 4831 3358 4885 futura
3389 4829 3807 4883 conversatione

2219 4933 2471 5002 suspecti.
2526 4929 2714 4983 Vacca:
2744 4942 2874 4995 ergo
2903 4934 2958 4980 et
3006 4924 3121 4978 sine
3162 4923 3291 4991 jugo
3343 4928 3484 4984 sunt,
3519 4927 3574 4973 et
3624 4928 3806 4972 tamen

2218 5039 2402 5079 earum
2434 5021 2586 5076 vituli
2617 5020 2763 5074 domi
2789 5019 2908 5074 clau
2930 5017 3149 5071 'untur:
3177 5013 3302 5082 quia
3345 5011 3514 5065 sancti
3542 5010 3807 5080 prmdira-

2221 5122 2367 5166 tores
2396 5107 2717 5165 adversariis
2754 5106 3032 5176 spiritibus
3076 5119 3146 5158 ex
3189 5103 3386 5155 virtute
3414 5099 3802 5153 dominantur;

2219 5200 2312 5255 sed
2357 5200 2424 5252 ab
2459 5194 2774 5252 edomandis
2802 5192 2980 5263 pravis
3022 5190 3316 5253 desideriis,
3349 5202 3416 5242 eo
3447 5186 3808 5241 intentionem

2221 5307 2328 5348 non
2349 5289 2639 5356 auferunt,
2667 5300 2775 5353 quo
2819 5284 2886 5338 de
2913 5281 3217 5342 sanctitate,
3244 5293 3349 5348 qua
3373 5290 3433 5330 se
3460 5283 3688 5332 ornatos
3718 5288 3808 5325 as-

2222 5384 2447 5454 pir-ium,
2485 5377 2832 5434 securitatem
2889 5373 2941 5427 in
2990 5373 3089 5426 hac
3125 5371 3231 5423 vita
3263 5375 3577 5437 perpetuam
3607 5364 3804 5420 habere

2226 5490 2330 5530 non
2358 5479 2602 5542 possunt.
2636 5467 2702 5520 Et
2741 5467 2866 5538 quia
2898 5464 3089 5518 talibus
3125 5461 3317 5515 divina:
3345 5457 3664 5527 cognitionis
3691 5471 3813 5521 gra~

2227 5570 2296 5622 tia
2329 5565 2487 5620 latius
2517 5560 2776 5632 aperitur,
2822 5567 2944 5627 apte
2973 5571 3096 5611 arca
3128 5551 3334 5608 Domini
3368 5551 3503 5617 tolli,
3549 5558 3603 5603 ct
3645 5561 3807 5616 super
