3962 6302
172 265 269 321 1E9

987 256 1050 313 IN
1088 256 1349 314 PRIMUM
1388 257 1634 315 REGUM
1664 256 2177 317 EXPOSITIUNES.
2204 293 2274 305 —
2304 262 2431 319 LIB.
2465 263 2553 321 ΙΙΙ.

3320 270 3422 325 190

167 378 465 446 plaustrum
496 372 626 443 poni
654 369 976 445 praecipitur.
1005 370 1158 436 Quod
1187 378 1367 425 autem
1394 370 1594 440 imponi
1623 382 1745 424 arca
1775 372 1818 429 Α
1849 371 2203 427 eruditionem
2250 374 2565 443 percipiant,
2613 382 2669 429 et
2723 373 2930 428 ﬁrmam
2978 378 3421 433 consuetudinem

170 468 506 525 auditoribus
552 480 720 535 super
764 464 1061 534 plaustrum
1086 462 1327 531 jubetur,
1360 462 1462 517 hoc
1509 462 1750 529 profecto

162 561 426 620 insinuat,
474 557 745 618 videlicet,
792 553 940 622 quod
984 540 1269 606 in‘sancta
1300 550 1533 607 Ecclesia
1574 550 1752 619 plures

167 649 387 704 ordines
407 646 694 716 prmsulum
726 644 1064 698 invenimus:
1095 644 1218 711 quia
1245 646 1370 697 dum
1403 644 1750 711 prterogativa

166 736 253 790 alii
294 734 416 788 aliis
442 733 717 800 digniores
742 740 888 798 sunt,
942 731 1105 785 etiam
1144 731 1518 784 auctoritatem
1560 730 1750 799 prmci-

168 825 347 896 piendi
391 824 692 879 sortiuntur
723 833 746 858 ³
780 822 831 876 in
860 821 1093 875 culmine
1121 820 1323 874 ordinis
1360 821 1581 875 altioris.
1615 819 1751 875 Cum

166 930 297 984 ergo
324 927 449 969 arca
483 913 691 967 Domini
714 911 896 965 reduci
919 911 1247 981 prtecipitur,
1270 926 1432 979 super
1456 910 1751 979 plaustrum

168 1020 367 1060 novum
412 1003 542 1073 poni
574 1003 924 1072 perhibetur:
956 1002 1079 1067 quia
1108 1001 1353 1071 profecto
1384 1002 1450 1055 ad
1495 1012 1750 1056 aeternam

166 1095 399 1164 patriam
426 1108 550 1148 cum
572 1092 880 1159 cognitione
908 1100 1369 1146 sacramentorum
1395 1092 1748 1160 spiritualium

167 1193 322 1240 recte
349 1184 611 1253 graditur,
642 1182 731 1252 qui
780 1183 884 1236 hoc
929 1182 1073 1251 quod
1127 1180 1196 1235 de
1246 1192 1430 1235 sancta
1476 1182 1750 1251 Scriptura

164 1275 373 1339 didicit,
403 1288 499 1342 per
526 1287 680 1327 nova:
706 1271 1133 1328 conversationis
1162 1272 1616 1342 pulchritudinem
1642 1289 1751 1328 non

167 1366 443 1433 relinquit.

243 1454 334 1508 ll.
366 1454 447 1507 Ad
472 1454 613 1507 latus
637 1460 816 1507 autem
847 1450 1084 1520 ejusdem
1108 1466 1247 1507 arca:
1274 1466 1400 1506 vasa
1422 1465 1603 1516 aurea,
1634 1466 1753 1520 qua:

166 1546 217 1600 ei
245 1561 347 1614 pro
386 1543 585 1598 delicto
613 1553 739 1597 sunt
762 1542 990 1607 reddita,
1015 1542 1144 1612 poni
1174 1541 1583 1612 praecipiuntur.
1615 1543 1750 1598 Vasa

164 1634 367 1702 quippe
393 1647 560 1687 aurea
590 1638 773 1699 vocat,
796 1646 917 1701 quae
943 1631 1190 1702 superius
1219 1640 1503 1697 memorat,
1528 1632 1746 1688 dicens:

1851 465 2005 521 bona:
2052 466 2402 534 operationis.
2435 465 2566 520 Nam
2597 481 2698 520 nec
2722 465 3054 534 simplicibus
3082 466 3341 534 subjectis
3369 476 3424 522 et

1853 556 1988 610 bene
2014 555 2336 619 viventibus,
2380 571 2480 610 nec
2508 554 2732 610 eruditis
2759 563 2817 609 et
2863 553 3088 607 infirmis
3115 553 3329 608 vivendi
3357 556 3422 609 li-

1851 645 2031 699 bertas
2059 654 2207 700 recte
2248 645 2581 700 conceditur.
2623 642 2703 698 llli
2732 644 2929 713 quippe
2952 658 2981 697 a
3011 643 3206 698 callido
3233 644 3422 699 adver-

1851 734 1994 789 sario
2009 734 2182 799 decipi
2205 743 2355 787 tanto
2377 733 2580 789 facilius
2601 741 2876 802 poterunt,
2905 733 3121 802 quando
3149 742 3204 787 et
3231 735 3426 803 depre-

1853 821 2087 877 hendere
2112 820 2227 889 ejus
2253 822 2469 876 insidias
2491 837 2590 891 per
2616 822 2909 891 spiritalem
2946 823 3299 878 eruditionem
3331 839 3429 877 ne—

1851 926 2120 980 quaquam
2150 910 2488 965 didicerunt:
2521 912 2608 966 isti
2659 925 2788 965 vero
2814 925 2881 965 eo
2909 912 3178 966 difficilius
3214 923 3432 968 servant

1852 1000 2050 1055 bonum
2095 1000 2431 1067 eruditionis,
2478 1016 2587 1070 quo
2634 1002 2918 1056 tentatoris
2962 1002 3186 1071 laqueos
3235 1004 3431 1058 eruditi

1850 1091 2209 1159 conspiciunt,
2237 1100 2292 1145 et
2334 1106 2522 1146 eorum
2564 1092 2777 1147 vincula
2805 1093 3044 1148 devitarc
3090 1094 3283 1149 eruditi
3323 1111 3431 1149 non

1852 1190 2093 1250 possunt.
2119 1180 2270 1237 Tunc
2289 1197 2417 1252 ergo
2445 1190 2816 1251 competenter
2834 1198 2958 1238 arca
2981 1183 3289 1249 dimittitur,
3310 1200 3432 1239 cum

1852 1271 1926 1336 id,
1956 1273 2040 1327 cui
2089 1273 2291 1342 imponi
2336 1273 2549 1337 debeat,
2603 1272 2901 1341 plaustrum
2944 1282 3074 1328 ante
3120 1274 3429 1342 fabricatur,

1851 1375 1973 1416 cum
1995 1362 2042 1416 ei
2074 1377 2199 1416 vasa
2225 1376 2406 1426 aurea,
2438 1376 2555 1431 qua:
2575 1362 2839 1416 debentur
2866 1377 2964 1431 pro
2987 1371 3230 1431 peccato,
3260 1379 3328 1417 ex
3357 1366 3433 1417 la-

1853 1444 1967 1508 tere
1981 1452 2360 1522 dependuntur
2376 1469 2388 1503 :
2404 1452 2527 1522 quia
2547 1452 2792 1521 profecto
2807 1459 2932 1506 tunc
2947 1467 3135 1506 secura
3150 1467 3270 1506 esse
3292 1462 3433 1524 pole-

1851 1543 2042 1596 ritvita
2084 1543 2251 1595 libere
2281 1542 2508 1595 viventis
2537 1541 2756 1605 subditi,
2790 1554 2911 1595 cum
2942 1541 3432 1595 renovationemin-

1852 1634 2067 1688 terioris
2088 1633 2317 1687 hominis
2331 1632 2606 1688 custodire
2629 1633 2790 1700 longo
2815 1647 2912 1686 usu
2927 1631 3339 1697 didicerit;cum
3369 1645 3435 1685 ex

166 1724 399 1778 Faciem
427 1724 788 1778 similitudines
837 1739 1054 1778 auorum
1093 1733 1373 1778 vestrorum
1410 1732 1459 1778 et
1503 1725 1740 1778 murium.
1779 1716 1820 1775 Β
1849 1722 3132 1795 vitaepuritatecelsitudinemdivinmeruditionis
3147 1722 3418 1792 apprehen

167 1818 226 1872 ln
250 1819 447 1886 quibus
476 1818 720 1887 profecto
750 1818 891 1873 vasis
922 1826 1266 1886 peccatorum
1296 1827 1458 1887 atque
1488 1820 1748 1875 tentatio—

162 1922 291 1961 unm
321 1908 583 1961 memoria
627 1906 895 1976 designari
939 1908 1267 1962 dixeramus.
1301 1908 1439 1975 Quid
1487 1918 1571 1963 est
1597 1922 1748 1977 ergo,

165 2000 311 2070 quod
355 2001 601 2070 superius
653 2015 900 2065 auorum,
933 2008 990 2055 et
1025 2003 1176 2073 151
1224 2003 1455 2056 murium
1497 2002 1748 2057 similitu-

162 2091 318 2146 dines
339 2106 459 2146 esse
483 2092 772 2161 perhibuit,
798 2109 939 2148 nunc
960 2108 1085 2147 vasa
1106 2100 1269 2148 aurea
1292 2094 1582 2164 appellavit
1603 2097 1626 2148 τ
1644 2095 1751 2149 Sed

162 2182 237 2237 ibi
272 2181 345 2237 de
374 2196 464 2247 eo,
487 2182 631 2250 quod
670 2197 809 2237 arca:
848 2198 946 2251 pro
987 2193 1207 2252 peccato
1251 2184 1459 2238 exsolvi
1497 2184 1747 2251 debebat,

164 2270 521 2335 tractabatur,
551 2271 637 2327 hic
663 2280 844 2326 autem
862 2272 929 2327 de
946 2288 1084 2328 arca:
1106 2274 1443 2329 remissione.
1463 2274 1601 2342 Quid
1622 2290 1752 2343 ergo

165 2369 273 2428 est,
302 2361 449 2432 quod
493 2375 581 2418 res
611 2361 727 2416 ista:
754 2361 954 2416 emdem
986 2362 1279 2418 honestiori
1324 2364 1542 2418 nomine
1569 2367 1753 2432 expri-

162 2461 405 2523 muntur,
440 2453 541 2507 nisi
573 2454 699 2522 quia
742 2462 987 2525 peccata,
1024 2468 1143 2523 qua:
1189 2453 1515 2523 prenitentia:
1542 2452 1756 2509 ﬂetibus

164 2549 309 2596 tersa
339 2557 448 2597 non
488 2549 632 2604 sunt,
669 2544 721 2597 in
750 2542 1091 2599 deformitate
1118 2558 1215 2597 sua
1245 2543 1500 2598 attentius
1530 2542 1753 2597 videnda

162 2640 327 2700 atque
368 2631 595 2700 lugenda
624 2640 784 2686 sunt:
830 2648 895 2687 ea
923 2648 1077 2696 vero,
1126 2648 1245 2701 qua:
1270 2633 1383 2701 jam
1416 2640 1542 2686 sunt
1584 2632 1755 2687 diluta

164 2720 374 2789 magnis
399 2718 631 2784 ﬂetibus,
661 2736 768 2775 non
795 2722 1074 2789 attentius,
1097 2737 1273 2790 neque
1304 2723 1356 2777 in
1411 2720 1758 2776 delormitato

163 2824 260 2864 sua
282 2809 642 2879 respicienda,
668 2812 760 2865 sed
786 2812 1143 2867 aestimatione
1174 2812 1488 2866 humilitatis
1511 2814 1757 2882 aliquan-

164 2901 236 2955 do
281 2902 611 2970 cogitanda?
639 2901 803 2969 Quasi
843 2903 987 2957 enim
1026 2904 1080 2957 in
1132 2912 1313 2959 mente
1344 2904 1674 2974 paenitentis,
1702 2912 1758 2960 et

166 2991 365 3044 acriter
390 2989 625 3045 dolentis
646 2993 731 3046 aui
749 2991 1063 3059 similitudo,
1094 3001 1146 3048 et
1170 2994 1399 3047 mttrium
1429 3002 1512 3048 est
1541 3012 1553 3047 :
1578 3010 1753 3064 quau-

1848 1817 1947 1884 dit,
1970 1824 2127 1886 atque
2144 1817 2283 1871 inter
2306 1814 2442 1871 dona
2462 1814 2732 1879 sublimia,
2750 1828 2813 1869 ea
2825 1828 2945 1882 qure
2964 1814 3250 1882 aliquando
3268 1828 3432 1879 prave

1850 1908 2021 1975 egisse
2066 1916 2351 1975 memorat,
2382 1906 2625 1965 recolere
2653 1905 2718 1960 ad
2748 1905 3101 1960 humilitatem
3132 1921 3239 1959 non
3269 1905 3435 1973 negli-

1850 1998 1945 2067 git.
1979 1998 2109 2064 Quae
2147 1996 2387 2066 profecto
2436 1996 2651 2051 vivendi
2700 1996 2943 2062 libertas,
2982 1995 3106 2066 quia
3153 1994 3222 2049 ad
3267 1995 3439 2051 solum

1852 2088 2086 2142 studium
2125 2088 2343 2157 superni
2372 2086 2572 2142 amoris
2600 2087 2754 2142 bonis
2798 2086 3056 2155 subjectis
3084 2084 3434 2155 impenditur,

1854 2189 1979 2251 apte
2005 2189 2060 2236 et
2087 2196 2326 2246 causam,
2375 2194 2481 2250 qua
2509 2181 2697 2234 eadem
2728 2193 2854 2233 arca
2898 2179 3220 2244 dimittatur,
3250 2175 3437 2244 adjun»

1854 2273 1966 2341 git:
2001 2281 2057 2326 ut
2097 2271 2272 2336 vadat,
2315 2272 2499 2341 inquit.
2531 2269 2695 2335 Quasi
2725 2269 2867 2324 enim
2906 2277 2962 2324 et
3001 2268 3120 2322 aliis
3155 2267 3332 2321 verbis
3361 2265 3439 2319 di.

1856 2373 1977 2420 cat:
2010 2364 2090 2418 Ad
2131 2364 2233 2419 hoc
2262 2364 2435 2420 solum
2462 2363 2685 2418 liberius
2712 2364 2895 2417 vivere
2920 2361 3266 2432 permittendi
3291 2369 3438 2426 sunt,

1855 2463 1917 2510 ut
1947 2454 2015 2509 ad
2052 2453 2327 2509 cmlestem
2356 2452 2584 2521 patriam
2612 2451 2841 2507 celerius
2869 2450 3292 2520 proficiscantur.
3327 2449 3433 2504 Sed

1855 2543 1983 2613 quia
2008 2541 2248 2595 nonnulli
2271 2540 2471 2595 subditi
2497 2547 2603 2593 tam
2632 2540 3041 2595 conversatione
3077 2553 3234 2606 quam
3256 2552 3434 2592 scien-

1858 2632 1932 2685 tia
1963 2630 2197 2685 humano
2221 2628 2427 2699 judicio
2455 2628 2678 2698 perfecti
2706 2637 2853 2695 sunt,
2891 2630 3044 2701 152
3076 2643 3181 2682 non
3211 2627 3390 2682 divino
3416 2644 3433 2692 ;

1858 2720 2245 2791 providendum
2274 2720 2540 2777 bonorum
2569 2727 2839 2774 rectorum
2887 2720 3064 2774 studio
3106 2727 3209 2783 est,
3239 2727 3298 2773 ut
3341 2735 3438 2772 eo-

1858 2824 1977 2864 rum
2007 2824 2190 2863 curant
2219 2816 2346 2863 tunc
2375 2823 2476 2867 nec
2503 2807 2724 2862 ontniuo
2754 2814 3095 2877 prmtereant,
3128 2822 3247 2861 cum
3279 2807 3438 2860 iidem

1859 2901 2055 2957 subditi
2081 2901 2413 2956 sedeeorum
2435 2915 2563 2956 cura
2583 2900 2828 2956 dimissos
2856 2908 3069 2969 putant,
3097 2899 3189 2953 sed
3218 2899 3304 2967 pia
3333 2898 3439 2953 cal-

1862 2988 2072 3044 liditate
2098 2990 2376 3059 explorent
2404 2990 2515 3059 jam
2548 2989 2701 3044 liberi
2729 2988 2961 3057 qualiter
2988 2988 3185 3050 vivant,
3214 3003 3441 3056 quorum

164 3077 235 3133 do
280 3085 337 3132 ut
366 3079 626 3133 attentius
670 3080 847 3149 lugeat
887 3096 1027 3147 eam,
1060 3097 1219 3161 quam
1261 3092 1386 3137 ante
1424 3085 1618 3138 mentis
1644 3100 1755 3140 sua:
1791 3074 1837 3139 C
1866 3080 2187 3135 subditionis
2212 3082 2350 3134 bona
2380 3080 2586 3150 plenius
2616 3087 2895 3135 noverant.
2937 3079 3114 3145 Quare
3140 3086 3195 3134 et
3224 3078 3441 3147 subjun-

163 3167 357 3223 oculos
382 3169 650 3237 congerit,
681 3171 890 3239 peccati
938 3184 1170 3225 massam
1200 3171 1556 3226 coadunatam
1585 3173 1750 3228 videt.

163 3255 271 3313 Sed
310 3274 436 3313 cum
472 3258 584 3328 jam
630 3260 837 3327 magnis
863 3268 920 3315 et
947 3261 1211 3316 diuturnis
1255 3261 1470 3318 ﬂetibus
1497 3264 1757 3331 quodam-

165 3348 330 3404 modo
361 3348 433 3404 de
461 3356 809 3419 peccatorum
838 3365 1058 3405 suorum
1100 3351 1417 3409 remissione
1441 3368 1661 3409 securus
1688 3353 1756 3408 ad

164 3453 455 3508 supernam
486 3440 714 3509 patriam
745 3440 1000 3495 lestinare
1026 3456 1186 3497 cursu
1215 3456 1421 3511 magna:
1462 3459 1755 3499 conversa-

166 3527 328 3585 tionis
354 3530 605 3599 cteperit,
633 3530 786 3603 quasi
812 3545 978 3585 aurea
1002 3531 1113 3601 jam
1140 3547 1269 3588 vasa
1295 3534 1560 3603 conspicit
1584 3551 1597 3588 :
1629 3534 1753 3605 quia

167 3628 388 3688 peccata
418 3618 586 3684 videt,
616 3633 726 3671 non
769 3619 964 3687 quibus
992 3634 1052 3675 se
1077 3620 1371 3689 obligatum
1402 3621 1631 3690 viderat,
1661 3622 1756 3678 sed

166 3723 284 3777 qua:
304 3707 694 3777 omnipotentis
705 3707 799 3762 Dei
822 3708 1065 3764 laudibus
1089 3710 1384 3780 impendat.
1409 3710 1553 3766 Bene
1576 3724 1755 3767 autem

168 3798 221 3852 in
258 3799 494 3867 capsella
525 3799 592 3852 ad
626 3798 765 3853 latus
813 3814 951 3854 artae
996 3800 1187 3854 eadem
1231 3815 1359 3855 vasa
1403 3812 1753 3869 reponuntur.

165 3886 298 3940 Nam
325 3887 371 3942 si
392 3901 517 3942 arca
549 3887 740 3941 divina:
760 3889 1084 3956 cognitionis
1108 3900 1376 3946 secretum
1408 3892 1663 3956 insinuat,
1690 3893 1756 3947 ad

165 3974 303 4029 latus
345 3989 479 4028 vasa
526 3974 935 4044 dependuntur:
968 3978 1092 4048 quia
1133 3979 1261 4033 dum
1309 3979 1535 4035 altitudo
1563 3981 1758 4035 divina:

166 4064 492 4135 cogniionis
536 4074 773 4122 mentem
803 4068 1000 4134 elevat,
1044 4071 1110 4125 ad
1141 4072 1393 4126 virtutem
1438 4073 1759 4130 humilitatis

168 4155 375 4213 infirma
416 4165 605 4212 nostra
656 4159 928 4229 prmterita
975 4164 1043 4214 ad
1085 4162 1403 4218 memoriam
1453 4165 1757 4221 reducenda

165 4255 309 4302 sunt.
349 4246 467 4302 Non
494 4248 658 4317 igitur
688 4249 934 4318 ponenda
962 4259 1085 4305 sunt
1113 4262 1240 4306 ante
1269 4267 1448 4307 arcam
1476 4270 1491 4319 ;
1519 4269 1605 4319 ne,
1630 4255 1757 4309 dum

167 4338 574 4394 immoderatius
603 4340 810 4395 infirma
838 4342 1174 4413 reSpicimus,
1222 4345 1393 4399 attolli
1432 4345 1499 4399 ad
1526 4361 1757 4417 superna

1858 3170 2002 3245 gitur
2025 3186 2038 3223 :
2069 3168 2140 3223 Et
2161 3170 2439 3239 aspicietis,
2463 3178 2512 3226 et
2541 3170 2586 3225 si
2611 3169 2815 3241 quidem
2843 3186 2935 3235 per
2956 3169 3087 3222 viam
3117 3169 3299 3237 ﬁnium
3326 3185 3438 3222 sna-

1858 3279 1973 3317 rum
2001 3262 2289 3316 ascenderit
2317 3271 2499 3315 contra
2531 3260 2849 3323 Bethsames,
2890 3262 3001 3330 ipse
3021 3261 3144 3331 fecit
3175 3258 3321 3313 nobis
3347 3262 3441 3312 hoc

1857 3355 2051 3408 malum
2082 3354 2300 3424 grande.
2334 3352 2431 3406 Sin
2460 3360 2629 3405 autem
2668 3351 2895 3414 minime,
2929 3352 3145 3403 sciemus
3174 3349 3295 3419 quia
3350 3364 3443 3402 ne-

1857 3461 2111 3518 quaquam
2138 3461 2321 3498 manns
2345 3444 2457 3516 ejus
2489 3443 2651 3514 tetigit
2678 3458 2793 3507 nos,
2824 3441 2913 3497 sed
2941 3457 3063 3494 casu
3091 3439 3300 3493 accidit.

1956 3538 2042 3591 15.
2108 3537 2466 3596 Bethsames,
2525 3542 2584 3589 ut
2632 3532 2743 3601 jam
2799 3532 3063 3596 diximus,
3122 3532 3443 3599 interpreta~

1859 3638 1948 3685 tur
1989 3629 2182 3685 domus
2233 3627 2382 3682 solis.
2436 3626 2716 3685 Dimissam
2764 3633 2943 3681 autem
2974 3639 3155 3679 arcam
3197 3622 3443 3691 przedica.

1861 3730 2004 3777 tores
2046 3720 2348 3789 aspiciunt,
2400 3724 2576 3775 utrum
2617 3725 2767 3772 recto
2817 3716 3010 3770 itinere
3054 3720 3242 3770 contra
3288 3713 3423 3768 Betti

1859 3823 2037 3871 sames
2064 3807 2343 3876 gradiatur
2368 3823 2380 3858 :
2405 3805 2533 3873 quia
2561 3813 2616 3859 et
2637 3819 2758 3858 cum
2781 3802 3001 3872 proprio
3027 3800 3250 3855 arbitrio
3265 3799 3441 3854 dimit~

1861 3905 2049 3952 tuntur
2069 3896 2306 3959 subditi,
2337 3895 2622 3964 explorare
2650 3892 2858 3962 prmlati
2884 3892 3114 3954 debent,
3145 3905 3213 3943 an
3243 3889 3442 3946 bonum

1861 3985 2125 4041 libertatis
2154 3984 2221 4039 ad
2260 3984 2560 4053 profectum
2598 3988 2917 4039 convertant
2952 3981 3185 4037 emlestis
3216 3974 3442 4037 itineris.

1861 4077 1967 4133 Sed
1994 4087 2051 4134 et
2085 4084 2245 4131 caute
2280 4075 2574 4131 notandum
2609 4082 2693 4133 est
2724 4090 2739 4127 :
2769 4073 2892 4143 quia
2922 4081 3050 4127 tunc
3078 4080 3225 4129 recte
3254 4080 3441 4127 contra

1860 4169 2176 4225 Bethsames
2202 4182 2327 4223 arca
2371 4166 2631 4226 ascendit.
2663 4180 2788 4221 cum
2817 4163 3109 4219 confinium
3138 4162 3279 4216 viam
3319 4174 3443 4228 gra-

1861 4259 2057 4315 diendo
2105 4273 2213 4312 non
2254 4257 2480 4315 deserit.
2536 4253 2789 4313 Conﬁnes
2832 4254 3034 4308 etenim
3094 4250 3264 4306 nostri
3317 4257 3445 4307 sunt

1860 4347 2020 4409 electi
2070 4347 2318 4418 priores:
2365 4343 2605 4400 contines
2652 4343 2851 4412 quippe
2888 4351 3036 4407 sunt,
3077 4342 3167 4409 qui
3192 4340 3342 4408 juxta
3382 4354 3445 4395 se

170 4444 521 4497 nequeamus.
542 4427 767 4484 Constat
790 4432 990 4509 itaque,
1016 4433 1141 4501 quia
1166 4449 1231 4487 ex
1259 4434 1426 4488 latere
1446 4435 1747 4505 dependan-
1780 4442 1835 4503 1)
1859 4438 2226 4508 possessiones
2254 4436 2542 4506 dispositas
2571 4434 2789 4489 habent.
2815 4432 3069 4487 Confines
3100 4430 3260 4498 igitur
3288 4431 3439 4485 elec-

170 4529 255 4573 tur
280 4538 293 4572 :
324 4528 384 4573 ut
411 4529 468 4574 et
494 4534 730 4590 superna
754 4519 1026 4576 videamus
1048 4521 1235 4587 libere,
1266 4530 1341 4586 et,
1364 4537 1484 4576 cum
1514 4538 1598 4594 ex;
1620 4525 1749 4589 edit,

168 4608 231 4661 ad
252 4617 435 4662 nostra
464 4607 679 4663 infirma
710 4609 903 4663 mentis
928 4609 1115 4665 oculos
1146 4626 1483 4666 revocemus.

237 4698 324 4750 12.
352 4696 493 4763 Quid
523 4706 608 4751 est
636 4705 837 4763 autem,
865 4699 1009 4768 quod
1038 4700 1449 4770 prtecipiuntur:
1485 4701 1551 4755 Et
1578 4705 1754 4759 dimit-

167 4790 257 4844 tite
282 4807 423 4853 eam,
449 4799 507 4844 ut
538 4791 739 4846 vadat?
763 4792 869 4847 Sed
900 4807 1026 4848 arca
1055 4793 1358 4859 dimittitur,
1385 4809 1527 4864 quan
1550 4799 1599 4849 lo
1629 4810 1754 4850 eru-

165 4881 290 4936 dita:
318 4889 530 4937 mentes
573 4882 910 4938 subditorum
939 4898 969 4937 a
999 4885 1111 4940 suis
1140 4885 1439 4940 rectoribus
1473 4885 1639 4939 libere
1667 4887 1751 4939 vi-

166 4985 294 5025 vere
314 4971 704 5041 permittuntur
729 4988 743 5026 :
779 4981 834 5026 ut
870 4972 1124 5029 videlicet
1149 4974 1215 5028 ad
1240 4982 1494 5030 :eternam
1525 4978 1751 5046 patriam

164 5069 486 5130 properent,
520 5077 629 5117 non
651 5062 765 5131 jam
788 5062 1009 5132 majoris
1025 5064 1275 5134 imperio,
1300 5065 1393 5120 sed
1416 5066 1641 5136 proprias
1666 5081 1755 5119 ar-

165 5152 327 5208 bitrio
352 5152 603 5208 rationis.
628 5152 885 5209 Teneuda
907 5161 989 5210 est
1011 5155 1191 5222 igitur,
1222 5164 1282 5209 ut
1309 5154 1553 5225 plaustro
1582 5157 1752 5228 impa-

166 5252 366 5307 natnr;
398 5243 649 5314 imposita
679 5259 894 5315 quoque
921 5245 1205 5300 dimit'itur
1229 5263 1243 5299 :
1271 5244 1300 5284 ι’
1329 5247 1452 5316 quia
1498 5247 1749 5302 nimirum

167 5333 356 5389 electis
382 5335 613 5389 subditis
634 5334 981 5404 disponenda:
1020 5336 1142 5390 vita:
1168 5349 1279 5389 sua:
1306 5335 1519 5389 licentia
1560 5325 1590 5389 a
1620 5352 1758 5404 pra!-

170 5420 294 5477 htis
319 5432 448 5477 ante
492 5423 669 5477 danda
701 5438 807 5476 non
837 5432 940 5488 est,
969 5438 1131 5494 quam
1179 5424 1438 5481 doctrina:
1465 5425 1754 5495 spiritualis

246 5590 271 5614 ⁸
312 5580 397 5633 Al.
426 5595 493 5632 ea:
517 5578 741 5632 culmine
759 5578 955 5632 ordinis
977 5578 1196 5633 altioris.

252 5649 277 5687 ιο
314 5649 413 5703 tta:
439 5650 720 5706 attendere
761 5649 965 5706 videtur
993 5649 1057 5704 ad
1090 5648 1344 5719 [tegulam
1374 5649 1540 5707 sancti
1569 5649 1627 5704 P.
1653 5649 1755 5707 Be-

1856 4535 2031 4580 torum
2075 4533 2200 4579 sunt
2224 4524 2412 4579 mterni
2453 4522 2603 4591 regni
2632 4521 2874 4591 perpetui
2926 4519 3252 4576 colueredes.
3301 4518 3436 4572 Nam

1861 4615 2005 4669 velut
2027 4614 2179 4683 juxta
2208 4628 2267 4668 se
2294 4612 2566 4683 dispositis
2596 4609 3026 4678 possessionibus
3055 4607 3320 4671 habitant,
3343 4605 3438 4673 qui

1855 4706 1909 4759 in
1942 4704 2184 4760 eamdem
2209 4709 2425 4755 teterna:
2455 4699 2641 4770 patria:
2670 4698 2984 4753 societatem
3014 4696 3211 4758 vocati,
3236 4695 3304 4748 de
3333 4709 3441 4749 una

1857 4804 1912 4849 et
1939 4793 2129 4848 eadem
2155 4790 2462 4845 Conditoris
2487 4787 2768 4857 majestate
2800 4786 2973 4841 sortiti
2996 4784 3256 4851 suntjura
3284 4791 3442 4837 arter-

1855 4902 1939 4942 na:
1978 4883 2323 4941 hacreditatis.
2356 4881 2452 4936 Vel
2482 4881 2682 4936 idcirco
2706 4879 2955 4933 dicuntur
2992 4873 3233 4957 confines
3260 4891 3275 4926 :
3308 4874 3438 4942 quia

1855 4992 1975 5033 cum
2026 4976 2094 5032 de
2119 4976 2262 5030 bona
2290 4969 2701 5027 conversatione
2728 4967 2793 5022 ad
2822 4966 3074 5037 perennis
3104 4966 3224 5019 vita:
3248 4965 3440 5033 gaudia

1852 5069 2009 5126 electi
2052 5066 2389 5138 perveniant,
2421 5063 2514 5133 qui
2556 5070 2704 5117 recte
2741 5061 2929 5114 vivunt
2971 5060 3024 5113 in
3056 5059 3160 5113 hoc
3205 5056 3431 5120 mundo,

1851 5157 2161 5215 cmlestibus
2189 5155 2395 5212 civibus
2421 5151 2583 5208 vicini
2608 5159 2751 5205 sunt.
2777 5148 2907 5216 Qua:
2928 5156 3148 5215 estergo
3165 5148 3247 5200 via
3265 5144 3438 5201 conli-

1856 5247 2024 5313 nium,
2068 5244 2170 5299 nisi
2217 5241 2438 5297 afﬂictio
2472 5239 2827 5312 temporalis?
2854 5237 3005 5297 lianc
3032 5238 3171 5291 viam
3215 5235 3441 5289 Bethsao

1860 5334 1961 5388 mis
1988 5348 2087 5403 per
2110 5330 2455 5400 semetipsum
2503 5328 2760 5383 Dominus
2796 5326 3149 5387 demonstrat,
3201 5324 3429 5377 dicens:

1858 5425 2017 5479 Arcta
2063 5431 2139 5477 est
2176 5422 2275 5488 via,
2316 5435 2430 5492 qna:
2468 5419 2606 5473 ducit
2646 5418 2717 5472 ad
2745 5420 2901 5473 vitam
2951 5415 3166 5487 (Matth.
3201 5431 3290 5479 γη,
3328 5414 3437 5484 Η).

1854 5580 2050 5638 ncdicti
2074 5595 2124 5638 c.
2149 5579 2199 5648 l,
2225 5576 2316 5636 ubi
2346 5577 2537 5634 cadent
2556 5577 2939 5646 compendiose
2964 5575 3213 5645 legimus.
