3962 6278
552 249 642 299 191
1750 231 1991 287 SANCTI
2038 228 2120 283 Cll

2231 229 2368 286 Ollll
2414 232 2623 287 MACNI
3673 240 3760 293 132

539 352 689 408 lianc
745 351 869 405 item
922 348 1286 413 commendat,
1315 360 1435 400 cum
1485 344 1774 412 discipulos
1814 346 2115 411 increpans,
2147 341 2195 397 Λ

540 444 615 497 ait
637 462 650 496 :
678 442 721 495 Ο
745 441 907 504 stulti,
926 448 973 492 et
996 439 1134 491 tardi
1154 436 1308 490 corde
1328 436 1396 487 ad
1423 434 1751 494 credendum,
1773 449 1941 487 nonne
1965 448 2120 500 opor-

541 535 633 585 tuit
675 533 786 601 pati
829 530 1108 587 Cluistum,
1141 534 1189 578 et
1218 527 1293 577 ita
1340 526 1541 577 intrare
1567 525 1621 576 in
1661 523 1881 593 gloriam
1927 521 2121 574 suam?

541 622 692 692 (Luc.
720 636 862 684 XXIV,
880 618 996 685 25.)
1028 615 1163 669 llinc
1190 613 1386 668 Paulus
1414 614 1527 667 ait:
1560 612 1663 667 Per
1684 614 1875 665 multas
1900 611 2119 663 tribula-

542 713 704 763 tione:
749 715 947 774 oportet
990 721 1083 757 nos
1125 707 1323 756 intrare
1366 703 1422 755 in
1450 717 1661 772 regnum
1693 700 1788 753 Dei
1837 700 1975 771 (Act.
2009 714 2118 763 xw,

480 833 489 844 ι
538 800 653 867 il).
681 797 878 850 Contra
910 795 1225 848 Bethsantes
1246 807 1372 860 ergo
1403 801 1531 846 tunc
1552 808 1676 846 arca
1706 792 1969 858 dirigitur,
1995 804 2117 843 cum

538 903 635 954 per
663 887 801 939 viam
849 884 1140 939 conlinium
1172 883 1463 936 ascendere
1490 881 1737 936 videtur:
1769 882 1894 949 quia
1942 881 1994 934 in
2026 896 2118 934 su-

543 991 707 1045 perna
758 974 1169 1030 conversatione
1213 972 1302 1026 ille
1354 972 1533 1027 verius
1584 972 1797 1041 prolicit
1827 1010 1843 1036 ,
1898 972 1991 1040 qui
2046 970 2115 1025 ad

541 1076 742 1119 mterna
773 1064 966 1133 gaudia
995 1063 1278 1133 pervenire
1309 1077 1413 1116 non
1441 1076 1539 1130 per
1563 1062 1857 1115 mundanas
1885 1062 2121 1114 delecta-

544 1158 738 1219 tiones,
766 1154 859 1209 sed
910 1171 1007 1223 per
1036 1153 1213 1209 carnis
1241 1151 1556 1207 afﬂictiones
1581 1160 1636 1206 et
1664 1151 1846 1205 mundi
1878 1151 2119 1204 adversi-

544 1256 680 1301 Iatcs
704 1246 916 1315 quierit.
946 1244 1050 1299 Sed
1079 1244 1204 1312 quia
1234 1259 1341 1298 non
1374 1245 1477 1307 ire,
1504 1242 1598 1298 sed
1626 1243 1922 1297 ascendere
1948 1241 2124 1295 diruis-

539 1352 597 1390 sa
628 1351 752 1390 arca
781 1335 995 1399 dicitur,
1025 1334 1185 1388 altior
1210 1333 1296 1388 via
1326 1333 1558 1387 dimissis
1581 1333 1633 1385 in
1665 1333 1911 1387 libertate
1935 1331 2119 1385 subdi-

542 1425 610 1478 tis
658 1422 963 1477 indicatur:
1004 1423 1131 1492 quia
1174 1437 1270 1491 per
1300 1423 1437 1475 viam
1491 1421 1793 1476 Bethsamis
1820 1435 1927 1474 non
1972 1428 2121 1474 recte

542 1514 873 1581 gradiuntur,
904 1514 949 1567 si
982 1529 1086 1569 non
1114 1514 1352 1584 quotidie
1380 1514 1446 1567 de
1474 1514 1629 1568 bonis
1654 1513 1717 1566 ad
1747 1514 1968 1567 meliora
1998 1528 2120 1579 pro-

542 1601 745 1655 liciunt.
791 1600 1091 1655 Ascendere
1141 1601 1285 1655 enim
1329 1601 1535 1654 meritis
1574 1602 1849 1665 virtutum,
1884 1599 2120 1668 quotidie

2296 341 2380 395 1-5.
2413 342 2467 395 in
2523 342 2782 397 directum
2831 358 2927 411 per
2966 343 3106 398 viam
3146 359 3266 413 qua:
3294 345 3444 400 ducit
3488 345 3769 403 Bt-tltsatncs

2223 432 2333 495 ire,
2366 441 2449 485 est
2478 433 2528 486 in
2558 434 2732 487 studio
2769 434 3003 513 cwlcstis
3032 436 3378 503 perfectionis
3400 477 3418 501 ,
3449 436 3766 493 alliictionem

2220 524 2396 577 carnis
2439 531 2625 577 tenere
2669 540 2767 592 per
2794 525 3044 579 virtutem
3074 525 3431 579 discretionis.
3475 525 3601 578 Natu
3630 527 3677 579 in
3702 529 3768 581 di-

2220 623 2427 669 rectum
2451 630 2627 670 vacca:
2644 630 2976 683 nequaquam
3002 614 3339 683 gradiuntur,
3365 616 3407 669 si
3434 616 3484 669 in
3509 616 3768 674 amictione

2220 705 2397 759 carnis
2438 705 2692 759 discretio
2742 721 2849 759 non
2890 714 3155 760 servatur.
3207 705 3448 773 Denique
3490 707 3608 760 dum
3652 710 3766 763 ultra

2220 792 2437 845 modum
2468 807 2594 846 caro
2620 793 2890 859 allligitur,
2927 794 3174 848 conferre
3198 808 3356 862 opem
3380 794 3582 862 spiritui
3606 797 3768 852 cadent

2220 894 2348 934 caro
2374 882 2593 937 omnino
2619 882 2827 937 defecta
2859 899 2964 937 non
2995 882 3213 937 suflicit.
3244 882 3307 935 Et
3333 884 3376 936 si
3408 887 3563 950 digne
3585 900 3681 939 non
3707 889 3770 938 af-

2220 967 2435 1038 ﬂigitur,
2463 971 2588 1024 dum
2618 974 2893 1041 superbit,
2925 973 3070 1027 velut
3102 974 3268 1028 libera
3299 975 3503 1028 servire
3524 976 3681 1027 menti
3701 976 3770 1029 in-

2220 1060 2420 1114 domita
2449 1062 2793 1130 dedignatur.
2818 1063 2960 1117 Bene
2990 1064 3166 1131 igitur,
3199 1065 3325 1118 dum
3360 1080 3454 1132 per
3476 1065 3613 1117 viam
3642 1064 3772 1120 Beth-

2220 1153 2384 1207 samis
2408 1153 2458 1207 in
2488 1154 2750 1208 directum
2778 1170 2956 1208 vacca:
2985 1154 3062 1209 ire
3098 1155 3423 1219 referuntur,
3452 1154 3772 1223 subjunctum

2220 1252 2339 1296 est:
2369 1243 2503 1307 Quia
2540 1262 2643 1298 non
2674 1246 3000 1299 declinabant
3041 1263 3198 1317 neque
3226 1248 3295 1299 ad
3323 1247 3606 1312 dexterum,
3634 1263 3773 1319 neque

2221 1332 2289 1385 ad
2319 1334 2601 1388 sinistram.
2627 1334 2708 1388 Ad
2737 1335 3012 1389 dexteram
3034 1336 3229 1404 quippe
3257 1336 3546 1398 declinare,
3578 1346 3656 1389 (st
3683 1339 3775 1391 vir-

2223 1421 2319 1474 tuti
2350 1421 2686 1476 ah:tinentia:
2720 1423 3069 1477 immoderate
3105 1424 3351 1478 insistere
3382 1442 3394 1475 :
3427 1425 3671 1493 quia-per
3692 1424 3776 1478 ho-

2222 1527 2370 1579 nutn,
2398 1512 2540 1580 quod
2565 1513 2793 1578 videtur,
2823 1514 2962 1567 viam
2989 1513 3284 1568 deserimus
3304 1554 3321 1579 ,
3352 1514 3477 1567 dntn
3505 1514 3583 1569 sic
3612 1530 3777 1568 neces-

2221 1602 2413 1655 sariam
2443 1603 2776 1657 abstinentia:
2803 1605 3051 1658 virtutem
3080 1606 3389 1674 sequimur,
3420 1614 3476 1657 ut
3502 1605 3605 1657 alia
3642 1606 3777 1658 nobis

541 1689 606 1742 ad
640 1689 864 1744 meliora
894 1689 1155 1759 prolicere
1169 1698 1270 1743 est.
1302 1688 1407 1743 Sed
1435 1704 1555 1743 cum
1582 1699 1730 1745 recte
1745 1700 1929 1744 contra
1961 1691 2121 1744 Dcth-
2155 1694 2197 1753 Β
2225 1692 2419 1746 auxilia
2459 1693 2526 1746 de
2558 1708 2719 1748 carne
2748 1694 3142 1748 subtrahatnus.
3177 1694 3253 1747 Ad
3284 1695 3554 1748 sinistram
3582 1709 3779 1761 quoque

541 1794 716 1833 satnes
762 1793 886 1833 arca
943 1779 1175 1843 ducitur,
1226 1779 1424 1834 malum
1453 1781 1654 1847 grande
1699 1781 1841 1849 quod
1883 1782 2121 1851 perpessi

538 1868 751 1923 fuerant
793 1870 1178 1937 omnipotentis
1198 1869 1292 1924 Dei
1315 1871 1569 1939 operibus
1609 1871 1897 1924 ascrbunt.
1921 1870 2122 1924 Malum

543 1975 775 2029 namque
822 1960 1025 2027 grande
1068 1976 1188 2014 eam
1234 1962 1631 2030 percussionem
1671 1970 1886 2027 vocant,
1922 1963 1988 2014 de
2016 1976 2119 2030 qua

544 2052 785 2120 superius
815 2052 1045 2121 legitur:
1076 2052 1121 2104 F
1126 2052 1261 2106 iebat
1300 2069 1482 2106 manus
1514 2051 1723 2107 Domini
1753 2070 1905 2123 super
1943 2054 2123 2122 singu-

536 2143 620 2194 las
679 2142 910 2195 civitates
958 2142 1333 2212 interfectionis
1391 2158 1594 2213 magna:
1641 2144 1816 2195 nimis.
1879 2144 1944 2195 Et
1995 2142 2118 2210 quia

542 2231 786 2286 t-amdem
827 2230 1255 2286 interfectionem
1287 2240 1393 2286 tam
1426 2232 1494 2286 ad
1523 2234 1930 2287 conversionem
1971 2232 2121 2285 Gen-

541 2321 737 2386 tilium,
784 2337 945 2390 quam
994 2323 1060 2377 ad
1107 2321 1343 2377 ﬁdelium
1390 2322 1813 2393 delinquentium
1853 2325 2119 2377 salubrem

545 2411 1011 2478 compunctionem
1057 2411 1362 2479 retulimus,
1411 2428 1534 2467 cum
1575 2428 1698 2467 arca
1734 2424 1883 2467 recte
1932 2422 2120 2467 contra

546 2499 855 2554 Bethsames
902 2501 1168 2568 graditur,
1207 2503 1407 2556 malum
1457 2503 1584 2557 illud
1612 2504 1813 2571 grande
1842 2504 1983 2573 quod
2025 2519 2118 2557 ac-

541 2589 761 2653 ciderat,
805 2605 835 2643 a
868 2590 975 2643 Deo
1005 2605 1124 2646 esse
1167 2593 1461 2646 indicatur:
1491 2593 1612 2662 quia
1646 2593 1886 2661 profecto
1919 2594 2119 2647 electo-

541 2695 659 2732 rum
690 2680 1017 2748 singulmum
1060 2680 1179 2735 linis
1225 2682 1446 2745 indicat,
1485 2684 1718 2751 qualiter
1748 2683 2119 2751 pratdicatoris

543 2769 751 2823 animus
780 2785 965 2823 eurum
995 2771 1164 2839 prima
1193 2787 1359 2840 opera
1389 2781 1759 2841 recognoscat.

617 2886 700 2942 l4.
732 2886 862 2941 Nam
911 2888 953 2942 si
987 2888 1036 2941 in
1088 2887 1193 2942 line
1221 2888 1497 2952 deficiunt,
1545 2897 1728 2956 aperte
1758 2888 2118 2955 cognoscitur,

541 2980 661 3045 quia
713 2979 850 3032 bona
884 2994 1067 3031 eorum
1110 2978 1370 3046 principia
1402 2993 1431 3030 a
1471 2977 1694 3032 Domino
1745 2995 1849 3030 non
1884 2980 2115 3031 luerunt.

2224 1781 2514 1847 declinare,
2537 1794 2620 1837 est
2644 1784 2791 1837 carui
2816 1784 3174 1839 abundantius
3213 1785 3507 1852 indulgere.
3539 1783 3667 1836 Nam
3694 1800 3777 1851 per

2223 1882 2422 1941 aperta:
2464 1874 2794 1930 remissionis
2823 1875 3006 1928 vitium
3037 1890 3066 1928 a
3098 1875 3398 1929 Bethsamis
3434 1876 3519 1929 via
3559 1875 3779 1929 deﬂecti-

2222 1978 2359 2027 mur,
2389 1961 2512 2015 dum
2541 1978 2755 2017 carnem
2782 1979 2879 2032 per
2902 1965 3120 2019 delicias
3148 1964 3484 2031 deducimus,
3513 1966 3602 2034 qui
3628 1981 3771 2035 para-

2221 2052 2319 2107 disi
2341 2051 2479 2105 viam
2504 2052 2556 2105 in
2587 2050 2873 2107 afﬂictione
2898 2054 3206 2123 dispositam
3236 2069 3580 2108 noveramus.

2295 2160 2379 2213 ili.
2424 2159 2488 2213 Et
2515 2161 2636 2231 quia
2664 2162 2807 2216 nulla
2848 2172 2932 2217 est
2956 2164 3075 2217 vita:
3118 2164 3381 2232 parcioris
3418 2164 3708 2230 sinceritas,
3734 2167 3772 2221 si

2222 2250 2494 2305 munditia:
2522 2253 2647 2306 boni
2676 2254 2854 2321 operis
2895 2254 3207 2321 simplicitas
3235 2270 3343 2308 non
3385 2256 3674 2311 concordat
3707 2257 3776 2309 iu-

2221 2341 2495 2409 tentionis,
2531 2351 2689 2397 caute
2716 2357 3027 2411 expressum
3057 2350 3137 2398 est
3163 2361 3175 2396 :
3206 2342 3276 2396 Et
3316 2345 3501 2398 itinere
3538 2360 3651 2400 uno-
3674 2364 3780 2417 gra-

2220 2431 2283 2484 di.
2304 2430 2509 2486 bantur.
2544 2432 2661 2489 Uno
2689 2435 2887 2503 quippe
2916 2434 3105 2489 itinere
3141 2448 3188 2503 gi
3204 2436 3404 2503 aditur,
3433 2437 3522 2505 qui
3548 2440 3777 2492 virtutem

2220 2535 2381 2589 quam
2412 2524 2695 2592 praetendit
2714 2525 2763 2578 in
2785 2524 2928 2579 bono
2957 2540 3139 2594 opere,
3172 2526 3222 2578 itt
3248 2535 3395 2580 recta
3425 2535 3603 2580 servat
3622 2528 3778 2581 inten-

2222 2609 2387 2662 tione.
2436 2608 2553 2674 Quo
2598 2618 2783 2663 contra
2830 2611 2897 2664 de
2947 2628 3269 2681 unoquoque
3297 2615 3529 2681 reprobo
3558 2614 3777 2667 dicitur:

2228 2696 2320 2750 Va:
2344 2700 2597 2767 peccatori
2624 2699 2929 2769 ingredienti
2966 2710 3151 2753 terram
3182 2701 3379 2755 duabus
3410 2705 3500 2756 viis
3526 2703 3687 2766 (Ερειί
3731 2720 3778 2771 ιι,

2222 2785 2331 2859 id).
2367 2786 2580 2841 Duabus
2606 2790 2805 2858 quippe
2836 2791 2933 2843 viis
2959 2802 3209 2860 peccator
3237 2801 3435 2846 terram
3478 2796 3776 2862 ingreditur,

2220 2892 2341 2930 cmn
2385 2877 2477 2931 Dei
2510 2879 2721 2933 videtur
2760 2895 2880 2935 esse
2923 2883 3064 2949 quod
3109 2884 3235 2950 agit,
3261 2884 3357 2938 sed
3387 2899 3455 2939 ex
3488 2887 3629 2939 omni
3652 2888 3779 2954 quod

2222 2967 2530 3032 religiosum
2578 2966 2704 3023 foris
2749 2971 3002 3035 exhibet,
3044 2972 3187 3026 intus
3226 2975 3404 3028 saeculi
3451 2976 3779 3028 intentionem

546 3066 692 3121 Unde
721 3076 775 3121 et
804 3068 901 3121 sub
925 3070 1049 3120 iitur
1075 3086 1087 3121 :
1146 3069 1243 3121 Sin
1282 3077 1450 3120 autem
1496 3069 1729 3130 minime,
1778 3069 1968 3120 scimus
1998 3072 2116 3138 quia
2147 3044 2194 3106 δ
2227 3065 2389 3111 ῑεηοῑ-
2427 3056 2541 3112 U00
2571 3068 2747 3113 autem
2771 3061 2965 3116 itinere
2989 3063 3136 3131 gradi
3167 3065 3367 3119 electos
3392 3080 3517 3118 suos
3547 3066 3784 3118 Domitus

543 3172 859 3227 nequaquam
889 3174 1073 3209 manus
1115 3158 1224 3226 ejus
1259 3159 1421 3227 tetigit
1465 3174 1579 3219 nos,
1629 3158 1717 3210 scd
1748 3174 1867 3209 casu
1909 3160 2117 3213 accidit.

545 3245 729 3299 Manus
759 3248 967 3300 Domini
1012 3248 1136 3315 quid
1165 3256 1265 3311 est,
1300 3250 1397 3302 nisi
1430 3250 1732 3316 uuigcnitus
1766 3248 1935 3302 Patris
1963 3259 2123 3304 acter-

544 3337 595 3388 ni
621 3337 644 3388 ‘t
670 3336 827 3388 Manu
861 3351 1089 3403 namque
1125 3336 1335 3389 Domini
1365 3353 1469 3390 non
1502 3346 1810 3403 tanguntur,
1840 3339 1930 3407 qui
1967 3340 2119 3409 153

547 3441 652 3478 non
685 3426 1032 3493 iuSpiratinne
1063 3427 1223 3479 divini
1256 3428 1420 3489 verbi,
1452 3429 1543 3481 sed
1568 3428 1741 3482 subita
1774 3430 2119 3483 deliberatio-

504 3564 507 3567 η
547 3530 614 3567 tte
631 3514 806 3567 cordis
825 3515 901 3567 sui
929 3530 957 3566 a
976 3514 1195 3582 pristina
1224 3518 1631 3570 conversatione
1659 3526 1993 3585 separantur.
2018 3517 2119 3583 Qui

544 3613 694 3657 certe
726 3612 872 3657 tanto
920 3604 1150 3657 celerius
1189 3605 1256 3657 ab
1294 3604 1525 3674 incu'pta
1566 3606 1691 3659 boni
1716 3616 1802 3659 ate
1847 3607 2117 3672 deficiunt,

544 3704 746 3760 quanto
776 3694 916 3763 quod
960 3710 1055 3761 per
1083 3702 1284 3748 arctam
1334 3696 1476 3748 viam
1526 3695 1729 3763 ingredi
1770 3696 1834 3748 ad
1864 3706 2007 3751 teter.
2034 3713 2121 3751 am

544 3786 766 3853 patriam
801 3794 1215 3855 proposuerant,
1247 3802 1349 3857 qua
1381 3788 1693 3842 fortitudine
1722 3789 2121 3859 exsequendum

541 3883 704 3939 esset,
728 3878 1072 3944 prtccogitare
1090 3879 1416 3933 nescierunt.
1439 3877 1615 3944 Quare
1639 3887 1763 3948 apte
1785 3879 1982 3934 dictum
2005 3889 2120 3933 est:

542 3962 678 4017 Casu
710 3967 918 4021 accidit.
950 3967 1104 4032 Quod
1132 3968 1271 4021 enim
1307 3984 1433 4023 casu
1461 3969 1677 4034 accidit,
1718 3969 1898 4025 subito
1929 3978 1984 4024 et
2008 3970 2123 4024 sine

545 4054 771 4108 consilio
801 4064 857 4108 ct
905 4056 1209 4124 provisione
1238 4058 1519 4125 contingit.
1550 4056 1684 4112 Cum
1716 4073 1844 4126 ergo
1892 4059 1945 4112 hi
1973 4061 2062 4127 qui
2092 4075 2123 4113 a

546 4143 727 4195 tunndi
758 4159 964 4211 amore,
995 4145 1109 4198 sive
1137 4146 1229 4213 qui
1258 4146 1325 4199 ab
1356 4146 1669 4201 infidelitate
1712 4147 2020 4203 discessisse
2045 4148 2125 4202 vi-

545 4233 811 4287 debantur
839 4233 1105 4298 conversi,
1137 4234 1204 4286 ad
1251 4235 1445 4303 prioris
1476 4235 1597 4289 vita:
1642 4236 1934 4304 nequitiam
1984 4238 2124 4290 revi-

546 4322 598 4375 vi
629 4339 711 4376 cu.
738 4331 776 4383 t,
807 4333 993 4390 aperte
1020 4323 1384 4389 cognoscitur,
1412 4323 1534 4392 quia
1564 4339 1669 4377 non
1700 4339 1858 4378 manu
1890 4324 2119 4389 Domini,

547 4420 602 4465 ut
634 4412 947 4465 videbantur
974 4412 1260 4478 interfecti,
1290 4412 1382 4466 sed
1411 4412 1684 4466 accidente
1714 4427 1840 4467 casu
1871 4428 1901 4466 a
1944 4414 2124 4483 pristi-

545 4519 613 4558 na
643 4504 749 4559 sint
794 4505 1201 4558 conversatione
1228 4504 1483 4572 separati.
1515 4503 1799 4573 Sequitur:

616 4616 791 4687 (Vers.
829 4616 913 4683 10,
948 4616 1058 4685 il.)
1092 4614 1349 4669 Fecerunt
1373 4618 1453 4670 illi
1475 4620 1569 4671 hoc
1598 4618 1748 4671 modo
1768 4658 1781 4682 ,
1810 4628 1861 4671 et
1889 4618 2123 4672 tollentes

544 4708 674 4760 dum
704 4724 882 4761 vaccas
898 4708 1185 4776 junxerunt
1210 4707 1280 4759 ad
1306 4706 1612 4776 plaustrum,
1644 4708 1924 4779 vitulosque
1945 4725 2123 4762 earum

544 4798 835 4851 clauserunt
863 4799 1000 4852 danti
1018 4839 1034 4865 ,
1075 4807 1123 4850 et
1162 4808 1439 4868 posuerunt
1461 4814 1638 4852 arcum
1673 4798 1767 4852 Dei
1795 4816 1946 4868 super
1974 4800 2122 4869 pluu-

544 4896 729 4952 strum,
753 4898 801 4941 et
822 4889 1099 4956 capsellam
1119 4904 1233 4958 qua:
1261 4886 1478 4941 habebat
1498 4905 1667 4942 mures
1696 4906 1879 4943 aureos
1905 4900 1952 4943 et
1979 4892 2125 4945 simi-

546 4976 789 5031 litudines
814 4995 1049 5031 auorum.

618 5066 753 5130 Quia
785 5066 897 5120 ha:c
919 5082 1078 5135 supra
1100 5067 1259 5123 latius
1286 5069 1533 5138 exposita
1565 5077 1715 5135 sunt,
1759 5069 1885 5139 quid
1921 5070 2029 5138 jam
2072 5071 2125 5125 in

546 5167 607 5206 se
660 5154 726 5208 dc
769 5155 996 5224 spiritali
1036 5158 1339 5214 eruditione
1388 5161 1661 5215 contineat
1704 5161 1817 5231 ipsa
1860 5162 2126 5232 profectio

546 5261 707 5311 arcae,
737 5245 1035 5299 videamus.
1063 5245 1193 5299 Nam
1223 5249 1464 5315 sequitur
1494 5268 1507 5303 :

619 5337 796 5405 (Vers.
826 5336 939 5405 12.)
964 5335 1118 5388 Ibant
1148 5348 1316 5391 autem
1337 5340 1388 5392 in
1410 5340 1655 5394 directum
1684 5359 1850 5397 vacca:
1870 5362 1960 5414 per
1988 5347 2120 5399 viam

547 5442 661 5493 qua:
690 5428 830 5479 ducit
856 5426 1174 5491 Betltsames,
1195 5436 1244 5481 et
1274 5429 1454 5483 itinere
1473 5447 1574 5484 uno
1597 5433 1990 5503 gradiebantur,
2010 5452 2125 5503 per-

548 5524 718 5583 gentes
747 5526 796 5568 et
823 5516 1105 5585 mugientcs
1134 5532 1153 5570 :
1170 5528 1218 5568 et
1243 5534 1347 5570 non
1374 5519 1699 5575 declinabant
1720 5540 1876 5592 neque
1903 5526 1972 5577 ad
2000 5526 2125 5579 dex-

551 5611 735 5666 teram,
766 5621 921 5672 neque
948 5605 1014 5656 ad
1042 5607 1325 5659 sinistram.

2222 3150 2477 3215 insi-:uat,
2508 3150 2689 3205 dicens
2721 3170 2733 3204 :
2766 3151 2826 3206 Si
2855 3154 3031 3206 oculus
3063 3164 3173 3206 tuus
3198 3156 3351 3224 fuerit
3378 3156 3617 3223 simplex,
3643 3165 3783 3207 totmn

2222 3256 2404 3308 corpus
2436 3250 2574 3292 tuum
2594 3240 2817 3293 Incidunt
2838 3243 2933 3294 erit
2961 3242 3172 3311 (Matth.
3202 3260 3271 3310 vr,
3304 3243 3416 3315 9.2).
3452 3243 3584 3297 llinc
3605 3242 3786 3295 Paulus

2222 3329 2338 3381 ait:
2374 3329 2551 3383 Gloria
2579 3341 2756 3384 nostra
2797 3334 2905 3386 Ita’c
2946 3344 3042 3399 est,
3089 3336 3432 3387 testimonium
3476 3337 3787 3388 conscientia:

2222 3428 2412 3474 nostra:
2442 3418 2527 3488 (II
2556 3419 2673 3474 Cor.
2700 3437 2739 3487 ι,
2769 3421 2874 3488 12).
2910 3421 3045 3477 Hinc
3073 3422 3233 3476 David
3262 3441 3274 3475 :
3302 3423 3487 3476 Omnis
3508 3426 3671 3495 gloria
3690 3427 3785 3495 ejus

2221 3509 2347 3576 lilia:
2390 3511 2522 3579 regis
2565 3509 2628 3561 ab
2672 3511 2807 3562 intus
2840 3509 3010 3577 (Psal.
3055 3528 3195 3575 XLIV,
3231 3511 3341 3580 14).
3377 3512 3493 3565 Uno
3526 3514 3682 3580 igitur
3710 3513 3784 3565 iti-

2222 3615 2289 3652 ne
2320 3614 2348 3653 e
2380 3607 2564 3654 contra
2593 3600 2903 3655 Bc.hsantes
2932 3618 3105 3656 vacca:
3133 3604 3470 3670 gradiuntur,
3496 3606 3618 3671 quia
3644 3604 3787 3657 electi

2222 3690 2286 3743 ad
2313 3698 2566 3742 rcternam
2598 3691 2822 3758 patriam
2855 3690 3200 3756 feStinantes,
3247 3693 3388 3745 bona
3440 3692 3569 3747 foris
3615 3702 3788 3760 agunt,

2223 3782 2315 3834 sed
2346 3796 2410 3834 ex
2433 3780 2633 3835 eisdem
2656 3780 2811 3836 bonis
2841 3782 3093 3851 operibus
3124 3782 3307 3837 smculi
3338 3784 3557 3853 prsentia
3590 3799 3692 3836 non
3717 3799 3791 3835 rc-

2222 3870 2462 3939 quirunt.

2296 3979 2380 4032 l7.
2415 3978 2549 4046 Quid
2573 3989 2653 4035 est
2674 3989 2850 4036 autem
2880 3982 3021 4050 quod
3048 3983 3114 4037 de
3135 3983 3337 4037 eisdem
3365 3982 3545 4037 vaccis
3586 3981 3791 4045 dicitur,

2224 4069 2347 4140 quia
2376 4069 2745 4139 gradiebantur
2784 4082 3052 4143 pergentes
3100 4080 3148 4126 et
3186 4073 3493 4142 mugientes.
3536 4069 3645 4126 Sed
3677 4087 3791 4141 per-

2223 4171 2351 4226 gere
2390 4159 2655 4227 dicuntur,
2680 4164 2805 4231 quia
2834 4163 3004 4216 sancti
3037 4163 3133 4217 viri
3174 4162 3316 4216 bona
3366 4163 3699 4216 incessanter
3726 4161 3796 4213 fa-

2224 4250 2371 4303 ciunt
2400 4267 2412 4301 :
2453 4249 2610 4320 15A
2648 4251 2888 4319 mugiunt
2912 4266 3042 4306 vero
3063 4289 3077 4313 ν
3108 4250 3233 4319 Quia
3262 4250 3499 4304 carnalia
3544 4249 3799 4303 desidit-ria

2228 4340 2278 4392 in
2314 4342 2612 4410 emetipsis
2645 4343 2985 4412 eXstinguere
3008 4342 3122 4397 sine
3147 4356 3339 4411 magna
3367 4343 3609 4411 quotidie
3644 4344 3797 4396 tribu-

2230 4434 2426 4488 latione
2466 4450 2571 4488 nou
2618 4446 2859 4504 possunt.
2904 4436 3107 4506 Mugirc
3156 4455 3420 4508 namque,
3454 4440 3520 4495 ad
3569 4442 3807 4495 laborent

2227 4524 2541 4579 edomandac
2570 4526 2746 4580 carnis
2775 4528 3040 4596 pertinet;
3094 4544 3316 4599 pergere
3344 4541 3557 4599 autem,
3590 4532 3655 4585 ad
3684 4548 3803 4600 per-

2227 4616 2580 4670 sevcrantiam
2604 4617 2756 4671 bona:
2781 4618 3090 4673 voluntatis.
3127 4619 3259 4673 Nam
3290 4620 3418 4675 dum
3441 4632 3634 4678 contra
3657 4634 3804 4675 natu-

2227 4720 2343 4758 ram
2382 4720 2507 4759 caro
2536 4707 2776 4762 carnales
2804 4722 2979 4763 motus
3007 4714 3362 4784 comprimere
3385 4716 3630 4786 cogitur,
3663 4717 3807 4770 velut

2229 4796 2398 4864 mugit
2441 4797 2564 4851 dum
2611 4800 2869 4867 graditur,
2902 4803 3025 4870 quia
3078 4806 3293 4874 propria
3320 4807 3584 4862 desideria
3636 4809 3804 4863 adim-

2230 4887 2381 4956 plere
2409 4889 2736 4957 prohibetur.
2770 4892 2909 4946 Bene
2937 4895 3132 4964 quippe
3155 4896 3261 4950 duo
3286 4897 3400 4953 lucc
3420 4898 3473 4952 in
3502 4907 3807 4954 sanctorum

2229 4978 2563 5047 profectione
2578 4981 2973 5053 describuntur,
2992 4986 3243 5042 videlicet
3265 5002 3491 5057 pergere
3510 4998 3567 5045 et
3587 4991 3805 5059 mugire.

2231 5069 2367 5137 Quia
2412 5071 2511 5125 etsi
2566 5072 2644 5125 eis
2690 5073 2757 5126 ad
2806 5088 3093 5143 supernam
3146 5078 3374 5145 patriam
3416 5079 3805 5146 festinantibu=,

2229 5174 2419 5227 magna
2444 5171 2526 5213 est
2562 5160 2814 5215 instantia
2843 5162 3111 5227 desiderii,
3143 5173 3227 5218 est
3256 5166 3609 5222 nzltilontinus
3639 5170 3807 5223 iuviu-

2230 5248 2401 5304 cibilis
2416 5249 2686 5318 patientia
2712 5251 2930 5305 laboris.
2962 5252 3095 5306 Nam
3129 5255 3195 5307 de
3227 5255 3309 5310 his
3335 5259 3513 5312 vaccis
3542 5275 3739 5328 pergen
3767 5260 3804 5312 i-

2230 5340 2330 5393 bus
2360 5355 2453 5408 per
2480 5338 2815 5393 Ezechielem
2847 5340 3041 5395 dicitur
3068 5358 3080 5393 ;
3114 5340 3237 5397 Non
3268 5348 3670 5412 revertebantur,
3704 5362 3808 5400 cum

2231 5430 2522 5483 incederent
2549 5429 2759 5497 (Ezec/t.
2790 5446 2823 5483 ι.
2854 5429 2961 5499 12).
2984 5431 3277 5486 νεςοτινιιηι
3300 5450 3518 5503 quoque
3533 5437 3805 5503 mugitum,

2233 5531 2289 5574 et
2314 5536 2529 5574 causam
2559 5521 2805 5587 εχινήηιίι
2848 5520 3043 5574 Paulus
3062 5563 3078 5588 ,
3109 5523 3292 5577 dicens
3317 5543 3330 5576 :
3373 5525 3534 5580 l'idco
3563 5530 3722 5580 aliam
3752 5530 3815 5578 tr-

2237 5627 2348 5681 gem
2378 5610 2805 5664 cuttradit‘cntcm
2847 5610 2945 5679 legi
2975 5615 3157 5667 mentis
3186 5631 3330 5680 utar,
3362 5627 3409 5668 ct
3453 5618 3708 5686 captivum
3738 5632 3805 5668 me
