3962 6302
170 351 255 408 195

959 341 1022 397 ΙΝ
1061 342 1328 399 PRIMUM
1369 337 1607 398 BEGUM
1649 343 2160 404 EXPOSITIONES.
2202 379 2268 390 —
2307 353 2434 409 LIB.
2477 351 2562 407 lli.

3290 363 3388 419 1.91

163 472 397 523 ducentem
436 463 490 516 in
535 461 646 531 lege
689 461 904 530 peccati.
939 459 1134 529 Infelix
1175 477 1268 532 ego
1292 461 1465 526 homo,
1491 462 1608 530 quis
1632 478 1714 515 me
1740 461 1787 522 Δ
1817 462 2068 532 plationis
2089 465 2444 533 altitudinem,
2475 475 2568 522 aut
2594 481 2694 538 per
2719 483 2923 540 assum;
2938 471 3138 526 tionem
3165 478 3393 531 retribu-

165 556 371 613 lilterabit
389 553 450 606 de
467 568 682 622 corpore
707 551 889 604 mortis
919 551 1068 621 Imjus
1085 551 1110 603 Ρ
1141 550 1319 622 (Rom.
1342 568 1433 619 vn,
1475 551 1564 615 25,
1592 551 1708 620 24.)

160 645 374 713 hlngiunt
395 654 523 709 ergo
546 653 747 704 vacem,
777 638 872 693 sed
918 647 1146 709 pergunt
1179 656 1191 692 :
1225 639 1347 708 quia
1388 640 1561 694 sancti
1587 639 1708 704 viri,

161 737 247 793 ct-i
269 747 444 802 magna
475 740 600 786 sunt
627 737 960 784 tentamenta
984 743 1102 801 qua:
1131 730 1425 800 perferunt,
1455 729 1594 782 viam
1626 735 1710 782 ta-

159 843 265 884 men
299 837 536 895 superna:
577 820 762 890 patria:
797 835 902 874 non
934 819 1261 888 relinquunt.
1290 817 1527 887 Pergunt
1549 819 1707 884 item,

158 918 239 974 sed
266 915 496 984 mugiunt
525 930 539 964 :
565 910 690 981 quia
719 910 819 963 etsi
849 910 1054 978 magnis
1079 908 1358 963 desideriis
1387 907 1452 961 ad
1479 921 1711 977 superna

158 1013 460 1081 properant,
490 999 788 1072 profectum
819 1010 996 1054 tamen
1025 999 1246 1067 superni
1277 997 1482 1052 itineris
1511 1012 1617 1051 non
1649 996 1712 1050 do

156 1101 316 1168 quiete
359 1094 508 1164 pacis
537 1091 816 1158 obtinent,
844 1090 938 1146 sed
981 1105 1048 1144 ex
1079 1088 1350 1159 triumpho
1377 1086 1708 1143 tentationis.

156 1189 385 1259 Sequitur
423 1203 437 1238 :

215 1275 517 1349 (Vcrs.12.)
549 1273 656 1329 Sed
699 1281 749 1326 et
793 1280 1023 1339 satrapa:
1057 1269 1485 1324 Pliilislhinorum
1534 1284 1714 1340 seque-

156 1371 322 1423 bantur
348 1382 506 1435 nsque
531 1363 600 1416 ad
625 1363 869 1416 terminos
899 1360 1207 1413 Bethsamis.

214 1459 294 1511 18.
334 1455 562 1521 Quinam
609 1459 735 1506 sunt
775 1450 988 1504 termini
1031 1449 1098 1502 ad
1131 1464 1268 1518 quos
1305 1448 1454 1516 sequi
1499 1445 1708 1516 prolici-

151 1555 366 1602 sccntcm
392 1557 572 1597 arcam
599 1541 694 1594 Dei
714 1538 948 1609 pmlatis
972 1537 1333 1602 necessarium
1363 1545 1467 1602 est,
1497 1543 1553 1591 et
1576 1549 1712 1603 quos

151 1638 196 1691 in
236 1650 364 1688 arca:
410 1631 505 1686 Dei
545 1630 801 1685 comitatu
848 1626 1094 1696 progredi
1133 1640 1424 1693 congruum
1459 1639 1562 1679 non
1591 1625 1712 1679 est?

151 1727 278 1793 Quos
304 1723 557 1778 nimirum
587 1720 846 1775 terminos
886 1718 932 1772 si
965 1704 1291 1785 accipiamus
1322 1716 1374 1770 in
1413 1715 1712 1770 eruditione

1814 552 2002 617 tionis,
2031 555 2098 608 ad
2135 565 2335 612 aeterna
2364 559 2556 627 gaudia
2583 561 2919 616 sublimatur.
2949 562 3048 628 Qui
3077 578 3206 632 ergo
3234 577 3392 620 teter-

1812 657 1938 696 num
1968 643 2144 709 illum,
2170 653 2225 699 et
2263 647 2584 702 inellabilem
2608 665 2744 704 arca:
2765 651 2926 704 situm
2962 652 3100 706 scire
3130 669 3234 707 non
3267 672 3390 723 pos~

1812 745 2015 795 smnus,
2048 746 2130 794 ea,
2163 747 2284 800 qua:
2329 735 2396 789 de
2445 736 2572 800 isto,
2599 752 2759 805 quem
2810 738 3086 804 novimus,
3117 741 3389 804 dicuntur,

1812 818 2110 874 audiamus.
2161 819 2297 886 Quid
2326 831 2408 876 est
2433 838 2581 891 ergo,
2613 823 2760 892 quod
2808 825 3149 880 Bethsamita:
3188 839 3395 884 metunt

1813 905 2045 959 triticum
2089 905 2142 958 in
2173 907 2347 974 valle,
2382 908 2482 962 nisi
2527 911 2651 977 quia
2689 911 3117 979 contemplativa:
3146 914 3266 968 vita:
3302 915 3391 969 de-

1810 990 1928 1058 diti,
1949 991 2168 1046 delicias
2215 992 2439 1048 internae
2486 994 2792 1051 refectionis
2831 999 3088 1068 colligunt
3118 1001 3168 1055 in
3197 1003 3395 1059 virtute

1813 1081 2162 1136 humilitatis?
2186 1082 2352 1136 Vallis
2377 1084 2574 1154 quippe
2601 1085 2652 1139 in
2674 1102 2829 1142 sacro
2851 1087 3066 1156 eloquio
3086 1092 3395 1147 mstimatin—

1812 1186 1934 1224 nem
1968 1171 2212 1240 designat
2257 1174 2560 1240 humilium,
2590 1174 2869 1230 Psalmista
2914 1186 3165 1248 testante,
3193 1182 3284 1251 qni
3327 1183 3394 1238 dc

1814 1263 2039 1316 Domino
2078 1263 2334 1332 loquens,
2366 1265 2440 1319 ait
2469 1284 2481 1318 :
2516 1263 2616 1329 Qui
2643 1268 2830 1321 emittis
2861 1270 3026 1338 fontes
3060 1271 3111 1323 in
3143 1274 3394 1326 conualli-

1813 1352 1903 1407 bus
1936 1353 2106 1424 (Psal.
2136 1369 2246 1419 cm,
2282 1353 2393 1424 lO).
2426 1354 2560 1408 Nam
2591 1355 2907 1412 inlusionem
2938 1375 3182 1429 superna:
3209 1363 3394 1428 gratia:

1813 1444 2080 1499 mentibus
2119 1445 2350 1498 infundit
2394 1445 2664 1513 dispositis
2694 1461 2788 1515 per
2818 1447 3195 1502 humilitatem.
3228 1449 3393 1502 Beth-

1812 1536 2018 1589 snmitze
2046 1549 2176 1602 ergo
2204 1535 2255 1589 in
2285 1536 2421 1590 valle
2457 1536 2690 1591 triticum
2720 1547 2964 1592 metunt:
2994 1542 3118 1608 quia
3150 1551 3392 1596 conteru-

1813 1621 2039 1690 p‘ationi
2083 1631 2364 1688 vacantes,
2409 1622 2534 1676 dum
2579 1639 2676 1692 pro
2723 1610 3035 1680 humilitatis
3064 1629 3256 1682 metito
3282 1629 3394 1682 cla-

1813 1711 1926 1766 rius
1959 1726 2192 1780 superna
2214 1711 2573 1781 conspiciunt,
2606 1712 2674 1766 ad
2705 1716 3006 1770 suaviorem
3045 1733 3086 1770 rt
3106 1716 3392 1772 lectionem

148 1790 270 1870 sacri
297 1811 532 1880 eloquii,
563 1818 617 1864 et
667 1809 808 1864 b0na
854 1805 1196 1877 operatione,
1225 1803 1555 1859 contrarium
1598 1819 1704 1858 non
1741 1790 1783 1848 Β
1811 1802 2067 1855 mentium
2099 1801 2266 1870 ligant
2288 1801 2590 1872 manipulos
2615 1803 2950 1870 gaudiorum.
2981 1806 3114 1860 Nam
3146 1808 3391 1862 triticrus

149 1906 358 1960 videtur.
381 1901 488 1955 Sed
517 1900 572 1953 hi
602 1897 844 1969 proiecto
872 1895 1090 1951 termini
1121 1895 1439 1957 Bethsamis,
1472 1909 1709 1963 sequen-

148 1994 266 2047 tium
311 1989 611 2060 principum
663 1986 875 2041 termini
923 1992 1079 2048 sunt,
1111 2001 1231 2038 tuan
1279 1999 1377 2054 pro
1426 1985 1585 2038 modo
1612 1997 1710 2039 suo

149 2082 357 2148 quisque
398 2091 566 2146 super
606 2073 833 2129 subditis
861 2072 1132 2143 perlectus
1174 2080 1258 2126 est
1301 2071 1544 2126 doctrina
1573 2071 1708 2125 sacri

147 2171 346 2242 eloquii.
377 2179 431 2223 et
474 2184 573 2223 usu
617 2168 770 2221 bona:
810 2164 1160 2235 operationis.
1207 2161 1287 2216 Eo
1329 2161 1467 2216 enim
1494 2161 1603 2230 jam
1643 2160 1711 2214 de

148 2261 236 2313 isto
263 2271 482 2312 securus
528 2264 711 2324 pastor
736 2252 989 2319 eflititur,
1020 2266 1128 2319 quo
1157 2258 1212 2304 et
1245 2259 1400 2305 caute
1419 2249 1526 2318 jam
1556 2249 1650 2317 spi'
1671 2249 1712 2302 i~

147 2347 259 2400 talia
280 2344 561 2412 conSpicit,
595 2350 648 2396 et
676 2356 740 2396 ea
783 2355 902 2408 quae
945 2339 1154 2393 ratione
1191 2339 1454 2406 comperit
1497 2337 1711 2391 fortitu-

147 2435 257 2490 dine
299 2434 422 2488 boni
453 2432 638 2500 operis
667 2429 1036 2499 apprehendit.
1071 2427 1170 2493 Qui
1212 2427 1449 2496 profecto
1477 2425 1710 2493 termini,

150 2523 428 2577 Bethsamis
478 2536 601 2576 esse
650 2520 863 2575 termini
918 2518 1365 2586 dicuntur:quia
1422 2517 1711 2584 nimirum,

149 2613 260 2668 dum
287 2613 526 2667 eruditos
558 2611 653 2664 Dei
682 2623 962 2678 operarios
1009 2608 1290 2676 dignanter
1329 2607 1618 2674 excipiunt,
1648 2607 1712 2660 ad

152 2705 644 2771 contemplationem
677 2716 923 2770 superna:
964 2701 1147 2769 patria:
1186 2699 1548 2752 introducunt.
1584 2697 1640 2750 Το
1663 2715 1717 2751 r-

151 2796 267 2850 mini
289 2810 522 2862 namque
558 2802 682 2846 sunt
713 2811 725 2845 :
757 2793 881 2860 quia
915 2800 970 2846 et
995 2792 1182 2859 dignos
1211 2792 1276 2844 ad
1307 2790 1716 2858 contemplatio--

156 2901 263 2939 nem
313 2885 649 2953 suscipiunt,
681 2883 927 2950 indignos
953 2882 1243 2951 expellunt.
1275 2880 1480 2934 lndocti
1518 2881 1716 2949 quippe

153 2975 191 3030 si
219 2975 279 3027 ad
315 2973 733 3042 contemplanda
776 2973 1021 3026 sobtilius
1063 2985 1291 3039 superna
1330 2984 1390 3024 se
1432 2969 1716 3024 sustollere

154 3075 479 3135 pnesnmnnt,
531 3063 708 3134 potius
753 3063 982 3117 errando
1033 3062 1280 3124 deviant,
1331 3075 1488 3129 quam
1536 3060 1713 3113 lumen

1810 1891 1993 1958 panis,
2021 1891 2158 1945 sicut
2186 1899 2406 1961 aspectu
2431 1891 2723 1958 candidior,
2754 1892 2826 1947 ita
2854 1903 2908 1948 et
2933 1909 3128 1962 sapore
3154 1897 3389 1951 delecta-

1809 1979 1967 2033 bilior
1991 1986 2093 2032 est.

1879 2066 1968 2120 20.
2001 2066 2110 2121 Sed
2142 2067 2367 2122 fortasse
2404 2069 2457 2122 in
2489 2069 2587 2122 ista
2618 2071 2725 2125 vita
2750 2071 2928 2127 adhuc
2967 2072 3125 2143 positi
3157 2089 3263 2127 non
3294 2089 3386 2126 sn-

1809 2157 2002 2210 mimus
2033 2173 2263 2227 panem,
2292 2160 2386 2212 sed
2441 2160 2615 2228 Spicas
2663 2162 2942 2228 metimus;
2994 2163 3044 2215 in
3084 2163 3173 2216 illa
3203 2171 3382 2216 autem

1813 2263 2043 2318 superna
2087 2249 2197 2303 vita
2247 2251 2621 2315 beatitudinis,
2664 2269 2770 2307 non
2821 2255 3028 2324 spicas,
3057 2255 3152 2311 sed
3198 2271 3391 2326 pauc-ra

1813 2339 2218 2393 manducamus.
2273 2340 2329 2392 ln
2361 2341 2375 2393 i
2409 2351 2459 2393 ta
2496 2343 2692 2395 ctenim
2725 2345 2830 2398 vita
2855 2387 2870 2412 ,
2901 2361 3021 2400 cum
3053 2346 3120 2399 ad
3149 2355 3394 2401 conteru-

1812 2428 2007 2500 p‘anda
2028 2437 2226 2482 (eterna
2254 2431 2606 2495 sustollitnur,
2630 2447 2980 2500 supernorum
3004 2451 3181 2489 rerum
3204 2436 3321 2489 simi
3347 2437 3393 2488 i-

1815 2520 2026 2574 tndines
2073 2534 2268 2588 capere
2313 2521 2377 2572 de
2415 2520 2574 2574 rebus
2621 2521 2738 2574 istis
2788 2522 2982 2577 inlimis
3021 2531 3076 2576 et
3104 2523 3398 2576 visibilibus

1815 2610 2031 2663 nitimur
2063 2627 2075 2661 :
2103 2616 2158 2660 ut
2182 2609 2334 2676 juxta
2365 2610 2563 2676 egregii
2585 2609 2820 2664 doctoris
2848 2628 3035 2666 vocem
3063 2653 3078 2679 ,
3115 2611 3398 2666 Invisibilia

1817 2716 1848 2751 a
1877 2708 2115 2752 creatura
2139 2699 2337 2761 mundi,
2371 2715 2460 2768 per
2485 2715 2546 2750 ea
2586 2716 2698 2768 qua:
2717 2701 2936 2755 visibilia
2967 2704 3107 2772 facta
3137 2712 3275 2766 sunt,
3310 2719 3399 2756 co-

1817 2804 2122 2857 gnoscamus
2151 2787 2327 2857 (Rom.
2364 2804 2413 2854 ι,
2443 2788 2554 2855 20).
2580 2787 2755 2854 Quare
2776 2800 2830 2843 et
2868 2791 2958 2845 il'e
2984 2806 3145 2845 verus
3176 2791 3399 2845 Bell.S:l-

1817 2879 1966 2939 mila.
2000 2885 2053 2931 et
2082 2879 2408 2931 domesticus
2435 2878 2566 2932 solis
2589 2878 2806 2945 justitia:
2831 2880 3123 2946 exsultans,
3154 2881 3228 2934 ait
3252 2898 3264 2932 :
3289 2879 3398 2933 De-

1818 2967 2012 3022 lectain
2041 2985 2140 3034 me,
2174 2967 2420 3031 Domine,
2464 2969 2517 3021 in
2563 2971 2764 3038 [actura
2819 2979 2903 3022 tua
2928 3009 2944 3035 ,
2975 2980 3024 3023 et
3070 2973 3122 3024 in
3163 2971 3401 3040 operibus

1819 3075 2064 3111 manuum
2112 3069 2314 3111 tuarum
2360 3058 2648 3112 exsultabo.
2705 3059 2872 3123 Quam
2921 3063 3253 3131 magniﬁcata
3284 3070 3401 3114 sunt

153 3158 373 3211 veri‘atis
402 3155 840 3226 apprehendant.
869 3154 936 3207 Et
964 3155 1061 3208 ni:i
1089 3155 1203 3222 quis
1231 3154 1370 3207 bona
1393 3166 1556 3220 opera
1583 3166 1717 3218 pnc-
1745 3149 1787 3207 (ἶ
1820 3165 1973 3219 Opera
2005 3159 2110 3211 tua,
2137 3148 2380 3215 Domine,
2412 3149 2562 3201 nimis
2585 3150 2858 3219 profunda:
2886 3152 3039 3220 [actm
3064 3160 3181 3203 sunt
3205 3151 3405 3219 cogita-

153 3248 329 3311 m'ttat,
354 3248 458 3301 hoc
486 3247 733 3316 profecto
760 3247 891 3312 agit,
925 3255 983 3298 ut
1022 3245 1162 3298 illam
1190 3259 1348 3312 quatn
1377 3242 1579 3312 appetit
1607 3242 1720 3296 cla-

155 3339 345 3391 ritatem
376 3338 606 3391 interna:
637 3336 874 3399 visionis,
901 3350 1171 3404 nunquam
1201 3334 1456 3388 inveniat.
1489 3331 1640 3387 Unde
1667 3339 1722 3386 ct

157 3426 390 3480 Dominus
413 3426 466 3479 in
507 3424 818 3494 Evango-lio,
848 3425 1001 3494 qua~i
1033 3424 1098 3478 ad
1139 3424 1396 3478 terminos
1425 3421 1722 3476 Bethsamis

156 3515 572 3583 cont-mplativu:
599 3514 721 3567 vita:
748 3523 1016 3567 amatores
1045 3514 1410 3567 transmittens
1429 3554 1446 3580 ,
1478 3512 1553 3566 ait
1579 3529 1595 3565 :
1621 3509 1722 3574 Qui

155 3607 290 3660 habet
333 3605 487 3661 verba
519 3620 656 3668 mea,
687 3613 737 3657 et
778 3605 905 3672 facit
945 3620 1028 3671 ea,
1060 3603 1142 3656 hic
1166 3613 1242 3657 est
1267 3604 1354 3672 qui
1382 3619 1462 3656 me
1492 3602 1661 3672 diligit
1699 3617 1720 3657 :

155 3697 230 3766 qui
253 3706 414 3748 autem
445 3694 620 3765 diligit
642 3711 742 3760 me,
766 3695 1010 3763 diligetur
1038 3710 1069 3746 α
1099 3692 1259 3746 Patre
1286 3708 1419 3756 meo,
1451 3699 1500 3745 et
1522 3708 1614 3762 ego
1640 3691 1724 3744 di-

153 3784 295 3853 ligam
321 3800 459 3848 eum,
482 3793 533 3836 et
564 3781 908 3852 manifestabo
930 3782 977 3834 ei
998 3783 1244 3851 meipsttm
1275 3780 1454 3851 (Joan.
1476 3796 1586 3846 xw,
1608 3779 1722 3850 2-1).

107 3899 110 3901 λ
156 3871 243 3937 Qui
264 3875 400 3927 enim
426 3889 487 3928 se
505 3872 864 3926 manifestata
881 3889 969 3927 um
983 3887 1089 3927 non
1105 3873 1202 3927 nisi
1220 3871 1561 3941 diligentibus
1574 3874 1724 3940 dicit,

150 3976 203 4014 se
223 3973 396 4016 autem
423 3963 652 4030 diligere
673 3977 767 4017 eos
787 3962 878 4031 qui
895 3970 1109 4016 servant
1127 3962 1373 4016 mandata
1392 3961 1525 4030 ejus,
1541 3972 1727 4031 aperte

152 4053 297 4107 docet
339 4056 464 4122 quia
513 4055 686 4108 lucem
721 4068 832 4110 sua:
861 4054 1084 4109 occulta:
1114 4054 1332 4108 visionis
1365 4069 1470 4108 non
1521 4054 1724 4120 tribuit,

152 4143 240 4196 nisi
283 4158 380 4211 pro
412 4143 768 4198 retributione
796 4145 950 4198 bona:
977 4143 1321 4210 operationis.
1354 4142 1608 4210 Sequitur
1638 4161 1652 4196 :

213 4232 385 4298 (Vers.
412 4233 530 4301 15.)
567 4232 735 4287 Porro
777 4233 1105 4288 Betltsamita:
1133 4231 1390 4286 metebant
1419 4234 1642 4287 triticum
1671 4235 1726 4288 in

151 4323 289 4374 ualle.

212 4410 292 4462 l9.
325 4410 428 4476 Qui
460 4413 606 4465 enim
640 4411 980 4467 Bethsamita:
1006 4413 1204 4466 rectius
1243 4420 1466 4482 possunt
1506 4411 1727 4479 intelligi

154 4514 297 4568 quam
349 4503 403 4556 hi
460 4503 556 4571 qui
613 4501 834 4572 perfecti
877 4505 985 4572 jam
1019 4505 1118 4557 viri
1156 4511 1279 4557 sunt
1319 4504 1368 4556 in
1401 4504 1726 4557 sublimitate
1757 4507 1806 4567 ι)

155 4595 653 4662 contemplationis?
680 4593 811 4646 Nam
834 4595 979 4648 velut
1010 4594 1076 4648 de
1104 4593 1266 4648 dorno
1295 4594 1424 4648 solis
1451 4603 1596 4656 sunt,
1616 4595 1728 4661 qui,

153 4684 464 4752 contemptis
497 4684 725 4738 terrenis
749 4684 992 4738 omnibus
1010 4725 1026 4752 ,
1051 4684 1160 4738 veri
1191 4684 1402 4738 luminis
1430 4684 1731 4752 splendori-

151 4772 242 4826 bus
277 4774 642 4828 illustrantur.
703 4774 775 4827 De
819 4775 981 4827 domo
1033 4774 1247 4841 quidem
1276 4773 1404 4827 solis
1432 4781 1584 4837 sunt,
1617 4772 1731 4839 qui,

148 4858 250 4926 jam
301 4863 450 4915 oiiini
512 4861 714 4916 mundo
764 4861 987 4931 sepulti,
1030 4860 1100 4914 ad
1148 4861 1426 4914 videndam
1472 4860 1732 4914 Condito-

150 4951 218 5004 ris
255 4953 338 5006 sui
375 4954 686 5008 claritatem
738 4951 952 5005 llamma
999 4951 1146 5004 mira:
1174 4951 1476 5005 dilectionis
1514 4948 1731 5003 inarde-

149 5052 314 5096 scunt.
361 5043 469 5110 Qui
517 5043 582 5098 ad
618 5044 890 5099 civitatem
938 5057 1088 5096 suam
1132 5043 1342 5096 duobus
1368 5041 1537 5096 modis
1578 5040 1731 5110 155

151 5135 489 5188 ascendunt:
525 5134 614 5203 qui
673 5134 740 5186 ad
792 5149 1036 5202 superna:
1083 5133 1268 5203 patria:
1313 5133 1644 5196 claritatem,
1682 5141 1737 5186 et

151 5238 283 5279 nunc
322 5242 410 5295 per
450 5225 991 5294 contemplationem,
1021 5234 1077 5279 et
1116 5226 1168 5278 in
1201 5223 1305 5278 line
1337 5241 1432 5294 per
1456 5224 1734 5278 veritatem

150 5315 320 5379 gloria:
350 5315 738 5384 perducuntur
759 5353 775 5378 ,
817 5330 959 5369 nunc
986 5314 1052 5368 ad
1081 5313 1298 5368 domum
1338 5315 1466 5369 solis
1491 5323 1736 5368 contem-

150 5405 339 5472 plan‘tlo
365 5405 626 5468 evolant;
657 5403 752 5459 sed
782 5404 926 5472 quod
956 5418 1098 5458 nunc
1126 5405 1318 5458 mentis
1342 5405 1570 5474 puritate
1599 5404 1739 5472 θειιὶ-

151 5496 308 5556 riunt,
335 5504 469 5549 tunc
522 5511 618 5564 per
659 5505 976 5564 praesentem
1004 5495 1242 5548 laetitiam
1273 5504 1485 5549 reterna:
1508 5497 1739 5549 retribu-

156 5588 252 5638 tor:
275 5604 301 5640 s
333 5588 624 5640 veritatem
658 5585 1089 5656 apprehendnnl.
1124 5585 1432 5642 Bethsames
1458 5599 1586 5653 ergo
1613 5603 1736 5641 arca

157 5675 239 5729 Dei
271 5678 610 5747 perdat-itur,
640 5693 763 5732 Cum
809 5692 957 5733 mens
987 5677 1158 5732 electa
1185 5716 1201 5744 ,
1240 5686 1331 5732 aut
1375 5691 1472 5750 per
1499 5686 1740 5734 contem-

1823 3239 1986 3290 tiones
2015 3247 2117 3291 tua:
2145 3237 2318 3309 (Psal.
2352 3252 2472 3305 χοι,
2518 3236 2579 3305 5,
2615 3239 2691 3306 6).
2727 3238 2834 3292 Sed
2869 3239 2993 3292 dum
3037 3239 3088 3292 in
3127 3239 3288 3292 rebus
3321 3240 3402 3291 vi-

1821 3329 2062 3384 sibilnbus
2092 3330 2438 3384 invisibilium
2466 3345 2644 3384 rerum
2686 3331 2875 3400 gaudia
2907 3331 3230 3400 excipimus,
3260 3331 3405 3386 velut

1822 3426 1960 3480 intra
2009 3426 2194 3494 paleas
2241 3424 2418 3479 adhuc
2465 3424 2699 3479 triticum
2747 3435 3010 3480 tenemus.
3046 3423 3196 3479 Tunc
3223 3433 3403 3479 autem
3454 3444 3468 3455 -

1821 3516 1976 3570 nobis
2003 3531 2191 3584 purum
2220 3514 2473 3578 triticum,
2499 3514 2612 3568 sive
2642 3515 2710 3568 de
2737 3516 2913 3569 tritico
2943 3514 3096 3584 panis
3117 3515 3237 3568 erit.
3270 3513 3402 3567 Nam

1823 3623 1945 3662 cum
1971 3607 2218 3675 absorpta
2237 3606 2348 3674 jam
2380 3614 2572 3673 morte,
2603 3609 2656 3662 in
2676 3617 2876 3664 aeterna
2907 3609 3037 3672 vita,
3061 3608 3295 3662 revelata
3328 3607 3406 3660 l'a-

1824 3700 1926 3765 cie,
1951 3699 2143 3755 clarius
2183 3699 2596 3769 Redemptorem
2627 3714 2942 3764 cernemus,
2981 3698 3048 3752 ad
3077 3697 3192 3766 ejus
3219 3698 3405 3765 cogni-

1825 3792 2026 3846 tionem
2058 3791 2228 3846 thecis
2247 3791 2653 3846 similitudinum
2691 3807 2798 3846 non
2824 3805 3061 3859 egemus.
3107 3789 3250 3844 Bene
3278 3804 3406 3857 ergo

1825 3881 1892 3937 de
1945 3880 2292 3936 Bethsamitis
2345 3881 2559 3946 dicitur,
2589 3879 2733 3949 quod
2774 3880 3046 3933 metebant
3092 3879 3322 3934 triticum
3353 3879 3406 3931 ir

1825 3973 1968 4026 valle
1995 3989 2007 4024 :
2034 3972 2158 4040 quia
2187 3972 2412 4041 perfecti
2437 3971 2568 4038 viri,
2595 3971 2692 4025 etsi
2739 3986 2838 4040 pro
2868 3969 3183 4024 humilitatis
3215 3969 3410 4023 merito

1827 4059 2211 4114 sublimitatem
2250 4074 2495 4128 superna:
2531 4057 3000 4128 contemplationis
3025 4058 3313 4126 accipiunt,
3344 4057 3410 4110 ad

1829 4149 1972 4203 illam
2003 4148 2384 4218 omnipotentis
2429 4149 2523 4204 Dei
2561 4164 2750 4218 puram
2779 4147 3131 4202 substantiam
3162 4155 3410 4201 contem-

1828 4239 2078 4309 plandam
2118 4255 2185 4292 eo
2236 4239 2542 4308 pertingere
2586 4246 2894 4307 nequeunt,
2927 4252 3034 4305 quo
3061 4235 3408 4290 refectionem

1829 4345 1938 4384 sua:
1987 4330 2180 4384 mentis
2225 4330 2399 4385 adhuc
2427 4331 2570 4384 velut
2615 4330 2754 4384 inter
2780 4329 2961 4398 paleas
2991 4335 3218 4382 metunt.
3248 4325 3410 4394 Cujus

1832 4421 2075 4497 profecto
2097 4420 2409 4474 humilitatis
2429 4420 2628 4475 bonum
2642 4419 2968 4486 designatur,
2987 4432 3106 4472 cum
3127 4415 3370 4471 subditur
3393 4430 3410 4468 :

1902 4511 2076 4581 (Vers.
2104 4511 2216 4579 15.)
2255 4511 2326 4564 Et
2347 4511 2601 4565 elevantes
2632 4510 2802 4564 oculos
2823 4509 3056 4563 uiderunt
3085 4524 3261 4560 arcam
3291 4505 3410 4558 Dei.

1902 4599 1990 4652 21.
2034 4597 2232 4653 Oculos
2271 4601 2473 4668 quippe
2518 4599 2767 4652 elevant:
2801 4598 2924 4666 quia
2967 4597 3090 4650 dum
3122 4595 3190 4649 de
3217 4609 3276 4647 se
3302 4594 3409 4646 alta

1835 4703 1940 4742 non
1971 4688 2226 4751 sentiunt,
2257 4686 2610 4740 :cstimatione
2637 4700 2732 4738 sua
2763 4685 2907 4738 velut
2960 4684 3012 4736 in
3057 4682 3217 4750 plano
3264 4687 3410 4733 sunt.

1834 4777 2028 4831 Oculos
2057 4777 2269 4830 elevant
2293 4793 2304 4826 :
2330 4775 2453 4843 quia
2481 4789 2574 4828 eos
2593 4813 2608 4838 ,
2655 4789 2791 4842 quos
2820 4771 2995 4824 divina
3025 4771 3196 4839 gratia
3224 4769 3414 4835 dignos

1837 4870 2138 4939 aspiciunt,
2177 4869 2228 4922 in
2267 4867 2377 4920 alto
2421 4867 2625 4936 positos
2666 4865 2978 4918 meritorum
3023 4861 3257 4915 culmine
3284 4875 3417 4914 con-

1840 4969 1966 5027 tem,
1991 4960 2187 5013 lantur.
2219 4957 2327 5012 Sed
2349 4957 2620 5011 elevantcs
2641 4954 2826 5010 oculos
2847 4967 3023 5006 arcam
3045 4950 3227 5005 vident
3253 4967 3266 5002 :
3292 4949 3418 5017 quia

1840 5066 1946 5119 quo
1971 5063 2032 5103 se
2069 5047 2322 5101 humilius
2350 5060 2446 5114 per
2470 5042 2878 5097 mstimationem
2908 5039 3194 5108 dejiciunt,
3232 5036 3416 5106 proxi-

1839 5155 2046 5193 morum
2086 5137 2224 5190 bona
2251 5147 2576 5202 cognoscere
2613 5131 2805 5184 melius
2833 5136 3073 5198 possunt.
3115 5125 3186 5180 Ea
3217 5123 3416 5178 ett-nim

1839 5228 2058 5293 veritas,
2080 5241 2198 5295 qua:
2219 5225 2574 5292 superborum
2602 5220 2762 5275 corda
2783 5235 2878 5288 per
2897 5217 3235 5284 semetipsum
3264 5213 3416 5267 dese.

1841 5320 1930 5382 rit,
1964 5318 2052 5370 illa
2082 5317 2160 5370 eis
2187 5317 2352 5368 etiam
2379 5313 2519 5367 dona
2537 5350 2552 5377 ,
2581 5325 2699 5381 qua:
2724 5307 2932 5364 confert
2958 5305 3262 5368 lmmilibus,
3295 5302 3410 5355 abs-

1841 5406 2052 5470 condit;
2087 5413 2144 5458 ut
2171 5403 2318 5457 velut
2346 5401 2602 5455 obcaecati
2631 5399 2864 5470 penitus,
2897 5412 2996 5451 nec
3034 5396 3087 5449 in
3144 5403 3286 5449 terra
3316 5390 3420 5444 dif-

1843 5499 2016 5552 fusum
2042 5495 2150 5563 jam
2181 5494 2349 5548 solem
2381 5491 2632 5559 videant,
2660 5490 2752 5560 qui
2780 5489 2896 5557 ejus
2943 5484 3201 5540 claritatis
3244 5481 3424 5536 radios

1840 5589 2020 5644 videre
2041 5587 2092 5640 in
2114 5585 2250 5640 uelo
2277 5582 2570 5638 desierunt.
2594 5580 2701 5636 Sed
2725 5581 2850 5650 quia
2876 5574 3265 5645 regressionem
3286 5585 3423 5624 arca:

1845 5676 1937 5733 Dei
1965 5675 2030 5731 ad
2075 5673 2408 5746 propositum
2443 5671 2600 5744 156
2626 5667 3054 5738 contemplativa:
3083 5671 3204 5717 vrtzn
3231 5659 3422 5718 retuli-
