3962 6290
567 336 665 390 195

1749 323 1988 381 SANCTI
2028 325 2137 380 GR
2169 321 2354 380 GOBII
2397 321 2606 375 MAGNI
3693 318 3775 370 198

564 468 699 514 mus,
725 445 950 503 clevatio
974 447 1136 501 etiam
1169 443 1446 498 oculorum
1470 438 1536 492 ad
1563 436 1792 492 studium
1820 436 2128 490 discernen-
2158 438 2200 493 Α
2232 447 2388 485 amau
2408 432 2461 485 lo
2490 429 2780 493 inhabitat;
2813 435 2996 483 tamen
3022 427 3164 499 quod
3201 441 3440 481 amorem
3471 427 3678 481 visronis
3701 429 3780 485 tle-

562 541 749 595 tlorum
776 538 1055 604 spirituum
1099 549 1205 589 non
1252 527 1692 586 inconvenienter
1717 525 1904 580 relerri
1931 531 2124 594 potest.

562 609 900 687 Bethsamita:
923 628 1119 696 quippe
1145 625 1328 680 oculos
1354 624 1554 685 levant,
1581 634 1702 673 cum
1723 619 1845 672 vita:
1872 625 2130 671 secretio-

563 725 634 777 ris
671 720 947 790 proposito
991 715 1371 773 conﬂuentium
1414 713 1482 767 ad
1522 727 1581 766 se
1627 709 1800 775 dona,
1840 706 2020 765 subtili
2051 707 2131 758 ἰη-

561 817 832 884 spectione
847 812 1215 874 considerant;
1249 823 1371 862 cum
1399 807 1600 860 intenta
1623 813 1802 856 mente
1822 799 2131 865 discutiunt,

560 921 626 959 an
659 907 781 960 vita:
807 906 1012 960 altioris
1042 903 1404 974 prapositum,
1434 898 1576 968 quod
1620 895 1923 952 accedendo
1966 906 2132 960 expe-

563 1003 712 1059 lunt,
752 1004 896 1050 recta
925 994 1208 1061 validaque
1252 990 1547 1044 intentione
1577 994 1985 1056 prosequantur.
2035 981 2134 1035 Le-

559 1095 690 1136 vare
718 1083 877 1148 igitur
903 1081 1092 1136 oculos
1132 1080 1209 1134 eis
1246 1087 1328 1132 est
1357 1077 1675 1131 novitiorum
1703 1074 1947 1142 spiritum
1977 1070 2134 1123 altius

561 1171 920 1223 considerare.
971 1168 1077 1223 Sed
1125 1168 1363 1221 levantes
1403 1165 1586 1219 oculos
1637 1178 1814 1217 arcam
1847 1160 1939 1215 Dei
1969 1159 2128 1228 respi‘

572 1258 713 1309 aiunt
743 1273 756 1308 :
789 1257 912 1325 quia
935 1256 1059 1309 dum
1091 1255 1337 1310 subtilius
1377 1254 1494 1321 ejus
1536 1251 1916 1306 conversiones
1956 1249 2133 1302 discn-

563 1351 720 1411 tiunt,
766 1345 888 1413 quia
939 1345 1189 1396 virtutum
1237 1340 1594 1410 spiritualium
1651 1339 1821 1407 gratia
1876 1337 2134 1405 fulgeant,

560 1431 993 1500 deprehendunt.
1024 1430 1091 1482 Et
1135 1430 1260 1499 quia
1298 1445 1396 1498 per
1435 1427 1683 1481 allectum
1713 1425 2048 1490 dilectionis,
2072 1425 2140 1479 de

559 1525 790 1592 cognitis
811 1537 996 1577 eorum
1021 1520 1178 1575 bonis
1208 1520 1566 1581 hilarescuut,
1597 1525 1722 1586 apte
1760 1514 2135 1584 subjungitur:

630 1615 808 1684 (Vers.
839 1613 950 1682 15.)
979 1611 1048 1666 Et
1078 1613 1239 1682 gavisi
1273 1619 1410 1677 sunt,
1437 1619 1460 1646 ι·
1491 1625 1604 1662 cum
1633 1610 1902 1662 venissent.

631 1705 884 1775 Sequitur
913 1723 927 1758 :

2231 521 2545 576 lectabilitcr
2574 519 2849 589 possidet,
2879 519 2994 572 sine
3033 519 3348 572 incessantis
3376 531 3519 571 cura:
3545 517 3780 571 sollicitu-

2231 611 2353 666 dine
2379 625 2712 680 nequaquam
2745 619 2942 664 servat.
2978 608 3086 664 Sed
3115 610 3361 662 nimirum
3389 609 3442 662 in
3472 617 3617 662 tanto
3637 623 3781 678 agone

2233 701 2404 769 posita
2435 715 2584 755 mens
2606 701 2838 754 humana
2865 698 3119 754 deﬁceret
3139 740 3154 765 ,
3184 698 3228 752 si
3265 698 3382 761 ille,
3408 698 3498 766 qui
3526 699 3781 752 humanam

2235 790 2598 845 inﬁrmitatem
2627 793 2679 845 in
2708 806 2804 846 sua
2844 790 3124 845 divinitate
3166 788 3470 852 roboravit,
3504 789 3552 841 ei
3582 804 3784 856 presen-

2237 881 2322 934 tia:
2347 896 2457 935 su'c
2485 881 2740 934 auxilium
2782 895 2888 935 non
2937 880 3219 948 praeberet.
3271 877 3451 944 Quare
3496 886 3551 931 et
3596 892 3784 931 causam

2236 984 2529 1038 exponens,
2563 984 2667 1038 qua
2696 977 2841 1023 stare
2861 968 2916 1021 in
2951 981 3082 1037 agro
3115 968 3414 1037 plaustrum
3443 968 3692 1037 potuerit,
3712 969 3787 1022 ad-

2236 1059 2389 1125 didit,
2421 1059 2605 1113 dicens
2636 1075 2649 1112 :

2310 1148 2484 1218 (Vers.
2518 1145 2629 1216 14.)
2659 1145 2792 1200 Erat
2817 1147 2951 1199 enim
2973 1145 3041 1199 ibi
3071 1147 3203 1215 lapis
3231 1163 3470 1217 magnus.

2236 1269 2238 1271 '
2315 1240 2464 1308 157
2497 1237 2586 1290 24·
2614 1236 2770 1306 Lapis
2795 1236 2995 1306 quippe
3027 1249 3252 1303 magnus
3297 1235 3631 1303 Redemptor
3654 1235 3788 1290 intel-

2239 1328 2418 1396 ligitur
2444 1327 2656 1394 generis
2676 1325 2915 1380 humani.
2954 1325 3032 1378 De
3083 1339 3191 1394 quo
3239 1324 3417 1392 lapide
3464 1337 3564 1393 per
3590 1322 3790 1377 Psalmi-

2238 1427 2376 1472 stam
2403 1417 2598 1471 dicitur
2621 1433 2634 1469 :
2661 1415 2911 1486 Lapidem
2932 1414 2959 1452 ι)
2990 1415 3072 1467 ltic
3093 1430 3239 1484 quem
3260 1413 3656 1483 reprobaueruut
3679 1415 3789 1466 tedi-

2242 1510 2476 1578 ficantes,
2506 1511 2676 1579 factus
2705 1517 2782 1561 est
2812 1509 2864 1560 in
2901 1515 3055 1576 caput
3089 1506 3270 1576 anguli
3309 1504 3482 1576 (Psal.
3505 1520 3667 1568 cxvtt,
3694 1504 3789 1573 ἓξ).

2245 1598 2378 1653 Hinc
2403 1598 2594 1652 doctor
2615 1598 2862 1665 egregius
2887 1596 3221 1661 collaudans,
3251 1596 3326 1650 ait
3355 1613 3368 1647 :
3403 1595 3793 1664 Superazdiﬁcati

2244 1705 2399 1758 supra
2431 1689 2818 1758 fundamentum
2839 1687 3187 1755 apostolorum
3204 1695 3254 1739 et
3280 1685 3662 1755 prophetarum,
3700 1689 3793 1752 ipso

633 1773 808 1870 (vers.
853 1796 963 1865 14.)
1012 1795 1082 1849 Et
1123 1797 1256 1850 venit
1304 1795 1591 1860 plaustrum
1645 1793 1698 1846 in
1748 1807 1930 1862 agrum
1980 1789 2137 1844 Iosue
2171 1791 2215 1849 Β
2241 1794 2438 1831 summa
2461 1778 2698 1848 αηθυλατί
2744 1774 3145 1870 ιαρίάε-(Ιιιῂειο
3173 1774 3295 1870 ειςδῑξ
3325 1774 3482 1846 (Ερίιο
3516 1773 3705 1870 ηλῗθλ
3748 1777 3793 1870 ill

564 1887 896 1945 Betltsamita:
912 1929 927 1954 ,
949 1894 997 1940 et
1027 1888 1168 1940 stetit
1188 1885 1278 1939 ibi.

634 1981 722 2035 22.
770 1979 828 2033 Si
877 1977 1190 2030 Bethsames
1237 1975 1618 2044 interpretatur
1640 1971 1831 2031 domus
1859 1970 2006 2033 solis,
2037 1968 2106 2022 do

563 2089 683 2129 mus
707 2071 834 2127 solis
857 2070 1045 2124 civitas
1073 2075 1154 2122 est
1184 2067 1434 2121 etelestis.
1471 2065 1569 2120 llic
1607 2062 1770 2118 Josue
1807 2061 2134 2115 Bethsamita

559 2180 668 2220 non
699 2171 807 2216 tam
833 2170 979 2231 typo,
1010 2173 1171 2225 quam
1222 2157 1337 2225 ipso
1381 2156 1597 2209 nomine
1643 2162 1698 2207 et
1739 2153 1994 2221 dignitate
2036 2150 2136 2204 hu-

561 2252 704 2307 mani
734 2250 943 2318 generis
975 2248 1388 2315 Redemptorcm
1418 2245 1701 2312 signiﬁcat.
1732 2241 1896 2296 Josue
1917 2241 2133 2311 quippe,

561 2342 797 2395 salvator
849 2345 1033 2393 nostro
1083 2336 1298 2404 eloquio
1345 2335 1555 2388 dicitur.
1608 2331 1674 2385 Et
1729 2331 1796 2386 de
1847 2331 2134 2398 semetipso

563 2432 818 2484 Dominus
839 2428 1005 2480 dicit:
1052 2425 1202 2478 Venit
1232 2424 1368 2492 ﬁlius
1401 2422 1620 2474 hominis
1659 2436 1886 2490 quwrere
1907 2460 1921 2483 ,
1951 2429 1998 2472 et
2029 2420 2137 2473 sal-

562 2534 675 2571 vum
727 2518 896 2586 facere
944 2513 1078 2582 quod
1128 2512 1350 2580 perierat
1401 2508 1551 2579 (Luc.
1584 2525 1694 2573 xtx,
1729 2508 1837 2576 l0).
1893 2507 2026 2562 llinc
2055 2515 2136 2561 est

562 2608 746 2669 etiam,
775 2603 917 2672 quod
946 2602 1143 2671 Joseph
1189 2601 1241 2654 in
1287 2601 1488 2654 somnis
1534 2615 1627 2669 per
1671 2599 1914 2666 angelum
1947 2615 2135 2667 repro-

563 2696 790 2750 mittitur
818 2712 832 2746 :
869 2691 891 2745 1
899 2709 988 2762 pse
1012 2693 1207 2745 salvum
1233 2691 1386 2761 faciet
1414 2685 1656 2759 populum
1676 2705 1824 2742 suum
1857 2705 1889 2741 a
1915 2690 2134 2758 peccatis

560 2801 734 2840 eorum
760 2782 971 2852 (Matth.
1001 2797 1037 2845 ι,
1066 2779 1179 2848 21).
1227 2767 1609 2833 Bethsamitam
1654 2793 1868 2848 quoque
1909 2793 1969 2832 se
2017 2793 2136 2833 esse

563 2891 658 2946 per
682 2873 1026 2941 semetipsum
1075 2869 1382 2924 manifestat
1402 2910 1419 2937 ,
1461 2869 1644 2924 dicens
1668 2887 1681 2922 :
1707 2867 1817 2937 Ego
1845 2886 1958 2923 sum
1983 2871 2134 2940 panis

562 2966 720 3029 vivus,
745 2963 829 3036 qui
859 2963 922 3016 de
942 2961 1068 3015 caelo
1091 2960 1329 3014 descendi
1358 2959 1537 3030 (Joan.
1568 2977 1640 3025 vr,
1667 2959 1781 3029 41).
1813 2958 1948 3015 llinc
1971 2959 2136 3015 Joan-

562 3069 656 3108 nes
678 3052 912 3121 Baptista
936 3053 1011 3104 ait
1043 3067 1056 3102 :
1091 3049 1188 3112 Qui
1233 3050 1295 3102 de
1337 3049 1460 3103 caelo
1488 3050 1651 3112 venit,
1690 3066 1841 3118 super
1861 3066 2034 3103 omnes
2059 3060 2135 3103 est

565 3146 741 3215 (Joan.
774 3159 850 3208 ιιι,
875 3141 986 3210 51).
1021 3140 1152 3206 Quis
1177 3147 1406 3206 estergo
1431 3152 1558 3206 ager
1581 3136 1740 3192 Josue
1767 3137 2131 3204 Bethsamitzc,

566 3253 578 3288 I
604 3235 667 3287 isi
695 3232 982 3286 ammuitas
1013 3231 1131 3283 vitte
1159 3228 1621 3296 contemplativse?
1650 3227 1725 3282 lbi
1753 3228 1894 3280 enim
1931 3236 1985 3281 et
2014 3229 2138 3282 hei-

565 3325 749 3376 barum
780 3322 986 3374 virores
1009 3356 1023 3381 ,
1061 3327 1114 3370 et
1155 3318 1348 3371 odores
1396 3324 1727 3381 aromatum,
1759 3324 1812 3369 et
1840 3317 2029 3370 llorum
2058 3316 2138 3371 di-

563 3425 716 3464 versa
751 3407 1088 3478 pulchritudo
1132 3407 1401 3473 cernitur;
1453 3407 1575 3476 quia
1623 3405 1872 3460 nimirum
1914 3422 2022 3476 quo
2051 3423 2140 3460 su-

565 3516 729 3570 perna
759 3501 846 3553 illa
872 3499 1102 3553 societas
1126 3499 1320 3552 clarius
1343 3497 1619 3566 aspicitur,
1643 3498 1787 3566 quod
1817 3498 2137 3566 incortu,.-ti-

565 3591 669 3646 bile
700 3590 855 3645 lloret
878 3588 1103 3658 angelis,
1129 3587 1269 3656 quod
1298 3587 1739 3642 immarcescibile
1760 3588 1895 3641 viret
1915 3590 2134 3654 sanctis,

563 3680 705 3750 quod
730 3680 1033 3737 inviolabile
1074 3679 1124 3733 in
1156 3679 1449 3747 virginibus
1485 3679 1731 3745 redolet,
1765 3681 2139 3750 contemplan-

566 3773 696 3824 tium
723 3768 1114 3837 oculisgratius
1136 3769 1436 3822 exhibetur.
1463 3767 1606 3822 Bene
1633 3775 1811 3822 autem
1843 3769 1983 3823 idem
2013 3785 2141 3838 ager

563 3859 858 3914 Salvatoris
879 3873 998 3912 esse
1024 3857 1372 3927 perhibetur;
1402 3856 1525 3924 quia
1567 3857 1993 3926 contemplativa:
2018 3859 2141 3911 vita:

563 3957 865 4011 amatores,
902 3962 1009 4016 quo
1057 3946 1316 4000 secretius
1344 3955 1762 4012 conversantur,
1796 3946 2139 4017 Redemptori

562 4046 748 4091 nostro
777 4037 1040 4105 gratiores
1068 4045 1122 4089 et
1155 4035 1525 4090 familiariores
1546 4047 1687 4091 sunt.
1713 4037 1770 4091 la
1798 4051 1982 4106 agrum
2010 4055 2141 4107 quo-

561 4140 666 4191 que
709 4123 871 4177 Josue
917 4123 1257 4176 Bethsamita:
1299 4123 1595 4192 plaustrum
1626 4128 1808 4191 venit,
1837 4141 1958 4182 cum
1988 4143 2139 4182 mens

564 4214 734 4268 electa
764 4229 794 4266 a
825 4213 1000 4266 stcculi
1060 4213 1356 4267 intentione
1402 4214 1608 4281 divisa,
1652 4216 1781 4270 solis
1832 4217 2142 4275 cmlestibus

564 4303 809 4367 intendit,
836 4318 956 4356 cum
986 4302 1217 4357 cmlestis
1256 4302 1366 4370 jam
1411 4305 1720 4358 amtenitate
1759 4306 1978 4360 visionis
2008 4309 2140 4362 lrui-

565 4399 677 4455 tur;
709 4392 832 4459 quia
861 4400 1070 4444 terrena
1096 4391 1359 4460 respicere
1395 4407 1494 4460 per
1521 4408 1758 4447 amorem
1800 4393 2136 4461 dedignatur.

2247 1884 2346 1938 quo
2393 1875 2441 1919 et
2493 1882 2580 1920 vos
2635 1874 2878 1935 tanquam
2923 1866 3119 1935 lapides
3188 1864 3287 1918 viri
3327 1864 3793 1933 mpertediﬁcantmi

2237 1956 2290 2026 (l
2315 1955 2458 2008 Petr.
2490 1970 2548 2020 ιι,
2573 1953 2647 2021 5).
2682 1953 2748 2007 Ει
2775 1967 3000 2022 magnus
3031 1952 3244 2021 quidem
3265 1953 3400 2023 lapis
3425 1954 3623 2008 dicitur
3648 1971 3660 2006 :
3686 1955 3791 2023 quia

2235 2043 2642 2114 incomparabili
2673 2043 2982 2099 lortitudine
3007 2043 3348 2114 praedicatur.
3405 2042 3536 2098 Cum
3571 2059 3693 2112 ergo
3713 2060 3791 2099 ve-

2237 2133 2379 2187 nisse
2407 2141 2461 2186 et
2485 2133 2699 2186 stetisse
2728 2131 2782 2184 in
2811 2145 2942 2199 agro
2990 2130 3284 2201 plaustrum
3311 2130 3527 2196 dicitur,
3577 2131 3791 2185 additum

2238 2234 2319 2277 est
2339 2241 2352 2276 :
2373 2223 2501 2276 Erat
2517 2221 2586 2276 ibi
2607 2223 2741 2292 lapis
2760 2237 2978 2292 magnus
3000 2237 3019 2274 :
3035 2228 3094 2276 ut
3119 2221 3410 2276 latentibus
3437 2223 3700 2292 mysteriis
3715 2223 3795 2275 de-

2235 2314 2472 2382 signaret
2489 2331 2501 2364 :
2518 2314 2640 2384 quia
2657 2312 3085 2382 contemplativa:
3104 2314 3224 2365 vita:
3239 2310 3424 2379 dediti,
3448 2327 3524 2367 se:
3536 2328 3662 2366 vare
3676 2312 3793 2366 dona

2239 2414 2346 2458 tam
2371 2403 2606 2472 ingentia
2629 2402 2750 2457 ideo
2763 2409 3008 2472 possunt,
3026 2401 3147 2470 quia
3165 2400 3317 2471 juxta
3339 2417 3461 2455 eum
3481 2416 3576 2470 per
3593 2404 3792 2470 gratiam

2237 2501 2380 2557 sunt,
2413 2507 2443 2545 a
2467 2507 2577 2560 quo
2605 2493 2791 2546 eadem
2813 2491 2952 2546 dona
2981 2500 3360 2562 perceperunt.
3392 2491 3683 2559 Sequitur:

2309 2585 2484 2655 (Vers.
2516 2583 2627 2654 14.)
2651 2584 2719 2636 Et
2740 2584 3069 2637 conciderant
3093 2585 3236 2655 ligna
3266 2585 3506 2653 plaustri,
3540 2600 3793 2654 caecasque

2235 2673 2586 2745 imposuerunt
2609 2686 2761 2743 super
2788 2690 2848 2726 ea
2870 2675 2919 2725 in
2945 2673 3299 2726 holocaustum
3329 2671 3574 2725 Domino.

2306 2764 2393 2819 ‘25.
2441 2765 2570 2831 Qua:
2597 2775 2719 2820 sunt
2747 2764 2887 2833 ligna
2914 2763 3136 2833 plaustri
3170 2777 3308 2817 arca:
3337 2762 3449 2827 Dei,
3485 2764 3791 2817 nisisauc'a:

2237 2859 2527 2928 Scriptura:
2553 2858 2847 2920 sementim,
2875 2865 2929 2911 et
2955 2856 3200 2925 exempla
3219 2855 3530 2924 justorum‘l
3581 2854 3789 2907 Bethsa-

2237 2952 2380 3006 mitte
2428 2949 2625 3019 quippe
2671 2949 2812 3016 ligna
2853 2947 3164 3011 concidunt,
3217 2963 3335 3002 cum
3362 2948 3668 3002 secretioris
3695 2948 3795 2998 vine

2238 3041 2509 3112 przepositi
2548 3040 2912 3108 subjt'ctorum
2964 3054 3183 3094 suorum
3218 3040 3487 3095 mentibus
3515 3039 3796 3108 Scriptura-

2165 3151 2208 3212 ρ
2237 3149 2357 3188 rum
2407 3147 2594 3188 sensus
2637 3132 2885 3186 subtilius
2933 3131 3222 3201 aperiunt,
3273 3147 3395 3185 cum
3435 3131 3794 3185 excellentiam

2239 3223 2482 3291 exempla
2512 3223 2731 3276 Patrum
2772 3222 2840 3276 ad
2866 3237 3052 3276 eorum
3098 3221 3455 3275 imitationem
3505 3220 3792 3289 proferunt;

2239 3322 2299 3368 ut
2327 3315 2380 3367 in
2418 3329 2604 3368 eorum
2631 3314 2884 3368 cordibus
2911 3312 3130 3382 superni
3161 3312 3358 3365 amoris
3411 3309 3626 3365 ﬂamma
3672 3319 3796 3362 tanto

2240 3404 2541 3458 ferventius
2567 3405 2774 3470 ardeat,
2828 3414 3030 3472 quanto
3061 3403 3354 3456 {omentum
3385 3403 3642 3469 incendii,
3672 3401 3796 3455 velut

2241 3496 2457 3550 concisa
2487 3495 2649 3562 ligna,
2699 3495 2856 3548 citius
2883 3493 3310 3548 subministrant.
3353 3492 3583 3548 Plaustri
3623 3494 3798 3562 quippe

2241 3587 2381 3654 ligna
2403 3594 2559 3652 sunt,
2586 3585 2712 3652 quia
2737 3599 2886 3638 mens
2912 3599 3008 3652 per
3029 3583 3123 3637 Dei
3152 3584 3376 3650 gratiam
3407 3595 3662 3638 renovata
3681 3623 3695 3647 ,
3749 3598 3799 3635 ea

2237 3688 2338 3744 per
2377 3674 2690 3727 memoriam
2742 3673 2958 3727 retinet.
3018 3672 3094 3726 De
3139 3673 3332 3741 quibus
3379 3672 3619 3741 proiecto
3665 3673 3800 3739 lignis

2239 3775 2453 3820 sanctus
2507 3765 2779 3832 legislator
2823 3763 3085 3829 decernit,
3131 3764 3352 3818 dicens:
3407 3762 3639 3833 Ignisin
3665 3763 3800 3816 allati

2237 3871 2350 3909 meo
2377 3871 2571 3923 semper
2595 3853 2738 3907 debet
2767 3870 2911 3907 esse:
2937 3871 3084 3924 quem
3111 3855 3308 3906 nutriat
3335 3854 3596 3919 sacerdos,
3635 3868 3799 3922 sugge-

2238 3964 2359 4001 rens
2396 3962 2547 3999 mane
2600 3947 2743 4016 ligna
2797 3963 2888 4015 per
2936 3946 3166 4015 singulos
3222 3946 3333 3999 dies
3390 3944 3576 4016 (Leuit.
3605 3960 3674 4007 vt,
3706 3942 3798 4011 l2).

2237 4035 2373 4102 Quia
2403 4050 2530 4090 vero
2568 4036 2774 4091 coincidi
2814 4037 2955 4103 ligna
2977 4045 3364 4100 memorantur,
3415 4035 3653 4103 apertius
3683 4033 3802 4087 indi-

2239 4135 2383 4193 cant,
2423 4128 2550 4197 quia
2589 4128 3022 4196 contemplativa:
3062 4127 3184 4180 vita:
3215 4127 3504 4195 puritatem
3534 4124 3796 4195 quaerenti-

2238 4222 2361 4288 bus,
2390 4238 2497 4277 non
2521 4221 2823 4275 communia
2851 4221 2918 4274 de
2946 4234 3103 4275 sacro
3140 4219 3380 4288 eloquio,
3410 4219 3505 4273 sed
3533 4219 3719 4272 altiora
3760 4225 3804 4269 et

2246 4311 2563 4367 excellentia
2588 4324 2812 4380 quaeque
2840 4309 3118 4378 pandenda
3147 4317 3299 4373 sunt;
3346 4315 3404 4360 ut
3431 4322 3499 4361 eo
3528 4306 3712 4361 fortius
3754 4319 3804 4358 se

2242 4401 2296 4455 in
2326 4401 2432 4454 alta
2453 4399 2681 4454 videndo
2697 4399 2992 4461 sublevent,
3017 4413 3126 4466 quo
3143 4397 3221 4452 eis
3250 4397 3512 4451 nobiliora
3535 4397 3674 4450 bona
3702 4410 3805 4465 qua:

565 4478 630 4531 Et
657 4479 943 4532 notandum
983 4481 1107 4547 quia
1137 4480 1238 4534 hoc
1272 4481 1566 4548 plaustrum
1596 4499 1791 4537 novum
1820 4485 2001 4550 fuisse,
2030 4503 2137 4543 non
2172 4509 2219 4567 ι)
2242 4491 2467 4544 audiunt
2493 4490 2660 4559 magis
2683 4489 2914 4558 placent.
2978 4485 3126 4542 Unde
3153 4495 3209 4542 et
3242 4488 3381 4542 bene
3433 4487 3763 4556 subjungitur
3790 4502 3801 4537 :

563 4568 720 4622 valde
748 4583 908 4638 supra
940 4568 1164 4623 relatum
1207 4579 1319 4636 est;
1365 4570 1487 4640 quia
1518 4574 1759 4640 profecto
1785 4590 1934 4628 mens
1960 4577 2137 4630 crimi-

563 4673 689 4711 num
719 4667 983 4712 vetustate
1037 4658 1306 4725 resoluta,
1344 4661 1411 4714 ad
1461 4670 1660 4716 tantam
1703 4665 1928 4730 gloriam
1971 4669 2136 4736 recipi

563 4763 667 4801 non
693 4757 948 4803 meretur.

635 4836 719 4890 23.
753 4837 859 4892 Sed
881 4838 1042 4893 habet
1066 4839 1177 4893 vita
1206 4843 1467 4897 secretior
1498 4845 1716 4900 delicias
1744 4847 1797 4901 in
1827 4852 2138 4913 amtenitate

564 4924 808 4992 visionis,
834 4927 996 4982 habet
1025 4930 1291 4999 ingentem
1323 4933 1560 4988 laborem
1591 4937 1642 4989 in
1673 4939 1990 4996 strenuitate
2019 4958 2140 4998 cer-

567 5014 807 5079 taminis;
835 5017 960 5082 quia
988 5019 1232 5073 nimirum
1263 5020 1436 5074 divina
1465 5026 1680 5091 przcmia
1702 5026 1839 5081 sicut
1861 5044 1926 5081 ex
1953 5031 2140 5085 trium-

565 5105 673 5173 pho
702 5106 1101 5174 consequimur,
1139 5109 1210 5162 ita
1239 5120 1294 5164 et
1320 5118 1537 5166 strenue
1577 5112 1884 5170 dimicando
1909 5121 2144 5174 custodi-

567 5210 704 5248 ntus.
745 5194 884 5249 Bene
909 5211 1037 5263 ergo
1075 5199 1141 5251 de
1167 5200 1415 5255 veniente
1449 5202 1499 5255 in
1528 5216 1713 5270 agrum
1743 5204 1868 5260 Jesu
1897 5208 2139 5277 plaustro

565 5284 900 5353 subjungitur
932 5303 945 5339 :
979 5286 1047 5340 Et
1072 5291 1208 5342 stetit
1232 5291 1322 5344 ibi.
1353 5290 1509 5347 Stare
1536 5293 1731 5364 quippe
1759 5298 1826 5351 ad
1858 5301 2019 5366 pnelii
2047 5318 2141 5356 cu-

566 5375 792 5429 stodiam
823 5378 1072 5445 pertint-tt,
1097 5395 1202 5433 non
1223 5381 1287 5434 ad
1312 5384 1455 5451 pacis
1478 5384 1731 5453 quietem.
1761 5387 1920 5442 Stetit
1944 5391 2142 5462 quippe

568 5465 861 5532 plaustrum
891 5467 942 5521 in
973 5483 1129 5538 agro;
1156 5471 1279 5538 quia
1309 5472 1411 5525 etsi
1441 5488 1609 5537 mens,
1641 5490 1849 5531 amoma
1868 5478 1978 5547 jam
2002 5482 2140 5538 illius

567 5569 810 5622 superine
835 5595 850 5622 ,
899 5565 954 5613 et
996 5573 1206 5629 semper
1247 5561 1468 5618 virentis
1497 5564 1684 5634 patria:
1724 5565 1951 5624 videndo
1980 5579 2140 5640 atque

641 5716 666 5742 ⁸⁸
697 5707 886 5763 Cilot..
914 5724 1030 5762 cunt
1059 5710 1317 5767 tulissent.

2241 4577 2379 4644 Quia
2419 4597 2597 4634 vaccas
2638 4581 2924 4648 imposuere
2962 4594 3118 4647 super
3146 4594 3210 4631 ea
3238 4579 3288 4632 in
3313 4579 3666 4632 holocaustum
3710 4575 3804 4631 D0-

2245 4669 2403 4723 mino.
2478 4668 2862 4723 Holocaustum
2913 4683 3147 4737 namque
3208 4669 3550 4722 combustum
3602 4668 3801 4722 dicitur.

2235 4757 2377 4812 Cum
2401 4771 2528 4824 ergo
2552 4758 2689 4827 ligna
2713 4757 3082 4823 conciduntur,
3114 4757 3430 4812 holocausta
3459 4759 3696 4827 desuper
3723 4759 3807 4811 itu-

2243 4846 2432 4916 positis
2472 4847 2650 4901 vaccis
2698 4847 2870 4900 ﬁunt:
2922 4847 3046 4914 quia
3074 4847 3163 4916 qui
3192 4849 3386 4901 eximia
3414 4847 3482 4902 de
3531 4847 3806 4917 Scripturis

2244 4938 2436 4989 devota
2467 4945 2646 4990 mente
2674 4937 2996 5006 suscipiunt,
3022 4937 3202 5006 quoin
3232 4952 3461 5007 superna
3484 4953 3542 4993 se
3559 4938 3805 4992 desideria

2242 5026 2402 5079 a'tius
2431 5026 2745 5089 extendunt,
2779 5041 2846 5081 eo
2876 5027 2948 5081 nil
2996 5027 3048 5081 in
3079 5028 3158 5082 eis
3182 5028 3469 5095 deseritur,
3529 5028 3675 5096 quod
3713 5042 3804 5080 non

2243 5115 2407 5168 divini
2462 5117 2659 5169 amoris
2689 5115 2901 5169 ﬂamma
2931 5117 3295 5172 comburatur.
3344 5117 3413 5171 Et
3454 5128 3584 5174 tunc
3609 5119 3804 5187 quidem

2243 5221 2432 5259 curare
2460 5206 2734 5261 doctorem
2765 5222 2986 5262 necesse
3041 5218 3141 5272 est,
3199 5217 3259 5262 ut
3311 5210 3551 5276 religiosi
3599 5207 3802 5276 subjecti

2246 5297 2351 5349 alta
2370 5297 2729 5363 considerent,
2775 5305 2829 5350 et
2875 5305 3053 5352 tamen
3081 5313 3176 5367 per
3195 5298 3611 5354 :cstitnationem
3655 5299 3719 5353 de
3756 5311 3807 5350 se

2245 5388 2353 5441 alta
2397 5403 2505 5441 non
2546 5395 2801 5452 teneant;
2842 5404 2930 5455 ne,
2983 5403 3091 5456 quo
3117 5389 3312 5444 celsius
3341 5406 3552 5444 summa
3594 5386 3805 5444 videndo

2247 5476 2553 5547 prolicinnt,
2608 5494 2706 5548 per
2743 5480 3031 5534 elationem
3090 5489 3425 5547 corruentes,
3466 5478 3806 5552 periculosius

2245 5569 2531 5625 elidantur.
2565 5569 2714 5626 Unde
2742 5579 2797 5626 et
2823 5571 2911 5628 hic
2929 5588 3144 5644 quoque
3178 5572 3424 5630 subditur
3454 5591 3469 5629 :

2329 5719 2359 5764 δ
2390 5700 2554 5780 Abest
2578 5725 2659 5780 hic
2688 5741 2717 5779 a
2737 5723 2904 5782 Gilot.
