3962 6270
166 302 272 354 197

231 412 407 476 (νη-ε.
448 412 561 482 l5.)
618 414 807 471 Levita:
835 428 1007 473 autem
1045 422 1390 489 deposuerunt
1428 448 1604 487 (trram
1629 434 1744 501 Dei,

155 510 206 553 et
235 500 520 569 capsellam
560 519 685 574 qua
726 515 838 559 erat
852 508 1009 577 juxta
1047 528 1183 577 eam,
1236 515 1290 567 in
1320 534 1420 588 qua
1445 532 1595 574 erant
1620 540 1745 578 vasa

156 604 342 651 aurea,
370 596 419 641 et
442 602 725 657 posuerunt
750 609 904 663 super
928 597 1156 666 lapidem
1183 604 1453 672 grandem.

227 680 318 735 26.
348 679 550 736 Levitze
576 683 1000 754 interpretantur
1027 696 1304 762 assumpti.
1333 695 1435 761 Qui
1464 711 1592 766 ergo
1620 710 1746 755 sunt

157 770 378 834 Levitte,
403 772 503 826 nisi
530 772 623 841 qui
651 774 729 828 sic
753 784 877 829 sunt
903 777 1084 833 divina
1114 783 1285 849 gratia
1329 786 1654 854 conlirmati,
1686 798 1743 844 ut

153 874 185 912 a
214 868 409 914 sancto
456 859 661 930 Spiritu
706 862 882 919 deseri
931 884 1201 938 nunquam
1249 875 1493 943 possint?
1546 879 1740 933 Arcam

152 953 357 1022 quippe
378 950 581 1008 Levitze
607 954 907 1025 deponunt,
944 974 1067 1016 cum
1096 962 1319 1032 perfecti
1364 969 1742 1036 praedicatores

152 1058 282 1097 suos
304 1042 582 1112 subjectos
629 1045 945 1115 admonent,
999 1060 1059 1105 ut
1100 1069 1195 1108 eos
1224 1056 1479 1125 spiritalis
1512 1063 1737 1118 scientia

154 1148 497 1202 nequaquam
553 1134 724 1191 inﬂet.
790 1138 1091 1209 Capsellatn
1158 1159 1375 1215 quoque
1429 1165 1552 1205 cum
1598 1153 1736 1209 vasis

148 1229 331 1279 aureis
352 1225 652 1296 deponunt,
704 1244 826 1284 cum
855 1246 950 1287 eos
978 1235 1140 1290 etiam
1168 1238 1238 1293 de
1287 1243 1411 1296 vita:
1441 1245 1730 1314 splenlore

148 1315 504 1381 conveniunt,
536 1326 594 1371 ut
619 1334 685 1373 eo
714 1319 782 1375 de
801 1336 859 1376 se
887 1323 1139 1381 humilius
1162 1330 1416 1397 sentiant,
1438 1347 1545 1401 quo
1571 1337 1732 1392 etiam

150 1405 571 1475 lledemptorem
595 1424 836 1465 neStrum
854 1413 921 1467 ad
941 1415 1285 1473 exaltationis
1301 1434 1412 1476 suae
1432 1428 1731 1496 przemiuln,

146 1509 340 1548 eorum
386 1496 614 1567 qui-que
654 1498 767 1567 jam
821 1504 1132 1571 pervenisse
1180 1508 1388 1575 didicit,
1430 1516 1557 1582 quia
1583 1516 1649 1572 de
1672 1533 1732 1572 se

145 1585 382 1640 inaniter
409 1588 517 1641 alta
548 1605 655 1643 non
682 1593 869 1647 sensit.
920 1594 1067 1652 Bene
1097 1599 1280 1668 itaque
1307 1603 1549 1674 deposita
1579 1623 1726 1677 arca,

140 1683 197 1728 et
229 1690 359 1730 vasa
397 1692 561 1733 aurea
585 1695 747 1750 super
767 1685 1280 1759 grandemlapidem
1308 1695 1484 1762 posita
1518 1713 1728 1754 memo-

142 1776 371 1822 r.mtur:
401 1771 529 1839 quia
559 1772 698 1828 inter
726 1774 867 1831 dona
893 1780 1141 1837 sumeia
1161 1784 1229 1840 de
1257 1802 1314 1842 se
1343 1789 1617 1847 humiliter
1639 1808 1727 1849 sa-

140 1870 269 1926 pere
296 1858 376 1913 illi
399 1861 580 1916 verius
610 1875 852 1931 possunt,
879 1869 971 1936 qui
1004 1870 1378 1944 Redemptoris
1399 1882 1725 1949 magnitudi-

141 1962 266 2001 nem
317 1957 376 2002 et
421 1949 784 2008 humilitatem
814 1959 1059 2014 recolere
1095 1964 1252 2035 158
1301 1968 1491 2037 saepius
1519 1969 1723 2028 didice-

137 2043 284 2090 runt.
317 2035 453 2093 Nam
484 2039 756 2109 deponere
802 2058 981 2100 arcam
1010 2046 1127 2114 Dei,
1181 2065 1236 2107 et
1284 2035 1447 2124 super
1492 2059 1723 2130 lapidem

136 2124 396 2188 grandem
417 2127 634 2183 volebat
665 2147 887 2201 ponere,
942 2138 1037 2206 qui
1084 2138 1299 2198 dicebat
1329 2163 1341 2198 :
1399 2146 1515 2202 llos
1543 2124 1725 2207 ientite

136 2214 191 2265 in
221 2213 383 2279 vobis,
409 2219 549 2287 quod
569 2222 620 2273 in
645 2221 847 2278 Christo
868 2224 1014 2281 Jesu.
1063 2228 1164 2293 Qui
1208 2248 1322 2288 cum
1350 2239 1401 2290 in
1426 2240 1595 2307 forma
1624 2240 1722 2296 Dei

136 2312 283 2369 esset,
312 2322 417 2358 non
435 2308 673 2375 rapinam
699 2312 980 2369 arbitratus
1002 2329 1079 2371 est
1098 2336 1276 2376 seesse
1301 2334 1544 2397 a’qualem
1575 2328 1720 2398 Deo;

133 2393 225 2445 sed
248 2406 411 2449 semet
423 2400 580 2466 'psum
619 2404 919 2470 exinanivit,
954 2411 1173 2479 formam
1204 2418 1333 2470 servi
1356 2421 1634 2489 accipiens,
1665 2427 1719 2479 in

133 2484 529 2542 similitudinem
575 2491 838 2549 hominum
866 2500 1054 2567 factus,
1098 2512 1149 2556 et
1180 2504 1357 2561 habitu
1386 2484 1630 2567 inuentus.
1663 2525 1719 2569 ut

134 2575 317 2641 homo;
348 2578 640 2635 humiliauit
660 2601 715 2637 se
743 2587 912 2656 factus
946 2591 1186 2648 obediens
1210 2613 1370 2667 usq-e
1408 2602 1477 2655 ad
1503 2614 1716 2659 mortem

134 2668 299 2719 crucis
347 2668 573 2741 (Philip.
606 2689 664 2736 ιι,
689 2674 767 2745 5).
818 2677 923 2732 Sed
949 2682 1042 2749 qui
1071 2683 1138 2737 de
1176 2687 1509 2744 subditorum
1539 2695 1685 2749 cerdi

140 2757 236 2812 bus
254 2760 460 2815 amoris
481 2762 714 2819 hostiam
734 2767 1033 2827 ministerio
1058 2776 1452 2842 praedicationis
1477 2782 1587 2837 Deo
1618 2786 1717 2838 im-

136 2848 336 2903 molant
356 2891 373 2915 ,
428 2852 499 2907 de
525 2855 639 2909 suis
662 2857 825 2912 etiam
854 2864 1124 2921 mentibus
1149 2870 1531 2937 excellentiora
1556 2877 1715 2934 valde

134 2936 469 2994 oblationem
498 2941 641 2999 dona
676 2959 1085 3017 reprzesentant.
1141 2953 1293 3012 Unde
1316 2968 1373 3014 et
1422 2936 1709 3021 subditur:

198 3046 379 3117 (Vers.
405 3050 520 3120 l5.)
563 3053 673 3110 Viri
693 3067 863 3112 autem
895 3059 1221 3119 Bethsamita:
1246 3067 1537 3125 obtulerunt
1563 3073 1708 3130 holo-

131 3148 328 3202 causta,
360 3153 412 3195 et
440 3144 831 3201 immolaverunt
872 3150 1104 3206 uictimas
1144 3156 1196 3208 in
1226 3157 1311 3210 die
1343 3159 1436 3213 illa
1466 3159 1706 3219 Domino.
1736 3154 1786 3219 C
1885 3180 1975 3235 29,
2029 3144 2163 3248 ῥυῇ]
2193 3185 2305 3240 [nec
2349 3204 2470 3242 om“

197 3250 286 3305 27.
343 3252 399 3306 In
430 3270 538 3323 qua
580 3257 687 3323 die,
745 3261 846 3315 nisi
874 3262 927 3317 in
959 3264 1046 3319 illa
1092 3266 1147 3321 in
1194 3284 1301 3338 qua
1334 3270 1708 3330 holocaustum

129 3338 358 3395 Domino
394 3359 585 3400 vaccas
619 3362 781 3416 super
818 3350 1042 3419 plaustri
1081 3355 1221 3423 ligna
1263 3364 1530 3427 posuere?
1580 3363 1710 3430 Qua:

129 3437 213 3481 est
238 3430 402 3498 igitur
427 3431 543 3488 dies
571 3434 683 3501 illa,
740 3439 841 3495 nisi
871 3442 1192 3501 illuminatio
1229 3447 1423 3504 divina:
1454 3454 1710 3521 praedica-

131 3517 327 3573 tionis?
357 3514 431 3575 Ea
462 3537 698 3594 namque
727 3528 812 3582 die
841 3530 1189 3591 Bethsamitaa
1231 3514 1547 3598 holocausta
1601 3546 1708 3603 Do-

130 3608 275 3663 mino
300 3610 558 3682 oﬂerunt,
614 3631 678 3672 ea
728 3617 816 3674 die
842 3622 1088 3680 victimas
1130 3627 1411 3686 immolant
1435 3649 1539 3704 qua
1566 3635 1706 3705 ligna

128 3700 435 3769 concidunt,
462 3717 565 3773 qua
588 3720 751 3776 super
774 3725 837 3764 ea
858 3710 1232 3771 holocaustum
1259 3700 1488 3778 Domino
1514 3740 1705 3781 vaccas

129 3785 439 3856 inponunt;
487 3794 613 3862 quia
662 3798 835 3852 sancti
884 3801 1268 3868 prazdicatores
1295 3823 1358 3863 ea
1387 3810 1507 3866 luce
1530 3815 1701 3882 vel-bi,

128 3890 231 3944 qua
259 3879 517 3947 subjectis
542 3885 794 3952 emicant,
835 3890 935 3944 sibi
985 3907 1205 3963 quoque
1230 3898 1297 3952 ad
1332 3879 1702 3961 rectitudinem

128 3970 339 4036 superni
387 3971 598 4027 it‘neris
649 3975 883 4034 officium
931 3982 1152 4040 visionis
1193 3989 1593 4064 administrant,
1647 4005 1706 4051 et

127 4062 446 4128 contemptis
474 4063 637 4118 rebus
669 4064 881 4134 inlimis,
914 4086 1010 4140 per
1052 4074 1156 4128 vim
1196 4078 1500 4139 dilectionis
1523 4062 1702 4140 omni-

127 4147 322 4213 potenti
350 4147 464 4203 Deo
494 4157 645 4205 tanto
675 4168 734 4207 se
770 4155 989 4216 liberius
1016 4164 1287 4233 exh'bent,
1308 4182 1509 4239 quanto
1537 4176 1699 4232 etiam

125 4235 390 4292 auditores
420 4255 554 4295 suos
574 4243 620 4295 σοι
643 4243 752 4310 jam
777 4264 966 4317 magna
993 4253 1356 4315 lamiliaritate
1381 4264 1701 4334 conjunctos

126 4322 319 4380 videat.
377 4327 516 4394 Quia
572 4346 702 4388 vero
733 4351 837 4391 non
864 4340 1037 4395 solum
1070 4345 1381 4405 holocausta
1421 4354 1696 4423 obtulisse,

126 4413 215 4467 sed
244 4415 555 4475 immolasse
606 4424 852 4482 victimas
881 4430 976 4484 viri
1008 4430 1346 4495 Bethsamita:
1373 4444 1527 4498 relati
1552 4458 1694 4514 sunt,

126 4503 476 4570 perlecturum
522 4511 758 4568 virorum
808 4518 1062 4587 spiritalis
1118 4525 1320 4583 oblatio
1363 4503 1693 4601 designatur:
1723 4506 1778 4569 θ

124 4592 247 4647 Nam
272 4597 596 4654 holocausta
625 4602 878 4674 ollerunt,
934 4624 1054 4665 cum
1084 4628 1180 4682 per
1227 4622 1696 4691 contemplationis

127 4701 397 4744 azeetisum
448 4707 515 4748 se
558 4692 671 4749 Deo
732 4700 1084 4769 omnipotenti
1113 4706 1366 4765 inellabili
1413 4713 1696 4772 allectione

121 4776 465 4846 coniungunt.
516 4781 626 4837 Sed
661 4785 986 4844 holocaustis
1014 4794 1258 4852 victimas
1282 4802 1491 4856 sociant
1522 4823 1534 4857 :
1565 4808 1689 4876 quia

122 4866 359 4923 nimirum
383 4877 553 4923 tanta
576 4870 932 4940 iucunditatis
958 4880 1155 4936 bonum
1196 4902 1302 4941 non
1331 4889 1440 4945 suis
1465 4895 1690 4963 meritis,

121 4956 427 5013 seddivinae
452 4960 697 5017 referunt
743 4966 989 5025 bonitati.
1030 4972 1159 5028 Sine
1206 4977 1436 5036 victimis
1476 4956 1689 5052 quidem

121 5042 688 5117 bolocaustumoll'eit,
743 5057 833 5124 qui
875 5058 984 5126 jam
1031 5066 1276 5132 supernis
1298 5068 1349 5122 in
1382 5042 1572 5140 magna
1605 5076 1695 5131 de-

123 5130 400 5191 lectatione
465 5140 858 5212 coniungitur;
924 5155 982 5202 et
1037 5130 1434 5221 insurgentibus
1471 5130 1692 5219 Velatio-

123 5222 199 5276 nis
245 5226 468 5280 occulta:
515 5231 773 5299 motibus,
822 5251 918 5305 per
947 5239 1262 5298 humilitatis
1290 5248 1538 5304 virtutem
1593 5268 1686 5306 ne-

120 5327 375 5383 quaquam
418 5319 755 5378 dominatur.
812 5325 871 5381 In
921 5330 1287 5392 oblationibus
1336 5354 1466 5407 ergo
1508 5345 1689 5411 perle-

120 5413 316 5458 i‘torum
368 5408 532 5463 simul
564 5412 874 5470 holocausta
904 5427 960 5473 et
988 5422 1218 5479 victima:
1246 5433 1564 5489 convenisse
1591 5434 1690 5490 de-

117 5494 413 5551 scribuntur
445 5515 459 5553 :
491 5502 620 5569 quia
649 5512 703 5558 et
726 5505 903 5563 divina
932 5511 1037 5566 l'rui
1068 5515 1348 5575 dulcedine
1375 5522 1517 5591 digni
1540 5535 1686 5594 sunt,

118 5592 167 5635 et
189 5584 400 5643 inomni
427 5592 578 5660 quod
606 5601 749 5651 totos
764 5613 823 5654 se
847 5599 957 5670 jam
988 5605 1197 5666 caelites
1225 5584 1458 5685 faciunt;
1497 5584 1687 5677 elatio;

116 5690 190 5728 ως
213 5689 395 5743 ignari.
417 5726 423 5731 ,

859 5801 949 5844 ρρΓ

989 309 1051 362 IN
1094 311 1355 370 PRIMUM
1400 318 1635 375 REGUM
1677 322 2191 389 EXPOSITIUNES.
2234 368 2299 380 —-
2342 341 2467 396 LIB.
2511 345 2596 401 Ill.

3321 368 3421 422 198

1778 441 1821 496 Α
1921 441 2098 511 (Vere.
2131 449 2247 517 lli.)
2277 452 2345 506 Et
2377 459 2597 529 quinque
2631 471 2858 535 satrapa:
2892 466 3319 530 Philisthinornm
3345 484 3418 536 νίς

1851 534 2054 597 derunt,
2085 548 2133 588 et
2153 545 2337 596 reversi
2358 556 2477 599 sunt
2502 550 2555 601 in
2584 534 2815 607 Accaron
2839 559 2890 609 in
2915 559 2997 611 die
3015 562 3125 615 illa.

1918 623 2007 678 28.
2056 627 2296 698 Satrapze
2349 633 2839 711 Philistbinorum,
2899 657 2957 702 ut
3008 650 3118 718 jam
3174 659 3427 724 superius

1845 711 1976 782 dixi,
2005 716 2162 772 elrcti
2207 732 2331 776 sunt
2360 728 2740 792 praedicatores
2765 711 3076 795 Gentilium.
3135 711 3394 809 Qui'nimi

1845 817 1962 856 run
1997 807 2243 875 quinario
2281 827 2507 870 numero
2536 821 2914 893 continentur;
2970 831 3092 898 quia
3134 834 3199 887 ad
3248 838 3416 891 relre~

1845 895 2050 950 nandos
2078 900 2316 969 quinque
2343 920 2531 962 sensus
2560 914 2825 980 corporis,
2878 895 3216 979 aut—rudibus
3242 927 3419 983 adhuc

1844 981 2111 1053 ﬁdelibus,
2159 1000 2250 1043 aut
2276 996 2578 1053 carnalibus
2606 1012 2860 1068 praesunt.
2898 1007 2960 1061 lli
2991 1011 3232 1079 profecto
3262 981 3420 1083 plan.

1840 1082 2009 1127 strum
2037 1091 2156 1130 cum
2182 1077 2275 1135 Dei
2319 1098 2445 1137 arca
2493 1089 2852 1160 comitantur;
2897 1077 3021 1164 quia
3054 1100 3120 1153 ad
3175 1104 3412 1158 studium

1839 1162 2094 1230 spiritalis
2140 1168 2262 1222 vitae
2292 1179 2629 1234 transeuntes
2669 1179 2785 1248 jam
2828 1162 3067 1242 eruditos
3095 1190 3408 1259 discipulos,

1837 1254 2209 1314 sollicitudinis
2238 1276 2347 1316 sua:
2365 1280 2492 1320 cura
2524 1283 2944 1341 prosequuntur.
2977 1280 3080 1333 Sed
3110 1254 3413 1350 applicante

1838 1345 1891 1399 in
1931 1361 2118 1415 agrum
2146 1351 2307 1409 Josue
2335 1356 2605 1427 plaustro,
2660 1372 2716 1418 et
2765 1369 2946 1424 vaccis
2990 1371 3303 1441 immolatis,
3356 1375 3412 1431 in

1837 1436 2079 1495 Accarou
2122 1443 2350 1501 redeunt
2397 1465 2412 1502 :
2454 1451 2580 1520 quia
2620 1469 2742 1510 cum
2793 1473 2979 1514 eorum
3031 1464 3410 1531 perfectionem

1829 1524 1941 1593 jam
1992 1533 2471 1606 consideraverint,
2519 1548 2944 1605 conversationis
2986 1566 3173 1607 eorum
3219 1556 3409 1613 itinera

1832 1619 2059 1674 ulterius
2087 1638 2195 1677 non
2220 1627 2522 1694 explorant.
2553 1630 2610 1685 lu
2635 1634 2879 1691 Accaron
2927 1649 3107 1695 autem
3130 1644 3359 1700 redeunt
3389 1687 3405 1713 ,

1831 1707 1956 1774 quia
1986 1713 2053 1762 ad
2079 1717 2475 1772 convertendos
2497 1719 2632 1776 alios
2669 1738 2730 1778 se
2772 1738 3113 1785 convertunt.
3162 1732 3407 1793 Accaron

1756 1796 1805 1859 Β
1830 1799 2026 1869 quippe
2052 1811 2238 1859 nostro
2265 1806 2483 1877 eloquio
2522 1814 2719 1869 sterilis
2759 1817 2974 1874 dicitur.
3023 1820 3242 1879 Steriles
3271 1842 3408 1896 quo-

1829 1903 1934 1957 que
1955 1901 2104 1959 sunt,
2153 1894 2243 1962 qui
2274 1905 2368 1951 aut
2409 1899 2513 1955 ﬁde
2539 1913 2746 1972 carent,
2798 1916 2892 1963 aut
2940 1910 3079 1966 bona
3116 1894 3407 1972 conversa-

1830 1979 1997 2036 tione.
2051 1982 2200 2040 Bene
2253 1996 2432 2044 autem
2490 2007 2613 2047 cum
2661 2000 2860 2054 reversi
2900 2003 3169 2073 principes
3220 2008 3409 2063 dicun-

1830 2077 1936 2137 tur,
1963 2072 2204 2130 additum
2232 2087 2317 2133 est
2346 2097 2359 2133 :
2404 2080 2470 2136 In
2501 2086 2585 2139 die
2608 2087 2738 2142 illa:
2768 2092 2891 2160 quia
2938 2095 3039 2148 nisi
3071 2072 3122 2149 in
3152 2097 3229 2152 cis
3250 2102 3429 2155 clari-‘

1826 2166 1991 2215 tatem
2039 2170 2201 2219 tantte
2255 2170 2600 2236 perfectionis
2652 2192 3044 2250 agnoscerent,
3097 2185 3165 2240 ab
3213 2203 3399 2245 eorum

1825 2251 2182 2311 sollicitudine
2207 2262 2507 2319 securitatis
2535 2269 2856 2326 certitudine
2877 2288 2982 2328 non
3013 2277 3269 2334 redirent.
3294 2280 3395 2337 Se-

1823 2342 2006 2410 quitur
2035 2362 2050 2399 :

1894 2453 2072 2523 (Vere.
2107 2456 2193 2520 17,
2224 2458 2337 2533 18.)
2368 2462 2440 2517 Hi
2461 2475 2580 2519 sunt
2609 2470 2700 2521 ani
2728 2474 2895 2540 aurei,
2918 2491 3041 2544 quos
3069 2478 3401 2534 reddiderunt

1826 2542 2139 2602 Philisthiim
2166 2568 2261 2618 pro
2306 2555 2515 2623 delicto,
2572 2560 2761 2614 Azotus
2816 2542 2995 2632 unum,
3054 2566 3195 2621 Gaza
3222 2587 3399 2637 unum,

1819 2636 2041 2692 Ascalon
2068 2655 2245 2705 unum,
2275 2642 2403 2697 Geth
2431 2661 2610 2715 unum,
2637 2658 2686 2702 et
2714 2654 2946 2707 Accaron
2973 2671 3149 2713 unum.
3200 2659 3267 2711 Et
3289 2670 3400 2713 m‘u-

1820 2740 1900 2777 res
1920 2740 2124 2790 aureos,
2165 2730 2321 2801 159
2361 2736 2639 2789 secundum
2685 2755 2951 2794 numerum
2984 2743 3183 2798 urbium
3228 2746 3368 2802 ΡΙιὶίὶ

1817 2812 2010 2879 sthiim,
2040 2818 2260 2886 quinque
2283 2822 2681 2891 provinciarum,
2714 2829 2777 2882 ab
2822 2832 2946 2885 urbe
2994 2845 3198 2889 muruta
3240 2853 3398 2909 usque

1817 2904 1888 2955 ad
1911 2905 2104 2971 villam,
2136 2925 2251 2979 qua:
2285 2922 2395 2965 erat
2423 2915 2614 2986 absque
2651 2936 2817 2986 muro,
2865 2932 2915 2974 et
2963 2940 3119 2995 usque
3147 2928 3216 2979 ad
3247 2904 3396 2982 Abel-

1818 3009 2077 3063 magnum,
2131 3014 2285 3068 super
2338 3019 2485 3070 quem
2513 3018 2792 3073 posuerunt
2823 3025 2997 3065 arcam
3056 3014 3280 3083 Domini,
3308 3021 3394 3087 qui

1816 3091 1928 3133 erat
1957 3100 2111 3153 usque
2139 3088 2190 3139 in
2216 3087 2301 3140 die
2328 3090 2419 3142 illa
2440 3092 2492 3144 in
2526 3110 2650 3163 agro
2676 3094 2833 3149 Josue
2857 3098 3210 3159 Bethsamitte.

2478 3191 2527 3243 ia
2566 3192 2864 3261 designent,
2903 3197 3008 3252 late
3030 3212 3187 3270 supra
3218 3217 3379 3273 expo-

1813 3270 1973 3323 situm
2012 3283 2113 3326 est.
2144 3273 2280 3341 Quid
2308 3286 2390 3331 est
2427 3282 2787 3349 autem,quod
2818 3298 2937 3338 cum
2968 3288 3111 3341 reddi
3140 3304 3235 3357 pro
3264 3270 3392 3360 piec-

1811 3373 1934 3416 cani
1963 3363 2196 3421 debitum
2225 3383 2363 3424 arca:
2415 3373 2753 3441 prmcipiur,
2807 3377 3043 3446 quinque
3093 3380 3181 3433 ani
3238 3383 3387 3436 aurei

1810 3458 1865 3503 et
1888 3453 2121 3522 quinque
2149 3472 2331 3512 mures
2360 3460 2516 3513 simul
2547 3464 2915 3531 nominantur;
2956 3483 3075 3521 cum
3104 3485 3234 3524 vero
3270 3470 3383 3538 jam

1809 3542 2073 3596 redditum
2115 3549 2259 3613 quod
2289 3547 2587 3604 debebatur
2633 3555 2910 3619 asseritur,
2970 3557 3132 3613 urbes
3160 3560 3384 3630 singultu

1806 3634 2096 3700 separatim
2150 3652 2318 3690 unum
2367 3639 2659 3697 reddidisse
2707 3643 3049 3701 referuntur?
3096 3648 3199 3703 Sed
3226 3654 3386 3710 simul

1805 3738 1966 3791 supra
1997 3727 2343 3782 nominantur
2367 3747 2379 3782 :
2408 3732 2531 3800 quia
2560 3732 2720 3787 simul
2749 3738 2989 3791 omnium
3021 3742 3384 3799 membrorum

1805 3814 2273 3872 demonstrabatur
2295 3830 2535 3888 ornatus,
2579 3823 2632 3877 in
2672 3828 3091 3882 commutatione
3118 3831 3381 3889 bonorum

1804 3918 2062 3973 Operum;
2102 3906 2189 3961 hic
2245 3916 2425 3964 autem
2477 3925 2603 3965 cum
2654 3913 2919 3969 redditum
2966 3918 3203 3974 debitum
3245 3938 3384 3981 arcze

1803 3994 2141 4063 describitur,
2195 4009 2355 4055 caute
2407 4003 2747 4059 ostenditur:
2788 4008 2913 4074 quia
2960 4010 3120 4066 urbes
3163 4013 3383 4084 singula:

1802 4100 1935 4141 anus
1953 4102 2151 4143 aureos
2179 4090 2421 4160 singulos
2459 4103 2516 4149 et
2559 4110 2741 4153 mures
2766 4099 3085 4156 obtulerunt
3116 4122 3129 4156 :
3166 4114 3222 4158 ut
3250 4124 3381 4177 pro-

1803 4176 1942 4232 fecto
1970 4182 2237 4248 peccatori
2268 4197 2529 4240 converso
2553 4186 2873 4253 insinuetur,
2891 4199 2950 4245 ut
2969 4195 3133 4248 semel
3158 4209 3382 4264 peccata

1802 4264 2039 4335 deserat,
2087 4286 2205 4339 qua:
2226 4280 2322 4341 per
2341 4274 2556 4329 solitam
2579 4279 2897 4346 pravitatem
2918 4282 3143 4339 ulterius
3165 4301 3271 4341 non
3294 4304 3382 4343 re-

1800 4356 1997 4425 quirat.
2031 4356 2201 4414 Urbes
2217 4362 2417 4433 quippe
2443 4363 2663 4435 singulae
2690 4384 2824 4425 anos
2845 4380 2901 4425 et
2930 4387 3110 4429 mures
3140 4377 3380 4445 singulos

1801 4446 2047 4513 reddunt,
2072 4463 2193 4503 cum
2215 4452 2459 4507 couVersi
2488 4466 2800 4524 peccatores
2833 4462 2999 4514 semel
3032 4472 3172 4518 tersa
3204 4467 3381 4538 lacry-

1801 4535 1904 4588 mis
1931 4537 2259 4606 pteniteutite
2281 4551 2499 4609 peccata
2521 4560 2628 4599 non
2656 4557 2924 4616 repetunt.
2962 4549 3113 4606 Unde
3139 4562 3194 4606 et
3224 4535 3377 4610 sacra

1801 4625 2079 4693 Scriptura
2123 4629 2397 4701 admonet,
2447 4633 2669 4689 dicens:
2719 4636 2845 4692 Non
2890 4642 3043 4695 iteres
3094 4645 3297 4699 verbum
3325 4650 3379 4701 in

1799 4716 2033 4768 oratione
2063 4714 2247 4785 (Eccli.
2277 4734 2367 4784 vn,
2403 4719 2512 4789 l5).
2538 4722 2770 4777 Verbum
2800 4729 3001 4796 quippe
3042 4731 3094 4784 in
3123 4736 3376 4791 oratione

1798 4804 1982 4872 iterat,
2032 4807 2125 4875 qui
2153 4806 2404 4876 precibus
2432 4825 2664 4881 purgare
2706 4825 2927 4883 peccata
2976 4830 3202 4876 conatus
3249 4834 3376 4892 est;

1794 4893 1888 4950 sed
1918 4903 2097 4950 tamen
2128 4899 2465 4955 committere
2495 4918 2601 4957 non
2632 4905 2831 4959 omittit
2851 4908 2975 4973 alia,
3034 4926 3133 4979 pro
3175 4915 3371 4983 quibus

1796 4996 1933 5041 oret.
1994 4987 2098 5053 Qui
2130 4988 2373 5059 profecto
2404 5007 2564 5047 anum
2605 5010 2768 5049 unum
2798 5006 2853 5050 et
2881 5014 3089 5056 murem
3120 5003 3231 5059 Deo
3272 5022 3372 5076 pro

1792 5076 1991 5132 delicto
2009 5093 2113 5133 non
2136 5078 2291 5135 offert
2322 5099 2337 5135 :
2365 5084 2491 5151 quia
2520 5085 2620 5138 etsi
2644 5087 2954 5153 panitendo
2971 5097 3370 5165 compungitur,

1792 5166 2061 5223 lieditates
2088 5172 2428 5241 multiplicat,
2471 5189 2608 5242 quas
2642 5174 2755 5231 Deo
2782 5179 3045 5237 conliteus
3072 5184 3121 5236 ei
3168 5200 3369 5255 reprae-

1793 5268 1988 5311 sentat.
2032 5259 2166 5312 Cum
2196 5274 2324 5329 ergo
2350 5277 2510 5316 anum
2542 5279 2706 5318 unum
2736 5273 2792 5320 et
2838 5283 3044 5324 murem
3085 5289 3248 5327 unum
3280 5292 3372 5331 ur-

1792 5346 1887 5400 bes
1936 5346 2252 5402 Philisthi'm
2313 5351 2425 5405 sive
2477 5354 2769 5421 provinciae
2804 5359 3029 5426 singula:
3072 5362 3367 5422 reddidisse

1791 5438 2185 5504 describuntur,
2216 5440 2342 5507 quid
2369 5440 2512 5495 aliud
2541 5442 2802 5511 designat,
2851 5448 2953 5502 nisn
2977 5450 3362 5518 perfectionem

1776 5545 1933 5591 ,νει-ω
1960 5533 2359 5588 conversionis?
2412 5533 2655 5590 Perfecto
2678 5539 2822 5593 enim
2847 5542 3210 5610 convertitur,
3270 5547 3366 5615 qui

1793 5635 1913 5673 cum
1944 5621 2107 5676 semel
2130 5624 2272 5691 quod
2300 5640 2461 5694 prave
2490 5634 2674 5693 egerat
2697 5627 2918 5697 plangit,
2960 5630 3105 5697 quod
3150 5647 3364 5691 rursum

1793 5712 2009 5783 plangat
2037 5713 2172 5769 ultra
2201 5733 2306 5773 non
2330 5719 2544 5790 repetit.
2574 5718 2739 5789 igitur
2768 5735 2926 5775 auum
2951 5736 3114 5777 unum
3160 5732 3214 5779 et
3244 5740 3364 5781 mu~
