3962 6278
594 326 693 382 199

1785 309 2027 366 SANCTI
2066 302 2394 361 GBEGDRII
2433 301 2646 359 MAGNI

3726 299 3818 352 ΘΝ

594 453 708 494 rem
757 450 917 489 unum
950 448 1046 501 pro
1075 443 1294 500 peccato
1319 426 1494 488 oﬁert,
1547 425 1634 495 qui
1664 425 1742 477 sic
1767 420 2050 476 commissa
2078 416 2162 468 lu-
2191 417 2234 472 A
2267 419 2445 501 potest
2467 407 2774 501 hoccolligi
2799 424 2812 501 ξ
2842 407 2968 475 quia
2996 405 3371 501 luereticorum
3404 402 3661 501 alii-inter
3682 405 3820 474 alios,

592 537 681 596 get
703 526 987 595 prtet»‘:rita,
1014 532 1070 576 ut
1093 521 1326 589 perfecte
1349 528 1537 572 caveat
1567 515 1764 568 futura.
1811 511 1876 564 Et
1902 509 2026 577 quia
2057 508 2158 561 ista

594 618 762 670 forma
784 610 1149 669 conversionis
1178 618 1284 662 tam
1331 605 1660 675 sapientibus
1697 615 1856 671 quam
1907 596 2156 659 indoctis,

594 716 700 761 tam
725 705 947 758 fortibus
975 716 1136 771 quam
1167 700 1430 754 debilibus
1457 698 1510 750 in
1557 701 1741 748 sancta
1791 689 2032 744 Ecclesia
2063 686 2161 739 ob-

592 795 854 852 servanda
881 801 982 859 est,
1013 793 1149 846 bene
1177 789 1244 843 ab
1267 789 1396 842 urbe
1424 792 1654 850 murata,
1688 794 1856 849 usque
1881 778 1949 832 ad
1982 775 2161 828 villam

592 889 709 942 sine
762 901 914 940 muro
963 885 1076 938 haec
1127 881 1323 936 solutio
1359 878 1523 932 debiti
1577 882 1796 929 extensa
1831 867 2159 940 perhibetur.

592 977 728 1032 Nulli
760 977 899 1030 enim
927 976 1062 1029 intra
1091 980 1329 1028 sanctam
1360 969 1656 1024 Ecclesiam
1684 962 1978 1019 constituto
2026 957 2162 1010 libe-

595 1083 711 1122 rum
736 1074 818 1120 est
847 1079 1092 1134 peccare,
1140 1061 1270 1116 nulli
1300 1059 1572 1113 innoxium
1602 1069 1766 1124 prava
1797 1049 2161 1106 committere.

593 1157 770 1222 Quare
791 1170 886 1223 per
910 1154 1222 1224 prephctam
1253 1149 1508 1203 Dominus
1529 1145 1905 1207 comminatur,
1935 1139 2122 1192 dicens
2148 1153 2161 1188 :

594 1250 781 1301 Anima
802 1261 915 1316 qua:
941 1243 1222 1313 peccaverit
1242 1242 1357 1308 ipsa
1385 1239 1628 1292 morietur
1658 1233 1876 1295 (Ezech.
1907 1244 2055 1289 xvul.
2084 1226 2163 1296 4).

594 1335 814 1390 limata:
841 1334 1037 1402 quippe
1065 1331 1223 1384 urbes
1251 1336 1375 1383 sunt
1421 1334 1629 1380 mentes
1674 1331 1977 1377 sant-hrum
2028 1317 2170 1374 Seti-

596 1437 868 1498 pturarum
899 1423 1198 1478 eruditione
1243 1418 1607 1474 circumdatas.
1630 1413 1780 1470 Villae
1814 1422 1997 1466 autem
2044 1409 2169 1465 abs-

595 1531 701 1586 que
756 1529 910 1568 muro
937 1521 1062 1567 sunt
1087 1519 1292 1566 mentes
1320 1507 1607 1578 simplices.
1653 1504 1827 1559 Unum
1852 1515 1980 1570 ergo
2005 1515 2167 1554 anum

597 1621 820 1661 aureum
849 1619 953 1658 non
985 1603 1157 1658 solum
1185 1601 1404 1670 singula:
1422 1599 1581 1654 urbes
1607 1596 1856 1658 reddunt,
1885 1593 1980 1649 sed
2007 1593 2167 1648 etiam

597 1697 764 1762 villte;
810 1704 871 1750 ut
923 1695 1229 1763 quicunque
1254 1691 1322 1745 ad
1358 1689 1662 1758 religiosam
1689 1687 1876 1749 vitam,
1921 1684 2032 1739 Deo
2073 1698 2166 1737 au-

597 1795 769 1850 ctore,
822 1784 1176 1848 convertitur,
1217 1781 1412 1835 ablutis
1445 1783 1558 1848 jam
1615 1777 1895 1840 fetoribus,

597 1892 706 1931 non
736 1876 982 1930 findetur.
1038 1872 1098 1925 Et
1122 1873 1245 1940 quia
1277 1885 1436 1926 nemo
1467 1878 1572 1922 tam
1604 1875 1818 1922 sanctus
1845 1873 1948 1934 est,
2001 1866 2090 1934 qui
2124 1866 2175 1918 in

599 1987 656 2025 se
679 1985 784 2025 non
805 1968 1000 2023 habeat
1021 1965 1220 2033 aliquid
1251 1964 1504 2020 lieditatis
1531 1961 1676 2031 quod
1710 1961 1950 2029 plangat,
1979 1958 2177 2012 solutio

600 2061 759 2128 hujus
813 2059 976 2114 debiti
1027 2072 1195 2125 usque
1247 2055 1313 2110 ad
1362 2054 1768 2120 Abclmagnum,
1811 2067 1972 2122 super
2018 2066 2178 2121 quem

602 2156 892 2220 posurraut
921 2162 1100 2200 arcam
1131 2145 1245 2209 Dei,
1288 2144 1638 2213 pertentlitur.
1694 2141 1829 2194 Abel
1869 2141 2066 2208 quippe
2094 2139 2178 2191 in-

605 2248 929 2308 ttrpretatur
985 2237 1178 2290 luctus.
1233 2235 1351 2300 Quo
1383 2234 1630 2286 nimirum
1673 2232 1890 2286 nomine
1942 2231 2074 2298 lupis
2127 2230 2180 2282 in

603 2345 712 2396 quo
760 2342 940 2380 arcam
971 2326 1064 2378 Dei
1096 2331 1382 2393 posuerant
1411 2324 1724 2376 vocabatur.
1772 2319 1876 2374 Sed
1907 2321 2008 2373 hoc
2059 2336 2183 2386 pro-

607 2421 744 2473 fecto
797 2416 1143 2486 Redemptmi
1199 2425 1383 2469 nostro
1437 2428 1631 2468 nomen
1688 2412 1976 2478 congruit:
2035 2414 2182 2481 quia,

605 2510 704 2564 eti
755 2509 968 2578 propria
1025 2523 1144 2576 qua:
1202 2505 1354 2560 ﬁeret
1404 2520 1509 2558 non
1540 2505 1748 2570 habuit,
1793 2511 1975 2556 nostra
2007 2512 2184 2554 tamen

608 2599 930 2668 quotidianis
974 2599 1220 2667 precibus
1266 2607 1320 2651 et
1371 2596 1583 2650 ﬂetibus
1639 2603 1858 2663 peccata
1917 2593 2181 2662 purgavit.

611 2691 749 2744 Suat
769 2705 984 2757 quoque
1013 2688 1065 2741 in
1091 2696 1275 2741 sancta
1315 2686 1548 2741 Ecclesia
1577 2686 1676 2738 viri
1721 2686 1965 2754 perfecti,
1999 2692 2055 2736 et
2110 2683 2182 2736 illi

612 2795 820 2833 summo
871 2780 1031 2848 lapidi
1074 2778 1354 2832 charitat’is
1396 2777 1856 2850 consummatione
1888 2778 2182 2844 conjuncti.

609 2869 743 2924 lluic
781 2885 1010 2938 namque
1036 2870 1218 2922 unitus
1249 2878 1365 2922 erat
1395 2868 1580 2936 lapidi,
1611 2867 1704 2936 qui
1727 2869 1936 2922 dicebat
1971 2885 1984 2920 :
2017 2867 2184 2921 Nemo

609 2979 686 3017 me
705 2971 910 3032 separat
937 2979 967 3014 a
996 2962 1246 3014 c/taritate
1269 2959 1462 3014 Cln'isti
1493 2960 1666 3030 (liam.
1693 2977 1802 3023 vnt,
1833 2959 1925 3030 55')
1950 2978 1964 3025 ;
1995 2964 2084 3028 qui
2117 2976 2183 3014 an

608 3069 747 3107 arcte
767 3053 1006 3107 debitum
1034 3052 1225 3116 solvat,
1250 3051 1525 3112 audiamus
1553 3068 1565 3103 :
1595 3051 1846 3113 Primum,
1882 3051 2072 3119 inquit,
2107 3052 2184 3120 [ui

2261 498 2418 566 quasi
2443 497 2650 552 nobiles
2677 495 3020 560 exstiterunt,
3071 494 3161 563 qui
3192 494 3244 546 in
3289 491 3552 546 munditia
3597 507 3820 560 operum.

2261 591 2380 644 solo
2427 603 2613 643 errore
2643 587 2952 656 perierunt;
3004 584 3186 639 caeteri
3211 598 3342 638 vero
3377 583 3529 651 quasi
3554 583 3719 652 plebis
3745 601 3821 638 ru-

2263 677 2558 733 sticitatem
2607 675 2805 740 secuti,
2857 690 2979 728 cum
3022 687 3206 727 errore
3256 672 3376 726 ﬁdei
3414 673 3683 726 obscurati
3718 685 3825 728 sunt

2262 768 2422 823 sorde
2451 781 2628 836 prava:
2669 764 3022 834 operationis.
3074 761 3228 816 Unde
3251 769 3305 816 et
3331 761 3424 815 alii
3455 761 3810 832 quinquagena

2263 859 2370 923 rio,
2403 857 2492 910 alii
2514 854 2924 925 septuagenario
2953 867 3177 907 numero
3203 851 3577 920 exprimuntur
3601 869 3616 903 :
3648 853 3762 920 quia
3785 864 3829 906 et

2265 945 2341 1000 illi
2372 960 2468 1014 per
2513 945 2751 1014 quinque
2801 957 2989 996 sensus
3035 940 3282 1010 corporis
3337 949 3599 1010 concepta
3652 939 3829 1008 ﬂagitia

2266 1032 2639 1103 perfecerunt;
2692 1031 2768 1085 illi
2808 1030 2935 1084 dum
2984 1028 3118 1084 falso
3173 1029 3274 1083 sibi
3325 1029 3470 1083 dona
3524 1029 3832 1084 ascriberent

2266 1120 2483 1188 Spiritus
2503 1117 2852 1188 septiformis,
2879 1131 3080 1172 acterna
3107 1117 3284 1172 obruti
3305 1125 3432 1172 sunt
3451 1118 3681 1186 caligine
3698 1135 3830 1173 acc.-

2271 1217 2411 1263 tatts.
2443 1209 2506 1262 Et
2531 1209 2656 1278 quia
2680 1209 2748 1264 de
2774 1223 2963 1263 eorum
2995 1209 3350 1279 percussione
3371 1210 3483 1264 veri
3509 1208 3696 1265 ﬁdeles
3721 1225 3834 1266 con-

2267 1300 2460 1355 tristati
2493 1307 2640 1366 sunt,
2669 1299 2912 1366 sequitur
2944 1315 2958 1351 :

2345 1388 2522 1462 (Vcrs.
2547 1389 2662 1452 ‘20.)
2716 1389 3064 1461 Dixeruntque
3091 1389 3424 1443 Betltsamita:
3455 1404 3475 1443 :
3515 1387 3644 1453 Quis
3671 1393 3836 1462 poterit

2268 1493 2410 1538 stare
2438 1491 2491 1536 tn
2522 1491 2793 1550 conspectu
2815 1480 3026 1535 Domini
3057 1480 3152 1533 Dei
3178 1481 3346 1533 sancti
3376 1481 3563 1551 hujus?

2343 1571 2507 1638 Quasi
2531 1570 2734 1626 etenim
2761 1569 2876 1625 veri
2930 1568 3138 1634 ﬁdeles,
3167 1568 3260 1622 sed
3301 1569 3592 1637 simplices,
3633 1569 3834 1624 dicant:

2273 1663 2331 1718 Si
2363 1672 2472 1716 tam
2499 1661 2773 1730 sapientes
2813 1667 2869 1712 et
2907 1658 3211 1728 philosophi
3259 1658 3313 1712 in
3361 1674 3584 1713 summa:
3613 1661 3835 1713 veritatis

1952 1774 2176 1829 υιιει-ίυε
2207 1765 2249 1824 Β
2277 1754 2586 1824 cognitione
2641 1752 2919 1814 falluntur,
2973 1750 3174 1805 indocti
3230 1761 3285 1805 ct
3329 1751 3600 1818 simplices
3646 1752 3839 1818 quan‘o

2281 1844 2465 1898 vcn're
2521 1839 2587 1894 ad
2634 1841 2750 1907 ejus
2803 1839 3048 1892 notitiam
3101 1840 3365 1908 possunt?
3403 1838 3512 1893 Sed
3542 1839 3645 1894 etsi
3675 1839 3736 1893 de
3762 1856 3840 1894 sua

2281 1944 2537 1984 mensma
2591 1927 2856 1992 difﬁdunt,
2890 1928 3088 1982 donum
3119 1937 3296 1980 tamen
3323 1928 3516 1982 divinte
3543 1928 3841 1996 cognitionis

2279 2017 2473 2072 adesse
2509 2016 2761 2071 Ecclesia:
2783 2032 2891 2070 non
2917 2015 3182 2070 diflidunt.
3211 2017 3388 2081 Quare
3425 2027 3481 2070 et
3501 2017 3743 2072 subditur
3770 2035 3781 2069 :

2353 2128 2529 2196 (Vers.
2555 2126 2671 2195 €20.)
2699 2126 2769 2179 Et
2794 2127 2862 2179 ad
2890 2143 3038 2196 quem
3067 2126 3305 2180 ascendet
3326 2143 3358 2179 a
3382 2126 3567 2180 nobis?

2353 2219 2443 2272 51.
2494 2218 2532 2270 Λ
2566 2218 2721 2272 nobis
2741 2218 2943 2286 quippe
2970 2209 3226 2271 Dominus
3252 2218 3514 2282 ascendit,
3541 2217 3752 2286 quando
3797 2219 3839 2272 i.l

2285 2307 2428 2375 quod
2457 2307 2523 2360 de
2552 2307 2667 2375 (jus
2715 2306 3022 2374 cognitione
3053 2306 3206 2359 nobis
3233 2305 3602 2371 absconditur,
3637 2323 3732 2376 per
3748 2309 3843 2362 ele-

2284 2406 2494 2451 ctorum
2523 2395 2755 2451 ﬁdelium
2776 2412 2963 2452 vocem
2995 2398 3336 2466 praedicatur.
3388 2397 3548 2451 Velut
3575 2401 3842 2455 ascendere

2287 2500 2410 2538 nam
2434 2499 2520 2550 ,ue
2542 2484 2660 2553 ejus
2717 2500 2746 2537 a
2775 2485 2930 2538 nobis
2960 2495 3059 2550 est,
3111 2484 3253 2553 quod
3281 2485 3722 2554 simplicioribus,
3750 2489 3844 2542 sive

2285 2572 2689 2636 inﬁrmioribus,
2721 2573 2790 2626 de
2829 2583 3034 2627 aeterna
3081 2558 3538 2643 contemplatione
3589 2577 3842 2639 celaverit,

2286 2663 2605 2716 sublimibus
2633 2678 2726 2731 per
2757 2663 3109 2716 humilitatem
3151 2663 3405 2717 cordibus
3433 2665 3694 2719 revelare.
3731 2667 3844 2731 Quid

2289 2762 2518 2822 estergo
2548 2755 2765 2808 dicere:
2813 2754 2894 2806 Ad
2922 2771 3069 2825 quem
3115 2757 3354 2810 ascendet
3377 2774 3408 2809 a
3437 2759 3583 2811 nobis
3617 2775 3635 2812 :
3667 2761 3763 2813 nisi
3787 2760 3845 2813 di-

2291 2858 2455 2912 gnum
2486 2845 2759 2900 doctorem
2787 2861 3046 2914 qurercre,
3077 2849 3166 2915 qni
3189 2850 3268 2903 sic
3296 2850 3473 2904 divina
3503 2852 3770 2921 praedicet,
3799 2863 3846 2905 ut

2290 2949 2321 2986 a
2352 2933 2431 2986 via
2463 2934 2704 2988 veritatis
2730 2950 2836 2988 non
2864 2940 3043 2989 erret?
3092 2934 3146 2989 ln
3171 2937 3367 3004 quibus
3394 2940 3557 2992 etiam
3580 2940 3769 3005 verbis,
3811 2942 3846 2994 si

2291 3006 2604 3076 historicum
2636 3038 2848 3076 sensum
2879 3025 3222 3092 requirimus,
3253 3035 3441 3095 aperte
3460 3031 3845 3096 cognoscimus:

608 3143 953 3212 blasphemus,
985 3151 1032 3194 ct
1054 3111 1344 3211 persecutor
1375 3139 1425 3210 (1
1461 3111 1592 3194 Tim.
1625 3156 1662 3204 ι,
1687 3140 1797 3208 i3).
1831 3111 1972 3195 liine
1993 3111 2184 3194 iterum
2213 3119 2257 3178 (ἶ
2296 3111 2420 3212 qui?
2451 3112 2543 3212 tl"?
2730 3112 2926 3165 monui
2954 3120 3080 3166 sum
3130 3115 3254 3212 quia
3282 3130 3462 3212 alicam
3485 3116 3695 3212 99W“
3726 3119 3848 3212 Ϋξδθῖ

611 3233 895 3296 confitens,
947 3232 1023 3284 ait
1064 3249 1077 3282 :
1123 3229 1247 3284 Non
1300 3246 1412 3284 sum
1443 3230 1624 3298 dignus
1675 3229 1846 3282 uocari
1884 3228 2185 3299 apostolus:

613 3323 731 3392 quia
759 3329 1049 3390 persecutus
1096 3335 1208 3372 sum
1256 3319 1548 3372 Ecclesium
1598 3318 1694 3372 Dei
1738 3318 1789 3388 (1
1835 3318 1954 3373 Cor.
1989 3335 2068 3383 xv_
2108 3319 2185 3390 9).

615 3413 920 3469 Notandum
951 3411 1113 3466 etiam
1142 3411 1284 3480 quod
1311 3426 1480 3479 usque
1506 3410 1573 3464 ad
1615 3410 1848 3480 lapidem
1889 3411 2190 3466 excurrisse

617 3516 755 3556 arca:
782 3499 1018 3555 debitum
1044 3498 1255 3567 legitur,
1283 3499 1372 3567 qui
1403 3514 1570 3567 usque
1599 3499 1652 3552 in
1699 3499 1788 3553 die
1815 3500 1909 3554 illo
1953 3502 2108 3568 160
2137 3501 2189 3554 in

618 3604 748 3658 agro
771 3587 934 3642 Josue
958 3602 1199 3655 manere,
1229 3597 1284 3641 et
1309 3589 1360 3641 in
1387 3602 1493 3655 quo
1518 3589 1689 3658 posita
1720 3604 1841 3642 arca
1872 3587 1964 3641 Dei
1988 3604 2192 3643 memo-

618 3687 787 3733 ratur.
846 3678 959 3743 Qua
999 3676 1053 3731 in
1083 3693 1143 3732 re
1171 3677 1298 3746 quid
1328 3677 1471 3731 aliud
1514 3685 1773 3742 tenemus,
1823 3677 1922 3732 nisi
1952 3677 2094 3746 quod
2139 3679 2192 3732 in

618 3778 804 3826 sancta
833 3768 1073 3824 Ecclesia
1101 3769 1372 3824 cernimus
1404 3787 1417 3821 :
1471 3768 1594 3837 quia
1625 3767 1700 3822 illi
1742 3769 1902 3822 etiam
1935 3769 2044 3823 Ι)ιο
2096 3783 2194 3838 pro

618 3861 776 3930 culpa
796 3858 1149 3926 satisfaciunt,
1180 3859 1272 3929 qui
1295 3876 1403 3915 non
1431 3860 1606 3915 solum
1647 3877 1676 3914 a
1707 3863 1944 3930 peccatis
1977 3876 2071 3932 per
2104 3861 2196 3915 Uei

620 3951 847 4020 gratiam
877 3950 1072 4020 erepti,
1094 3951 1188 4005 sed
1215 3950 1377 4005 etiam
1403 3965 1498 4019 per
1523 3967 1712 4021 magna
1743 3961 2046 4006 sanctarum
2089 3950 2196 4003 vir-

621 4049 797 4095 tutum
820 4041 1070 4106 culmina,
1096 4040 1149 4094 in
1173 4039 1288 4109 ejus
1317 4042 1719 4098 tabernaculum
1747 4051 1872 4097 sunt
1891 4043 2148 4112 assumpti
2173 4041 2197 4095 i

624 4129 877 4199 Sequitur
902 4149 916 4184 :

698 4244 874 4314 (Vers.
903 4246 1014 4318 l9.)
1045 4247 1308 4302 Percussit
1334 4257 1502 4301 autem
1530 4248 1781 4304 Dominus
1809 4251 1871 4304 de
1896 4252 2014 4306 viris
2047 4253 2200 4307 Beth-

630 4333 920 4400 samitibus,
958 4352 1016 4388 eo
1057 4337 1192 4405 quod
1229 4336 1476 4390 uidissent
1501 4354 1672 4390 arcam
1714 4339 1944 4407 Domini,
2008 4354 2056 4396 et
2080 4362 2200 4414 per-

629 4424 788 4476 cussit
815 4423 877 4477 de
921 4425 1110 4505 populo
1158 4427 1484 4496 septuaginta
1530 4429 1683 4493 t-iros,
1739 4440 1788 4484 et
1832 4433 2203 4505 quinquaginta

628 4510 792 4563 millia
819 4501 1002 4579 plebis.

698 4600 784 4654 30.
817 4602 915 4668 Qui
939 4611 1065 4657 sunt
1096 4603 1432 4662 Bethsamitae
1460 4611 1718 4678 percussi,
1769 4613 1872 4667 nisi
1912 4613 2039 4668 falsa
2070 4630 2202 4672 con-

631 4692 983 4761 templatione
1011 4693 1219 4763 decepti
1247 4695 1520 4752 hieretici‘t
1549 4699 1892 4756 Bethsamitte
1919 4705 2060 4759 enim
2088 4722 2198 4762 non

629 4785 856 4838 veritate
885 4781 1120 4850 fuerunt,
1142 4785 1237 4841 sed
1265 4791 1699 4858 pratsumptione.
1752 4791 1888 4847 Dum
1919 4795 2078 4862 igitur
2105 4812 2196 4850 ar-

631 4885 749 4926 cam
777 4875 960 4928 videre
990 4875 1042 4929 in
1072 4876 1249 4947 lapide
1297 4890 1701 4948 praesumerent,
1746 4886 1982 4951 percussi
2028 4897 2151 4941 sunt
2183 4906 2198 4942 :

635 4961 758 5028 quia
788 4976 908 5015 cum
931 4963 1140 5020 Domini
1166 4983 1231 5022 ac
1272 4969 1649 5039 Redemptoris
1673 4975 1842 5028 nostri
1869 4987 2203 5035 sacramenta

636 5049 836 5118 indigni
865 5052 1211 5123 discuterent,
1232 5068 1444 5111 :eternte
1467 5059 1825 5117 damnationis
1853 5064 2081 5134 laqueis,
2109 5086 2206 5139 per

636 5139 900 5195 fallaciam
927 5146 1124 5213 proprii
1146 5155 1268 5200 sunt
1297 5146 1537 5216 depressi
1565 5153 1783 5209 erroris.
1833 5157 1968 5222 Quid
1999 5169 2082 5214 est
2103 5177 2202 5216 au-

637 5238 768 5298 tem,
789 5233 930 5299 quod
957 5232 1024 5287 de
1068 5235 1266 5303 populo
1298 5240 1634 5308 septuaginta
1659 5244 1779 5310 viri,
1826 5247 1893 5300 de
1924 5248 2078 5315 plebe
2108 5265 2204 5304 au-

637 5327 746 5374 tem
793 5322 1174 5392 quinquaginta
1227 5324 1392 5380 millia
1441 5345 1691 5396 percussa
1721 5337 1884 5390 sunt?
1925 5337 2030 5391 Sed
2077 5342 2201 5408 quia

637 5408 992 5476 appellatione
1022 5411 1203 5480 populi
1235 5413 1394 5465 etiam
1448 5416 1655 5472 urbium
1701 5422 1906 5477 nobiles
1934 5429 2205 5484 continen-

641 5504 745 5563 tur,
780 5500 928 5566 plebs
955 5511 1135 5558 autem
1157 5505 1345 5575 vulgus
1372 5516 1454 5563 est
1482 5511 1747 5581 reliquum
1776 5515 1891 5570 sine
1918 5519 2204 5584 nobilibus,

2293 3208 2435 3263 runt,
2473 3200 2815 3268 intelligimus
2841 3216 3032 3270 nempe
3079 3203 3225 3272 quod
3255 3205 3442 3259 eadem
3473 3207 3682 3262 visione
3726 3209 3848 3278 digni

2299 3305 2405 3361 non
2435 3289 2669 3344 fuerunt.
2702 3291 2893 3345 Merito
2924 3291 3104 3360 igitur,
3161 3295 3249 3361 qui
3278 3309 3562 3366 percussos
3581 3299 3846 3368 aspiciunt.

2291 3381 2476 3435 dicunt
2505 3398 2519 3434 :
2553 3380 2678 3444 Quis
2705 3383 2893 3450 poterit
2917 3392 3053 3437 stare
3098 3384 3153 3438 in
3200 3397 3473 3456 conspectu
3509 3388 3723 3442 Domini
3767 3389 3845 3443 Dei

2295 3471 2465 3524 sancti
2511 3470 2705 3539 hujus?
2753 3470 2884 3526 Nam
2911 3473 2954 3527 si
2995 3473 3048 3526 hi
3086 3475 3175 3543 qui
3225 3475 3427 3546 indigni
3481 3487 3603 3533 sunt
3647 3480 3851 3534 videndo

2297 3558 2617 3625 moriuntur,
2676 3570 3096 3630 contrectantes,
3151 3568 3422 3634 quomodo
3480 3570 3713 3626 vivunt?
3764 3572 3850 3626 Be-

2296 3647 2561 3703 thsamita:
2605 3651 2819 3720 quidem
2851 3653 2902 3706 in
2942 3663 3125 3710 sancta
3155 3655 3389 3712 Ecclesia
3410 3668 3537 3713 sunt
3561 3661 3756 3717 mortui
3779 3677 3850 3717 sa-
3917 3711 3922 3723 .

2294 3738 2562 3804 cerdotes,
2595 3748 2651 3794 et
2678 3741 2907 3796 ministri
2937 3744 3074 3798 sacri
3106 3745 3289 3800 altaris
3333 3749 3589 3818 reprobi:
3634 3752 3755 3819 quia
3800 3751 3854 3805 de

2295 3825 2458 3881 domo
2488 3828 2703 3894 quidem
2733 3831 2860 3884 solis
2884 3830 3102 3898 iustitia:
3133 3846 3258 3888 sunt
3287 3836 3546 3904 dignitate
3574 3839 3852 3904 ministerii,

2297 3929 2406 3969 non
2430 3917 2628 3972 virtute
2655 3926 2709 3972 et
2735 3921 2902 3987 gratia
2928 3922 3248 3977 sanctitatis.
3282 3925 3623 3983 Bethsamita:
3664 3931 3856 4000 quidem

2299 4011 2425 4056 sunt
2450 4020 2463 4055 :
2495 4005 2617 4072 quia
2641 4019 2737 4073 per
2765 4021 2932 4060 sacrae
2959 4008 3248 4066 oblationis
3271 4011 3505 4068 ofﬁcium
3547 4032 3856 4072 conversan-

2300 4097 2391 4146 lur
2421 4091 2473 4146 in
2503 4094 2661 4148 domo
2690 4093 2812 4156 Dei;
2862 4095 2956 4150 sed
2991 4106 3144 4152 tanto
3163 4109 3287 4154 sunt
3315 4103 3510 4157 acriori
3537 4105 3858 4161 damnatione

2302 4183 2659 4253 percutiendi,
2710 4193 2912 4252 quanto
2941 4200 3051 4240 non
3080 4187 3254 4242 solum
3285 4190 3465 4246 videre
3495 4193 3699 4248 audent
3725 4211 3858 4250 sacra

2303 4273 2582 4344 mysteria,
2635 4273 2727 4328 sed
2769 4283 3130 4342 contrectare,
3159 4287 3360 4347 quanto
3387 4296 3496 4336 non
3545 4281 3657 4349 jam
3688 4287 3862 4341 veteris

2308 4365 2641 4421 Testamenti
2667 4383 2848 4422 arcam
2871 4370 3188 4440 respiciunt,
3213 4372 3327 4436 sed,
3356 4375 3502 4442 quod
3525 4378 3704 4431 omnia
3725 4395 3862 4448 supe-

2227 4480 2279 4540 D
2305 4467 2409 4523 rat,
2450 4458 2606 4528 161
2656 4459 2874 4528 indigne
2919 4475 2978 4516 se
3006 4463 3222 4532 corpori
3264 4473 3320 4518 et
3345 4467 3593 4532 sanguini
3641 4470 3864 4536 ingerunt

2303 4546 2680 4616 Redemptoris
2713 4565 2726 4600 :
2784 4565 2920 4619 quos
2947 4565 3233 4620 percussos
3288 4555 3525 4611 insinuat
3561 4555 3776 4624 Paulus,
3800 4560 3852 4612 di

2301 4651 2471 4692 cens:
2517 4636 2617 4702 Qui
2665 4641 2944 4696 manducet
2995 4653 3044 4697 et
3088 4643 3211 4697 bibit
3239 4647 3469 4717 indigne,
3509 4649 3761 4718 judicium
3787 4651 3866 4703 sibi

2303 4728 2582 4780 manduca!
2609 4737 2658 4782 et
2684 4729 2809 4783 bibit
2843 4729 2896 4799 (1
2927 4731 3046 4786 Cor.
3078 4749 3150 4799 ιι,
3185 4733 3296 4804 29).
3334 4735 3452 4790 Veri
3481 4740 3684 4793 etenim
3709 4740 3866 4793 ﬁdeles

2303 4817 2528 4872 dicunt:
2571 4817 2698 4881 Quis
2748 4821 2934 4889 poterit
2975 4831 3116 4876 stare
3143 4824 3196 4876 in
3243 4836 3520 4895 conspectu
3549 4827 3762 4883 Domini
3789 4829 3866 4881 Dei

2303 4907 2472 4961 sancti
2500 4907 2690 4977 hujus?
2718 4909 3066 4964 Altitudinem
3111 4912 3312 4983 quippe
3359 4924 3523 4970 tanta:
3549 4918 3867 4974 administra-

2304 4997 2466 5050 tionis
2486 4997 2852 5065 constderant,
2909 5007 2965 5053 et
3012 5002 3145 5054 tanti
3191 5007 3520 5061 sacramenti
3572 5009 3867 5077 dignitatem

2305 5083 2616 5140 formidant.
2669 5086 2775 5142 Sed
2799 5088 2924 5143 dum
2955 5098 3116 5144 tanta:
3167 5093 3245 5147 rei
3299 5086 3744 5154 subire"ofﬁeium
3774 5115 3866 5153 me-

2309 5179 2486 5241 tuunt,
2534 5175 2625 5244 qui
2671 5175 2724 5229 id
2770 5177 3027 5234 exhibere
3053 5181 3291 5248 valeant,
3319 5185 3595 5252 digniores
3623 5199 3860 5258 quarunt

2314 5258 2463 5316 Unde
2485 5272 2540 5315 et
2563 5264 2856 5332 sequitur:
2907 5265 2977 5318 Et
3025 5269 3094 5321 ad
3130 5287 3277 5340 quem
3322 5276 3567 5328 ascendet
3614 5295 3646 5329 a
3698 5277 3855 5330 nobis!

2309 5348 2469 5414 Quasi
2497 5365 2626 5418 ergo
2653 5367 2805 5407 sacra
2852 5357 3104 5424 mysteria
3150 5358 3423 5415 lminiliter
3479 5362 3760 5430 fugientes.
3803 5366 3862 5416 di-

2310 5444 2436 5490 cant
2464 5454 2478 5490 :
2527 5436 2663 5505 Quia
2696 5449 2720 5478 ⁸
2743 5456 2844 5496 nos
2871 5442 3079 5496 inﬁrma
3102 5448 3512 5504 conversatione
3536 5467 3704 5520 percu
3729 5453 3868 5513 imur,

2313 5525 2545 5584 ministri
2567 5545 2634 5586 ex
2663 5531 2841 5587 altiori
2871 5533 2978 5587 vita
3004 5535 3278 5604 quterendi
3327 5546 3471 5606 sunt,
3525 5557 3663 5612 quos
3687 5542 3805 5596 dum
3827 5542 3869 5594 in

713 5640 740 5667 ι
768 5630 928 5687 Gilot.
952 5644 1006 5689 et
1029 5634 1226 5708 Vatic.,
1249 5655 1366 5708 qum
1397 5656 1498 5695 non
1527 5644 1738 5714 inﬁrma
1757 5649 2140 5707 conversaiione
2162 5656 2494 5724 percutiatur.
