3962 6282
141 322 236 399 itii

972 350 1035 404 IN
1076 350 1338 406 PRIMUM
1383 351 1624 408 REGI-1M
1667 353 2180 412 EXI’OSITIDNES.
2226 387 2293 397 —-
2336 358 2459 412 LIB.
2506 360 2584 412 lli.

3312 366 3418 420 ευ)

141 459 463 516 a’tisstmam
522 461 780 516 virtutum
849 462 1332 518 sanctilicationent
1394 465 1735 519 conversatio
1765 469 1810 524 Λ
1840 480 1962 520 cunt
1993 467 2168 522 divina
2212 469 2380 537 gratia
2428 471 2775 524 ministrando
2813 475 3166 539 conveniunt,
3206 489 3258 532 et
3287 498 3414 550 quos

139 553 388 608 sublimis
409 554 591 621 erigit,
611 554 862 608 assistere
886 554 996 610 Deo
1018 570 1114 625 per
1133 554 1372 611 officium
1395 565 1558 611 tanta:
1582 558 1731 612 obla-

141 645 304 698 tionis
336 645 566 712 possint.
597 643 853 712 Sequitur
884 661 896 699 :

211 733 403 805 (Vers.
437 735 572 796 2|.)
612 734 868 790 Miserum
907 753 1028 807 ergo
1068 741 1275 793 nuntios
1316 739 1386 793 ad
1423 739 1738 795 habitatores

139 822 550 889 Cariathiarim,
599 825 872 880 dicentes:
917 825 1239 881 Remiserunt
1287 828 1601 884 Philisthiim
1647 848 1736 884 ar-

139 929 253 966 cam
277 911 513 978 Domini,
547 915 664 966 dese
695 914 839 967 ndite
867 924 916 968 et
953 916 1179 969 reducite
1207 933 1321 970 eam
1345 918 1416 971 ad
1446 935 1554 972 vos.

209 1006 301 1060 59..
343 1006 720 1061 Cariathiaritn
751 1007 981 1074 dicitur,
1009 1009 1197 1063 civitas
1235 1025 1444 1065 eorum.
1489 1011 1617 1078 Quae
1655 1021 1738 1069 est

137 1107 452 1152 sanctorum
482 1099 704 1166 civitas,
748 1098 850 1153 nisi
895 1099 982 1153 illa
1029 1098 1326 1154 Jerusalem
1379 1118 1496 1172 qua:
1523 1119 1733 1159 sursum

137 1194 257 1241 est?
287 1189 390 1254 Qui
421 1197 549 1243 sunt
578 1201 706 1256 ergo
735 1189 1064 1244 habitatores
1094 1193 1230 1259 ejus,
1264 1192 1362 1246 nisi
1392 1192 1616 1262 perfecti
1638 1195 1735 1250 viri

141 1279 208 1331 ab
232 1294 418 1331 amore
439 1279 624 1332 mundi
648 1279 754 1333 alta
776 1281 1188 1334 conversatione
1207 1283 1440 1345 separati
1456 1285 1479 1337 ‘t
1495 1282 1733 1350 Quorutn

141 1370 389 1440 profecto
413 1387 551 1424 unus
571 1373 780 1426 ceteris
801 1370 1074 1427 eflicacior
1096 1375 1170 1428 ait
1195 1393 1209 1428 :
1236 1373 1436 1431 Nostra
1459 1394 1734 1434 conversa-

139 1465 212 1516 tio
247 1465 300 1516 in
334 1465 472 1518 cwlis
502 1473 578 1517 est
603 1463 823 1534 (Philip.
857 1482 933 1532 ιιι,
962 1465 1075 1528 ΞΟ).
1111 1467 1184 1520 AI
1217 1468 1315 1522 hos
1339 1470 1534 1539 quippe
1563 1474 1733 1528 nuntii

137 1553 388 1606 mittendi
412 1562 560 1619 sunt,
588 1562 648 1608 ttt
677 1555 769 1609 Dei
814 1571 994 1631 arcam
1022 1559 1314 1628 suscipiant
1339 1577 1352 1613 :
1376 1561 1499 1629 quia
1527 1562 1593 1615 ad
1623 1562 1736 1617 ele-

140 1646 376 1698 ctionem
398 1645 739 1700 sacerdotum
767 1646 869 1701 viri
900 1649 1072 1703 sa::cti
1105 1666 1208 1704 non
1238 1651 1410 1705 solum
1439 1652 1745 1724 recipiendi.

138 1745 282 1800 sunt,
312 1736 408 1791 sed
455 1738 618 1791 etiam
667 1739 942 1793 invitandi.
990 1739 1056 1793 Et
1087 1742 1409 1809 notandum,
1441 1744 1566 1813 quia
1607 1745 1735 1801 viris

1841 560 2221 626 omnipotentis
2251 561 2344 614 Dei
2374 561 2614 630 dignatio
2635 562 2778 618 intus
2799 563 2995 631 visitat,
3019 581 3178 634 quam
3203 569 3301 639 ipsi
3329 588 3424 640 per

1839 650 2076 704 exterius
2119 651 2470 706 ministerium
2520 653 2656 708 bene
2681 655 2907 709 vivendo
2937 665 2992 711 et
3019 657 3262 715 docendo
3290 676 3422 716 con-

1841 738 2088 794 lirmant?
2121 738 2273 795 Unde
2302 750 2357 795 et
2384 757 2504 796 cum
2544 743 2710 798 Paulo
2737 761 2843 799 non
2872 746 3103 802 inaniter
3130 749 3423 817 gloriantes

1839 832 2024 886 dicunt
2054 851 2066 886 :
2103 832 2198 886 Dei
2224 833 2411 888 etenim
2439 851 2614 890 sumus
2641 836 2903 907 adjutores
2952 837 3021 907 (1
3046 839 3163 895 Cor.
3197 858 3283 909 ttt,
3332 842 3418 914 9).

1838 920 1939 988 Qui
1985 923 2232 977 nimirum
2271 926 2682 982 conversatione
2713 927 2834 982 forti
2865 930 3017 998 simi,
3047 933 3267 988 scientia
3297 951 3421 990 cru-

1838 1014 1963 1079 diti,
1996 1030 2182 1072 amorc
2228 1016 2441 1085 fervidi,
2474 1022 2774 1075 constantia
2806 1023 3043 1090 robusti,
3091 1041 3198 1082 non
3248 1028 3420 1083 solum

1838 1105 2017 1159 alieno
2046 1122 2152 1160 non
2182 1117 2341 1175 egent
2386 1109 2613 1174 auxilio,
2638 1113 2742 1167 sed
2782 1129 3104 1186 quorunque
3144 1132 3203 1171 se
3240 1117 3422 1172 confe-

1837 1207 1993 1262 runt,
2027 1197 2315 1254 subvenire
2356 1200 2476 1254 aliis
2507 1210 2751 1269 possunt.
2799 1203 2940 1260 Bene
2977 1206 3158 1278 itaque
3184 1207 3417 1266 dicitur:

1839 1286 2147 1342 Eleazarum
2173 1291 2622 1361 sanctiﬁcaverunl
2641 1332 2654 1357 ,
2678 1302 2734 1345 ut
2755 1295 3034 1350 custodiret
3059 1315 3254 1355 arcam.
3283 1301 3418 1368 Quia

1837 1378 1914 1442 lti,
1944 1379 2135 1445 quibus
2163 1380 2338 1434 adbttc
2381 1380 2556 1435 aliena
2596 1383 2790 1436 auxilia
2824 1400 2870 1437 ns
2895 1389 3127 1441 ceSsat-ia
3156 1397 3308 1455 sunt,
3354 1393 3420 1444 ad

1836 1470 2259 1524 Subreuiendutn
2281 1471 2398 1526 aliis
2430 1475 2780 1540 promovendi
2810 1491 2918 1530 non
2939 1486 3084 1532 sunt.
3117 1479 3262 1535 Bene
3292 1483 3418 1535 ilt'm

1836 1560 1976 1614 idem
2025 1558 2311 1615 Eleazarus
2357 1559 2497 1616 ﬁlius
2542 1561 2848 1620 Aminadab
2880 1581 3000 1622 esse
3029 1568 3224 1624 dicitur
3255 1590 3266 1624 :
3296 1575 3419 1641 quia

1837 1661 2003 1714 certe,
2033 1651 2125 1719 qui
2169 1651 2234 1704 ad
2265 1652 2616 1706 ministerium
2660 1656 3058 1723 praedicationis
3099 1661 3335 1730 eligitur,
3368 1667 3419 1718 in

1839 1743 2138 1798 imitatione
2166 1751 2475 1799 sanctorum
2509 1746 2746 1814 positus,
2797 1748 3053 1804 auxilium
3095 1767 3256 1809 omne
3279 1761 3420 1824 quod

142 1825 540 1881 Sublimiorinus
575 1843 673 1896 per
699 1829 914 1882 nuntios
952 1829 1145 1883 dicitur
1169 1847 1182 1882 :
1217 1829 1526 1887 Descendite
1561 1843 1611 1887 et
1639 1852 1724 1889 re-
1761 1837 1803 1898 Β
1832 1833 2050 1886 exhibet
2079 1848 2197 1888 esse
2225 1832 2386 1889 debet
2414 1850 2482 1889 ex
2510 1835 2821 1892 dilectione.

138 1919 305 1972 ducite
346 1935 488 1972 eam.
538 1919 879 1974 Descendunt
905 1922 1122 1991 quippe,
1155 1923 1276 1991 quia
1310 1923 1604 1979 ohediunt:
1638 1941 1736 1981 ne-

137 2025 406 2079 quaquam
464 2013 610 2066 enim
663 2011 1081 2079 descenderent,
1127 2016 1169 2069 si
1213 2015 1304 2084 id,
1352 2016 1497 2084 quod
1543 2018 1610 2071 ab
1657 2017 1735 2072 eis

139 2100 407 2156 fraternus
453 2119 608 2157 amor
653 2104 884 2174 expetit,
932 2105 1244 2174 impendere
1289 2108 1514 2178 superba
1555 2116 1736 2163 mente

137 2193 456 2248 relutarent.
509 2193 660 2248 Tunc
701 2195 916 2264 quidem
954 2211 1082 2251 vere
1121 2198 1377 2254 sublimes
1417 2209 1561 2264 sunt,
1610 2215 1732 2254 cum

135 2297 192 2335 se
219 2281 441 2338 Christo
470 2300 580 2337 non
605 2284 888 2352 auferunt;
929 2302 1052 2342 cum
1081 2287 1163 2353 id,
1207 2289 1352 2357 quod
1392 2305 1459 2345 ex
1493 2291 1733 2346 fraterno

137 2372 329 2441 iudicio
377 2375 460 2430 eis
507 2375 836 2444 imponitur,
887 2393 996 2432 non
1058 2379 1345 2449 repellunt.
1405 2378 1557 2436 Unde
1608 2389 1734 2451 apte

135 2463 232 2516 Sub
255 2463 466 2518 ttferlur
498 2487 505 2496 '

769 2556 1002 2612 CAPUT
1042 2559 1101 2613 V.

205 2644 254 2713 (l
281 2645 416 2715 Reg.
440 2661 534 2713 vn,
567 2647 644 2717 1.)
679 2648 936 2703 Venerunt
958 2667 1082 2720 ergo
1120 2651 1217 2706 viri
1246 2651 1616 2710 Currat/tiarint
1637 2697 1650 2719 ,
1683 2665 1733 2710 et

135 2738 450 2790 reduxerunt
471 2754 650 2791 arcant
671 2737 904 2804 Domini,
927 2750 975 2793 et
997 2741 1281 2796 intulerunt
1303 2760 1421 2797 eam
1447 2745 1499 2798 iu
1523 2745 1731 2802 domum

140 2826 424 2880 Aminadab
453 2829 507 2882 in
541 2827 742 2884 Gabaa.
775 2840 800 2869 α
834 2830 1144 2886 Eleazarum
1191 2843 1358 2888 auten
1405 2837 1574 2906 [ilium
1619 2841 1732 2911 ejus

137 2919 607 2989 sanctiﬁcareruut,
632 2932 686 2975 ut
714 2923 995 2978 custodiret
1021 2941 1198 2978 arcam
1225 2924 1456 2982 Domini.

203 3007 257 3062 i.
299 3011 600 3066 Aminadab
631 3013 1038 3083 interpretatur,
1064 3017 1294 3086 populus
1316 3034 1467 3074 meus
1510 3031 1734 3091 sponta-

141 3115 299 3165 neus;
327 3099 510 3155 Gabaa
529 3141 544 3167 ,
575 3102 838 3160 sublimis.
883 3103 949 3159 Et
979 3105 1234 3162 nimirum
1264 3109 1460 3164 talibus
1483 3126 1606 3167 arca
1635 3113 1728 3169 Dei

1906 1923 1958 1977 2.
1999 1922 2134 1990 Quia
2167 1939 2294 1979 vero
2337 1941 2436 1981 nos
2471 1927 2714 1996 superius
2762 1929 3058 1999 plaustrum
3088 1934 3421 2006 Scripturatn

1835 2029 2042 2068 sacrant
2069 2056 2083 2080 ,
2133 2031 2313 2070 aream
2346 2033 2474 2070 vero
2505 2018 2782 2074 scientiam
2815 2021 2931 2090 ejus
2979 2025 3276 2094 spiritalem
3306 2046 3424 2086 esse

1834 2104 2088 2170 diximus,
2106 2121 2294 2160 vaccas
2316 2121 2529 2176 quoque
2549 2109 2748 2164 electas
2770 2113 2993 2178 animas,
3021 2116 3178 2172 timor
3203 2117 3424 2177 Bethsao

1836 2196 2108 2264 mitarunt,
2127 2211 2284 2266 quem
2309 2198 2485 2253 inesse
2507 2200 2694 2256 electis
2713 2204 3044 2261 Ostendimus
3070 2208 3123 2262 in
3149 2209 3422 2268 oblatione

1834 2287 2175 2352 sacramenti,
2199 2297 2380 2357 potest
2407 2287 2592 2344 referri
2623 2291 2782 2345 ctiam
2815 2296 2879 2347 ad
2910 2312 3044 2351 unus
3074 2299 3418 2367 praelationis.

1834 2374 1952 2431 Non
1981 2377 2124 2432 enim
2172 2378 2350 2432 minor
2375 2381 2633 2436 sanctitas
2670 2381 2862 2438 idonea
2903 2395 2987 2440 est
3029 2389 3306 2446 animabus
3337 2395 3420 2448 in-

1833 2466 2127 2533 struendis,
2142 2482 2303 2536 quam
2327 2467 2614 2525 ollerendis
2635 2473 2802 2526 sacris
2828 2477 3114 2546 mysteriis.
3134 2479 3200 2534 Et
3222 2481 3422 2540 idcirco

1833 2557 2178 2614 Bethsamitte
2213 2560 2565 2630 perhibentur
2606 2566 2844 2632 percussi
2871 2585 2883 2620 :
2915 2569 3038 2637 quia
3069 2571 3310 2644 plerique
3340 2579 3423 2632 vi~

1833 2657 1968 2704 vunt
1988 2651 2207 2718 subditi,
2231 2653 2324 2721 qui
2351 2655 2655 2710 moriuntur
2682 2659 2906 2726 praelati.
2936 2659 3111 2719 Habet
3135 2667 3276 2722 enim
3298 2684 3422 2727 arca

1834 2739 1930 2796 Dei
1966 2741 2130 2796 etiam
2168 2743 2504 2800 extrinsecus
2533 2747 3005 2822 pulchritudinem,
3035 2771 3194 2824 quam
3225 2760 3270 2815 si
3317 2765 3423 2817 mi-

1834 2833 2005 2887 nister
2033 2833 2273 2891 inlirmus
2298 2851 2408 2890 non
2445 2836 2514 2891 ad
2542 2838 2835 2908 spirita'em
2865 2847 3298 2919 vent-rationem,
3328 2856 3422 2910 sed

1839 2938 1866 2977 a
1889 2924 1900 2975 ι
1919 2924 2404 2994 concupiscentiam
2420 2928 2732 2984 surcularem
2753 2931 3061 3002 inspexerit,
3085 2953 3420 3010 nequaquam

1833 3015 1986 3068 vivit.
2001 3014 2145 3070 Bene
2158 3016 2338 3085 itaque
2351 3033 2508 3073 causa
2526 3023 2884 3089 percussionis
2896 3039 3081 3081 eorum
3095 3029 3418 3098 declaratur,

1835 3122 1954 3160 cum
1981 3106 2206 3162 dicitur:
2229 3106 2364 3172 Quia
2387 3109 2618 3166 ridet-unt
2641 3128 2818 3167 arcam
2842 3113 2958 3170 Dei.
2991 3116 3126 3184 Quid
3148 3129 3231 3176 est
3246 3126 3417 3190 enim,

137 3191 452 3245 committet)
476 3193 523 3245 ia
567 3201 670 3247 est.
713 3192 948 3265 Populus
993 3212 1224 3270 namque
1253 3210 1584 3270 spontaneos
1613 3213 1726 3272 est,
1759 3204 1802 3265 C
1833 3197 2212 3263 υἱιίενιιηινηίεί
2232 3200 2356 3268 (illia
2379 3199 2492 3268 eius
2508 3201 2733 3269 gloriam
2749 3203 2902 3258 Vide"
2924 3206 2973 3259 ὀ
2994 3211 3421 3279 concupierunt?

137 3295 295 3350 quem
326 3281 393 3336 ad
424 3285 730 3340 exercenda
769 3287 1026 3343 virtutum
1071 3306 1234 3360 opera
1255 3331 1270 3355 ,
1319 3295 1432 3348 sola
1463 3294 1604 3350 bona
1634 3313 1730 3352 vo-

140 3373 315 3427 luntas
339 3374 526 3440 trahit,
551 3391 709 3444 quem
741 3378 807 3431 atl
839 3379 1105 3450 implenda
1139 3383 1387 3438 mandata
1419 3384 1513 3440 Dei
1542 3401 1733 3442 neces-

136 3463 268 3517 sitas
300 3481 408 3518 nou
438 3467 736 3536 compellit.
769 3467 915 3534 Quos
940 3471 1190 3527 nimirum
1220 3475 1318 3527 sub
1348 3474 1503 3529 unius
1531 3475 1733 3531 descri-

134 3553 318 3622 ptione
375 3554 568 3611 beatus
621 3555 816 3614 Paulus
863 3561 1160 3630 praedicat,
1209 3563 1392 3620 dicens
1433 3582 1446 3619 :
1493 3565 1730 3622 llilarem

136 3647 368 3699 datorem
393 3648 566 3719 diligit
589 3647 728 3703 Deus
761 3651 858 3720 (ll
886 3653 1008 3707 Cor.
1041 3670 1118 3722 tx,
1152 3654 1240 3724 7).
1271 3656 1401 3722 Quae
1429 3665 1513 3712 est
1541 3658 1731 3715 domus

133 3739 418 3806 spontanei
449 3740 652 3809 populi,
683 3741 783 3795 nisi
812 3745 1199 3799 munimentum
1237 3755 1440 3801 sanctae
1479 3749 1728 3806 dilectio-

134 3827 250 3880 nis?
279 3827 411 3881 Nam
437 3827 488 3881 in
513 3829 770 3884 virtutum
803 3832 1100 3888 ministerio
1121 3844 1451 3904 spontaneus
1472 3853 1591 3894 esse
1621 3856 1729 3896 non

134 3927 350 3984 posset,
395 3919 440 3972 si
472 3921 809 3975 mansionem
849 3923 947 3977 sibi
977 3924 1209 3980 dilectio:
1237 3926 1280 3980 is
1309 3943 1415 3982 non
1447 3929 1724 3986 conderet.

133 4008 261 4077 Quae
289 4013 538 4081 proiecto
565 4013 756 4068 domus
784 4015 834 4068 in
864 4014 1066 4078 Gabaa,
1100 4017 1153 4070 id
1191 4026 1275 4072 est
1304 4020 1357 4073 in
1383 4020 1598 4077 sublimi
1626 4023 1728 4078 sita

133 4108 515 4176 cognoscitur:
549 4108 673 4176 quia
719 4110 997 4165 charitatis
1045 4111 1327 4169 altitudine
1373 4114 1441 4168 ad
1487 4117 1727 4172 cm'estia

133 4200 499 4254 sublevamur.
547 4200 641 4256 Vel
681 4212 830 4258 certe
879 4204 930 4258 in
976 4206 1188 4261 sublimi
1231 4216 1314 4262 est
1342 4208 1550 4275 domus,
1604 4212 1727 4280 quia

134 4292 368 4345 charitas
389 4293 642 4347 omnibus
663 4294 949 4351 virtutibus
976 4299 1293 4354 antefertur.
1322 4300 1452 4355 Nam
1483 4303 1728 4358 sublimi-

136 4379 258 4432 tatis
287 4379 450 4448 hujus
479 4381 812 4438 altitudinem
847 4385 1121 4441 insinuans
1151 4387 1365 4452 Paulus,
1399 4391 1474 4444 ait
1501 4409 1512 4444 :
1545 4393 1727 4446 Adhuc

135 4471 551 4526 excellentimem
580 4474 715 4527 viam
761 4475 901 4530 vobis
947 4477 1264 4533 demonstro.
1299 4479 1360 4534 Si
1392 4480 1581 4552 linguis
1629 4483 1725 4538 lto-

1837 3289 1987 3344 Nunc
2025 3297 2238 3355 autem,
2279 3299 2499 3348 auctore
2543 3293 2688 3360 Deo,
2740 3311 2836 3365 per
2880 3299 3067 3355 orbem
3115 3304 3420 3363 universum

1831 3390 2030 3435 sancta:
2077 3379 2330 3438 Ecclesiae
2373 3383 2542 3452 gloria
2589 3395 2672 3441 est
2714 3389 2954 3459 copiosa.
3005 3392 3133 3459 Quae
3181 3399 3436 3466 profecto

1833 3474 2035 3542 gloria,
2081 3475 2202 3544 quia
2227 3492 2257 3529 a
2287 3477 2531 3545 reprobis
2561 3480 2929 3538 sacerdotibus
2967 3487 3298 3546 saeculariter
3326 3507 3423 3562 ap-

1833 3565 2050 3633 petitur,
2083 3565 2426 3620 Bethsamitte
2454 3568 2552 3622 viri
2576 3584 2756 3625 arcam
2788 3571 2830 3625 D
2867 3573 2882 3626 ἰ
2923 3577 3159 3632 exterius
3191 3579 3422 3639 videndo

1835 3655 2155 3711 moriuntur.
2203 3659 2315 3712 Non
2355 3659 2498 3712 enim
2526 3661 2823 3729 spiritalem
2865 3664 2981 3733 ejus
3011 3666 3274 3725 honorem
3323 3689 3424 3742 pro

1834 3743 2044 3800 interna
2081 3747 2341 3802 virtutum
2387 3749 2551 3817 gloria
2600 3760 2889 3820 appetunt,
2923 3755 3016 3810 sed
3058 3764 3116 3810 ut
3143 3773 3280 3814 arae
3329 3762 3424 3820 Dei

1832 3837 2174 3907 splendorem
2203 3840 2444 3910 rapiant,
2476 3849 2533 3896 et
2557 3843 2934 3900 ecclesiasticae
2965 3849 3289 3915 prmlationis
3317 3853 3422 3909 ful-
3481 3849 3484 3852 ’

1832 3943 2036 3996 gorem,
2061 3931 2112 3984 in
2143 3929 2276 3985 ﬂore
2303 3931 2481 3986 Steculi
2507 3932 2619 3988 suis
2646 3933 2874 3990 cultibus
2905 3936 3096 3993 ferant.
3129 3941 3265 3996 Area
3295 3958 3424 4011 quo-

1832 4036 1936 4088 que
1955 4021 2044 4075 Dei
2070 4021 2206 4074 male
2229 4021 2253 4074 l'
2271 4022 2355 4075 tris
2376 4021 2444 4076 ad
2462 4025 2861 4092 percussionem
2884 4029 3182 4098 respicitur,
3204 4037 3420 4102 quando

1831 4110 2081 4179 ﬂagitiosi
2127 4112 2396 4181 prtepositi
2426 4112 2758 4168 subditatum
2787 4130 3137 4185 personarum
3167 4124 3419 4180 exteriori

1831 4204 2012 4274 specie
2041 4203 2261 4268 devicti,
2293 4203 2360 4258 ad
2387 4205 2654 4260 carnalem
2685 4209 3180 4278 concupiscentiam
3211 4225 3419 4284 ptrtra-

1831 4296 2047 4349 buntur.
2075 4294 2186 4350 Viri
2218 4295 2407 4350 timore
2433 4295 2702 4365 ingentem
2731 4299 3121 4357 multitudinem
3159 4309 3421 4375 concupi-

1829 4387 2046 4442 scentiae
2069 4387 2178 4442 telo
2192 4396 2515 4456 prostratam
2538 4389 2832 4458 intuentes,
2851 4393 3069 4450 dicunt:
3089 4395 3216 4460 Quis
3236 4406 3420 4469 poterit

1828 4487 1968 4532 stare
2011 4479 2065 4532 in
2115 4485 2385 4548 conspectu
2441 4478 2650 4534 Domini
2702 4481 2795 4535 Dei
2849 4487 3016 4540 sancti
3063 4486 3255 4558 hujus?
3303 4490 3421 4546 Stat

138 4561 332 4614 minam
379 4562 567 4632 loquar
608 4573 660 4617 et
686 4565 1020 4636 angelorum,
1054 4568 1358 4625 charitatem
1403 4581 1573 4624 autem
1621 4590 1723 4628 non
1756 4579 1800 4638 ι)
1828 4570 2049 4638 quippe,
2083 4569 2134 4623 itt
2165 4577 2458 4638 conspectu
2492 4571 2614 4631 Dei,
2640 4572 2731 4641 qui
2758 4573 2908 4628 tortis
2931 4577 3090 4630 estin
3121 4579 3309 4633 ordine
3337 4581 3418 4634 di-

137 4649 384 4713 habeam,
420 4654 588 4722 [actus
626 4670 739 4707 sum
788 4655 918 4709 velut
967 4673 1038 4711 tes
1068 4676 1260 4714 sonans
1303 4669 1391 4714 aut
1439 4665 1728 4730 cymbalum

137 4745 364 4798 tinniens
408 4745 467 4816 (l
502 4745 620 4800 Cor.
656 4764 762 4817 xu,
805 4748 905 4816 5|;
955 4767 1076 4816 xm,
1110 4751 1185 4822 i).
1231 4753 1367 4820 Quid
1397 4763 1479 4809 est
1507 4765 1683 4812 autem
1707 4797 1726 4825 ,

136 4835 279 4902 quod
305 4835 624 4892 Eleazarum
651 4839 991 4897 sanctificant
1019 4845 1083 4898 ad
1107 4846 1515 4906 custodiendum
1546 4866 1728 4905 arcam

139 4925 272 4980 Dei?
317 4927 425 4982 Sed
468 4930 573 4986 hoc
608 4932 856 4986 nimirum
896 4949 962 4988 ex
994 4951 1090 4990 usu
1120 4947 1320 4992 sanctae
1350 4938 1602 4996 Ecclesiae
1632 4959 1732 4997 no-

137 5017 349 5084 vimus,
398 5020 525 5087 quia
574 5020 778 5076 electus
822 5024 1067 5080 minister
1103 5028 1251 5097 prius
1303 5029 1564 5085 benedicti
1606 5048 1728 5087 nem

137 5109 564 5164 consecrationis
588 5126 618 5164 a
645 5113 870 5168 summis
897 5113 1025 5170 viris
1067 5118 1260 5188 accipit
1299 5135 1460 5189 quam
1491 5122 1731 5179 ministe-

140 5198 275 5252 rium
308 5200 586 5269 impendat
625 5201 935 5259 oblationis.
987 5205 1122 5272 Quia
1153 5225 1280 5262 vero
1314 5210 1600 5268 Eleazarus
1637 5214 1730 5270 Dei

139 5288 355 5358 adjutor
384 5288 602 5371 dicitur,
637 5294 790 5364 162
824 5296 1064 5364 profecto
1102 5300 1404 5355 ostenditur
1458 5304 1583 5371 quia
1623 5322 1730 5361 non

85 5444 90 5454 ι
138 5379 314 5434 solum
342 5369 668 5436 sattctilicari
712 5383 802 5438 Dei
847 5386 1075 5442 ministri
1121 5389 1382 5457 debeant,
1426 5393 1521 5448 sed
1567 5396 1728 5450 t-tiam

81 5459 86 5467 ’
141 5471 328 5541 inspici
352 5473 543 5541 quales
561 5474 670 5528 sint
693 5475 760 5530 ad
778 5477 1017 5544 ejusdem
1039 5485 1460 5541 consecrationis
1489 5488 1729 5542 ordinem

142 5564 520 5628 prontovettdi.
549 5564 650 5631 Qui
678 5567 818 5621 enim
847 5577 972 5623 sunt
1005 5571 1094 5626 Dei
1125 5573 1445 5643 adjutoriuut
1464 5617 1478 5641 ,
1512 5579 1562 5632 ni
1597 5579 1610 5633 i
1638 5580 1728 5649 qui

1832 4661 1938 4714 vini
1987 4660 2284 4715 ministerii.
2316 4661 2472 4714 Stare
2513 4663 2711 4715 etenim
2757 4664 3083 4721 fortitudinis
3112 4677 3224 4734 est,
3259 4671 3418 4724 mini-

1830 4761 2005 4806 strare
2033 4751 2296 4820 obsequii.
2328 4750 2483 4805 Stare
2509 4765 2637 4818 ergo
2670 4752 2721 4805 in
2747 4763 3043 4822 conspectu
3072 4755 3168 4813 Dei
3197 4758 3413 4824 dicitur,

1831 4842 1922 4910 qui
1971 4841 2212 4895 ordinem
2269 4841 2486 4909 superni
2543 4840 2704 4896 ofﬁcii
2755 4843 2808 4896 in
2855 4844 3140 4903 altitudine
3185 4849 3418 4919 disponit

1831 4936 2004 5006 digna:
2025 4934 2484 5000 conversationis;
2514 4935 2604 5005 qui
2635 4935 2686 4988 in
2714 4936 3015 4993 ministerio
3043 4954 3152 5008 quo
3181 4941 3417 5011 fungitur

1831 5025 1982 5080 nullo
2023 5026 2263 5097 appetitu
2289 5025 2640 5080 ecclesiastici
2687 5026 2908 5082 honor's
2948 5028 3232 5100 decipitur,
3272 5036 3416 5092 nulla

1834 5119 2036 5173 carnali
2063 5118 2496 5188 concupiscentia
2521 5127 2824 5188 superatur.
2855 5120 2989 5186 Quia
3011 5139 3140 5179 vero
3163 5135 3271 5181 tam
3301 5129 3417 5183 ido~

1836 5209 1923 5262 nei
1965 5209 2189 5264 ministri
2228 5224 2349 5264 raro
2377 5209 2740 5275 inveniuntur,
2789 5213 2982 5268 merito
3023 5215 3208 5271 dicunt
3242 5218 3416 5283 :Quis

1835 5301 2020 5370 poterit
2050 5309 2190 5354 stare
2215 5302 2268 5353 in
2297 5310 2570 5370 conspectu
2618 5299 2830 5357 Domini
2875 5303 2975 5358 Dei
3011 5309 3177 5361 sancti
3226 5311 3417 5382 hujus?

1834 5389 1901 5443 Et
1920 5390 2046 5460 quia
2074 5398 2279 5444 tantum
2309 5408 2446 5446 onus
2473 5393 2679 5461 parvuli
2717 5393 2916 5452 Christi
2947 5397 3075 5454 viris
3105 5398 3416 5458 fortioribus

1834 5484 2115 5549 deserunt,
2156 5483 2426 5539 subdunt:
2459 5483 2529 5537 Et
2569 5486 2639 5539 ad
2685 5503 2830 5558 quem
2874 5491 3113 5544 ascendet
3157 5509 3192 5545 α
3229 5495 3412 5549 nobis?

1832 5574 2114 5641 Qumuodo
2132 5584 2306 5629 autem
2323 5591 2351 5629 a
2375 5579 2386 5628 |
2407 5577 2737 5632 habitatores
2751 5577 3135 5636 Cariathiarim'
3153 5585 3394 5640 miserint

214 5773 238 5797 ο
280 5763 406 5818 lltee
450 5763 501 5817 in
544 5764 754 5817 caeteris
783 5765 936 5820 editis
973 5769 1168 5824 omissa
1209 5773 1536 5828 retituenda
1571 5773 1838 5842 duximus,
1863 5776 1988 5844 quia
2021 5774 2154 5830 infra
2189 5784 2435 5844 tanquam
2463 5775 2572 5844 jam
2603 5779 2878 5848 preposita
2913 5799 3274 5856 exponuntur.

505 5875 784 5935 ΡΑτιιοι..
833 5878 1128 5942 LXXIX.

3020 5871 3058 5928 7

2975 5965 3070 5999 ‘Q"
