3962 6276
535 353 644 408 ⁸303

538 475 808 550 quotno-lo
841 485 1015 524 arcam

539 566 810 641 quomodo
835 562 1145 616 Eleazarum
1179 543 1644 606 sanetiticaverint,
1672 539 1807 593 sicut
1837 550 1992 604 supra
2023 547 2121 586 ex-

542 661 772 732 positum
796 663 895 719 est,
929 664 1036 704 non
1069 654 1335 698 nnnamus

615 751 790 822 (Vers.
821 716 899 812 9.)
929 739 1081 810 163
1107 735 1171 788 Et
1195 734 1389 804 factum
1414 735 1488 780 est
1508 741 1572 778 ea:
1593 739 1692 792 quo
1714 735 1837 773 arca
1861 716 1957 769 Dei
1978 729 2126 768 man-

543 813 691 898 sit‘in
719 831 1112 892 Cariatltiurim,
1145 819 1470 891 multiplicati
1495 824 1613 870 sunt
1641 813 1769 866 dies.

613 933 668 989 Si
710 930 776 984 ad
818 923 1097 982 historiam
1141 913 1481 982 respicimus,
1511 907 1626 960 dies
1673 902 1961 958 mansionis
1992 910 2130 952 arca:

545 983 879 1092 multiplicati
900 1019 1043 1076 sunt,
1073 1006 1197 1077 quia
1229 1003 1335 1057 illic
1359 999 1526 1053 multo
1557 1005 1800 1062 tempore
1827 988 1943 1043 fu't.
1978 983 2131 1040 Unde

549 1125 604 1171 ct
628 1111 874 1169 subditur
903 1124 916 1159 :

624 1205 799 1276 (Vers.
822 1200 901 1262 2.)
929 1194 1058 1249 Erat
1080 1204 1213 1244 etum
1237 1197 1406 1237 annus
1435 1180 1725 1231 vicesimus.

625 1261 688 1348 Iit
724 1292 790 1346 ad
833 1287 959 1360 quid
987 1284 1144 1338 istam
1186 1277 1391 1330 nierum
1433 1263 1930 1334 multiplicationem
1961 1261 2133 1314 intro-

553 1385 786 1450 duxerit,
816 1378 1050 1436 subdens
1079 1416 1094 1438 ,
1125 1371 1200 1424 ait
1225 1385 1236 1422 τ

627 1442 800 1547 (Vers.
831 1470 908 1541 2.)
939 1467 1006 1522 Et
1034 1460 1274 1534 requievit
1304 1456 1469 1510 omnis
1500 1451 1668 1506 Israel
1697 1455 1810 1518 post
1838 1442 2135 1498 Dominum.

625 1572 754 1638 Qua:
792 1562 1040 1619 nimirum
1087 1550 1300 1622 requies
1343 1549 1393 1602 in
1437 1545 1528 1598 ilio
1565 1540 1734 1595 veteri
1789 1534 1988 1606 popqu
2032 1546 2138 1585 non

556 1667 820 1718 lmnormn
852 1664 1095 1722 operum,
1124 1644 1215 1700 sed
1259 1644 1412 1696 bona:
1458 1629 1760 1690 devotionis
1799 1620 2140 1692 intelligenda

558 1760 658 1808 est.
694 1748 825 1803 Nam
852 1741 1095 1812 sequitur
1122 1755 1133 1789 :

631 1841 807 1911 (Vers.
845 1835 922 1902 5.)
958 1831 1042 1884 Ait
1072 1835 1239 1881 autem
1267 1819 1477 1878 Samuel
1518 1815 1584 1867 nd
1615 1811 1904 1866 universam
1937 1803 2140 1855 domum
2177 1805 2218 1864 Β

632 1890 648 1911 \
676 1890 684 1894 '
711 1890 729 1893 "
797 1890 803 1891 '
907 1890 918 1902 ι

563 1932 763 1994 Israel,
801 1928 1016 1981 dicens:
1050 1919 1110 1975 Si
1132 1920 1185 1971 in
1231 1923 1334 1969 toto
1374 1909 1525 1964 corde
1549 1914 1713 1960 vestro
1735 1893 2046 1954 revertimini
2073 1890 2142 1944 ad

562 2026 749 2084 Deum,
776 2019 973 2088 auferte
999 2011 1120 2066 deos
1150 2008 1344 2061 alieno;
1377 2002 1439 2055 de
1467 1997 1632 2052 medio
1660 2001 1876 2047 vestrum
1899 2028 1913 2052 ,
1944 1985 2146 2038 Baal'm

562 2128 607 2174 et
647 2080 922 2171 Astarot'lt;
956 2115 1005 2160 et
1051 2107 1342 2174 praeparate
1381 2091 1537 2147 corda
1585 2093 1754 2142 vestra
1804 2080 2054 2139 Domino,
2099 2082 2148 2128 et

564 2170 744 2265 servile
774 2203 819 2258 ei
850 2170 967 2260 soli,
996 2170 1307 2250 tat-liberabit
1351 2201 1438 2240 vos
1467 2182 1529 2234 de
1555 2193 1709 2232 manu
1737 2170 2074 2227 Pliilistltiim.

626 2296 686 2350 ‘5.
730 2291 830 2359 Qui
856 2289 987 2344 deos
1016 2284 1216 2338 alienos
1244 2279 1310 2331 de
1346 2273 1522 2328 medio
1547 2270 1630 2325 sui
1661 2281 1766 2320 non
1797 2261 2150 2324 abstulerant,

568 2390 669 2445 nisi
695 2389 834 2441 bona
855 2381 1153 2438 voluntate,
1183 2377 1304 2442 post
1325 2365 1609 2420 Dominum
1638 2356 1909 2428 quomodo
1937 2350 2154 2420 reqnic-

570 2473 828 2532 scebant?
849 2469 989 2536 Qua:
1018 2441 1264 2519 nimirum
1287 2455 1466 2512 omnia
1483 2454 1524 2506 si
1547 2447 1858 2520 spiritaliter
1876 2441 2154 2511 inquiran-

546 2579 685 2630 ‘lur,
728 2563 844 2618 dies
898 2553 1193 2612 mansionis
1240 2563 1377 2604 arcte
1427 2541 1868 2611 multiplicantur.
1898 2532 2004 2587 Sed
2035 2545 2157 2585 cum

573 2653 846 2711 manet-in
871 2647 1236 2708 Gabaa,'cum
1287 2644 1468 2691 manet
1512 2634 1562 2686 in
1601 2627 1841 2685 custodia
1881 2621 2156 2685 Eleazari;

574 2747 695 2816 quia
726 2755 866 2797 cum
911 2736 1208 2791 animarum
1256 2725 1492 2781 fidefinm
1531 2734 1658 2777 cura
1697 2715 1837 2786 apud
1880 2712 2160 2780 religiosos

573 2805 952 2907 praedicatores
993 2820 1333 2885 reconditur,
1382 2811 1642 2886 perfectio
1683 2805 1992 2875 religionis,
2042 2815 2162 2872 qua:

576 2900 786 2982 sublimi
815 2916 1058 2974 doctrina
1107 2907 1462 2981 impenditur,
1495 2903 1759 2957 bonorum
1791 2908 2014 2968 operum
2049 2900 2162 2944 stu-

571 3019 666 3074 dio
695 3001 1212 3082 adimpletum-Unde
1231 3008 1284 3055 et
1305 3010 1477 3051 annus
1502 2992 1788 3048 vicesimus
1813 2995 1940 3041 tunc
1962 2984 2164 3038 instare

571 3113 778 3167 relatus
807 3113 910 3162 est.
940 3102 999 3158 Si
1025 3098 1166 3155 enim
1193 3091 1447 3150 denarius
1481 3098 1734 3142 numerus
1774 3078 2161 3151 perfectionem

1769 321 2008 376 SANCTI
2052 314 2371 370 (iREIiOIiII
2414 311 2621 368 MAGNI

1054 464 1146 519 0.1
1180 462 1231 514 ίη
1263 457 1478 514 domum
1511 446 1803 504 Ammadab
1826 441 2118 502 intn‘e:int,
2155 441 2194 493 Λ
2227 434 2294 487 ad
2329 432 2512 486 mundi
2541 442 2779 484 amorem
2825 432 3000 494 potest
3029 420 3212 491 dejici,
3261 429 3379 492 post
3408 419 3678 475 Dominum
3706 441 3789 478 ne-

3688 308 3784 366 εηι

2225 536 2495 593 quaquam
2527 516 2829 587 requiescit.
2865 513 2997 569 Cum
3029 525 3156 580 ergo
3174 519 3356 565 manet
3382 524 3506 564 arca
3544 514 3595 564 in
3625 509 3789 567 Caria-

2229 613 2472 680 thiarim,
2504 617 2559 665 et
2587 609 2702 662 dies
2727 604 3169 672 multiplicantur,
3194 601 3476 655 universus
3501 598 3657 654 Israel
3686 611 3789 671 post

2231 704 2510 759 Dominum
2533 699 2821 769 requiescit
2849 715 2861 750 :
2885 697 3010 766 quia
3038 693 3282 763 profecto
3306 691 3432 746 dum
3460 692 3638 746 electa
3659 708 3791 746 men-

2231 798 2298 849 t‘s
2338 791 2560 848 scientia
2609 790 2662 844 in
2711 786 3097 858 experientiam
3142 799 3396 854 superna:
3449 782 3792 840 delectationis

2231 885 2484 953 erigitur,
2525 882 2649 936 dum
2678 881 2797 935 lace
2827 877 3015 932 refusa:
3062 877 3275 944 gloria},
3310 876 3570 928 virtutum
3598 875 3791 945 spirita-

2232 976 2360 1030 l.um
2390 971 2490 1026 sibi
2519 969 2791 1026 clari.ates
2833 967 3218 1038 glomerantur,
3257 963 3608 1018 imitationem
3639 963 3790 1017 Domi-

2235 1067 2406 1120 nicam
2436 1073 2618 1118 tenere
2647 1075 2713 1114 eo
2735 1056 3168 1127 perseverantius
3195 1065 3374 1125 potest
3393 1069 3522 1123 quo,
3547 1053 3796 1106 immensis

2235 1157 2497 1211 illustrata
2543 1150 2907 1216 claritatibus,
2948 1163 3040 1201 eas
3096 1147 3255 1201 teneb
3285 1162 3343 1200 as
3388 1147 3582 1214 quibus
3622 1160 3649 1197 a
3689 1160 3798 1198 vero

2236 1250 2502 1303 divilatur
2528 1244 2726 1297 lumine
2749 1244 2948 1296 sentire
2971 1256 3075 1293 non
3100 1247 3296 1307 potest.
3326 1235 3477 1290 Unde
3504 1245 3558 1289 et
3578 1236 3706 1288 bene
3725 1237 3797 1303 qui

2237 1348 2361 1411 post
2389 1337 2670 1393 Dominum
2703 1333 2861 1404 164
2891 1335 3233 1399 requiescere
3275 1329 3488 1393 dicitur,
3517 1327 3672 1382 Israel
3701 1343 3801 1381 essq

2239 1430 2580 1502 perhibetur,
2625 1425 2879 1480 videlicet
2909 1423 3092 1476 videns
3134 1422 3298 1474 Deum
3325 1438 3338 1470 τ
3370 1421 3490 1488 quia
3535 1434 3639 1488 quo
3665 1419 3802 1471 altius

2241 1521 2634 1590 contemplator
2679 1518 2732 1571 in
2777 1516 2956 1570 divina
2988 1514 3210 1584 rapitur,
3240 1527 3307 1566 eo
3346 1510 3414 1564 ab
3441 1509 3680 1563 Inunanis
3705 1524 3803 1577 qua:

2243 1621 2494 1685 potenter
2523 1609 2741 1664 cohibet
2770 1617 3108 1673 nequaquam
3138 1608 3442 1671 superatur.

2316 1705 2368 1758 6.
2389 1702 2584 1757 Verum
2602 1699 2750 1769 quia,
2767 1705 2987 1750 auctore
3010 1693 3141 1756 Deo,
3161 1707 3341 1746 arcam
3359 1691 3476 1759 ejus
3494 1687 3814 1758 p'oliciscen-

2247 1807 2352 1852 tem
2375 1808 2546 1862 usque
2577 1791 2642 1846 ad
2665 1786 3006 1844 sublimitatis
3034 1784 3150 1853 ejus
3175 1784 3338 1838 situm
3365 1782 3693 1846 dedux'mus,
3715 1797 3806 1849 quo

2245 1887 2422 1942 studio
2452 1882 2772 1955 praedicator
2800 1893 2925 1948 erga
2966 1875 3301 1930 subditorum
3333 1871 3714 1926 «or-rectionem
3741 1871 3809 1922 in-

2251 1977 2466 2043 vigilet,
2514 1975 2564 2027 vi
2587 1973 2810 2025 hamus.
2846 1968 2976 2023 Nam
2997 1966 3275 2033 sequitur:
3309 1962 3380 2016 Et
3408 1963 3481 2015 ait
3532 1961 3732 2015 Samuel
3756 1960 3810 2011 od

2247 2068 2534 2120 universam
2575 2063 2781 2117 domum
2812 2057 2981 2113 Israel
3010 2072 3028 2110 :
3060 2055 3118 2110 Si
3149 2055 3203 2108 in
3242 2061 3347 2108 toto
3377 2052 3529 2105 corde
3569 2062 3722 2105 vestro
3745 2069 3811 2103 re-

2252 2154 2504 2212 vertimini
2536 2157 2602 2205 ad
2642 2149 2948 2211 Dominum,
2979 2147 3180 2216 auferte
3212 2143 3334 2197 deos
3362 2142 3556 2195 alienas
3583 2142 3644 2193 de
3671 2140 3812 2192 medio

2255 2257 2493 2302 rastrum.
2522 2242 2669 2308 Quos
2720 2248 2899 2293 autem
2949 2238 3152 2291 alienos
3187 2235 3320 2289 deos
3363 2231 3636 2301 Scriptura
3687 2246 3813 2284 sacra

2255 2339 2528 2408 appellare
2548 2332 2850 2396 censuevit,
2879 2329 2977 2384 nisi
3000 2327 3282 2391 daemonia,
3307 2341 3427 2394 qua:
3449 2324 3498 2377 in
3527 2322 3815 2377 manufac‘is

2256 2428 2558 2487 simulacris
2598 2424 2877 2481 habitant?
2921 2422 2976 2476 In
3008 2419 3260 2476 Samuele
3300 2433 3471 2472 novos
3512 2425 3706 2470 sancta:
3732 2413 3814 2467 Er-

2260 2522 2435 2602 clesiae
2475 2517 2855 2588 pra-dicatores
2884 2512 3150 2582 designari
3195 2510 3445 2564 diximus.
3478 2506 3641 2561 Ret-te
3667 2511 3817 2574 itaque

2259 2597 2531 2668 demedio
2561 2609 2642 2664 sui
2672 2609 2802 2662 deos
2829 2605 3037 2660 alienos
3086 2604 3137 2658 in
3180 2602 3487 2656 universam
3533 2597 3696 2652 Israel
3737 2600 3818 2649 do-

2263 2721 2406 2760 mum
2437 2701 2646 2757 auferre
2674 2698 2968 2770 pmcepit:
3002 2695 3124 2764 quia
3167 2694 3220 2749 in
3262 2690 3644 2748 accedentibus
3675 2688 3737 2742 ad
3769 2689 3818 2740 ti-

2262 2797 2384 2851 dem
2403 2792 2721 2857 Gentilibus,
2753 2805 2859 2845 non
2881 2788 3052 2843 solum
3085 2793 3245 2840 recta:
3284 2782 3629 2854 profectionis
3649 2789 3820 2834 verita»

2267 2899 2371 2942 tem
2391 2885 2797 2955 prmdicatornm
2814 2879 2947 2935 ordo
2969 2877 3140 2949 petiit,
3156 2875 3250 2932 sed
3268 2874 3428 2928 etiam
3451 2871 3820 2926 damnationem

2267 2978 2499 3047 antiqua:
2542 2971 2960 3042 superstitionis.
3009 2967 3093 3022 Nil
3122 2966 3264 3020 enim
3296 2964 3375 3018 eis
3403 2962 3682 3033 prodesset
3709 2961 3824 3014 veri-

2267 3076 2432 3124 tatem
2464 3062 2766 3136 proﬁtendo
2795 3061 2974 3116 colere
2997 3099 3012 3124 ,
3039 3058 3124 3112 vel
3163 3054 3510 3124 obsequendo
3533 3094 3549 3118 ,
3588 3053 3690 3106 nisi
3716 3051 3822 3105 falsa

577 3143 778 3167 Ιῦιιιιιιδ
807 3143 910 3162 ιδ..
942 3143 999 3158 ν.
1026 3143 1166 3155 νισι-.-
1198 3143 1440 3150 ...τ---η-ηή
1776 3143 1791 3151 _

577 3201 811 3268 antiqua:
840 3192 997 3261 Legis
1036 3187 1302 3255 designat,
1342 3178 1470 3252 quid
1496 3172 1832 3237 tricenarius,
1858 3168 1959 3222 nisi
1987 3165 2166 3235 splen—
2197 3173 2241 3234 ρ
2272 3159 2418 3229 prius
2457 3153 2767 3211 detestanda
2814 3150 3175 3219 reliquissent.
3227 3143 3480 3212 Quisquis
3521 3143 3682 3198 etiam
3712 3156 3826 3194 nunc

1628 3264 1639 3268 -
1719 3260 1767 3268 ,η
1877 3261 1898 3268 ,ι
1929 3257 1989 3268 -η
2269 3250 2279 3268 2
2327 3255 2402 3268 ι..-
2440 3253 2679 3268 --ηλικι-..ι
2723 3240 3018 3268 υηηιηηζηη,
3053 3237 3254 3268 “nonne
3288 3243 3366 3268 ac.
3417 3250 3512 3268 nn.-
3554 3232 3707 3268 ndo'“
3753 3230 3825 3268 “‘3‘

584 3257 842 3343 tlididrem
891 3257 1042 3335 nova:
1083 3276 1204 3330 vita:
1247 3269 1559 3339 religionem
1598 3260 1900 3331 signiﬁcat?
1929 3257 2162 3314 Vicenao

565 3380 697 3432 -rius
725 3375 945 3443 qu‘ppe
965 3377 1252 3425 numerus,
1284 3355 1538 3413 denarius
1565 3360 1650 3408 est
1695 3349 2018 3418 duplicatus.
2060 3344 2162 3411 Qui

569 3475 736 3521 --certe
759 3472 1012 3518 numerus
1039 3457 1093 3509 in
1119 3454 1414 3509 electorum
1436 3441 1844 3501 conversatione
1871 3437 2162 3507 perficitur,

563 3571 710 3611 ecum
742 3567 838 3623 per
866 3560 1104 3604 amorem
1133 3543 1303 3597 vitant
1343 3531 1811 3605 Legisprobibita,
1845 3538 1900 3584 et
1923 3526 2167 3584 sublimia

590 3643 866 3714 Evangelii
894 3638 1143 3695 mandata
1170 3631 1461 3702 complent.

660 3739 712 3791 4.
735 3734 1022 3802 Quia-vero
1042 3743 1142 3784 nos
1169 3739 1306 3780 arca:
1335 3720 1718 3793 profectionem
1749 3716 1814 3768 ad
1841 3709 2172 3779 contempla-

589 3833 712 3886 tiva:
757 3827 880 3881 vitae
931 3819 1314 3893 perfectionem
1360 3810 1664 3873 retulimus,
1703 3807 1755 3860 in
1796 3800 2172 3859 Cariathiarim

592 3931 768 3981 manet
799 3934 919 3975 arca
933 3891 1056 3978 iBei,
1073 3927 1192 3969 cum
1209 3906 1430 3965 erudita:
1450 3909 1656 3960 mentes
1676 3891 2173 3966 contemplandum,

597 4006 838 4076 ejusdem
884 4000 1200 4057 eruditionis
1243 4009 1354 4050 sum
1404 3993 1628 4058 donum,
1680 3988 1735 4042 in
1781 3985 2177 4040 oblectamento

597 4069 885 4166 perficiunt
933 4088 1185 4146 revelata:
1234 4085 1334 4140 sibi
1373 4094 1618 4151 superna:
1663 4076 1952 4148 claritatis.
1984 4069 2182 4139 Viginti

603 4191 800 4260 quippe
829 4186 984 4240 annis
1023 4187 1200 4235 manet
1233 4177 1302 4231 ibi
1336 4187 1480 4227 nunc
1520 4183 1642 4224 arca
1683 4166 1798 4226 Dei,
1849 4164 1972 4233 quia
2001 4161 2184 4216 electa:

603 4283 823 4344 animm,
859 4278 924 4332 ad
967 4268 1308 4330 exaltatioois
1346 4266 1547 4320 intima:
1584 4263 1796 4316 cu'mea
1836 4263 2055 4315 evectae,
2089 4253 2187 4306 ha-

576 4376 735 4428 bent
779 4367 1057 4426 denarium
1105 4375 1388 4418 numerum
1440 4357 1493 4411 in
1556 4351 1884 4421 perfectione
1927 4343 2184 4411 scicntite,

579 4493 592 4503 οι
606 4461 938 4519 vicenarium
950 4472 1080 4512 vero
1093 4455 1146 4508 in
1168 4465 1399 4522 superna
1425 4438 1802 4500 delectatione.
1824 4439 2010 4492 Potest
2029 4435 2189 4490 etiam

609 4557 816 4609 diemth
857 4544 1232 4617 multiplicatio
1264 4540 1331 4594 ad
1364 4538 1622 4592 virtutum
1654 4531 1975 4602 spiritalium
2018 4527 2260 4585 iocre-1)

609 4648 789 4697 menta
818 4615 1026 4692 referri.
1053 4629 1184 4684 Cum
1233 4629 1394 4697 igitur
1420 4638 1602 4688 causa,
1629 4636 1660 4689 q
1690 4636 1733 4673 -a
1764 4620 1878 4673 dies
1926 4615 2185 4685 multipli-

609 4743 816 4795 centur,
845 4724 1151 4797 expressius
1179 4719 1390 4782 dicitur,
1422 4729 1592 4769 annus
1619 4712 1906 4768 vicesimus
1929 4722 2047 4762 esse
2076 4721 2190 4776 per-

609 4827 822 4881 hibetur
838 4841 852 4876 :
871 4820 995 4890 quia
1010 4815 1253 4871 videlicet
1269 4811 1456 4867 electae
1471 4815 1674 4862 mentes
1691 4791 2187 4871 contemplandum,

593 4932 720 4984 .quo
757 4911 972 4967 uberius
1018 4918 1249 4976 superna
1293 4894 1746 4966 contemplatione
1782 4900 2092 4963 pascuntur,
2121 4901 2189 4942 eo

587 4982 822 5076 plenius
847 5001 1102 5056 virtutum
1130 4989 1446 5063 spiritalium
1478 4984 1770 5053 fulgoribus
1799 4982 2151 5036 illustrantur.

689 5097 739 5149 Ii.
781 5093 918 5160 Quid
949 5104 1076 5144 vero
1105 5095 1208 5150 est,
1240 5083 1382 5152 quod
1409 5094 1550 5133 anno
1579 5076 1833 5132 vicesimo
1853 5073 2192 5143 requiescere

605 5159 994 5243 .mnnislsrael
1037 5186 1161 5248 post
1190 5172 1471 5228 Dominum
1506 5167 1721 5232 dicitur,
1751 5163 1850 5218 nisi
1879 5162 2001 5227 quia
2029 5159 2192 5215 subli-

621 5281 779 5335 mitas
801 5268 1143 5346 perfectionis
1167 5267 1458 5320 electorum
1487 5274 1593 5313 non
1620 5255 1868 5313 consistit
1895 5255 1948 5308 in
1978 5251 2192 5306 fortitu-

619 5373 746 5425 dine
791 5364 917 5420 boui
962 5359 1180 5430 operis,
1219 5355 1310 5411 sed
1357 5355 1409 5408 in
1448 5353 1643 5406 viztute
1687 5342 2197 5415 contemplationis?

620 5462 912 5527 Quiescere
941 5464 1168 5519 namque
1195 5454 1315 5517 post
1353 5441 1668 5503 Dominum,
1699 5432 2072 5504 Redemptoris
2100 5446 2200 5484 no-

625 5523 722 5607 stri
750 5545 1110 5604 imitationem
1140 5538 1428 5594 invincibili
1451 5534 1714 5592 eharitate
1739 5530 1971 5585 retinere
1999 5534 2101 5580 est.
2133 5523 2199 5576 Et

624 5636 867 5708 quisquis
892 5633 979 5687 illa
1008 5641 1252 5698 supernae
1281 5625 1510 5679 civitatis
1538 5620 1822 5676 ineffabilia
1849 5616 2037 5686 gaudia
2067 5629 2198 5669 con-

618 5707 935 5798 templanda
979 5721 1187 5780 fortiter
1234 5729 1413 5769 amare
1451 5729 1556 5767 non
1587 5711 1798 5777 didicit,
1840 5709 1962 5779 quia
2008 5707 2200 5777 saepius

2269 3250 2408 3302 intra
2438 3253 2681 3300 sanctam
2723 3240 3020 3297 Ecclesiam
3053 3237 3258 3309 positus
3288 3243 3372 3289 est
3417 3250 3512 3304 per
3554 3232 3728 3295 fidem,
3753 3230 3826 3284 sed

2268 3341 2377 3396 Deo
2405 3340 2535 3394 rebe
2557 3336 2623 3390 lis
2660 3349 2753 3403 per
2780 3333 3016 3399 iniquam
3055 3328 3457 3398 operationem,
3490 3321 3827 3377 admouendus

2268 3439 2351 3486 cst
2379 3437 2435 3484 ut
2465 3428 2669 3480 alienos
2705 3423 2836 3478 deos
2867 3422 2933 3475 de
2957 3419 3132 3474 melio
3159 3417 3238 3470 sni
3286 3413 3513 3470 auferat.
3545 3412 3704 3476 Nam,
3749 3414 3826 3464 eti

2270 3520 2572 3576 manufacta
2621 3513 2901 3569 simulacra
2953 3510 3282 3571 detestatur,
3327 3507 3626 3558 dmmonum
3678 3509 3828 3552 tanrn

2273 3608 2508 3679 imperiis
2545 3620 2705 3676 prava
2735 3602 2946 3657 aetione
2982 3596 3328 3654 submittitur.
3361 3594 3435 3647 De
3463 3591 3634 3645 medio
3674 3597 3827 3642 autem

2273 3701 2352 3756 sui
2381 3700 2586 3754 alienos
2632 3697 2762 3750 deos
2804 3691 3019 3760 abiicit,
3050 3689 3140 3759 qui
3170 3689 3246 3745 s'c
3271 3685 3337 3741 ad
3390 3685 3449 3738 υτ
3470 3700 3556 3736 um
3591 3678 3831 3736 converti-

2277 3804 2378 3857 tu",
2412 3799 2471 3845 ut
2499 3805 2595 3860 per
2623 3787 2758 3841 mala
2790 3799 2955 3856 Op—"m
2988 3780 3290 3836 immundos
3322 3776 3545 3847 spiritus
3588 3787 3829 3844 nunquam

2280 3889 2589 3939 veneretur.
3020 3875 3024 3880 ’

2351 3977 2402 4034 7.
2447 3975 2629 4029 Potest
2677 3973 2837 4027 etiam
2887 3966 3140 4023 cautioris
3177 3965 3297 4017 vitae
3338 3960 3574 4015 studium
3625 3970 3718 4025 per
3743 3954 3833 4007 nec

2280 4069 2450 4123 exhor
2475 4064 2672 4120 ationis
2708 4061 2868 4116 verba
2898 4056 3184 4125 desig-iari.
3217 4053 3350 4107 Nam
3398 4052 3450 4105 in
3493 4048 3665 4102 medio
3697 4044 3838 4097 nostri

2281 4158 2406 4228 quid
2433 4166 2537 4221 est,
2569 4153 2666 4208 nTsi
2699 4168 2793 4206 cor
2816 4147 3091 4204 nostrum?
3117 4145 3253 4198 Sunt
3277 4149 3456 4195 tamen
3484 4135 3716 4193 nonnulli
3736 4147 3837 4202 ope

2281 4248 2493 4303 ratione
2520 4242 2722 4306 mundi,
2756 4240 2848 4296 sed
2896 4236 3204 4292 infirmitate
3233 4231 3429 4293 cordis,
3461 4244 3560 4281 usu
3605 4223 3838 4279 finduntur

2286 4351 2462 4405 prava:
2492 4328 2851 4400 cogitationis.
2876 4325 3022 4380 Bona
3048 4322 3263 4391 quidem
3287 4319 3620 4374 incessanter
3642 4312 3839 4366 fatiuut,

2285 4426 2378 4482 sed
2403 4423 2639 4490 cogitare
2681 4418 2911 4488 reproba
2955 4427 3224 4482 nunquam
3263 4409 3297 4483 p
3327 4407 3696 4462 mteruiittnnt.
3728 4401 3840 4466 Quia

2289 4531 2415 4571 vero
2463 4522 2542 4567 tot
2587 4513 2639 4565 in
2688 4525 2870 4564 eorum
2919 4504 3168 4560 cordibus
3213 4499 3474 4555 daemonia
3531 4495 3840 4564 requiescunt

2288 4616 2422 4680 quot
2439 4603 2698 4660 desideria
2720 4599 3011 4663 immunda,
3035 4593 3246 4650 auferre
3274 4591 3340 4646 de
3368 4590 3546 4644 medio
3566 4589 3644 4641 sui
3667 4586 3843 4639 alienos

2289 4700 2419 4753 deos
2467 4697 2725 4750 instanter
2760 4690 3116 4744 adzuont-nlur
3147 4703 3163 4741 ι
3198 4694 3465 4752 quatenus
3515 4671 3845 4746 etnnipoteoli

2293 4789 2404 4844 Deo
2433 4803 2538 4841 non
2568 4783 2740 4839 solum
2784 4777 3157 4834 rectitudinem
3207 4771 3520 4842 impendant
3547 4770 3741 4837 operis,
3769 4760 3845 4816 sed

2291 4887 2347 4932 et
2369 4875 2592 4945 gloriam
2625 4873 2844 4926 internze
2873 4866 3137 4938 puritatis.
3167 4863 3316 4919 Unde
3343 4870 3400 4916 et
3427 4867 3553 4930 apte
3591 4855 3844 4912 subditur:

2290 4967 2355 5020 Et
2383 4944 2671 5036 prccparate
2712 4960 2870 5014 corda
2912 4968 3077 5013 vestra
3118 4954 3362 5010 Domino.
3407 4949 3515 5006 Cor
3541 4950 3733 5018 quippe
3759 4944 3880 5015 Do-f

2289 5059 2434 5113 mino
2458 5061 2741 5127 prmparat,
2774 5051 2862 5119 qui
2893 5057 3128 5102 mentem
3158 5060 3265 5098 non
3293 5042 3467 5095 solum
3498 5041 3564 5093 ab
3605 5031 3846 5092 immunda

2294 5151 2492 5218 cogitat
2512 5162 2615 5202 one
2641 5150 2874 5214 separat,
2910 5140 3002 5194 sed
3041 5139 3204 5192 (tiam
3245 5133 3634 5201 cogitationum
3662 5134 3848 5182 saneta-

2297 5258 2413 5298 rum
2436 5256 2498 5295 ac
2520 5213 2771 5294 virtutum
2805 5231 3094 5300 fulgoribus
3120 5228 3348 5282 illustrat
3371 5243 3383 5278 τ
3412 5230 3470 5276 ιιι
3490 5221 3636 5275 velut
3657 5213 3850 5285 abjectis

2296 5345 2351 5387 et
2381 5329 2721 5386 comminutis
2751 5325 2934 5388 idolis,
2960 5338 3018 5376 se
3047 5321 3139 5374 Dei
3187 5317 3441 5387 templum
3482 5313 3708 5372 efliciat;
3746 5307 3849 5363 dum

2299 5424 2408 5478 illic
2437 5421 2631 5475 divina:
2651 5418 2834 5485 gratia:
2861 5413 3039 5467 sedem
3062 5411 3237 5479 erigit,
3264 5408 3350 5461 ubi
3380 5405 3641 5473 rc-probos
3665 5397 3852 5468 Spiritus

2301 5529 2517 5571 manere
2541 5528 2634 5583 per
2654 5511 2894 5576 subjecta
2915 5507 2992 5561 eis
3013 5518 3175 5574 prava
3198 5499 3462 5555 desideria
3493 5512 3602 5550 non
3621 5488 3851 5564 permisit.

2306 5611 2446 5665 Bene
2477 5609 2654 5675 itaque
2681 5603 2828 5672 prius
2857 5598 3068 5654 auferre
3098 5595 3304 5649 alienos
3333 5590 3464 5645 deos
3489 5588 3556 5642 de
3586 5583 3754 5640 medio
3789 5591 3861 5632 suo

2296 5701 2570 5761 .lsraclitas
2617 5695 2901 5757 admonet,
2935 5687 3128 5744 deinde
3170 5683 3331 5740 corda
3381 5682 3492 5736 Deo
3541 5683 3844 5748 ιιι-πρηνεῖς.
