3962 6280
214 321 325 376 ἓῧὸ

1072 329 1136 384 IN
1178 330 1440 386 l'lll-llUM
1484 329 1718 385 llEGUll
1765 332 2284 396 EXPOSITIONES.
2326 375 2393 384 —
2437 343 2562 400 LIB.
2606 347 2671 400 ιιι

3411 360 3517 412 206

203 443 340 506 quia
385 448 572 494 rectus
623 441 760 497 ordo
791 442 1054 498 inchoata:
1100 443 1376 511 religionis
1420 452 1536 509 est,
1582 453 1639 498 ut
1682 443 1830 514 prius
1859 448 1904 506 Λ
1935 447 2128 504 rilmnn
2151 452 2530 521 malignorum,
2559 466 2616 509 ut
2647 457 2787 511 velut
2830 458 3021 526 fugatis
3049 461 3114 516 de
3148 463 3339 521 itinere
3388 485 3516 522 cru-

202 532 602 601 unusquisque
633 549 799 602 prava
825 534 1114 602 ro-probet,
1144 533 1338 588 deinde
1377 534 1444 588 ad
1490 535 1830 604 omnipoten-

200 631 326 676 tem
354 622 532 677 Deum
563 624 746 678 studio
771 625 922 679 boum
963 624 1277 679 intentionis
1305 626 1720 695 appropinquet.
1751 625 1830 679 Ad

1933 537 2140 595 delibus
2167 543 2431 611 hostibus,
2449 546 2575 600 dum
2602 563 2689 602 mo
2721 566 2745 603 s
2768 550 2945 604 carnis
2973 551 3278 620 intervenit,
3310 571 3372 612 ea
3399 575 3518 628 qua:

1934 627 2129 699 cupitis
2157 640 2358 687 {eterna
2388 637 2577 701 gaudia
2595 640 2838 695 securius
2867 641 3092 696 adlatis.
3115 643 3302 714 Magna
3335 627 3516 720 itaque

201 717 534 762 extremum
563 724 694 762 vero
725 724 947 763 necesse
989 716 1104 772 ist,
1143 718 1202 762 ut
1237 710 1327 778 qui
1362 709 1474 778 jam
1521 712 1629 765 Deo
1675 711 1832 765 bona:
1932 721 2198 788 priunisit,
2227 724 2316 789 qui
2339 739 2529 794 magna
2562 729 2922 799 praecipiendo
2974 733 3178 800 docuit,
3224 747 3279 792 ut
3304 745 3513 811 magni-

199 797 525 854 voluntatis
553 799 911 867 propositum,
944 809 998 851 et
1033 799 1150 867 puri
1177 800 1356 856 cordis
1381 799 1696 854 munditiam
1725 802 1828 856 ob-

201 889 364 948 tulit.
392 890 446 943 id
481 891 627 961 quod
660 891 806 945 intus
833 892 971 946 bene
1000 892 1229 946 vivendo
1258 892 1540 957 deliberat,
1572 893 1624 946 in
1665 893 1827 947 recti-

200 979 414 1035 tudine
461 982 588 1034 boni
623 982 806 1050 operis
854 991 1112 1051 exponat.
1155 982 1332 1049 Quare
1365 991 1422 1037 et
1448 983 1732 1038 subditur:
1758 982 1828 1036 Et

195 1070 406 1124 seruile
428 1073 531 1126 sofi
559 1070 694 1126 Deo.

279 1185 342 1240 8.
387 1186 505 1242 Soli
537 1189 737 1259 quippe
779 1190 1002 1244 Domino
1037 1193 1206 1247 servit
1235 1193 1327 1262 qui
1370 1191 1524 1248 bonis
1571 1195 1829 1261 operibus

199 1290 387 1345 prava
413 1294 524 1332 non
550 1279 759 1334 inserit.
787 1278 915 1332 Nam
938 1281 1027 1348 qui
1053 1281 1131 1335 sic
1153 1281 1290 1335 bona
1319 1282 1446 1351 agit,
1473 1288 1532 1337 ut
1551 1284 1691 1337 mala
1717 1300 1825 1341 non

195 1367 464 1430 deserat,
496 1369 606 1422 Deo
645 1369 745 1423 soli
785 1385 1122 1440 nequaquam
1154 1372 1359 1425 servit:
1386 1373 1510 1440 quia
1541 1373 1683 1426 malo
1713 1375 1822 1444 spi-

197 1458 347 1511 ritui
381 1460 456 1512 ob
487 1459 705 1528 equium
735 1455 972 1525 exhibet,
1002 1461 1154 1529 cujus
1185 1463 1446 1531 perlicere
1484 1478 1592 1517 non
1633 1466 1825 1519 metuit

198 1553 578 1606 voluntatem.
635 1551 784 1607 Unde
817 1555 1016 1620 agitur,
1042 1563 1101 1609 ut
1139 1555 1302 1608 etiam
1348 1556 1484 1610 bona
1515 1571 1681 1624 agens
1711 1557 1823 1612 Deo

199 1658 320 1696 non
355 1646 565 1696 serviat
591 1663 601 1694 :
632 1644 757 1711 quia
781 1646 869 1713 qui
896 1653 1065 1699 totrm
1088 1646 1360 1700 hominem
1383 1646 1685 1702 condidis-e
1706 1664 1824 1703 cre-

197 1733 381 1800 ditur,
416 1735 623 1790 habere
671 1753 790 1790 eum
820 1753 1160 1791 conuuuncm
1205 1754 1326 1793 cum
1365 1739 1592 1794 adversa
1628 1739 1680 1794 io
1712 1757 1819 1795 non

1931 811 2058 865 tudo
2081 815 2316 871 muneris
2345 821 2410 869 ad
2428 818 2795 874 fortitudinem
2821 822 3071 879 incitaret
3121 827 3340 885 laboris.
3403 833 3514 888 Ma-

1929 915 2092 970 gnum
2113 905 2311 975 quippe
2333 915 2416 961 est
2452 908 2554 964 soli
2585 908 2812 965 Domino
2855 915 3074 982 servire,
3126 919 3376 977 videlicet
3429 926 3512 980 in-

1927 1001 2135 1049 stanter
2161 996 2303 1052 bona
2335 1013 2514 1068 agere,
2546 1000 2703 1057 bonis
2732 1005 2940 1060 actibus
2970 1011 3198 1076 reprobo
3243 1030 3348 1069 non
3377 1018 3510 1072 mis«

1927 1099 2071 1139 cere.
2102 1086 2208 1143 Sed
2229 1105 2262 1143 ο
2290 1104 2450 1158 quam
2477 1093 2766 1150 maximum
2807 1097 2862 1152 in
2891 1099 3015 1154 vitae
3043 1101 3199 1167 hujus
3245 1109 3470 1164 transitu
3492 1153 3508 1176 ,

1929 1185 2250 1246 potestatem
2279 1189 2624 1238 cruentarum
2649 1186 2931 1255 spirituum
2951 1206 3055 1245 non
3076 1192 3371 1258 incurrere.
3394 1207 3511 1252 nu'-

1929 1266 2009 1320 las
2037 1267 2090 1321 in
2119 1268 2202 1323 via
2228 1269 2617 1328 borribilitates
2657 1290 2900 1343 cernere,
2951 1282 3360 1340 contrarietates
3411 1288 3512 1342 ob-

1921 1352 2217 1422 jectionqu
2249 1360 2419 1415 nullis
2449 1363 2714 1432 invenire,
2742 1376 2969 1424 aeternas
2998 1386 3185 1440 pmnas
3235 1375 3465 1431 evadere
3492 1421 3512 1447 ,

1930 1446 2236 1504 liberatoris
2249 1453 2416 1506 nostri
2443 1456 2685 1522 praesidia
2709 1460 2930 1528 sentire,
2957 1475 3386 1522 momentaneam
3412 1487 3511 1524 ειυς

1927 1540 2035 1593 culi
2061 1541 2234 1596 lucem
2266 1545 2515 1613 perdere,
2543 1547 2638 1602 sed
2663 1561 2885 1619 repente
2924 1553 3247 1612 ineﬂ'abilem
3291 1560 3511 1617 clarita-

1929 1638 2036 1684 tem
2064 1634 2380 1688 mternitatis
2406 1636 2668 1692 invenire.
2705 1640 2941 1696 Audiant
2969 1659 3120 1712 ergo,
3154 1649 3397 1720 audiant,
3421 1655 3509 1722 qui

1927 1717 1995 1772 de
2021 1735 2182 1774 manu
2210 1721 2529 1778 Plnlistbiim
2585 1727 2798 1782 liberari
2823 1729 3132 1789 desiderant
3162 1753 3174 1790 :
3204 1737 3512 1810 Prwparate

194 1823 493 1891 dignatur.
546 1817 685 1882 “inc
722 1843 953 1896 namque
989 1837 1066 1882 es.
1088 1870 1102 1895 ’
1134 1829 1277 1897 quoq
1319 1829 1433 1897 ipsa
1467 1829 1676 1884 verum,
1723 1846 1821 1899 per
1851 1815 1898 1874 Β
1927 1811 2086 1864 corda
2109 1822 2275 1867 vestra
2306 1814 2531 1872 Domino
2560 1861 2573 1882 .
2607 1830 2657 1872 et
2695 1824 2879 1876 servile
2906 1826 2986 1880 illi
3014 1827 3113 1882 soli
3143 1849 3158 1882 :
3185 1840 3243 1886 ut
3281 1833 3366 1890 bic
3407 1837 3508 1891 sibi

194 1930 342 1970 Semo
367 1917 566 1981 tipsam
597 1917 908 1980 denuntiat,
941 1918 1126 1974 dicens
1153 1937 1164 1973 :
1198 1919 1366 1975 Nemo
1415 1929 1583 1992 potest
1628 1921 1822 1977 duobus

195 2006 448 2061 dominis
499 2011 694 2062 s‘rt-ire
733 2008 957 2076 (Matth.
983 2027 1054 2072 vr,
1103 2010 1216 2081 24).
1267 2011 1402 2066 Hinc
1433 2011 1628 2067 Paulus
1665 2015 1820 2085 165

193 2097 532 2165 exquirens,
562 2099 638 2152 ait
663 2117 677 2151 :
706 2098 834 2162 Quae
861 2103 1190 2170 participatio
1221 2103 1442 2172 justitia:
1482 2120 1595 2157 cum
1624 2105 1821 2174 iniqui-

193 2194 316 2240 tate
341 2229 360 2252 ,
393 2198 492 2242 aut
531 2205 647 2260 quae
674 2191 892 2244 societas
934 2192 1035 2245 luci
1065 2193 1134 2244 ad
1165 2193 1438 2248 tenebras?
1480 2192 1610 2257 Quae
1649 2204 1820 2247 autem

193 2279 492 2331 conventio
522 2277 713 2332 Christi
761 2279 832 2332 ad
870 2279 1075 2336 Belial?
1103 2291 1192 2336 aut
1221 2300 1334 2354 qua:
1380 2302 1503 2353 pars
1531 2284 1674 2353 ﬁdeli
1703 2301 1820 2340 cum

193 2369 460 2437 inﬁdeli,
502 2380 591 2424 aut
636 2371 748 2441 quis
792 2389 1075 2427 consensus
1116 2377 1304 2445 templo
1349 2375 1446 2431 Dei
1495 2393 1610 2431 cum
1657 2378 1814 2433 idolis

195 2455 250 2528 (Ι
262 2457 292 2512 1
319 2459 453 2514 Cor.
480 2479 552 2528 vr,
580 2462 661 2528 l4,
691 2461 816 2534 lii)?
837 2463 949 2519 Soli
979 2480 1108 2533 ergo
1138 2465 1365 2522 Domino
1395 2469 1598 2524 servire
1626 2470 1820 2540 praeci-

194 2550 418 2620 pimur,
455 2561 515 2607 nt
541 2554 634 2622 qui
661 2552 770 2622 jam
801 2556 1074 2625 aspirante
1106 2557 1216 2612 Deo
1244 2573 1342 2627 pro
1369 2559 1658 2614 obtinenda
1687 2575 1816 2631 pec-

193 2651 467 2696 catorum
500 2651 806 2698 nostrorum
835 2645 1152 2701 remissione
1177 2661 1337 2716 agere
1367 2649 1506 2703 bona
1533 2649 1816 2719 coepimus,

197 2731 425 2786 eisdem
453 2733 612 2788 bonis
637 2750 800 2804 prava
827 2736 972 2790 nulla
999 2737 1342 2793 misceamus.
1383 2740 1428 2793 A
1469 2749 1814 2810 peccatorum

198 2836 459 2892 namque
508 2833 815 2880 nostrorum
856 2826 1182 2897 obligatione
1221 2837 1346 2883 tunc
1384 2829 1660 2895 solvimur,
1691 2846 1812 2885 cum

197 2915 356 2970 bona
385 2933 511 2987 quae
550 2935 649 2988 pro
679 2936 865 2975 eorum
896 2921 1253 2991 impendimus
1281 2923 1623 2979 absolutione
1660 2925 1818 2979 malis

196 3006 460 3071 admixta
490 3025 596 3064 non
625 3021 768 3066 sunt.
801 3011 1022 3068 Devotis
1059 3029 1289 3083 namque
1318 3015 1702 3084 paenitentibus
1731 3017 1816 3071 lo-

196 3111 389 3164 quens
421 3101 692 3168 prmdicatl
716 3119 760 3163 r,
787 3103 915 3158 dicit
943 3123 956 3158 :
983 3104 1044 3160 Si
1071 3106 1127 3159 in
1150 3115 1254 3160 toto
1281 3107 1434 3161 corde
1455 3117 1618 3162 uestro
1646 3125 1813 3163 rever-

1929 1901 2128 1970 quique
2157 1905 2409 1974 colligere
2428 1909 2702 1977 studeant,
2733 1913 2872 1968 unde
2897 1915 3003 1970 illic
3028 1935 3218 1976 manus
3235 1933 3507 1981 tantorum

1923 1991 2159 2047 hostium
2185 1997 2624 2069 non.in('urranl,
2656 2006 2900 2059 etsecuri
2933 2007 2998 2062 ad
3022 2010 3181 2064 vitam
3213 2020 3509 2086 transeant,

1921 2084 2014 2152 qui
2046 2085 2186 2140 inter
2211 2087 2398 2142 salutis
2416 2105 2527 2144 sua:
2556 2091 2839 2149 thesaurus
2869 2135 2883 2163 ,
2925 2113 3062 2166 quos
3111 2101 3199 2157 bic
3247 2105 3386 2162 bene
3430 2112 3507 2163 vi-

1925 2172 2100 2227 vendo
2159 2187 2534 2246 congregant,
2598 2182 2788 2263 mortis
2834 2200 2998 2255 Opera
3054 2191 3199 2245 nulla
3266 2206 3506 2263 portant.

1923 2260 2234 2320 Electorum
2266 2282 2394 2322 vero
2427 2286 2456 2321 ιι
2481 2285 2604 2326 ores
2651 2260 3008 2345 insinuantur,
3040 2297 3135 2350 per
3189 2283 3316 2355 hoc,
3367 2292 3506 2357 quod

1921 2357 2168 2412 subditur
2200 2378 2214 2413 :

1994 2471 2167 2542 (Vcrs.
2219 2475 2299 2546 4.)
2345 2477 2680 2535 Abstulcrunt
2725 2500 2849 2554 ergo
2877 2486 2978 2556 filii
3022 2488 3194 2547 Israel
3229 2495 3294 2549 de
3340 2500 3508 2553 incilia

1919 2561 2000 2614 sui
2030 2561 2262 2631 Baetim,
2287 2575 2335 2620 et
2365 2567 2611 2624 Astaroth
2636 2609 2650 2636 ,
2691 2582 2740 2624 et
2767 2577 3051 2632 servierunt
3079 2579 3306 2640 Domino
3325 2588 3445 2643 soli.

1996 2651 2079 2706 l0.
2108 2652 2416 2714 Electorum
2449 2662 2648 2732 quippe
2677 2681 2795 2721 mos
2818 2675 2918 2733 est,
2952 2673 3352 2731 utcumdivinm
3374 2695 3504 2748 piac-

1921 2743 2204 2800 dirationis
2242 2747 2583 2806 hortamenta
2612 2757 2928 2827 suscipiunt,
2949 2761 3014 2816 ad
3045 2763 3278 2821 studium
3306 2770 3505 2825 auditae

1919 2833 2074 2890 bona:
2097 2840 2432 2907 operationis
2457 2847 2837 2905 accendantur.
2868 2851 3000 2906 Nam
3025 2858 3239 2926 reprobi
3269 2863 3426 2933 166
3453 2872 3512 2917 et

1921 2925 1948 2978 Γ
1969 2937 2235 2995 equenter
2256 2932 2416 2988 verba
2449 2934 2543 2990 Dei
2571 2939 2814 3006 audiunt,
2842 2952 2898 2996 et
2923 2925 3125 3001 eisdem
3158 2925 3363 3006 tame;
3380 2925 3500 3007 :0}-

1919 3016 2000 3071 bis
2029 3019 2172 3074 nulla
2199 3021 2342 3077 bona
2372 3039 2536 3095 opera
2584 3040 2909 3099 proponunt.
2941 3032 3084 3106 Pigri
3115 3039 3168 3094 in
3198 3042 3311 3097 suis
3338 3045 3496 3099 actim

1923 3110 2080 3164 nibus
2107 3125 2386 3168 remanent
2413 3133 2426 3168 :
2450 3118 2574 3186 quia
2607 3133 2636 3172 ιι
2665 3120 2845 3177 divina
2877 3123 2994 3182 luce
3032 3129 3296 3198 proiecti,
3329 3137 3497 3188 omni-

196 3190 390 3243 u'mim‘
430 3193 504 3245 ad
551 3193 860 3262 Dominum,
891 3200 1095 3269 auferre
1142 3199 1264 3254 deos
1305 3201 1505 3255 alienos
1542 3201 1604 3255 de
1641 3202 1813 3257 medio
1844 3177 1890 3239 (ἶ
1923 3201 2158 3268 potentis
2187 3202 2280 3257 Dei
2305 3203 2550 3274 gloriam,
2600 3209 2754 3279 cujus
2793 3215 2956 3270 verba
2999 3217 3243 3286 audiunt,
3295 3223 3502 3281 interna

196 3284 392 3348 νέειν-⁸,
426 3292 478 3335 et
506 3288 692 3340 servile
735 3286 840 3341 Deo
881 3289 999 3342 soli.
1033 3289 1196 3356 Quasi
1230 3291 1414 3345 dicat:
1450 3291 1600 3347 Tunc
1627 3309 1657 3346 a
1689 3309 1810 3362 pec-

195 3373 353 3429 catis
377 3376 518 3430 solvi
547 3381 810 3447 poteritis,
841 3398 962 3436 cum
990 3383 1166 3439 cordis
1203 3393 1259 3438 et
1287 3385 1468 3454 Operis
1493 3386 1656 3451 bona,
1689 3403 1813 3458 quae

196 3480 308 3534 pro
341 3478 525 3522 vestra
552 3472 886 3528 absolutione
926 3475 1232 3544 impenditis
1264 3477 1392 3541 Dea,
1427 3481 1814 3550 supervenien-

199 3556 361 3611 tibus
382 3559 463 3614 cri
489 3580 499 3610 ι
525 3561 700 3617 inibus
721 3566 841 3620 aliis
863 3582 968 3622 non
993 3566 1224 3622 ftedatis.
1252 3569 1429 3636 Quare
1449 3579 1504 3623 et
1525 3570 1813 3640 repromit-

200 3655 366 3714 tens,
397 3651 568 3706 dicit:
602 3653 674 3710 Et
699 3655 935 3711 liberabit
960 3675 1047 3712 vos
1086 3658 1149 3712 de
1178 3677 1334 3713 manu
1364 3661 1698 3716 I’hilisthiim.

277 3739 336 3795 9.
374 3744 478 3812 Qui
520 3746 625 3801 hoc
674 3747 795 3811 loco
851 3748 940 3802 alii
987 3747 1312 3805 Pbilistbiim
1373 3767 1534 3821 quam
1585 3754 1808 3821 maligni

198 3841 436 3914 spiritus
477 3838 870 3906 designantur?
922 3838 1024 3906 Qui
1082 3840 1328 3895 nimirum
1375 3842 1500 3896 dum
1544 3845 1805 3913 superbiae

199 3948 323 3988 sua:
351 3930 524 3985 calice
553 3930 608 3982 in
631 3936 903 3983 momento
932 3929 1159 3985 debriati
1191 3939 1335 3995 sunt,
1360 3947 1391 3987 a
1433 3941 1576 3988 statu
1626 3935 1808 4005 gloria)

200 4020 572 4079 tumescendo
599 4019 928 4074 ceciderunt.
962 4020 1092 4088 Quae
1120 4031 1202 4076 est
1249 4023 1410 4092 igitur
1436 4040 1627 4080 manus
1679 4024 1808 4080 Ριιι-

200 4115 460 4178 listbiim,
490 4113 593 4167 nisi
624 4119 864 4182 poteslas
909 4113 996 4167 illa
1028 4115 1364 4183 daemonum,
1417 4133 1521 4188 qua
1567 4127 1806 4173 mortuas

200 4207 258 4261 in
287 4213 524 4276 peccato
546 4202 754 4256 animas
785 4202 851 4256 ad
890 4210 1092 4257 aeterna
1137 4212 1407 4259 tormenta
1457 4206 1758 4274 perducunt
1784 4209 1807 4260 ?

202 4300 290 4354 Ab
319 4299 422 4352 ista
456 4293 783 4348 Pliilisthiim
807 4309 966 4348 manu
994 4295 1294 4350 solusliber
1322 4295 1514 4361 fuerat,
1546 4298 1634 4366 qui
1663 4298 1808 4353 dice-

202 4388 302 4442 bat
336 4405 351 4438 :
385 4383 545 4439 Venit
573 4383 814 4453 princeps
841 4383 1021 4436 mundi
1045 4383 1221 4454 hujus,
1255 4393 1303 4438 et
1332 4388 1384 4438 in
1417 4402 1496 4439 me
1525 4403 1627 4440 non
1655 4386 1805 4440 habet

201 4477 497 4549 quidquam
527 4474 708 4546 (Joan.
735 4489 844 4539 xw,
874 4473 987 4544 50).
1039 4473 1172 4528 Hine.
1213 4475 1408 4531 Paulus
1451 4477 1568 4531 ait:
1610 4475 1804 4549 Omnes

203 4543 578 4630 peccaverunt,
605 4574 655 4617 ct
682 4573 828 4635 egent
853 4543 1021 4634 gloria
1047 4563 1144 4620 Dei
1176 4565 1352 4636 (Rom.
1410 4583 1485 4633 ιιι,
1519 4567 1633 4638 25).
1667 4544 1800 4624 llinc
1833 4543 1888 4606 Β

203 4659 407 4712 iterum
437 4656 568 4710 dicit
596 4673 608 4706 :
643 4653 868 4709 Erumus
893 4666 943 4709 et
980 4673 1071 4710 nos
1119 4658 1218 4726 ﬁlii
1245 4659 1359 4723 irce,
1392 4660 1522 4713 sicut
1553 4669 1602 4713 et
1630 4664 1803 4714 cwteri

200 4749 430 4824 (Ep/tes.
465 4765 524 4816 ιι,
548 4747 628 4817 5).
660 4746 704 4799 Ο
731 4763 891 4816 quam
937 4748 1114 4817 magni
1161 4751 1403 4805 muneris
1428 4760 1507 4804 est
1549 4752 1647 4806 ista
1673 4769 1800 4822 pro-

203 4842 420 4908 missio,
452 4855 560 4908 qua
584 4839 796 4893 dicitur:
822 4837 1081 4893 Liberath
1104 4857 1191 4896 vos
1205 4841 1268 4894 de
1288 4858 1443 4896 manu
1463 4841 1800 4898 Phi/isthiim.

204 4932 348 4989 Nam
377 4932 468 4985 ille
499 4931 652 4985 solus
685 4931 816 4984 liber
843 4931 1003 5000 bujus
1031 4948 1220 4988 manus
1240 4935 1461 4996 exstitit,
1497 4935 1584 5003 qui
1615 4951 1806 5004 pecca-

209 5030 328 5074 tum
353 5036 460 5073 non
486 5019 634 5073 l'es-it.
671 5019 749 5072 Ab
774 5035 835 5072 ea
886 5023 1072 5090 utique
1105 5038 1292 5077 omnes
1338 5035 1525 5078 contra
1559 5026 1807 5079 meritum

203 5109 529 5165 liberamur.
566 5109 718 5165 Unde
751 5119 806 5164 et
837 5111 1032 5167 Paulus
1081 5113 1209 5170 dicit
1241 5133 1254 5170 :
1306 5115 1592 5189 Jusliﬁcati
1645 5122 1808 5192 gratis

202 5201 545 5269 pergrutiam
590 5201 772 5268 ipsius,
825 5219 918 5272 per
964 5205 1362 5275 redemptionem
1397 5208 1619 5278 justitia:
1664 5229 1804 5278 sum,

205 5300 426 5357 propter
482 5293 887 5360 redemptionem
937 5295 1336 5363 prwcedentium
1385 5299 1705 5364 delictorum,
1750 5304 1800 5357 in

203 5382 590 5433 sustentatione
627 5380 721 5435 Dei
751 5383 820 5434 ad
847 5385 1188 5438 oste'nsionem
1223 5386 1444 5457 justitia:
1465 5391 1578 5461 ejus
1615 5392 1668 5446 in
1710 5395 1804 5447 hoc

210 5481 465 5537 tempore,
492 5479 548 5522 ut
570 5471 638 5524 sit
667 5471 778 5539 ipse
792 5473 984 5542 justus,
1016 5484 1063 5528 et
1086 5475 1387 5545 justi/imus
1429 5495 1564 5543 eum,
1588 5485 1674 5554 qui
1729 5494 1804 5537 est

209 5576 280 5612 ea:
312 5560 418 5627 ﬁde
444 5559 652 5615 Domini
676 5565 838 5617 nostri
859 5564 980 5618 Jesu
1021 5564 1212 5620 Christi
1252 5567 1428 5633 (Rom.
1469 5586 1543 5635 tu,
1587 5571 1800 5642 24-26).

215 5645 511 5704 Ilincitem
535 5651 666 5707 dicit
697 5651 910 5707 :Gratia
956 5653 1163 5709 liberati
1205 5659 1328 5712 estis
1370 5659 1587 5731 (Ep/tes.
1633 5679 1689 5727 ιι,
1725 5665 1801 5726 8).

214 5737 356 5791 Tale
381 5750 457 5795 est
490 5755 554 5796 ac
581 5742 625 5797 si
655 5743 793 5797 dicat
820 5763 832 5796 :
867 5745 1136 5800 liberabit
1185 5764 1278 5802 vos
1306 5750 1372 5805 de
1400 5760 1667 5821 potestate
1690 5756 1804 5826 spi-

1921 3291 2379 3358 contemplatione
2393 3311 2498 3350 non
2520 3314 2538 3350 \
2553 3297 2723 3354 ident.
2743 3300 2909 3360 Recte
2927 3319 3080 3375 ergo,
3107 3310 3198 3378 qui
3220 3312 3472 3369 obediunt
3485 3356 3501 3380 ,

1917 3379 2082 3435 Israel
2117 3381 2209 3437 lilii
2233 3383 2484 3442 dicuntur
2516 3409 2527 3442 :
2560 3393 2684 3459 quia
2716 3409 2824 3465 quo
2869 3397 3203 3468 majcstatem
3245 3407 3500 3474 apertior-

1919 3469 2356 3530 manili-statione
2385 3480 2744 3553 conspiciunt,
2800 3484 2917 3554 ejus
2947 3493 3226 3562 praeceptis
3281 3469 3502 3554 obedire

1916 3561 2163 3619 devotius
2191 3579 2572 3636 agnoscuntur.
2598 3574 2704 3629 Sed
2742 3577 2867 3647 quia
2895 3583 3172 3641 conversis
3219 3585 3252 3641 ι.
3274 3588 3454 3660 q.-itur
3475 3634 3490 3655 ,

1917 3653 2044 3720 quid
2074 3653 2154 3708 eis
2184 3657 2359 3713 adhuc
2384 3660 2572 3717 deesse
2592 3665 2909 3736 conspiciat,
2937 3671 3235 3730 audiamus;
3265 3677 3394 3733 Nam
3419 3698 3493 3736 sc-

1915 3745 2098 3813 quitur
2127 3764 2140 3799 :

1989 3853 2163 3924 (Vers.
2191 3855 2246 3922 5,
2269 3858 2347 3928 6.)
2374 3859 2522 3915 Dixit
2548 3873 2718 3919 autem
2749 3866 2968 3924 Samuel
2998 3889 3010 3924 :
3036 3871 3356 3947 Congregatc
3377 3883 3498 3933 uni-

1913 3961 2110 3999 uersum
2144 3945 2313 4003 Israel
2341 3952 2394 4005 in
2425 3951 2724 4023 Masphath.
2758 3968 2814 4011 ut
2834 3975 2974 4013 orem
3020 3980 3114 4032 pro
3146 3945 3284 4020 uobis
3319 3966 3476 4023 Domi

1913 4052 2054 4089 num.
2090 4036 2157 4091 Et
2179 4055 2612 4112 congregaverant
2630 4047 2682 4100 in
2708 4047 2765 4101 Μ
2769 4051 3009 4120 aspltath.

1986 4124 2085 4187 ll.
2109 4127 2388 4197 Illaspbatb
2421 4130 2614 4188 dicitur
2633 4138 2931 4205 speculatio
2961 4155 3054 4196 seu
3085 4150 3492 4216 contemplatio.

1911 4211 2082 4279 Quam
2117 4218 2361 4286 profecto
2390 4223 2816 4289 speculationem
2865 4231 3054 4286 beatus
3081 4231 3274 4288 Paulus
3305 4211 3493 4308 expo-

1913 4304 1993 4358 nit
2022 4304 2204 4361 dicens
2235 4325 2248 4360 :
2294 4307 2535 4367 Videmus
2556 4329 2692 4368 nunc
2720 4334 2814 4388 per
2839 4322 3100 4389 speculum
3127 4325 3181 4378 in
3225 4304 3498 4399 a’nigutale

1911 4395 1963 4471 (ι
1994 4395 2115 4452 Cor.
2151 4415 2262 4467 xm,
2297 4400 2409 4472 ιε).
2442 4403 2722 4474 Speculari
2746 4412 2943 4465 ctenim
2987 4416 3142 4470 nobis
3169 4427 3276 4485 est,
3322 4395 3390 4474 de
3419 4423 3498 4474 ιιι-

1912 4487 2546 4562 titudineScripturarum
2575 4488 2775 4553 {eterna
2788 4501 2928 4556 bona
2948 4508 3298 4576 contemplari
3334 4510 3494 4576 Quasi

1914 4579 2055 4633 enim
2087 4582 2450 4650 speculamur,
2471 4587 2614 4654 quod
2637 4588 2749 4657 jam
2780 4589 2900 4647 lilei
2950 4597 3179 4652 veritate
3226 4602 3507 4667 cognosci-

1921 4685 2062 4737 mus,
2095 4678 2150 4725 et
2178 4673 2354 4728 adhuc
2379 4677 2620 4733 revelata
2651 4679 2786 4736 facie
2814 4699 2920 4738 non
2960 4685 3225 4744 videmus.
3256 4689 3494 4746 Conver-

1912 4758 1984 4813 sis
2007 4775 2140 4814 vero
2169 4765 2543 4830 peccatoribus
2566 4767 2618 4820 in
2651 4768 2935 4840 Mastatb
2959 4776 3268 4843 convenire,
3297 4791 3373 4833 est
3401 4796 3493 4849 per

1912 4849 2110 4904 mentis
2148 4851 2500 4907 intentionem
2527 4855 2593 4910 de
2623 4855 2715 4912 Dei
2746 4861 3128 4930 omnipotentis
3148 4867 3498 4924 miseratio-ne

1912 4937 2208 4998 conﬁdere.
2243 4942 2348 4998 Sed
2376 4945 2454 5000 sic
2479 4945 2546 5001 de
2578 4946 2670 5002 Dei
2705 4950 3073 5008 misericordia
3123 4970 3450 5026 praesumant
3477 5003 3492 5025 ,

1911 5038 1975 5082 ut
2005 5038 2180 5086 tamen
2208 5033 2284 5101 id,
2311 5035 2452 5104 quod
2483 5052 2543 5092 se
2583 5039 2831 5106 nequiter
2879 5043 3052 5109 egisse
3077 5046 3343 5112 recolunt,
3402 5067 3496 5121 per

1911 5121 2284 5190 paenitentiam
2315 5124 2496 5182 delere
2522 5143 2630 5183 non
2656 5131 2948 5199 negligant.
2977 5132 3130 5190 Unde
3150 5146 3205 5191 et
3252 5138 3362 5194 illic
3412 5158 3496 5196 rc-

1912 5221 2074 5281 pente
2101 5215 2440 5283 subjungitur
2469 5237 2480 5270 :

1985 5303 2159 5374 (Vers.
2193 5303 2272 5373 6.)
2313 5305 2710 5382 Hauseruntque
2745 5329 2967 5385 aquam,
3014 5327 3065 5375 et
3101 5319 3394 5390 cﬂ'uderunt
3447 5327 3505 5378 iu

1913 5407 2182 5458 conspectu
2209 5395 2432 5452 Domini.
2837 5463 2842 5466 _

1985 5485 2072 5540 l2.
2104 5487 2239 5553 Quid
2268 5490 2409 5543 enim
2436 5499 2518 5546 est
2542 5507 2738 5563 aquam
2762 5496 3000 5564 haurire,
3027 5501 3130 5554 nisi
3175 5501 3243 5557 de
3273 5504 3496 5572 proluu-

1911 5577 1977 5631 da
2002 5579 2163 5633 animi
2195 5581 2501 5650 pmnitentis
2523 5584 2845 5643 confusione
2885 5590 3239 5662 lacrymarnm
3294 5594 3502 5651 lluema

1917 5669 2251 5737 producere?
2305 5670 2461 5726 Velut
2523 5675 2665 5730 enim
2722 5693 2915 5747 aquam
2976 5683 3267 5748 haurimus.
3321 5689 3496 5740 dum.

1914 5774 2074 5828 quam
2109 5756 2370 5831 profunda
2400 5763 2678 5835 iniquitate
2716 5770 3005 5827 cecidimus
3046 5773 3446 5832 oonsideraulcs
3486 5811 3499 5833 .
