3962 6286
526 348 630 403 907

1779 321 2016 378 SANC'I'I
2058 319 2380 375 CREGORII
2425 315 2636 373 MAle

3685 314 3775 372 208

528 469 847 540 plangimus.
881 459 1050 526 Quam
1079 453 1320 524 profecto
1354 463 1548 518 aquam
1580 446 1631 499 in
1675 448 1968 511 conspectu
2009 440 2113 492 Do-
2145 443 2186 496 Δ
2290 434 2466 505 (VerS-
2502 430 2578 495 7ο)
2618 429 2687 482 El
2727 428 3066 482 (ιδίῬηιΙθνηηι
3112 434 3342 494 δίηται-ιε
3372 423 3774 486 Plutia/rinam»:

531 531 1012 614 iniui‘ell‘undimus,
1054 545 1096 600 si
1119 557 1240 599 cum
1290 536 1600 610 pmnitendo
1650 531 2062 602 cotnpungimur
2089 571 2103 591 ,

527 653 594 705 de
621 645 858 713 ejusdem
911 633 1337 706 compunctionis
1383 629 1510 684 ﬂetu
1551 642 1655 680 non
1695 622 1983 692 qumrimns
2032 619 2100 672 fa-

527 707 712 792 \‘(tl‘C-III
743 731 941 792 saeculi,
971 727 1063 782 sel
1095 725 1269 780 solum
1288 719 1519 776 fructum
1541 716 1736 770 divina:
1764 707 2102 783 placationis.

526 829 628 884 Sed
663 837 718 882 et
743 827 866 880 dum
889 835 1043 877 mens
1069 817 1246 870 flendo
1277 808 1670 880 compungitur,
1697 817 1919 858 necesse
1945 808 2026 854 est
2049 805 2108 852 ut

525 923 687 975 etiam
711 933 837 973 caro
863 929 980 985 qua:
1007 906 1458 967 delectationibus
1501 898 1767 967 subjacuit
1820 893 2104 963 allligatnr.

529 1012 610 1067 Un
633 1013 680 1064 lc
705 1019 759 1064 et
785 1006 1032 1063 subditur
1058 1019 1072 1055 :

598 1101 774 1170 (Vers.
815 1097 893 1165 6.)
927 1095 989 1148 Et
1012 1093 1378 1165 jejunarerunt
1399 1085 1452 1138 in
1477 1082 1562 1135 die
1578 1081 1691 1134 illa.

597 1167 684 1246 I3.
720 1191 840 1245 Dies
867 1183 1183 1258 peccatricis
1211 1179 1402 1235 anima:
1428 1183 1510 1230 est
1537 1188 1660 1243 spes
1711 1167 2107 1238 consequeudm

527 1280 865 1352 indulgentia:
895 1279 946 1332 in
978 1273 1144 1329 divini
1173 1269 1321 1326 verbi
1347 1263 1788 1336 repromissione.
1849 1258 2016 1352 Unde
2049 1266 2106 1311 et

523 1389 621 1446 per
650 1347 964 1442 prepltetam
996 1365 1254 1419 Dominus
1293 1354 1635 1428 repromittit,
1682 1353 1864 1407 dicens
1897 1367 1908 1402 :
1963 1347 2106 1402 Nolo

523 1474 736 1521 mortem
784 1457 1066 1530 peccatoris
1101 1470 1120 1508 :
1150 1452 1318 1522 magis
1357 1459 1560 1510 autent,
1601 1455 1656 1498 ut
1697 1450 2020 1498 convertatur
2057 1449 2104 1492 et

523 1560 658 1611 vivat
687 1549 899 1622 (Ezeclt.
925 1563 1073 1610 XVIII,
1102 1543 1192 1609 52,
1223 1541 1316 1610 '55,
1342 1539 1452 1610 II).
1485 1537 1543 1591 In
1571 1535 1658 1590 die
1707 1534 1866 1601 igitur
1906 1533 1993 1585 illa
2018 1531 2103 1598 je-

521 1651 725 1718 innant,
759 1643 848 1713 qui
873 1643 888 1696 l
912 1641 1073 1696 'circo
1097 1650 1314 1692 carnem
1348 1627 1656 1701 paenitendo
1677 1634 1956 1681 atterunt:
1979 1623 2104 1691 quia

526 1715 579 1792 in
598 1741 714 1792 luce
742 1735 855 1804 spei
881 1747 963 1802 pet
979 1730 1161 1784 venire
1177 1725 1244 1779 ad
1259 1720 1639 1790 indu'gcntiam
1654 1731 1713 1772 se
1739 1715 2104 1771 indubitanter

2213 529 2281 579 ad
2317 526 2338 579 Ι
2347 528 2505 582 srael.

2284 615 2371 670 I5.
2415 615 2618 669 Ablat‘s
2659 626 2889 680 namque
2919 610 3024 664 diis
3051 608 3240 662 alienis
3260 645 3277 671 ,
3307 614 3525 677 peracto
3555 608 3772 678 jejunio,

2211 704 2446 759 exhibita
2478 718 2506 755 a
2537 702 2892 772 praedicatore
2937 713 3165 754 censura
3212 696 3505 760 examinis,
3532 698 3596 752 ad
3633 699 3775 757 Israel

2212 796 2652 851 I’hilisthinorum
2707 794 2977 864 prim-ipes
3021 790 3361 846 ascendunt:
3393 790 3514 858 quia
3562 806 3678 845 cum
3705 794 3774 846 al-

2210 892 2334 946 tiori
2378 891 2486 945 vita
2527 889 2866 958 proﬁcimus,
2909 884 3128 953 maligni
3173 883 3428 954 spiritus,
3457 883 3546 951 qui
3584 897 3776 954 semper

2209 970 2347 1037 bene
2379 980 2661 1048 agentibus
2703 977 2974 1040 invident,
3011 975 3163 1028 nobis
3211 974 3516 1028 infestiores
3555 984 3692 1030 sunt.
3725 977 3777 1030 Et

2208 1075 2334 1144 quia
2358 1075 2426 1128 de
2448 1072 2750 1128 innocentis
2776 1071 2896 1124 vita:
2923 1069 3251 1125 sub‘imitate
3281 1082 3381 1122 nos
3401 1066 3668 1136 deponere
3692 1085 3777 1140 ap-

2206 1171 2416 1234 petunt,
2447 1161 2742 1218 ascendere
2780 1160 3052 1214 dicuntur.
3085 1157 3394 1212 Ascendere
3422 1158 3618 1228 quippe
3646 1160 3777 1215 mali-

2207 1254 2326 1321 gnis
2345 1252 2639 1321 spiritibus,
2670 1259 2755 1304 est
2775 1263 2834 1302 se
2859 1248 2925 1301 ad
2954 1247 3312 1316 expugnanda
3335 1245 3440 1300 alta
3464 1261 3557 1314 per
3581 1247 3779 1304 cmlcste

2207 1343 2531 1399 desiderium
2560 1340 2722 1395 corda
2753 1338 3057 1393 sublevare.
3087 1335 3221 1403 Quia
3261 1335 3423 1390 etiam
3446 1347 3632 1391 contra
3668 1354 3776 1408 per-

2207 1435 2460 1490 fectiores
2485 1432 2687 1488 Christi
2733 1430 2932 1486 milites
2982 1444 3086 1480 non
3126 1425 3490 1496 quorumlibet
3535 1427 3778 1481 malorum

2206 1526 2527 1596 spirituum,
2557 1522 2650 1576 so-d
2687 1521 2968 1574 fortiormn
2999 1519 3306 1572 (humanum
3350 1516 3529 1585 prmlia
3557 1517 3779 1572 excitan-

2207 1625 2327 1677 tur;
2371 1629 2478 1668 non
2534 1611 2857 1666 Philisthiim
2907 1620 3095 1663 contra
3134 1607 3296 1660 Israel
3343 1607 3656 1673 ascendere,
3697 1609 3778 1662 sed

2208 1706 2285 1761 Ph
2313 1707 2651 1762 listhiuorum
2679 1712 2912 1774 satrapae
2941 1701 3305 1770 perhibentur.
3353 1698 3628 1769 Principes
3659 1717 3780 1770 quo-

522 1791 786 1887 credunt.-
826 1791 953 1895 ana
985 1833 1160 1880 tamen
1189 1820 1409 1875 alllictio
1444 1813 1772 1887 poenitentia:
1793 1811 1859 1866 ad
1886 1809 2109 1866 delenda

2218 1813 2320 1866 que
2347 1796 2590 1866 pluribus
2639 1801 2892 1864 prtes.:nt.
2943 1792 3047 1846 Per
3090 1791 3194 1844 hoc
3238 1804 3398 1858 ergo.
3430 1791 3574 1858 quod
3611 1801 3779 1846 contra

526 1931 744 1993 [eccata
773 1930 901 1976 tunc
924 1919 1140 1973 demum
1169 1913 1363 1969 idonea
1384 1919 1486 1974 est,
1520 1925 1640 1963 cum
1667 1905 1959 1962 sacerdotis
1988 1903 2104 1957 fue-

523 2017 595 2070 rit
616 2013 823 2084 judicio
854 2012 1136 2082 imperata,
1166 2021 1289 2063 cum
1311 2007 1377 2058 ab
1404 2018 1470 2058 eo
1497 1999 1864 2057 conﬁtentium
1897 1997 2106 2054 actibus

526 2105 800 2170 discussis,
831 2119 929 2173 pro
959 2100 1120 2156 modo
1141 2096 1399 2161 criminis,
1440 2109 1578 2149 onus
1598 2093 1677 2147 eis
1699 2089 2008 2146 decernitur
2027 2089 2106 2142 af-

521 2194 792 2250 llietionis.
823 2193 968 2247 Bene
998 2191 1177 2257 itaque
1196 2186 1440 2256 sequitur
1473 2203 1485 2237 :

594 2285 771 2354 (Vcrs.
814 2281 892 2351 6.)
928 2280 1317 2347 Dixez'ttntque:
1351 2273 1464 2328 Tibi
1495 2276 1836 2343 peccavimus,
1862 2266 2100 2324 Domine.

523 2375 876 2443 Judicarilque
905 2369 1119 2424 Samuel
1148 2368 1284 2437 filios
1314 2364 1482 2418 Israel
1507 2365 1559 2416 in
1581 2360 1884 2432 Masphatlt.

600 2465 685 2518 M.
720 2462 775 2518 lu
798 2461 1080 2530 Masphath
1111 2460 1308 2530 quippe
1337 2453 1821 2522 sarerdosjudicat,
1847 2467 1967 2508 cum
1995 2467 2104 2505 non

522 2560 814 2614 humanum
844 2552 1124 2608 arbitrium
1164 2549 1429 2620 sequitur,
1463 2547 1556 2602 sed
1586 2545 1824 2600 divinum
1851 2561 1865 2610 ;
1897 2558 2019 2600 cum
2051 2543 2104 2596 in

523 2648 666 2704 oumi
695 2645 837 2716 quod
857 2641 1250 2712 diSponendum
1275 2649 1359 2694 est
1383 2653 1443 2694 se
1472 2638 1524 2692 in
1553 2637 1662 2690 alta
1691 2633 2104 2705 contemplatio-

524 2758 590 2798 ne
617 2740 884 2804 sublevat,
916 2743 969 2790 et
997 2736 1102 2790 hoc
1129 2735 1179 2788 in
1204 2731 1540 2788 subditorum
1561 2729 1764 2798 judicio
1818 2726 2057 2797 disponit
2087 2743 2100 2779 :

523 2831 665 2894 -;uod
719 2843 929 2897 aequum
985 2840 1109 2881 esse
1159 2823 1212 2878 in
1269 2836 1501 2891 superna
1548 2820 1758 2875 visione
1804 2818 2101 2886 cognoscit.

522 2922 658 2977 llinc
691 2935 921 2991 namque
943 2929 1046 2985 est,
1076 2916 1219 2986 quod
1245 2916 1296 2970 in
1325 2915 1470 2969 omni
1511 2912 1622 2968 fere
1654 2912 1870 2981 negotio
1894 2910 2107 2981 Moyses

522 3015 575 3070 in
624 3011 972 3068 tabernaculo
1025 3007 1239 3064 imderis
1293 3007 1574 3060 Dominum
1625 3003 1857 3059 consulit
1906 3002 2103 3073 (Exod.

523 3119 706 3168 χχχιιι,
738 3100 816 3172 8):
850 3101 977 3170 quia
1008 3098 1260 3152 nimirum
1291 3095 1612 3165 prtedieator
1633 3101 1833 3148 sancta
1854 3092 2106 3147 Ecclesia:

523 3195 575 3250 in
600 3196 782 3248 intima
814 3193 973 3246 debet
998 3189 1240 3244 veritatis
1267 3185 1726 3256 contemplatione
1748 3183 2061 3253 conspicere
2085 3223 2100 3247 ,
2132 3183 2176 3244 C

525 3293 583 3338 nt
607 3282 940 3338 subditorum
970 3279 1135 3332 vitam
1159 3277 1289 3332 foris
1338 3275 1882 3346 irri-preheusibiliter
1933 3274 2108 3328 valeat

525 3375 800 3430 ordinare.
825 3371 976 3426 Tunc
1006 3370 1147 3425 enim
1178 3377 1233 3424 et
1262 3376 1448 3422 tenere
1485 3375 1704 3436 peccata
1724 3407 1738 3432 ,
1772 3374 1827 3420 et
1873 3365 2108 3419 dimitte-

531 3487 589 3523 re
633 3467 811 3522 verius
845 3471 1043 3535 poto-st,
1066 3478 1185 3518 cum
1210 3461 1262 3515 in
1289 3475 1488 3514 arcano
1543 3459 1947 3529 speculation's,
2003 3457 2109 3511 Do-

529 3561 674 3614 mino
712 3559 988 3628 loquente,
1019 3551 1330 3620 auditquod
1362 3550 1617 3619 loquitur.
1654 3547 1808 3603 Unde
1835 3557 1890 3603 et
1928 3561 2109 3602 resur-

523 3669 655 3725 gens
683 3654 710 3707 ὸ
741 3650 968 3706 mortuis
990 3649 1248 3705 Dominus
1314 3647 1461 3717 prius
1508 3647 1560 3700 in
1599 3645 1981 3714 discipulorum
2029 3644 2106 3698 fa-

525 3747 660 3802 ciem
694 3741 1002 3806 in~uIIlavit,
1036 3750 1089 3795 et
1110 3727 1293 3809 poStea
1325 3737 1624 3792 dimittendi
1679 3738 1827 3808 167
1870 3737 2109 3792 retinen-

525 3837 687 3904 dique
717 3843 934 3906 peccata
989 3831 1372 3886 auctori.atem
1423 3829 1608 3884 tribuit
1659 3827 1836 3900 (Joan.
1869 3845 1959 3900 sx,
2002 3827 2105 3894 2|,

525 3924 616 3996 23)
643 3942 655 3978 :
683 3934 742 3979 ιιι
771 3923 1012 3993 profecto
1061 3927 1408 3986 monstraret,
1431 3919 1558 3988 quia
1587 3919 1677 3988 qui
1733 3919 1879 3974 illam
1909 3919 2106 3974 mentis

525 4014 944 4082 speculationem
968 4028 1076 4067 non
1107 4011 1292 4078 habet,
1311 4009 1474 4078 judcx
1523 4011 1823 4064 animarum
1852 4025 1971 4064 esse
1999 4025 2107 4065 non

527 4105 704 4160 debet.
737 4103 793 4157 lu
824 4103 1118 4156 el-:ctorum
1142 4101 1339 4170 quippe
1363 4099 1774 4168 prtrdicatorunt
1795 4097 1982 4155 faciem
2006 4098 2109 4153 Do-

527 4197 728 4252 minum
757 4195 1045 4256 insuﬁlare,
1075 4200 1156 4246 est
1185 4191 1400 4246 intimas
1426 4200 1632 4246 secreta
1663 4205 1770 4259 que
1797 4191 1909 4245 vias
1950 4190 2107 4260 spiri-

530 4285 652 4339 talis
694 4283 957 4338 examinis
1000 4282 1078 4336 eis
1125 4296 1220 4350 per
1253 4279 1507 4351 Spiritum
1551 4288 1796 4335 sanctum
1850 4281 2109 4336 revelare.

529 4376 666 4429 Ilinc
715 4373 906 4427 Paulus
951 4373 1073 4426 ait:
1118 4372 1387 4443 Spiritalis
1429 4372 1633 4443 judicat
1671 4372 1846 4426 omnia
1891 4371 1954 4444 (1
1991 4370 2110 4426 Cor.

529 4463 723 4535 ",15).
753 4463 887 4519 IIinc
918 4465 1044 4519 item
1075 4463 1268 4518 divinte
1294 4465 1478 4532 gratia:
1506 4463 1805 4531 largitatem
1835 4479 2110 4519 commen-

2207 1889 2370 1944 Israel
2409 1895 2639 1957 satrapa:
2675 1884 2972 1940 a~ccndere
3000 1883 3276 1946 dicuntur,
3306 1889 3484 1951 potest
3510 1882 3780 1936 rationabi-

2208 1980 2331 2033 liter
2373 1978 2553 2047 colligi
2601 1977 2725 2046 quia
2766 1974 2834 2029 ad
2877 1973 3211 2044 probandam
3252 1971 3547 2026 electoxum
3591 1973 3778 2042 patien-

2207 2071 2360 2138 tiam,
2399 2085 2501 2126 nec
2539 2085 2676 2124 unus
2717 2068 2937 2137 spiritus
2981 2065 3155 2120 malus
3201 2065 3496 2118 electorqu
3547 2064 3778 2132 singulis.

2207 2161 2302 2217 sed
2354 2161 2621 2218 innumeri
2667 2160 3026 2230 deputantur;
3067 2169 3128 2214 nt
3170 2159 3238 2213 de
3283 2167 3577 2212 consecuta
3611 2172 3777 2212 eorum

2209 2254 2458 2318 victoria,
2492 2259 2641 2306 tanto
2671 2251 2742 2304 sit
2769 2250 3044 2319 COpIOSIOI‘
3075 2248 3312 2304 ﬁdelium
3351 2248 3554 2316 gloria,
3597 2255 3778 2317 quanto

2210 2345 2289 2400 eis
2312 2344 2548 2413 irrogata
2580 2342 2778 2399 fuerint
2807 2342 2987 2412 prtelia
3013 2341 3283 2410 graviora.
3314 2339 3516 2396 Tamen
3542 2340 3676 2396 inter
3699 2354 3776 2395 ea-

2207 2433 2329 2490 dem
2379 2433 2561 2505 prtelia
2613 2449 2786 2503 nuper
2813 2432 3057 2486 conversi
3086 2431 3436 2485 vehementer
3477 2444 3671 2501 pavere
3701 2445 3779 2484 so-

2208 2527 2357 2582 lent:
2389 2534 2616 2595 repente
2642 2525 2842 2580 etenim
2873 2523 3156 2579 inveniunt
3191 2537 3253 2578 se
3281 2522 3336 2576 in
3363 2537 3558 2592 campo
3579 2521 3776 2583 laboris,

2207 2624 2403 2687 printer
2447 2615 2875 2684 experimentum
2928 2611 3355 2668 consuetudinis.
3403 2611 3624 2665 Armata
3672 2611 3776 2665 hinc

2206 2714 2394 2761 contra
2421 2720 2480 2759 se
2500 2704 2768 2776 aspiciunt
2793 2702 3084 2770 desideria,
3109 2716 3231 2771 qua:
3259 2701 3362 2757 sibi
3386 2700 3586 2756 dudum
3611 2710 3778 2770 pacata

2207 2796 2513 2852 serviebant
2543 2814 2556 2849 :
2589 2797 2737 2852 illinc
2783 2809 3052 2865 supernus
3096 2809 3251 2847 amor
3293 2792 3504 2858 invitat,
3535 2800 3598 2846 ut
3622 2805 3776 2861 ctepta

2208 2888 2350 2943 bona
2401 2902 2508 2943 non
2556 2887 2828 2943 deserant.
2877 2885 3018 2941 Hinc
3053 2885 3274 2956 spiritus
3317 2892 3555 2940 mentem
3592 2885 3776 2944 elevat,

2208 2978 2354 3034 illiue
2395 2994 2523 3034 caro
2562 2987 2787 3047 gravat;
2837 2994 2903 3034 ac
2942 2977 3070 3033 dum
3112 2979 3231 3032 linis
3277 2976 3362 3032 sui
3396 2976 3612 3032 modum
3655 2978 3778 3031 scire

2210 3083 2317 3122 non
2363 3077 2618 3138 possunt,
2646 3069 2715 3122 de
2743 3068 3027 3131 electionis
3063 3081 3173 3122 suat
3213 3066 3598 3122 incertitudine
3635 3066 3778 3120 vehe-

2209 3167 2417 3214 menter
2443 3167 2826 3229 expavescunt.
2853 3157 3007 3214 Unde
3030 3166 3086 3213 et
3113 3159 3202 3213 hic
3222 3165 3350 3228 apte
3375 3156 3658 3212 subditur:

2283 3280 2462 3350 (Vers.
2486 3279 2562 3351 7.)
2613 3279 2762 3344 Quod
2793 3280 3061 3334 audientes
3098 3279 3197 3349 ﬁlii
3240 3277 3435 3343 Israel,
3471 3277 3733 3331 timuerunt
3755 3290 3778 3326 tt

2211 3375 2345 3444 [acie
2373 3373 2822 3427 PItilistItinorum.

2284 3473 2372 3528 16.
2416 3473 2461 3528 Α
2485 3473 2622 3528 facie
2653 3473 2795 3525 enim
2830 3470 3271 3524 Philisthinvn-um
3303 3468 3513 3532 timent,
3537 3475 3592 3521 ut
3616 3479 3782 3522 eorum

2210 3573 2512 3636 posterIora
2543 3579 2647 3618 non
2678 3563 2915 3617 timeant.
2949 3563 3030 3628 Qu
3051 3580 3078 3614 e
3107 3570 3188 3616 est
3215 3559 3359 3615 enim
3393 3560 3651 3613 malorum
3686 3560 3782 3628 spi-

2211 3659 2409 3712 rituum
2454 3655 2553 3710 faci
2589 3670 2638 3720 s,
2667 3654 2769 3709 nisi
2798 3653 3232 3723 concupiscentia
3264 3651 3577 3708 saecularis?
3617 3651 3669 3704 In
3699 3653 3784 3705 hac

2216 3746 2360 3802 enim
2406 3745 2586 3816 specie
2632 3745 2938 3813 quicunque
2974 3743 3317 3814 componitur
3361 3757 3550 3797 eorum
3589 3739 3783 3809 imagini

2214 3835 2602 3891 conformatur.
2637 3834 2772 3901 Quia
2801 3849 2931 3888 vero
2957 3849 3066 3889 non
3110 3832 3549 3888 Philisthinorum
3578 3832 3782 3890 faciem.

2214 3928 2308 3984 sed
2331 3928 2397 3981 ab
2419 3941 2606 3982 eorum
2632 3925 2766 3981 facie
2799 3926 3037 3981 timuisse
3062 3925 3225 3980 Israel
3247 3923 3477 3989 dicitur;
3508 3923 3583 3978 sic
3607 3923 3786 3977 electo-

2215 4033 2334 4072 rnnI
2359 4026 2566 4071 utentes
2593 4017 2607 4069 i
2633 4017 2847 4083 Isinuat,
2873 4023 2930 4069 ut
2956 4014 3117 4070 etiam
3141 4013 3501 4082 reproborum
3527 4012 3786 4067 stultitiam

2217 4109 2402 4164 latenti
2430 4107 2640 4162 ratione
2669 4105 3047 4176 reprehendat.
3076 4104 3202 4160 Non.
3233 4104 3377 4160 enim
3419 4101 3626 4166 faciem,
3655 4100 3739 4156 sed
3763 4113 3788 4152 a

2216 4197 2353 4252 facie
2393 4197 2684 4250 timuertmt
2712 4217 2723 4250 :
2753 4196 2877 4265 quia
2907 4195 3152 4251 videlicet
3181 4194 3353 4249 sancti
3394 4194 3525 4259 viri,
3555 4193 3692 4248 aliud
3719 4198 3788 4246 est

2216 4288 2358 4356 quod
2399 4287 2529 4341 foris
2555 4301 2628 4353 as.
2653 4287 2848 4361 iciunt,
2880 4287 3023 4340 aliud
3068 4285 3213 4356 quod
3244 4286 3391 4340 intus
3422 4292 3786 4355 expavescunt.

2217 4377 2351 4432 Nam
2392 4378 2491 4432 etsi
2521 4377 2810 4448 aliquando
2853 4377 3134 4432 ﬂorentem
3175 4377 3431 4432 tnundum
3463 4379 3690 4437 humana
3716 4392 3791 4430 ra-

2219 4469 2366 4523 tione
2395 4468 2763 4534 considerant,
2797 4478 3017 4538 repente
3046 4471 3240 4525 mentis
3269 4472 3459 4526 oculos
3485 4472 3550 4525 ad
3581 4486 3640 4526 ea
3669 4470 3789 4525 mala

529 4556 664 4612 dans
683 4595 698 4619 ,
731 4556 806 4609 ait
833 4574 843 4607 :
886 4553 1000 4609 Nos
1043 4555 1280 4623 spiritum
1322 4554 1474 4624 hujus
1502 4553 1678 4607 mundi
1707 4569 1810 4608 non
1840 4552 2114 4615 habemus,
2145 4559 2192 4617 ο
2220 4577 2338 4633 qua:
2368 4562 2550 4617 mundi
2577 4563 2767 4631 gaudia
2805 4573 3100 4633 sequuntur
3127 4573 3482 4620 retractantes
3520 4565 3719 4630 levant,
3747 4573 3793 4617 et

529 4646 620 4700 sed
637 4646 871 4716 spiritum
897 4644 988 4715 qui
1011 4660 1076 4698 ea:
1102 4642 1211 4699 Deo
1241 4652 1336 4707 est,
1368 4654 1422 4696 ut
1442 4645 1662 4697 sciamus
1690 4660 1803 4714 qua:
1831 4661 1862 4697 a
1892 4643 2001 4698 Deo
2032 4645 2118 4696 do-

526 4745 655 4792 nata
681 4746 798 4790 sunt
842 4735 986 4790 nobis
1017 4734 1210 4805 (lbid.,
1250 4735 1365 4805 l2).
1411 4735 1511 4801 Qui
1539 4743 1714 4789 autem
1747 4734 1906 4803 hujus
1933 4735 2113 4789 mundi

529 4828 776 4898 spiritum
805 4827 992 4894 habet,
1024 4827 1074 4881 in
1116 4825 1426 4895 Masphath,
1461 4827 1510 4881 id
1538 4836 1620 4880 est
1649 4827 1700 4880 in
1744 4829 2117 4896 s,eculati0ue

531 4921 775 4976 subditos
797 4920 1038 4988 judicare
1070 4935 1174 4974 non
1206 4927 1419 4989 potest:
1451 4920 1577 4988 quia
1606 4919 1731 4974 dum
1755 4935 1852 4989 per
1876 4921 2118 4990 spiritum

537 5011 792 5065 interiora
826 5025 931 5064 non
973 5019 1242 5079 penetrat,
1275 5010 1328 5064 in
1373 5009 1548 5064 causis
1577 5010 1838 5064 examinis
1865 5024 2002 5079 quas
2027 5026 2118 5063 cx-

533 5099 717 5170 quirit,
737 5099 1006 5153 mundano
1020 5099 1210 5168 spiritu
1227 5099 1356 5154 foris
1376 5107 1540 5154 errat.
1560 5099 1704 5154 Bene
1725 5099 1884 5168 igitur
1906 5098 2121 5155 Sunuel

537 5189 675 5243 tilios
696 5188 857 5243 Israel
889 5189 939 5242 in
970 5187 1538 5258 Masphathjudicasse
1559 5189 1754 5244 dicitur
1779 5207 1793 5243 :
1818 5191 1942 5258 quia
1967 5191 2124 5245 nimi-

539 5294 656 5332 rum
684 5275 1063 5348 prtedicatores
1087 5280 1276 5340 sancti,
1300 5280 1352 5332 in
1375 5279 1709 5334 subditorum
1735 5280 1950 5348 judiciis
1981 5283 2125 5336 aliud

537 5378 689 5424 extra
721 5384 1059 5438 nequaquam
1090 5368 1383 5433 deﬁniunt,
1417 5371 1516 5424 nisi
1561 5371 1704 5440 quod
1752 5373 1894 5427 intus
1935 5373 2013 5428 eis
2042 5373 2124 5426 di-

538 5461 658 5514 vina
706 5460 1056 5529 inspiratione
1101 5461 1393 5516 revelatur.
1443 5460 1547 5515 Sed
1578 5461 1703 5516 dum
1752 5463 1879 5518 boui
1926 5463 2124 5517 subditi

541 5549 802 5619 majorum
848 5549 1053 5618 judicio
1080 5551 1398 5619 semetipsos
1444 5551 1763 5621 subjiciunt,
1804 5554 2124 5623 spiritalium

539 5638 776 5696 hostium
827 5641 932 5694 iras
971 5652 1156 5696 eon'ra
1186 5655 1245 5696 se
1272 5641 1494 5698 validius
1533 5643 1853 5700 accendunt.
1891 5643 2043 5702 Unde
2071 5655 2126 5703 et

543 5729 789 5790 subditur
813 5749 827 5784 :

2229 4654 2388 4725 168
2416 4654 2562 4708 Velut
2589 4669 2617 4707 a
2648 4653 2782 4708 facie
2813 4653 3114 4722 trepidant,
3144 4655 3234 4722 qui
3263 4655 3437 4725 pmttis
3466 4655 3793 4726 sequentibus

2224 4747 2536 4814 contingere
2568 4755 2856 4814 przesen‘es
2903 4745 3288 4802 delectationes
3311 4747 3502 4803 vitant.
3531 4748 3599 4801 At
3626 4754 3794 4803 contra

2225 4837 2468 4906 reprobi,
2496 4837 2587 4906 qui
2619 4837 2760 4892 hanc
2790 4835 3226 4892 Philisthinorum
3257 4837 3448 4894 faciem
3479 4853 3793 4909 nequaquam

2224 4932 2504 4992 metuunt,
2549 4933 2838 4996 sequentes
2883 4925 3178 4981 ferocitatis
3215 4941 3403 4982 eorum
3435 4929 3662 4997 impetus
3704 4939 3795 4979 non

2225 5017 2480 5071 evadunt.
2513 5017 2648 5071 Dum
2679 5017 2825 5072 enim
2854 5032 2991 5072 vana
3021 5018 3205 5073 mundi
3245 5017 3435 5087 gaudia
3479 5025 3590 5072 tota
3619 5017 3798 5072 virtute

2228 5107 2560 5176 suscipiunt,
2589 5106 2907 5162 aﬂlictiones
2937 5119 3243 5178 perpetuas,
3269 5108 3574 5163 daemonum
3594 5109 3796 5170 virtute,

2226 5197 2462 5264 capiunt.
2482 5197 2687 5262 Quibus
2709 5196 2958 5251 nimirum
2983 5195 3189 5252 Veritas
3204 5198 3583 5260 comminatur,
3597 5197 3796 5251 dicens:

2237 5285 2328 5341 Vae
2347 5287 2508 5352 vobis,
2531 5287 2741 5352 divites,
2770 5287 2889 5358 quia
2911 5289 3180 5358 recepistis
3201 5289 3606 5342 consolationem
3634 5288 3684 5340 in
3711 5282 3796 5338 rita

2227 5387 2395 5432 vestra
2419 5377 2578 5447 (Luc.
2606 5394 2685 5443 vI,
2713 5377 2838 5447 24).
2875 5377 3009 5433 Hinc
3038 5379 3164 5434 item
3195 5379 3554 5445 denuntians,
3583 5378 3694 5433 ait:
3725 5374 3797 5427 l'a

2227 5469 2367 5523 vobis
2408 5471 2493 5540 qui
2522 5470 2718 5532 ridetis,
2745 5471 2864 5539 quia
2891 5471 3079 5538 ﬂebitis
3107 5469 3296 5542 (Ibid.,
3323 5469 3437 5534 25).
3470 5469 3631 5536 Quasi
3663 5466 3799 5522 aliter

2230 5559 2406 5613 dicat:
2436 5557 2570 5624 Quia
2602 5574 2631 5613 a
2662 5557 3098 5615 Philisthinorum
3124 5559 3260 5614 facie
3289 5574 3625 5630 nequaquam
3657 5555 3797 5627 perti-

2231 5646 2489 5715 mescitis,
2519 5663 2640 5702 cum
2670 5658 2957 5717 sequentes
2979 5663 3168 5704 eorum
3200 5649 3342 5704 vires
3369 5649 3610 5714 irruunt,
3633 5645 3799 5702 salutis

2233 5737 2473 5794 invenire
2520 5738 2784 5809 refugium
2821 5755 2930 5796 non
2951 5740 3213 5811 opstestis.
3243 5738 3396 5796 Tune
3419 5739 3635 5808 quidem
3663 5735 3802 5789 timor
