3962 6274
171 333 267 385 ξω)

989 329 1053 384 IN
1096 326 1353 382 I‘IllllUM
1388 324 1625 381 REGIS.“
1668 325 2182 380 EXPOSITIONES.
2227 359 2296 370 —-
2335 328 2465 383 LIII.
2511 330 2594 384 lll.

3321 334 3426 388 210

168 447 334 505 adest,
366 443 461 498 sed
488 442 579 512 qui
607 441 820 510 adjuvet
849 457 954 496 non
984 441 1154 496 adest.
1187 441 1432 494 Vindicta
1459 439 1617 492 datur
1645 437 1711 489 lla
1774 442 1818 497 Α
1854 435 1974 492 Non
2005 441 2368 505 mare/laberis;
2399 459 2492 511 ego
2538 454 2706 495 autem
2747 443 2861 496 diro
2905 442 3040 497 robis
3059 484 3072 507 ,
3117 446 3202 513 qui
3249 447 3428 501 riderit

165 537 274 606 gitii
307 535 427 589 sine
466 549 564 604 spe
591 517 954 599 liberationis;
995 541 1049 586 et
1082 547 1242 601 quam
1271 533 1378 587 sint
1407 531 1631 584 Philisth
1655 546 1747 581 no-

166 645 276 682 rum
314 626 589 681 horribilia
621 626 920 696 posteriora
962 626 1222 689 sentiunt,
1251 624 1341 693 qui
1374 623 1525 678 faciei
1557 639 1743 676 eorum

165 719 521 772 blandimenta
553 717 606 771 in
639 717 822 771 mundi
859 733 1043 772 amore
1073 716 1376 770 voluerunt.
1412 715 1556 768 Bene
1586 713 1745 780 igitur

163 811 227 864 de
252 807 522 871 Israelitis,
555 808 607 860 in
637 808 930 862 electorum
957 817 1086 878 typo
1111 807 1304 861 dicitur
1333 822 1348 859 :
1383 804 1682 859 Timueruut
1711 820 1743 854 a

167 902 290 970 {acie
312 898 738 954 Pliilistln’norum
763 915 780 953 :
811 901 935 969 quia
968 899 1217 954 n'mirum
1241 899 1366 952 dum
1388 896 1741 952 conversandi

165 991 372 1046 modum
393 989 496 1045 sibi
515 990 732 1045 solerter
766 990 1041 1058 ordinant,
1061 1008 1166 1045 non
1187 991 1477 1060 disponunt
1498 996 1740 1043 metuere

162 1091 352 1136 :eterna
398 1081 558 1143 mala,
589 1097 712 1136 enm
743 1081 998 1146 veniunt;
1039 1081 1131 1136 sed
1161 1097 1192 1135 a
1218 1079 1498 1150 temporali
1535 1094 1732 1134 concu-

163 1172 407 1241 piscentia
443 1171 736 1241 trepidant,
759 1172 912 1241 cujus
942 1173 1136 1227 metito
1167 1171 1490 1242 irrogautur.
1520 1169 1584 1228 Et
1611 1169 1737 1238 quia

163 1279 259 1317 non
293 1273 397 1316 tam
426 1263 543 1318 suis
579 1263 782 1316 meritis
817 1279 976 1330 quam
1024 1262 1284 1330 majorum
1333 1263 1434 1316 hoc
1477 1262 1506 1316 i-
1534 1271 1738 1317 ιρι-ερε-

160 1356 301 1408 sione
330 1370 396 1421 ro
425 1369 487 1408 se
517 1353 761 1406 obtinere
787 1353 1035 1418 credunt,
1066 1354 1308 1419 sequitur
1335 1370 1346 1405 :

224 1445 401 1515 (Vers.
443 1445 540 1514 8.)
579 1444 934 1515 Dixeruntque
981 1443 1050 1496 ad
1091 1444 1423 1497 Samuelent:
1458 1442 1543 1498 Ne
1572 1461 1737 1500 cesses

159 1537 372 1588 clamare
390 1552 484 1603 pro
509 1534 655 1588 nol'is
681 1535 751 1587 ad
777 1533 1056 1588 Dominum
1091 1531 1250 1586 Deum
1282 1532 1473 1602 Israel,
1498 1541 1552 1586 ut
1575 1534 1736 1589 salvt‘t

159 1645 245 1682 nos
272 1629 334 1682 de
355 1644 518 1680 manu
553 1625 891 1680 Pliilistltiim.
1585 1647 1592 1654 -
1737 1692 1739 1695 ι

227 1721 305 1774 t7.
345 1719 542 1777 Sedet
571 1720 790 1774 tentatis
814 1717 1042 1774 subditis
1070 1724 1315 1788 pastores
1343 1717 1470 1773 boni
1501 1734 1608 1773 non
1637 1733 1721 1772 so-

1849 528 2113 581 mnlierem
2159 532 2228 582 tul
2270 533 2756 600 concupiscendum,
2788 534 3065 587 nunc/tatus
3094 545 3165 586 est
3193 536 3244 587 in
3276 539 3429 591 corde

1846 637 1938 675 suo
1971 622 2191 692 (Matt/1.
2235 642 2302 693 ν,
2328 626 2416 689 ‘27,
2449 626 2572 696 ἓξ).
2618 629 2748 682 ltinc
2788 631 2948 683 etiam
2995 629 3152 685 fatua:
3197 631 3430 703 virgines

1847 713 1901 765 in
1932 711 2221 784 Evangelio
2252 724 2527 785 notantur,
2556 736 2674 789 qum
2701 720 2972 790 lampades
3001 732 3344 791 paraverunt,
3375 733 3430 778 et

1846 804 2021 859 oleum
2070 823 2174 862 non
2223 820 2549 879 paraverunt
2587 810 2816 881 (Matth.
2848 829 2971 878 xxv,
3005 814 3098 881 5,).
3137 813 3429 884 Lampados

1847 909 2078 964 namque
2126 907 2339 966 paratas
2381 899 2612 962 habent,
2644 901 2733 970 qui
2773 901 2970 955 bonum
3011 903 3281 972 pudicit’m
3309 920 3426 958 ser-

1845 998 1973 1040 vant
2001 988 2052 1042 in
2080 1007 2309 1060 corpore
2334 1009 2345 1044 :
2377 993 2553 1048 oleum
2583 1008 2798 1062 quoque
2829 994 3055 1060 habent,
3077 995 3164 1064 qui
3198 995 3425 1050 nitorem

1845 1081 2093 1148 puritatis
2127 1092 2310 1139 tenent
2340 1085 2390 1139 in
2418 1086 2614 1141 mentis
2652 1101 2761 1140 sua:
2799 1086 3301 1157 circumspectione.
3337 1086 3427 1141 Di-

1841 1181 1992 1229 catur
2017 1188 2148 1243 ergo
2177 1174 2244 1230 de
2267 1176 2518 1232 Satnucle
2547 1194 2559 1229 :
2588 1175 2785 1232 Obtulit
2813 1194 3002 1247 agnum
3029 1179 3282 1249 integrant
3317 1178 3425 1234 Do-

1847 1271 2179 1340 tnino:qu'a
2226 1279 2283 1324 ut
2333 1272 2530 1326 bomnn
2579 1271 2848 1341 pudicitia:
2897 1271 3091 1326 divina:
3139 1272 3429 1341 placationi

1840 1361 2092 1426 sulliciat,
2126 1379 2232 1417 non
2262 1363 2436 1416 solum
2469 1365 2520 1417 in
2551 1363 2787 1417 candore
2829 1363 3068 1433 corporis
3095 1364 3296 1418 servari
3326 1365 3424 1419 de-

1839 1452 1948 1516 bet,
1973 1453 2067 1508 sed
2091 1453 2142 1506 in
2167 1453 2454 1524 splendore
2477 1455 2700 1509 internzn
2729 1455 2997 1524 puritatis.
3025 1454 3215 1511 Merito
3243 1455 3428 1525 itaque

1838 1543 2086 1598 subditur
2108 1562 2121 1596 :

1911 1633 2088 1702 (Vers.
2122 1633 2202 1705 9.)
2225 1667 2295 1677 —
2316 1634 2387 1688 Et
2413 1637 2677 1690 exaudivit
2701 1654 2814 1690 eam
2842 1635 3114 1692 Dominus.

1911 1723 1993 1775 el".
2031 1722 2127 1777 Ille
2155 1739 2388 1792 namque
2413 1725 2654 1780 exaudiri
2685 1743 2714 1780 a
2746 1727 2971 1782 Domino
2999 1743 3097 1796 pro
3123 1728 3242 1784 aliis
3261 1745 3426 1784 orans

162 1815 255 1865 tum
282 1811 590 1866 orationum
620 1811 864 1880 pnesidia
905 1809 1206 1876 (enferunt,
1233 1810 1327 1865 sed
1356 1811 1518 1866 etiam
1559 1810 1728 1866 sacri-
1765 1810 1808 1870 Β
1838 1821 2043 1882 potest,
2066 1813 2156 1884 qui
2187 1829 2254 1868 ex
2277 1827 2429 1884 parte
2453 1816 2630 1884 aliqua
2657 1818 2706 1872 ei
2724 1857 2739 1881 ,
2766 1817 2851 1871 cui
2873 1817 3168 1887 supplicat,
3195 1818 3424 1874 Domino

158 1902 403 1955 liciorum.
439 1899 598 1956 Unde
623 1900 867 1955 sub-titur
890 1917 902 1952 :

220 1991 389 2060 (Vere.
432 1990 518 2055 9.)
552 1990 692 2044 Tulit
743 1999 912 2044 autem
963 1991 1179 2044 Samuel
1223 2006 1414 2060 agnum
1460 1991 1734 2044 lactentem

157 2097 319 2146 unum,
342 2089 390 2132 et
419 2080 608 2135 obtulit
644 2081 792 2134 illum
817 2080 1172 2134 holocaustum
1201 2081 1457 2152 integrum
1487 2079 1736 2145 Domino,

155 2185 198 2226 et
223 2174 454 2226 clamavit
492 2172 727 2226 Samuel.
1733 2241 1735 2244 ι

214 2265 345 2331 Quid
384 2272 468 2318 est
515 2264 722 2320 clamor
763 2263 1060 2330 Samuelis,
1107 2264 1207 2318 nisi
1251 2265 1302 2318 in
1343 2264 1734 2334 supplicatione

156 2357 400 2429 pontiﬁcis
424 2371 622 2426 magna
649 2355 820 2412 virtus
846 2355 1134 2411 desiderii?
1184 2354 1334 2411 Unde
1363 2357 1430 2411 ad
1463 2366 1730 2412 tacentem

157 2447 292 2500 labiis
336 2445 560 2515 Moysen
581 2486 598 2511 ,
630 2445 754 2499 licet
783 2444 966 2514 populi
994 2446 1193 2500 subditi
1237 2446 1465 2501 salutem
1504 2447 1733 2502 ferventi

156 2540 182 2592 d
213 2538 420 2592 vatione
460 2538 806 2606 atpientem,
839 2553 870 2591 a
913 2536 1140 2592 Domino
1187 2537 1423 2592 dicitur:
1457 2536 1594 2601 Quid
1617 2539 1730 2593 cla-

157 2646 251 2681 nms
287 2627 353 2679 ad
387 2643 470 2680 me
511 2625 723 2693 (Exod.
767 2640 884 2691 xw,
919 2625 1064 2697 l5)?
1107 2626 1239 2692 Quis
1275 2642 1403 2680 vero
1442 2638 1522 2682 est
1563 2642 1732 2696 agnus

157 2718 366 2782 lactens,
395 2717 500 2772 nisi
534 2717 623 2770 ille
663 2732 824 2788 quem
859 2733 1156 2786 pmeursor
1197 2717 1316 2784 ejus
1351 2718 1614 2783 otendit,
1645 2720 1729 2773 di-

155 2823 302 2864 cens:
328 2807 464 2862 Ecce
487 2824 658 2879 agnus
701 2809 812 2872 Dei,
854 2824 968 2862 ecce
995 2811 1078 2877 qui
1121 2809 1255 2865 tollit
1303 2819 1513 2878 peccata
1551 2809 1736 2864 mundi

160 2902 315 2972 ;loan.
343 2918 386 2966 ι,
417 2900 490 2955 29
511 2901 568 2971 )2
599 2900 668 2955 Et
709 2901 914 2957 lactens
946 2901 1158 2963 dicitur,
1189 2901 1312 2970 quia
1343 2901 1394 2955 in
1426 2901 1545 2969 ejus
1575 2903 1729 2958 inno-

159 2997 312 3050 centia
351 3010 475 3050 vera
512 2994 818 3049 humanitas
865 2994 1202 3058 pnedicatur.
1251 2993 1356 3048 Sed
1385 3009 1524 3048 unus
1559 3008 1730 3064 agnus

155 3084 372 3147 atlertur,
393 3086 546 3155 quia,
575 3093 770 3156 pneter
794 3085 992 3154 ipsum,
1011 3085 1102 3154 qui
1131 3100 1256 3140 mun
1278 3085 1311 3138 εἰ
1336 3084 1488 3139 tollat
1510 3096 1728 3155 peccata

158 3192 468 3244 nequaquam
519 3177 804 3246 reperitur.
837 3174 1007 3241 Quem
1054 3175 1298 3245 profecto
1343 3189 1539 3243 agnum
1587 3175 1727 3230 inte-
1756 3169 1800 3230 C

153 3281 286 3334 gxum
332 3261 547 3322 obtulit.
600 3267 883 3335 Integritas
927 3268 1124 3337 quippe
1161 3270 1281 3337 agni
1310 3267 1378 3321 ad
1405 3267 1726 3322 soliditatem

158 3357 362 3424 pertinet
395 3355 685 3410 catholica:
734 3356 1104 3426 professionis.
1136 3356 1298 3411 Velut
1344 3357 1488 3410 enim
1531 3371 1726 3424 agnum

157 3446 348 3513 dividit,
383 3447 544 3515 quia
593 3462 802 3502 canone
847 3445 970 3502 ﬁdei
1021 3463 1118 3517 per
1161 3446 1396 3515 gladium
1449 3455 1728 3518 separatur

156 3538 351 3595 erroris.
381 3539 568 3609 Agnus
596 3539 778 3610 itaque
807 3538 1003 3593 dicitur
1030 3554 1129 3609 pro
1160 3539 1490 3603 innocentia,
1522 3542 1725 3593 lat-tcns

159 3643 243 3698 pro
290 3635 657 3704 assumptione
716 3641 960 3696 natura),
1019 3650 1154 3689 unus
1207 3649 1304 3705 pro
1357 3634 1728 3702 singularitate

157 3721 409 3789 potentize,
443 3724 656 3793 integer
692 3741 792 3796 pro
830 3725 952 3780 ﬁdei
1001 3735 1202 3804 nostra;
1249 3727 1551 3784 firmissima
1599 3725 1728 3781 soli-

160 3813 325 3869 litate.

216 3905 294 3961 I8.
334 3906 485 3974 Quod
513 3908 557 3963 si
597 3911 717 3979 quis
761 3911 877 3966 lure
907 3928 1013 3965 non
1036 3911 1102 3965 ad
1135 3913 1329 3981 ipsum,
1361 3912 1456 3968 sed
1502 3912 1568 3967 ad
1612 3911 1730 3981 «jus

159 3996 454 4052 iziiitatorem
486 3999 691 4055 referre
732 4001 996 4069 voluerit,
1047 4011 1241 4071 potest.
1287 4004 1498 4071 Agnum
1529 4004 1729 4074 quippe

154 4087 424 4158 oderimus,
452 4107 578 4146 cum
604 4108 703 4162 per
741 4093 942 4148 bonum
973 4094 1240 4150 castitatis
1285 4102 1340 4150 et
1371 4097 1726 4163 innocentiae,

158 4178 477 4251 Redanptori
520 4192 708 4237 nostro
748 4184 1173 4252 conformamur;
1219 4194 1274 4241 et
1316 4201 1437 4240 eum
1477 4185 1724 4241 doctrina

155 4271 501 4330 innocentium
558 4276 780 4331 Patrum
841 4288 1150 4333 nostrorum
1217 4279 1523 4349 pascimur,
1582 4279 1729 4335 velut

159 4361 300 4416 ubera
326 4366 588 4434 sugimus,
617 4368 812 4438 quibus
832 4369 898 4423 ad
923 4378 1179 4424 aeternam
1211 4372 1375 4425 vitam
1404 4372 1721 4426 nutriantur.

161 4447 310 4504 Unum
327 4468 543 4525 quoque
563 4471 759 4525 agnum
781 4459 1075 4522 offerimus,
1091 4460 1134 4515 si
1157 4468 1279 4529 post
1300 4461 1449 4514 initia
1467 4461 1728 4528 religiosa:

1837 1905 2051 1960 olibilis
2080 1921 2187 1960 non
2218 1915 2320 1960 est.
2365 1906 2498 1960 Nam
2545 1907 2588 1962 si
2637 1908 2812 1962 adlmc
2843 1909 3079 1978 propria
3108 1908 3426 1963 infirmitate

1836 1995 2184 2065 deprimitur,
2217 2011 2317 2066 pro
2361 1997 2652 2052 obtinenda
2694 1998 3062 2068 proximorum
3106 1998 3420 2054 fortitudine

1836 2101 2176 2155 nequaquam
2205 2088 2491 2142 exauditur
2519 2105 2531 2141 :
2560 2097 2702 2144 eteo
2730 2089 3055 2144 desiderium
3077 2104 3234 2143 suum
3254 2091 3318 2142 ad
3343 2090 3424 2143 di-

1837 2176 1972 2228 vina:
2001 2177 2335 2232 celsitudinis
2363 2193 2542 2233 arcem
2595 2195 2700 2232 non
2746 2179 2989 2233 Sublevat
3011 2221 3025 2243 ,
3054 2195 3161 2247 quo
3210 2179 3322 2248 ipse
3353 2178 3421 2232 de

1837 2265 1966 2330 itno,
1989 2282 2098 2335 quo
2130 2284 2226 2336 per
2249 2269 2453 2342 lapsum
2479 2267 2648 2337 jacet,
2679 2278 2874 2323 ennatu
2903 2269 3239 2324 ferventioris
3261 2269 3424 2324 studii

1835 2358 2064 2413 ascende
2096 2375 2126 2414 e
2170 2374 2509 2428 nequaquam
2559 2371 2732 2415 curat.
2764 2359 2869 2414 Sed
2901 2369 2952 2414 et
2983 2362 3174 2415 modus
3200 2361 3415 2416 exaudi-

1835 2449 1996 2504 tionis
2020 2450 2332 2520 exponitur,
2372 2466 2496 2504 cum
2524 2448 2886 2504 subinfertur:

1903 2558 2084 2626 (γεγε.
2140 2558 2227 2612 10.
2274 2558 2388 2622 ll.)
2427 2557 2649 2613 Factum
2676 2569 2773 2626 est,
2797 2560 2920 2613 dum
2973 2560 3187 2615 Samuel
3214 2558 3431 2630 o/Ierret‘

1835 2648 2211 2715 [colamus-um,
2237 2648 2576 2704 Pliilistltwos
2605 2651 2739 2705 inire
2769 2651 3004 2720 prtelium
3028 2661 3208 2705 contra
3231 2649 3425 2705 Israel.

1836 2738 2069 2793 Intonuit
2095 2756 2268 2794 autem
2314 2739 2571 2796 Dominus
2611 2745 2821 2813 fragore
2869 2759 3056 2812 magno
3105 2744 3158 2797 in
3204 2743 3290 2796 die
3331 2745 3420 2798 illo

1833 2845 1987 2898 super
2009 2829 2323 2885 Pliilistltiim
2340 2873 2355 2898 ,
2387 2841 2434 2884 et
2456 2834 2705 2886 exterruit
2733 2849 2843 2898 eos,
2870 2844 2919 2886 et
2949 2835 3069 2888 οιαὶ
3097 2845 3215 2888 sunt
3238 2852 3270 2888 a
3296 2835 3421 2904 ﬁliis

1838 2919 2025 2974 Israel.
2067 2920 2378 2993 Egressique
2406 2923 2504 2992 filii
2535 2921 2706 2976 Israel
2736 2923 2800 2975 de
2829 2921 3140 2991 Maspltatlt,
3171 2924 3426 2992 persecuti.

1836 3022 1954 3065 sunt
1982 3010 2337 3075 l’ln‘listlia'os,
2369 3023 2418 3066 et
2446 3021 2807 3083 percusserunt
2833 3029 2919 3067 eos
2947 3028 3105 3075 usque
3142 3013 3212 3065 ad
3231 3013 3420 3075 locum,

1834 3103 1920 3172 qui
1941 3111 2054 3155 erat
2091 3101 2262 3155 subter
2287 3100 2566 3156 Bel/icitur.
3415 3153 3420 3162 ,

1905 3189 1993 3244 20.
2036 3191 2188 3244 (Μῖνι-ι
2213 3200 2304 3246 nte
2351 3192 2579 3246 holocau
2612 3199 2722 3245 tum
2771 3191 3048 3256 Samuclu,
3089 3190 3407 3245 Philithiiiu

1832 3291 2021 3336 contra
2051 3281 2073 3336 Ι
2107 3283 2216 3336 rael
2252 3283 2492 3352 pr.elium
2524 3284 2746 3337 ineunt:
2775 3283 2902 3351 quia
2954 3283 3172 3349 maligni
3204 3284 3428 3353 spiritus

1831 3381 1961 3427 tunc
1995 3373 2254 3428 adiersns
2283 3372 2466 3429 lideles
2512 3373 2755 3428 subditos
2783 3373 3057 3442 graviores
3097 3375 3422 3442 tentationrs

1829 3473 2204 3530 commovent,
2233 3480 2356 3518 cum
2381 3471 2570 3520 contra
2599 3480 2659 3518 se
2685 3474 2829 3519 stare
2857 3463 3143 3519 instantius
3173 3462 3422 3518 Pastorcs

1831 3553 2033 3608 vident.
2057 3552 2164 3608 Sed
2190 3569 2354 3622 super
2374 3552 2716 3607 Philisthteos
2740 3552 3000 3606 Dominus
3029 3553 3273 3606 intonat:
3297 3553 3421 3622 quia

1829 3645 2108 3698 orantibus
2135 3644 2448 3698 doctoribus
2474 3652 2530 3697 et
2553 3642 2796 3697 fidelibus
2825 3643 3072 3710 subditis,
3095 3625 3283 3698 d;v3na'
3299 3658 3422 3712 gra-

1829 3733 1903 3787 tia
1936 3734 2103 3788 robur
2129 3733 2492 3788 administrat.
2515 3731 2776 3788 Tonitrua
2803 3733 2944 3787 enim
2974 3731 3088 3787 fieri
3119 3750 3214 3802 per
3238 3734 3424 3788 nubila.

1827 3822 2212 3878 si.l'-nt.Nubes
2231 3831 2412 3877 autem
2435 3823 2694 3878 sublimes
2722 3838 2819 3890 per
2842 3823 3064 3878 caeleste
3089 3823 3426 3878 desiderium

1830 3912 2026 3966 anima:
2055 3912 2441 3980 intelliguntur.
2483 3909 2634 3964 Unde
2661 3919 2717 3964 et
2747 3911 3004 3980 propheta
3039 3920 3247 3967 mentes
3277 3912 3424 3968 elec-

1827 4013 2004 4057 torum
2031 4003 2085 4056 in
2112 4018 2297 4057 amore
2322 4002 2621 4058 caelestium
2651 4002 2886 4056 elevatus
2908 4001 3206 4072 admirans,
3239 4003 3378 4058 dixit
3403 4023 3416 4067 ;

1831 4095 1933 4160 Qui
1962 4102 2082 4147 sunt
2106 4094 2226 4159 isti,
2256 4094 2343 4164 qui
2371 4101 2427 4146 ut
2464 4091 2622 4146 nubes
2651 4090 2822 4145 rolaut
2855 4090 2991 4163 (Isa.
3033 4109 3121 4159 ιχ,
3155 4091 3249 4162 8)?
3292 4091 3422 4160 Qua:

1826 4197 1954 4242 sunt
1975 4198 2158 4243 autem
2188 4189 2427 4243 tonitrua
2456 4187 2701 4256 nubium,
2731 4188 2832 4243 nisi
2857 4187 2947 4242 illa
2976 4187 3236 4242 ferventia
3261 4195 3314 4243 et
3338 4203 3422 4244 su-

1834 4295 2000 4351 perna
2031 4280 2326 4335 electorqu
2353 4279 2616 4334 desideria
2645 4297 2657 4331 :
2683 4280 2876 4349 quibus
2905 4278 3032 4334 dum
3062 4292 3159 4348 per
3185 4277 3421 4333 divinam

1825 4371 2052 4438 gratiam
2083 4385 2269 4425 eorum
2302 4386 2454 4425 mens
2487 4369 2849 4435 succenditur,
2882 4384 3065 4436 omne,
3097 4369 3238 4439 quod
3266 4368 3421 4422 mali-

1825 4463 1914 4532 gni
1944 4462 2164 4532 spiritus
2190 4461 2506 4530 decipiendo
2535 4472 2858 4530 suggerunt,
2891 4460 2958 4515 ab
2988 4475 3052 4515 ea
3086 4460 3301 4529 penitus
3328 4475 3424 4513 cx-

162 4549 594 4616 mnversationis,
618 4551 766 4604 nulla
813 4552 1107 4621 polluimur
1135 4553 1508 4622 inquinatione
1551 4554 1728 4624 pravi-
1759 4555 1804 4612 D
1833 4555 2076 4624 pellunt?
2103 4553 2251 4608 Bene
2279 4568 2411 4622 ergo
2441 4554 2635 4608 dicitur
2669 4571 2681 4607 :
2714 4553 2950 4607 Intonuit
2977 4551 3232 4606 Dominus
3270 4568 3424 4620 super

156 4636 283 4690 uitis.
333 4638 505 4694 Unum
547 4642 747 4714 quippe
785 4658 981 4713 agnum
1013 4645 1200 4713 ollert,
1229 4647 1325 4716 qui
1369 4662 1398 4700 a
1446 4646 1729 4716 proposito

156 4733 497 4796 tiniocentizn,
547 4733 615 4789 ad
669 4736 888 4805 polluta:
933 4738 1057 4791 vita:
1106 4738 1344 4793 maculas
1389 4752 1728 4807 nequaquam

158 4816 343 4886 diflluit,
370 4837 400 4876 a
422 4825 618 4894 quibus
646 4827 834 4882 redeat
859 4842 956 4898 per
985 4829 1328 4884 iterationem
1357 4831 1512 4885 bona:
1541 4841 1731 4896 onera-

155 4906 314 4962 tionis.
343 4910 613 4982 lntegrum
634 4932 854 4987 quoque
879 4931 1074 4986 agnum
1104 4919 1322 4986 ott'erre,
1349 4927 1432 4974 est
1472 4919 1539 4973 ad
1569 4928 1729 4974 πίει-ο

159 5011 268 5053 nam
287 5001 446 5057 vitam
475 5021 582 5060 non
603 5009 778 5063 solum
809 5011 990 5065 carnis
1019 5011 1433 5081 continentiam,
1461 5011 1554 5067 sed
1578 5027 1726 5067 men-

156 5087 218 5142 tis
243 5091 597 5161 integritatem
625 5114 951 5169 prmparare.
984 5099 1256 5169 [ntegrum
1285 5117 1503 5173 quoque
1529 5116 1726 5171 agnum

163 5180 366 5239 Domitio
390 5203 728 5260 nequaquam
751 5190 930 5258 offert,
959 5193 1049 5262 qui
1081 5209 1298 5248 carnem
1329 5194 1441 5250 Deo
1470 5209 1569 5264 per
1596 5208 1728 5248 cou-

161 5271 417 5332 tinentiam
446 5291 750 5340 consecrat.
782 5283 876 5336 Sed
905 5283 1103 5339 ruentis
1129 5299 1241 5340 suae
1275 5295 1488 5340 secreta
1527 5285 1595 5339 ab
1624 5284 1730 5341 im-

162 5368 456 5426 mundamm
485 5374 869 5442 cogitationum
898 5375 1114 5430 lascivia
1144 5378 1302 5447 169
1330 5394 1436 5432 non
1468 5379 1724 5436 refrenat.

137 5455 303 5514 'Velut
331 5464 472 5517 etiim
502 5466 622 5532 agni
665 5475 872 5536 partem
900 5467 1166 5522 sacrificio
1191 5469 1439 5539 subripit,
1462 5463 1552 5539 qui
1581 5472 1726 5537 puri-

165 5556 308 5604 tatem
355 5553 571 5620 cordis,
601 5557 842 5625 corporis
886 5557 1235 5613 continentiae
1281 5575 1388 5613 non
1431 5561 1724 5631 coniungit.

169 5635 300 5697 Uade
317 5652 371 5698 et
391 5645 507 5716 ipse
534 5660 701 5714 agnus
727 5664 922 5715 agnum
944 5649 1213 5718 integrum
1236 5650 1431 5707 offerre
1458 5653 1730 5724 discipulis

168 5735 496 5806 pracipiens,
536 5739 654 5794 ait:
692 5741 917 5798 Audistis
953 5743 1072 5812 quin
1113 5743 1303 5799 dictum
1348 5754 1422 5798 est
1463 5747 1732 5816 antiquis:

1833 4647 2187 4707 Pliilistliwos,
2215 4654 2264 4700 et
2309 4647 2561 4700 exterruit
2596 4661 2704 4700 eos.
2735 4645 2870 4699 Nam
2899 4645 3025 4699 dum
3073 4658 3170 4712 per
3195 4642 3420 4710 gratiam

1829 4754 1983 4794 suam
2025 4736 2214 4792 elecris
2259 4735 2530 4790 mentibus
2568 4749 2802 4804 superna
2849 4731 3114 4788 desideria
3158 4732 3417 4794 infundit,

1830 4830 1954 4898 quia
1973 4829 2135 4883 etiam
2155 4836 2367 4882 terrena
2385 4827 2564 4882 omnia
2584 4825 2714 4880 facit
2733 4833 3102 4890 contemnere,
3122 4839 3216 4879 eos
3232 4823 3418 4886 etiam.

1831 4920 1922 4990 qui
1968 4933 2032 4972 ea
2071 4918 2150 4973 eis
2181 4926 2438 4988 appetere
2467 4923 2792 4986 suggerunt,
2826 4929 3058 4984 nequam
3101 4914 3324 4983 spiritus
3365 4915 3420 4969 iu

1830 5017 2006 5084 fugam
2028 5014 2208 5068 vertit.
2234 5012 2395 5068 Velut
2414 5012 2558 5067 enim
2585 5011 2824 5065 tonitrua
2848 5009 3017 5064 territi
3040 5008 3270 5078 fugiunt,
3289 5008 3420 5064 dum

1831 5110 1885 5164 in
1922 5108 2112 5164 e'ectis
2140 5107 2430 5171 mentibus,
2461 5121 2597 5173 quas
2641 5103 2898 5159 tentando
2934 5105 3309 5173 pulsaveraut,
3335 5104 3417 5158 in.-

1830 5206 2043 5269 gentem
2088 5198 2323 5252 sonitum
2371 5196 2566 5249 divina:
2597 5195 2811 5250 virtutis
2841 5203 3226 5265 expavescunt.
3282 5194 3422 5262 Quia

1831 5307 1962 5346 vero
1989 5289 2202 5358 fragore
2228 5302 2424 5356 magno
2453 5289 2753 5343 intonuisse
2776 5288 3036 5343 Dominus
3054 5288 3272 5357 dicitur,
3294 5290 3426 5358 quid

1832 5389 1915 5436 est
1942 5380 2115 5444 aliud,
2149 5379 2250 5434 nisi
2294 5379 2418 5448 quia
2467 5377 2780 5448 imperfecta
2811 5377 3242 5434 Christianorum
3273 5380 3419 5434 desi-

1835 5468 1984 5521 deria
2011 5465 2345 5521 daemonibus
2392 5467 2652 5522 terribilia
2701 5482 2809 5522 non
2838 5469 3003 5522 sunt?
3033 5466 3236 5538 Fragor
3275 5468 3418 5522 enim

1836 5572 2058 5627 magnus
2092 5557 2347 5621 tonitrui,
2385 5557 2682 5628 perfectmn
2714 5568 2797 5614 est
2826 5559 3250 5628 uniuscujusque
3277 5559 3420 5620 desiv

1837 5653 2044 5707 derium
2073 5651 2248 5705 electi.
2281 5650 2414 5704 Cum
2448 5652 2610 5720 igitur
2630 5651 2845 5721 fragore
2877 5665 3070 5721 magno
3099 5668 3264 5722 super
3295 5652 3421 5708 Phi—

1841 5743 2074 5799 listhzeos
2104 5742 2362 5798 Dominus
2389 5744 2618 5809 intonat,
2651 5754 2779 5800 tunc
2810 5761 2839 5799 a
2870 5745 2990 5801 filiis
3016 5744 3180 5803 Israel
3209 5745 3422 5800 caedun-
