3962 6278
554 321 649 374 911

1763 323 1998 377 S.\NC'|'I
2042 322 2371 377 lillblGOllll
2414 325 2623 380 .‘lIAGNl
3710 334 3799 390 9η

557 456 673 496 tur:
696 443 821 511 quia
843 440 968 496 dum
996 442 1289 496 electorum
1317 450 1550 496 mentem
1577 442 1809 510 perlecta
1834 442 2050 495 devotio
2076 440 2140 494 ad
2172 441 2216 498 Α
2248 440 2576 507 Cogitatione
2623 442 2869 509 subjecti.
2923 442 3054 495 Dum
3083 457 3209 512 ergo
3245 445 3565 498 novitiorum
3596 446 3800 505 ﬁleliuin

556 547 791 602 superna
820 532 1011 601 gaudia
1035 534 1219 601 erigit,
1243 549 1427 610 omne,
1448 533 1590 604 quod
1619 534 1857 587 advena:
1883 534 2019 602 parti
2043 534 2142 587 mi-

556 626 711 688 litat,
737 639 765 677 a
796 639 854 678 se
884 624 1095 692 penitus
1122 623 1408 678 ahscinlit.
1440 623 1585 678 Bene
1610 640 1826 692 quoque
1859 625 2006 694 prius
2035 634 2142 678 ter-

556 716 643 770 riti
676 713 983 778 Philisthari,
1004 715 1194 770 deinde
1216 731 1243 767 a
1270 716 1339 768 ﬁli
1363 732 1388 770 s
1412 715 1572 770 Israel
1603 716 1757 785 170
1784 716 1913 768 acili
1939 729 2143 767 memo-

556 816 777 864 rantur:
798 823 920 862 nam
942 817 1214 863 terrentur
1230 809 1519 862 eiecturum
1537 808 1847 871 devotione,
1867 807 2143 860 creduntur

554 915 739 969 opere.
772 898 836 954 Et
856 902 980 969 quia
1011 916 1175 970 Opere
1198 899 1417 953 devotio
1442 901 1587 968 prior
1615 908 1717 960 est,
1749 899 1938 952 terreri
1973 898 2138 966 prius.

556 1000 745 1060 postea
777 1005 905 1044 vero
944 990 1078 1045 credi
1115 998 1263 1045 recte
1295 993 1661 1058 perhibentur.
1703 989 1832 1042 Nam
1864 990 2011 1058 prius
2046 988 2142 1041 do-

561 1098 690 1138 num
719 1082 873 1137 bonze
895 1082 1187 1137 voluntatis
1216 1098 1244 1135 a
1276 1083 1504 1136 Domino
1535 1083 1848 1152 accipimus,
1874 1090 1931 1134 ut
1960 1080 2140 1134 consi-

556 1174 629 1229 lia
660 1175 923 1228 malorum
965 1174 1248 1243 spirituum
1276 1174 1616 1242 postmodum
1653 1174 1933 1227 confutare
1963 1172 2141 1225 valea-

554 1280 695 1321 mus.
738 1265 882 1320 Bene
925 1265 1087 1320 etiam
1132 1265 1385 1319 Dominus
1422 1281 1585 1331 super
1623 1264 1960 1319 Pbilistbams
2003 1265 2141 1317 into-

557 1376 707 1426 nare,
742 1368 795 1413 et
823 1369 1034 1414 exterrc
1056 1376 1096 1413 ‘e
1125 1374 1217 1412 eos
1248 1358 1463 1427 dicitur,
1494 1357 1584 1412 ﬁlii
1615 1368 1796 1412 autem
1828 1356 1987 1411 Israel
2021 1356 2141 1411 illos

554 1450 761 1505 aedere
790 1449 1174 1518 perhibentur:
1215 1449 1337 1517 quia
1386 1450 1524 1503 bona
1568 1448 1829 1503 desideria
1860 1447 2016 1502 nobis
2045 1464 2142 1517 per

554 1541 787 1594 divinam
818 1541 1043 1607 gratiam
1076 1540 1470 1607 ministrantnr,
1499 1540 1591 1594 sed
1625 1556 1722 1593 nos
1767 1539 1907 1592 dona
1952 1539 2138 1605 gratia:

556 1648 652 1700 per
672 1642 920 1686 conatum
953 1632 1102 1685 liberi
1136 1631 1339 1685 arbitrii
1371 1630 1438 1685 ad
1467 1631 1721 1685 virtutum
1748 1630 1999 1683 victorias
2024 1644 2144 1696 pro-

556 1736 858 1775 movemus.
888 1720 1030 1774 Ordo
1082 1722 1242 1789 igitur
1270 1719 1504 1776 ccelcstis
1535 1720 1734 1773 militiae
1780 1727 1895 1783 est,
1928 1726 1987 1770 ut
2016 1725 2140 1771 ante

2246 532 2549 601 triumphus
2577 533 2677 587 sub
2720 532 3079 588 lsraelitarum
3123 535 3290 603 gestis
3318 535 3630 604 ostenditur,
3658 555 3831 615 usque,

2245 620 2310 673 ad
2367 621 2542 674 locum
2572 624 2671 675 sub
2701 622 2863 676 domo
2893 623 3012 689 agni
3044 626 3165 677 cassi
3197 625 3512 693 alienigena:
3539 626 3767 684 dicuntur
3792 653 3800 683 :
3825 634 3829 701 ξ

2243 713 2365 780 quia
2400 713 2639 783 profecto
2670 729 2768 782 per
2789 715 3179 769 indesinentem
3210 724 3462 769 conatum
3495 720 3799 781 certamirrs.
3826 718 3827 721 “

2243 805 2575 858 contendere
2606 807 2863 860 debemus
2893 805 2959 859 ad
2989 821 3167 861 arcem
3200 806 3573 876 perfectionis:
3604 810 3685 863 ubi
3708 810 3801 877 jam

2244 904 2396 949 tanto
2420 898 2586 952 simus
2608 898 2851 952 hostibus
2876 900 3073 953 nostris
3104 899 3473 964 terribilinrcs,
3498 910 3691 969 quanto
3714 902 3801 956 Re~
3828 898 3831 901 “

2244 984 2509 1053 demptori
2540 996 2724 1041 nostro
2751 989 3057 1042 viciniores.
3082 989 3159 1042 lbi
3183 990 3323 1042 enim
3343 990 3452 1057 jam
3477 991 3707 1059 qumJam
3730 1009 3804 1046 se-

2243 1076 2441 1129 curitas
2474 1086 2587 1140 est.
2615 1092 2731 1144 qua:
2764 1086 2914 1145 pertu
2946 1079 3059 1131 bari
3092 1080 3326 1133 hostium
3366 1095 3561 1144 ravore
3598 1097 3695 1134 non
3721 1098 3799 1150 po-

2244 1172 2369 1219 test.
2403 1165 2622 1220 Talibus
2670 1183 2904 1237 namque
2953 1184 3220 1223 concessze
3269 1170 3484 1224 virtutis
3512 1171 3647 1225 dona
3692 1173 3802 1226 insi-

2244 1274 2415 1313 nuans
2445 1259 2717 1324 Dominus,
2750 1262 2860 1314 ait:
2897 1260 3033 1315 Ecce
3053 1262 3169 1315 dedi
3204 1263 3342 1316 vobis
3371 1272 3670 1333 potestatem
3709 1267 3804 1319 cal-

2241 1349 2396 1402 candi
2416 1367 2569 1419 super
2588 1362 2868 1421 serpentes,
2895 1364 2943 1405 et
2968 1354 3283 1423 scorpiones,
3303 1364 3353 1408 et
3374 1372 3572 1409 omnem
3595 1358 3805 1411 virtutem

2241 1441 2437 1494 inimici
2462 1440 2611 1510 (Luc.
2642 1459 2697 1506 Χ,
2727 1442 2836 1514 19).
2879 1442 3029 1498 Unde
3060 1453 3114 1498 et
3145 1446 3206 1509 is,
3233 1447 3322 1515 qui
3350 1446 3416 1500 ad
3450 1447 3620 1501 locum
3645 1449 3803 1504 domui

2244 1531 2363 1597 agni
2395 1532 2546 1601 171
2581 1533 2813 1585 vicinum
2848 1544 3188 1601 pervenerat,
3212 1536 3345 1590 dicit
3371 1555 3385 1567 ’
3414 1534 3539 1601 Quis
3563 1556 3652 1593 nos
3672 1557 3804 1609 sepa-

2244 1624 2379 1677 rabit
2401 1642 2431 1676 α
2450 1626 2702 1679 charitate
2729 1626 2940 1693 Christi,
2966 1628 3251 1691 tribulatio,
3282 1646 3349 1682 an
3373 1632 3627 1700 angustia,
3659 1649 3720 1685 an
3738 1635 3806 1702 {a-

2244 1734 2348 1769 mes
2374 1716 2548 1787 (Itoni.
2575 1734 2687 1785 vui,
2710 1717 2825 1788 35),
2848 1735 2915 1773 an
2938 1728 3134 1774 emlera
3162 1721 3284 1774 talia
3304 1722 3325 1774 ?
3346 1720 3532 1775 Potest
3550 1723 3703 1776 etiam
3727 1724 3805 1776 do-

555 1819 747 1866 tonans
792 1812 1004 1878 tragore
1049 1826 1242 1879 magno
1274 1810 1525 1864 audiatur
1552 1810 1711 1873 Deus,
1741 1818 1795 1863 et
1835 1818 1955 1879 post
1986 1809 2141 1862 miles
2177 1799 2215 1855 Β
2247 1794 2365 1860 mus
2388 1807 2507 1875 agni
2538 1808 2814 1862 cm‘estem
2841 1809 3065 1878 patriam
3091 1809 3393 1877 designare.
3425 1808 3576 1863 Unde
3600 1821 3652 1865 et
3670 1810 3789 1865 Joan

556 1901 623 1953 ad
653 1916 727 1954 ea:
748 1900 903 1955 lenda
934 1901 1166 1954 hostium
1196 1902 1407 1969 agmina
1438 1901 1841 1969 progrediatur:
1869 1909 1926 1953 ut
1949 1900 2137 1953 videli—

554 1999 642 2046 cet
671 1992 721 2044 in
752 2007 808 2046 se
840 1994 986 2062 prius
1018 1993 1158 2045 dona
1186 1993 1371 2060 gratim
1412 1992 1622 2054 videat,
1648 1991 1766 2044 dein
1791 1992 1838 2044 le
1868 1990 1932 2044 ad
1961 1998 2138 2044 certa.

553 2084 712 2137 minis
734 2099 982 2151 campum
1015 2083 1242 2137 validius
1271 2092 1536 2151 erumpat,
1569 2090 1621 2135 ct
1650 2097 1872 2135 securus
1899 2082 2137 2135 victoria:

551 2181 868 2239 proventum
900 2180 1101 2241 speret,
1132 2173 1223 2241 qui
1252 2173 1348 2240 eis,
1378 2173 1571 2242 quibus
1600 2188 1783 2226 coroni
1804 2181 1909 2238 tur,
1934 2172 2137 2226 viribus

550 2272 676 2317 ante
700 2263 1091 2332 congressionis
1121 2273 1359 2331 tempora
1386 2262 1545 2317 fultus
1575 2278 1605 2317 e
1636 2271 1676 2317 t.

621 2354 710 2410 2|.
751 2354 895 2409 Bene
926 2363 1124 2418 autem,
1157 2354 1245 2422 qui
1277 2353 1615 2409 Pbilisthteos
1644 2353 1872 2419 cmdunt,
1899 2354 1964 2407 de
1994 2353 2135 2408 Mas-

554 2443 719 2511 phath
766 2445 966 2512 egressi
997 2443 1365 2511 perhibentur.
1395 2444 1447 2496 ln
1472 2442 1749 2512 Maspbatlt
1773 2443 1991 2507 etenim,
2019 2458 2137 2513 qua:

551 2532 850 2601 speculatio
876 2534 1091 2599 dicitur,
1119 2540 1415 2596 morantur,
1440 2532 1528 2601 qui
1556 2533 1606 2586 in
1631 2531 1933 2586 divinarum
1958 2548 2135 2586 rerum

552 2625 1011 2695 contemplatione
1042 2624 1353 2693 persistunt.
1386 2624 1490 2678 Sel
1528 2624 1593 2678 ad
1620 2624 1903 2677 emdendos
1946 2624 2135 2678 Philis-

552 2713 723 2767 tbzeos
752 2720 977 2777 exeunt,
1012 2727 1132 2766 cum
1174 2726 1240 2766 ex
1270 2727 1468 2767 arcano
1497 2712 1722 2766 interna:
1768 2711 2137 2767 meditationis

552 2805 786 2859 consulti
817 2805 1115 2871 venientes,
1148 2806 1513 2874 comprimunt
1532 2806 1673 2859 vires
1702 2805 1942 2860 adversm
1963 2806 2138 2860 domi-

547 2897 803 2951 nationis.
832 2897 976 2951 Intus
1004 2897 1145 2952 enim
1176 2898 1405 2952 latenter
1432 2897 1703 2960 ordinant,
1731 2899 1963 2966 qualiter
2005 2896 2137 2951 foris

546 2990 602 3043 in
633 2998 893 3059 apparate
924 3005 1105 3059 opere,
1138 2990 1372 3046 hostium
1395 3006 1599 3045 cuneos
1623 2991 1941 3060 irrumpant.
1961 2990 2135 3044 Tanto

547 3080 763 3149 quidem
809 3081 1084 3148 graviores
1129 3094 1337 3150 pugnas
1368 3080 1447 3135 eis
1474 3081 1831 3150 procedentes
1854 3080 2131 3146 exhibent,

2246 1914 2340 1952 nes
2369 1898 2495 1953 dicit
2526 1916 2538 1951 :
2596 1899 2712 1952 Vidi
2742 1916 2899 1969 supra
2940 1909 3163 1954 montem
3196 1900 3325 1954 Sion
3357 1917 3547 1971 agnum
3575 1910 3802 1966 stantem,

2241 1997 2290 2041 et
2320 2004 2433 2040 cum
2455 2004 2513 2042 eo
2536 1998 2736 2041 centum
2762 1990 3109 2060 quadraginta
3125 1998 3346 2060 quatuor
3366 1991 3552 2054 millia,
3588 1989 3804 2044 habentia

2242 2098 2424 2136 nomen
2454 2082 2587 2152 ejus,
2608 2090 2655 2135 et
2687 2099 2866 2135 nomen
2895 2083 3055 2151 patris
3083 2082 3193 2154 ejus
3224 2083 3472 2152 scriptum
3497 2084 3549 2136 in
3573 2082 3803 2153 frontibus

2238 2174 2346 2226 suis
2380 2172 2560 2244 (Apoc.
2592 2188 2700 2234 xw,
2736 2172 2808 2241 l).
2842 2171 2973 2238 Quis
3001 2181 3082 2226 est
3111 2172 3273 2240 igitur
3299 2172 3468 2235 locus,
3500 2173 3591 2241 qui
3617 2181 3695 2226 est
3717 2172 3800 2225 sub

2243 2265 2400 2319 domo
2430 2264 2581 2332 agni,
2611 2265 2710 2319 nisi
2739 2265 2998 2317 terminus
3028 2264 3337 2333 temporalis
3364 2264 3503 2327 vitai,
3530 2278 3591 2315 ex
3615 2278 3714 2330 quo
3741 2262 3796 2314 ad

2239 2370 2485 2424 supernae
2517 2354 2700 2423 patriae
2729 2354 2917 2422 gaudia
2947 2360 3294 2407 assumuntur
3321 2352 3480 2405 electi
3504 2352 3527 2405 ?
3555 2350 3654 2416 Qui
3681 2350 3801 2404 enim

2239 2460 2409 2514 usque
2452 2443 2517 2497 ad
2553 2452 2810 2497 statutum
2855 2442 3009 2497 nobis
3041 2443 3328 2496 terminum
3371 2440 3637 2504 ducimur,
3666 2454 3801 2507 quem

2240 2535 2517 2605 pr:rtcrire
2558 2534 2787 2589 vivendo
2838 2550 2945 2588 non
2994 2532 3491 2602 possumus,velnt
3535 2531 3601 2585 ad
3652 2531 3802 2584 locum

2239 2627 2523 2690 venimus,
2575 2625 2717 2681 unde
2773 2626 2880 2680 alio
2949 2622 3354 2679 transferamur.
3409 2623 3517 2678 Sed
3566 2624 3801 2677 terminus
3858 2626 3861 2629 ’

2237 2717 2361 2771 vita:
2382 2716 2538 2771 electi
2572 2716 2669 2769 viri
2700 2716 2799 2770 sub
2829 2716 2990 2770 domo
3019 2716 3141 2783 agni
3168 2717 3302 2770 situs
3330 2715 3669 2770 ostenditur:
3694 2716 3798 2784 quia

2238 2806 2381 2862 unde
2422 2822 2519 2877 per
2547 2808 2820 2876 angustias
2850 2807 3192 2862 mortalitatis
3221 2806 3580 2873 demergitur,
3611 2806 3724 2860 inde
3748 2806 3803 2859 ad

2240 2898 2361 2952 vita:
2400 2897 2760 2953 indelicientis
2794 2900 2984 2966 gaudia
3034 2900 3363 2953 sublevatur.
3397 2898 3530 2952 Nam
3576 2908 3631 2953 et
3658 2913 3803 2967 agnus

2240 2990 2354 3058 ipse
2377 3029 2393 3054 ,
2424 2989 2514 3057 qui
2550 2989 2601 3042 in
2627 2989 3046 3044 citbartedorum
3077 2989 3507 3044 citbarizantium
3534 2997 3589 3043 et
3607 2997 3804 3042 cantan-

2242 3080 2372 3133 tium
2413 3079 2634 3133 domum
2687 3096 2836 3134 suam
2884 3081 3034 3133 Ianus
3081 3080 3385 3141 inhabitat,
3417 3088 3699 3149 antequam
3746 3077 3799 3131 ad

545 3178 770 3238 quanto,
798 3170 924 3224 dum
976 3172 1184 3224 interna
1232 3171 1489 3239 cogitant,
1536 3172 1676 3239 apud
1732 3186 1791 3225 se
1838 3172 2131 3240 quietiores
2164 3165 2211 3226 C
2242 3170 2396 3237 hujus
2450 3169 2641 3224 domus
2687 3170 2926 3224 lititiam
2977 3171 3291 3234 duceretur,
3339 3170 3439 3223 sub
3484 3169 3645 3224 domo
3694 3168 3794 3223 fuit.

546 3259 737 3314 latent.
795 3259 861 3313 Et.
914 3262 1036 3329 quia
1104 3260 1318 3328 maligni
1376 3261 1596 3330 spiritus
1659 3261 1725 3314 ab
1795 3260 1983 3314 cli-clis
2043 3260 2133 3314 Dei

545 3364 763 3418 semper
842 3348 1229 3418 comprimendi
1309 3357 1474 3411 sunt,
1566 3363 1734 3415 usque
1815 3347 1882 3400 ad
1957 3348 2133 3400 locum

547 3440 738 3495 subter
782 3440 1052 3495 Bellicbar
1097 3440 1413 3494 Philistbiim
1444 3440 1683 3508 percussi
1725 3438 1885 3492 fuisse
1931 3453 2136 3491 memo-

544 3538 757 3609 rantur.
790 3529 1060 3583 Bctbcbar
1102 3530 1323 3599 quippe,
1351 3528 1541 3583 domus
1567 3528 1688 3596 agni
1729 3526 2133 3593 interpretatur.

546 3621 707 3676 llnnc
750 3635 944 3690 agmm
987 3620 1141 3675 nobis
1169 3619 1333 3675 Isaias
1362 3619 1656 3684 insinuans,
1700 3618 1820 3671 ait:
1868 3616 2135 3686 Tanquam

545 3729 713 3785 agnus
743 3712 813 3765 ad
840 3711 1147 3767 occisiomm
1186 3711 1419 3775 ducetur,
1458 3718 1507 3762 et
1544 3716 1791 3781 tanquam
1829 3708 1936 3761 oris
1961 3722 2136 3760 coram

546 3804 791 3858 tondente
837 3820 911 3871 se,
943 3804 1053 3856 sine
1082 3818 1200 3856 voce
1242 3801 1395 3863 (Isai.
1428 3817 1537 3863 LIII,
1573 3801 1647 3865 7).
1678 3799 1807 3866 Qua:
1839 3802 1999 3867 igitur
2038 3799 2137 3855 fuit

544 3895 739 3949 doznus
768 3894 889 3963 agni
908 3934 921 3957 ,
948 3893 1045 3946 nisi
1079 3892 1166 3946 illa
1196 3892 1457 3952 sublimis,
1486 3898 1542 3945 et
1566 3890 1907 3958 singulariter
1927 3888 2133 3943 munita

544 3985 889 4041 conversatio
908 3983 1304 4056 Redemptoris,
1320 3998 1437 4053 qum
1455 3984 1576 4036 dum
1594 3983 1748 4052 culpa
1768 3982 1962 4044 caruit,
1979 3998 2138 4038 cunc-

548 4077 618 4128 tis
653 4090 882 4143 nequam
902 4074 1177 4142 spiritibus
1199 4073 1583 4128 inaccessibilis
1613 4073 1853 4128 exstitit?
1871 4073 1947 4126 Ad
1970 4073 2135 4127 Beth-

496 4166 497 4169 “
546 4165 698 4229 cbar,
724 4163 773 4216 id
796 4171 877 4218 cst
897 4164 1116 4217 domum
1142 4164 1262 4231 agni
1286 4164 1566 4231 pervenire
1585 4178 1743 4217 nemo
1765 4171 1942 4232 potest
1972 4180 1984 4215 :
2009 4163 2134 4231 quia

546 4255 790 4323 quisquis
820 4254 1042 4307 multum
1073 4254 1305 4325 proﬁcit,
1331 4256 1619 4310 sanctitate
1644 4255 2021 4325 Redemptoris
2049 4255 2132 4309 in-

545 4346 711 4399 terior
738 4357 838 4398 es'.
876 4342 1027 4399 Unde
1054 4353 1110 4398 et
1136 4344 1461 4413 przcdicator
1490 4346 1735 4413 egregius
1760 4345 1997 4413 ejusdem
2029 4344 2135 4400 Re-

546 4436 842 4504 demptoris
868 4434 1112 4488 laudibus
1143 4435 1414 4501 insistens,
1452 4435 1616 4489 dicit:
1648 4436 1789 4489 Talis
1818 4434 2048 4497 decebat,
2079 4446 2135 4488 ut

545 4522 694 4577 nobis
725 4532 859 4577 esset
900 4524 1136 4593 pontifex
1166 4533 1396 4587 sanctus,
1422 4524 1690 4589 innocens,
1708 4524 2023 4589 impollutus,
2049 4541 2125 4577 se-
2160 4530 2214 4591 D

545 4624 788 4686 gregatus
834 4632 867 4667 a
896 4613 1268 4686 peccatoribus,
1298 4623 1345 4667 et
1374 4616 1626 4669 excelsior
1660 4617 1800 4670 caelis
1832 4620 2016 4688 factus,
2046 4618 2133 4688 qui

544 4724 650 4760 non
682 4707 831 4761 habet
850 4709 1224 4773 necessitatem,
1249 4709 1381 4761 sicut
1402 4708 1716 4775 sacerdotes,
1737 4709 1881 4777 prius
1903 4726 1999 4775 pro
2028 4711 2135 4763 suis

548 4798 749 4851 delictis
785 4799 979 4853 hostias
1028 4800 1217 4869 offerre
1247 4798 1435 4871 (llebr.
1464 4815 1558 4865 vn,
1588 4799 1679 4863 26,
1718 4800 1829 4871 27).
1882 4801 2013 4868 Quis
2056 4809 2136 4857 est

547 4904 677 4956 ergo
709 4890 855 4943 locus
884 4892 1069 4945 subter
1106 4891 1392 4953 Betbcbar,
1443 4891 1508 4945 ad
1557 4906 1716 4959 quem
1750 4908 1915 4962 usque
1944 4892 2135 4949 Philis-

550 4978 704 5031 tbiim
733 4979 957 5043 caedere,
986 4988 1041 5032 et
1073 4981 1318 5049 persequi
1348 4980 1638 5036 debemus?
1667 4979 1773 5036 Sed
1798 4984 1843 5036 si
1870 4983 2136 5039 Betbebar

551 5069 934 5140 perfectionem
962 5070 1136 5141 signat
1165 5070 1454 5127 Dominicze
1481 5074 1925 5141 conversationis,
1956 5074 2132 5129 locum

548 5165 736 5219 subter
789 5164 1078 5231 Betbcbar,
1124 5181 1460 5221 communem
1499 5166 1820 5222 Sanctorum
1868 5184 2130 5221 suutmam

548 5256 800 5326 exprimit
820 5257 1135 5310 sanctitatis.
1160 5255 1258 5324 Qui
1284 5267 1337 5312 et
1357 5258 1532 5312 cidem
1552 5256 1898 5329 Redemptori
1922 5274 1981 5314 se
2003 5260 2134 5315 obe-

547 5346 743 5399 diendo
772 5346 1051 5400 bumiliant
1071 5387 1085 5411 ,
1110 5355 1165 5400 et
1184 5347 1299 5415 ejus
1319 5348 1504 5416 gloria:
1522 5364 1621 5418 per
1643 5349 1877 5403 studium
1908 5351 2028 5403 vitae
2062 5350 2137 5403 in-

548 5439 793 5493 nocentis
809 5438 1262 5506 appropinquant.
1289 5437 1463 5493 Locus
1483 5439 1646 5503 enim,
1662 5439 1751 5509 qui
1769 5438 1953 5493 subter
1969 5438 2133 5494 Beth-

547 5528 679 5581 cbar
695 5528 830 5581 situs
850 5527 1171 5593 ostenditur,
1189 5528 1359 5582 eidem
1381 5530 1499 5585 loco
1517 5530 1600 5585 cui
1622 5530 1828 5599 subest,
1844 5540 1898 5583 et
1916 5530 2136 5585 inlerior

546 5635 666 5673 esse
709 5619 1074 5686 cognoscitur,
1105 5630 1161 5673 et
1202 5621 1445 5676 vicinus:
1487 5622 1610 5691 quin
1640 5622 1812 5677 sancti
1843 5622 1978 5687 viri,
2023 5637 2133 5691 quo

552 5706 661 5766 Deo
690 5722 782 5780 per
804 5709 923 5763 vita:
952 5710 1285 5765 altitudinem
1319 5711 1471 5766 vieini
1504 5722 1657 5780 sunt,
1682 5728 1748 5767 eo
1782 5720 1833 5767 et
1863 5712 2128 5767 bumiliori

2240 3260 2375 3316 Ilinc
2419 3276 2648 3331 namque
2679 3270 2793 3323 est,
2832 3261 2972 3328 quod
3006 3260 3389 3315 immolationis
3415 3275 3525 3313 sua:
3569 3269 3790 3326 tempore

2239 3353 2396 3407 dicit:
2431 3352 2612 3406 Tristis
2642 3362 2719 3406 est
2742 3354 2918 3405 anima
2944 3369 3056 3405 mea
3075 3368 3233 3423 usque
3261 3351 3330 3404 ad
3358 3360 3571 3405 mortem
3601 3350 3791 3422 (.llnttc'i.

2240 3460 2390 3506 xxvi,
2417 3443 2517 3509 38;
2561 3442 2727 3497 Marc.
2778 3460 2886 3511 xw,
2912 3442 2979 3497 54
2997 3444 3036 3512 ).
3063 3442 3230 3499 Electi
3254 3456 3382 3510 ergo
3408 3444 3801 3510 uniuscujusque

2239 3532 2358 3587 ﬁnis
2386 3533 2513 3587 dum
2561 3533 2681 3587 loco
2728 3533 3052 3600 ostenditur,
3084 3533 3267 3587 subter
3318 3532 3603 3594 Bethchar,
3637 3531 3685 3584 id
3726 3540 3797 3583 est

2241 3625 2403 3680 domo
2431 3626 2552 3694 agni
2575 3641 2696 3683 esse
2726 3635 3075 3690 memoratur;
3094 3627 3215 3694 quia
3241 3626 3414 3681 sancti
3445 3626 3545 3680 viri
3573 3641 3690 3679 cum
3717 3640 3797 3694 per

2238 3718 2427 3771 mortis
2458 3732 2671 3787 poenam
2714 3716 3028 3786 temporalia
3058 3716 3350 3782 deserunt,
3377 3716 3445 3771 de
3475 3717 3653 3772 vicino
3682 3730 3804 3785 pra:-

2242 3810 2573 3864 eminentem
2594 3810 2693 3863 sibi
2719 3824 3007 3879 supernam
3040 3809 3268 3878 patriam
3287 3808 3804 3864 conscen-lunt.Nain

2240 3901 2443 3957 Paulus
2463 3944 2477 3968 ,
2510 3901 2847 3957 conﬁdenter
2873 3916 3148 3965 asserens,
3180 3900 3335 3956 dicit:
3369 3900 3607 3966 Scimus,
3639 3904 3749 3972 quia
3774 3901 3807 3951 si

2240 3996 2493 4049 terrestris
2540 3994 2720 4048 domus
2767 4004 2943 4049 nostra
2974 3994 3307 4060 dissolvatur,
3341 3993 3584 4047 habemus
3626 3995 3807 4045 habita-

2235 4085 2405 4139 culum
2438 4101 2504 4139 επ
2564 4084 2667 4139 Deo
2694 4130 2708 4153 ,
2742 4102 2844 4138 non
2900 4086 3255 4154 manufactum
3304 4084 3358 4137 in
3395 4084 3521 4138 caelo
3569 4082 3669 4151 (Il
3702 4080 3805 4135 Cor.

2237 4192 2294 4244 v,
2338 4176 2358 4228 l
2391 4178 2430 4246 ).
2461 4175 2627 4244 Igitur
2668 4176 2941 4245 usque‘ad
2992 4175 3168 4230 locum
3193 4214 3208 4239 ,
3252 4174 3341 4243 qui
3378 4184 3462 4228 est
3501 4175 3684 4228 subter
3727 4172 3807 4225 do-

2236 4284 2325 4322 mo
2354 4269 2514 4336 agni,
2548 4267 2883 4323 Philisthreos
2930 4267 3217 4333 caedimus,
3273 4267 3317 4320 si
3365 4267 3602 4335 quandiu
3650 4267 3698 4319 in
3724 4264 3809 4318 hac

2239 4361 2348 4413 vita
2406 4374 2629 4425 sumus,
2678 4359 2745 4413 de
2788 4359 3035 4428 malignis
3087 4358 3363 4428 spiritibus
3415 4356 3807 4427 triumphamus.

2239 4450 2498 4520 Sequitur
2526 4468 2538 4504 :

2311 4540 2487 4607 (Vers.
2523 4539 2641 4609 I2.)
2678 4540 2814 4593 Tulit
2841 4548 3011 4593 autem
3055 4539 3269 4594 Samuel
3299 4539 3526 4607 lapidem
3553 4554 3741 4601 unum,
3768 4543 3810 4588 et

2238 4631 2409 4700 posuit
2445 4646 2560 4683 eum
2603 4630 2737 4682 inter
2764 4627 3041 4697 Masphath
3070 4636 3121 4680 et
3163 4628 3303 4689 Sen;
3335 4636 3383 4681 et
3418 4628 3614 4680 vorarit
3643 4640 3807 4679 nomen

2238 4722 2349 4791 ejus
2392 4720 2550 4792 Lapis
2600 4721 2859 4791 Adjutorii
2886 4763 2901 4788 ,
2936 4718 3204 4790 dixitque;
3238 4717 3518 4789 [lucusque
3544 4718 3810 4771 auxiliata:

2238 4822 2315 4865 est
2341 4812 2489 4865 uobis
2523 4810 2794 4865 Dominus.

2315 4899 2406 4954 22.
2450 4898 2609 4966 Lapis
2656 4898 2707 4952 in
2750 4910 2908 4953 sacro
2958 4897 3175 4964 eloquio
3232 4895 3563 4963 Dominum,
3610 4907 3665 4951 et
3716 4896 3809 4950 Re-

2241 4989 2575 5059 demptorem
2620 4996 2861 5041 nostrum
2911 4985 3195 5055 signiﬁcat.
3251 4986 3411 5056 Lapis
3458 5005 3587 5044 vero
3633 5004 3759 5041 unus
3786 5001 3809 5037 a

2243 5080 2491 5134 Samuele
2520 5078 2741 5143 tollitur,
2768 5095 2888 5132 cum
2920 5093 2950 5131 a
2972 5087 3173 5131 sanctae
3196 5076 3449 5130 Ecclesim
3480 5078 3810 5145 praedicatmc

2243 5169 2621 5238 Redemptoris
2669 5167 2926 5223 lurtitudo
2968 5168 3311 5235 singularder
3354 5168 3694 5235 praedicatur.
3725 5163 3807 5228 Qui

2241 5278 2319 5333 pr.
2344 5261 2486 5317 lecto
2517 5263 2658 5317 inter
2687 5260 2970 5331 Maspbatb
3022 5270 3076 5314 et
3122 5259 3230 5315 Sen
3262 5260 3593 5329 prmﬁgitur:
3622 5259 3737 5328 quia
3767 5258 3805 5307 in

2241 5354 2364 5407 vita:
2416 5353 2562 5406 exitu
2616 5352 2822 5406 electos
2867 5350 3141 5421 protegit,
3189 5352 3455 5419 reprobus
3516 5348 3806 5413 confringit.

2238 5445 2347 5499 Sen
2396 5444 2595 5515 quippe
2644 5442 2890 5497 excussio
2936 5441 3152 5496 dicitur.
3196 5439 3421 5495 Excussi
3472 5450 3652 5494 autem
3701 5445 3807 5490 sunt

2238 5532 2453 5601 reprobi
2482 5572 2497 5595 ,
2531 5531 2580 5585 id
2610 5539 2692 5585 est
2733 5545 2763 5584 a
2815 5529 3051 5585 ﬁdelium
3100 5529 3363 5584 societate
3403 5529 3662 5597 separati.
3692 5526 3807 5579 Dum

2236 5637 2365 5692 ergo
2406 5638 2572 5691 usque
2623 5622 2689 5676 ad
2744 5623 2922 5677 locum
2975 5622 3163 5677 subter
3209 5620 3477 5676 Bethtbar
3534 5614 3806 5674 Pbilistbari

2236 5715 2357 5769 (ιωεί
2400 5715 2764 5784 perhibentur,
2801 5714 2936 5784 lapis
2977 5714 3117 5769 inter
3143 5712 3248 5769 Sen
3276 5720 3334 5769 .et
3376 5711 3655 5784 illasiihatb
3686 5723 3805 5779 przr~
