3962 6272
181 311 270 363 1³13
983 311 1040 363 IX
1083 313 1345 367 ι’ἢιλιωι
1389 313 1621 369 ῐιῑίῧυλι
1670 311 1733 364 1·ἰοῖ

1842 314 1893 368 ⁵5
1921 315 2182 370 'l‘it).\'i'.S.
2226 347 2293 356 --
2337 318 2462 372 ιλιι.
2508 318 2589 372 Ill.

3318 319 3424 372 “lli:

175 436 297 486 lixas
341 430 618 483 aSscritnr:
673 427 798 496 quia
849 427 971 480 dum
1019 429 1173 483 eleeti
1217 431 1307 484 Dei
1337 431 1571 484 victoria:
1619 445 1728 482 sua:
1759 431 1803 485 Α
1839 439 1916 482 tcs
1948 432 2019 484 illi
2044 433 2178 486 radii
2210 433 2459 501 lulgcntis
2497 434 2813 488 :eernitatis
2837 435 2858 486 ?
2879 431 2978 498 Qui
3007 441 3130 500 apte
3160 433 3422 486 Santue'is

173 521 367 574 titulum
415 518 468 570 in
511 517 614 570 tine
657 517 991 585 percipiunt,
1036 516 1411 586 Redemptoris
1457 519 1658 586 judicio
1701 534 1730 571 a

174 615 420 668 malorum
467 609 720 664 societate
773 617 1110 678 separantur.
1161 609 1318 664 Modo
1365 625 1534 674 vero,
1589 609 1735 663 velut

177 707 222 757 in
251 718 367 757 area
397 699 716 754 frumentum
741 741 755 762 ,
788 708 843 752 et
869 699 1018 767 palea
1047 701 1204 753 simul
1234 717 1417 755 sumus
1439 739 1454 762 ,
1485 699 1578 756 sed
1608 701 1732 753 dum

174 796 231 850 ad
261 795 372 846 vita:
417 790 568 845 terini
612 807 698 843 um
739 791 1005 856 ducimur,
1028 790 1184 844 electi
1218 805 1246 844 a
1278 790 1522 860 reprobis
1553 789 1734 843 Domi-

174 887 278 940 nica
326 885 516 936 virtute
565 881 889 944 dividuntur,
931 889 987 934 et
1035 880 1178 934 velut
1208 881 1347 934 inter
1394 895 1452 934 se
1500 879 1732 950 lapidem

171 977 352 1030 habent
395 971 669 1037 medium,
709 972 833 1025 dum
884 972 956 1024 illi
1005 971 1214 1040 pondus
1269 969 1642 1039 Redemptoris
1678 969 1730 1023 in

173 1061 515 1117 damnationis
543 1075 653 1113 sute
697 1059 955 1128 judicium
987 1059 1297 1126 sustinent,
1333 1068 1388 1112 et
1421 1059 1506 1112 isti
1534 1059 1584 1112 in
1616 1059 1732 1124 ejus

171 1151 456 1206 fortitudine
497 1159 714 1202 ωιτη-μω
763 1150 948 1217 gloriae
995 1151 1201 1218 palmas
1251 1157 1456 1202 tenent.
1505 1150 1576 1205 l‘o
1605 1159 1732 1205 sunt

171 1257 256 1311 per
297 1239 395 1293 Sen
444 1240 607 1291 etiam
649 1238 868 1305 maligni
897 1238 1117 1306 spiritus
1163 1238 1452 1305 designari.
1504 1236 1728 1292 Excussi

168 1332 344 1402 quippe
379 1338 536 1392 sunt,
560 1329 684 1396 quia
713 1345 744 1381 a
773 1329 979 1384 caelesti
1025 1336 1236 1382 secreto
1281 1343 1376 1396 per
1420 1328 1728 1398 superbiam

169 1425 391 1496 projecti.
423 1420 485 1475 Et
503 1422 629 1489 quia
658 1437 802 1475 nunc
831 1421 881 1474 in
913 1421 1013 1476 hac
1037 1421 1144 1474 vita
1178 1421 1451 1474 nobiscum
1481 1421 1727 1489 prailian-

170 1528 262 1580 tur,
301 1517 429 1570 bene
483 1529 608 1568 cum
653 1513 892 1567 victoriae
939 1520 1136 1566 nostrae
1191 1520 1401 1580 tempus
1449 1511 1728 1579 asseritur,

169 1609 290 1678 lapis
314 1609 448 1661 inter
477 1622 578 1660 nos
621 1615 676 1660 et
714 1622 810 1660 eos
839 1606 1047 1674 positus
1077 1606 1418 1675 perhibetur:
1451 1605 1576 1673 quia
1606 1621 1727 1660 cum

167 1701 346 1754 militia:
399 1707 598 1753 nostra:
657 1696 912 1752 donativa
972 1697 1333 1767 percipimus,
1381 1695 1519 1750 ultra
1574 1695 1728 1750 nobis

1836 535 1956 574 esse
1985 521 2317 576 referuntur:
2360 525 2482 594 quia
2512 525 2610 579 etsi
2633 539 2946 580 communes
2975 531 3100 576 sunt
3129 523 3419 577 electorum

1835 611 2096 677 omnium,
2143 612 2358 681 speciali
2407 614 2635 683 quadam
2675 613 2842 681 gratia
2900 612 2966 664 ad
3009 613 3200 680 gaudia
3245 613 3422 669 lucent

1836 701 2264 768 praedicatorum.
2310 702 2404 757 Vel
2450 714 2598 758 certe
2641 705 3050 772 praadicatorum
3088 713 3245 767 sunt,
3297 705 3420 774 quit

1834 790 2123 858 specialius
2150 806 2338 846 eorum
2385 793 2656 847 mentibus
2687 792 2905 859 lulgent,
2954 806 3184 859 quorum
3226 793 3422 861 przedi-

1834 881 2047 934 catione
2072 897 2212 934 nunc
2239 889 2436 937 sancta:
2464 881 2716 937 Ecclesia:
2739 882 3195 936 demonstrantur.
3231 881 3417 936 Manus

1834 980 2012 1026 autem
2041 973 2250 1027 Domini
2281 989 2443 1041 super
2489 971 2826 1027 Philistlncos
2863 971 3068 1027 cunctis
3091 970 3280 1026 diebus
3316 971 3416 1026 Sa-

1835 1061 2026 1116 muelis
2072 1060 2210 1116 facta
2242 1063 2572 1132 perhibetur,
2605 1063 2727 1132 quia
2761 1063 2937 1116 divina
2982 1069 3222 1132 potestas
3251 1061 3424 1116 maios

1833 1152 2050 1221 spiritus
2089 1169 2304 1223 semper
2347 1155 2621 1224 opprimit,
2653 1169 2772 1224 quae
2803 1154 2854 1208 in
2900 1161 3116 1207 interna:
3161 1151 3421 1206 claritatis

1830 1244 2002 1308 gloria
2047 1247 2209 1301 etiam
2260 1247 2462 1302 electos
2508 1247 2811 1301 exhilarare
2865 1261 3134 1313 nunquam
3184 1244 3418 1297 desistit.

1834 1335 1984 1392 Tunc
2005 1353 2132 1393 vero
2161 1353 2280 1407 angi
2299 1339 2472 1394 lorum
2519 1338 2714 1392 damna
2744 1347 3083 1406 reparantur,
3111 1353 3232 1392 cum
3267 1337 3424 1406 quid-

1832 1428 1957 1498 quid
1984 1428 2050 1483 de
2078 1430 2268 1485 ordine
2295 1429 2630 1484 conditorum
2662 1430 2944 1499 spirituum
2970 1470 2986 1494 ,
3014 1444 3204 1484 eorum
3229 1443 3420 1498 super-

1832 1520 1918 1574 bia
1947 1521 2214 1576 sublatum
2241 1521 2555 1576 beatitudini
2589 1521 2783 1589 fuerat,
2811 1521 2878 1577 de
2901 1522 3086 1577 electis
3116 1521 3425 1577 hominibus

1832 1611 2172 1681 adimpletur.
2204 1612 2382 1679 Quare
2411 1615 2651 1682 sequitur
2680 1633 2692 1668 :

1834 1723 2010 1794 (Vers.
2045 1722 2158 1790 14.)
2180 1723 2250 1776 Et
2280 1724 2498 1779 redditw
2525 1741 2602 1778 σα·
2625 1733 2643 1777 t
2669 1725 2838 1790 urbes,
2875 1741 3000 1796 quas
3031 1725 3255 1779 tulerant
3293 1723 3424 1778 Plii-

166 1808 330 1846 eorum
357 1789 535 1859 pvaelia
567 1804 906 1859 nequaquam
937 1796 1279 1842 renovantur.
1303 1787 1517 1842 Samuel
1545 1796 1723 1841 autem
1761 1795 1798 1852 υ
1829 1787 2043 1867 mihi“,
2072 1787 2279 1867 ιδίαειε.

167 1884 290 1936 bunc
318 1881 538 1950 lapidem
564 1879 618 1933 in
651 1879 882 1933 medium
915 1879 1096 1948 ponit:
1127 1879 1250 1950 quia
1277 1879 1433 1934 nobis
1463 1877 1728 1946 Redemp-

167 1971 281 2024 toris
307 1971 467 2025 nostri
496 1970 796 2024 bonitatem
827 1984 1026 2023 sancne
1051 1967 1311 2024 Ecclesia:
1335 1968 1522 2023 doctor
1549 1975 1732 2021 osten-

166 2063 248 2115 dit.
278 2061 339 2114 Et
365 2062 486 2130 quia
513 2075 680 2116 omne
703 2101 717 2125 ,
743 2061 886 2130 quod
916 2076 948 2114 a
973 2061 1128 2116 nobis
1157 2061 1209 2114 in
1234 2060 1378 2114 omni
1414 2059 1518 2113 vita
1549 2067 1732 2112 nostra

167 2167 449 2222 prOSpernm
500 2152 726 2219 geritur,
760 2151 952 2206 divina:
981 2152 1166 2220 gratia:
1215 2151 1559 2214 adscribitur,
1608 2157 1733 2220 apte

168 2244 224 2293 ab
264 2256 324 2295 eo
351 2241 481 2312 lapis
526 2241 621 2294 ille
644 2283 661 2308 ,
691 2241 782 2312 qui
813 2243 865 2296 in
893 2242 1071 2296 medio
1099 2241 1323 2307 sistitur,
1357 2239 1517 2310 Lapis
1561 2239 1731 2310 Adju—

170 2333 275 2387 torii
316 2344 551 2388 vocatur.
580 2333 702 2402 Ipse
732 2342 816 2389 est
862 2348 1095 2402 namque
1127 2331 1284 2402 Lapis
1326 2331 1606 2403 Adjutorii,
1639 2332 1732 2401 qui

170 2424 206 2476 si
249 2423 389 2479 nobis
412 2423 704 2478 subvenire
756 2427 909 2495 172
956 2424 1210 2490 noluerit,
1240 2423 1381 2479 vinci
1405 2438 1729 2494 possumus,

171 2514 359 2567 vincere
406 2513 712 2582 nequimus.
763 2513 840 2569 De
879 2530 987 2582 quo
1008 2513 1116 2582 jam
1158 2514 1211 2567 in
1264 2513 1497 2568 medium
1552 2513 1730 2583 posito

169 2602 374 2656 dicitur:
425 2601 601 2673 Usque
652 2603 748 2654 huc
798 2603 1079 2656 auxiliatus
1127 2611 1203 2656 est
1251 2602 1398 2656 nobis
1433 2601 1726 2667 Dominus;

170 2693 273 2761 quia
318 2693 426 2758 ejus
479 2695 731 2764 prtnsidia
787 2695 993 2750 electos
1033 2710 1160 2750 suos
1187 2709 1356 2763 usque
1403 2695 1470 2747 ad
1515 2703 1730 2747 adorna:

174 2786 506 2838 retributionis
556 2795 808 2855 tempora
857 2793 1274 2855 persequuntur.
1332 2783 1397 2838 Et
1447 2783 1614 2854 quia,
1672 2792 1731 2837 nt

173 2875 372 2928 diximus
395 2918 410 2942 ,
445 2875 558 2945 jam
597 2886 772 2929 tnnca
804 2877 958 2931 nobis
987 2876 1038 2930 in
1067 2885 1267 2930 :eterna
1297 2877 1482 2946 requie
1511 2891 1730 2947 suscep-

172 2965 228 3018 tis
247 3006 261 3030 ,
282 2982 307 3018 a
331 2967 599 3036 depressis
631 2967 879 3022 hostibus
907 2967 1091 3038 praalia
1122 2967 1268 3022 nulla
1297 2975 1728 3032 commoventur,

173 3055 406 3123 sequitur:

1901 1899 1990 1954 25.
2024 1900 2196 1956 Urbes
2243 1902 2466 1956 sublata:
2509 1912 2634 1957 sunt
2663 1903 2762 1957 illa:
2806 1904 3026 1974 perditce
3053 1903 3425 1957 multitudines

1830 1990 2165 2056 angelorum.
2199 1989 2304 2044 Sed
2339 1999 2464 2045 tunc
2508 1991 2833 2058 redduntur,
2885 1995 3099 2062 quando
3145 1993 3214 2048 de
3247 1993 3418 2048 electa

1831 2087 2021 2134 natura
2043 2081 2276 2134 humana
2307 2084 2612 2144 assumitur,
2640 2083 2780 2138 unde
2806 2084 2951 2152 quod
2983 2084 3052 2138 de
3088 2084 3289 2152 angelis
3320 2100 3423 2153 pe-

1833 2171 1938 2234 riit,
1969 2171 2302 2241 snppleatur.
2334 2173 2488 2240 Quod
2519 2175 2680 2228 etiam
2713 2177 2762 2229 in
2803 2177 3158 2232 conversione
3185 2177 3427 2242 ﬂagitio-4

1830 2277 2013 2316 sorum
2038 2261 2314 2317 hominum
2357 2266 2530 2334 accipi
2578 2276 2963 2321 convenienter
3006 2276 3202 2337 potest.
3254 2268 3428 2323 Urbes

1802 2367 2065 2420 .namque
2116 2351 2436 2408 Philisthiim
2494 2355 2715 2421 tollunt,
2772 2373 2898 2411 cum
2953 2358 3127 2412 unitas
3182 2359 3426 2413 tideliunr

1831 2452 2040 2498 mentes
2061 2446 2320 2500 tentando
2365 2446 2660 2516 decipiunt,
2692 2456 2745 2502 et
2787 2448 2890 2503 sibi
2915 2464 3008 2502 eas
3036 2449 3273 2518 peccatis
3322 2450 3418 2502 int-

1833 2535 2124 2603 mergendo
2151 2548 2480 2608 supponunt.
2513 2538 2618 2593 Sed
2664 2541 2856 2594 ablatae
2886 2541 3048 2596 urbes
3069 2541 3252 2596 lsraeli
3300 2544 3419 2595 red-

1833 2623 2083 2680 duntur:
2142 2628 2266 2697 quia
2319 2629 2398 2683 sic
2449 2629 2500 2684 in
2566 2630 2668 2684 hac
2721 2631 2828 2685 vita
2875 2631 3199 2701 ptenitentes
3257 2633 3414 2685 satis.

1834 2713 2056 2782 faciunt,
2088 2728 2148 2772 ut
2191 2719 2242 2774 in
2269 2721 2492 2790 perenni
2526 2722 2694 2790 gloria
2725 2723 2990 2792 splendidi
3029 2725 3094 2778 ad
3127 2726 3418 2780 electorum

1832 2806 2080 2873 gaudium
2138 2809 2515 2864 exbibeantur.
2556 2812 2691 2877 Quia
2733 2827 2862 2867 vero
2901 2828 3009 2868 non
3059 2813 3272 2874 solum,
3330 2814 3418 2881 qui

1833 2910 1994 2964 agere
2021 2898 2159 2952 bona
2186 2901 2480 2969 negligunt,
2503 2901 2600 2955 sed
2625 2902 2810 2968 etiam,
2839 2903 2929 2972 qui
2961 2903 3297 2958 abundanter
3325 2904 3420 2957 ini-

1832 2988 2090 3058 quitatem
2126 2989 2347 3057 faciunt,
2378 2992 2690 3060 paenitendo
2718 2993 3013 3057 salvantur,
3039 2994 3311 3051 subditur.

1905 3079 2084 3150 (Vers.
2115 3079 2229 3153 M.)
2256 3081 2332 3134 Ab
2359 3084 2593 3138 Accaron
2615 3100 2773 3156 usque
2801 3083 2952 3139 Gelli.

229 3169 387 3238 (Vm.
422 3170 537 3236 15).
572 3169 647 3224 Et
680 3171 936 3226 Inmu'liati
974 3180 1092 3226 sunt
1144 3170 1493 3237 Pliilistliiim,
1524 3188 1615 3226 nec
1643 3189 1730 3243 ap-
1754 3165 1800 3228 C
1903 3169 1990 3226 26.
2022 3170 2263 3227 Accaron
2293 3173 2490 3228 dicitur
2507 3175 2728 3242 sterilis,
2754 3175 2893 3231 Getb
2917 3176 3171 3230 torcular.
3203 3175 3423 3232 Steriles

176 3270 425 3330 posuerunt
451 3302 467 3327 ,
499 3273 554 3316 ut
586 3264 816 3317 venirent
844 3264 983 3318 ultra
1006 3265 1059 3316 in
1088 3265 1333 3317 terminos
1359 3261 1549 3316 Israel.

228 3351 304 3406 25.
343 3351 461 3410 llaec
505 3354 756 3424 profecto
781 3355 858 3409 sic
901 3354 1192 3409 electorum
1237 3353 1566 3422 singulorum
1591 3353 1732 3408 facta

172 3445 470 3513 exprimunt,
501 3456 557 3499 ut
589 3455 793 3501 sancta!
821 3446 1100 3501 catholica:
1125 3445 1379 3501 Ecclesia:
1405 3455 1460 3500 et
1489 3446 1730 3516 procinc-

173 3545 270 3589 tum
304 3536 516 3590 innuant
565 3537 694 3592 belli
721 3579 738 3606 ,
771 3547 827 3592 et
854 3539 1046 3607 gaulia
1087 3539 1554 3593 remunerationis.
1585 3537 1737 3594 lianc

174 3641 377 3696 namque
405 3629 729 3682 universalis
762 3627 1012 3683 ECCleriil}
1039 3629 1320 3683 victoriam
1355 3630 1463 3698 jam
1494 3637 1618 3699 post
1646 3645 1736 3684 re-

175 3723 492 3777 surrectionis
522 3734 726 3776 nostra:
753 3723 978 3790 gloriam
1011 3722 1282 3789 futuram,
1318 3721 1508 3776 beatus
1541 3719 1736 3776 Paulus

176 3815 563 3884 nslemlit;qui,
595 3817 748 3885 quasi
796 3816 986 3870 l'uturtc
1031 3814 1419 3884 incorruptioni
1469 3829 1732 3884 prmsens,

176 3907 308 3960 morti
337 3907 626 3960 insuitabat
644 3949 658 3974 ,
684 3909 868 3962 dicens
894 3926 906 3960 :
938 3907 1198 3977 Absorpta
1228 3916 1303 3960 est
1330 3923 1469 3960 mors
1498 3908 1552 3960 in
1579 3907 1737 3960 victo-

177 3999 242 4049 ria
261 4002 281 4050 L’
305 3997 380 4050 ubi
410 4009 483 4051 est
513 4017 658 4053 mors
699 4001 912 4054 victoria
944 4002 1067 4052 tua?
1096 3998 1180 4052 ubi
1220 4006 1294 4052 est
1334 4015 1471 4052 mors
1499 3997 1736 4052 stimulus

175 4098 274 4142 nnis
321 4089 376 4160 (Ι
411 4089 529 4144 Cor.
594 4107 684 4151 xv,
719 4089 788 4144 54
811 4132 824 4153 ,
857 4089 1005 4159 55)?
1056 4090 1377 4144 llnmiliatos
1410 4090 1572 4142 etiam
1614 4088 1737 4142 Plii-

178 4180 384 4234 listbwos
424 4181 589 4235 vidit:
623 4183 744 4250 quia
769 4191 1139 4251 apostatarum
1170 4181 1483 4249 angelorum
1532 4195 1740 4234 memo-

179 4286 309 4335 rans,
330 4273 390 4325 ad
422 4289 668 4326 amorem
705 4275 893 4328 totum:
919 4273 1196 4342 dignitatis
1225 4273 1426 4327 electos
1463 4271 1740 4334 accendit,

177 4364 384 4418 dicens:
438 4369 517 4416 An
576 4367 808 4429 nescitis,
864 4367 983 4436 quia
1031 4365 1243 4434 angelos
1287 4363 1635 4434 judicabimus
1679 4361 1740 4431 (Ι

180 4451 278 4505 Car.
297 4469 362 4518 vt,
385 4455 477 4524 '5)?
504 4454 658 4510 'lunc
687 4456 886 4525 quippe
916 4453 1209 4508 Philistbzei
1236 4453 1602 4519 humiliantur,
1617 4469 1739 4508 cum

1835 3260 2049 3330 quidem
2079 3270 2221 3327 sunt,
2250 3263 2340 3332 qui
2373 3263 2511 3318 bona
2541 3279 2709 3334 opera
2732 3281 2839 3320 non
2859 3273 3040 3333 agunt.
3067 3264 3122 3318 In
3164 3265 3416 3320 torculari

1836 3360 2016 3406 autem
2043 3368 2144 3406 uva
2172 3354 2451 3422 premitur,
2483 3363 2537 3408 et
2564 3355 2746 3410 vinurn
2781 3364 2806 3390 ιι
2839 3354 3225 3424 promulgatur.
3263 3355 3420 3426 173

1836 3441 1975 3510 Quid
1999 3453 2083 3500 est
2109 3453 2287 3500 autem
2311 3446 2744 3516 concupiscentia
2761 3447 3050 3511 saecularis,
3075 3445 3175 3500 nisi
3205 3461 3304 3500 uva
3333 3460 3422 3500 re-

1837 3536 2020 3606 proba:
2059 3538 2295 3592 mentis?
2324 3537 2462 3604 Quid
2507 3554 2636 3594 veto
2665 3547 2748 3594 est
2775 3539 2955 3594 fervor
2993 3538 3274 3609 peccandi,
3325 3538 3424 3592 nisi

1839 3627 2018 3697 liquor
2046 3629 2172 3689 vini.
2198 3631 2288 3699 qui
2320 3634 2620 3700 peccatoris
2647 3640 2881 3686 mentem
2902 3641 3226 3686 :eternorum
3252 3631 3425 3686 bono—

1839 3735 1956 3774 rum
1987 3721 2357 3776 immemorem
2388 3721 2556 3778 facit?
2588 3724 2720 3777 Dum
2761 3724 2904 3777 enim
2937 3739 3002 3778 ex
3033 3723 3422 3792 concupiscen-

1843 3812 1913 3866 tia
1943 3812 2120 3866 cordis
2141 3823 2418 3882 peccamm
2449 3824 2769 3882 generatur,
2800 3815 2952 3883 quasi
2979 3815 3030 3869 in
3076 3815 3329 3870 torculari
3359 3815 3426 3870 de

1842 3918 1942 3958 uva
1964 3904 2145 3958 vinum
2169 3905 2497 3972 producitur.
2529 3906 2609 3960 Ab
2641 3907 2883 3961 Accaron
2913 3921 3043 3975 ergo
3074 3921 3240 3976 usque
3287 3906 3424 3961 Gelli

1842 3993 2067 4048 sublata:
2108 3995 2264 4048 urbes
2307 3993 2485 4048 lsracli
2532 3995 2870 4050 redduntur:
2902 3997 3027 4064 quia
3077 3995 3217 4049 bona
3269 4008 3429 4063 agere

1845 4087 2226 4155 negligentiam
2246 4131 2260 4152 ,
2288 4097 2343 4141 et
2370 4089 2508 4142 mala
2540 4089 2797 4144 audacter
2825 4091 3249 4161 perpetrantium
3281 4105 3429 4144 men-

1847 4186 1948 4240 tes,
1999 4193 2118 4244 qua:
2169 4178 2480 4247 pmttitendo
2524 4179 2592 4234 ad
2640 4179 2922 4236 Dominum
2975 4180 3137 4235 tnodo
3185 4181 3451 4245 redeunt,_

1847 4276 1975 4323 tunc
2013 4269 2063 4322 in
2107 4271 2378 4324 communi
2422 4271 2717 4326 elecwrum
2771 4273 2943 4342 gloria
2999 4273 3288 4342 Splendidte
3333 4274 3452 4327 de-v

1847 4369 2230 4415 monstrantur.
2288 4361 2486 4416 Earum
2530 4363 2730 4433 quippe
2775 4365 2918 4418 mala
2949 4364 3000 4417 in
3039 4363 3135 4418 Dei
3172 4364 3435 4417 memoria

1848 4464 2185 4520 nequaquam
2215 4451 2454 4517 veniunt,
2486 4467 2605 4521 qua:
2649 4453 2748 4522 ipsi
2786 4454 3115 4524 pmnitentim
3143 4453 3429 4508 imit-tione

180 4544 224 4596 in
263 4557 544 4616 prmparata
576 4549 678 4602 sibi
721 4548 788 4602 ab
826 4547 1032 4614 origine
1062 4545 1241 4600 tnundi
1271 4546 1458 4600 aeterni
1489 4546 1626 4614 ignis
1656 4545 1736 4600 in-
1767 4543 1816 4604 D
1839 4544 2021 4600 delere
2050 4546 2202 4600 obliti
2232 4562 2337 4601 non
2367 4557 2514 4602 sunt.
2537 4546 2793 4618 Sequitur
2826 4566 2839 4602 :

180 4634 345 4687 cendia
395 4639 673 4692 inrisiones
721 4636 1032 4690 mittuntur.
1063 4633 1126 4688 Et
1176 4636 1227 4688 in
1275 4636 1536 4689 terminos
1579 4635 1742 4690 Israel

181 4726 339 4778 venire
367 4728 589 4781 ulterius
618 4743 725 4781 non
757 4736 1031 4796 apponunt
1051 4727 1198 4795 :qnia
1220 4725 1284 4778 ad
1318 4726 1569 4780 tentanda
1599 4727 1740 4781 elec-

185 4821 334 4866 torum
379 4818 538 4870 corda
587 4834 693 4872 non
733 4827 956 4872 exeunt.
982 4817 1083 4884 Qui
1133 4827 1312 4872 autem
1356 4827 1482 4872 sunt
1529 4817 1742 4872 lsraelis

185 4907 368 4959 termini
393 4949 409 4974 ,
437 4909 536 4962 nisi
580 4910 738 4962 cmli?
765 4909 1048 4974 Quomodo
1077 4917 1256 4962 autem
1287 4908 1412 4962 mali
1442 4909 1660 4978 spiritus
1692 4910 1740 4962 in

145 5044 150 5064 τ
183 4992 366 5050 lsraclis
396 5008 656 5055 terminos
679 5001 925 5066 venient,
953 5001 1043 5070 qui
1071 5001 1149 5054 sic
1178 5001 1229 5054 in
1256 4998 1446 5055 inferni
1477 4999 1742 5070 profundo

185 5089 396 5145 damnati
416 5105 542 5146 sunt
567 5134 583 5157 ,
614 5103 720 5146 uta
748 5093 1138 5148 summersione
1168 5108 1444 5161 pmaarnm
1469 5108 1742 5161 nunquam

188 5191 439 5248 resurgant
460 5185 481 5236 ?
505 5188 643 5248 Qtna
690 5197 819 5250 ergo
848 5193 1049 5237 mterna
1080 5183 1322 5252 oppressi
1348 5199 1432 5237 me
1478 5183 1743 5252 dejiciun-

187 5278 277 5330 tur.
304 5280 424 5339 apte
452 5272 785 5326 subinl‘ertnr
811 5291 823 5326 :

247 5358 407 5424 (Veia.
445 5363 554 5432 l3).
607 5364 770 5417 μηρία
820 5365 1149 5436 4st,iuquit,
1178 5380 1360 5418 manus
1407 5363 1597 5418 Domit.
1666 5380 1744 5417 sn-

189 5465 263 5514 rer
293 5451 618 5508 Pliilistba'os
645 5458 840 5509 cunctis
869 5455 1045 5509 diebus
1077 5455 1361 5511 Samuelis.

249 5540 326 5594 ει.
356 5543 451 5607 Qui
483 5561 628 5598 enim
657 5555 778 5600 sunt
803 5547 913 5600 dies
942 5545 1069 5600 boni
1093 5546 1352 5610 doctoris,
1388 5546 1485 5600 nisi
1518 5561 1568 5601 vt
1626 5562 1742 5607 ,ῖςνὶ-

255 5752 276 5777 ⁶
307 5744 455 5802 l'orte
478 5750 785 5817 legendum,
818 5747 1184 5820 promnlgctttr.

1918 4637 2094 4708 (Vers.
2129 4636 2239 4706 Μ.)
2281 4637 2507 4709 Eratque
2551 4655 2656 4709 pax
2702 4639 2836 4693 inter
2866 4638 3118 4694 lsraelcm
3156 4647 3205 4692 et
3250 4639 3426 4691 Antor-

1846 4725 2060 4781 rhamm.

1917 4816 2006 4871 27.
2047 4815 2177 4883 Quae
2198 4825 2280 4872 est
2309 4817 2406 4870 ista
2433 4831 2557 4885 pax,
2587 4817 2686 4870 nisi
2715 4831 2876 4886 quam
2898 4817 3160 4887 propheta
3183 4815 3432 4870 Micbzeas

1847 4909 2058 4976 asserit,
2087 4910 2274 4963 dicens
2303 4925 2317 4961 :
2364 4907 2429 4962 Et
2456 4909 2550 4962 erit
2571 4909 2669 4962 iste
2693 4926 2798 4978 pax-
2833 4910 2887 4962 in
2919 4917 3072 4972 terra,
3102 4925 3217 4962 cum
3245 4911 3433 4962 venerit

1849 5000 2032 5072 (Mich.
2059 5016 2111 5066 ν,
2141 4998 2216 5069 5).
2251 4999 2383 5053 llinc
2417 4997 2613 5052 Paulus
2641 4999 2718 5053 ait
2749 5017 2762 5052 :
2799 4997 2920 5068 Ipse
2947 5007 3022 5052 est
3061 5014 3165 5069 pax
3209 5007 3388 5052 nostra
3417 5037 3434 5065 ,

1847 5094 1931 5161 qui
1955 5094 2082 5163 facit
2103 5102 2317 5164 utraque
2338 5108 2495 5145 unum
2526 5089 2686 5161 (Eph.
2710 5107 2768 5157 Il,
2803 5090 2912 5160 M).
2942 5091 3079 5158 Quid
3106 5100 3187 5146 est
3214 5099 3392 5144 autem
3427 5134 3439 5153 ,

1847 5183 1991 5251 quod
2019 5184 2157 5237 inter
2182 5183 2452 5245 lsraelem,
2482 5193 2537 5235 et
2566 5181 2934 5236 Amorrlneum
2965 5198 3066 5252 pax
3097 5181 3397 5236 ostenditur
3421 5185 3440 5232 ‘3

1846 5273 1951 5328 Sel
1981 5273 2107 5342 quid
2158 5281 2252 5343 per
2282 5273 2672 5336 Amorrlncum,
2705 5273 2805 5326 nisi
2855 5287 2978 5342 pars
3020 5273 3293 5326 hominun
3345 5287 3428 5325 rc-

1848 5363 2017 5432 proba
2045 5362 2385 5430 designatur?
2415 5361 2514 5428 Qui
2545 5377 2676 5415 vero
2702 5377 2796 5430 per
2840 5362 3084 5416 lsraelcm
3119 5361 3432 5427 ﬁgurantur.

1855 5453 1955 5508 nisi
1987 5453 2183 5507 electi?
2229 5451 2295 5504 Et
2322 5453 2446 5520 quia
2479 5451 2540 5504 «ιιι
2563 5453 2634 5506 cti
2667 5453 2717 5505 in
2768 5455 2988 5506 dextera
3037 5453 3126 5506 Dei
3153 5491 3166 5513 ,
3222 5452 3432 5520 reprobi

1857 5560 1984 5602 vero
2013 5547 2066 5600 ia
2114 5543 2325 5600 sinistra
2372 5543 2532 5598 luturi
2577 5552 2702 5598 sunt
2731 5543 2943 5615 (Matth.
2999 5558 3120 5609 xxv,
3165 5541 3279 5612 33),
3313 5544 3422 5594 dou
