3962 6278
538 317 640 373 ﬁlii

1751 309 1990 368 SANCTI
2032 305 2356 362 GREGORII
2400 305 2610 361 MAGNI
3690 310 3778 364 ,Ξεσ

538 452 643 508 pax
670 447 788 488 esse
818 431 955 483 inter
987 436 1239 497 utrosque
1270 425 1546 492 asseritur,
1585 434 1892 479 sanctorum
1931 423 2107 479 beati-
2139 419 2184 476 A
2213 433 2397 472 carere
2426 434 2532 471 non
2557 424 2795 486 possunt.
2831 415 2893 471 Et
2924 415 3052 485 quid
3083 431 3178 486 per
3205 415 3508 486 Maspltath,
3540 431 3652 485 quze
3670 433 3779 487 spe-

538 530 667 586 tudo
712 528 909 597 inclyta
958 525 1382 585 demonstratur;
1423 520 1514 590 qui
1550 519 1772 588 justitia:
1810 517 2116 573 Conditoris

539 630 684 674 tanta
711 617 961 686 arquitate
986 612 1331 676 conveniunt,
1364 618 1420 665 ut
1449 611 1516 667 de
1539 619 1828 681 conspecta
1858 611 2116 682 reprobo-

537 726 653 765 rum
685 723 841 777 pceua
874 705 1013 759 nulla
1042 704 1418 773 compassione
1447 710 1786 757 moveantur.
1827 702 1959 756 Dum
1988 716 2116 769 ergo

541 802 678 852 inter
707 796 978 863 lsraelem,
1009 803 1066 850 et
1094 793 1464 848 Amorrbaeum
1495 808 1598 863 pax
1622 807 1742 846 esse
1770 793 2075 847 ostenditur
2098 836 2114 861 ,

541 904 644 943 non
673 887 1071 940 demonstratur
1097 885 1319 949 bonum,
1343 883 1485 952 quod
1513 897 1797 937 commune
1820 899 1941 936 cum
1962 898 2119 938 sanc-

540 979 605 1032 tis
634 977 867 1032 habeant
903 976 1136 1046 reprobi,
1164 974 1258 1028 sed
1287 990 1394 1043 quo
1423 974 1729 1028 muniantur
1756 973 1937 1028 electi.
1970 972 2117 1028 Unde

538 1078 593 1125 et
623 1070 724 1124 sub
765 1068 976 1125 Israelis
1004 1068 1182 1137 specie
1208 1081 1306 1138 per
1333 1066 1650 1136 prophetam
1687 1074 1885 1120 sanctae
1934 1064 2120 1120 Eccle-

536 1160 629 1215 site
656 1159 1046 1230 repromittitur
1065 1177 1077 1211 :
1099 1156 1198 1222 Qui
1220 1160 1387 1227 posuit
1413 1158 1545 1227 fines
1572 1168 1681 1212 tuos
1711 1175 1909 1227 pacem,
1933 1166 1981 1211 et
2003 1157 2113 1210 adi-

536 1268 601 1319 pe
620 1252 863 1322 frumenti
888 1251 1045 1304 satiat
1073 1260 1118 1303 te
1150 1248 1319 1318 (Psal.
1347 1264 1541 1314 CXLV“,
1569 1248 1678 1309 M).
1702 1248 1892 1303 Pacem
1923 1250 2119 1319 quippe

536 1341 788 1396 Ecclesia:
815 1341 944 1397 lines
973 1340 1121 1409 ponit
1158 1356 1171 1391 :
1203 1339 1326 1408 quia
1356 1338 1479 1392 dum
1518 1338 1894 1406 Redemptoris
1923 1349 2117 1408 poten-

536 1432 607 1485 tia
640 1446 756 1486 eam
788 1433 842 1485 in
873 1432 1073 1485 intima:
1096 1430 1361 1500 aequitatis
1391 1430 1759 1485 celsitudinem
1784 1431 1975 1498 erigit,
2023 1446 2120 1501 per

534 1524 776 1579 dolorem
807 1522 1196 1591 compassionis
1216 1564 1231 1588 ,
1274 1521 1608 1590 perditorum
1640 1523 1856 1576 miseria
1899 1538 2004 1577 non
2037 1524 2117 1576 af-

534 1615 685 1685 ﬂigit.
741 1615 847 1669 Sed
877 1615 943 1669 ad
993 1623 1194 1671 tantam
1242 1616 1629 1670 beatitudinem
1681 1631 1789 1684 quo
1839 1625 2115 1685 pastorum

533 1707 711 1761 studio
737 1706 864 1762 boni
892 1706 991 1762 sub
1012 1706 1087 1760 liti
1120 1718 1559 1776 promoveantur,
1585 1709 1827 1777 exponit,
1851 1708 2034 1762 dicens
2066 1726 2077 1760 :

2219 512 2420 566 cnlatio
2444 511 2844 579 interpretatur,
2876 507 2976 562 nisi
3009 508 3082 561 illi
3110 509 3510 577 exprimuntur,
3539 509 3625 577 qui
3652 510 3773 563 divi-

2220 615 2302 654 nte
2331 598 2772 669 contemplationi
2811 606 3103 664 vacantes,
3141 597 3272 653 solis
3312 598 3564 667 supernis
3603 602 3784 665 gaudiis

2220 690 2600 745 inardescunt?
2629 688 2766 756 Quid
2796 704 2926 756 ergo
2948 695 3052 754 est,
3084 689 3231 756 quod
3263 687 3482 742 Samuel
3506 697 3561 741 ct
3590 686 3779 750 Betltel,

2221 789 2275 834 et
2302 779 2508 847 Galgal,
2542 787 2598 832 et
2633 779 2911 847 Masphatli
2940 778 3168 833 circuire
3194 778 3411 839 dicitur,
3445 787 3502 832 et
3531 778 3582 832 in
3607 780 3782 833 eisdem

2220 869 2353 924 locis
2380 869 2632 924 lsraelem
2660 868 2921 936 judicare,
2956 868 3058 921 nisi
3087 868 3211 937 quia
3241 867 3449 922 electus
3492 868 3785 936 pncdicatur

2222 960 2461 1015 omnium
2513 946 2822 1013 elcctorum‘
2856 957 3103 1013 ordinum
3151 958 3401 1026 exempla
3444 957 3705 1025 sequitur,
3738 967 3785 1013 ut

2220 1051 2554 1106 subditorum
2585 1050 2822 1105 lideliuun
2852 1065 2969 1105 esse
3001 1050 3179 1104 valeat
3201 1064 3396 1105 censor
3426 1050 3650 1104 doctus?
3685 1050 3785 1107 Non

2221 1145 2363 1196 enim
2388 1159 2507 1198 esse
2527 1144 2725 1213 poterit
2752 1144 2890 1212 arqui
2920 1143 3206 1209 examinis,
3239 1143 3282 1197 si
3303 1143 3371 1198 de
3392 1144 3654 1213 exemplis
3671 1158 3788 1212 pra:-

2222 1237 2528 1292 cedentium
2559 1238 2851 1292 electorum
2874 1237 3194 1304 dedignatur
3223 1251 3524 1301 assumere,
3550 1238 3684 1305 quod
3707 1238 3787 1292 de-

2220 1327 2412 1383 cernit.
2444 1326 2549 1383 Sed
2576 1335 2631 1381 et
2658 1342 2756 1396 per
2783 1327 3019 1395 singulos
3046 1342 3216 1380 annos
3240 1326 3341 1380 ista
3371 1328 3695 1389 circumeat,
3740 1339 3785 1383 ut

2221 1418 2413 1473 doctor
2453 1419 2707 1488 providus
2750 1418 2995 1474 ordinum
3041 1418 3374 1487 singulorum
3425 1416 3785 1487 perfectionem

2221 1508 2490 1577 sigillatim
2521 1510 2776 1580 respiciat
2808 1527 2820 1562 :
2859 1518 2934 1575 ut,
2966 1525 3074 1580 quo
3120 1509 3369 1564 subtilius
3399 1510 3787 1578 pmcedeiitiuttt

2222 1600 2364 1653 bona
2392 1600 2621 1666 viderit,
2671 1601 2952 1670 praesentia
2989 1601 3276 1670 disponere
3314 1598 3595 1653 deentius
3622 1601 3748 1666 possi
3774 1639 3786 1652 .

2221 1689 2297 1744 lbi
2323 1704 2471 1757 ergo.
2519 1690 2589 1744 ibi
2634 1688 2839 1759 judicet
2866 1689 3138 1754 lsraelem,
3174 1697 3232 1743 ut
3277 1689 3549 1757 subjectos
3582 1685 3788 1757 ﬁdeles,

608 1796 783 1866 (Vers.
817 1794 931 1864 15.)
968 1796 1230 1849 Iudicavi:
1258 1814 1453 1867 quoque
1484 1796 1698 1851 Samuel
1728 1798 1980 1853 Ῑεναειεηι
2000 1817 2112 1854 om-
2150 1789 2197 1847 B
2223 1795 2357 1848 quos
2384 1780 2449 1833 ad
2475 1779 2567 1834 Dei
2592 1780 2853 1835 visionem
2884 1780 3078 1846 erudit,
3112 1779 3326 1834 illusum
3356 1778 3674 1834 rectitudine
3692 1794 3790 1832 cor-

538 1885 685 1940 nibus
715 1888 890 1940 diebus
922 1889 1034 1941 vita:
1064 1905 1187 1941 suat.

606 1977 692 2029 28.
736 1977 837 2043 Qui
882 1986 1007 2031 sunt
1050 1978 1163 2032 dies
1214 1979 1333 2031 vita:
1385 1980 1798 2048 uniuscujusque
1850 1979 2115 2045 doctoris,

537 2071 639 2123 nisi
670 2070 925 2124 virtutum
964 2071 1282 2139 spiritalium
1313 2071 1619 2126 clari:atcs?
1667 2072 1924 2127 Omnibus
1964 2088 2117 2126 nam-

535 2175 641 2227 que
668 2160 853 2214 diebus
882 2161 1002 2215 vita:
1024 2177 1133 2215 sum
1162 2161 1410 2215 Israelem
1436 2161 1659 2231 judicat,
1693 2163 1783 2231 qui
1813 2163 1983 2217 lucem
2004 2162 2121 2231 jus-

537 2252 698 2317 titizn,
734 2266 895 2319 quam
948 2252 1220 2321 loquendo
1250 2253 1456 2319 asserit,
1486 2255 1552 2308 ad
1600 2254 1936 2309 subditorum
1987 2254 2118 2309 ﬁde-

536 2341 663 2396 lium
688 2341 1011 2411 exemplum,
1046 2341 1378 2411 perfectione
1414 2354 1762 2414 repraesentat
1793 2346 1957 2401 bonae
1985 2362 2118 2401 con-

536 2432 875 2486 versationis.
925 2432 1025 2498 Qui
1070 2442 1250 2488 autem
1284 2434 1538 2488 virtutum
1576 2436 1897 2503 spiritalium
1944 2437 2117 2493 lucem

538 2538 646 2577 non
674 2523 864 2592 habet,
903 2523 1027 2592 quia
1058 2523 1124 2576 ad
1156 2523 1457 2579 docendum
1485 2526 1707 2580 assumit
1730 2526 1869 2581 bona
1896 2542 2046 2581 couv-
2068 2545 2123 2583 r-

536 2614 763 2669 sationis
801 2622 1091 2682 extraneas,
1116 2613 1304 2669 diebus
1334 2616 1576 2685 profecto
1605 2617 1813 2686 judicat
1838 2619 1960 2673 vita:
1986 2620 2120 2674 alie-

538 2719 641 2758 nat.
692 2704 767 2758 De
812 2704 1005 2772 qu'bus
1064 2704 1307 2773 profecto
1363 2721 1460 2775 per
1500 2709 1820 2777 prophetam
1866 2709 2121 2765 Dominus

535 2792 661 2847 dicit
690 2810 703 2845 :
736 2791 870 2846 Ecce
889 2810 983 2863 ego
1012 2792 1080 2845 ad
1107 2794 1404 2863 prap/tetas.
1435 2799 1519 2867 qui
1551 2800 1790 2868 furantur
1811 2816 1881 2852 vet
1896 2799 1959 2854 ba
1986 2818 2120 2870 mea,

532 2883 876 2954 unusquisque
906 2899 937 2934 a
965 2885 1203 2951 proximo
1239 2900 1332 2938 suo
1363 2884 1578 2956 (Jcrem.
1619 2904 1768 2955 χχιιι,
1798 2887 1908 2960 50).
1944 2890 2120 2946 Vt-rba

535 2969 734 3039 quippe
762 2970 1024 3033 furantur,
1057 2972 1150 3040 qui
1195 2972 1431 3041 bonum,
1474 2976 1617 3044 quod
1643 2978 1886 3033 docendo
1928 2981 2125 3049 ιιι-ωιίὶ-

533 3071 681 3129 cant,
712 3064 990 3131 operando
1018 3079 1125 3118 non
1163 3072 1461 3134 sequuntur
1493 3084 1506 3118 :
1546 3069 1669 3135 quia
1699 3070 1862 3124 veluti
1892 3071 2026 3125 clam
2056 3072 2123 3126 de

2224 1876 2377 1943 rigat,
2411 1890 2546 1945 quos
2578 1876 2687 1929 Deo
2721 1874 2984 1944 placuisse
3015 1875 3379 1929 indubitanter
3402 1874 3595 1930 credit.
3632 1877 3787 1929 l’otest

2223 1968 2383 2021 etiam
2415 1981 2512 2037 per
2546 1966 2750 2030 Bethel,
2785 1981 2903 2036 qua:
2945 1966 3138 2021 domus
3175 1966 3267 2021 Dei
3296 1967 3523 2033 dicitur,
3566 1968 3787 2021 universa

2224 2059 2517 2113 electorum
2541 2058 2781 2113 Ecclesia
2809 2057 3072 2126 designari
3098 2075 3110 2110 :
3138 2073 3236 2126 per
3258 2057 3465 2125 Galgal,
3491 2073 3607 2127 qum
3640 2058 3787 2111 inter-

2222 2158 2468 2219 pretatur
2495 2157 2633 2215 rota,
2666 2149 2944 2219 Scriptura
2972 2164 3141 2202 sacra.
3167 2147 3438 2218 Quidquid
3466 2163 3593 2203 vero
3619 2148 3668 2201 in
3682 2149 3790 2202 sub.

2224 2241 2458 2296 dito-um
2507 2242 2751 2312 profectu
2800 2244 2995 2298 doctor
3024 2245 3243 2298 exhibet
3267 2284 3283 2310 ,
3313 2252 3425 2298 .aut
3454 2244 3522 2299 de
3564 2246 3790 2314 exemplo

2223 2338 2517 2390 electorum
2544 2337 2767 2406 accipit,
2794 2345 2888 2391 aut
2912 2337 3220 2405 magisterio
3262 2337 3402 2392 sacri
3446 2336 3673 2406 eloquii,
3711 2346 3788 2391 aut

2223 2430 2555 2484 rcve'atione
2579 2430 2803 2483 interna:
2828 2445 2891 2485 ac
2919 2439 3141 2484 secreta:
3168 2428 3659 2500 contemplationis.

2296 2552 2384 2605 EO.
2424 2550 2642 2605 Samuel
2671 2550 2852 2620 itaque
2881 2550 3069 2605 Bethel
3098 2549 3307 2615 circuit,
3340 2565 3465 2603 cum
3493 2548 3786 2619 praedicator

2225 2642 2479 2699 Ecclesia:
2521 2644 2898 2698 auctoritatem
2943 2640 3401 2712 disponendarum
3444 2656 3698 2712 operum,
3734 2643 3786 2694 tle

2224 2734 2483 2802 exemplis
2512 2732 2776 2802 majorum
2805 2733 3013 2803 quzerit.
3044 2731 3253 2803 Galgal,
3285 2731 3339 2787 id
3367 2740 3476 2797 est,
3498 2740 3665 2786 rotam
3695 2732 3784 2786 cir-

2225 2823 2357 2886 cuit,
2389 2824 2606 2894 quando
2636 2823 2894 2878 doctrina:
2916 2838 3026 2877 sua:
3048 2824 3429 2879 auctoritatem
3461 2822 3530 2879 de
3565 2824 3785 2891 magiste-

2227 2914 2307 2969 rio
2341 2923 2541 2969 sanctae
2579 2913 2867 2987 Scriptum
2898 2914 3332 2985 comprehendit.
3370 2914 3646 2985 Masphath
3672 2930 3769 2983 quo

2226 3021 2331 3074 que
2361 3005 2569 3072 circuit,
2601 3022 2721 3061 cum
2756 3023 2852 3076 per
2889 3016 3111 3062 secreta:
3145 3006 3618 3076 contemplationis
3642 3006 3790 3060 medi-

2231 3095 2487 3150 tationem
2513 3138 2527 3162 ,
2565 3097 2952 3152 revelationem
2983 3104 3220 3152 meretur
3245 3097 3521 3166 suscipere
3554 3097 3789 3152 veritatis.

534 3153 713 3207 auem
740 3152 954 3256 mnum]
976 3153 1121 3256 ({“0‘1
1149 3154 1276 3256 diuo
1306 3157 1507 3256 proprii
1538 3158 1736 3256 laboris
1761 3161 1938 3256 Ρτθίίο
1961 3178 2115 3216 sum“
2141 3159 2191 3221 δ
2224 3183 2300 3239 Ibi
2333 3186 2475 3239 enim
2515 3152 2721 3254 judicat
2761 3186 3011 3241 lsraclem
3041 3204 3054 3239 :
3104 3187 3229 3255 quia
3282 3152 3541 3256 quidquid
3590 3188 3792 3242 sublitis

533 3259 876 3314 nequaquam
916 3246 1136 3301 faciunt.
1168 3245 1299 3303 Post
1340 3249 1707 3305 denuntiatum
1757 3253 1938 3322 itaque
1968 3257 2114 3309 futu-

535 3348 652 3388 ram
680 3336 1067 3393 beatitudinem
1087 3377 1104 3404 ,
1134 3340 1308 3408 qualis
1345 3341 1558 3396 interim
1588 3342 1784 3397 debeat
1824 3361 1944 3402 esse
1991 3347 2120 3402 tile-

532 3425 666 3479 lium
696 3434 900 3493 pastor,
924 3429 1225 3483 ostenlitur
1258 3447 1271 3482 :
1302 3431 1427 3499 quia
1456 3434 1707 3489 omnibus
1736 3436 1857 3491 vite
1879 3452 1988 3492 sua:
2010 3437 2123 3493 d'e-

535 3512 640 3569 bus
676 3515 897 3572 Samuel
937 3516 1190 3573 lsrael.m
1214 3520 1487 3589 judicasse
1533 3525 1863 3594 perhibetur.
1915 3526 2125 3584 Perfec-

516 3597 700 3661 ‘tionis
724 3606 924 3661 etenim
954 3608 1093 3662 viam
1139 3612 1280 3665 ma'e
1326 3612 1579 3679 insinuat,
1611 3615 1655 3670 si
1698 3616 1833 3673 lucis
1862 3618 1966 3673 iter
2003 3623 2124 3689 quis

535 3708 670 3752 voce
696 3696 883 3751 volens
912 3698 1177 3768 pandere,
1210 3703 1425 3757 actione
1465 3706 1825 3767 tenebrescat.
1860 3711 1992 3764 Nam
2030 3713 2122 3782 qui

454 3824 457 3825 ν
534 3796 761 3844 cunctos
788 3788 910 3843 vitae
938 3805 1049 3844 suat
1072 3790 1186 3845 dies
1217 3792 1287 3846 ad
1321 3793 1668 3861 judicandum
1701 3798 1949 3856 lsraelem
1990 3819 2121 3858 con-

537 3878 750 3943 tulerat,
784 3879 911 3934 dicit
946 3899 958 3933 :
1004 3879 1130 3937 Non
1158 3884 1323 3938 audeo
1362 3886 1499 3957 loqui
1531 3889 1711 3944 Iterum
1746 3892 1969 3964 aliquid,
2010 3910 2124 3964 qua:

534 3987 627 4039 per
648 3987 728 4024 me
755 3988 858 4026 non
903 3975 1052 4043 efﬁcit
1088 3973 1243 4042 Deus,
1274 3978 1326 4031 in
1376 3980 1667 4035 obedientia
1698 3982 1937 4038 Gentium
1973 3986 2122 4040 verba

534 4070 585 4114 et
615 4063 769 4131 {actis
797 4062 972 4134 (Rom.
1025 4082 1111 4131 xv,
1158 4066 1264 4135 l8).
1307 4067 1520 4124 Judicet
1565 4072 1725 4139 igitur
1758 4074 1978 4138 doctor,
2030 4077 2123 4131 sed

535 4153 628 4220 qui
658 4152 772 4208 dies
796 4155 919 4209 vitae
947 4172 1056 4209 suae
1085 4157 1314 4228 inclytus
1344 4159 1506 4214 habet
1535 4180 1547 4213 :
1601 4172 1660 4216 ut
1697 4163 1946 4219 videlicet
1984 4168 2036 4221 in
2066 4182 2126 4224 se

537 4244 688 4314 prius
712 4246 968 4299 virtutum
1010 4247 1365 4316 spiritualium
1397 4251 1577 4305 radios
1606 4254 1744 4308 bene
1770 4256 1998 4311 vivendo
2042 4257 2125 4312 fo-

538 4343 695 4403 veat,
743 4351 879 4405 quos
925 4338 1269 4406 providendis
1315 4340 1652 4397 sointorum
1708 4344 1989 4401 itineribus
2044 4347 2126 4401 lo-

540 4440 712 4495 quens
726 4427 1093 4483 administrat:
1118 4429 1243 4498 quia
1264 4442 1318 4484 et
1340 4430 1557 4486 lucerna
1589 4441 1718 4489 tunc
1744 4435 1828 4502 iis,
1853 4439 1942 4505 qui
1972 4438 2128 4509 174

541 4517 597 4572 in
617 4517 780 4573 domo
809 4528 962 4581 sunt,
998 4519 1202 4574 utiliter
1239 4523 1540 4576 ostenditur
1565 4566 1579 4590 ,
1611 4524 1653 4577 si
1694 4525 1806 4593 ipsa
1837 4535 1997 4582 antea
2023 4544 2089 4583 eu

535 4609 681 4679 quod
723 4625 977 4681 sparsura
1017 4621 1131 4677 est,
1184 4612 1320 4667 bene
1363 4614 1636 4683 repleatur
1679 4616 1895 4672 lutnine.
1930 4618 2125 4688 Sequi-

538 4711 626 4756 tur
652 4719 664 4754 τ
892 4718 921 4733 ‘

607 4818 786 4887 (Vers.
818 4818 930 4886 46.)
975 4819 1041 4872 Et
1070 4820 1318 4875 circuibat
1347 4840 1436 4891 per
1459 4823 1690 4893 singulos
1720 4842 1887 4881 annos
1913 4826 2091 4882 Betltel
2107 4869 2123 4894 ,

536 4917 585 4961 et
613 4906 819 4979 Galgnl,
844 4920 892 4962 et
915 4909 1216 4977 Maspltatlt,
1239 4920 1286 4965 et
1303 4913 1572 4982 judicabat
1598 4914 1845 4971 Israelem
1865 4919 1919 4972 in
1939 4935 2128 4990 supra-

540 5000 694 5052 dictis
724 5000 869 5052 locis.

613 5088 702 5141 ‘29.
760 5087 945 5142 Betltel
987 5091 1179 5144 dicitur
1198 5092 1391 5148 domus
1419 5094 1542 5161 Dei;
1572 5096 1777 5165 Galgal,
1813 5108 1960 5165 rota;
1989 5099 2125 5155 Mas-

542 5180 744 5248 phatlt,
798 5189 856 5232 ut
892 5179 1001 5247 jam
1041 5183 1286 5250 superius
1333 5184 1649 5253 replicatum
1693 5196 1794 5253 est,
1826 5189 2127 5256 speculatio

542 5279 942 5340 interpretatur.
974 5270 1110 5337 Quid
1138 5287 1267 5341 ergo
1298 5274 1506 5342 llethel,
1538 5276 1636 5331 nisi
1666 5277 1809 5332 viros
1837 5278 2012 5333 ofﬁcio
2043 5294 2130 5333 sa-

541 5364 619 5418 cri
646 5363 829 5419 altaris
854 5365 1142 5434 deputatos
1181 5367 1474 5435 significat;
1523 5369 1612 5436 qui
1639 5368 1764 5423 dum
1801 5370 2127 5439 spiritalibus

539 5455 729 5511 studiis
758 5456 1014 5512 inltzerent
1040 5497 1054 5520 ,
1104 5458 1252 5511 velut
1290 5458 1567 5513 domestici
1613 5458 1702 5512 Dei
1746 5461 2128 5528 omnipotentis

540 5547 828 5602 familiares
857 5550 1015 5601 sunt?
1066 5547 1133 5601 Et
1163 5546 1289 5615 quid
1314 5546 1500 5616 Galgal
1527 5592 1542 5617 ,
1594 5566 1710 5617 qua:
1738 5560 1854 5603 rota
1886 5551 2083 5605 dicitur
2106 5592 2120 5615 ,

540 5641 644 5693 nisi
672 5640 1079 5708 coniugatorum
1107 5640 1352 5695 ordinem
1383 5640 1660 5708 designat?
1710 5642 1865 5696 Velut
1895 5644 2037 5695 enim
2071 5644 2122 5697 in

541 5743 662 5792 rota
690 5736 1017 5792 circumeunt
1039 5775 1053 5800 ,
1086 5737 1210 5792 dum
1240 5736 1488 5794 volubilis
1527 5738 1709 5791 mundi
1740 5739 1884 5794 curis
1912 5740 2123 5810 penitus

2224 3277 2476 3347 proponit
2518 3278 2585 3332 ad
2627 3293 2870 3333 normam
2900 3278 3268 3344 rectitudinis,
3318 3288 3415 3332 aut
3456 3280 3523 3332 de
3551 3279 3792 3347 exemplis

2225 3366 2519 3423 electorum
2546 3369 2772 3439 accipit,
2823 3375 2915 3423 aut
2940 3368 3183 3423 doctrina
3213 3369 3357 3424 sacri
3382 3368 3601 3439 eloquii,
3624 3377 3708 3423 aut
3734 3384 3792 3423 ex

2223 3457 2555 3513 revelatione
2581 3458 2805 3513 internas
2826 3458 3312 3529 contemplationis.
3350 3456 3554 3525 Quibus
3575 3459 3795 3529 proiectu

2226 3549 2405 3604 verbis
2429 3550 2749 3616 ostenditur,
2782 3566 2886 3607 non
2916 3559 3145 3614 tantum,
3178 3565 3298 3619 qua:
3322 3549 3517 3603 doctor
3548 3547 3795 3618 perlectus

2226 3649 2368 3708 agat,
2399 3642 2489 3696 sed
2521 3642 2683 3696 etiam
2712 3642 2837 3712 quia
2866 3640 3073 3712 perfect
3096 3659 3136 3697 :s
3165 3657 3271 3695 non
3307 3642 3399 3706 sit,
3426 3640 3474 3695 si
3504 3653 3657 3709 agere
3692 3639 3796 3692 hau:

2229 3748 2334 3787 non
2363 3734 2548 3802 possit.
2580 3734 2712 3789 Nam
2739 3735 2783 3788 si
2813 3735 2987 3789 solum
3015 3736 3123 3790 bon
3145 3749 3279 3789 trum
3311 3732 3560 3803 exempla
3581 3732 3794 3797 noverit,

2227 3834 2319 3879 aut
2362 3825 2404 3879 si
2453 3842 2616 3882 saeue
2646 3827 2934 3897 Scriptura:
2976 3828 3135 3884 etiam
3161 3827 3281 3896 quis
3318 3826 3559 3881 eruditus
3608 3826 3710 3893 sit,
3753 3835 3796 3880 et

2227 3918 2699 3987 contemplationis
2730 3917 3058 3972 revelatione
3089 3919 3343 3983 caruerit,
3379 3918 3433 3971 in
3465 3918 3652 3973 ordine
3673 3933 3797 3988 pra)-

2227 4007 2511 4068 dicationis
2538 4011 2618 4065 vir
2654 4011 2923 4080 perfectus
2953 4027 3059 4066 non
3089 4011 3211 4066 erit.
3248 4010 3646 4081 Contemplatio
3670 4010 3796 4065 enim

2227 4105 2399 4160 virtus
2426 4110 2527 4167 est,
2567 4118 2663 4172 per
2688 4118 2848 4171 quam
2875 4118 2983 4156 non
3014 4104 3187 4158 solum
3227 4103 3341 4173 ipsa
3381 4102 3655 4173 Scriptura
3684 4116 3798 4156 con-

2228 4195 2339 4249 dita
2377 4194 2809 4258 recomoscitur,
2854 4192 2947 4248 sed
2979 4208 3074 4263 per
3111 4209 3269 4261 quam
3316 4192 3555 4247 nondum
3603 4191 3797 4246 conditi

2230 4286 2591 4341 conderetur:
2624 4294 2672 4339 et
2708 4300 2802 4355 per
2822 4300 2983 4354 quam
3010 4283 3225 4339 condita
3256 4285 3321 4337 ad
3351 4283 3446 4337 Dei
3488 4282 3797 4336 voluntatem

2232 4376 2471 4446 quotidie
2499 4375 2833 4444 disponatur.
2867 4373 3008 4428 Bene
3037 4387 3165 4442 ergo
3193 4372 3388 4428 dicitur
3416 4391 3427 4425 :
3463 4370 3531 4425 Et
3564 4370 3799 4441 judicavit

2234 4467 2485 4522 Israelem
2505 4468 2557 4519 in
2589 4466 2900 4535 supradictis
2943 4466 3089 4520 locis.
3131 4464 3262 4519 Nam
3293 4480 3400 4518 non
3431 4463 3605 4519 solum
3634 4463 3681 4515 in
3712 4460 3801 4513 De-

2107 4571 2121 4593 '
2161 4539 2207 4596 ί)
2233 4561 2372 4630 thel,
2426 4568 2483 4615 et
2531 4557 2716 4627 Galgal
2744 4598 2758 4622 ,
2800 4558 2895 4613 sed
2948 4558 3110 4612 etiam
3158 4557 3210 4611 in
3251 4555 3531 4627 Masphath
3568 4572 3582 4606 :
3625 4562 3679 4606 ut
3721 4551 3800 4621 qui

2229 4653 2295 4706 ad
2324 4651 2708 4721 perfectionem
2751 4647 3143 4719 praedicationis
3192 4647 3436 4701 innititur
3482 4644 3670 4705 [Forte
3711 4643 3799 4711 leg.

2229 4737 2494 4810 enititur],
2525 4740 2776 4809 dum‘per
2795 4739 3148 4793 humilitatem
3175 4736 3423 4805 exempla
3445 4733 3703 4802 majorum
3728 4748 3800 4786 se-

2228 4832 2447 4901 quitur,
2497 4832 2623 4884 dum
2667 4845 2764 4899 per
2809 4828 3040 4885 studium
3089 4827 3226 4881 sacri
3272 4825 3472 4894 eloquii
3517 4823 3803 4879 eruditione

2229 4919 2464 4986 fulcitur,
2490 4927 2642 4975 curet
2665 4918 2885 4973 omnino
2916 4932 3135 4972 necesse
3158 4924 3271 4982 est,
3321 4925 3380 4970 ut
3408 4915 3639 4985 puritate
3670 4929 3803 4967 men-

2231 5012 2322 5079 tis,
2354 5026 2415 5066 ea
2439 5025 2557 5079 quae
2584 5008 2913 5079 disponenda
2938 5016 3099 5071 sunt,
3138 5005 3554 5075 contemplando
3590 5019 3804 5074 cognus«

2232 5110 2339 5157 cat.
2374 5101 2467 5155 Dei
2498 5114 2731 5169 namque
2762 5098 2924 5155 debet
2953 5111 3071 5152 esse
3098 5096 3374 5162 docibilis,
3423 5096 3515 5165 qui
3567 5102 3803 5163 suscepto

2232 5191 2628 5261 prmdicatiouis
2673 5187 2887 5257 oflicio,
2943 5189 3098 5260 175
3127 5187 3323 5242 docere
3365 5186 3614 5240 homines
3648 5184 3799 5254 cupit.

2234 5281 2435 5336 Tamen
2464 5281 2544 5336 sic
2574 5287 2861 5349 praesumat
2888 5278 2955 5334 de
2994 5294 3081 5343 eo,
3112 5278 3201 5347 qui
3232 5284 3455 5333 secreta:
3482 5275 3801 5345 contempla-

2233 5371 2395 5426 tionis
2434 5370 2738 5426 eruditione
2767 5370 3069 5433 instruitur,
3099 5375 3158 5421 ut
3187 5382 3288 5422 nec
3314 5367 3486 5420 editas
3528 5382 3626 5436 per
3651 5365 3803 5434 Spiri-

2233 5474 2346 5517 tum
2375 5473 2617 5518 sanetum
2646 5462 2954 5530 Scripturas
2984 5460 3245 5525 fastidiat,
3300 5474 3401 5514 nec
3430 5459 3583 5526 sequi
3620 5459 3798 5512 elect.»-

2231 5572 2347 5609 rum
2376 5555 2623 5624 exempla
2656 5554 2993 5621 dedignetur.
3041 5551 3259 5607 Samuel
3299 5552 3442 5605 enim
3488 5550 3710 5613 Bethel,
3756 5557 3801 5601 et

2229 5648 2436 5717 Galgal,
2465 5656 2519 5702 et
2544 5646 2823 5716 Masphatlt
2855 5644 3081 5700 circuire
3121 5643 3474 5708 describitur;
3506 5651 3563 5697 ut
3591 5643 3802 5696 alterum

2229 5741 2295 5795 ab
2321 5740 2491 5797 altero
2534 5754 2630 5809 per
2658 5736 2980 5794 discordiam
3013 5751 3351 5807 nequaquam
3395 5735 3665 5798 dividatur
3694 5753 3707 5789 :
3757 5743 3800 5787 ut
