3962 6274
151 329 235 383 217
955 321 1019 376 ΙΝ
1062 320 1320 376 PRIMUM
1368 321 1597 376 REGU.“
1641 322 1706 374 E3

1813 322 2154 379 lSlTlLL‘il-IS.
2196 353 2263 363 ——
2304 324 2428 379 LIB.
2476 324 2559 378 lV.

3301 329 3406 384 “218

149 446 369 501 riJclicet
421 450 477 495 et
508 440 759 509 exempla
808 438 1036 507 recipiat
1081 452 1200 505 qua:
1245 452 1398 491 sacra
1443 435 1719 504 Scriptura
1750 439 1794 493 Α
1826 436 2011 489 Bethel
2041 452 2269 506 namque
2291 439 2519 505 circuit,
2561 438 2745 507 Galgal
2768 481 2784 506 ,
2816 449 2869 495 et
2897 440 3176 511 Masphath
3202 486 3217 510 ,
3258 458 3313 499 et
3352 450 3403 500 in

148 533 410 608 approbat;
451 540 509 586 et
534 532 655 586 illas
683 545 869 587 sacras
895 528 1206 595 Scripturas
1234 568 1248 591 ,
1275 542 1411 596 quas
1434 527 1592 582 electi
1620 526 1722 580 ho-

148 628 294 682 mines
317 623 684 691 scripserant,
737 628 1098 688 recognoscat
1131 638 1141 671 :
1179 627 1343 688 atque
1375 634 1470 673 eas
1507 620 1717 673 revela-

146 720 295 773 tiones
335 714 812 782 contemplationis
839 729 867 767 a
912 713 1023 766 Deo
1064 713 1164 766 sibi
1195 722 1440 766 ostensas
1480 713 1714 775 sentiat,

146 824 246 879 qua:
271 822 363 861 nec
391 807 460 859 ab
485 806 786 859 electorum
807 805 1083 873 operibus,
1115 818 1216 857 nec
1244 819 1273 857 a
1305 811 1506 858 sancta:
1536 802 1720 873 Scrip-

146 910 257 953 turis
282 898 607 951 auctoritate
635 895 970 950 discordant.
1002 895 1107 948 Sed
1134 903 1188 949 et
1214 910 1375 948 otnne
1402 897 1543 964 quod
1575 896 1713 963 agit,

142 990 196 1042 al
224 985 588 1041 rectitudinem
618 986 827 1053 redigat
856 1000 1105 1054 superna:
1131 984 1464 1039 intentionis.
1490 984 1643 1038 Unde
1663 992 1717 1038 et

140 1080 360 1136 Subtlitur
385 1095 398 1131 :

201 1172 361 1242 (Vers.
397 1169 511 1238 Π.)
556 1168 924 1223 Rerertebatur
951 1170 1005 1221 in
1036 1167 1297 1221 Rantatlm
1324 1184 1342 1221 :
1368 1167 1440 1221 ibi
1462 1170 1598 1221 enim
1620 1169 1714 1239 ju-

140 1264 319 1318 dicabat
351 1261 626 1326 Israetem,
656 1270 705 1315 ct
731 1260 802 1314 ibi
826 1270 941 1314 erat
968 1260 1152 1313 domus
1181 1260 1311 1331 ejus.

198 1354 278 1407 5i.
320 1351 386 1407 Ut
412 1353 571 1421 longe
601 1367 763 1421 supra
803 1351 913 1419 jam
948 1352 1211 1413 diximus,
1257 1349 1517 1404 Ratnatha
1550 1351 1715 1404 inter-

138 1454 360 1513 pretatur
389 1444 523 1497 visio
552 1449 927 1497 consummata
959 1459 972 1494 :
1018 1449 1073 1495 et
1120 1456 1475 1510 supernorum
1516 1442 1711 1496 civium

140 1536 263 1589 ilam
293 1535 503 1588 beatam
534 1542 591 1587 et
619 1534 916 1602 perfectam
953 1532 1265 1586 societatem
1295 1530 1559 1597 signiﬁcat
1587 1548 1601 1585 :
1645 1533 1710 1586 ad

138 1643 276 1696 quam
303 1626 518 1681 Samuel
549 1626 859 1686 revertitur,
900 1640 969 1677 ne
1001 1624 1203 1677 laboris
1227 1625 1310 1678 sui
1339 1640 1504 1677 onere
1531 1625 1711 1694 depri-

141 1727 311 1770 matur.
351 1715 406 1768 ln
438 1715 705 1769 Ramatha
733 1715 929 1784 quippe
974 1713 1190 1767 Samuel
1231 1716 1544 1782 revertitur,
1586 1730 1706 1769 cum

1821 546 2005 584 earum
2036 530 2211 599 aliqua
2238 547 2342 585 non
2376 532 2538 586 habet
2560 532 2777 585 domttm
2802 570 2819 594 ,
2863 532 2914 586 in
2944 531 3200 586 Ramatha
3224 544 3402 589 autem

1821 622 2039 675 domum
2069 622 2232 676 habet
2258 639 2272 675 :
2305 624 2429 690 quia
2456 623 2708 677 doctores
2737 633 2939 678 sancta:
2970 623 3221 678 Ecclesia:
3250 627 3407 693 quid-

1819 712 1945 779 quid
1976 727 2117 765 uttnc
2137 712 2410 779 accipiunt
2430 712 2496 766 de
2516 712 2777 781 exemplis
2799 713 3112 776 electorum,
3144 714 3405 783 quidquid

1819 802 1887 857 de
1912 803 2211 857 eruditione
2231 820 2507 859 sacrorum
2540 807 2898 873 voluminum,
2931 808 3192 878 quidquid
3224 808 3290 862 de
3328 811 3405 862 al-

1820 895 2048 948 titudine
2093 912 2338 965 supernae
2382 899 2728 953 revelationis
2771 902 3079 955 transitorie
3119 902 3401 967 rimantur,

1818 984 1884 1035 ad
1922 984 2244 1052 adjutorium
2277 986 2477 1040 habent
2522 988 2764 1054 itineris,
2817 1006 2922 1044 non
2960 991 3025 1043 atl
3054 1007 3293 1046 amoretn
3320 1008 3404 1045 re-

1817 1075 2224 1131 munerationis.
2280 1077 2409 1130 Illud
2439 1094 2588 1141 vero,
2621 1080 2765 1147 quod
2813 1081 2864 1134 in
2910 1097 3141 1149 superna
3182 1082 3403 1135 civitate

1818 1167 2063 1235 diligunt,
2104 1185 2208 1222 non
2239 1170 2303 1223 ad
2332 1170 2631 1238 profectum
2664 1172 2889 1237 itineris,
2923 1173 3015 1226 sed
3042 1172 3107 1226 ad
3134 1172 3404 1227 suilicien-

1819 1266 1950 1326 tem,
2002 1260 2110 1314 imo
2151 1261 2217 1314 ad
2260 1262 2623 1317 abundantem
2670 1263 2971 1330 largitatem
3015 1263 3301 1319 mercedis.
3336 1261 3402 1316 Et

1818 1350 1940 1414 quia
1972 1349 2097 1404 illuc
2122 1358 2315 1405 cuncta
2338 1352 2475 1405 bona
2503 1362 2917 1420 congregantur,
2950 1354 3192 1423 sequitur
3223 1371 3237 1408 :

1888 1440 2065 1510 (Vers.
2102 1442 2186 1495 17.
2224 1444 2239 1510 )
2279 1442 2587 1512 χΕάὲβπαυὶι
2610 1444 2679 1497 ibi
2706 1447 2862 1498 etiam
2893 1446 3060 1498 altare
3080 1445 3328 1501 Domino.

1887 1532 1974 1587 ΒΞ.
2016 1534 2153 1599 Quid
2178 1544 2262 1589 cst
2291 1536 2433 1589 enim
2463 1537 2631 1590 altare
2671 1536 2899 1601 Domini,
2958 1538 3056 1592 nisi
3099 1554 3195 1592 cor
3226 1538 3401 1606 justi?

1815 1625 2071 1680 Veritatis
2117 1636 2296 1681 autem
2336 1627 2538 1695 judicio
2567 1628 2759 1683 dicitur
2792 1648 2804 1681 :
2843 1629 2942 1683 Ubi
3008 1639 3087 1684 est
3128 1632 3399 1685 thesaurus

1816 1724 1954 1783 tuus,
1984 1716 2056 1769 ibi
2095 1726 2143 1769 et
2178 1734 2268 1771 cor
2296 1727 2437 1771 tuum
2473 1718 2685 1787 (Matth.
2715 1737 2785 1783 vr,
2818 1719 2930 1788 2|).
2960 1720 3061 1787 Qui
3092 1730 3272 1775 autem
3298 1738 3398 1791 pro

138 1822 273 1860 mens
297 1804 663 1875 prazdicatoris
691 1819 786 1873 per
807 1818 1045 1857 amorem
1076 1804 1374 1858 caelestium
1408 1804 1695 1859 relevatur.
1732 1801 1777 1859 Β
1803 1820 1987 1859 amore
2011 1820 2259 1871 supernae
2287 1808 2474 1875 patriae
2512 1808 2652 1861 bona
2678 1810 2826 1877 agit,
2866 1810 2992 1863 dttm
3025 1810 3283 1863 ardenter
3314 1812 3381 1863 ad

138 1899 252 1950 Nam
276 1897 411 1949 inter
436 1894 603 1949 ol‘licii
634 1896 716 1949 sui
746 1910 911 1950 onera
945 1903 1052 1947 tam
1087 1896 1347 1948 immensa
1388 1905 1672 1950 corrueret
1694 1938 1709 1961 ,

134 1988 173 2043 si
198 1987 255 2041 ad
276 2000 508 2040 amorem
533 1987 835 2040 cmlcstium
866 2000 962 2055 per
991 1986 1105 2053 spei
1129 2001 1239 2039 sua:
1258 1985 1579 2039 desiderium
1602 2002 1709 2041 non

137 2079 332 2133 rediret.
366 2079 582 2131 Reverti
613 2079 810 2131 etenim
844 2077 1304 2146 pneJicatoribus,
1339 2086 1421 2131 est
1452 2077 1708 2131 intentio-

136 2184 245 2224 nem
270 2168 459 2221 tnentis
484 2183 596 2221 sua:
627 2168 693 2219 ad
724 2168 914 2235 gaudia
949 2168 1135 2236 patria:
1158 2169 1393 2221 emiestis
1423 2168 1703 2223 reducere.

135 2258 191 2313 Et
231 2259 295 2313 ibi
332 2242 581 2313 lsraelem
610 2257 889 2326 judicant:
924 2260 1049 2327 quia
1102 2273 1351 2327 superna:
1382 2258 1564 2328 patria:
1591 2260 1710 2327 pul-

134 2350 417 2415 cltriludiui,
445 2365 611 2419 quam
641 2352 693 2402 in
724 2360 905 2403 mente
937 2351 1213 2414 retinent,
1250 2350 1434 2404 tideles
1467 2349 1709 2404 subditos

133 2443 291 2498 facere
317 2442 627 2498 conforutes
660 2443 1004 2511 przedicando
1027 2484 1041 2508 ,
1073 2443 1314 2498 student.
1354 2443 1430 2496 lbi
1464 2442 1709 2510 judicant

134 2534 397 2590 lsraelem:
440 2536 567 2605 quia
594 2550 662 2589 ex
694 2536 782 2589 illa
807 2535 919 2604 jam
954 2535 1188 2605 perfecta
1220 2536 1438 2590 civitate
1481 2536 1703 2590 fortnam

135 2627 353 2681 videntes
383 2627 640 2693 trahunt,
673 2643 836 2698 quam
868 2627 1096 2681 tiliorum
1125 2627 1391 2681 mentibus
1423 2628 1706 2697 loquentes

137 2721 421 2789 imprimunt
450 2738 464 2773 :
499 2729 556 2775 et
584 2719 843 2791 quidquid
882 2720 971 2774 illa
1002 2719 1401 2789 pulchritudine
1431 2721 1704 2789 indignum

135 2811 447 2879 conspiciunt
472 2852 485 2871 ,
516 2810 586 2864 ab
616 2825 803 2864 eorum
841 2811 1108 2864 mentibus
1146 2810 1333 2863 abscin
1356 2802 1464 2864 .ere
1504 2826 1705 2864 conan-

138 2914 231 2957 tur.
262 2902 320 2956 Et
345 2903 466 2973 quia
514 2902 567 2956 in
600 2902 742 2956 illius
768 2901 938 2955 beatae
976 2899 1163 2969 patria:
1190 2899 1361 2967 gloria
1393 2908 1503 2953 tota
1540 2900 1703 2955 diiec-

136 2995 266 3048 tione
288 2993 667 3062 requiescunt,
702 2992 771 3045 ibi
813 2989 929 3057 ejus
972 2989 1165 3043 domus
1209 3003 1329 3043 esse
1370 2988 1700 3058 perhibetur.

134 3084 246 3150 Ejus
272 3099 496 3153 namque
526 3084 685 3153 176
711 3082 906 3137 domus
942 3095 1063 3134 esse
1091 3079 1459 3148 cognoscitur,
1505 3078 1556 3132 in
1597 3094 1701 3148 qua

1814 1906 1899 1957 ea,
1930 1908 2047 1962 quae
2070 1908 2279 1947 sursum
2312 1904 2629 1964 congregat,
2659 1897 2941 1964 pervenire
2968 1895 3253 1961 desiderat,
3280 1913 3402 1966 pro-

1814 1981 1955 2036 fecto
1983 1984 2153 2037 aitare
2178 1983 2420 2047 tediticat,
2454 2000 2617 2055 super
2638 1985 2783 2056 quod
2813 1986 3110 2055 quotidiani
3142 1988 3395 2042 desiderii

1813 2072 2018 2129 hostias
2062 2074 2334 2129 incendat.
2370 2077 2518 2131 Bene
2567 2086 2748 2132 autem
2780 2080 2977 2135 dicitur
3020 2097 3032 2132 :
3087 2079 3397 2151 ﬁdi/ienuit

1810 2163 1881 2219 ibi
1911 2166 2080 2220 altare
2109 2166 2331 2223 Domino
2360 2186 2377 2222 :
2408 2170 2532 2237 quia
2566 2186 2629 2225 ex
2664 2172 2996 2228 incremento
3017 2174 3177 2228 studii
3208 2173 3398 2229 cccles-

1815 2257 1899 2323 tis,
1932 2259 2071 2312 sicut
2099 2258 2313 2313 ﬂamma
2340 2262 2535 2315 crescit
2565 2262 2617 2316 in
2648 2264 2813 2318 corde
2839 2264 2962 2319 boni
2995 2265 3247 2320 desiderii
3272 2307 3287 2330 ,
3324 2268 3395 2319 ita

1809 2357 1864 2401 ct
1890 2347 2035 2402 velut
2064 2348 2262 2404 additis
2292 2350 2578 2419 lapidibus,
2607 2353 2779 2407 altare
2807 2370 3018 2408 sursum
3044 2358 3393 2420 construitur,

1810 2438 1899 2493 ubi
1951 2439 2061 2494 Deo
2092 2440 2404 2496 holocausta
2436 2442 2731 2498 oﬂ‘erantur
2770 2446 2990 2501 amoris.
3040 2448 3193 2513 Quod
3232 2448 3394 2503 etiam

1810 2535 1875 2584 ad
1915 2532 2119 2587 lucrum
2170 2534 2472 2588 animarum
2526 2537 2714 2591 referri
2760 2541 3151 2594 convenienter
3195 2551 3394 2611 potest.

1809 2620 2010 2677 Doctor
2039 2638 2269 2693 namque
2297 2625 2349 2678 itt
2390 2625 2654 2680 Ramalha
2682 2628 2849 2681 altare
2877 2629 3104 2684 Domino
3127 2630 3353 2686 aelilieat
3377 2673 3394 2697 ,

1807 2728 1929 2768 cum
1958 2711 2289 2767 subditorum
2323 2717 2511 2769 merita
2544 2718 2596 2770 in
2626 2719 2763 2772 «mlo
2795 2719 2975 2785 locat,
3016 2729 3073 2775 et
3100 2722 3224 2776 dum
3256 2739 3394 2793 quo-

1810 2803 2009 2859 tidiauo
2038 2805 2153 2873 ejus
2197 2806 2376 2860 studio
2404 2808 2591 2862 electa:
2636 2811 2827 2863 anima:
2868 2810 2934 2863 ad
2964 2811 3198 2866 caelestia
3231 2828 3395 2880 regna

1809 2897 2197 2961 conscendunt,
2232 2897 2377 2951 velut
2406 2896 2471 2951 ad
2502 2908 2826 2953 structuram
2858 2900 3075 2969 superni
3104 2901 3288 2956 altaris
3318 2902 3397 2955 la-

1809 2987 1959 3057 pides
1989 2988 2289 3041 mittuntur.
2324 2987 2541 3042 Dicatur
2569 3004 2697 3057 ergo
2727 2989 2799 3045 de
2827 2989 3098 3054 Samuele,
3139 2992 3349 3046 dicatur
3376 3011 3389 3046 :

1808 3078 2118 3151 ίΕάὶβοαυὶι
2160 3078 2231 3133 ibi
2279 3080 2449 3133 altare
2488 3079 2711 3134 Domino
2740 3096 2760 3134 :
2791 3081 2913 3149 quia
2960 3081 3210 3135 nimirum
3238 3082 3395 3135 valde

136 3192 271 3230 amatr
290 3177 340 3229 lo
369 3184 742 3230 conversatur.
790 3172 941 3227 Unde
966 3180 1021 3226 et
1049 3171 1141 3226 ille
1170 3172 1417 3240 egregius
1441 3172 1695 3240 przedica-
1727 3174 1770 3234 C
1802 3174 2031 3227 otiosum
2056 3181 2139 3227 est
2162 3171 2399 3225 doctoris
2425 3171 2680 3234 studium,
2710 3173 2755 3227 si
2786 3189 2878 3241 per
2900 3173 3026 3238 hoc,
3047 3173 3189 3240 quod
3213 3172 3280 3227 ab
3301 3172 3393 3227 illo

134 3273 210 3320 tor
234 3266 501 3335 gloriatur,
533 3266 717 3321 dicens
740 3283 753 3317 :
788 3262 989 3318 Nostra
1010 3263 1329 3317 conversatio
1356 3264 1410 3315 in
1434 3264 1572 3316 caelis
1599 3273 1695 3317 est.

1807 3263 1858 3317 in
1892 3263 2044 3317 terris
2073 3262 2267 3331 agitur,
2300 3263 2519 3317 etnleste
2546 3263 2829 3318 aedilicium
2854 3280 2960 3319 non
2985 3272 3231 3335 augetur.

1243 3509 1586 3590 LIBER
1668 3508 2263 3616 QUARTUS.

620 3669 848 3727 CAPUT
889 3668 1179 3725 PRIMUM.

201 3766 417 3837 1751.
448 3764 771 3821 Sanctorum
815 3765 1051 3820 virorum
1099 3761 1237 3818 facta
1286 3762 1701 3832 pratcedentitm

134 3876 261 3929 sepe
278 3859 563 3915 electorum
595 3859 932 3929 sequentium
958 3857 1151 3912 solatia
1178 3864 1320 3911 sunt.
1347 3856 1476 3910 Mira
1500 3856 1699 3910 etenim

134 3952 507 4021 dispensatione
535 3950 701 4005 divini
735 3948 979 4014 consilii,
1024 3957 1077 4003 et
1106 3948 1379 4002 altissima:
1406 3961 1699 4001 conversa-

137 4042 279 4095 tionis
299 4058 417 4097 arce
440 4041 518 4096 sic
541 4039 812 4094 sublimati
844 4047 1003 4107 sunt,
1030 4048 1089 4093 ut
1119 4038 1276 4093 lortia
1308 4046 1529 4106 agerent
1557 4037 1655 4091 sibi
1682 4080 1697 4105 ,

137 4142 263 4187 recta
293 4133 510 4188 subditis
542 4131 921 4202 prmiderent;
952 4130 1031 4185 sic
1058 4130 1159 4184 sibi
1188 4129 1516 4199 quandoque
1544 4128 1701 4182 dere-

138 4223 255 4291 licti,
282 4232 335 4277 ut
358 4239 419 4279 ea
449 4239 568 4295 qurc
596 4231 741 4277 recta
773 4222 1070 4277 intentione
1101 4220 1475 4289 disponerent,
1507 4234 1699 4275 secun-

139 4314 244 4365 dum
290 4312 376 4368 Dei
403 4312 801 4383 providentiam
840 4318 989 4366 recta
1030 4326 1136 4365 non
1171 4319 1385 4375 essent;
1438 4318 1702 4380 quatenus

1814 3668 2106 3738 prophetiae
2135 3668 2360 3735 gratiam
2400 3683 2505 3721 non
2537 3668 2805 3737 accipiunt
2840 3685 2849 3717 :
2895 3667 2938 3720 si
2972 3666 3004 3719 ii
3037 3682 3125 3735 qm
3162 3666 3393 3734 prophe—

1811 3760 1897 3813 tia:
1922 3760 2167 3830 spiritum
2204 3761 2360 3830 176
2387 3760 2606 3821 habent,
2638 3758 2886 3813 eumdem
2917 3758 3159 3825 spiritum
3192 3757 3257 3809 ad
3280 3757 3390 3811 dis-

1808 3852 2052 3921 ponenda
2084 3867 2147 3905 cu
2174 3861 2276 3904 tcta
2310 3866 2417 3903 non
2464 3849 2703 3902 habent?
2741 3847 2870 3913 Qui;
2910 3854 3086 3899 auten
3131 3845 3198 3898 de
3242 3854 3393 3899 tanto

1808 3940 1923 3993 viro
1945 3940 2192 4003 dubitet,
2229 3941 2353 4009 quia
2394 3939 2437 3993 si
2471 3938 2699 3992 fututam
2726 3937 3128 4007 perversitatem
3162 3935 3392 3989 liliorunt

1808 4039 2200 4100 praenosceret,
2251 4044 2346 4083 eos
2379 4029 2561 4097 utique
2605 4026 2905 4082 forensibus
2951 4027 3245 4079 honoribus
3284 4042 3389 4079 non

1807 4119 2122 4191 praeferret?
2171 4117 2273 4186 Qui
2319 4134 2446 4186 ergo
2477 4120 2736 4188 reprobos
2774 4118 3009 4172 scienter
3056 4117 3389 4186 provehunt,
3470 4190 3475 4195 ι

1808 4214 1913 4267 hoc
1944 4211 2221 4282 prephelaa
2251 4212 2498 4280 exemplo
2527 4211 2626 4267 sibi
2656 4210 2881 4263 blandiri
2912 4224 3248 4278 nequaquam
3272 4226 3397 4279 pos-

1807 4310 1933 4355 sunt
1962 4318 1974 4353 :
2014 4301 2138 4370 quia
2170 4310 2293 4354 tunc
2325 4294 2511 4353 soiuui'
2545 4299 2767 4353 innoxie
2807 4298 3001 4368 agitur,
3035 4314 3154 4352 eum
3199 4300 3248 4351 in
3280 4298 3354 4351 eis
3378 4335 3394 4362 ,

140 4402 326 4457 illorum
365 4402 647 4457 infirmitas
674 4442 691 4466 ,
740 4402 1036 4455 electorum
1088 4400 1427 4469 sequentium
1478 4398 1703 4454 ﬁrmitas
1736 4414 1779 4472 υ
1810 4398 2049 4458 Icmpure
2075 4405 2183 4457 quo
2225 4388 2458 4457 promoti
2488 4396 2642 4453 sunt.
2674 4387 2974 4442 subsecuta:
3004 4388 3298 4456 iniquitatis
3325 4387 3397 4441 si-

143 4493 273 4547 lieret
300 4512 313 4546 :
342 4495 464 4563 quia
494 4494 595 4548 etsi
628 4502 687 4547 ut
734 4492 984 4547 homines
1030 4492 1084 4545 in
1125 4490 1479 4561 disponendis
1504 4498 1705 4544 sancta:

139 4580 363 4638 Et‘clcsizc
394 4585 623 4653 negotiis
654 4583 765 4637 falli
798 4589 1042 4650 possunt,
1066 4582 1195 4652 ipsa:
1221 4591 1398 4636 tamen
1425 4581 1707 4635 ecclesias-

142 4673 245 4726 tica:
274 4675 644 4745 dispositiones
673 4672 979 4728 deserendae
1011 4688 1116 4727 non
1162 4681 1306 4727 sunt.
1336 4670 1473 4727 Ecce
1506 4672 1702 4726 etenim

139 4764 314 4818 dicitur
343 4784 355 4817 :

200 4853 245 4922 (ι
276 4854 395 4923 Reg.
426 4872 539 4920 vni,
579 4854 717 4923 1-5.)
761 4850 979 4906 Factum
1012 4861 1089 4906 est
1115 4862 1286 4905 autent
1308 4868 1421 4904 cum
1454 4852 1706 4904 seuuissct

139 4945 348 5013 Samuel,
376 4949 543 5017 posuit
564 4948 706 5016 ﬁlios
729 4962 849 4999 suos
862 4944 1068 5014 judices
1096 4942 1281 5009 Israel,
1307 4944 1500 5013 fuitque
1522 4958 1705 4995 nomen

141 5036 223 5102 (itii
250 5039 320 5090 sui
358 5036 703 5108 primogeniti,
750 5034 923 5099 Joltel,
956 5044 1007 5087 et
1054 5049 1239 5086 nomen
1271 5032 1501 5097 secundi,
1546 5032 1705 5093 Abia,

131 5124 340 5188 jadicum
375 5133 424 5184 in
456 5129 728 5184 Bersabee.
762 5127 829 5181 Et
859 5145 965 5182 non
994 5126 1385 5180 ambulaverunt
1413 5122 1515 5192 ﬁlii
1543 5126 1624 5179 sui
1654 5125 1709 5178 in

138 5219 219 5270 riis
244 5224 364 5289 ejus.

199 5305 248 5360 2.
287 5308 416 5364 Ecce
442 5310 532 5379 qui
570 5307 867 5377 prophetia:
902 5306 1095 5376 spiritu
1143 5306 1333 5374 plenus
1363 5303 1537 5360 fuerat
1567 5346 1580 5366 ,
1626 5305 1699 5371 ii,

139 5412 261 5463 quos
299 5400 497 5466 judices
543 5398 727 5453 lsraeli
776 5394 1050 5468 ponebat,
1094 5397 1223 5466 quia
1256 5406 1380 5465 post
1424 5395 1701 5449 avaritiam

143 5492 457 5554 postmodum
484 5491 759 5545 declinare
780 5489 1066 5553 debebant,
1099 5494 1154 5541 et
1185 5501 1405 5541 munera
1437 5486 1702 5555 accipere,

137 5588 189 5631 et
223 5592 513 5649 pervertere
539 5581 822 5651 judicium,
851 5596 956 5635 non
986 5580 1261 5648 cognovit.
1292 5576 1431 5644 Quid
1460 5591 1587 5647 ergo
1611 5579 1707 5631 mi-

140 5683 282 5735 rum,
320 5672 359 5726 si
389 5671 497 5727 falli
548 5674 602 5726 in
629 5670 975 5742 disponendis
1005 5668 1285 5723 ordinibus
1320 5676 1576 5737 possunt,
1621 5667 1710 5739 qui

204 5789 229 5815 ⁸
248 5780 499 5839 Gussanv.
532 5792 589 5841 et
616 5784 811 5852 Vatia,
837 5799 1000 5853 prora
1025 5780 1253 5854 pericula
1280 5781 1554 5836 intuentur.

1807 4491 1911 4545 gna
1942 4476 2083 4530 nulla
2117 4483 2426 4545 patuerunt.
2460 4475 2639 4542 Quare
2661 4485 2717 4530 et
2741 4484 2865 4544 apte
2894 4476 2949 4540 ii,
2978 4477 3069 4544 qui
3090 4476 3297 4543 judices
3322 4474 3400 4529 ls-

1807 4567 1940 4621 raeli
1984 4582 2015 4621 a
2062 4566 2315 4621 Satnuele
2347 4567 2506 4637 positi
2534 4575 2679 4628 sunt,
2732 4581 2851 4620 cum
2902 4576 3247 4636 ponerentur,
3282 4566 3399 4636 ejus

1810 4656 1899 4711 lilii
1930 4658 2245 4711 dicebantur
2278 4675 2291 4709 :
2326 4666 2383 4711 ut
2430 4674 2496 4710 ex
2545 4673 2611 4711 eo
2659 4673 2765 4712 non
2814 4658 2987 4712 solum
3036 4674 3134 4727 per
3177 4674 3394 4713 carnem

1808 4747 2092 4802 credantur
2114 4748 2299 4816 geniti.
2325 4746 2420 4801 sed
2443 4747 2602 4802 etiam
2634 4749 3058 4803 conversationis
3083 4748 3198 4816 ejus
3218 4750 3399 4819 splen-

1808 4839 2029 4893 doribus
2059 4841 2325 4893 adornati.
2356 4838 2539 4905 Quare
2565 4847 2619 4894 et
2645 4856 2829 4894 eorum
2858 4842 3077 4894 nomina
3112 4850 3268 4895 caute
3305 4855 3395 4894 as-

1807 4931 2121 4998 s'guantur:
2159 4936 2215 4983 ut
2241 4945 2307 4984 cx
2341 4930 2494 4983 titulo
2527 4932 2791 4993 nominis,
2839 4931 2963 4997 il-la,
3008 4947 3128 5001 qua:
3160 4942 3287 4987 tunc
3318 4935 3397 4988 eis

1809 5022 1987 5076 iuerat
2009 5062 2023 5086 ,
2056 5029 2412 5089 cognoscatur
2442 5022 2609 5076 forma
2644 5022 2875 5077 virtutis.
2910 5020 3115 5076 Nomen
3136 5064 3150 5089 ,
3194 5022 3359 5093 inquit
3382 5064 3395 5083 ,

1810 5114 1901 5167 uni
1923 5111 2096 5177 Joltel,
2126 5112 2340 5166 alterius
2368 5110 2521 5177 Abia,
2555 5111 2791 5181 judicans
2829 5114 2883 5166 in
2914 5112 3183 5167 Bersabee.
3209 5113 3313 5169 Sed
3344 5123 3399 5168 rt

1812 5206 1881 5261 de
1907 5205 2030 5272 illis,
2070 5206 2158 5274 qui
2198 5213 2323 5273 post
2350 5216 2625 5273 acceptam
2655 5204 2970 5272 dignitatem
3001 5205 3301 5260 decliuaSse
3330 5204 3397 5258 ad

1812 5297 2089 5351 avaritiam
2133 5296 2404 5360 dicuntur,
2450 5306 2637 5365 aperte
2679 5296 2981 5350 ostenditur
3022 5314 3035 5348 :
3080 5298 3205 5365 quia
3246 5306 3401 5350 ante-

1811 5403 1971 5458 quam
1999 5388 2236 5456 ejusdem
2270 5388 2543 5456 dignitatis
2573 5388 2783 5442 culmcu
2814 5389 3139 5457 attingerent
3165 5428 3181 5450 ,
3228 5388 3281 5442 in
3316 5388 3395 5443 eis

1812 5484 2003 5532 t‘utura:
2031 5478 2308 5547 pravitatis
2335 5478 2487 5545 signa
2519 5478 2661 5532 nu!la
2692 5479 3029 5533 videbantur.
3081 5478 3186 5532 Sed
3224 5494 3352 5533 ecce
3381 5517 3397 5542 ,

1815 5573 1939 5624 dum
1972 5579 2244 5639 pastorum
2287 5570 2475 5624 SORIIiJ
2507 5572 2836 5626 attendimus
2867 5613 2881 5637 ,
2929 5571 3108 5640 gregis
3138 5570 3401 5627 Dominiti

1821 5673 1842 5701 η
1859 5677 1965 5717 non
1988 5676 2148 5732 parva
2173 5661 2404 5731 pericula
2431 5663 2719 5719 intuemur.
2735 5662 2865 5717 Nam
2893 5671 3157 5718 steterunt
3180 5663 3401 5732 subditi,
