3962 6288
574 299 606 351 ’Ξ
622 298 669 350 εει

1784 292 2021 348 ελκατι
2063 288 2384 343 (ll‘ii'IGUlill
2430 291 2635 344 .\I.\G.\l
3732 294 3819 349 Ξὲο

581 414 665 466 mi
698 410 748 461 in
780 409 1011 462 ουιηιιηε
1040 407 1361 475 pmglationis
1392 406 1549 476 positi
1582 405 1854 476 progvhctae
1890 404 1979 458 lilii
2007 404 2145 459 ceci-
2178 409 2221 460 Α
2253 404 2320 455 ab
2351 403 2507 469 hujus
2539 404 2737 457 lumine
2768 407 2993 463 rationis
3023 426 3089 464 eo
3121 414 3375 467 caci-iures
3404 423 3544 475 :unt,
3594 428 3705 481 quo
3736 415 3824 465 illis

578 503 770 555 derunt
796 515 809 551 :
854 488 912 551 ut
938 498 981 551 si
1010 499 1162 552 nobis
1201 497 1297 551 sub
1325 511 1454 553 cura
1487 495 1752 562 majorum
1780 494 1969 564 positis
1998 493 2151 548 inde-

575 594 757 647 sincus
785 599 984 643 sanctze
1013 591 1133 644 vita:
1162 590 1415 652 studium,
1456 591 1606 659 1,77
1632 598 1724 641 aut
1750 589 2009 641 securitas
2038 601 2153 640 ma-

575 697 694 750 gna:
717 681 1135 736 conversationis
1161 680 1412 741 arrideat,
1448 694 1677 748 prmesse
1704 687 1882 732 tamen
1906 676 2023 729 aliis
2044 690 2149 728 non

578 775 870 828 habeamus
914 772 965 825 in
997 772 1233 841 appetitu
1264 768 1543 833 desiderii,
1573 769 1665 823 sed
1699 769 1749 821 in
1789 766 2153 835 magnitudine

577 863 804 918 timoris.
835 862 944 916 Sed
974 863 1214 916 carnales
1244 861 1463 931 quique,
1497 860 1621 914 dum
1656 858 1769 913 sola
1809 857 2037 911 visibilia
2070 863 2153 909 at-

575 961 833 1019 tendunt,
883 954 1176 1024 spiritalem
1214 961 1522 1007 sanctorum
1554 950 2018 1005 conversationem
2064 962 2157 1001 co-

574 1066 833 1119 gnoscere
864 1066 968 1104 non
993 1056 1283 1103 merentur.
1299 1046 1576 1100 Pastorum
1601 1045 1812 1113 quilem
1835 1052 2032 1097 sancta:
2055 1041 2153 1095 Ec-

575 1142 749 1196 clesia:
777 1141 987 1194 culmen
1009 1139 1291 1208 aspiciunt,
1319 1137 1411 1190 sed
1438 1136 1676 1203 cogitare
1709 1135 1970 1195 nesciunt,
1994 1144 2153 1198 quain

577 1234 724 1285 inviti
760 1233 830 1285 illi
865 1234 1005 1285 intus
1035 1230 1282 1283 decorem
1311 1228 1581 1292 tollerent,
1612 1240 1771 1294 quem
1795 1225 1845 1278 in
1868 1223 2154 1294 splendore

575 1325 820 1381 culminis
868 1323 993 1377 foris
1016 1331 1218 1383 tenent,
1254 1322 1396 1389 quol
1426 1320 1806 1374 sub'imitatem
1847 1319 2069 1374 honoris
2098 1317 2152 1371 in

575 1414 978 1484 Oppressionetn
1006 1412 1181 1479 magni
1214 1410 1478 1466 sustinent
1523 1411 1735 1475 oneris,
1785 1408 1931 1478 quod
1960 1422 2153 1475 magno

575 1506 839 1561 desiderio
887 1504 1133 1571 fugiunt,
1180 1503 1322 1572 quod
1353 1502 1608 1557 exteriori
1639 1498 1942 1554 ministerio
1966 1514 2155 1569 prose-

573 1606 828 1669 quuntur.
862 1594 1118 1650 Testante
1139 1595 1337 1648 etenim
1367 1594 1582 1662 egregio
1609 1593 1833 1647 doctore
1855 1592 2151 1650 didicimus.

572 1687 716 1756 quod
747 1685 990 1740 animalis
1016 1686 1165 1738 homo
1192 1701 1294 1738 non
1318 1684 1531 1755 percipit
1561 1700 1621 1737 ea
1645 1699 1759 1753 qua:
1796 1690 1919 1735 sunt
1945 1682 2156 1750 spiritus

2259 495 2387 549 solis
2428 496 2596 550 oculis
2644 497 2848 562 vident,
2898 516 3037 569 quos
3082 519 3305 573 serpens
3350 510 3580 573 aperult.
3617 503 3747 556 Nim
3790 506 3826 556 si

2256 586 2610 653 Spiritualium
2638 589 2889 645 virtutum
2919 592 3178 661 fulgorem
3204 597 3525 664 aspicerent.
3556 611 3681 649 eum
3713 612 3825 663 pro-

2257 674 2396 728 fecto
2420 676 2469 728 in
2499 688 2688 731 ornatu
2712 695 2821 733 suae
2845 684 3039 737 mentis
3061 684 3258 739 habere
3280 684 3671 739 desiderarent.
3699 683 3831 736 Tau—

2260 774 2344 818 tus
2384 766 2642 834 siquidem
2682 769 2845 823 det-or
2881 786 3063 825 earum
3109 783 3224 841 est,
3274 784 3334 828 ut
3377 774 3522 828 visus
3569 789 3825 839 nunquam

2257 871 2364 910 non
2392 860 2558 922 possit
2599 861 2831 915 videntis
2876 863 3144 918 desiderio
3194 865 3527 933 concupisci.
3560 864 3829 930 Sapientes

2257 960 2387 1014 ergo
2415 948 2594 1002 saeculi
2623 965 2743 1003 cum
2766 966 2825 1004 se
2853 954 3038 1007 oculos
3083 955 3307 1009 rationis
3340 954 3543 1008 habere
3571 953 3827 1007 arbitran-

2259 1044 2373 1105 tur,
2398 1054 2459 1092 ex
2488 1039 2591 1094 hoc
2618 1055 2945 1108 cognoscere
2974 1053 3234 1112 possunt,
3265 1044 3426 1113 quam
3460 1043 3743 1097 dementer
3768 1044 3837 1095 in-

2255 1132 2469 1186 saniant
2499 1151 2511 1185 :
2542 1135 2667 1202 quia
2692 1135 2946 1189 virtutum
2981 1145 3286 1191 sanctarum
3311 1135 3717 1207 pulchritudine
3737 1152 3830 1190 non

2258 1224 2416 1290 illici,
2450 1240 2634 1279 earum
2667 1227 2906 1295 profecto
2949 1229 3173 1298 gloriam
3215 1246 3321 1284 non
3366 1230 3543 1284 solum
3590 1244 3701 1282 non
3730 1245 3834 1281 cer-

2259 1330 2404 1378 nere,
2438 1316 2531 1369 sed
2564 1331 2663 1371 nec
2691 1318 2945 1372 soumiari
2973 1326 3075 1373 est.
3103 1318 3287 1372 Sancti
3305 1333 3434 1388 ergo
3460 1318 3584 1378 viri,
3611 1318 3707 1385 qui
3734 1318 3830 1384 jam

2255 1407 2645 1462 illuminatiune
2695 1409 2867 1463 sancti
2914 1409 3143 1480 Spiritus
3205 1411 3363 1481 178
3409 1410 3463 1463 in
3508 1411 3831 1464 internarum

2258 1514 2442 1553 arnore
2470 1500 2686 1569 obligati
2716 1511 2858 1568 sunt,
2889 1505 3083 1557 mentis
3111 1519 3219 1558 sua:
3248 1504 3436 1558 oculos
3464 1504 3529 1557 ad
3560 1504 3833 1558 videndam

2259 1590 2456 1643 intima:
2511 1591 2773 1645 claritatis
2831 1593 3056 1661 gloriam
3118 1600 3266 1647 tanto
3313 1592 3576 1647 clariores
3625 1592 3831 1657 habent,

2260 1690 2461 1749 quanto
2490 1682 2556 1736 de
2584 1683 2765 1737 mundi
2796 1684 3024 1752 caligine
3053 1685 3105 1738 in
3135 1684 3404 1738 desiderio
3445 1685 3577 1738 nihil
3611 1684 3834 1751 habent;

574 1777 671 1831 Dei
703 1775 755 1838 (1
783 1774 902 1829 Cor.
934 1792 991 1841 ιι,
1027 1774 1133 1845 14).
1164 1772 1317 1828 Unde
1337 1782 1391 1827 et
1421 1780 1571 1827 tanto
1591 1774 1892 1827 dementius
1921 1770 2153 1825 carnalia
2192 1776 2234 1833 Β
2261 1779 2315 1823 et
2339 1771 2644 1825 discernere
2673 1774 2911 1827 carnalia
2946 1783 3097 1829 tanto
3128 1775 3329 1829 rectius
3369 1782 3617 1843 possunt,
3648 1787 3833 1843 quanto

571 1884 805 1938 sequens
834 1876 1007 1932 errat,
1037 1876 1240 1935 quanto
1277 1882 1375 1935 per
1401 1866 1739 1921 discretionis
1778 1866 2023 1919 virtutem
2050 1864 2159 1935 spi-

573 1960 749 2015 ritalia
786 1960 926 2013 nulla
954 1959 1061 2026 jam
1092 1966 1360 2029 penetrat.
1414 1958 1478 2010 Et
1509 1959 1750 2013 nonnulli
1781 1958 1915 2012 tales
1954 1959 2004 2011 in
2037 1966 2154 2011 tau-

577 2063 688 2107 tum
718 2052 1002 2127 dementia
1031 2053 1229 2105 malum
1262 2051 1567 2119 proficiunt,
1602 2058 1661 2105 ut
1703 2067 2045 2106 commovere
2076 2052 2156 2120 ip-

576 2159 690 2197 sum
720 2145 878 2196 etiam
909 2152 1104 2195 statum
1133 2142 1483 2197 ecclesiastici
1527 2143 1773 2197 culminis
1801 2158 1907 2196 non
1933 2156 2159 2196 verean-

574 2242 678 2286 tur.
709 2231 858 2286 Unde
883 2241 937 2286 et
963 2233 1235 2299 sequitur:

648 2327 823 2394 (Vers.
852 2326 906 2387 4,
937 2324 1011 2396 5.)
1042 2325 1350 2395 Congregati
1376 2343 1498 2397 ergo
1526 2327 1751 2379 universi
1781 2327 2004 2395 majores
2031 2335 2158 2378 natu

576 2435 637 2471 (.11
674 2417 837 2470 Israel
865 2426 1105 2469 venerunt
1134 2419 1186 2469 in
1223 2417 1474 2468 (laniat/ia
1494 2459 1509 2480 ,
1544 2416 1883 2485 dixeruntque
1905 2416 1952 2468 ei
1979 2432 1995 2468 :
2024 2414 2160 2468 Ecce

578 2519 630 2561 tu
660 2510 868 2561 senuisti
891 2551 904 2572 ,
935 2516 982 2560 et
1012 2508 1106 2575 ﬁlii
1140 2509 1209 2559 tui
1236 2523 1337 2559 non
1367 2507 1631 2560 ambulant
1658 2506 1712 2560 in
1740 2507 1835 2559 viis
1857 2510 1975 2559 tuis.
2020 2506 2155 2559 Con-

581 2600 730 2651 stitue
757 2615 910 2666 super
937 2614 1029 2651 nos
1058 2613 1225 2667 regem
1245 2639 1258 2663 ,
1300 2607 1355 2649 ut
1384 2597 1583 2669 judicet
1618 2615 1712 2651 nos
1740 2598 1869 2651 sic-.t
1908 2598 2160 2651 universae

577 2689 763 2744 habent
792 2692 1045 2744 nationes.

645 2786 697 2837 5.
735 2782 825 2836 llis
852 2790 1062 2849 autem,
1092 2785 1181 2851 qui
1212 2784 1463 2838 vivebant
1490 2785 1587 2839 sub
1614 2786 1838 2855 spiritali
1876 2786 2154 2854 regimine,

575 2887 753 2940 regem
779 2882 982 2943 petere,
1003 2874 1128 2944 quid
1149 2874 1290 2929 aliud
1310 2883 1393 2930 est
1411 2892 1572 2946 quam
1596 2877 1837 2931 eamdem
1862 2878 2157 2948 spiritalem

574 2964 939 3033 przelationem
975 2964 1026 3017 in
1058 2965 1369 3019 smcularem
1396 2965 1817 3022 dominationem
1867 2969 2158 3024 transferre

573 3055 806 3123 gestire?
842 3054 947 3106 Sed
977 3058 1147 3109 sancti
1179 3056 1275 3110 viri
1304 3072 1425 3111 cum
1454 3073 1513 3112 se
1558 3074 1586 3111 a
1618 3060 1843 3113 subditis
1887 3063 2155 3116 contemni

2263 1860 2421 1927 longe
2444 1877 2472 1913 a
2498 1862 2802 1916 carnalibus
2829 1864 3106 1930 as~uuuti,
3134 1865 3183 1917 i-i
3212 1862 3445 1933 Spiritus
3474 1864 3650 1917 sancti
3677 1868 3833 1930 gratia

2261 1951 2419 2004 altius
2446 1952 2805 2020 proiecerunt.
2840 1952 2994 2007 Unde
3030 1963 3085 2008 et
3113 1954 3390 2023 apostolus
3420 1953 3621 2008 Paulus
3646 1955 3713 2006 de.
3753 1972 3835 2007 cx-

2259 2039 2521 2109 perientia
2550 2048 2709 2095 tantae
2734 2042 2950 2095 visionis
2970 2043 3294 2097 sententiam
3335 2043 3583 2112 protulit,
3616 2045 3667 2094 ιιι
3704 2058 3794 2095 ens
3822 2062 3831 2093 ε

2261 2131 2529 2196 Spiritalis
2566 2134 2769 2201 judico!
2815 2135 2990 2188 omnia
3034 2133 3086 2203 (1
3117 2133 3235 2188 Cor.
3266 2150 3331 2198 ιι,
3386 2132 3498 2199 15).
3532 2132 3679 2187 Bene
3721 2149 3831 2201 ergo

2259 2222 2453 2277 dicitur
2485 2242 2498 2276 :
2526 2223 2798 2293 Displicuit
2822 2244 2989 2281 sermo
3027 2229 3079 2280 in
3124 2228 3287 2280 oculis
3319 2226 3603 2280 Samuelis.
3656 2226 3782 2291 Quia
3809 2245 3832 2280 a

2260 2313 2387 2366 viris
2413 2315 2776 2383 spiritualibus
2806 2317 2877 2370 nil
2921 2326 3045 2371 ante
3094 2317 3407 2385 despicitur,
3439 2333 3602 2388 quam
3654 2318 3822 2385 αἰθερία

2260 2404 2505 2461 ciendum
2530 2420 2650 2460 esse
2680 2422 2775 2475 per
2801 2407 3096 2476 spiri‘alem
3126 2408 3321 2461 mentis
3350 2407 3599 2460 intuitum
3645 2407 3831 2475 judice-

2263 2506 2364 2552 tur.
2399 2497 2461 2551 Et
2489 2503 2613 2568 quia
2642 2516 2749 2569 quo
2776 2500 3153 2554 abundantiori
3200 2500 3370 2567 gratia
3420 2500 3656 2569 Spiritus
3680 2502 3829 2557 sancti

2259 2592 2401 2662 pleni
2432 2602 2591 2655 sunt,
2624 2592 2691 2646 de
2716 2592 2924 2646 virtutis
2976 2608 3085 2646 suae
3131 2592 3452 2647 c‘lsitudine
3499 2608 3603 2644 nun
3656 2608 3826 2660 pursu-

2260 2695 2439 2747 munt,
2487 2685 2730 2754 sequitur
2761 2702 2773 2737 :
2808 2683 2874 2738 Et
2911 2686 3077 2739 orarit
3119 2685 3332 2739 Samuel
3377 2683 3676 2737 Dominum.
3708 2683 3826 2749 Quid

2260 2778 2402 2831 enim
2435 2776 2715 2830 Dominum
2747 2778 2937 2840 oravit,
2967 2777 3069 2831 nisi
3114 2786 3172 2830 ut
3198 2777 3298 2831 sibi
3328 2776 3642 2843 dignaretur
3667 2789 3827 2830 osten-

2261 2866 2417 2931 dere,
2447 2868 2489 2921 si
2520 2868 2889 2921 tumultuantis
2921 2868 3104 2939 pupu‘i
3135 2868 3380 2937 petitioai
3410 2882 3690 2921 aSseusum
3719 2867 3827 2921 dare

2266 2956 2533 3011 debuisset
2560 2961 2584 3010 ’ί

2334 3045 2506 3117 (Vers.
2540 3046 2591 3109 7,
2624 3045 2703 3113 8.)
2735 3046 2882 3101 Dixit
2911 3057 3080 3100 autem
3111 3046 3360 3102 Dominus
3407 3050 3477 3102 ad
3509 3048 3823 3103 Samuelem:

574 3145 924 3213 cnnepiciunt,
959 3160 1064 3200 ηοιι
1097 3154 1204 3199 iam
1235 3147 1312 3201 eis
1340 3148 1605 3217 displicet,
1633 3152 1773 3217 ηυο]
1798 3160 2153 3206 contemnam
2183 3142 2229 3204 C
2259 3138 2392 3190 Audi
2420 3154 2588 3191 recent
2631 3139 2808 3207 populi
2850 3140 2904 3191 in
2962 3138 3195 3191 omnibus
3257 3157 3371 3209 qua:
3419 3141 3697 3204 loquuntur
3730 3140 3824 3191 tibi.

573 3244 689 3297 tur,
719 3250 878 3302 quam
906 3234 1048 3303 quod
1079 3244 1479 3305 contemptores
1516 3239 1597 3293 sui
1631 3238 1742 3294 Deo
1786 3256 1889 3295 non
1920 3242 2151 3311 placent.

574 3322 773 3377 Eorum
802 3326 1001 3393 quippe
1026 3336 1335 3395 contemptu
1355 3369 1372 3395 ,
1418 3345 1527 3382 sua:
1556 3331 1778 3385 interna:
1806 3334 1991 3399 gloria:
2039 3335 2156 3388 dari

578 3413 904 3469 incrementa
935 3418 1298 3486 conspiciunt,
1344 3420 1435 3473 sed
1481 3422 1663 3489 augeri
1698 3426 1883 3477 merita
1910 3441 2003 3479 sua
2032 3428 2160 3480 sub-

576 3505 807 3558 ditorum
838 3505 1138 3561 defectibus
1167 3509 1543 3576 ingemiscunt,
1576 3526 1711 3579 quos
1731 3514 1808 3566 sic
1828 3516 2030 3569 meritis
2046 3516 2159 3569 νει-

576 3596 684 3649 ient
715 3596 993 3664 proﬁcere,
1028 3606 1084 3651 ut
1110 3598 1162 3652 in
1212 3607 1411 3652 (eterna
1443 3600 1753 3654 meritorutn
1784 3605 2153 3672 retributione,

574 3700 756 3740 secum
785 3702 900 3752 eos,
925 3688 1117 3757 quibus
1140 3698 1394 3758 przcsunt,
1426 3689 1621 3745 habere
1641 3693 1955 3760 potuissent.
1981 3693 2157 3760 Quare

578 3787 631 3829 et
659 3777 905 3831 subditur
935 3796 947 3829 :

645 3868 820 3937 (Vers.
860 3868 937 3939 6.)
980 3870 1442 3941 Displicuitscrmo
1482 3892 1534 3928 ιιι
1573 3876 1732 3929 oculis
1771 3876 2062 3939 Samuelis,
2097 3894 2156 3931 eo

576 3958 713 4029 quod
744 3959 998 4015 dixissent
1037 3978 1054 4014 :
1086 3962 1168 4015 Da
1197 3963 1342 4016 nob's
1373 3981 1561 4034 regem,
1594 3973 1647 4016 ut
1670 3966 1865 4034 jurliret
1894 3983 2007 4020 nos.

642 4050 693 4101 4.
728 4049 843 4105 Hoc
868 4068 1098 4121 namque
1128 4054 1174 4107 ci
1205 4055 1495 4123 displicuit,
1547 4073 1643 4125 per
1682 4058 1822 4127 quod
1873 4059 2156 4129 displicere

574 4136 719 4201 Deo,
767 4141 856 4206 qui
889 4140 1278 4208 loquebantur,
1305 4145 1655 4201 existimavit.
1705 4148 1838 4213 Quia
1891 4165 2019 4204 vero
2048 4168 2155 4205 non

575 4228 889 4297 simpliciter
917 4230 1111 4284 d‘citur
1143 4250 1153 4283 :
1189 4232 1465 4302 diplicuit
1488 4250 1665 4289 sermo
1695 4237 1952 4303 Samueli,
1982 4241 2075 4294 sed
2102 4242 2155 4296 in

575 4321 743 4375 oculi-
767 4320 1047 4389 Samuelis,
1079 4335 1133 4377 et
1161 4326 1336 4379 statim
1368 4326 1613 4382 subditur
1645 4347 1658 4382 :

649 4412 824 4482 (Vers.
856 4411 934 4479 6.)
964 4413 1032 4466 Et
1055 4417 1215 4468 oravit
1258 4416 1472 4470 Samuel
1496 4436 1589 4487 pro
1639 4423 1824 4491 populo
1854 4420 2151 4479 Dominum.

2259 3228 2382 3283 Non
2409 3231 2544 3282 enim
2568 3228 2859 3298 abjecerunt
2891 3238 2955 3291 te,
2985 3227 3076 3281 sed
3098 3244 3196 3294 me,
3230 3246 3289 3282 ne
3317 3247 3524 3299 regnent
3554 3246 3710 3294 super
3727 3245 3818 3291 eos,

2248 3321 2404 3391 jumta
2434 3321 2604 3373 omnia
2634 3337 2787 3390 opera
2814 3336 2931 3386 sua,
2955 3335 3068 3389 qua:
3096 3321 3323 3389 fecerunt
3348 3339 3378 3373 α
3401 3322 3510 3384 die.
3541 3323 3662 3390 quia
3685 3320 3824 3373 eduxi

2257 3428 2345 3464 eos
2370 3411 2431 3463 de
2452 3409 2686 3481 Αῑςῃριο
2713 3426 2871 3480 usque
2897 3410 2966 3462 ad
2995 3410 3129 3462 diem
3155 3409 3309 3463 lianc.

2330 3522 2380 3577 5.
2411 3523 2543 3590 Quia
2573 3526 2746 3579 oranti
2775 3526 3051 3595 propheta:
3084 3526 3278 3581 dicitur
3311 3543 3324 3579 :
3356 3525 3641 3581 Constitue
3686 3542 3827 3595 Super

2257 3629 2351 3669 eos
2381 3629 2588 3681 regem;
2615 3616 2771 3683 plane
2801 3614 3123 3678 ostenditur,
3152 3615 3278 3683 quia
3305 3631 3373 3669 an
3396 3615 3502 3669 hoc
3539 3614 3826 3669 faciendum

2214 3746 2215 3749 η
2258 3713 2419 3765 eset.
2448 3705 2546 3757 sibi
2596 3705 2823 3758 revelari
2855 3705 3161 3774 postu'avit.
3198 3705 3263 3758 Et
3290 3706 3410 3770 quia
3441 3706 3695 3771 subdens,
3724 3707 3823 3758 ait:

2260 3795 2381 3851 Non
2412 3806 2457 3849 te
2478 3796 2792 3866 abjecerunt,
2813 3797 2903 3850 sed
2933 3815 3031 3863 me,
3061 3814 3123 3850 ne
3150 3814 3352 3867 regnent
3389 3814 3544 3867 super
3572 3815 3681 3860 eos,
3721 3806 3826 3863 apto

2258 3890 2583 3952 ostenditur,
2617 3903 2873 3958 quantum
2921 3891 3021 3946 sibi
3062 3906 3239 3944 seruio
3269 3891 3577 3958 displiceat,
3608 3905 3761 3959 quem
3786 3887 3825 3939 iu

2259 3980 2424 4034 oculis
2452 3979 2714 4034 Samuelis
2740 3980 3070 4050 displicuisse
3116 3981 3429 4051 perhibetur
3481 3980 3611 4046 Qum
3642 3996 3827 4034 corvu-

2259 4070 2454 4124 uientia
2480 4070 2665 4139 judicii
2696 4071 2746 4124 iu
2778 4073 2974 4127 sanctis
2998 4060 3167 4127 oritur
3188 4089 3253 4126 cx
3276 4074 3475 4127 virtute
3504 4072 3777 4126 charitatis
3804 4090 3813 4122 τ

2258 4159 2381 4227 quia
2410 4158 2535 4211 dum
2563 4175 2631 4213 ex
2653 4167 2767 4213 tota
2796 4169 2974 4214 mente
2995 4161 3338 4215 Conditorem
3370 4161 3616 4230 diligunt,
3648 4170 3702 4214 et
3726 4160 3827 4229 eius

2257 4246 2520 4301 voluntati
2550 4249 2767 4302 obedire
2812 4248 3008 4303 devote
3058 4266 3123 4304 co
3150 4259 3350 4314 rantur,
3403 4267 3469 4304 ex
3510 4252 3727 4320 praemio
3748 4267 3825 4304 su-

2260 4351 2435 4406 perna:
2477 4338 2843 4393 retributionis
2871 4339 3168 4409 accipiuut,
3199 4349 3256 4393 ut
3285 4341 3352 4394 ab
3381 4345 3567 4394 eadem
3602 4341 3693 4393 Dei
3722 4356 3824 4393 om-

2260 4425 2549 4496 nipotentis
2578 4427 2851 4481 voluntate
2894 4428 3053 4481 aliter
3077 4428 3360 4484 sentiendo
3383 4444 3487 4483 non
3513 4430 3822 4498 discrepent.

647 4501 814 4556 Paulo
844 4504 1085 4557 subtilius
1114 4519 1173 4557 ea
1207 4520 1303 4559 nos
1342 4507 1684 4563 considerare
1708 4518 1940 4579 oportet.
1973 4510 2153 4566 Sancti

2259 4533 2414 4586 quam
2448 4520 2498 4572 in
2548 4519 2702 4572 bonis
2756 4519 3012 4588 operibus
3050 4535 3263 4588 semper
3320 4528 3526 4574 tenent.
3569 4519 3821 4587 Scriptum

574 4591 698 4653 viri,
729 4592 818 4659 qui
850 4593 1205 4663 omnipotenti
1236 4595 1346 4649 Deo
1376 4597 1530 4651 valde
1577 4598 1857 4669 di-j-lirere
1886 4611 2151 4672 metuunt,

575 4682 626 4736 in
657 4684 765 4737 suis
790 4684 1005 4749 judiciis
1058 4684 1239 4739 faciles
1270 4704 1375 4740 non
1432 4698 1588 4753 sunt,
1631 4692 1724 4743 sed
1776 4672 1968 4749 cuneta
2006 4696 2152 4763 prius

573 4774 962 4827 rationabiliter
989 4775 1129 4829 intus
1154 4776 1424 4843 ordinant,
1460 4790 1517 4832 ut
1543 4795 1604 4833 ea
1630 4780 1757 4835 foris
1787 4782 1838 4837 in
1871 4798 2034 4853 opere
2081 4787 2153 4838 ir-

574 4866 1069 4931 reprehensibiliter
1116 4867 1425 4939 disponant.
1470 4869 1603 4924 Nam
1647 4872 1965 4928 electionem
2009 4878 2145 4930 acci‘

578 4954 664 5022 piu
710 4961 729 5005 t
759 4955 951 5007 nullam
978 4956 1183 5024 judicii,
1213 4956 1257 5011 si
1287 4974 1391 5012 non
1419 4960 1674 5028 probatur
1693 4966 2148 5033 contemp'atione

576 5045 816 5099 rationis.
845 5045 951 5097 Hos
974 5044 1213 5115 profecto
1236 5049 1419 5103 oculos
1446 5050 1718 5119 prophetae
1741 5051 1995 5108 Dominus
2024 5072 2149 5124 ape-

575 5139 681 5190 rire
712 5138 945 5202 volebat,
970 5153 1088 5191 cum
1108 5140 1319 5194 dicebat
1343 5158 1356 5193 :
1389 5142 1517 5195 Vide
1543 5145 1702 5199 oculis
1726 5146 1847 5213 tuis,
1869 5156 1918 5200 et
1940 5149 2151 5204 auribus

576 5228 675 5280 tuis
698 5229 818 5282 audi
844 5228 1016 5299 (Ezec.
1062 5246 1149 5295 xc,
1182 5230 1258 5299 4).
1292 5231 1425 5288 Hinc
1458 5234 1508 5287 in
1552 5233 1836 5304 Evangelia
1880 5238 2151 5307 discipulis

575 5319 706 5372 dixit
739 5338 751 5373 :
788 5321 930 5375 Beati
961 5324 1116 5389 oculi,
1146 5326 1231 5395 qui
1259 5325 1427 5379 vident
1473 5344 1587 5397 qua:
1611 5346 1697 5382 vos
1722 5331 1899 5386 videtis
1925 5333 2072 5405 (Luc.
2097 5353 2149 5402 κ,

573 5409 686 5477 2“).
714 5411 862 5465 Oculi
894 5413 1090 5482 quippe
1118 5424 1450 5483 sanctorum,
1482 5430 1607 5475 sunt
1641 5424 1942 5480 intellcttus
1981 5431 2149 5485 ratio-

576 5500 677 5559 nis,
712 5502 928 5554 reserati
959 5518 1052 5571 per
1095 5505 1320 5571 gratiam
1355 5506 1584 5577 Spiritus
1610 5515 1800 5567 sancti.
1852 5515 1920 5569 Et
1949 5518 2147 5574 idcirco

576 5588 838 5646 Samucl's
868 5608 985 5646 csse
1026 5593 1276 5650 dicuntur
1308 5616 1319 5649 :
1351 5601 1473 5668 quia
1497 5605 1739 5658 carnales
1786 5608 2011 5676 quique,
2045 5613 2143 5666 etsi

578 5695 671 5740 per
701 5681 983 5737 humanam
1031 5685 1345 5749 sapientiam
1394 5680 1683 5748 r..ti'oalcs
1711 5709 1828 5750 esse
1878 5698 2141 5763 videntur.

2254 4611 2452 4680 quippe
2502 4620 2583 4663 est
2631 4629 2644 4663 :
2699 4610 2797 4674 Qui
2844 4611 3072 4665 adliazret
3129 4610 3268 4673 Deo,
3334 4628 3466 4665 unus
3511 4612 3725 4680 spiritus
3759 4620 3822 4663 cst

2254 4698 2309 4771 (Ι
2337 4700 2456 4754 Cor.
2484 4717 2533 4754 vi
2556 4744 2570 4767 ,
2614 4700 2722 4770 Π).
2754 4702 2980 4755 Domino
3005 4701 3206 4772 quipie
3235 4700 3507 4766 adharret,
3558 4703 3652 4769 qui
3699 4716 3821 4771 pne-

2253 4800 2408 4859 cepta
2439 4793 2730 4848 voluntatis
2751 4793 2867 4860 ejus
2891 4793 3066 4847 facere
3097 4807 3310 4861 semper
3333 4794 3532 4848 studet.
3565 4793 3670 4848 Sed
3700 4808 3823 4847 unus

2252 4883 2470 4952 Spiritus
2495 4899 2614 4936 cum
2640 4899 2706 4937 eo
2733 4883 2827 4936 lit:
2871 4884 2994 4952 quia
3036 4900 3101 4937 ex
3131 4884 3381 4938 diuturna
3428 4886 3718 4941 devotiune
3758 4886 3819 4957 pii

2253 4972 2430 5039 Operis
2460 4972 2509 5025 in
2542 4980 2741 5026 tantam
2769 4974 2993 5041 gratiam
3042 4972 3236 5027 divinat
3265 4975 3587 5041 cognitionis
3612 4979 3821 5029 assumi--

2256 5072 2367 5126 tur,
2405 5072 2461 5116 ut
2489 5063 2556 5117 ab
2585 5064 2776 5118 interni
2806 5066 2922 5132 ejus
2953 5065 3204 5135 aequitate
3238 5064 3420 5131 judicii
3460 5083 3557 5135 per
3596 5081 3817 5120 errorem

2256 5154 2509 5209 mundani
2552 5158 2767 5225 spiritus
2814 5156 3100 5209 dissentire
3148 5157 3284 5209 ultra
3335 5172 3439 5209 non
3490 5158 3675 5225 possit.
3726 5156 3819 5209 Sed

2256 5245 2410 5298 valde
2436 5244 2650 5300 difficile
2686 5245 3070 5314 respondetur,
3118 5246 3163 5299 si
3208 5247 3499 5315 quieritur,
3540 5263 3634 5301 cur
3662 5246 3815 5301 omm-

2257 5344 2448 5405 potens
2480 5335 2617 5390 Deus
2642 5344 2697 5389 et
2728 5337 2999 5405 abjectum
3043 5352 3101 5390 se
3132 5336 3182 5388 iu
3214 5337 3352 5402 regis
3393 5337 3656 5406 petitione
3701 5354 3813 5390 ron-

2258 5437 2532 5496 queratur,
2565 5438 2618 5483 et
2644 5437 2820 5482 tamen
2848 5428 2897 5481 id
2928 5428 3069 5496 quod
3104 5428 3380 5490 petebatur
3403 5426 3516 5482 fieri
3539 5429 3811 5483 decernat:

2253 5533 2572 5586 rursumque
2604 5519 2648 5571 si
2696 5517 2925 5585 dgnitas
2970 5518 3111 5587 regia
3155 5516 3450 5571 ordinanda
3499 5518 3701 5579 fuerat,
3732 5536 3813 5573 cur

2255 5610 2396 5662 Velut
2438 5608 2707 5677 indignata
2748 5609 2840 5663 Dei
2891 5610 3170 5677 majestate
3215 5608 3373 5662 fuerit
3419 5611 3707 5678 permissa;
3768 5620 3810 5661 ct

2251 5715 2368 5755 cum
2396 5701 2640 5767 provisus
2671 5718 2759 5755 rex
2793 5702 2913 5772 cligi
2948 5703 3266 5757 dect-rnatur
3289 5740 3303 5766 ,
3339 5717 3434 5757 cur
3462 5704 3811 5774 reprolmudus
