3962 6274
121 322 210 374 ΕΙ
954 326 1018 380 IN
1063 325 1324 381 PRIMUM
1369 325 1601 380 ιιεοωι
1650 324 2160 378 itXPUSI'I'lONI-IS.
2205 355 2272 366 —
2313 326 2441 380 LIB.
2487 327 2570 380 IV.

3299 331 3406 382 2'2"!

113 439 378 503 iligtur?
408 436 546 502 Quid
592 435 660 488 ad
704 437 816 490 hinc
845 436 988 489 aliud
1037 436 1364 504 resltondere
1413 450 1716 505 possumus,
1753 439 1796 497 Α
1823 432 1948 502 quid
1975 448 2169 489 cavere
2197 435 2489 490 debuisset.
2521 435 2610 490 Sic
2653 436 2906 490 nimirum
2951 447 3007 491 et
3034 437 3101 492 de
3130 439 3218 492 illa
3249 457 3412 508 ange-

114 527 216 581 ui~i
253 526 308 578 i-d
337 527 484 597 quod
529 526 812 595 apostolus
859 525 1054 579 Paulus
1104 524 1424 580 intll‘abilem
1469 524 1720 596 abyssum

119 619 449 682 iudiciorum
480 619 573 672 Dei
606 619 930 687 perscrutari
973 617 1289 671 audentibus
1318 616 1676 685 respondebat
1706 633 1720 667 :

121 708 335 772 "orno,
385 708 586 776 inquit,
647 716 700 760 tu
767 709 881 774 quis
947 723 1039 774 es,
1105 708 1191 776 qui
1250 708 1566 776 respondeas
1615 705 1724 758 Deo

122 801 412 869 (Renum,
461 798 585 868 20)?
634 799 738 854 Sed
787 801 830 854 si
883 801 984 854 hoc
1034 799 1322 854 (ﬂicaciter
1364 799 1588 852 delinire
1617 815 1722 853 nou

121 906 436 959 possumus,
467 899 691 958 tangere
721 891 1036 958 inquirendo
1063 906 1363 959 por-sumus.
1397 889 1476 943 An
1504 889 1726 944 fortasse

121 979 401 1046 abjectum
430 995 492 1034 se
520 981 572 1034 in
605 983 744 1049 regis
788 982 1046 1050 petitione.
1097 983 1477 1051 conqueritur?
1505 981 1608 1036 Pro
1638 997 1728 1036 rc-

121 1071 298 1138 proba
328 1071 610 1124 voluntate
663 1072 800 1124 male
843 1072 1076 1142 petentis
1122 1072 1336 1141 populi,
1386 1072 1586 1142 potitus
1631 1087 1727 1125 rex

123 1160 454 1213 conceditur
482 1176 580 1229 pro
629 1161 716 1214 vin
742 1161 886 1214 licta.
918 1159 1071 1226 Quod
1106 1162 1149 1214 si
1180 1161 1571 1215 rationabiliter
1595 1161 1722 1215 dici-

123 1258 252 1313 tur,
285 1251 416 1302 dum
451 1260 737 1319 utrumque
769 1253 943 1321 ponit
973 1292 986 1316 ,
1020 1262 1068 1306 et
1111 1252 1323 1322 culpam
1371 1261 1426 1307 et
1469 1254 1728 1308 ultionem

122 1342 334 1412 pa'iter
353 1342 613 1398 ostendit.
652 1342 730 1397 Ex
765 1345 990 1413 reproba
1013 1344 1211 1414 quippe
1231 1344 1510 1399 voluntate
1536 1345 1730 1412 injusta

125 1435 441 1502 postulasse
466 1437 828 1501 convincitur,
851 1437 940 1506 qui
969 1435 1231 1504 abjecisse
1259 1437 1610 1492 Conditorem
1638 1452 1730 1506 pe-

125 1524 298 1578 tendo
329 1534 688 1588 monstratur.
721 1526 944 1596 Culpam
986 1543 1116 1596 ergo
1147 1529 1301 1583 malas
1347 1529 1624 1597 petitionis
1652 1529 1733 1582 in-

128 1599 436 1672 secuta’est
463 1633 619 1686 pterza
671 1619 925 1673 districta:
965 1620 1255 1689 mquitatis.
1299 1620 1488 1688 Magna
1533 1619 1730 1675 etenim

127 1706 370 1761 vindicta
395 1718 499 1773 est,
527 1723 647 1777 qum
674 1725 739 1762 ex
762 1709 1096 1764 districtione
1117 1711 1358 1779 procedit
1386 1711 1580 1765 interni
1605 1727 1733 1765 exa-

131 1796 325 1862 minis,
358 1797 582 1865 quando
614 1799 842 1866 reproba
867 1814 1018 1852 mens
1051 1799 1129 1853 sic
1169 1798 1478 1869 projicitur,
1509 1808 1568 1854 ut
1589 1798 1732 1869 quod

133 1888 274 1941 male
302 1887 607 1953 deliberat,
639 1903 800 1958 agere
828 1890 1186 1958 permittatur.
1239 1891 1338 1958 Qui
1385 1905 1514 1960 ergo
1554 1892 1607 1945 in
1637 1907 1734 1961 pe-

135 1977 299 2032 tendo
330 1991 464 2046 rege
500 1979 783 2032 Dominum
825 1980 1088 2048 abjecisse
1137 1982 1371 2036 convicti
1415 1991 1569 2049 sunt,
1609 1982 1735 2036 dum

131 2068 184 2120 i-l
213 2067 294 2122 eis
321 2068 734 2136 permitteretur
761 2083 950 2138 agere,
983 2086 1079 2139 per
1120 2073 1264 2140 quod
1296 2087 1326 2125 a
1357 2087 1416 2126 se
1453 2072 1734 2127 Dominum

134 2161 472 2226 abiicerent,
505 2162 724 2230 gravior
766 2176 927 2231 parua
957 2178 1063 2218 non
1092 2170 1237 2227 erat,
1289 2179 1392 2233 qua
1445 2163 1531 2218 hic
1573 2163 1736 2234 plecti

135 2251 478 2304 debuissent.

214 2382 380 2451 179
411 2379 464 2434 6.
496 2379 616 2447 Quo
647 2380 699 2434 in
733 2381 851 2435 loco
879 2381 1170 2436 notandum
1200 2389 1302 2449 est,
1333 2382 1457 2452 quia
1488 2381 1740 2451 objectio-

138 2487 258 2524 nem
289 2472 576 2540 propheta:
606 2470 861 2527 Dominus
885 2488 1035 2525 suam
1079 2471 1225 2527 facit.
1258 2472 1372 2526 Non
1420 2473 1560 2526 enim
1605 2475 1735 2526 sim-

138 2561 354 2631 pliciter
396 2560 524 2614 dicit
563 2578 575 2611 :
607 2559 912 2630 Abjeccrunt
961 2576 1073 2626 me,
1123 2577 1186 2614 ne
1216 2577 1422 2631 regnem
1447 2578 1599 2631 super
1619 2579 1704 2615 eos
1717 2579 1736 2625 ,°

138 2652 229 2705 sed
252 2668 360 2706 non
396 2660 446 2704 te
476 2650 804 2720 abjecentnt,
845 2651 936 2703 sed
965 2667 1070 2712 me,
1101 2667 1165 2704 ne
1202 2667 1406 2720 regnem
1448 2669 1600 2722 super
1627 2669 1734 2706 eos.

142 2741 210 2796 Ut
232 2743 484 2812 profecto
513 2741 781 2806 ostendat,
814 2742 937 2811 quia
971 2742 1022 2795 in
1050 2758 1277 2812 persona
1318 2743 1473 2796 electi
1501 2743 1737 2811 praesulis

142 2837 262 2904 ipse
285 2836 401 2888 suis
430 2833 692 2901 subjectis
724 2835 1064 2904 prmemiueat
1091 2851 1104 2899 ;
1134 2841 1190 2888 et
1233 2849 1352 2888 cum
1385 2834 1452 2887 ad
1496 2835 1737 2904 spiritale

142 2926 352 2979 culmen
405 2926 704 2980 electorum
755 2925 987 2978 carnalis
1030 2934 1209 2980 rector
1255 2925 1572 2990 assumitur,
1624 2927 1738 2997 ipse

142 3018 295 3086 abjici
320 3017 558 3081 videtur,
585 3017 737 3086 cujus
757 3026 1021 3088 praecepta
1049 3018 1392 3088 dissipantur.
1418 3017 1556 3088 Ergo
1576 3034 1735 3089 quam

141 3107 426 3162 reverendi
457 3109 566 3163 sint
588 3108 772 3177 optimi
799 3117 1044 3178 pas’0'es
1069 3117 1265 3164 sanctae
1289 3110 1529 3165 ecclesia:
1548 3111 1733 3179 liquet.

143 3195 276 3252 Ecce
305 3213 338 3252 e
367 3197 455 3250 uim
487 3197 614 3250 dum
644 3197 870 3253 lideliter
899 3197 941 3250 D
964 3215 1009 3252 -ο
1040 3200 1298 3265 rerviunt,
1330 3209 1478 3255 tanto
1505 3202 1552 3255 ci
1583 3217 1668 3256 am
1693 3222 1733 3253 s-

143 3289 213 3342 ria
240 3289 462 3342 vinculo
499 3289 928 3356 conjuuguntur,
963 3299 1018 3342 ut
1065 3290 1319 3358 quidquid
1349 3291 1425 3345 eis
1456 3291 1730 3358 ingeritur,

142 3379 333 3432 divina:
383 3379 592 3447 injuria:
639 3379 994 3444 adscribatur,
1052 3378 1200 3434 Unde
1247 3390 1302 3434 et
1344 3382 1395 3435 in
1444 3380 1734 3450 Evaugt-lio

142 3471 329 3540 primis
356 3469 613 3525 Ecclesiae
637 3471 942 3540 pastovibus
971 3472 1098 3526 dicit
1127 3489 1140 3522 :
1175 3470 1275 3535 Qui
1299 3490 1383 3527 vos
1410 3476 1624 3544 spernit,
1655 3492 1736 3529 me

143 3579 212 3629 sp.
235 3564 338 3614 rnit
370 3561 524 3630 (Luc.
558 3579 589 3616 x
612 3605 626 3628 ,
679 3562 784 3632 i6).
821 3559 918 3617 Ubi
951 3564 1110 3616 etiam
1141 3565 1337 3631 aliquil
1370 3567 1583 3635 gravius
1611 3583 1734 3622 cer-

145 3654 286 3705 nitur
328 3671 343 3705 :
393 3655 520 3722 quia
573 3670 695 3708 cutn
736 3653 1000 3722 abjectmn
1048 3663 1317 3724 paslozem
1363 3657 1731 3725 conqueritur,

143 3745 510 3812 abjicientium
541 3753 757 3815 peccati
791 3746 991 3814 omnia,
1018 3755 1070 3800 et
1098 3755 1374 3815 parcntum
1406 3750 1565 3801 et'am
1596 3749 1733 3803 mala

146 3847 539 3891 memorantur.
579 3835 738 3890 Juxta
765 3839 938 3891 omnia
957 3879 971 3903 ,
1006 3839 1172 3907 inquit
1199 3879 1215 3904 ,
1242 3857 1399 3908 opera
1438 3857 1532 3893 sua
1557 3882 1570 3905 ,
1622 3859 1736 3912 qua:

147 3930 378 3995 fecerunt
431 3945 464 3981 a
518 3929 634 3994 die,
689 3946 785 3999 qua
839 3930 991 3982 eduxi
1047 3946 1132 3982 eos
1187 3931 1252 3982 de
1303 3940 1441 3983 terra
1489 3930 1732 4002 ZEgypti.

145 4017 424 4073 Summum
451 4034 685 4087 namque
705 4021 906 4074 crimen
930 4022 1255 4089 agnoscitur,
1272 4023 1336 4074 ad
1360 4023 1510 4090 cujus
1533 4023 1738 4078 discus-

147 4109 352 4161 sionem
405 4108 459 4162 in
511 4108 607 4162 Dei
656 4109 912 4162 memoria
962 4110 1230 4179 praeterita
1275 4121 1468 4165 cuncta
1517 4121 1735 4182 peccata

148 4199 507 4254 reducuntur.
539 4199 602 4252 Et
628 4199 898 4268 abjectum
950 4215 1081 4270 ergo
1110 4215 1169 4256 se
1199 4201 1456 4257 Dominus
1494 4218 1735 4274 conque-

150 4291 300 4355 ritur,
331 4300 390 4345 et
423 4303 602 4346 tamen
632 4293 904 4360 ordinare,
933 4294 984 4346 in
1010 4309 1115 4363 qui
1146 4293 1415 4362 abjicitur,
1447 4295 1694 4350 concedit
1720 4314 1732 4350 :

149 4385 268 4450 quia
296 4399 422 4438 cum
451 4383 708 4438 districta).
749 4385 1016 4453 tequitatis
1062 4401 1173 4439 sua:
1219 4386 1470 4440 virtutem
1517 4388 1732 4458 exequi-

152 4483 254 4540 tur,
284 4475 352 4528 ab
380 4489 448 4531 eo
473 4475 770 4528 carnalium
796 4475 1062 4530 desideria
1091 4476 1300 4544 impleri
1323 4492 1418 4546 per
1440 4475 1554 4545 ejus
1576 4478 1738 4534 mise—

1825 524 1995 577 lorum
2026 525 2171 577 curia
2202 525 2448 593 legimus,
2478 526 2600 597 quia
2632 527 2698 581 de
2729 535 2974 595 apostata
3017 528 3189 595 primo
3216 533 3409 596 aogc'o

1824 615 2076 670 scribitur
2109 633 2122 668 :
2151 615 2271 684 Ipse
2307 626 2382 671 est
2424 619 2734 689 principium
2773 621 2970 673 viarum
3002 617 3099 674 Dei
3148 619 3290 684 (Job.
3321 639 3410 683 XL,

1828 706 1850 759 1
1877 708 1918 777 l)
1948 725 1960 758 :
1986 705 2080 760 sed
2102 708 2190 776 qui
2221 715 2345 760 ante
2367 709 2546 762 omnia
2574 709 2822 762 conditus
2848 718 2948 772 est,
2983 725 3078 777 per
3106 711 3413 777 superbiam

1827 796 2040 860 cecidit,
2073 805 2126 849 et
2156 797 2206 849 in
2229 796 2345 864 ejus
2373 797 2524 850 ruina
2549 798 2722 852 sancti
2753 799 2928 867 angeli
2958 799 3279 863 didicerunt,
3309 816 3413 868 qua

1826 885 2023 938 virtute
2050 893 2194 939 stare
2224 887 2545 955 potuissent.
2594 885 2746 953 Quod
2777 888 3025 941 nimirum
3049 930 3063 954 ,
3096 889 3186 958 qui
3217 891 3417 953 apertis

1829 983 1993 1030 recta:
2023 976 2143 1030 lidci
2175 979 2344 1031 oculis
2363 1018 2378 1040 ,
2429 977 2620 1032 intueri
2663 980 2881 1048 poterit,
2911 980 3112 1049 pariter
3141 982 3368 1035 attendit
3399 1000 3412 1037 :

1829 1064 1952 1134 quia
1983 1066 2321 1135 omnipotens
2359 1067 2502 1122 Deus
2527 1069 2690 1122 etiam
2733 1076 2858 1123 tunc
2880 1083 3084 1137 magum
3113 1070 3419 1124 misericor-

1830 1157 1932 1211 diae
1959 1159 2097 1212 dona
2123 1158 2336 1224 tribuit,
2369 1174 2492 1212 cum
2527 1158 2816 1214 vindictam
2847 1161 3081 1228 irrogat;
3130 1161 3254 1228 quia
3290 1160 3414 1216 dum

1830 1247 2092 1315 reprobus
2114 1247 2287 1316 punit,
2315 1257 2535 1302 sanctos
2560 1247 2742 1302 erudit
2769 1265 2782 1300 :
2808 1258 2865 1302 ut
2889 1249 3028 1303 unde
3048 1251 3121 1303 illi
3140 1249 3414 1313 deliciunt,

1833 1336 1918 1392 isti
1950 1336 2000 1392 in
2031 1337 2141 1392 suis
2176 1336 2506 1408 profectibus
2537 1337 2878 1406 adjuventur.

1904 1427 1956 1482 7.
1991 1428 2240 1483 Districto
2270 1429 2408 1497 siqui
2449 1443 2532 1482 cm
2558 1428 2762 1495 judicio
2794 1445 2840 1498 p'
2864 1431 3054 1484 rmittit
3105 1431 3242 1485 mala
3283 1431 3416 1498 ﬁeri,

1833 1519 1927 1574 sed
1978 1518 2396 1574 misericorditer
2428 1519 2673 1588 providet
2700 1519 2768 1573 de
2812 1520 2894 1574 bis
2923 1523 3106 1586 malis,
3154 1538 3272 1592 qua:
3325 1539 3421 1591 per

1831 1609 2086 1679 judicium
2117 1610 2352 1678 irrogat,
2401 1625 2520 1678 qua:
2569 1610 2708 1664 bona
2739 1610 2917 1665 facere
2964 1612 3234 1681 disponat.
3286 1613 3419 1668 Nam

1835 1716 1955 1771 qua:
1982 1701 2153 1771 major
2181 1703 2357 1773 culpa,
2383 1719 2543 1772 quam
2565 1703 2675 1769 illa,
2702 1719 2804 1770 qui
2826 1719 3012 1758 omnes
3038 1705 3330 1759 morimur?
3359 1705 3422 1759 Et

1836 1807 1956 1861 qua:
1987 1791 2158 1859 major
2183 1791 2424 1858 bonitas,
2455 1808 2616 1860 quam
2644 1793 2732 1846 illa
2753 1835 2768 1861 ,
2796 1809 2893 1862 per
2921 1810 3079 1862 quam
3103 1811 3133 1848 a
3159 1807 3330 1850 morte
3362 1799 3422 1852 li-

1837 1889 2123 1942 beramur?
2154 1886 2220 1940 Et
2247 1886 2496 1957 quidem,
2533 1888 2632 1943 nisi
2683 1887 2850 1942 Adam
2883 1899 3164 1959 peccaret,
3191 1891 3422 1947 Redem-

1835 1987 2046 2050 ptorem
2103 1991 2345 2035 nostrum
2423 1997 2638 2036 carnem
2699 1985 2972 2052 suscipere
3023 1994 3261 2040 nostram
3317 2004 3423 2042 non

1837 2080 2132 2140 oporteret.
2165 2069 2287 2125 Non
2309 2072 2446 2124 enim
2487 2074 2620 2126 venit
2650 2090 2830 2127 vocare
2861 2075 3060 2144 justas,
3109 2076 3201 2129 sed
3243 2094 3424 2143 pecca-

1839 2171 1971 2216 tores
1997 2163 2065 2215 ad
2085 2163 2435 2233 paenitentiam
2467 2162 2657 2234 (Marc.
2687 2180 2742 2226 ll,
2776 2165 2878 2234 l7).
2913 2166 2968 2221 Si
3000 2181 3128 2235 ergo
3159 2183 3258 2236 pro
3296 2185 3425 2237 pec-

1837 2261 2111 2314 catoribus
2144 2265 2310 2325 venit,
2342 2261 2386 2314 si
2419 2276 2498 2329 pec
2520 2270 2638 2314 cata
2662 2261 2930 2323 deessent,
2959 2276 3080 2314 eum
3103 2261 3287 2314 venire
3318 2276 3424 2314 non

1838 2359 2134 2420 oporteret.
2169 2351 2224 2406 Si
2255 2362 2498 2423 peccata,
2531 2353 2596 2406 ad
2619 2368 2738 2420 qua:
2765 2353 2991 2407 delenda
3022 2354 3232 2408 venisse
3254 2353 3427 2408 credi-

1839 2449 1946 2505 tur,
1977 2457 2074 2511 per
2090 2443 2351 2509 justitiam
2382 2444 2473 2496 Dei
2498 2447 2757 2513 permissa
2785 2458 2903 2497 e-‘se
2933 2445 3239 2498 sentiuntur
3263 2463 3276 2497 :
3299 2444 3425 2498 dum

1839 2550 1936 2604 pro
1969 2535 2339 2601 peccatoribus
2368 2535 2505 2590 Deus
2541 2535 2702 2590 homo
2729 2518 3028 2589 nasciturus
3050 2545 3198 2602 erat,
3240 2551 3307 2589 ex
3334 2536 3428 2589 illo

1839 2626 2000 2690 malo,
2031 2641 2140 2696 quo
2170 2627 2415 2680 morituri
2445 2634 2617 2689 erant,
2651 2627 2871 2691 bonum,
2901 2627 3045 2694 quod
3077 2626 3272 2679 malum
3299 2628 3310 2680 i
3337 2626 3426 2681 Iud

1839 2719 2096 2782 vinceret,
2129 2717 2470 2787 omnipotens
2499 2716 2640 2773 Deus
2669 2732 2786 2772 sese
2820 2716 3082 2772 iacturum
3101 2719 3427 2786 providerat.

1839 2807 2002 2876 Cujus
2029 2808 2273 2878 profecto
2303 2809 2426 2862 boni
2458 2809 2800 2878 magnitudo,
2833 2809 2954 2876 quis
3003 2809 3179 2864 lidelis
3209 2826 3315 2864 non
3347 2811 3426 2864 vi-

1837 2897 1964 2952 deat
1989 2913 2149 2966 qttam
2187 2897 2500 2954 mirabiliter
2527 2899 2801 2954 excellat?
2846 2899 3034 2968 Magna
3059 2901 3259 2970 quippe
3304 2909 3428 2956 sunt

1839 2990 2012 3048 mala,
2045 3001 2162 3056 qua:
2185 3002 2281 3055 per
2309 2987 2492 3057 prima:
2518 2989 2688 3058 culpae
2737 2990 2985 3043 meritum
3028 2991 3290 3058 patimur,
3331 2991 3425 3045 sed

1839 3080 1956 3148 qui.
1986 3079 2190 3134 electus
2215 3079 2384 3134 nollet
2407 3079 2591 3150 pejora
2619 3080 2860 3150 perpeti,
2890 3095 3050 3149 quam
3084 3089 3288 3135 tantum
3320 3080 3427 3134 Re-

1840 3172 2174 3242 demptorem
2216 3188 2322 3226 non
2345 3173 2582 3228 habere?
2624 3171 2862 3240 Eligatur
2881 3188 3012 3242 ergo
3043 3190 3173 3241 rex;
3223 3175 3315 3230 sed
3343 3191 3425 3229 re-

1838 3261 2146 3330 probandus
2180 3279 2192 3313 :
2225 3262 2452 3330 eligatur
2493 3265 2650 3332 180
2681 3264 2824 3316 veiut
2875 3263 3270 3330 indignatione,
3322 3279 3426 3320 non

1838 3352 2115 3406 voluntate
2145 3353 2236 3406 Dii
2269 3371 2281 3405 :
2310 3353 2671 3422 subsequatur
2717 3369 2846 3421 ergo
2877 3369 2974 3408 ιλιι
3000 3351 3151 3421 juxta
3178 3369 3274 3408 cor
3301 3353 3425 3420 Dei;

1838 3453 1897 3498 ut
1925 3460 1993 3498 ex
2017 3445 2201 3512 judicii
2231 3444 2347 3513 ejus
2375 3444 2712 3500 districtione
2736 3445 2987 3501 vindicta:
3012 3445 3206 3499 malum
3240 3461 3426 3515 proce-

1837 3536 1927 3590 dat
1954 3538 2006 3588 in
2031 3535 2322 3604 reprobos;
2353 3543 2408 3589 et
2438 3535 2638 3590 bonum
2658 3576 2672 3600 ,
2717 3536 2862 3606 quod
2908 3551 2973 3589 ex
3005 3535 3148 3590 malo
3191 3534 3424 3592 facturus

1837 3639 2118 3698 erat,.per
2147 3631 2450 3698 largitatem
2477 3627 2668 3683 divina:
2695 3628 2880 3697 gratia:
2919 3628 3179 3682 redundet
3209 3628 3258 3681 in
3291 3628 3425 3697 pios,

1838 3719 1967 3774 dum
2001 3721 2072 3774 il’i
2101 3721 2152 3774 iu
2176 3721 2336 3784 malo,
2359 3721 2500 3788 quod
2527 3721 2772 3788 cupiunt,
2795 3721 2992 3774 cadere
3021 3720 3424 3788 permittuntur.

1837 3809 1944 3864 Sed
1974 3809 2112 3863 unde
2127 3827 2186 3864 se
2203 3809 2275 3862 illi
2300 3809 2656 3878 praecipitant,
2680 3810 2874 3876 agitur,
2898 3817 2956 3862 ut
2975 3809 3063 3862 alii
3087 3824 3424 3877 nequaquam

1837 3899 2049 3955 cadant.
2073 3899 2176 3953 Sed
2201 3899 2325 3967 quia
2355 3899 2435 3952 bis
2457 3900 2633 3953 verbis
2649 3897 2906 3965 judicium
2923 3897 3114 3952 divinm
3135 3899 3425 3952 districtio-

1840 3989 1923 4044 nis
1950 3989 2242 4056 asseritur,
2290 3989 2566 4043 videamus
2604 3987 2748 4056 jam,
2789 3995 2988 4058 quanta
3028 3988 3428 4057 dispensatione

1839 4082 2026 4145 utitur,
2052 4096 2120 4135 ne
2145 4081 2196 4136 id
2218 4081 2357 4135 male
2377 4079 2736 4136 deliberantes
2762 4087 2942 4148 agant,
2982 4079 3122 4134 unde
3149 4079 3422 4147 puniatur.

1833 4174 1972 4246 Nam
2002 4174 2244 4244 sequitur
2270 4192 2284 4228 :

1911 4283 2088 4354 (Vers.
2121 4283 2202 4349 9.)
2234 4281 2390 4338 Nunc
2415 4301 2536 4353 ergo
2562 4283 2683 4337 audi
2725 4300 2890 4338 vocem
2917 4299 3128 4345 eorum;
3171 4293 3424 4336 rerumm-

1835 4390 1954 4428 men
1977 4384 2267 4429 contestans
2295 4391 2402 4436 eos,
2435 4385 2483 4429 et
2515 4376 2707 4443 pra'tlic
2733 4377 2804 4429 eis
2819 4375 2909 4445 jus
2940 4376 3076 4446 regis
3095 4414 3111 4441 ,
3137 4374 3222 4445 qui
3252 4390 3442 4445 regna-

1841 4473 1985 4518 turus
2011 4472 2086 4517 est
2115 4481 2269 4534 super
2294 4481 2399 4518 eos.
3045 4468 3052 4472 ’

149 4565 436 4620 ricordiam
469 4581 807 4635 nequaquam
836 4567 1205 4636 prohibentur.
1239 4566 1341 4622 Sed
1373 4577 1427 4622 et
1461 4584 1579 4636 qua:
1603 4585 1735 4625 eon-
1770 4597 1816 4655 υ
1911 4573 1964 4628 8.
1997 4574 2156 4641 Quasi
2204 4583 2390 4644 aperta
2431 4575 2740 4629 ostensione
2774 4573 3072 4628 clementiae
3115 4572 3258 4626 dicat
3291 4589 3303 4623 :
3337 4571 3427 4624 Sic

150 4653 262 4707 cedi
302 4654 538 4722 dignitas
593 4669 691 4722 pro
746 4655 979 4709 vindicta
1032 4657 1232 4722 potuit,
1284 4673 1391 4711 non
1449 4661 1736 4728 tranquilla

151 4741 250 4811 maj
288 4752 431 4797 state
460 4742 756 4797 divinitatis
784 4745 1006 4798 concedi
1037 4744 1254 4814 debuit,
1303 4747 1396 4802 sed
1429 4749 1574 4802 velut
1602 4750 1738 4804 indi-

151 4842 329 4900 gnata.
371 4833 706 4903 lndignatam
755 4849 886 4889 vero
941 4835 1274 4904 majestatem
1314 4838 1406 4892 Dei
1457 4854 1478 4873 ί·
1529 4857 1635 4894 non
1684 4843 1736 4896 in

151 4927 381 4994 seipsam
423 4925 743 4988 asserimus,
791 4942 908 4994 quze
938 4929 1173 4996 passioni
1208 4946 1312 4983 non
1337 4930 1578 4998 subjacet
1602 4949 1616 4985 :
1641 4932 1738 4988 sed

151 5017 270 5083 quia
303 5017 432 5070 dum
476 5016 664 5086 culpas
709 5017 962 5082 discutit,
1005 5018 1388 5087 indignationis
1437 5023 1597 5076 verba
1640 5037 1740 5092 per

151 5107 457 5176 Scripturas
487 5108 636 5162 dicit.
669 5107 798 5162 Item
828 5109 950 5178 quia
980 5109 1031 5162 in
1059 5119 1244 5180 typum
1275 5113 1568 5166 carnalium
1600 5129 1739 5184 pra:-

154 5197 379 5252 ltorum
410 5201 732 5265 assumitur,
777 5201 1146 5270 reprobandtts
1191 5218 1286 5256 rex
1329 5205 1581 5272 eligitur,
1633 5221 1740 5260 non

155 5290 374 5344 electus.
407 5289 506 5344 Vel
539 5289 765 5345 fortasse
812 5291 1009 5346 idcirco
1055 5293 1314 5361 reprobus
1363 5310 1458 5349 rex
1505 5296 1739 5364 eligitur,

159 5386 210 5429 ut
231 5379 435 5434 electus
456 5396 738 5436 successor
759 5380 875 5449 ejus
895 5397 990 5435 rex
1012 5381 1175 5436 David
1205 5384 1257 5436 in
1279 5397 1346 5437 eo
1365 5395 1735 5457 cognosceret,

229 5595 254 5658 ξι
291 5585 724 5658 (Ettssanvqnnon
749 5603 975 5658 setpsam
1005 5589 1302 5644 asserimus.

233 5657 256 5690 ι·
293 5654 470 5730 θηοιᾷ
488 5664 546 5709 et
575 5654 770 5729 Vatie.,
796 5654 1177 5730 persecutores;
1195 5658 1479 5728 legendum
1507 5676 1738 5730 praecur-o

161 5739 323 5792 sares,
353 5735 408 5779 ut
437 5725 606 5795 liquet
630 5741 696 5782 ex
724 5725 842 5797 cap.
866 5727 927 5795 2,
963 5743 1106 5783 num.
1156 5729 1214 5797 4,
1241 5725 1339 5786 etsi
1375 5725 1737 5802 inde'quoque

1843 4665 1967 4721 audi
1999 4681 2157 4721 voces
2188 4681 2373 4720 eorum
2395 4709 2409 4732 ,
2436 4675 2494 4721 ut
2519 4678 2696 4721 tamen
2744 4667 2841 4737 ipsi
2889 4667 3036 4737 prius
3082 4666 3148 4719 de
3189 4665 3309 4733 jure
3341 4680 3427 4718 re-

1841 4759 1956 4826 gis,
2003 4773 2164 4831 quem
2214 4765 2442 4827 petunt,
2491 4759 2712 4812 audiant
2757 4758 2898 4827 quod
2951 4761 3345 4826 expavescant;
3378 4762 3426 4806 et

1840 4851 1991 4904 velut
2029 4861 2155 4903 tunc
2207 4849 2346 4904 male
2403 4857 2580 4918 empta
2637 4849 2915 4913 deserant,
2974 4862 3115 4908 cum,
3149 4860 3308 4914 quam
3363 4844 3435 4898 sit

1842 4953 1933 4994 res
1978 4954 2205 4995 onerosa
2230 4982 2244 5008 ,
2281 4954 2484 5009 cognos
2521 4940 2661 5008 itur,
2703 4955 2861 5008 quam
2912 4939 3186 5008 petebant.
3239 4935 3428 5005 Sequi-

1847 5041 1933 5086 tttr
1961 5049 1972 5084 :
2666 5102 2670 5106 ~

1921 5121 2096 5188 (Vers.
2131 5122 2339 5192 10-17.)
2373 5122 2520 5176 Dixit
2549 5124 2719 5192 itaque
2748 5122 2919 5173 omnia
2950 5118 3100 5174 verba
3131 5119 3338 5172 Domini
3365 5119 3436 5170 ml

1849 5211 2111 5282 pupulum,
2141 5215 2225 5283 qui
2255 5215 2464 5283 petierat
2490 5229 2522 5264 a
2549 5229 2603 5266 se
2631 5229 2821 5281 regem,
2866 5219 2912 5263 et
2939 5213 3012 5263 ait
3037 5226 3053 5264 :
3091 5211 3203 5264 Hoc
3230 5211 3324 5263 erit
3341 5208 3428 5279 jus

1851 5302 2012 5371 regis,
2045 5302 2130 5373 qui
2161 5303 2502 5372 imperaturus
2543 5314 2618 5357 est
2649 5302 2806 5356 vobis.
2852 5301 3019 5356 Filios
3050 5312 3240 5356 vestros
3269 5301 3432 5358 tollet.

1843 5399 1891 5444 et
1919 5402 2074 5460 pauet
2100 5394 2151 5446 in
2181 5393 2413 5447 curribus
2453 5394 2559 5446 suis
2580 5434 2595 5461 ,
2645 5394 2895 5465 facietque
2923 5392 3019 5447 sibi
3063 5393 3285 5462 equites,
3318 5388 3342 5424 ιι
3379 5397 3430 5440 et

1844 5593 2113 5652 discamus
2144 5595 2324 5653 multis
2352 5593 2404 5649 in
2434 5592 2713 5650 codicibus
2741 5594 2868 5650 olim
2909 5593 3108 5650 lectum
3129 5635 3144 5661 ,
3188 5609 3423 5664 persccu.

1847 5673 1999 5720 τοῖσδ.
