3962 6274
612 287 717 339 2'23

1822 293 2067 348 sane“
2107 290 2434 349 cuucoun
2477 299 2689 353 MAGXI
3771 313 3850 368 ω

611 414 951 465 ργαιειινδονεε
995 401 1358 470 quadrigarum
1401 417 1609 455 suarum
1641 419 1657 455 :
1689 412 1737 456 ct
1780 407 2052 459 constituet
2094 404 2190 459 sibi
2220 404 2265 461 Λ
2294 406 2552 464 audacius
2577 426 2719 466 nunc
2747 413 2885 467 mala
2934 416 3317 487 proponimus,
3360 429 3566 489 quanto
3608 420 3709 489 jam
3750 444 3849 483 cum

611 489 859 552 tribunos,
892 501 943 545 et
971 495 1308 554 centuriones.
1341 504 1391 547 et
1437 505 1668 551 aratores
1698 514 1939 568 agrorum
1960 517 2188 563 suorum,
2297 496 2513 554 robusta
2561 499 2845 569 iuventute
2896 506 3118 570 Smculi.
3170 509 3332 563 robur
3381 512 3595 565 exaruit
3643 512 3851 573 humanm

613 592 654 633 rt
686 600 935 637 mes‘ores
963 602 1080 655 sege
1102 602 1183 638 um
1206 629 1220 653 ,
1250 597 1298 639 et
1328 587 1501 659 fabros
1530 608 1819 657 armorum,
1860 603 1909 646 et
1952 611 2191 648 crvi-unm
2294 589 2617 646 conditionis
2650 611 2665 646 ι
2702 602 2852 648 tanto
2879 595 3149 651 difﬁcilius
3176 598 3321 667 quod
3354 600 3495 654 male
3524 610 3608 655 est
3635 610 3843 673 proposi-

606 692 815 727 suorum
838 692 856 727 :
881 677 1021 745 ﬁlias
1044 694 1238 748 quoque
1261 689 1452 735 vestras
1493 684 1645 752 faciet
1670 683 1766 738 sibi
1796 689 2191 755 unguentarius,
2297 688 2408 733 lum
2452 698 2801 749 revocamus.
2848 695 3051 755 quam"
3099 703 3167 741 ΘΧ
3212 688 3390 743 laxa")
3434 690 3619 757 νῘΒοτθ
3642 694 3850 763 δρίτίιυε,

603 771 652 814 et
682 766 910 832 focarias
929 808 943 830 ,
974 774 1024 818 et
1064 770 1339 837 pani/iens.
1370 772 1538 841 Agros
1563 790 1758 844 quoque
1786 785 2009 840 ves/ras,
2040 785 2088 829 et
2116 778 2190 829 υἱ-
2296 786 2445 825 mens
2469 781 2648 827 nostra
2675 774 2906 829 carnalis
2947 774 3195 831 eﬂicitur.
3227 778 3305 831 Ita
3335 780 3478 832 enim
3520 782 3848 842 sunthumani

602 868 747 914 neas,
780 862 829 906 et
850 855 1034 908 oliveta
1076 859 1269 926 optima
1300 861 1461 925 tollet,
1502 871 1550 914 et
1576 862 1718 915 dabit
1744 866 1899 917 servis
1926 866 2052 918 suis.
2085 865 2193 918 Sed
2294 865 2496 934 lapsus,
2526 874 2581 919 ut
2609 867 2752 934 quod
2776 867 2828 921 in
2856 868 3121 936 Spirituali
3146 870 3347 924 virtute
3376 869 3580 938 deﬁcit,
3610 874 3658 927 in
3680 880 3848 932 carnali

600 953 651 993 et
679 951 874 1012 segetes
902 955 1096 1000 vestras
1115 990 1128 1012 ,
1150 957 1200 1001 et
1229 952 1491 1005 vinearum
1515 954 1707 1008 reditus
1734 956 2107 1021 addecimabit,
2133 966 2189 1010 ut
2293 958 2402 1011 vita
2431 959 2736 1012 roboretur.
2759 958 2962 1014 .Omnia
2990 962 3204 1028 quidem
3237 963 3353 1017 hinc
3373 963 3523 1032 juxta
3548 968 3741 1034 egregii
3772 971 3849 1024 do-

603 1036 688 1083 det
727 1034 972 1087 eunuchis
993 1047 1043 1088 et
1073 1039 1281 1106 funtulis
1306 1043 1432 1095 suis.
1476 1042 1659 1097 Servos
1688 1046 1843 1097 etiam
1882 1056 2109 1110 vestros,
2139 1056 2191 1101 et
2291 1047 2455 1100 cteris
2496 1063 2681 1102 vocem
2726 1066 2738 1101 :
2776 1048 2842 1103 In
2882 1052 3051 1120 ﬁgura
3088 1052 3455 1123 contingebant
3507 1055 3614 1108 illis
3642 1072 3661 1109 :
3691 1063 3849 1124 scripta

602 1124 841 1187 ancillas,
866 1126 1076 1195 juvenes
1098 1131 1336 1198 optimos,
1361 1143 1411 1186 et
1438 1135 1612 1189 asinos
1637 1139 1854 1206 auferet,
1884 1148 1932 1190 et
1953 1150 2106 1207 ponet
2134 1140 2189 1192 in
2290 1149 2406 1192 sunt
2439 1149 2605 1193 vatem
2634 1149 2843 1210 propter
2870 1141 3038 1213 nos‘(I
3070 1144 3188 1198 (for.
3234 1160 3294 1208 Χ,
3342 1144 3451 1213 11).
3505 1144 3623 1200 Jam
3663 1148 3848 1215 quidm:

602 1232 755 1282 opere
780 1236 893 1275 suo.
928 1219 1119 1292 Creges
1158 1241 1355 1294 quoque
1383 1236 1576 1281 vestros
1599 1229 1972 1296 addecimabit,
2003 1248 2191 1303 vosque
2290 1237 2476 1298 aperte
2505 1232 2878 1296 cognoscimus
2924 1233 3112 1286 horum
3164 1235 3524 1290 lsraelitarum
3572 1239 3847 1301 audaciam.

598 1308 742 1361 eritis
770 1311 817 1363 εξ
842 1312 1001 1376 ςδενυῑ,
2293 1332 2409 1386 1111ῖῦ
2437 1319 2630 1374 divina)
2667 1321 3050 1391 indignationis
3096 1324 3297 1393 judicia
3343 1338 3533 1383 secuta
3583 1341 3710 1385 sunt
3748 1351 3761 1385 :
3808 1346 3849 1388 et

671 1398 721 1451 9.
747 1398 878 1453 Cum
932 1417 960 1454 τι
1001 1404 1305 1458 carnalibus
1328 1406 1588 1474 subjeclio
1618 1410 1910 1478 qumritur,
1939 1412 2186 1481 profecto
2288 1419 2467 1465 tamen
2495 1420 2681 1466 contra
2723 1414 3062 1468 voluntatem
3117 1417 3244 1479 Dei,
3287 1430 3480 1473 contra
3531 1423 3847 1490 praelatonmi

597 1487 851 1556 quidquil
885 1493 1190 1560 prmeipitur
1218 1495 1327 1557 eis,
1357 1510 1521 1563 grave
1551 1506 1660 1562 est,
1693 1500 1792 1553 etsi
1822 1517 1925 1554 non
1956 1502 2023 1556 sit
2050 1502 2186 1556 dilli-
2287 1513 2485 1556 saneta:
2537 1500 2785 1558 Ecclesia:
2835 1507 3117 1560 consilium
3165 1509 3370 1576 agenda
3418 1526 3721 1581 preponcre
3763 1532 3847 1569 non

597 1578 700 1633 cile
730 1597 742 1631 :
775 1580 900 1648 quia
930 1597 1049 1635 cum
1074 1598 1141 1637 ex
1166 1587 1431 1651 superbia:
1463 1595 1670 1642 tumore
1700 1589 1951 1655 habeant,
1981 1600 2040 1645 ut
2061 1609 2185 1662 pro-
2288 1592 2559 1647 timemus.
2588 1592 2645 1647 ln
2668 1595 2808 1649 malo
2836 1611 3052 1667 quoque
3080 1600 3358 1669 proposito
3400 1603 3713 1671 reprehensi
3740 1610 3847 1661 ι·εεί-

596 1672 725 1739 prin:
757 1672 1047 1730 voluntatis
1071 1678 1209 1731 axbit
1242 1679 1348 1733 ium
1376 1690 1687 1748 sequantur,
1718 1684 1809 1751 qui
1833 1684 1973 1752 lquid
1995 1700 2180 1740 eorum
2288 1683 2508 1749 alimus,
2559 1693 2616 1740 et
2661 1686 2898 1739 salubria
2942 1687 3205 1757 majorum
3256 1693 3479 1746 consilia
3526 1694 3846 1765 insuperabili

596 1761 968 1820 deliberationi
994 1768 1191 1834 obviat,
1225 1771 1593 1837 gravissimum
1631 1784 1878 1843 pensant.
1907 1775 2023 1829 Jam
2051 1793 2180 1833 vero
2212 1773 2259 1832 Β
2283 1774 2425 1828 malo
2454 1776 2767 1843 ροινὶοειοίίνε
2809 1778 3025 1833 Vincere
3055 1795 3333 1836 conamur-
3390 1783 3643 1839 Videmus
3687 1791 3846 1856 quanti

591 1868 714 1907 cum
743 1853 876 1911 dura
902 1865 957 1911 et
998 1861 1265 1913 contraria
1289 1860 1578 1929 jubentur,
1626 1879 1745 1932 qua:
1792 1866 1840 1919 ei
1887 1876 1970 1920 est
2011 1870 2179 1924 moles

590 1945 807 2000 oneris?
829 1947 919 2015 qui
951 1956 1128 2003 tumor
1157 1952 1371 2006 COrtliS?
1394 1952 1526 2006 Cum
1552 1956 1692 2008 ferre
1723 1957 1885 2010 etiam
1906 1958 2025 2012 b'an
2047 1961 2097 2013 la
2125 1969 2179 2014 et

590 2034 725 2089 levia
754 2039 842 2092 vix
870 2041 1115 2097 nolentes
1144 2054 1393 2112 possent,
1421 2061 1540 2115 qua:
1579 2050 1621 2102 si
1658 2049 1892 2116 vellent,
1926 2050 2178 2108 facillime

589 2129 954 2195 pertulissent.
989 2133 1274 2191 Videamus
1300 2152 1430 2207 ergo
1459 2140 1636 2195 stulta:
1660 2141 1896 2197 audacia:
1924 2143 2174 2211 hominis,

586 2235 750 2288 quam
781 2223 937 2291 digne
986 2228 1312 2297 respondeat
1350 2231 1435 2299 pia
1473 2232 1803 2300 disrensatio
1845 2235 2170 2293 Conditoris.

585 2307 715 2365 Jura
774 2313 1048 2370 hominum
1113 2331 1489 2389 proponuntur
1529 2326 1999 2381 contemnentibus
2051 2329 2174 2395 jura

587 2399 713 2464 Dei;
738 2412 792 2456 et
818 2405 917 2470 his,
949 2408 1040 2475 qui
1072 2409 1219 2462 mitia
1248 2418 1303 2464 et
1341 2412 1576 2466 salubria
1607 2414 1901 2471 divinitatis
1948 2419 2172 2474 consilia

583 2501 919 2557 spreverant,
950 2494 1083 2548 dura
1113 2504 1169 2550 et
1217 2497 1578 2567 importabilia
1609 2502 1853 2557 humana:
1899 2506 2172 2562 servitutis

584 2594 750 2633 onera
782 2584 1141 2650 prmdicuntur
1176 2604 1189 2640 :
1222 2598 1280 2641 ut
1306 2606 1373 2643 ex
1411 2590 1492 2645 his
1519 2607 1700 2646 secum
1734 2595 1995 2651 rationem
2024 2597 2170 2654 face-

584 2681 727 2737 rent,
773 2685 936 2739 quam
966 2675 1324 2733 intolerabilia
1351 2691 1532 2736 essent
1563 2682 1785 2752 imperia
1812 2685 2043 2743 hominis
2068 2690 2167 2753 eis,

2283 1864 2405 1917 mali
2439 1866 2828 1922 incrementum
2857 1868 2952 1932 sit,
2988 1881 3275 1939 pereuntes
3324 1874 3606 1943 aspicere,
3639 1885 3693 1930 et
3718 1882 3846 1947 sequi

2279 1956 2347 2008 ad
2378 1956 2736 2025 perditionem
2763 1976 2951 2014 eorum
2979 1964 3202 2031 vestigia
3232 1980 3341 2019 non
3373 1966 3567 2023 timere
3596 1987 3609 2022 :
3635 1972 3844 2041 ptenalrs

2277 2048 2502 2117 laqueos
2527 2052 2715 2105 mortis
2735 2052 3072 2109 incurrentes
3092 2072 3337 2117 cernere,
3363 2067 3419 2112 et
3434 2060 3644 2115 eisdem
3666 2063 3844 2132 laqueis

2277 2143 2473 2198 irretiri
2525 2161 2856 2216 nequaquam
2908 2157 3171 2205 metuere.
3231 2151 3296 2205 Et
3326 2152 3403 2206 illi
3430 2154 3652 2224 quidem
3682 2166 3842 2214 contra

2279 2234 2488 2288 Domini
2516 2236 2845 2291 voluntatem
2874 2252 3056 2306 regem
3089 2242 3390 2309 petierunt;
3415 2243 3512 2297 sed
3552 2260 3583 2298 a
3613 2247 3752 2315 regia
3777 2248 3841 2301 di-

2275 2324 2479 2391 gnitate
2509 2334 2697 2394 pOStea
2733 2336 2912 2383 actum
2936 2336 3046 2394 est,
3076 2337 3135 2383 ut
3162 2332 3420 2401 populus,
3445 2335 3539 2403 qui
3566 2335 3731 2391 Deum
3764 2338 3841 2393 ab

2270 2412 2506 2484 jecerat,
2561 2415 2707 2469 idola
2753 2418 2990 2484 coleret,
3040 2420 3326 2476 simulacra
3370 2424 3648 2481 adoraret.
3694 2426 3839 2493 Quam

2274 2506 2569 2561 reverenda
2605 2521 2735 2576 ergo
2760 2508 2866 2562 sint
2893 2509 3156 2579 m-‘jorum
3185 2513 3428 2567 consilia.
3461 2516 3763 2583 cernimus,
3800 2522 3836 2575 si

2274 2601 2380 2656 hoc
2424 2602 2655 2658 sollicite
2692 2604 3102 2660 consideramus
3134 2608 3300 2676 :quia
3346 2609 3438 2678 qui
3491 2626 3554 2664 ea
3586 2610 3836 2681 despicere

2272 2693 2386 2747 ausi
2406 2704 2549 2759 sunt,
2582 2695 2685 2750 hoc
2705 2711 2764 2750 se
2792 2711 2899 2751 non
2948 2696 3300 2766 providerunt
3342 2715 3538 2769 agere,
3571 2703 3710 2757 unde
3749 2713 3835 2758 tam

578 2762 671 2831 qui
701 2779 807 2819 non
839 2775 946 2820 tam
980 2768 1291 2839 imperantis
1313 2814 1329 2839 ,
1360 2791 1521 2845 quam
1568 2780 1839 2834 monentis
1871 2780 1991 2847 Dei,
2019 2798 2087 2838 ne
2116 2784 2169 2838 id

580 2860 848 2921 peterent,
894 2860 1136 2915 consiliis
1185 2864 1404 2921 obedire
1447 2868 1765 2927 noluissent.
1816 2872 1854 2927 S
1889 2873 1923 2928 d
1968 2875 2169 2931 habent

574 2942 737 2996 corda
759 2947 1053 3003 carnalium
1086 2953 1440 3008 temeritatem
1467 2972 1533 3012 ex
1556 2958 1888 3017 incremento
1908 2965 2163 3031 audaciae,

572 3033 770 3089 habent
799 3037 1049 3095 duritiam
1081 3057 1147 3097 ex
1177 3045 1532 3106 simulationis
1579 3053 1807 3108 ratione.
1839 3055 1920 3110 Ex
1944 3060 2166 3114 temeri-

2272 2785 2537 2856 profundo
2567 2792 2770 2843 erroris
2798 2789 2988 2859 pelago
3011 2790 3250 2861 demergi
3293 2793 3623 2862 potuissent.
3673 2794 3834 2850 Merito

2271 2879 2431 2947 igitur
2454 2894 2514 2935 se
2541 2879 2810 2948 abjectum
2841 2880 3103 2937 Dominus
3147 2882 3200 2936 in
3230 2884 3374 2951 regis
3420 2885 3686 2954 petitione
3728 2901 3833 2939 con~

2269 2970 2531 3038 queritur,
2564 2972 2757 3025 merito
2778 2972 2981 3040 regiam
3011 2972 3326 3041 dignitatem
3347 2970 3599 3029 concedit
3622 2975 3832 3044 indigna-

2271 3070 2375 3116 tus.
2415 3060 2584 3116 Tanta
2622 3062 2840 3131 quidem
2886 3072 3005 3119 erat
3044 3064 3297 3133 iniquitas
3337 3067 3749 3135 postulantium,
3787 3076 3829 3120 ut

572 3134 682 3180 tate
709 3129 925 3197 quidem
951 3132 1109 3189 facile
1129 3139 1333 3205 agenda
1356 3140 1683 3211 deliberant;
1714 3147 1809 3201 sed
1841 3150 1988 3218 quia,
2012 3153 2153 3219 quod
2180 3156 2230 3220 ο
2258 3169 2379 3210 cum
2409 3153 2537 3208 illud
2569 3129 2844 3222 peterent,
2879 3170 2977 3223 per
3006 3156 3150 3224 quod
3193 3171 3226 3212 a
3270 3156 3382 3212 Deo
3414 3160 3759 3223 recederent,
3780 3174 3828 3212 ei

571 3213 712 3267 male
743 3229 1084 3288 proponunt,
1142 3240 1249 3279 non
1281 3227 1614 3299 intelligunt,
1654 3236 1937 3291 meliorum
1968 3241 2159 3295 consl-

2270 3245 2364 3299 Dei
2390 3243 2595 3313 judicio
2637 3245 2874 3313 permitti
2920 3254 3132 3314 posset,
3172 3247 3447 3317 prohiberi
3497 3265 3607 3304 non
3656 3260 3830 3319 posset.

571 3306 655 3360 liis
683 3308 920 3376 adjuvari
950 3328 1059 3368 non
1084 3327 1328 3384 possunt.
1364 3325 1542 3386 Quare
1569 3334 1625 3379 et
1655 3326 1740 3382 hic
1783 3343 2000 3400 quoque
2042 3333 2164 3388 sub-
2265 3306 2409 3402 Qnia
2434 3352 2562 3390 vero
2588 3306 2702 3391 hinc
2745 3334 2898 3405 juxta
2929 3337 3165 3393 litteram
3194 3339 3463 3407 diximus,
3514 3342 3645 3411 quid
3692 3342 3829 3396 etiam

568 3394 713 3451 ditur
747 3415 759 3451 :

641 3489 817 3559 (Vere.
848 3493 959 3565 l9.)
993 3495 1176 3552 Noluit
1205 3504 1423 3571 papulas
1458 3508 1642 3561 audire
1670 3523 1840 3565 vocem
1871 3512 2150 3569 Samuelis.

570 3579 637 3632 Et
659 3582 902 3640 dixerunt
928 3604 947 3642 :
976 3587 1351 3661 Nequaquam:
1382 3614 1475 3650 rea:
1504 3602 1639 3654 enim
1669 3605 1764 3656 erit
1780 3621 1937 3675 super
1962 3624 2079 3675 nos,
2105 3621 2151 3663 et

565 3673 757 3731 erimus
804 3694 896 3733 nos
943 3698 1174 3755 quoque,
1228 3688 1361 3740 sicut
1387 3706 1562 3746 omnes
1582 3706 1788 3764 gentes,
1827 3708 1878 3751 et
1898 3699 2154 3769 judicabit

565 3780 657 3818 nos
680 3782 773 3820 rex
792 3778 984 3836 noster,
1009 3783 1059 3826 et
1086 3776 1371 3845 egredietur
1391 3790 1513 3834 ante
1531 3798 1646 3852 nos,
1675 3794 1726 3839 et
1743 3789 1992 3860 pugnabit
2017 3791 2153 3847 bella

560 3867 741 3913 nostra
769 3879 863 3928 pro
887 3866 1059 3921 nobis.

634 3948 720 4003 10.
751 3952 952 4029 Magnae
982 3959 1196 4026 quidem
1226 3966 1543 4024 temeritatis
1570 3971 1802 4041 exstitit,
1835 3984 2023 4031 contra
2054 3979 2148 4037 Dei

565 4039 894 4098 voluntatem
923 4061 1105 4111 regem
1154 4060 1370 4120 prtere;
1400 4071 1606 4126 magna:
1633 4060 1842 4119 duritia:
1863 4108 1877 4130 ,
1907 4071 2149 4128 consiliis

562 4129 836 4234 propheta:
868 4130 1006 4188 vinci
1044 4152 1149 4191 non
1179 4155 1354 4208 posse.
1400 4144 1603 4215 Magna:
1633 4129 1947 4211 temeritatis
1983 4162 2139 4234 131

556 4214 688 4283 fuit,
721 4220 768 4273 ei
795 4223 1033 4280 rationes
1069 4244 1403 4299 pr0ponere,
1450 4251 1611 4306 quem
1641 4242 1881 4299 sciebant
1927 4214 2141 4317 enitet;

557 4321 677 4373 quae
707 4318 926 4368 acturus
967 4325 1109 4383 erat,
1159 4321 1434 4379 revelante
1476 4325 1734 4397 Domino,
1787 4336 1935 4402 prius
1981 4340 2139 4397 scire.

558 4396 761 4469 Magna:
786 4401 1014 4471 duritiae,
1046 4408 1121 4463 illi
1148 4426 1253 4465 non
1280 4416 1643 4487 acquiescere,
1676 4439 1835 4491 quem
1879 4442 2143 4489 noverant

2264 3427 2615 3497 Spiritualiter
2639 3428 2922 3500 designent
2949 3444 3046 3495 ea,
3092 3445 3211 3501 quae
3252 3432 3605 3488 continentur
3642 3434 3694 3489 in
3730 3433 3829 3504 jure

2265 3519 2414 3588 regio
2429 3561 2446 3588 ,
2474 3519 2771 3577 videamus.

2310 3606 2313 3607 ⁷
2889 3611 3116 3667 CAPUT
3154 3612 3219 3668 ll.

2339 3705 2387 3758 l.
2428 3702 2655 3772 Abjet-to
2686 3704 2882 3757 itenim
2928 3704 3179 3759 Samuele
3200 3744 3215 3769 ,
3246 3721 3339 3760 rex
3369 3706 3603 3776 petitur:
3638 3707 3826 3776 quando

2260 3795 2489 3864 reproba
2519 3794 2811 3847 multitudo
2836 3794 3017 3864 pepuli
3051 3794 3386 3862 Spiritualem
3425 3807 3698 3864 pastorem
3723 3796 3827 3849 des-

2258 3887 2415 3957 picit,
2448 3896 2503 3939 et
2531 3874 2762 3956 praéesse
2790 3886 2891 3940 sibi
2931 3887 3202 3940 carnalem
3244 3903 3294 3955 q:
3317 3888 3455 3940 :crit.
3489 3887 3626 3940 Cum
3657 3889 3827 3958 quibus

2255 3994 2397 4047 saepe
2426 3977 2617 4031 divime
2645 3976 2913 4045 tequitalis
2943 3977 3113 4030 diSll'lt
3133 3978 3278 4032 tione
3305 3978 3502 4045 agitur,
3534 3987 3592 4031 ut
3620 3994 3687 4031 eo
3710 3978 3825 4046 ipsi,

2254 4070 2396 4139 quod
2427 4068 2659 4122 electum
2693 4066 3102 4135 praedicatorem
3135 4066 3465 4135 despiciunt,
3498 4067 3720 4121 subesse
3755 4083 3827 4120 re-

2254 4161 2425 4229 probo
2450 4158 2859 4227 permittantur:
2892 4172 2955 4211 ex
2987 4157 3141 4223 cujus
3173 4157 3475 4211 imitatione
3508 4165 3659 4210 tanto
3690 4156 3722 4209 d
3758 4165 3826 4210 te-

2252 4252 2362 4304 rius
2393 4258 2643 4320 pereant,
2666 4259 2870 4319 quanto
2917 4250 3108 4319 majori
3145 4249 3393 4317 superbia
3450 4248 3502 4302 id
3538 4265 3605 4302 ex
3634 4264 3737 4317 quo
3762 4247 3827 4299 vi-

2255 4357 2381 4397 vere
2408 4358 2462 4396 m
2491 4351 2753 4397 :cternum
2789 4351 3078 4410 poterant,
3107 4341 3361 4397 audacius
3399 4345 3823 4396 contemnebant.

2237 4405 2379 4487 Cum
2420 4446 2548 4501 ergo
2591 4433 2680 4502 jus
2720 4433 2862 4501 regis
2919 4433 3116 4503 przedic
3138 4441 3243 4499 tur,
3282 4431 3534 4485 nimirum
3576 4430 3636 4485 in
3685 4431 3825 4484 unius

556 4503 618 4542 ea
652 4500 887 4558 tantum,
921 4512 1039 4565 quae
1075 4499 1303 4558 Domino
1352 4509 1628 4566 revelante
1652 4513 1939 4582 didicerat,
1973 4520 2143 4594 impe-
2177 4535 2223 4594 ι)
2248 4499 2503 4582 carnalis
2534 4526 2809 4597 praepositi
2858 4526 3275 4582 conversatione
3322 4523 3645 4587 ostenditur,
3694 4523 3822 4593 quod

556 4594 698 4635 rare.
747 4582 878 4638 Nam
928 4588 1053 4655 quid
1102 4600 1214 4657 est,
1252 4596 1395 4663 quod
1442 4602 1855 4673 respondentes,
1906 4582 2135 4668 dir-urit:

552 4668 914 4747 Nequaquam,
936 4682 1027 4735 sed
1054 4701 1147 4738 rex
1173 4689 1272 4759 erit
1300 4706 1452 4760 super
1480 4668 1609 4749 nos?
1634 4694 1739 4752 Sed
1764 4668 1883 4770 qui,
1918 4701 2136 4776 Nequa-

548 4781 726 4836 quam,
778 4769 992 4839 dicunt,
1045 4777 1287 4845 profecto
1343 4782 1397 4836 id
1449 4798 1647 4854 negant
1700 4769 2133 4859 quod'audiuut.

547 4858 747 4926 Aperte
772 4876 901 4931 ergo
944 4864 1123 4923 inhoc
1150 4871 1319 4925 verbo
1366 4858 1874 4950 ostenditurpquia
1920 4886 1988 4940 ad
2032 4890 2137 4945 hoc

547 4948 810 5015 propheta
841 4966 1003 5019 grave
1027 4956 1115 5023 jus
1141 4961 1279 5027 regis
1300 4965 1567 5033 exposuit,
1597 4977 1653 5023 ut
1675 4948 2015 5041 nequaquam
2040 4995 2134 5047 pe-

547 5046 772 5095 teretur.
800 5040 896 5098 Jus
946 5062 1073 5103 vero
1104 5052 1243 5118 regis
1282 5054 1531 5123 audiunt,
1581 5068 1633 5114 et
1660 5061 1711 5116 id
1743 5075 1966 5135 propter
1989 5040 2131 5137 quod

2245 4617 2491 4672 carnales
2518 4617 2701 4671 cazteri
2732 4632 2799 4671 ex
2830 4614 3115 4688 tyrannide
3142 4614 3312 4669 acturi
3339 4622 3467 4669 sunt
3493 4656 3507 4679 ,
3536 4630 3647 4667 non
3694 4613 3822 4681 quod

2241 4712 2397 4767 electi
2438 4712 2668 4767 debeant
2703 4712 2919 4766 imitari.
2952 4711 3084 4766 Nam
3118 4712 3173 4765 in
3204 4711 3391 4766 eadem
3434 4709 3642 4778 Regum
3672 4710 3821 4763 histo-

2241 4802 2316 4857 ria
2342 4804 2569 4871 legitur:
2623 4804 2749 4873 quia
2795 4819 2916 4857 cum
2974 4819 3068 4857 rex
3117 4802 3301 4858 Achab
3350 4802 3562 4857 Naboth
3619 4802 3820 4855 vineam

2238 4895 2487 4959 abstulit,
2520 4894 2652 4947 iram
2685 4894 2776 4949 Dei
2810 4894 3192 4962 omnipotentis
3240 4896 3394 4963 132
3460 4892 3705 4947 incurrit.
3736 4890 3821 4945 [lic

2236 4998 2366 5036 vero
2397 4999 2516 5035 cum
2543 4982 2631 5051 jus
2661 4984 2803 5051 regis
2829 4983 3150 5053 prmdicitur,
3182 4983 3295 5051 agri
3320 5021 3335 5045 ,
3370 4982 3573 5046 vineae,
3598 4990 3657 5035 ct
3685 4980 3818 5049 opti-

2237 5089 2321 5126 uza
2348 5073 2545 5127 olivi-ta
2591 5073 2825 5126 tollenda
2858 5090 2978 5127 esse
3008 5079 3375 5126 memorantur
3398 5070 3530 5141 (III
3558 5069 3687 5143 Reg.
3716 5086 3813 5132 χχι,

544 5131 853 5200 exponitur,
884 5134 1251 5210 detestantur;
1282 5152 1340 5198 ut
1369 5148 1719 5217 reproborum
1741 5131 1981 5210 cordium
2005 5131 2127 5229 pro.

543 5218 715 5275 fectus
744 5226 1095 5295 exprimatur,
1129 5231 1181 5285 in
1212 5235 1405 5301 quibus
1435 5240 1557 5294 mali
1589 5246 1852 5314 propositi
1883 5218 2131 5308 conisum-

540 5314 709 5369 matio
730 5326 845 5383 est,
872 5328 927 5373 et
952 5320 1428 5385 inconvertibilitas
1461 5333 1764 5392 voluntatis.
1788 5337 1893 5395 Sed
1915 5358 2015 5398 nos
2035 5360 2127 5399 an-

541 5401 688 5470 liqua
718 5412 961 5477 tempora
986 5413 1445 5486 reprehendimus,
1469 5422 1559 5492 qui
1587 5435 1771 5481 nostra
1801 5429 1985 5487 videre
2015 5450 2121 5489 non

542 5511 810 5554 curamus.
863 5502 994 5568 Qua:
1042 5506 1289 5563 nimirum
1338 5522 1607 5584 tempora,
1655 5534 1763 5588 quo
1810 5537 2123 5583 senescente

541 5587 769 5651 mundo,
801 5595 1094 5650 vetustiora
1123 5607 1278 5663 sunt,
1325 5617 1391 5657 eo
1420 5612 1475 5657 et
1507 5605 1557 5660 in
1589 5609 1828 5677 pluribus
1858 5631 1953 5683 per
1983 5625 2119 5672 tem-

545 5681 686 5744 poris
712 5698 775 5737 ac
794 5686 1129 5747 ticalittentitu
1151 5692 1335 5749 vitium
1368 5698 1693 5757 remissiora.
1725 5702 1895 5761 Tanto
1922 5713 2121 5769 ctenim

2232 5163 2267 5215 2
2289 5161 2440 5234 seq.).
2467 5162 2603 5219 Cum
2639 5177 2768 5230 ergo
2802 5162 2889 5217 hic
2937 5162 3248 5231 praedicitur
3294 5163 3439 5230 quod
3476 5162 3813 5215 commissum

2232 5254 2342 5309 illic
2387 5256 2633 5322 punitum
2690 5262 2810 5307 est:
2865 5253 3143 5317 ostendit,
3192 5252 3337 5322 quod
3390 5252 3574 5306 divine
3619 5251 3812 5320 judicio

2228 5360 2335 5400 non
2377 5345 2615 5412 jubetur.
2648 5344 2825 5408 Quare
2879 5351 2934 5396 et
2989 5342 3193 5398 electus
3248 5357 3344 5397 rex
3382 5341 3546 5396 David
3586 5358 3707 5397 cum
3752 5339 3809 5392 al

2223 5439 2592 5495 :chlicandum
2641 5438 2829 5492 altare
2858 5437 3084 5493 Domino
3121 5438 3321 5492 Ornam
3360 5437 3589 5493 Jebusau
3638 5452 3807 5491 arcam

2227 5539 2473 5603 peteret,
2507 5529 2655 5598 regio
2682 5529 2772 5583 illo
2821 5537 3172 5599 tyrannorum
3209 5522 3335 5599 jure
3378 5546 3485 5583 non
3532 5529 3606 5583 uti
3652 5527 3807 5580 voluit

2226 5625 2289 5695 (l
2320 5624 2445 5677 Par.
2471 5639 2559 5677 xm
2582 5664 2597 5687 ,
2625 5622 2725 5690 Ἡ)
2754 5640 2766 5674 :
2793 5637 2917 5677 cum
2970 5638 3091 5678 eam
3118 5624 3368 5693 accipere
3393 5623 3699 5677 nullatenus
3723 5634 3795 5673 ac.

2228 5717 2552 5785 quiesceret,
2573 5715 2673 5771 nisi
2704 5722 2829 5771 ante
2845 5730 2944 5785 pro
2973 5731 3036 5772 en
3058 5715 3276 5786 dignum
3304 5716 3536 5787 pretium
3557 5714 3801 5771 dedisset.
