3962 6270
156 316 180 330 υ

156 339 183 365 ο)

94 315 183 369 39.3
900 316 959 369 IN
1005 316 1263 372 PRIMVM
1310 317 1542 373 ΠΡΕοΜ
1588 317 2099 382 EXPUSITIONES.
2143 358 2209 368 —
2253 329 2375 385 Llli.
2423 333 2505 385 iV.
3244 342 3349 393 9.26

155 426 200 479 Ξ.
239 422 370 490 Quia
401 423 564 491 igitur
592 438 654 477 ea
681 464 697 489 ,
732 439 851 490 qua:
884 426 935 479 in
960 427 1081 494 jure
1106 428 1254 495 regio
1296 428 1659 494 continentur,
1693 435 1729 489 Α
1766 432 1997 490 humiles
2035 436 2293 493 invehunt
2316 478 2330 501 .
2363 440 2460 510 ipsi
2489 456 2705 511 quoque
2734 444 2799 498 ad
2829 448 3126 503 nocendum
3158 454 3351 520 quibus

92 517 289 572 vitanda
342 516 568 586 potius,
620 531 781 585 quam
841 517 1099 573 imitanda
1156 520 1536 589 praedicuntur,
1591 534 1660 574 eo
1763 535 2146 598 possunt,per
2167 532 2391 586 aliorum
2421 534 2774 591 ministerium
2799 539 3153 597 deducuntur.
3176 516 3350 611 'Quasi

90 606 319 662 subtilius
364 606 760 660 consideranda
812 616 971 671 sunt,
1004 621 1113 676 quo
1144 608 1301 663 vitari
1338 618 1613 678 nequeunt
1641 646 1657 671 ν
1760 616 1902 671 enim
1925 621 2301 689 quadrigarum
2332 640 2633 694 prteeursor
2658 638 2777 695 est,
2804 632 2895 699 qui
2942 632 3125 703 iniqua
3157 606 3353 691 mentis

90 702 127 753 si
154 699 473 753 uesciantur.
498 696 586 751 Ait
611 712 771 766 ergo:
802 696 970 752 Filios
998 707 1143 752 vestr.
1166 715 1191 752 s
1216 700 1396 763 tollet,
1427 707 1476 752 et
1502 707 1659 767 ponet
1761 724 1869 764 sum
1897 714 2129 766 versutia
2160 723 2329 768 artem
2361 717 2601 785 cogitat,
2636 734 2734 788 per
2756 696 2915 788 quam
2942 696 3091 778 iuni"
3114 726 3181 780 ad
3212 726 3350 782 iure-

92 797 134 846 in
153 788 378 845 curribus
424 790 556 843 suis.
580 789 699 843 Filii
742 790 1038 844 electorum
1081 791 1117 844 ii
1145 802 1302 856 sunt.
1336 791 1428 861 qui
1472 806 1659 846 00mm
1762 799 1928 853 renda
1968 801 2107 854 mala
2138 803 2355 858 mitibus
2386 805 2712 862 introducat.
2742 808 2799 863 Si
2818 826 2947 865 vero
2972 854 2988 879 ,
3017 821 3076 867 ut
3112 815 3353 885 plerique

90 883 297 934 virtutes
330 880 631 933 imitantur.
660 879 862 935 Currus
907 882 1070 935 etiam
1094 921 1111 947 ,
1142 882 1435 937 carnalium
1466 882 1659 953 prmla-
1762 888 1975 943 codices
2011 890 2251 957 habent,
2284 909 2388 947 non
2435 911 2826 964 praecursores,
2858 902 2951 955 sed
2982 879 3353 971 persecutores

88 982 249 1025 turum
297 976 425 1024 sunt
469 968 639 1024 fastus
684 971 968 1025 mundana:
1015 971 1286 1025 elationis.
1346 971 1479 1025 Nam
1533 972 1658 1025 dunt
1762 978 2139 1047 quadrigarum
2164 982 2424 1051 legimus,
2459 988 2699 1053 profecto
2732 990 2764 1041 ii
2789 1000 2951 1059 sunt,
2981 968 3071 1062 qui
3096 997 3353 1064 reprobus

152 426 181 459 ι)

89 1061 281 1115 exteris
303 1075 363 1114 se
382 1060 726 1114 sublimiores
747 1075 865 1115 esse
885 1060 1207 1128 gloriantur,
1236 1060 1389 1129 quasi
1417 1060 1661 1115 curribus

88 1153 217 1207 vecti
241 1193 256 1217 ,
281 1168 379 1221 per
414 1152 521 1205 arta
551 1151 891 1220 gradguntur.
916 1151 973 1205 In
999 1151 1246 1206 curribus
1272 1165 1401 1221 ergo
1424 1150 1658 1206 lideliniu

88 1244 171 1297 ﬁlii
218 1252 518 1312 ponuntur,
549 1241 769 1310 quando
797 1250 1044 1311 pastores
1074 1242 1337 1312 reprobos
1365 1258 1463 1311 per
1490 1256 1660 1310 appe-

88 1334 231 1387 titum
297 1332 583 1385 mundana:
642 1332 827 1398 gloriae
880 1342 1224 1401 sequuntur:
1279 1346 1399 1385 cum
1458 1331 1661 1385 relictis

85 1421 432 1491 spiritualibus
463 1422 656 1475 studiis
682 1462 697 1486 ,
726 1423 957 1477 carnalis
1008 1423 1129 1476 vita:
1177 1421 1460 1477 commoda
1490 1437 1659 1491 expe-

87 1522 223 1567 tunt:
256 1522 310 1568 et
355 1514 599 1581 deposita
630 1513 718 1567 illa
748 1512 961 1566 sublimi
986 1513 1281 1568 intentione
1319 1512 1615 1568 ctelestimn
1644 1554 1659 1579 ,

86 1607 180 1659 alta
228 1605 407 1658 steculi
465 1605 681 1675 assequi
727 1613 1014 1659 conantur.
1049 1605 1194 1660 Bene
1221 1606 1402 1674 itaque
1448 1621 1554 1659 non
1606 1606 1660 1659 in

88 1715 263 1764 curru,
320 1699 415 1752 sed
458 1700 512 1752 in
554 1700 800 1753 curribus
853 1700 1092 1769 ponendi
1140 1699 1502 1755 lsraelitarnm
1568 1700 1659 1756 ﬁlii

1764 1067 1829 1120 ad
1870 1069 2069 1124 malum
2108 1084 2386 1129 currentes
2418 1077 2714 1133 imitantur.
2751 1080 3018 1152 Quadriga
3042 1087 3205 1140 etiam
3253 1089 3339 1142 ho-

1763 1159 1911 1213 noris
1953 1176 2113 1217 cauSi
2152 1167 2373 1233 ‘portari
2428 1170 2643 1235 regibus
2695 1173 2853 1227 solet.
2905 1174 3068 1241 Quasi
3120 1193 3249 1247 ergo
3298 1181 3349 1234 in

1765 1252 2027 1322 quadriga
2056 1270 2152 1310 rex
2175 1258 2401 1322 sistitur,
2436 1262 2652 1329 quando
2676 1266 2905 1320 earna‘is
2932 1277 3113 1322 rector
3140 1270 3207 1325 de
3236 1288 3351 1326 ma-

1762 1354 1988 1409 gnorum
2010 1386 2024 1409 ,
2050 1347 2140 1413 qui
2166 1348 2413 1403 videntur
2434 1351 2587 1418 juxta
2618 1368 2705 1419 se,
2737 1356 3132 1412 adulationibus
3156 1361 3354 1427 gloria-

1764 1442 1870 1488 tur.
1903 1434 2003 1501 Qui
2032 1453 2162 1492 vero
2191 1440 2321 1496 istos
2353 1443 2403 1495 in
2446 1460 2631 1498 eorum
2664 1446 2910 1501 laudibus
2942 1451 3193 1517 pra-cedit
3217 1492 3233 1516 ,
3262 1463 3355 1506 aut

1761 1525 2023 1592 sequitur,
2068 1542 2369 1595 prmeursor
2423 1547 2519 1587 seu
2570 1546 2888 1603 persecutor
2938 1547 3020 1592 cst
3071 1543 3348 1610 quadriga»

1764 1626 1903 1676 rum,
1942 1614 2065 1682 quia
2113 1617 2452 1675 adulationes
2491 1622 2576 1678 isti
2608 1624 2689 1677 vel
2729 1635 2849 1693 post
2868 1628 2951 1681 vel
2992 1638 3148 1682 antea
3180 1631 3349 1699 profe-

1765 1712 1919 1767 runt,
1950 1720 2085 1773 quas
2116 1706 2191 1760 illi
2222 1707 2275 1761 in
2302 1711 2519 1765 auribus
2556 1714 2742 1782 p0puli
2778 1717 3070 1784 praeeundo
3104 1729 3199 1773 aut
3226 1722 3346 1775 sub-

93 1791 323 1844 dicuntur
349 1806 361 1840 :
390 1789 517 1858 quia
570 1804 639 1843 ex
667 1790 835 1853 omni,
859 1789 1009 1858 quod
1062 1792 1318 1860 prtecellit
1363 1791 1415 1844 iu
1464 1806 1661 1845 carna-
1696 1797 1737 1854 Β
1766 1795 2042 1860 sequendo
2064 1811 2332 1864 sparsere.

89 1880 200 1931 lium
229 1866 575 1947 praefatorum
612 1878 866 1944 culmine,
909 1879 1193 1948 proﬁciunt
1223 1880 1276 1933 in
1305 1880 1539 1935 elatione
1564 1898 1576 1933 ε
1609 1888 1664 1935 et

88 1968 220 2037 quasi
267 1976 347 2020 tot
400 1967 723 2022 sublimibus
772 1968 1022 2023 curribus
1065 1970 1117 2022 in
1166 1969 1273 2023 alta
1299 1985 1359 2024 se
1407 1970 1659 2034 elevant,

88 2068 201 2125 quot
253 2058 362 2110 alta
419 2058 807 2128 conspiciunt,
854 2059 1049 2127 quibus
1103 2059 1221 2114 aliis
1246 2076 1305 2115 se
1358 2062 1664 2131 superiores

88 2156 274 2217 putant.
306 2148 586 2203 Bonorum
639 2162 771 2217 ergo
802 2150 939 2204 lilios
983 2165 1077 2205 rex
1112 2151 1165 2205 in
1204 2154 1449 2206 curribus
1479 2152 1660 2221 ponit,

88 2240 277 2309 quando
297 2240 534 2295 carnalis
561 2249 744 2296 rector
762 2241 1058 2297 electorum
1082 2243 1382 2299 imitatores
1411 2245 1662 2313 exemplo

88 2345 180 2384 sua:
199 2331 480 2400 pravitatis
507 2332 574 2384 ad
605 2331 855 2386 elationis
884 2333 1012 2386 vitia
1050 2348 1137 2403 pet
1151 2333 1356 2398 trahit;
1384 2346 1440 2388 ut
1468 2336 1662 2390 cwlts-

89 2425 147 2476 tia
190 2432 514 2493 postponam
540 2463 558 2491 ,
588 2434 803 2479 terrena
857 2434 1156 2495 appetant,
1200 2435 1257 2481 et
1294 2427 1348 2481 in
1396 2427 1502 2481 hoc
1546 2428 1663 2489 solo

89 2514 331 2581 gaudeant
382 2557 397 2579 ,
429 2516 475 2569 si
504 2531 573 2569 cx
612 2532 680 2571 eo
715 2517 859 2585 quod
886 2517 1255 2589 temporaliter
1292 2517 1459 2572 altum
1489 2518 1662 2573 volvi-

90 2616 178 2670 tur,
201 2606 409 2660 cmtcris
433 2605 804 2674 praeferantur.

150 2718 229 2771 5|.
269 2718 331 2771 Et
362 2719 492 2787 quia
523 2730 711 2785 contra
735 2721 970 2774 minores
994 2735 1100 2775 nou
1126 2723 1298 2775 Solum
1329 2723 1520 2789 erecti,
1570 2724 1663 2779 sed

94 2808 236 2860 etiam
262 2807 428 2863 fortes
480 2817 649 2875 sunt,
688 2810 969 2878 sequitur:
997 2809 1066 2863 Et
1112 2812 1267 2883 faciet
1306 2812 1402 2866 sibi
1447 2814 1660 2884 equites.

94 2896 388 2951 Velutenim
421 2899 478 2953 in
519 2899 676 2968 equis
715 2899 942 2954 smviuut
966 2940 983 2966 ,
1010 2902 1099 2969 qui
1148 2911 1203 2956 et
1243 2903 1501 2958 sublimes
1540 2913 1665 2959 sunt

92 2987 320 3053 {ignitate
345 3027 360 3051 ,
390 2996 449 3042 et
482 2989 724 3058 potentia
752 2998 949 3045 truces.
982 2989 1206 3060 Equites
1243 3008 1461 3062 quoque
1501 3002 1659 3057 sunt,

91 3076 195 3143 quia
220 3075 337 3130 dum
365 3074 582 3133 feroces
606 3079 782 3134 cordis
809 3079 891 3133 sui
917 3088 1093 3135 motus
1122 3090 1310 3136 contra
1336 3083 1661 3153 impotentes

1836 1884 1889 1938 5.
1932 1884 2189 1953 Sequitur
2216 1905 2227 1939 :
2261 1887 2331 1941 Et
2372 1892 2646 1946 constituet
2673 1894 2771 1948 sibi
2801 1896 3032 1953 tribunos
3051 1942 3064 1964 ,
3097 1908 3147 1954 et
3176 1912 3349 1955 ren'n-

1770 1974 1961 2029 riones.
1995 1974 2215 2031 Tribuni
2253 1987 2309 2033 et
2336 1983 2682 2039 centuriones
2712 1987 2873 2051 fiunt,
2904 2004 3026 2043 cum
3052 1990 3104 2043 in
3149 2000 3351 2045 tantum

1766 2064 1890 2117 mali
1920 2064 2218 2133 profectum
2259 2070 2526 2136 veniunt,
2558 2080 2617 2126 ut
2653 2074 2719 2128 ad
2760 2078 3101 2146 exsequenda
3142 2083 3349 2151 tyranni

1766 2155 2011 2226 imperia,
2043 2158 2221 2228 impiis
2258 2162 2581 2218 satellitbus
2620 2166 3007 2236 principantur,
3037 2183 3158 2224 cum
3201 2186 3352 2227 mun-

1767 2247 2032 2302 danarum
2076 2250 2270 2305 virimn
2315 2253 2460 2307 acies
2504 2255 2795 2322 ordinant,
2827 2272 2960 2327 quas
3002 2260 3067 2313 ad
3096 2260 3362 2316 innocen-

1769 2338 1899 2392 tium
1953 2339 2092 2394 bella
2151 2343 2468 2410 producant.
2522 2342 2741 2399 Tribuni
2778 2348 2992 2418 quidem
3050 2359 3209 2417 sunt,
3266 2354 3363 2419 qui

1768 2448 1863 2503 per
1891 2433 2072 2503 plures
2101 2435 2199 2489 sibi
2231 2434 2471 2491 fautores
2507 2445 2654 2493 recte
2678 2438 2982 2496 viventibus
3018 2443 3352 2498 insidiantur.

1766 2521 2123 2579 Centuriones
2163 2540 2293 2579 vero
2332 2534 2499 2592 sunt,
2532 2529 2624 2596 qui
2667 2529 2810 2582 nulla
2867 2532 3096 2585 nocenti
3154 2548 3354 2603 genera

1767 2615 2204 2683 praetermittunt.
2235 2614 2315 2670 Ex
2359 2632 2426 2670 co
2464 2618 2607 2671 enim
2646 2616 3031 2690 perfectionem
3057 2623 3349 2693 iniquitatis

1766 2704 2051 2771 obtinent,
2080 2720 2187 2775 quo
2216 2708 2379 2762 multa
2399 2746 2414 2771 ,
2437 2716 2491 2760 et
2520 2708 2753 2777 ingentia
2778 2711 2937 2777 tnala,
2964 2727 3084 2781 qua:
3108 2722 3353 2783 possunt,

1769 2794 1965 2849 infe.re
1986 2809 2202 2865 semper
2229 2797 2465 2852 student.
2493 2799 2538 2851 A
2564 2802 2877 2856 centenario
2906 2804 3015 2873 qui,
3038 2819 3104 2873 pe
3132 2821 3355 2859 numero

1765 2885 2009 2939 centurio
2048 2886 2263 2941 dicitur.
2294 2886 2359 2940 Et
2386 2890 2511 2958 quia
2560 2895 2905 2948 centenarius
2949 2909 3203 2948 numerus
3232 2909 3353 2966 per-

1767 2976 2051 3031 fectionem
2077 2977 2375 3047 signiﬁcat,
2406 2981 2459 3034 in
2484 2998 2513 3033 n
2537 2983 2621 3035 ala
2646 2991 2799 3054 parte
2822 2984 3116 3053 perﬁcitur,
3141 2988 3360 3059 quando

1766 3068 1839 3122 ad
1878 3084 2141 3124 summam
2173 3074 2422 3141 nequitim
2460 3073 2528 3127 ab
2580 3075 2754 3145 impiis
2783 3080 3111 3146 pervenitur.
3142 3080 3243 3149 Qui
3274 3082 3358 3136 ni-

90 3168 296 3236 diﬂgnm
318 3210 336 3235 ν
367 3170 438 3223 ad
475 3185 666 3238 omne,
718 3171 864 3239 quod
904 3187 999 3242 ρει-
1030 3173 1364 3244 tyrannidem
1407 3190 1663 3231 exercere
1688 3164 1734 3227 C
1767 3161 1960 3217 mirum
2002 3163 2293 3227 calliditate
2318 3181 2510 3221 suaves
2532 3176 2658 3222 sunt
2697 3176 2903 3225 terrore
2945 3172 3186 3228 violenti.
3215 3173 3348 3228 Sua»

91 3267 353 3327 appetunt,
414 3260 634 3316 veloces
671 3270 817 3315 sunt.
874 3262 1143 3317 Anhelant
1185 3264 1383 3335 quippe
1430 3265 1661 3333 impetu,

92 3356 321 3414 spumant
357 3349 512 3403 rabie
534 3390 552 3416 ,
576 3356 633 3403 et
674 3363 811 3417 quos
836 3364 996 3405 cursu
1026 3350 1322 3422 tyrannidis
1364 3351 1661 3421 impetunt,

90 3436 292 3490 elidunt.
322 3436 428 3491 Sed
460 3437 591 3491 dum
625 3438 679 3491 in
710 3439 1017 3507 pastoribus
1042 3440 1288 3512 reprobis
1315 3441 1405 3495 alii
1436 3442 1664 3495 munda-

91 3541 159 3580 na:
185 3527 421 3583 elationis
453 3529 621 3582 fastus
658 3530 1002 3597 aemulantur,
1033 3532 1123 3585 alii
1153 3547 1340 3586 eorum
1372 3533 1658 3602 exemplo,

94 3630 213 3681 quos
252 3616 426 3670 Vatlettl
451 3657 467 3681 ,
496 3617 849 3687 opprimunt:
884 3619 1124 3673 nonnulli
1164 3620 1324 3673 etiam
1378 3630 1539 3686 sunt,
1571 3622 1663 3690 qui

94 3705 149 3756 ad
184 3708 480 3761 exercenda
524 3708 693 3774 mala,
734 3723 855 3777 qua:
889 3725 986 3778 per
1021 3710 1233 3779 seipsos
1284 3712 1440 3765 bonis
1462 3711 1663 3767 inferre

96 3805 382 3865 nequeunt,
416 3799 705 3867 nequiores
748 3815 808 3855 se
832 3801 966 3855 alios
1003 3801 1374 3858 introducunt.
1428 3804 1580 3861 Unde
1607 3812 1665 3861 et

96 3891 316 3959 sequitur
345 3911 359 3945 :
389 3892 461 3945 Et
485 3909 828 3961 praeut-sares
854 3895 1223 3966 quadrigarum
1250 3912 1481 3951 suarum.

152 3982 198 4035 «l.
236 3985 359 4049 Qua:
386 3993 516 4039 sunt
571 3987 714 4040 enim
744 3987 1015 4056 quadriga:
1057 3987 1199 4055 regis
1223 4025 1238 4049 ,
1266 3987 1365 4043 nisi
1394 4003 1661 4058 perversa:

93 4080 278 4126 mentes
317 4074 591 4129 malorum
638 4075 973 4131 subditorum
1001 4117 1016 4141 ,
1067 4077 1120 4131 in
1156 4092 1385 4145 quorum
1424 4079 1661 4137 consiliis

92 4162 317 4227 prmlalus
338 4164 605 4233 reprobus
630 4166 955 4234 requiescit?
977 4165 1256 4235 Quadrigae
1281 4170 1479 4223 etenim
1510 4180 1658 4240 sunt,

1772 3253 1907 3307 viter
1950 3253 2167 3322 quidem
2222 3255 2566 3311 blandiuntur
2620 3258 2771 3327 aliis,
2816 3268 2875 3313 ut
2922 3276 3109 3314 eorum
3154 3264 3354 3320 auxilio

1769 3351 1975 3398 terrere
2003 3344 2137 3399 alLos
2158 3343 2409 3400 ferociter
2439 3348 2661 3416 pOSsint.
2692 3348 2841 3403 Bene
2868 3350 3049 3417 itaque
3075 3351 3346 3416 subditur;

1770 3435 1840 3489 Et
1868 3446 2100 3491 aratores
2130 3455 2381 3509 agrorum
2406 3457 2613 3494 suorum
2638 3481 2652 3503 ,
2684 3450 2733 3494 et
2763 3458 3014 3496 messores
3034 3454 3283 3514 segetum.

1839 3525 1891 3581 6.
1933 3526 2173 3582 Cainalis
2200 3529 2466 3599 prmpositi
2498 3530 2610 3597 agri
2639 3571 2654 3596 ,
2686 3541 2895 3588 mentes
2937 3542 3061 3587 sunt
3107 3534 3344 3588 subdito-

1766 3633 1886 3672 rum
1913 3636 1926 3671 :
1960 3630 2201 3674 aratores
2228 3636 2359 3675 vero
2410 3622 2597 3675 horum
2634 3636 2883 3690 agrorum
2925 3633 3082 3691 sunt,
3111 3625 3201 3693 qui
3233 3635 3344 3680 arte

1766 3707 2036 3761 smcularis
2078 3708 2274 3776 ingenii
2312 3712 2391 3762 eis
2444 3710 2672 3764 suadent
2713 3720 2831 3765 acta
2862 3713 3158 3781 pravitatis.
3198 3712 3356 3768 Velut

1766 3800 1910 3853 cuitu
1966 3813 2219 3868 agrorum
2266 3800 2590 3855 soliditatem
2634 3802 2905 3871 loquendo
2948 3806 3236 3874 aperiunt,
3265 3807 3357 3875 qui

1768 3906 1862 3959 per
1889 3892 2118 3961 reproba
2157 3893 2379 3947 consdia
2422 3893 2743 3963 simplicium
2773 3895 2936 3950 corda
2975 3908 3343 3967 corrumpunt.

1765 3980 1833 4035 Et
1861 3992 2074 4051 segetes
2122 3993 2370 4050 metunt,
2425 3985 2641 4053 quando
2693 3986 2899 4040 semine
2945 3987 3093 4056 pravi
3142 3988 3357 4043 consilii

1764 4071 1989 4142 decepta
2019 4074 2183 4128 corda
2213 4074 2478 4128 minorum
2510 4073 2739 4129 fructum
2769 4075 3000 4129 reddunt
3025 4076 3178 4129 molat
3221 4092 3352 4145 ope-

1763 4166 2004 4221 rationis.
2038 4166 2167 4233 Quae
2215 4167 2456 4236 profecto
2486 4183 2651 4238 opera
2697 4176 2939 4237 segetum
2989 4168 3346 4237 appellatione

92 4266 193 4318 quae
218 4268 365 4321 reges
395 4263 653 4323 portant:
683 4256 807 4309 dum
840 4271 935 4324 per
979 4256 1162 4324 iniqua
1209 4258 1430 4312 consilia
1465 4275 1659 4329 pravo-
1761 4256 2110 4326 designantur
2136 4277 2148 4310 :
2174 4259 2297 4328 quia
2336 4259 2660 4329 perversitas
2704 4258 2920 4327 reprobi
2952 4257 3187 4324 subditi,
3222 4259 3347 4311 dqu

93 4356 191 4394 nun
219 4352 331 4398 acta
375 4351 655 4399 rectorum
683 4344 1022 4413 adjuvantur.
1055 4344 1109 4399 In
1138 4348 1217 4401 eis
1237 4348 1467 4417 quippe,
1500 4351 1654 4418 quasi
1760 4362 1789 4401 a
1830 4350 2136 4404 carnalibus
2179 4351 2479 4405 rectoribus
2506 4351 2804 4419 gaudenter
2832 4350 3099 4420 excipitur
3118 4388 3134 4414 ,
3164 4364 3351 4403 eorum

93 4446 173 4499 per
195 4434 417 4489 sublime
449 4450 550 4489 rex
580 4434 814 4500 ducitur,
844 4435 973 4489 dum
1000 4451 1098 4505 per
1122 4452 1217 4490 eos
1241 4474 1257 4500 ,
1288 4437 1378 4506 qui
1407 4438 1473 4492 ad
1518 4450 1653 4493 tem-
1759 4438 1913 4506 quasi
1939 4439 2143 4495 electus
2173 4449 2256 4495 est
2284 4440 2435 4496 cibus
2476 4441 2688 4495 mentis.
2717 4439 2772 4494 In
2803 4455 2909 4509 qua
2941 4448 3089 4493 certe
3134 4454 3352 4508 perver-

94 4525 277 4591 pirales
314 4526 556 4580 honores
592 4527 669 4580 eis
704 4526 928 4593 favent,
959 4527 1217 4596 quidquid
1247 4530 1491 4585 carnales
1516 4548 1655 4601 prze—
1690 4544 1736 4601 ι)
1761 4529 1919 4582 sitate
1940 4568 1954 4592 ,
1981 4529 2104 4598 quia
2136 4530 2392 4598 paulatim
2421 4529 2710 4599 proﬁciunt
2733 4567 2749 4591 ,
2780 4529 3051 4597 sequitur:
3084 4526 3151 4580 Et
3174 4529 3348 4599 fabros

96 4616 232 4679 positi
259 4617 324 4671 de
351 4618 642 4673 altitudine
685 4619 863 4673 saeculi
892 4620 945 4674 in
992 4620 1260 4676 desiderio
1288 4623 1476 4678 volunt
1504 4640 1659 4681 exse-
1760 4639 2022 4676 armorum
2049 4664 2065 4690 ,
2092 4630 2141 4675 et
2188 4638 2429 4675 curruum
2475 4638 2704 4675 suorum.
2753 4620 2881 4686 Quae
2937 4628 3063 4674 sunt
3104 4634 3251 4672 arma
3296 4628 3349 4672 et

90 4708 437 4774 qutmtur.Qui
460 4718 610 4765 recte
636 4710 1016 4781 quadrigarum
1048 4713 1264 4767 nomine
1286 4714 1655 4785 designantur.
1759 4726 1947 4766 currus
1980 4722 2326 4783 tyrannorum
2352 4750 2367 4776 ,
2401 4712 2505 4765 nisi
2555 4712 2642 4765 illa
2672 4711 2853 4765 omnia
2893 4710 3120 4765 nocendi
3149 4711 3348 4763 instru-

92 4794 330 4865 Quatlriga
351 4798 499 4852 enim
526 4798 651 4853 inde
679 4809 813 4865 stat,
846 4801 987 4856 unde
1015 4802 1280 4857 volvitur:
1312 4805 1435 4873 quia
1465 4821 1657 4876 repro-
1760 4812 1939 4857 menta
1962 4841 1979 4866 .
2021 4818 2139 4874 quae
2185 4803 2253 4856 ad
2282 4802 2571 4857 ενθτιεηάδ
2623 4800 2788 4856 corda
2830 4801 3096 4855 minorum
3137 4817 3349 4871 P'WP‘“

92 4882 147 4935 ba
186 4902 328 4942 meus
357 4888 521 4944 linem
565 4905 679 4944 sua:
706 4891 1019 4947 intentionis
1048 4893 1212 4948 habet
1238 4898 1420 4952 saaculi
1446 4898 1656 4955 volubi-
1761 4895 1986 4949 rantur?
2016 4894 2119 4948 Sed
2152 4894 2276 4963 quia
2302 4908 2461 4947 curru
2492 4892 2821 4962 pervenitur,
2854 4907 2962 4959 quo
2993 4892 3156 4946 armis
3186 4892 3347 4948 feria-

90 4973 292 5032 litatetu.
325 4980 455 5035 lude
481 4981 701 5051 quidem
740 4983 1058 5051 requiescit,
1090 5000 1198 5053 quo
1226 5002 1320 5056 per
1349 4988 1655 5045 innumeras
1764 4996 1867 5053 tur,
1901 5003 2171 5042 armorum
2223 4995 2277 5041 et
2315 5002 2565 5041 curruum
2598 4985 2740 5053 regis
2768 4984 2900 5038 fabri
2931 4982 3099 5050 ﬁunt,
3132 4990 3346 5055 quando

92 5078 229 5120 (iuras
267 5070 465 5125 mentis
511 5071 743 5126 rotantis
784 5087 911 5126 mun
935 5073 968 5126 'i
1017 5074 1229 5143 negotia
1257 5078 1518 5134 vtntilare
1545 5096 1653 5136 non
1759 5079 2081 5149 nequissima
2119 5080 2359 5134 cordium
2380 5093 2601 5132 suorum
2630 5076 3025 5145 machinatiozie
3046 5074 3342 5144 inveniunt,

92 5154 281 5211 desinit.
311 5158 520 5228 Regum
547 5176 677 5230 ergo
698 5162 968 5232 quadrigae
994 5174 1154 5229 sunt,
1184 5166 1309 5221 dum
1341 5184 1438 5238 per
1460 5185 1649 5239 omne,
1756 5178 1813 5223 et
1865 5169 2002 5223 mala
2028 5209 2042 5234 ,
2067 5184 2186 5238 qua:
2234 5175 2423 5236 agant,
2454 5175 2508 5220 et
2556 5166 2742 5221 eadem
2780 5165 3145 5220 malainvenla
3173 5169 3345 5235 quali-

92 5246 213 5312 qttod
237 5248 401 5303 altum
443 5250 707 5306 volvendo
726 5251 1004 5321 cogitant,
1037 5255 1089 5309 in
1120 5271 1178 5310 se
1200 5258 1493 5312 carnalium
1521 5276 1654 5329 prte-
1756 5266 1839 5311 ter
1879 5257 2127 5311 inferant.
2174 5256 2335 5310 Arma
2388 5256 2586 5326 quippe
2631 5254 2935 5321 fabricare,
2981 5262 3063 5308 est
3116 5259 3339 5312 nocendi

92 5339 360 5401 positorum
382 5342 529 5410 jussa
560 5352 797 5413 portant.
829 5344 933 5399 Sed
954 5346 1043 5415 qui
1070 5346 1249 5402 locum
1278 5349 1653 5409 familiaritatis
1753 5362 1949 5417 genera
1982 5349 2209 5417 reproba
2252 5358 2431 5402 lllt'ltlc
2459 5348 2732 5417 colligere.
2766 5346 2833 5400 Et
2861 5362 3051 5401 currus
3080 5348 3338 5406 fabricare

91 5423 218 5489 iuxta
263 5434 511 5488 carnales
557 5435 807 5503 praelatos
855 5437 1087 5504 habent,
1130 5439 1334 5496 habent
1381 5443 1647 5510 minores,
1751 5448 1835 5495 est
1874 5440 1939 5493 ad
1969 5440 2156 5494 eadem
2212 5441 2350 5494 mala
2399 5439 2674 5495 inferenda
2704 5448 2875 5494 artem
2901 5479 2917 5505 ,
2948 5455 3054 5510 qua
3083 5443 3336 5499 accede".I

94 5522 261 5584 quibus
308 5524 597 5593 imperent.
642 5526 745 5595 Ipsi
790 5541 957 5595 ergo,
1001 5530 1144 5584 velut
1191 5533 1461 5601 quadriga:
1508 5536 1649 5603 regis

1770 5533 1961 5601 possint
1978 5574 1994 5599 ,
2019 5532 2280 5587 invenire.

93 5617 236 5673 sunt,
282 5611 354 5665 illi
392 5614 547 5683 183
596 5629 955 5683 praecursores
982 5618 1361 5688 quadrigarum
1388 5639 1403 5688 ;
1433 5622 1556 5692 quia
1586 5638 1652 5681 eo
1828 5624 1882 5677 7.
1922 5622 2215 5694 Sequitur:
2252 5625 2419 5679 Filias
2456 5642 2652 5697 quoque
2689 5635 2883 5681 vestras
2925 5627 3079 5697 faciet
3106 5642 3324 5697 unguen-

94 5701 235 5753 niodo
255 5742 273 5765 ,
296 5720 402 5771 quo
450 5704 721 5761 carnalem
771 5708 1110 5778 prmpositum
1154 5710 1221 5766 ad
1268 5712 1651 5783 opprimendos
1757 5718 1950 5783 tarias,
1972 5728 2020 5771 et
2049 5720 2273 5790 [θρανίτης
2297 5760 2311 5785 ,
2342 5729 2387 5773 et
2418 5719 2692 5791 paniﬁcas.
2726 5718 2977 5773 Filiarum
3009 5721 3223 5774 nomine
3254 5721 3323 5772 in-
