3962 6268
573 305 670 360 ΐὲῖ

1794 296 2029 352 SANCTI
2073 295 2395 350 GllEGUllll
2442 296 2656 351 MAGNI

3720 295 3813 349 228

574 422 842 473 lia-morum
891 422 1099 469 mentes
1141 414 1281 467 intra
1328 419 1568 466 sanctam
1627 409 1919 477 Ecciesiam
1963 410 2149 478 positae
2182 412 2225 467 Λ
2255 424 2368 460 rum
2404 410 2600 461 reditus
2642 408 3011 473 addecimabit,
3056 419 3113 462 ut
3158 409 3243 464 det
3271 412 3520 465 eunuchis
3558 423 3606 465 et
3635 415 3819 485 tumulas

570 513 935 579 designantur.
962 508 1090 576 Quae
1116 507 1256 575 regis
1285 502 1651 573 ungumtarian
1681 502 1813 555 liunt
1838 518 1851 555 :
1876 502 2001 570 quia
2025 502 2151 553 dum

573 603 811 657 carnales
840 601 1150 670 praepositos
1181 599 1233 652 in
1264 595 1581 651 celsitudine
1616 594 1798 661 gloriae
1831 592 2156 646 transeuntis

571 693 835 762 aspiciunt
863 733 878 758 ,
912 706 1008 744 eos
1034 689 1259 743 delinire
1288 684 1685 740 adulationibus
1724 690 2008 737 conantur.
2042 681 2154 737 llo-

572 796 690 838 ru'm
741 782 982 852 profecto
1010 788 1403 848 unguentorum
1451 792 1603 830 usum
1652 775 1932 829 Psalntista
1964 788 2154 841 repro-

571 874 702 927 lians
732 914 747 938 ,
797 872 909 925 ait:
955 870 1136 923 Oleum
1192 869 1474 938 peccatoris
1523 884 1623 920 non
1674 866 1953 934 impinguet
2005 873 2156 932 caput

571 982 737 1019 meum
788 966 805 1033 (
834 963 1029 1017 Psahn.
1090 977 1246 1024 ελιιι,
1308 963 1387 1029 5).
1431 960 1575 1012 Filiae
1613 973 1741 1025 ergo
1793 957 2157 1023 unguentaria:

573 1059 743 1111 liunt:
774 1057 899 1125 quia
934 1056 1058 1108 dum
1106 1050 1262 1122 184
1307 1051 1607 1106 carnalibus
1637 1047 1936 1117 praepositis
1963 1045 2156 1099 infirmi

571 1149 855 1218 displicere
900 1154 1179 1207 metuunt,
1212 1156 1399 1195 eorum
1453 1139 1719 1192 feritatem
1744 1176 1760 1202 ,
1792 1138 1878 1191 cui
1919 1134 2157 1190 timendo

574 1238 892 1306 suhjacent,
943 1234 1309 1289 blandimento
1352 1228 1676 1284 demulcent.
1727 1227 1790 1281 Et
1827 1226 2156 1293 notandum,

573 1328 695 1395 quia
727 1326 817 1378 lilii
850 1325 996 1393 prius
1027 1322 1078 1376 di
1117 1332 1278 1375 untur
1320 1335 1350 1372 a
1376 1335 1500 1385 rege
1532 1318 1684 1382 tolli,
1718 1325 1774 1371 et
1800 1317 1878 1370 sic
1905 1316 2114 1384 equites
2141 1356 2157 1382 ,

573 1416 1009 1477 etcenturionvs,
1039 1414 1153 1467 sive
1190 1426 1461 1466 armorum
1492 1410 1625 1463 labri
1652 1409 1765 1462 ﬁt‘l‘i
1793 1428 1803 1461 :
1839 1408 1959 1464 tiliae
1987 1424 2116 1463 vero
2138 1450 2152 1474 ,

574 1526 679 1564 non
707 1508 859 1575 tolli,
891 1507 982 1560 seal
1031 1503 1346 1573 simpliciter
1404 1502 1772 1569 unguentariae
1816 1510 1871 1556 et
1912 1499 2154 1571 panilica:

574 1600 707 1654 fieri.
736 1597 872 1651 Tolli
904 1596 1099 1650 etenim
1130 1594 1401 1649 violentiae
1431 1601 1535 1647 est.
1564 1590 1681 1645 Filii
1712 1605 1842 1659 ergo
1874 1591 2156 1684 tol'l'untur,

574 1691 697 1759 quia
725 1688 929 1743 robusti
954 1685 1168 1739 diflicile
1196 1693 1528 1738 evertuntur.
1556 1682 1688 1734 Dum
1720 1682 1881 1749 igitur
1901 1681 2023 1734 lilia:
2052 1694 2157 1733 non

2259 500 2386 553 suis.
2416 500 2548 555 Cum
2579 500 2705 553 mali
2745 509 3000 569 praesunt,
3032 499 3246 556 dillicile
3270 503 3421 557 valde
3447 518 3479 557 e
3513 512 3552 567 t,
3578 514 3633 558 ut
3654 506 3732 573 qui
3753 510 3823 561 eis

2257 589 2556 655 subjicitur,
2588 589 2730 642 nulla
2779 589 3052 655 religionis
3078 591 3273 645 damna
3318 594 3573 662 patiatur.
3606 597 3820 652 Aliorum

2260 692 2489 746 namque
2518 686 2725 732 mentes
2746 679 2969 733 omnino
2993 690 3247 748 perennat:
3275 683 3367 734 sel
3400 683 3433 735 ii
3466 698 3601 750 quos
3630 700 3805 753 pet-ver

2262 775 2375 820 tere
2428 768 2639 835 penitus
2687 778 2999 837 nequeunt,
3037 769 3162 824 dum
3208 772 3543 826 incessanter
3588 785 3639 827 et
3679 777 3825 833 verba

2261 867 2317 913 et
2371 875 2536 927 opera
2588 874 2775 913 eorum
2836 875 2998 926 prava
3056 862 3435 930 conSpiciunt,
3492 864 3827 933 qualicunque

2261 950 2420 1004 sorde
2453 951 2807 1007 maculantur.
2855 952 2996 1006 Bene
3044 966 3174 1019 ergo
3221 953 3447 1007 dicitur:
3485 954 3688 1024 Segetes
3732 974 3830 1010 res-

2264 1053 2402 1105 tras,
2436 1052 2485 1095 et
2526 1044 2791 1096 vinearum
2822 1044 3015 1096 reditus
3060 1044 3425 1098 addecimabit.
3462 1044 3623 1111 Quasi
3663 1047 3827 1103 dicat:

2263 1132 2374 1186 Sub
2406 1140 2622 1200 pastore
2652 1133 2883 1201 reprobo
2913 1134 3209 1189 electorum
3258 1137 3421 1189 etiam
3469 1136 3609 1190 bona
3645 1138 3831 1205 integra

2264 1235 2370 1274 non
2421 1228 2567 1274 sunt.
2598 1220 2704 1274 Sed
2740 1221 2884 1289 quod
2919 1221 3075 1276 bonis
3109 1222 3365 1291 demitur,
3390 1226 3650 1279 eunuchis
3679 1238 3731 1279 et
3763 1227 3831 1280 fa-

2265 1308 2422 1363 muls
2478 1309 2617 1377 regis
2663 1309 2836 1363 datur.
2898 1309 3182 1373 Eunuchi,
3220 1321 3276 1365 et
3321 1311 3506 1366 famuli
3554 1314 3833 1368 carnalium

2266 1397 2628 1466 praelatorum,
2662 1408 2787 1451 sunt
2812 1398 2928 1467 ejus
2965 1398 3235 1456 auditores
3258 1402 3576 1471 hypocritae.
3607 1403 3834 1459 Eunuchi

2266 1487 2479 1555 quidem
2534 1498 2698 1555 sunt,
2740 1490 2862 1559 quia
2908 1490 3218 1545 saecularem
3259 1492 3593 1561 voluptatem
3620 1510 3678 1548 se
3704 1494 3837 1563 abje-

2267 1580 2405 1635 cisse
2449 1580 2781 1634 ostendunt:
2825 1580 2919 1635 scd
2974 1582 3114 1649 regis
3168 1592 3293 1636 sunt
3332 1583 3556 1645 famuli,
3588 1585 3707 1653 quia
3752 1601 3839 1655 ρετ

2269 1684 2431 1724 omne
2456 1711 2471 1737 ,
2493 1670 2635 1739 quod
2667 1669 2734 1725 de
2763 1671 3048 1725 virtutibus
3076 1687 3134 1728 se
3162 1672 3361 1727 habere
3390 1675 3645 1728 simulant
3668 1715 3684 1740 ,
3715 1681 3764 1730 in
3790 1694 3840 1731 se

576 1784 691 1838 tolli
720 1822 734 1847 ,
764 1781 856 1835 se-l
920 1778 1285 1846 unguentaria:
1334 1775 1445 1829 fieri
1503 1775 1871 1843 perhibentur,
1899 1772 2027 1841 quid
2083 1782 2165 1825 est
2204 1790 2240 1844 η
2269 1762 2620 1830 reproborum
2665 1762 3071 1832 praepositurum
3093 1762 3284 1832 jugum
3315 1773 3553 1834 portanr.
3590 1767 3726 1821 Bene
3753 1786 3840 1820 ειη-

577 1874 719 1929 aliud
746 1912 759 1937 ,
796 1873 893 1927 nisi
923 1872 1046 1940 quia
1077 1870 1169 1939 qui
1198 1867 1393 1922 infirmi
1422 1868 1473 1920 in
1510 1868 1654 1921 bono
1684 1873 1836 1929 sunt,
1861 1880 1957 1933 per
1983 1880 2169 1917 exean-

577 1966 662 2036 pla
689 1978 971 2033 pravorum
1010 1959 1166 2014 facile
1186 1958 1549 2027 dissipantur?
1578 1955 1705 2022 Qum
1730 1955 1891 2009 etiam
1922 1954 2163 2017 focariae.

578 2068 634 2113 et
680 2058 922 2127 panilicae
958 2055 1099 2123 regis
1124 2053 1288 2107 liunt:
1322 2051 1447 2120 quia
1477 2047 1568 2119 qui
1620 2047 1859 2119 tyrannis
1901 2047 2168 2101 adulando

576 2146 845 2209 serviunt,
878 2144 1005 2198 dum
1027 2141 1257 2196 favendo
1278 2143 1520 2210 placent,
1537 2138 1684 2193 velut
1711 2138 1860 2191 cibos
1887 2137 2167 2191 exhibent.

578 2237 818 2291 Focariae
849 2237 1044 2289 etenim
1090 2240 1252 2296 sunt,
1282 2245 1405 2299 quae
1433 2228 1566 2283 focis
1593 2237 1829 2296 coquunt
1865 2242 1983 2296 quae
2015 2240 2171 2294 reges

578 2328 890 2380 euntedunt.
940 2324 1180 2379 Focariae
1224 2336 1353 2389 ergo
1400 2328 1558 2384 sunt,
1608 2334 1727 2389 quae
1768 2334 1864 2388 per
1909 2319 2166 2386 obsequia

588 2419 781 2473 favoris
810 2418 1011 2472 caznali
1036 2414 1319 2484 praeposito
1343 2412 1643 2467 accendunt
1664 2420 1928 2465 tumorem
1949 2410 2128 2465 cordis
2152 2426 2166 2461 :

585 2519 645 2563 ut
672 2524 737 2563 eo
759 2508 1016 2562 audacius
1039 2506 1247 2559 favores
1271 2503 1541 2573 excipiant
1558 2543 1575 2569 ,
1596 2516 1703 2570 quo
1725 2501 1871 2556 velut
1894 2501 2171 2555 delicatiu-

584 2615 672 2654 res
721 2598 821 2652 sibi
870 2598 1019 2651 cibos
1044 2597 1178 2664 ignis
1203 2596 1446 2649 excitatae
1472 2591 1774 2647 devotionis
1799 2601 2008 2660 parant.
2040 2590 2172 2657 Quae

585 2691 745 2743 etiam
777 2685 1020 2758 panificae
1049 2687 1181 2740 liunt
1205 2704 1217 2738 :
1248 2685 1373 2753 quia
1404 2686 1528 2738 dum
1552 2682 1839 2752 reprobam
1866 2682 2029 2735 vitam
2052 2682 2170 2735 lau-

582 2780 712 2834 dant
735 2818 750 2843 ,
772 2778 1041 2833 carnalem
1064 2784 1297 2830 mentem
1325 2774 1534 2833 tvranni
1563 2774 1626 2827 ad
1653 2770 2009 2827 exercendam
2040 2786 2170 2841 pra-

582 2872 804 2926 vitatem
844 2870 1125 2924 roborant.

650 3005 703 3057 8.
746 3002 815 3058 Se
838 3002 1033 3070 tuitur:
1064 3000 1229 3072 Agros
1260 3016 1455 3072 quoque
1478 3009 1669 3054 vestros
1688 2998 1831 3055 tollet
1850 3040 1864 3065 ,
1896 3009 1945 3053 et
1972 3000 2167 3062 vineas,

578 3105 629 3149 et
650 3095 853 3157 oliveta,
880 3103 927 3146 et
956 3091 1099 3146 dabit
1134 3092 1292 3146 servis
1315 3092 1440 3145 suis.
1469 3092 1567 3157 Qui
1591 3100 1715 3145 sunt
1736 3090 1847 3157 agri
1867 3090 2131 3145 bonorum
2153 3130 2168 3156 ,

584 3186 681 3239 nisi
729 3184 935 3237 devota:
978 3191 1183 3237 mentes
1231 3180 1613 3235 subditorum?
1643 3197 1761 3250 quae
1804 3181 1931 3235 dum
1983 3197 2168 3236 eorum

584 3276 748 3327 verba
798 3274 1029 3327 libenter
1068 3272 1294 3325 audiunt
1325 3273 1630 3338 ,bunorum
1676 3286 1901 3340 operum
1950 3272 2170 3326 uberem

585 3365 814 3419 fructum
866 3363 1116 3417 reddunt.
1176 3362 1304 3429 Quae
1347 3371 1524 3416 autem
1578 3362 1748 3416 vineae
1802 3378 2028 3427 eorum,
2072 3364 2173 3417 nisi

585 3469 795 3515 mentes
825 3475 1009 3513 eorum
1041 3459 1111 3512 ita
1147 3458 1443 3512 imitatione
1472 3456 1894 3525 proficientium,
1919 3464 1977 3510 ut
2005 3457 2169 3510 etiam

583 3551 703 3605 aliis
752 3552 970 3606 verbum
1019 3550 1140 3603 vitae
1184 3549 1570 3619 pranbeant,et
1617 3562 1755 3616 quus
1802 3545 2070 3614 loquendo
2118 3547 2171 3600 in

583 3658 819 3696 amorem
850 3641 1154 3696 Conditoris
1184 3638 1482 3694 accendunt
1504 3677 1519 3701 ,
1548 3639 1697 3692 velut
1721 3636 1962 3707 potando
1992 3637 2173 3691 ebrios

583 3734 825 3788 faciant?
871 3731 999 3799 Quae
1046 3747 1176 3786 vero
1219 3731 1417 3785 oliveta
1457 3740 1603 3792 sunt,
1656 3729 1755 3783 nisi
1810 3729 1978 3784 corda
2019 3730 2172 3783 auli-

586 3834 758 3877 t0rum
791 3861 805 3886 ,
862 3823 952 3891 qui
1008 3821 1270 3876 bonorum
1329 3820 1623 3890 exemplo,
1681 3827 1732 3872 et
1787 3820 2173 3875 exhortatione

585 3911 869 3983 proficiunt
906 3912 956 3964 in
986 3927 1120 3979 opus
1152 3910 1577 3965 misericordiae?
1607 3909 1710 3964 Sed
1743 3908 1871 3963 dum
1916 3926 2008 3964 rex
2041 3926 2173 3963 con-

583 4004 838 4068 stituitur,
883 4002 992 4070 agri
1037 4001 1331 4054 tolluntur:
1364 4001 1486 4069 quia
1528 3999 1651 4054 dum
1695 4000 1939 4053 carnales
1979 4014 2172 4069 perve-

586 4096 740 4147 niunt
768 4092 833 4145 ad
860 4094 1071 4145 culmen
1101 4091 1374 4159 regiminis
1399 4131 1414 4156 ,
1451 4091 1690 4145 nonnulli
1725 4092 1987 4144 bonorum
2018 4092 2171 4145 audi-

589 4194 735 4237 tores
782 4182 1027 4250 exempla
1058 4182 1355 4250 suscipiunt
1405 4181 1702 4250 pravitatis.
1735 4179 2017 4234 Tolluntur
2046 4195 2174 4248 ergo

587 4278 738 4343 agri,
772 4290 890 4329 cum
922 4288 1092 4343 nuper
1131 4272 1326 4327 devota
1364 4274 1524 4327 torda
1566 4273 1911 4338 seducuntur,
1956 4274 2173 4342 quando

588 4379 656 4418 ex
705 4364 954 4433 nequitiae
1018 4364 1221 4418 semine
1273 4362 1503 4417 fructum
1557 4362 1787 4417 reddunt
1834 4362 1887 4415 in
1942 4363 2173 4430 maligna

589 4455 1015 4513 conversatione.
1040 4454 1246 4508 Uliveta
1276 4463 1332 4508 et
1355 4454 1521 4507 vineae
1544 4453 1819 4517 tolluntur,
1846 4468 1968 4506 cum
1993 4470 2175 4508 exem-

590 4543 678 4611 plo
722 4544 844 4598 mali
902 4544 1170 4614 praepositi
1214 4545 1591 4598 miserTcuralia:
1639 4558 1833 4612 opera,
1869 4552 1925 4599 ct

591 4635 983 4705 praedicationis
1044 4635 1207 4689 verba
1266 4634 1564 4689 exhibenda
1616 4642 1669 4689 et
1701 4636 1961 4706 loquenda
2012 4637 2170 4690 dce-

590 4737 801 4783 runtur.
853 4727 997 4781 Bene
1039 4736 1217 4781 autem
1264 4727 1432 4781 servis
1483 4726 1622 4795 regis
1660 4726 1772 4780 dari
1800 4726 1962 4781 ablati
2015 4728 2125 4796 agri
2155 4767 2171 4789 .

590 4829 645 4873 et
695 4820 864 4873 vineae
895 4859 909 4883 ,
970 4828 1025 4873 et
1075 4818 1271 4871 oliveta
1328 4826 1715 4871 memorantur.
1768 4818 1917 4871 Servi
1974 4819 2172 4886 quippe

590 4919 739 4972 sunt,
772 4911 862 4978 qui
908 4910 1248 4963 dominorum
1293 4909 1400 4978 juri
1435 4923 1649 4979 semper
1678 4908 1872 4961 subditi
1900 4950 1915 4976 ,
1946 4909 2174 4963 evadere

592 5012 866 5071 nequeunt
902 5002 1027 5070 juga
1068 5001 1468 5057 dominationis.
1515 5000 1667 5055 Servi
1699 5002 1878 5069 itaque
1927 5010 2050 5054 sunt
2090 5017 2176 5055 re-

592 5096 707 5162 gis,
736 5094 825 5163 qui
875 5110 969 5164 per
1014 5094 1377 5149 abundantem
1411 5094 1743 5163 iniquitatem
1786 5093 1863 5147 sic
1905 5107 1964 5147 se
1989 5102 2173 5164 tyran-

593 5203 781 5240 mirum
819 5186 1180 5240 voluntatibus
1211 5186 1480 5254 obligant,
1525 5194 1585 5238 ut
1615 5185 1682 5238 ab
1708 5184 1786 5238 eis
1815 5183 2035 5238 ulterius
2065 5200 2171 5237 non

592 5277 863 5331 recedant.
894 5276 1113 5331 Ablatos
1144 5290 1271 5344 ergo
1300 5291 1487 5343 agros,
1519 5282 1575 5327 et
1615 5274 1799 5327 vineas
1819 5312 1834 5338 ,
1882 5281 1937 5327 et
1968 5272 2166 5326 oliveta

590 5367 730 5422 servi
786 5367 1124 5437 suscipiunt:
1187 5367 1312 5436 quia
1369 5366 1584 5436 reprobi
1629 5365 1868 5420 fautores
1920 5366 2171 5435 praelato-

592 5475 707 5513 rum
754 5459 1051 5513 carnalium
1077 5498 1092 5522 ,
1117 5457 1242 5512 dum
1283 5459 1505 5526 decepta
1537 5457 1699 5511 corda
1740 5456 1790 5509 in
1837 5458 2170 5525 prepos’tum

594 5549 915 5604 transferunt
971 5549 1121 5619 pravi
1171 5549 1351 5618 eperis
1382 5589 1397 5612 ,
1447 5548 1591 5602 velut
1640 5548 1932 5602 electorum
1990 5547 2168 5615 agris.

596 5642 763 5696 vntris
787 5684 801 5709 ,
834 5655 885 5697 et
915 5642 1129 5697 olivetis
1183 5642 1393 5696 titulum
1425 5642 1707 5710 imponunt
1739 5640 2026 5709 tyrannica)
2070 5656 2171 5709 pn-

599 5732 823 5787 testatis.
854 5732 1145 5801 Sequitur:
1182 5732 1290 5787 Sed
1323 5742 1370 5785 et
1414 5740 1605 5799 scqcles
1645 5742 1835 5785 vestras
1860 5771 1873 5797 ,
1903 5739 1949 5782 et
1997 5731 2173 5784 vinea-

2271 1859 2379 1905 tem
2429 1864 2712 1921 segetum,
2781 1862 2837 1907 ct
2897 1856 3050 1924 135
3092 1857 3373 1910 vinearum
3423 1858 3631 1912 decima
3684 1877 3841 1913 eunu-

2271 1942 2495 1996 chorum
2525 1957 2645 1996 esse
2675 1941 2943 1997 refertur:
2973 1944 3097 2012 quia
3129 1944 3536 2015 bypocritarum
3560 1947 3700 2000 vizus
3723 1948 3843 2001 levi-

2271 2044 2355 2089 ter
2401 2052 2511 2090 non
2550 2036 2877 2104 agnoscitur.
2917 2035 2975 2091 ln
3021 2052 3130 2105 quo
3176 2037 3303 2091 dum
3341 2038 3517 2093 sancti
3563 2042 3722 2093 etiam
3756 2041 3841 2093 viri

2272 2135 2495 2196 possunt
2520 2126 2720 2196 decipi,
2751 2126 2896 2194 quod
2923 2126 3151 2196 perdunt
3174 2167 3190 2192 ,
3222 2127 3325 2181 illis
3350 2128 3690 2196 adscribitur,
3716 2145 3843 2198 quo-

2271 2232 2387 2271 rum
2416 2215 2601 2270 fraude
2630 2216 2933 2284 capiuntur.
2963 2216 3246 2286 Sequitur:
3272 2216 3462 2272 Servos
3487 2219 3641 2271 etiam
3666 2230 3842 2273 vestros

2270 2316 2320 2360 et
2366 2307 2618 2374 ancillas,
2666 2313 2713 2359 et
2753 2305 2968 2375 juvenes
3016 2306 3275 2375 optimas,
3309 2315 3357 2360 et
3398 2307 3576 2362 asinos
3617 2311 3841 2379 auferet,

2270 2407 2319 2453 et
2364 2406 2517 2468 ponet
2562 2399 2617 2451 in
2648 2414 2802 2467 apere
2844 2414 2954 2452 sua.
3002 2397 3155 2453 Servi
3196 2409 3251 2453 et
3280 2400 3494 2453 ancillae
3541 2409 3839 2454 sanctorum

2271 2500 2431 2557 sunt,
2464 2490 2555 2559 qui
2603 2491 2681 2543 eis
2724 2488 3040 2557 temporalia
3084 2489 3387 2543 necessaria
3430 2489 3839 2544 subministrant.

2273 2579 2424 2635 Servi
2461 2588 2515 2632 et
2561 2581 2766 2633 aut-illa:
2810 2586 2968 2644 sunt,
3008 2581 3130 2649 quia
3177 2579 3300 2633 dum
3334 2581 3413 2634 eis
3452 2596 3740 2650 corporum
3768 2599 3844 2635 ne-

2273 2673 2505 2728 cessaria
2556 2673 2833 2737 tribuunt,
2866 2672 2917 2726 in
2967 2674 3158 2727 eodem
3203 2689 3369 2743 Opere
3427 2676 3835 2741 misericordiae,

2274 2765 2365 2819 alii
2411 2764 2530 2818 aliis
2570 2766 2903 2820 robustiores
2944 2774 3089 2819 sunt.
3122 2765 3190 2819 Et
3226 2768 3417 2837 Optimi
3443 2769 3705 2836 juvenes:
3734 2772 3841 2838 quia

2275 2865 2330 2912 et
2365 2858 2457 2926 qui
2506 2857 2769 2921 multum,
2800 2865 2854 2911 ct
2879 2857 2969 2927 qui
3017 2874 3204 2928 parum
3237 2870 3496 2930 possunt,
3527 2862 3651 2915 dum
3699 2879 3841 2917 omne

2274 2947 2418 3016 quod
2446 2948 2770 3017 praevalent,
2796 2952 2847 3003 in
2885 2964 3051 3015 Opere
3093 2950 3479 3005 misericordiae
3510 2952 3840 3020 expendunt,

2274 3042 2421 3096 velut
2450 3041 2607 3096 electi
2646 3041 2910 3110 juvenes,
2944 3040 3123 3095 divina
3173 3043 3392 3097 servitia
3441 3047 3683 3099 va'enter
3726 3061 3842 3113 ope-

2199 3161 2247 3225 ϐ
2278 3144 2482 3188 rantur.
2511 3133 2659 3188 Asini
2683 3148 2899 3204 quoque
2923 3134 3216 3190 electorum
3243 3145 3402 3203 sunt,
3426 3138 3627 3206 quibus
3648 3139 3841 3193 ferenda

2276 3244 2440 3284 onera
2468 3230 2789 3285 obedientiae
2817 3231 3183 3299 imponuntur,
3216 3239 3274 3285 ut
3298 3246 3366 3287 eo
3399 3248 3487 3286 um
3521 3232 3843 3301 fragilitatem

2276 3319 2572 3388 adjuvant,
2604 3319 2729 3374 dum
2775 3336 2839 3375 ea
2888 3337 3010 3375 cum
3064 3322 3142 3376 eis
3187 3330 3438 3391 portant,
3470 3340 3591 3392 quae
3638 3327 3751 3380 sine
3782 3330 3846 3380 eis

2276 3421 2495 3482 portare
2539 3427 2877 3481 nequaquam
2926 3422 3164 3483 possent.
3198 3412 3333 3480 Quid
3372 3424 3457 3468 est
3487 3426 3689 3482 autem,
3718 3416 3844 3484 quud

2276 3504 2329 3557 in
2384 3518 2549 3573 opere
2598 3504 2738 3571 regis
2785 3520 2852 3573 po
2892 3504 3015 3559 enali
3069 3505 3475 3573 praedicuntur?
3516 3506 3622 3561 Sed
3671 3509 3759 3575 qui
3804 3508 3845 3559 in

2276 3609 2439 3663 opere
2494 3594 2634 3662 regis
2680 3603 2971 3664 ponuntur,
3028 3595 3220 3649 diebus
3272 3598 3582 3651 constitutis
3625 3599 3845 3653 debitum

2275 3685 2592 3754 persolvunt
2638 3685 3040 3754 angariae,juri
3090 3687 3317 3756 publica:
3373 3690 3684 3757 potestatis.
3726 3689 3845 3755 Quid

2276 3786 2359 3831 est
2389 3792 2516 3845 ergo
2542 3814 2557 3840 ,
2588 3780 2731 3846 quod
2777 3778 2829 3831 in
2879 3793 3044 3846 opere
3087 3778 3229 3847 regis
3268 3782 3408 3834 servi
3446 3789 3503 3834 et
3543 3781 3775 3845 ancillae,
3803 3791 3848 3833 et

2270 3868 2496 3938 juvenes
2525 3867 2714 3937 optimi
2745 3869 2979 3937 ponendi
3008 3870 3407 3938 praelicuntur;
3440 3871 3544 3927 nisi
3568 3872 3694 3942 quia
3727 3886 3847 3941 prato

2276 3958 2637 4013 eminentibus
2682 3959 2985 4013 carnalibus
3008 3997 3022 4023 ,
3054 3970 3110 4014 et
3158 3961 3452 4015 electorum
3507 3962 3775 4025 ministri,
3804 3972 3848 4014 et

2277 4052 2475 4107 devote
2528 4050 2890 4105 obedientium
2922 4049 3107 4110 corda.
3149 4052 3465 4120 plerumque
3492 4052 3851 4107 maculantur?

2278 4148 2410 4204 Nam
2439 4149 2563 4204 dum
2585 4153 2868 4221 reprobam
2901 4168 3086 4207 eorum
3119 4153 3284 4208 vitam
3322 4153 3692 4207 indesinenter
3720 4154 3851 4221 aspi-

2276 4241 2452 4307 ciunt,
2487 4242 2740 4311 paulatim
2780 4243 2859 4297 sic
2900 4243 3152 4298 dacidunt
3179 4285 3193 4310 ,
3236 4251 3295 4297 ut
3344 4242 3545 4313 aliquid
3573 4243 3641 4297 de
3669 4257 3845 4295 eorum

2277 4332 2430 4387 factis
2468 4333 2766 4388 imitentur.
2810 4332 2884 4387 Ex
2918 4335 3076 4401 longo
3117 4334 3334 4403 q.:ilem
3387 4349 3488 4388 usu
3519 4335 3706 4387 electis
3750 4348 3851 4386 ser-

2277 4424 2467 4489 viunt;
2525 4426 2620 4480 sed
2664 4426 2789 4481 dum
2836 4441 2980 4496 δωρεᾶ
3020 4406 3207 4480 vident
3254 4441 3444 4481 eorum
3484 4425 3847 4480 excellentiam

1979 4556 2177 4600 sanam
2213 4545 2256 4600 ι)
2281 4517 2531 4571 culminis
2556 4556 2571 4581 ,
2604 4518 2791 4574 serviri
2845 4518 2944 4572 sibi
2995 4519 3063 4572 ab
3105 4517 3223 4571 aliis
3252 4518 3576 4587 quandoque
3606 4526 3853 4586 appetunt

2282 4624 2377 4678 per
2406 4610 2692 4679 impulsum
2737 4611 3006 4665 elationis.
3052 4610 3158 4665 Sua
3190 4625 3407 4680 quoque
3441 4610 3853 4664 misericorditar

2281 4701 2547 4765 tribuunt,
2579 4702 2673 4755 sed
2706 4709 3054 4771 tyrannorum
3095 4717 3239 4771 saepe
3269 4702 3518 4771 exemplo
3555 4701 3733 4756 aliena
3764 4701 3853 4753 tol-

2281 4791 2413 4844 lunt.
2440 4791 2544 4845 Sed
2571 4792 2695 4860 quia
2725 4793 2866 4847 servi
2896 4802 3205 4847 sanctorum
3235 4801 3360 4847 sunt
3391 4832 3407 4859 ,
3434 4792 3501 4845 de
3524 4791 3649 4861 jure
3677 4808 3851 4846 eorum

2281 4883 2468 4948 exire,
2526 4900 2632 4937 non
2686 4893 2928 4952 possunt.
2984 4884 3065 4937 Ad
3121 4884 3309 4938 horam
3366 4883 3582 4952 quidem
3642 4892 3853 4952 possunt

2276 4974 2451 5027 deseri
2477 5013 2492 5039 ,
2524 4974 2617 5028 sed
2665 4975 2732 5028 ab
2762 4991 2946 5030 errore
2973 5017 2989 5041 ,
3021 4975 3073 5029 in
3104 4990 3263 5044 quem
3290 4975 3576 5040 decidunt,
3613 4992 3711 5042 per
3730 4976 3852 5029 divi-

2279 5080 2400 5119 nam
2424 5067 2847 5121 misericordiam
2874 5066 3030 5121 facile
3055 5068 3419 5122 sublevantur.
3446 5065 3581 5133 Quia
3614 5082 3745 5135 ergo
3771 5081 3853 5134 ter

2278 5159 2523 5228 exempla
2573 5175 2861 5228 pravorum
2906 5168 3201 5225 corruunt,
3245 5160 3336 5230 qui
3380 5161 3490 5214 cito
3521 5160 3850 5229 resipiscuut,

2278 5250 2424 5303 velut
2453 5265 2549 5319 per
2579 5251 2853 5320 angariam
2892 5260 3166 5322 ponuntur
3194 5253 3244 5305 in
3275 5252 3413 5319 regis
3443 5266 3609 5316 Opere
3635 5268 3647 5303 :
3676 5252 3724 5304 in
3754 5265 3849 5318 quo

2276 5340 2365 5395 diu
2398 5357 2504 5395 non
2532 5350 2851 5412 permanent
2878 5356 2974 5412 per
3002 5342 3310 5397 continuam
3341 5342 3683 5395 servitutem.

2348 5451 2400 5506 9.
2443 5452 2696 5522 Sequitur
2735 5472 2747 5508 :
2794 5453 2984 5525 Greges
3025 5472 3218 5527 quoque
3259 5465 3449 5509 vestros
3488 5454 3847 5511 addecimalit,

2274 5562 2457 5617 vosque
2483 5547 2626 5600 eritis
2664 5548 2709 5601 ei
2739 5549 2892 5601 servi.
2927 5546 3087 5613 Quasi
3119 5549 3297 5602 dicat:
3335 5547 3466 5599 Dum
3500 5557 3685 5616 pastor
3713 5545 3850 5598 vobs

2275 5636 2506 5689 carnalis
2530 5637 2875 5705 praeponitur,
2905 5653 3010 5691 non
3036 5638 3208 5691 solum
3231 5638 3442 5691 vestris.
3468 5636 3562 5690 sed
3585 5637 3747 5689 etiam
3768 5650 3844 5686 vc-

2277 5729 2603 5798 bisn‘irtipsis
2642 5730 2892 5785 virtutum
2939 5729 3130 5800 praedae
3180 5729 3496 5785 inferuntur.
3531 5726 3735 5796 Grcges
3770 5733 3842 5777 (t-
