3962 6274
105 326 199 379 9'3)

103 534 195 598 Qui
219 545 345 585 vero
376 539 428 582 et
461 529 589 597 ipsa:
625 527 929 599 spirituales
956 527 1183 582 virtutes
1208 526 1457 595 exemplo
1490 542 1687 596 pravo-

103 641 211 678 rum
239 623 590 690 dissipantur,
617 636 712 674 rex
736 619 973 676 decimas
1003 620 1145 674 tollit
1169 620 1367 688 gregis,
1395 620 1611 688 quando
1640 619 1686 676 is

103 715 184 784 qui
211 713 500 767 carnaliter
528 711 864 780 prteeminet,
891 710 944 764 in
972 719 1281 764 sant-torum
1311 711 1558 764 cordibus
1585 710 1685 763 ali-

102 819 226 873 quas
245 803 470 856 virtutes
494 801 731 870 perimit.
761 799 1004 854 Decimas
1030 799 1169 853 tollit
1194 817 1206 852 :
1235 800 1360 867 quia
1388 799 1510 852 dum
1533 815 1684 852 mett-

104 897 165 947 tis
195 891 548 960 integritatem
579 890 834 958 dissipat,
866 889 1125 943 virtutum
1175 904 1452 942 numerum
1484 889 1686 958 imper-

105 984 286 1036 fectum
316 977 664 1046 deri-linquit.
690 977 919 1031 Deitatio
947 977 1146 1045 quippe
1172 992 1397 1030 numero
1420 977 1685 1045 perfectio

100 1073 416 1140 designatur.
451 1068 604 1124 Unlle
652 1081 704 1121 et
736 1084 859 1121 cum
895 1066 1060 1136 lapsa:
1091 1065 1440 1120 humauitvtis
1489 1075 1686 1120 nostra:

99 1164 282 1218 damna
330 1163 588 1216 Dominus
642 1170 825 1230 aperta
883 1161 1287 1229 comparatione
1338 1160 1682 1223 ostcnleret,

102 1253 389 1315 mulierem,
421 1267 541 1320 quae
561 1251 627 1303 de
654 1250 838 1304 decem
861 1247 1131 1302 drachmis
1158 1265 1312 1302 unam
1345 1249 1683 1318 perdiderat,

101 1345 148 1396 in
177 1342 402 1397 medium
433 1341 504 1395 du
541 1341 580 1394 it
609 1340 758 1410 (Luc.
790 1356 880 1406 xv,
908 1338 942 1391 4
965 1341 1134 1408 seq.);
1168 1349 1225 1391 ut
1255 1354 1350 1408 per
1387 1339 1510 1402 huc,
1543 1339 1686 1406 quod

99 1431 341 1486 denarius
381 1445 638 1484 numerus
684 1429 904 1497 periisse
951 1427 1292 1493 ostenditur,
1322 1442 1556 1495 superna
1590 1427 1680 1480 illa

102 1523 345 1589 societas,
374 1537 494 1590 qua:
523 1520 820 1575 novenario
847 1535 1070 1572 numero
1099 1518 1356 1572 remansit
1379 1519 1430 1571 in
1461 1518 1682 1586 angelis,

102 1616 210 1668 sine
242 1612 582 1682 reparatione
608 1610 933 1666 conditionis
977 1620 1178 1665 nostra:
1209 1607 1520 1680 imperfecta
1567 1625 1687 1665 esse

105 1704 367 1757 doceatur.
399 1701 465 1756 Et
485 1701 612 1769 quia
636 1701 858 1755 decimae
892 1717 986 1767 per
1008 1716 1179 1755 annos
1203 1701 1441 1768 singulos
1461 1701 1687 1772 exigun-

921 319 979 372 ΙΝ
1026 318 1288 374 PRIMUM
1334 319 1566 374 lli-ZGUM
1611 318 1746 374 EXP
1777 321 2128 377 lSll‘lllerS.
2169 353 2238 362 -
2281 323 2410 378 L'B.
2459 324 2540 378 ιν.

105 440 232 492 enim
275 434 602 500 electorum,
649 443 770 488 sunt
801 434 968 487 turbae
1014 433 1272 488 virtutum
1310 433 1692 503 spiritualium.
1726 443 1769 495 Α

3273 328 3380 382 9.5)

1869 436 1957 491 ll.
1989 436 2193 504 Quibus
2221 441 2462 511 proiecto
2493 443 2667 496 verbis
2689 457 2865 498 mores
2893 443 3230 499 subditorum
3257 461 3377 499 car-

1793 527 1994 581 nalium
2024 539 2210 598 aperte
2237 533 2302 585 de
2332 533 2614 588 cribuntur
2641 551 2654 587 :
2685 534 2808 604 quia
2835 533 2959 587 dum
2990 535 3256 588 exteriora
3287 551 3381 605 ap-

1792 625 2014 687 petunt,
2045 619 2300 674 interiora
2345 621 2538 676 damna
2579 624 2740 677 etiam
2771 624 3014 693 expo~ita
3047 641 3151 678 non
3202 633 3380 678 atten-

1791 706 1942 760 dunt.
1973 705 2078 760 Sed
2124 709 2214 776 qui
2262 710 2551 764 carnaliter
2603 722 2872 780 pnsum,
2924 713 3036 781 ipsa
3078 714 3383 768 ostensione

1793 801 2099 871 temporalis
2128 803 2381 870 potentiae
2407 803 2636 858 subditis
2661 805 2763 857 sibi
2809 805 3106 858 minoribus
3135 818 3381 872 magnam

1789 903 1939 959 spem
1971 890 2098 943 dant
2130 891 2327 944 tutela}.
2365 891 2495 944 Dum
2524 906 2652 960 ergo
2680 894 2863 947 dicunt
2889 911 2902 946 :
2948 895 3061 948 Πετ
3089 897 3185 948 erit
3233 912 3384 965 super

1791 998 1903 1044 ηοξ,
1945 990 1994 1036 et
2035 982 2286 1052 pugnabit
2314 982 2447 1037 bella
2492 993 2670 1040 nostra
2699 1003 2793 1056 pro
2840 986 3010 1055 nobis,
3041 988 3168 1057 quid
3211 988 3380 1051 aliud,

1789 1089 1950 1142 quam
1991 1076 2345 1146 reprobat-nm
2392 1077 2691 1132 subitorum
2724 1095 2901 1135 mores
2949 1081 3257 1147 insinuant,
3290 1083 3382 1151 qui

1789 1164 2018 1218 humiles
2060 1172 2114 1219 et
2163 1166 2468 1235 spirituales
2519 1169 2900 1236 prtedicatores
2951 1170 3275 1240 despiciunt,
3326 1181 3384 1225 ut

1792 1254 2164 1322 temporalitcr
2211 1270 2241 1308 a
2289 1257 2595 1310 carnalibus
2643 1258 2995 1324 adiuventur?
3036 1259 3186 1325 Quod
3235 1269 3384 1314 certe

1791 1343 2098 1398 nullatenus
2127 1353 2369 1412 agerent,
2410 1345 2512 1399 nisi
2551 1346 2696 1414 prius
2727 1346 2906 1402 lumen
2952 1347 3132 1402 cordis
3169 1349 3384 1403 amisis—

1790 1443 1930 1488 sent.
1963 1434 2093 1489 Nam
2129 1437 2174 1490 si
2203 1437 2558 1506 spiritua'ium
2591 1439 2826 1492 virorum
2866 1440 3220 1494 humilitatem
3252 1440 3382 1494 foris

1789 1525 2106 1594 desiticiunt,
2135 1528 2227 1580 sel
2257 1542 2362 1595 qua
2389 1528 2670 1596 poti-statis
2711 1529 3035 1584 sublimitate
3077 1530 3217 1584 intus
3247 1533 3383 1584 emi-

1792 1623 1974 1685 neant,
2004 1631 2230 1671 cernere
2260 1633 2366 1670 non
2398 1626 2704 1683 merentur;
2731 1619 2782 1672 in
2813 1619 2916 1674 illis
2955 1635 3172 1688 quoque
3200 1630 3384 1674 exter-

1791 1721 1911 1759 nam
1943 1707 2226 1776 potestatis
2258 1708 2595 1778 tyrannidem
2643 1709 2841 1773 vident,
2890 1713 2982 1763 sed
3012 1726 3114 1780 qua
3163 1711 3382 1764 inlirmi-

106 1806 206 1860 tur,
247 1802 370 1862 apte
415 1793 508 1862 qui
552 1793 790 1847 decimas
831 1791 1026 1846 olferre
1073 1807 1178 1846 non
1227 1791 1500 1855 desinunt,
1543 1791 1684 1845 servi
1721 1819 1764 1876 Β
1792 1804 1904 1852 tate
1946 1798 2090 1851 intus
2133 1797 2496 1866 deprimatur,
2551 1815 2658 1853 non
2687 1800 2889 1854 vident.
2946 1802 3054 1864 Ιιιιί,
3102 1802 3226 1870 quia
3273 1802 3385 1855 Duo

105 1900 210 1938 esse
239 1884 380 1952 regis
413 1884 784 1953 perhibentur.
820 1882 909 1936 Eis
936 1883 1133 1952 quippe
1172 1898 1268 1952 per
1297 1897 1467 1936 annos
1503 1882 1660 1950 singu

106 1975 178 2026 Ins
217 1974 477 2037 serviunt,
521 1987 750 2040 quorum
803 1972 1053 2040 exemplo
1100 1986 1242 2040 smpe
1271 1970 1483 2040 pejores
1531 1969 1685 2025 linat.

106 2063 318 2118 Possunt
347 2073 400 2116 et
427 2077 525 2131 per
553 2063 675 2127 hoc,
716 2062 861 2130 quod
909 2070 1033 2130 post
1068 2061 1224 2116 datas
1252 2061 1488 2115 decimas
1519 2059 1688 2115 servi-

105 2166 181 2210 tus
206 2157 305 2210 ista
333 2154 613 2220 asseritur,
657 2155 782 2207 mali
826 2153 1099 2222 prolectus
1142 2152 1371 2208 OStendi.
1417 2151 1549 2205 Nam
1593 2149 1684 2221 qui

108 2248 347 2318 paulatim
371 2246 653 2313 delicium,
677 2247 918 2317 quotidie
935 2253 1115 2316 agunt,
1143 2246 1284 2301 unde
1307 2246 1370 2299 ad
1396 2245 1689 2311 iniquitatis

108 2341 354 2411 profunda
385 2339 743 2395 deducantur.
775 2339 916 2395 Dicit
939 2356 1068 2409 ergo
1094 2359 1108 2394 :
1149 2339 1340 2411 Creges
1367 2347 1557 2394 vestros
1587 2338 1658 2392 ad

108 2431 386 2493 decimabit,
420 2448 608 2503 vosque
632 2431 778 2485 eritis
806 2433 853 2485 ei
883 2432 1036 2486 serti.
1070 2432 1232 2496 Quasi
1272 2431 1416 2485 dicat
1456 2448 1469 2484 :
1517 2430 1685 2485 Malo-

114 2536 220 2574 rum
248 2520 500 2590 exemplo
528 2519 785 2588 paulatim
809 2520 1096 2582 decidetis,
1123 2520 1216 2576 sed
1247 2520 1489 2576 cadendo
1510 2521 1687 2588 agitis,

109 2620 160 2664 ut
195 2610 259 2663 ab
303 2625 490 2664 eorum
537 2611 839 2665 imitatione
881 2626 1150 2679 nunquam
1183 2612 1471 2666 recedatis.
1529 2614 1686 2683 186

107 2697 358 2767 Scriptum
381 2701 584 2768 quippe
610 2710 694 2754 est
724 2717 738 2755 :
764 2700 808 2752 A
838 2717 936 2772 quo
957 2718 990 2772 ιι
1011 2703 1072 2755 iis
1102 2702 1339 2763 vincitur,
1365 2705 1477 2772 ejus
1513 2717 1688 2756 servus

111 2791 308 2860 efﬁcitur
333 2790 422 2862 (ΙΙ
451 2791 600 2846 Pctr.
630 2809 687 2857 tt,
720 2792 832 2864 l9).
865 2794 998 2860 Quia
1029 2795 1170 2848 enim
1198 2811 1296 2864 per
1333 2795 1688 2851 imitationem

116 2881 329 2950 pastoris
378 2883 596 2952 reprobi
659 2884 711 2937 in
773 2885 976 2954 peccati
1035 2885 1350 2940 servi’utem
1408 2885 1648 2940 incidunt
1674 2928 1687 2951 ,

120 2975 264 3025 etiam
287 2972 353 3025 ab
375 2972 493 3042 ejus
509 2972 663 3041 jugo,
683 2974 902 3041 quando
922 2975 1130 3040 volunt,
1153 2974 1287 3029 solvi
1312 2991 1417 3029 non
1441 2985 1686 3044 possunt.

117 3060 255 3115 Unde
275 3071 331 3116 et
356 3061 602 3117 subditur
631 3081 646 3114 :

1793 1887 2088 1954 adhzcrent,
2117 1903 2236 1940 cum
2267 1888 2482 1953 volunt,
2514 1889 2676 1944 etiam
2705 1890 2756 1944 in
2795 1892 3154 1946 exterioribus
3194 1903 3385 1962 poten-

1792 1985 1874 2030 tes
1901 1985 2027 2031 sunt
2059 1995 2074 2030 :
2107 1977 2201 2043 illi,
2232 1980 2322 2048 qui
2373 1995 2402 2032 a
2433 1979 2662 2035 Domino
2703 1981 2989 2046 recedunt,
3023 1999 3195 2053 spem,
3228 2000 3382 2052 quam

1791 2069 2113 2138 promittunt
2157 2070 2225 2126 de
2252 2071 2494 2140 potentia
2524 2071 2788 2136 saeculari,
2820 2073 3077 2128 exhibere
3107 2089 3210 2127 non
3257 2090 3385 2140 [it-S-

1790 2167 1917 2214 sunt
1946 2160 2256 2214 fortitudine
2277 2161 2626 2230 operationis.
2652 2161 2803 2226 Nam,
2829 2171 2886 2216 ut
2907 2163 2970 2217 de
2994 2163 3170 2217 vicino
3199 2178 3386 2216 exem-

1789 2251 1876 2322 pla
1899 2253 2204 2321 capiamus,
2237 2250 2368 2306 Saul
2397 2253 2462 2305 ad
2490 2253 2774 2322 pugnanda
2807 2253 2944 2307 bella
2987 2267 3165 2321 regem
3193 2262 3384 2324 postu-

1791 2342 2038 2408 lantium,
2071 2341 2224 2395 fortis
2261 2349 2316 2394 et
2343 2349 2536 2409 potens
2561 2341 2809 2409 cligitur:
2845 2343 2915 2395 ita
2961 2350 3051 2406 ut,
3094 2358 3247 2396 sacra
3283 2343 3386 2398 hac

1791 2430 2010 2485 historia
2039 2439 2175 2485 teste
2207 2429 2273 2501 (Ι
2304 2430 2434 2502 Reg.
2464 2447 2536 2496 ιιι,
2565 2431 2661 2503 2),
2712 2433 2779 2486 ab
2812 2434 3066 2500 humero,
3094 2443 3150 2488 et
3175 2451 3385 2488 sursum

1792 2521 1992 2590 populo
2025 2521 2276 2574 univer-o
2305 2521 2587 2575 emineret.
2621 2526 2661 2575 Α
2690 2522 2801 2576 Deo
2829 2523 2988 2591 igitur
3011 2523 3080 2578 ad
3110 2526 3257 2592 regni
3285 2538 3385 2592 gu-

1791 2610 2078 2665 bernacula
2121 2610 2348 2668 electus.
2380 2627 2502 2665 cum
2535 2612 2706 2666 bonus
2745 2613 3040 2683 existeret,
3069 2623 3124 2669 et
3161 2615 3227 2669 de
3258 2615 3383 2668 liliis

1790 2700 1955 2756 Israel
1984 2701 2175 2770 aliquis
2201 2702 2394 2756 melior
2421 2702 2512 2756 illo
2542 2719 2649 2758 non
2677 2714 2844 2772 esset,
2875 2714 3077 2773 tamen,
3107 2721 3230 2760 cum
3263 2715 3352 2760 tau
3372 2738 3386 2748 -

1793 2802 1877 2850 tus
1905 2809 1969 2849 ac
1999 2795 2126 2848 talis
2157 2794 2236 2848 vir
2271 2795 2472 2848 carnali
2518 2794 2819 2850 fortitudini
2859 2796 3202 2866 relinquitur,
3245 2799 3383 2853 bella

1791 2885 2040 2955 perdidit,
2074 2900 2192 2955 qua:
2237 2896 2571 2954 pugnaturus
2610 2894 2927 2956 acceperat,
2955 2895 3011 2940 ct
3047 2888 3211 2940 vitazn
3242 2889 3387 2956 pari-

1792 2984 1876 3030 ter
1903 2976 2082 3030 amisit
2111 2974 2175 3046 (1
2203 2975 2331 3046 Reg.
2364 2991 2440 3040 Ill,
2480 2974 2550 3047 l).
2583 2975 2652 3030 Sa
2679 2999 2687 3026 ι
2712 2977 2799 3030 uel
2839 2985 3017 3031 autem
3040 3018 3057 3043 ,
3080 2978 3169 3048 qui
3200 2980 3386 3032 sxculi

1791 3071 2032 3138 potentia
2056 3068 2298 3124 sublimis
2329 3085 2434 3122 non
2458 3069 2692 3132 exstitit,
2725 3068 2817 3137 qui
2843 3069 3117 3122 humiliter
3145 3085 3256 3123 non
3295 3088 3386 3124 su-

175 3170 343 3236 (Vers.
378 3170 485 3242 £8.)
510 3169 575 3224 Et
603 3170 895 3225 clamabitis
917 3173 968 3225 in
992 3173 1076 3226 die
1095 3174 1187 3227 illa
1213 3192 1245 3227 a
1272 3176 1403 3245 [acie
1421 3179 1557 3246 regis
1579 3191 1688 3230 ves-

1801 3161 1904 3216 lum
1931 3162 2064 3225 Deo,
2097 3161 2191 3216 sed
2221 3162 2382 3215 etiam
2409 3162 2718 3216 hominibus
2755 3161 3094 3224 ministravit,
3127 3163 3196 3216 de
3224 3172 3379 3216 cxte-

113 3261 187 3324 tri,
222 3279 366 3330 quem
395 3263 622 3332 elegistis
650 3262 808 3325 vobis,
834 3273 883 3316 et
927 3280 1025 3317 non
1056 3266 1294 3319 exaudiet
1321 3283 1408 3320 vos
1440 3266 1690 3322 Dominus

114 3353 162 3403 in
198 3352 276 3406 die
303 3352 436 3406 illa:
461 3354 584 3423 quia
614 3354 812 3422 petistis
841 3354 980 3408 vobis
1011 3371 1197 3425 regem.

181 3441 261 3494 10.
292 3440 454 3508 Quasi
485 3443 652 3506 dicat,
687 3445 738 3498 in
770 3445 1014 3499 notitiam
1037 3461 1212 3514 prava:
1241 3446 1552 3503 imitationis
1577 3447 1694 3518 ejus

117 3531 354 3600 paulatim
380 3532 618 3588 deﬂuit's
651 3552 665 3586 :
697 3535 787 3588 sed
819 3535 1098 3604 pravitatis
1129 3536 1246 3605 ejus
1275 3538 1542 3607 exempla,
1573 3539 1694 3607 qui-

116 3624 202 3676 bus
239 3639 327 3679 vos
375 3635 571 3695 sponte
609 3627 950 3692 submittitis,
1003 3627 1307 3697 relinquere
1350 3638 1544 3698 sponte
1590 3628 1694 3682 mi-

115 3715 245 3769 nime
289 3716 534 3784 potestis.
567 3716 752 3771 Omnis
793 3718 961 3781 enim,
998 3720 1081 3791 qui
1113 3721 1238 3791 facit
1265 3731 1547 3791 peccatum,
1582 3737 1695 3774 ser-

114 3821 194 3858 vus
211 3816 282 3860 est
302 3809 499 3875 peccati
528 3806 708 3877 (Joan.
731 3825 840 3873 vtu,
870 3811 1070 3879 χχχιιι).
1097 3811 1298 3877 Quibus
1327 3827 1454 3880 ergo
1479 3820 1694 3879 peccati

118 3894 464 3962 dotuinantur,
491 3914 590 3968 per
618 3915 676 3952 se
701 3900 767 3953 ab
789 3917 973 3954 eorum
991 3902 1122 3970 jugo
1153 3902 1368 3956 liberari
1400 3911 1702 3972 nequeunt.~

117 3982 233 4038 Nam
262 4003 402 4054 szepe
433 3988 504 4041 ad
533 3989 814 4044 Dominum
840 4007 959 4045 cum
993 3991 1242 4060 precibus
1273 3993 1524 4061 veniunt,
1567 3993 1699 4048 libe-

119 4076 213 4129 rari
241 4090 460 4147 petunt,
485 4079 582 4133 sed
612 4081 852 4135 exaudiri
884 4098 988 4136 non
1022 4090 1265 4152 possunt.
1313 4083 1502 4138 Divino
1527 4084 1696 4154 siqui-

115 4169 221 4222 dem
238 4169 437 4236 judicio
466 4161 590 4224 eum
612 4173 689 4226 eis
716 4173 910 4240 agitur,
941 4183 997 4227 ut
1017 4175 1109 4242 qui
1138 4175 1423 4228 noluerunt
1446 4175 1585 4228 mala
1618 4175 1697 4228 vi-

120 4267 237 4322 tate.
277 4278 396 4316 eum
424 4273 669 4332 possent,
712 4280 818 4318 non
851 4266 1057 4335 possint
1080 4266 1278 4329 vitare,
1308 4281 1429 4320 cutn
1470 4267 1694 4318 volunt:

119 4362 165 4403 et
190 4354 276 4419 qui
301 4363 499 4422 spOnte
529 4355 812 4409 incurrunt
842 4357 979 4409 mala
1013 4359 1358 4426 prtecognita,
1385 4358 1566 4427 fugere
1591 4373 1696 4412 non

122 4444 306 4511 possint
325 4456 570 4517 experta.
587 4451 764 4513 Quare
786 4459 840 4503 et
863 4466 1079 4504 causam
1102 4452 1398 4517 insinuans,
1417 4467 1520 4521 qua
1538 4468 1700 4507 exau-

124 4535 208 4588 diri
230 4538 366 4637 proh.
381 4538 634 4603 beautur,
649 4539 722 4592 ait
745 4556 758 4569 ο
786 4539 922 4604 Quia
942 4543 1140 4611 petistis
1162 4541 1300 4596 vobis
1325 4559 1512 4612 regem.
1537 4542 1698 4609 Quasi
1733 4579 1779 4637 Ι)

123 4636 289 4692 aperte
315 4626 466 4681 dicat
512 4646 527 4682 :
563 4629 698 4694 Quia
739 4631 867 4684 Illud
900 4631 1052 4685 νυιιίε
1099 4632 1214 4685 dari
1257 4633 1593 4701 postulastis,
1645 4634 1697 4687 in

123 4727 218 4781 quo
246 4714 358 4769 haec
403 4717 588 4771 omnia
623 4717 821 4783 futura,
851 4734 937 4774 me
979 4720 1319 4788 praedicente,
1353 4723 1698 4790 cognovistis.

125 4802 256 4870 llaae,
284 4816 343 4861 ut
369 4810 619 4878 superius
644 4809 775 4876 dixi,
800 4811 852 4865 in
878 4820 1006 4881 typo
1038 4812 1378 4882 praelaturutn
1407 4813 1700 4868 carnal'utn

124 4893 182 4948 de
221 4896 388 4952 intura
442 4900 584 4968 regis
628 4903 1040 4957 conversatione
1076 4904 1481 4972 pmdicuutur:
1533 4914 1592 4959 ut
1635 4905 1702 4960 ab

123 4984 230 5050 ejus
247 4988 507 5054 petitione
543 4990 902 5058 quia-cerent,
928 4993 978 5046 in
1008 5009 1115 5062 quo
1148 5003 1294 5048 tanta
1325 4996 1463 5049 mala
1496 5011 1700 5064 cogno-

127 5073 329 5131 vissent.
351 5077 461 5132 Sed
488 5079 689 5134 habent
708 5081 870 5135 corda
893 5084 1268 5152 reproborutn,
1294 5095 1354 5138 ut
1373 5085 1570 5140 malum
1593 5087 1704 5140 cito

127 5175 438 5234 propcnant,
483 5176 540 5222 et
585 5183 614 5221 a
644 5171 788 5223 malo
817 5171 1096 5239 ιιι-ομοεὶιο
1137 5187 1248 5227 non
1295 5174 1525 5230 celerius
1571 5174 1705 5230 resi-

127 5251 336 5317 piscam.
369 5255 549 5321 Quare
579 5265 633 5311 et
659 5260 905 5314 subditur
935 5278 950 5315 :

193 5343 358 5408 (Vers.
394 5348 491 5414 ill,
522 5348 638 5420 20.)
670 5349 855 5405 Noluit
881 5364 1052 5408 autem
1081 5355 1298 5423 pOpulus
1335 5354 1516 5408 audire
1536 5371 1706 5408 vocem

134 5439 370 5494 Samuelis
391 5482 406 5506 ,
441 5442 533 5494 sed
569 5442 812 5496 dixerunt
844 5460 862 5498 :
896 5442 1264 5516 Nequaquam.
1298 5444 1410 5498 Rex
1440 5448 1573 5499 enim
1611 5449 1706 5501 irit

133 5541 270 5593 super
302 5545 418 5592 nos,
451 5542 500 5584 et
524 5528 715 5584 erintus
748 5549 840 5586 nos
869 5550 1092 5604 quoque,
1125 5537 1256 5589 sicut
1285 5552 1460 5590 omnes
1501 5545 1704 5608 gentes,

135 5623 176 5664 et
197 5617 448 5684 judicabit
474 5637 570 5674 nos
600 5637 690 5675 rea:
717 5636 906 5683 noster.
947 5635 998 5678 et
1025 5627 1312 5697 egredietur
1349 5637 1469 5681 ante
1506 5644 1618 5693 nos,
1661 5636 1708 5681 et

137 5710 365 5776 pugnabit
397 5711 457 5766 be
478 5712 530 5765 lu
563 5722 739 5767 nostra
771 5731 861 5782 pro
891 5716 1054 5770 nobis.

1797 3252 2030 3306 rioribus
2069 3267 2284 3320 quoque
2333 3252 2486 3305 bellis
2536 3252 2774 3321 troithaea
2823 3260 3070 3320 potenter
3118 3251 3382 3306 exhibuit.

1799 3342 1928 3396 Nam
1960 3359 2065 3396 non
2099 3343 2251 3396 valde
2286 3357 2445 3411 supra
2475 3341 2541 3395 de
2578 3357 2645 3396 eo
2693 3342 2892 3396 dictum
2942 3350 3024 3396 est
3057 3359 3069 3394 :
3104 3341 3242 3395 Tulit
3281 3343 3388 3396 Sa-

1796 3437 1931 3489 muel
1974 3451 2164 3504 agnum
2212 3435 2484 3488 lactentem
2522 3451 2708 3499 unum,
2757 3443 2804 3487 et
2843 3435 2993 3504 187
3023 3434 3202 3488 obtulit
3242 3435 3390 3488 illum

1798 3527 2151 3582 holocaustum
2179 3528 2430 3596 integrum
2468 3526 2707 3591 Domino,
2741 3538 2788 3580 et
2813 3528 3051 3580 clamavit
3083 3526 3295 3581 Samuel
3321 3526 3391 3579 ad

1799 3618 2077 3674 Dominum
2103 3637 2196 3687 pro
2223 3617 2412 3682 Israel,
2443 3629 2493 3672 et
2515 3619 2778 3672 exaudivit
2808 3635 2923 3672 cum
2952 3618 3219 3672 Dominus.
3253 3618 3391 3672 Fac-

1801 3721 1906 3764 tum
1935 3722 2012 3764 est
2040 3720 2230 3774 autem,
2264 3726 2377 3762 cum
2409 3709 2621 3764 Samuel
2655 3711 2862 3778 offerret
2895 3710 3247 3764 holocaustum
3283 3710 3389 3764 Uo-

1799 3803 1962 3862 mino,
1990 3799 2306 3854 Pliilistltiim
2335 3801 2498 3853 iniere
2519 3802 2753 3871 prndium
2797 3810 2978 3854 contra
3016 3799 3203 3854 Israel.
3239 3799 3389 3854 Into-

1801 3895 1910 3947 nuit
1941 3902 2110 3945 autem
2146 3891 2394 3946 Dominus
2433 3895 2642 3963 fragore
2671 3909 2861 3962 magno
2903 3892 2954 3945 ia
3000 3893 3080 3945 die
3110 3893 3200 3945 illa
3241 3909 3391 3960 super

1803 3984 2145 4048 Pltilistltiim,
2178 3993 2226 4036 et
2255 3984 2500 4036 exterruit
2527 3999 2633 4047 eos,
2664 3992 2712 4036 et
2733 3985 2851 4036 δίινεὶ
2881 3991 3001 4036 sunt
3029 3982 3338 4036 l’ltilistltiim
3361 4000 3390 4037 ο

1801 4079 1926 4150 ﬁliis
1951 4077 2120 4131 Israel
2151 4077 2202 4145 (1
2225 4077 2350 4148 Reg.
2377 4093 2468 4142 vtt,
2499 4074 2553 4140 9,
2583 4076 2690 4146 10).
2721 4077 2871 4131 Dicat
2890 4090 3018 4143 ergo
3045 4094 3057 4128 :
3084 4074 3268 4130 Noluit
3298 4093 3391 4145 ρον

1801 4172 1950 4241 putus
1980 4172 2161 4224 audire
2185 4186 2349 4223 rorem
2381 4170 2525 4222 Sant-
2547 4169 2661 4232 elis,
2693 4178 2746 4222 ut
2782 4169 2833 4222 in
2865 4184 3050 4222 eorum
3083 4168 3392 4222 inohedien-

1803 4263 1873 4317 tia
1904 4262 2259 4330 superborum
2290 4261 2456 4313 corda
2487 4260 2835 4328 designentur
2864 4299 2879 4324 ,
2911 4259 2988 4314 sic
3016 4259 3208 4312 ditium
3228 4259 3384 4330 tequi-

1803 4351 1932 4405 tatis
1959 4351 2164 4420 judicio
2211 4351 2473 4420 projecta,
2517 4358 2574 4403 ut
2621 4364 2814 4420 magna
2871 4349 3014 4402 mala
3061 4350 3376 4403 immineant

1802 4458 1920 4512 quae
1948 4441 2214 4495 incnrsuri
2255 4448 2378 4494 sunt
2405 4457 2418 4493 :
2447 4440 2542 4495 sed
2590 4447 2770 4495 tamen
2799 4454 2862 4494 ea
2903 4441 3086 4495 videre
3115 4457 3219 4494 non
3268 4456 3385 4510 pos-

1804 4533 1929 4586 sint.
1964 4531 2219 4600 Sequitur
2245 4547 2258 4584 :

1881 4630 2057 4700 (Vers.
2115 4629 2242 4699 ΩΙ.)
2287 4628 2353 4683 Et
2395 4630 2587 4684 audivit
2633 4630 2847 4684 Samuel
2885 4630 3058 4684 omnia
3101 4629 3251 4682 verba
3299 4645 3388 4697 po-

1807 4724 1934 4794 puli.

1882 4813 1968 4867 12.
1996 4811 2114 4867 Hoc
2134 4810 2373 4882 proiecto
2402 4809 2616 4865 Samuel
2646 4810 2870 4876 audivit,
2899 4808 3040 4878 quod
3068 4808 3290 4877 populus
3316 4808 3396 4860 lo-

1809 4913 1967 4960 cutus
2011 4911 2115 4968 est,
2163 4902 2255 4956 sed
2296 4902 2467 4970 ipsum
2516 4900 2744 4969 populus
2783 4915 2888 4951 non
2921 4897 3143 4951 audivit.
3192 4894 3396 4965 Populo

1811 4997 1956 5050 enim
1987 4993 2220 5062 reprobo
2253 4993 2397 5061 loqui
2425 4999 2480 5045 et
2507 5007 2610 5045 non
2643 4991 2849 5049 audire.
2884 4989 2982 5043 l'uit
3019 4990 3180 5043 verba
3210 5003 3397 5043 confra

1813 5086 1904 5140 Dei
1934 5085 2263 5139 voluntatem
2313 5097 2593 5152 promere,
2627 5083 2722 5134 sed
2763 5096 2978 5150 poenam
3023 5096 3204 5151 pravae
3249 5080 3397 5134 locu-

1815 5176 1973 5229 tionis
1995 5175 2214 5228 minime
2243 5172 2554 5242 prievidere.
2589 5171 2805 5226 Samuel
2829 5181 3006 5226 autem
3031 5170 3211 5240 populi
3236 5171 3396 5227 vterba

1813 5267 2014 5321 audivit
2046 5284 2058 5319 :
2092 5266 2216 5334 quia
2247 5264 2550 5334 spiritua'es
2579 5263 2698 5326 viri,
2733 5262 2858 5317 dum
2898 5263 3142 5332 superba:
3172 5261 3394 5315 locutio-

1813 5357 1896 5412 nis
1923 5371 2084 5410 voees
2107 5357 2352 5423 audiunt,
2377 5354 2608 5408 futurum
2640 5355 2693 5408 in
2718 5355 2796 5409 eis
2823 5353 3017 5408 divinae
3039 5353 3257 5407 ultionis
3287 5367 3396 5406 me-

1809 5450 1973 5500 ritum
2003 5456 2418 5513 recognoscunt.
2449 5445 2600 5499 Dicat
2626 5459 2756 5513 ergo
2781 5462 2792 5497 :
2827 5445 3032 5498 Audiuit
3061 5443 3274 5499 Samuel
3295 5459 3392 5496 om-

1809 5537 1896 5590 nia
1916 5535 2066 5590 verba
2087 5537 2283 5607 populi,
2308 5539 2432 5605 quia
2455 5536 2648 5597 sancti,
2672 5551 2736 5589 ac
2763 5534 3070 5605 spirituales
3091 5532 3213 5600 viri,
3243 5533 3393 5601 quiil-

1809 5628 1936 5697 quid
1985 5629 2230 5682 carnales
2266 5627 2498 5696 superbe
2539 5626 2668 5681 foris
2707 5626 2980 5692 insonaut,
3028 5624 3187 5693 quale
3227 5623 3301 5675 sit
3348 5621 3404 5676 in

1810 5719 1992 5775 divino
2022 5717 2220 5788 judicio
2248 5729 2395 5772 tutus
2424 5724 2670 5788 pensant.
2710 5715 2816 5771 Sed
2846 5715 2992 5786 quin,
3041 5716 3165 5767 dum
3212 5725 3406 5766 carna-
