3962 6278
552 318 651 371 23!

1737 306 1979 361 SANCTI
2020 304 2350 361 GREGORII
2393 304 2603 359 MAGNI

3699 309 3782 361 2?!

552 432 682 485 lium
718 421 1054 479 subditorum
1093 417 1450 473 damnabilem
1484 417 1645 470 vitam
1693 418 1989 486 reperiunt,
2034 430 2132 485 pro
2166 423 2211 479 Α
2236 432 2342 485 que
2382 426 2599 487 petens,
2630 418 2845 473 auditus
2891 426 2995 473 est.
3026 416 3166 483 Quid
3214 415 3319 469 hoc
3346 428 3466 469 esse
3505 414 3785 485 dixerimus,

553 515 797 572 delendis
826 526 1014 566 eorum
1051 508 1366 562 criminibus
1396 506 1733 562 intercedunt
1760 524 1773 558 :
1807 506 2060 573 Sequitur
2087 524 2100 559 :

622 606 798 675 (Vers.
827 600 940 671 2|.)
967 598 1031 652 Et
1052 598 1250 652 locutus
1272 606 1347 651 est
1372 613 1433 649 ea
1453 596 1507 650 in
1534 594 1744 649 auribus
1767 593 1999 649 Domini.

622 696 678 750 lu
708 708 894 749 eorum
926 690 1146 743 auribus
1176 688 1465 756 loquimur,
1497 686 1637 756 apud
1665 702 1803 755 quos
1830 700 2034 755 magna:
2064 686 2141 739 fa-

552 785 874 842 miliaritatis
922 783 1149 852 gratiam
1200 780 1484 836 habemus.
1540 780 1722 833 Sancti
1782 787 1960 832 autem
2018 777 2138 843 viri,

553 880 676 949 quia
704 872 1061 943 omnipotenti
1098 873 1207 926 Deo
1236 872 1292 925 iu
1319 870 1497 937 magni
1529 870 1728 924 amoris
1760 868 1972 922 vinculo
2011 884 2140 922 cou—

553 971 715 1035 iuncti
737 976 878 1031 sunt,
902 965 949 1018 ei
976 965 1028 1018 iu
1052 964 1270 1018 auribus
1293 963 1620 1032 loquuntur:
1651 961 1778 1031 quia
1799 960 1993 1013 divinae
2016 975 2135 1029 pro-

552 1057 849 1129 pitiationis
877 1054 994 1124 ejus
1023 1052 1263 1107 auditum
1296 1060 1447 1105 tanto
1480 1050 1779 1104 liducialius
1807 1058 2138 1118 exposcunt,

554 1157 754 1218 quanto
785 1146 926 1216 apud
956 1145 1071 1213 ejus
1117 1143 1536 1196 misericordiuu
1558 1183 1571 1202 ,
1601 1139 1920 1209 impetrandi
1960 1140 2140 1193 locum

551 1239 829 1297 sublimius
849 1242 1193 1305 acceperunt.
1227 1235 1447 1289 l’eccata
1473 1249 1602 1288 vero
1638 1232 1822 1302 populi
1851 1232 2143 1301 loquuntur

549 1347 649 1397 pro
679 1328 980 1384 humilitate
1001 1324 1377 1389 coulessionis,
1407 1324 1501 1377 sed
1531 1322 1581 1376 in
1612 1321 1831 1376 auribus
1856 1322 2144 1389 loquuntur

555 1421 759 1476 Domini
784 1438 797 1472 :
830 1420 952 1488 quia
982 1433 1103 1472 cum
1137 1430 1330 1483 magno
1356 1414 1549 1470 all'ectu
1577 1414 1751 1484 precis
1775 1413 1998 1482 januam
2021 1414 2142 1483 pul-

549 1522 671 1568 sant
694 1510 984 1566 Demiuiea:
1008 1508 1428 1577 propitiationis.
1461 1506 1567 1561 Sed
1590 1505 1815 1560 fortasse
1840 1507 1893 1559 iu
1924 1504 2143 1559 auribus

556 1600 762 1657 Domini
803 1600 950 1669 loqui
981 1598 1213 1652 dicitur:
1248 1598 1373 1665 quia
1403 1597 1531 1651 dum
1558 1596 1731 1651 sancti
1756 1596 1856 1649 v'ri
1888 1611 1985 1664 pro
2018 1610 2141 1669 pee-

551 1690 821 1745 ratoribus
862 1690 1169 1750 obsecrant,
1204 1702 1391 1755 preces
1419 1702 1555 1755 quas
1582 1703 1681 1756 pro
1728 1685 1806 1741 eis
1854 1685 1965 1740 Deo
2006 1684 2142 1740 oll‘e-

2243 507 2342 560 nisi
2371 508 2495 577 quia
2523 508 2661 562 miro
2699 517 2754 563 et
2785 510 3065 565 tremendo
3091 508 3284 563 divina:
3315 507 3787 576 ineomprelteusibic

2242 597 2408 652 litatis
2430 598 2633 668 judicio
2664 600 2835 655 sancti
2866 601 2967 655 viri
3008 614 3107 669 pro
3133 597 3376 668 reprobis
3405 606 3616 651 orantes
3654 614 3789 654 exau-

2242 688 2343 741 diri
2373 698 2677 759 nequeunt:
2706 691 2757 744 iu
2782 690 3139 761 adimpleudis
3162 704 3291 743 vero
3321 688 3434 742 suis
3465 689 3791 759 pravitatibus,

2244 779 2418 833 audiri
2455 780 2556 849 ipsi
2599 781 2816 851 reprobi
2856 782 3229 851 delinquentes
3257 786 3483 849 possunt
3511 796 3525 831 :
3557 788 3613 832 ut
3638 779 3727 835 illis
3745 783 3795 836 li-

2244 868 2372 923 bera
2402 869 2655 939 iniquitas
2682 879 2897 926 internae
2938 871 3185 926 vindicta:
3230 869 3480 924 meritum
3525 880 3729 937 augeat,
3752 882 3794 926 et

2246 960 2361 1016 istis
2388 976 2456 1016 ex
2494 962 2690 1017 allecto
2719 962 3115 1033 compassienis
3145 976 3350 1016 merces
3379 968 3646 1030 perpetua:
3669 964 3794 1015 retri-

2243 1050 2479 1105 butionis
2508 1054 2827 1107 accrescat?
2854 1052 2922 1106 Et
2948 1052 3131 1107 statim
3164 1066 3289 1106 eum
3316 1048 3581 1114 ordinem,
3618 1066 3715 1119 quo
3745 1054 3797 1105 ad

2246 1140 2492 1209 ejusdem
2522 1143 2664 1210 regis
2691 1141 3135 1197 constitutionem
3162 1150 3380 1197 ventum
3420 1141 3523 1203 sit,
3554 1141 3799 1198 ostendere

2246 1234 2529 1303 incipiens,
2559 1234 2672 1287 ait:

2318 1347 2492 1416 (Vers.
2523 1347 2637 1419 22.)
2662 1346 2727 1400 Et
2746 1349 2818 1401 ait
2843 1349 3056 1403 Samuel
3078 1350 3149 1403 ad
3174 1364 3434 1402 universos
3459 1348 3597 1417 ﬁlias
3623 1345 3795 1403 Israel.

2255 1437 2425 1491 Vadut
2450 1441 2793 1509 unusquisque
2818 1441 2869 1492 in
2901 1442 3152 1493 civitatem
3182 1456 3349 1493 suam.

2298 1529 2406 1582 'M.
2430 1529 2563 1583 Cum
2592 1530 2890 1600 Spiritualia
2914 1531 3187 1584 discutere
3216 1529 3481 1586 volumus.
3516 1542 3721 1583 necesse
3739 1537 3801 1581 est

2247 1629 2307 1677 ut
2334 1622 2401 1676 ab
2429 1614 2726 1678 intentione
2769 1631 2949 1677 nostra
2984 1622 3221 1676 carnalia
3263 1636 3634 1675 removeamus
3660 1639 3673 1672 :
3702 1620 3799 1689 quia

2246 1731 2400 1769 mens
2445 1715 2655 1768 interna
2700 1731 2805 1768 non
2858 1722 3138 1784 penetrat,
3173 1729 3329 1782 quam
3376 1714 3698 1768 exteriorum
3732 1728 3805 1766 ac-

552 1793 695 1847 rum,
736 1780 1046 1874 hom'ml’l‘?
1079 1779 1471 1874 "°'_‘_re_vel_a""
1505 1778 1655 1874 tilde
1684 1787 1740 1833 et
1776 1794 1825 1874 ’ρ
1857 1776 2145 1874 Evangel‘"
2179 1796 2224 1854 B
2252 1814 2397 1858 tuum
2426 1804 2598 1874 pulvis
2624 1813 2810 1859 cmcat.
2838 1805 2971 1857 Dum
3004 1804 3162 1871 igitur
3192 1803 3453 1872 propheta
3487 1802 3800 1857 Deniinioui-

553 1873 809 1929 Dominus
857 1869 1107 1940 prohibet
1149 1868 1483 1936 distipules,
1525 1868 1707 1922 dicens
1740 1886 1753 1920 ε
1785 1866 1913 1921 Cant
1958 1869 2141 1931 oratis,

554 1967 710 2021 nolite
744 1965 859 2032 ﬁeri
888 1964 1020 2016 sicut
1070 1962 1351 2031 hypocrita:
1379 1962 1569 2022 tristes,
1599 1961 1684 2025 qui
1706 1970 1885 2012 amant
1912 1960 1965 2012 in
1987 1976 2149 2029 syna-

558 2058 724 2129 gogis,
750 2067 799 2110 et
820 2058 870 2109 in
897 2055 1103 2125 angulis
1125 2054 1414 2124 platearunt
1438 2060 1631 2106 stantes
1654 2068 1825 2114 orare,
1849 2062 1904 2103 ut
1933 2050 2147 2103 rideane

555 2158 638 2201 tur
679 2147 742 2200 ab
810 2144 1101 2199 hominibus
1131 2143 1347 2214 (Matth.
1400 2158 1469 2206 vt,
1505 2140 1580 2211 5).
1633 2140 1806 2195 Verba
1836 2154 1985 2207 ergo,
2037 2140 2149 2194 sive

563 2254 718 2308 )pera
768 2236 949 2306 pepuli
999 2235 1314 2305 loquuntur,
1355 2250 1476 2288 cum
1516 2232 1716 2287 delicta
1766 2230 2052 2285 locutionis
2094 2240 2150 2284 et

558 2330 740 2398 operis
788 2325 1125 2382 orationibus
1173 2324 1399 2378 delenda
1459 2322 1688 2377 Domine
1734 2331 2031 2390 exponunt.
2076 2319 2147 2373 Et

560 2432 691 2472 vero
722 2418 773 2471 in
805 2416 1023 2469 auribus
1048 2413 1259 2468 Domini
1288 2414 1602 2481 loquuntur,
1630 2419 1689 2464 ut
1716 2410 1844 2464 dum
1871 2410 2150 2463 homiuuut

562 2507 867 2562 testimonia
899 2514 1117 2559 orantes
1145 2502 1371 2572 fugiunt,
1402 2503 1471 2555 ab
1500 2517 1587 2564 ce,
1611 2501 1704 2571 qui
1741 2500 1951 2555 occulta
1982 2501 2151 2569 respi-

561 2602 656 2665 cit,
687 2599 917 2654 celerius
938 2595 1244 2651 audiantur.
1277 2594 1411 2647 Dum
1441 2608 1570 2663 ergo
1597 2594 1651 2648 iu
1681 2593 1900 2647 auribus
1936 2591 2149 2648 Domini

562 2692 779 2749 Samuel
812 2689 956 2759 loqui
988 2687 1317 2758 perhibetur,
1358 2686 1576 2741 modum
1608 2683 1853 2754 profecto
1881 2684 2148 2748 insinuat,

563 2800 671 2854 quo
699 2782 819 2852 quis
847 2780 1087 2835 auditum
1106 2784 1387 2832 mereatur
1414 2777 1607 2831 divina:
1634 2774 1978 2845 dignationis.
2017 2773 2151 2829 Nam

564 2875 846 2947 pervenire
865 2872 932 2927 ad
955 2870 1125 2926 Deum
1146 2869 1320 2925 oratio
1339 2883 1679 2939 nequaquam
1715 2876 1915 2938 potest,
1939 2880 2059 2936 qua:
2085 2881 2153 2920 ex

564 2968 863 3027 intentione
914 2964 1195 3036 promitur,
1242 2969 1301 3016 ut
1348 2963 1416 3015 ab
1454 2960 1762 3015 hominibus
1803 2965 2150 3028 agnoscatur.

567 3058 721 3114 Unde
740 3057 901 3125 etqui
933 3056 985 3109 iu
1008 3053 1228 3107 auribus
1259 3051 1467 3107 Domini
1503 3051 1713 3106 locutus
1743 3050 2018 3115 asseritur,
2042 3064 2155 3104 res-

2255 1912 2377 1951 nem
2408 1895 2666 1966 pepulnm
2714 1895 2863 1949 abire
2907 1896 2971 1947 ad
3003 1895 3215 1964 prepria
3257 1894 3371 1947 loca
3414 1894 3669 1963 prmcipit,
3697 1911 3721 1945 ει
3760 1908 3802 1946 se

2252 1990 2435 2057 utique
2466 1987 2752 2039 tumultum
2788 1986 3080 2041 carnalium
3113 1984 3321 2054 repellit
3355 2002 3368 2036 :
3405 1992 3460 2036 ut
3491 1999 3559 2038 ee
3588 1984 3804 2053 spiritua-

2252 2077 2345 2145 lia,
2373 2091 2492 2146 quae
2521 2075 2849 2145 disponenda
2877 2083 3023 2140 sunt,
3056 2074 3251 2130 clarius
3282 2074 3477 2137 videat,
3512 2088 3618 2141 quo
3645 2074 3807 2126 mentis

2252 2171 2369 2239 ejus
2391 2171 2562 2226 aciem
2589 2178 2926 2225 terrenarum
2950 2177 3164 2223 actuum
3184 2168 3411 2221 intentio
3435 2183 3546 2220 non
3567 2167 3805 2222 obscurat.

2253 2262 2361 2319 Sed
2391 2263 2567 2332 qualis
2613 2262 2701 2329 sit,
2745 2262 2835 2331 qui
2876 2261 3054 2316 divino
3075 2260 3278 2329 judicio
3320 2259 3657 2331 prmvidctur,
3701 2260 3807 2313 iusi-

2253 2372 2443 2421 nuaus,
2474 2355 2546 2409 ait
2572 2373 2584 2407 :

2869 2462 3097 2522 CAPUT
3142 2465 3229 2521 Ill.

2329 2603 2384 2676 (Ι
2415 2603 2543 2671 Reg.
2566 2618 2639 2663 rx,
2669 2600 2718 2665 ἱ,
2741 2599 2822 2670 ‘2.)
2848 2598 2979 2653 Erat
3007 2600 3083 2652 vir
3102 2598 3165 2651 de
3188 2596 3482 2666 Benjamin,
3510 2594 3705 2648 nomine
3722 2592 3806 2655 Cis,

2254 2696 2397 2767 filius
2416 2694 2589 2758 Abiet,
2614 2694 2712 2764 ﬁlii
2741 2693 2890 2757 Seor,
2916 2692 3013 2761 lilii
3038 2689 3355 2750 Bechorath,
3382 2687 3480 2756 ﬁlii
3502 2686 3598 2740 viri
3619 2681 3808 2749 Gemini,

2257 2788 2406 2858 fortis
2434 2786 2635 2840 robore.
2678 2784 2745 2837 Et
2774 2793 2884 2836 erat
2909 2783 2956 2836 ei
2987 2782 3127 2852 ﬁlius
3166 2781 3373 2833 nomine
3399 2778 3554 2841 Satil,
3579 2776 3746 2830 electus
3772 2788 3808 2827 et

2258 2878 2447 2943 bonus,
2472 2887 2521 2930 et
2543 2893 2645 2929 non
2677 2883 2785 2929 erat
2815 2875 2891 2927 vir
2918 2875 2981 2926 de
3020 2872 3144 2942 ﬁliis
3194 2868 3363 2923 Israel
3391 2868 3580 2922 melior
3605 2868 3688 2919 illo
3713 2882 3727 2919 :
3760 2864 3809 2915 ab

2258 2969 2467 3023 humero
2491 2978 2539 3021 et
2570 2983 2773 3020 sursum
2795 2963 3048 3019 eminebat
3076 2978 3228 3032 super
3249 2976 3450 3014 omnem
3471 2960 3726 3029 papillam.

2330 3062 2384 3117 1.
2403 3062 2535 3116 Cum
2560 3057 2841 3114 ordinandi
2866 3057 3007 3125 regis
3039 3069 3269 3125 persona
3300 3053 3614 3123 exponitur,
3637 3066 3721 3105 cur
3742 3064 3811 3119 pa-

568 3167 738 3223 Ponsa
756 3149 871 3218 eius
883 3148 1045 3204 etiam
1060 3145 1364 3216 Ρθτθθρίεεθ
1384 3141 2152 3213 Perhibemr-Nam“linitur:
2187 3174 2232 3236 ρ
2264 3160 2404 3207 trum
2433 3150 2550 3220 ejus
2579 3148 2795 3204 nomina
2828 3146 3230 3209 describuntur,
3261 3143 3363 3199 nisi
3394 3152 3451 3198 ut
3478 3156 3699 3210 regnum
3724 3142 3812 3207 ejus

639 3241 817 3313 (Vers.
846 3238 961 3307 ‘22.)
1002 3236 1152 3290 Dixit
1191 3245 1361 3288 autmt
1406 3234 1658 3289 Dominus
1704 3233 1773 3285 ad
1821 3233 2155 3287 Samuelem:

572 3332 703 3387 Audi
726 3346 894 3384 vocem
922 3326 1121 3395 pepuli,
1148 3334 1197 3379 et
1228 3326 1480 3378 constitue
1511 3341 1663 3394 super
1689 3339 1802 3375 eum
1830 3339 2018 3392 regem.

646 3423 731 3476 15.
764 3420 879 3486 Qua
921 3418 974 3472 in
1005 3432 1064 3472 re
1103 3414 1425 3480 notandum,
1455 3415 1582 3484 quia
1617 3412 1832 3468 Samuel
1862 3416 2021 3466 Verba
2065 3427 2161 3483 pe-

575 3515 707 3584 puli,
731 3512 926 3580 quibus
951 3524 1131 3579 regem
1162 3507 1413 3576 petierat,
1444 3506 1496 3559 in
1527 3505 1745 3559 auribus
1773 3504 1814 3557 D
1836 3503 1981 3557 inlini
2013 3504 2162 3558 loeu-

580 3615 666 3661 tus
693 3612 776 3658 est
804 3620 816 3655 :
846 3610 901 3655 et
931 3599 1187 3653 Dominus
1210 3612 1270 3652 se
1294 3596 1562 3665 abjectnm
1592 3596 1783 3650 asserit
1812 3596 1863 3648 in
1896 3610 1984 3657 eo,
2015 3591 2162 3663 quod

577 3696 810 3767 populus
838 3706 1018 3761 regem
1042 3691 1196 3761 petit.
1228 3689 1364 3743 Dum
1389 3689 1548 3757 igitur
1571 3689 1743 3744 oranti
1772 3686 2084 3757 respondet,
2110 3696 2165 3741 et

577 3802 757 3855 regem
787 3783 966 3838 facere
992 3790 1236 3837 orantem
1255 3781 1425 3850 jubet,
1453 3781 1580 3850 quid
1613 3781 1753 3835 aliud
1786 3781 2037 3844 insinuat,
2063 3781 2163 3835 nisi

575 3876 696 3945 quia
725 3875 917 3929 devota
959 3872 1118 3928 electi
1149 3872 1247 3926 viri
1296 3872 1472 3927 oratio
1520 3888 1793 3939 nunquam
1842 3880 1925 3926 est
1965 3871 2047 3926 iul‘
2072 3888 2166 3926 uc—

578 3967 766 4020 tuosa?
786 3965 917 4019 Nam
940 3964 985 4018 si
1014 3964 1197 4033 pepuli
1222 3963 1612 4019 correctionem
1637 3947 1745 4018 non
1767 3964 2016 4026 obtinuit,
2043 3980 2089 4018 ei
2105 3981 2162 4018 u-

582 4054 801 4108 ditionis
829 4068 935 4106 sua:
961 4053 1160 4106 bonum
1188 4052 1442 4118 obtinuit,
1464 4068 1586 4106 cum
1614 4052 1880 4121 abjectuni
1910 4052 2163 4122 populum

577 4160 673 4213 pro
697 4145 836 4197 mala
857 4143 1114 4211 petitione
1129 4151 1504 4209 cognosceret,
1528 4144 1685 4213 188
1704 4142 1799 4196 sed
1829 4152 1882 4195 et
1906 4143 2167 4197 nihilomi-

583 4252 683 4289 nus
712 4235 894 4299 sciret,
924 4234 1049 4302 quid
1082 4232 1258 4287 facere
1287 4233 1542 4303 projectis
1581 4234 1695 4301 ipse
1724 4233 2018 4288 debuisset.
2058 4234 2162 4287 Au-

578 4325 679 4379 diri
701 4338 831 4393 ergo
854 4323 1115 4393 propheta
1145 4322 1335 4391 potuit,
1360 4330 1418 4376 et
1442 4339 1549 4377 non
1579 4322 1750 4377 audiri
1778 4344 1789 4374 :
1815 4324 1937 4392 quia
1959 4324 2164 4379 orando

579 4416 755 4484 qualis
800 4428 919 4469 esse
967 4412 1221 4479 deberet,
1268 4413 1452 4478 nevit,
1496 4412 1589 4467 sed
1636 4428 1667 4469 a
1695 4414 1896 4483 populo
1937 4415 2166 4485 reproba

580 4503 901 4575 postulanti,
930 4502 1180 4555 duritiam
1210 4502 1387 4557 cordis
1412 4518 1518 4557 non
1543 4503 1779 4558 abstulit.
1808 4502 1913 4557 Sed
1946 4504 2169 4559 hecob-

590 4597 762 4651 tiuere
789 4594 877 4650 ille
908 4594 1099 4664 potuit,
1130 4595 1219 4663 qui
1250 4594 1301 4648 in
1332 4595 1548 4650 auribus
1573 4594 1779 4649 Domini
1808 4595 2020 4652 locutus
2046 4609 2161 4652 est:

578 4689 707 4758 quia
737 4688 907 4743 sancti
933 4688 1030 4741 viri
1053 4703 1119 4741 eo
1150 4688 1289 4757 ipse,
1311 4703 1418 4755 quo
1445 4688 1638 4743 devote
1669 4705 1765 4759 pro
1797 4690 2168 4758 peccatoribus

578 4786 864 4839 Dominum
911 4785 1221 4852 obsecrant,
1277 4786 1470 4841 divina:
1522 4788 1914 4857 prepitialionis
1966 4790 2167 4844 auxilio

580 4875 913 4939 muniuntur,
936 4883 997 4927 ut
1016 4890 1202 4928 eorum
1231 4876 1542 4931 criminibus
1564 4894 1901 4948 nequaquam
1926 4881 2166 4948 pol'uau-

584 4973 692 5025 tur,
730 4978 959 5031 quorum
989 4965 1175 5019 sordes
1217 4965 1397 5019 delere
1426 4968 1675 5035 precibus
1704 4977 1997 5039 nequeunt.
2031 4968 2169 5036 Quid

582 5069 712 5108 vero
743 5062 845 5119 est,
874 5053 1018 5121 quod
1047 5053 1308 5110 Dominus
1332 5056 1407 5109 ait
1436 5075 1448 5109 :
1483 5058 1615 5110 Audi
1646 5075 1788 5112 voces
1817 5076 1991 5113 eorum
2010 5099 2024 5123 ,
2051 5075 2172 5114 cum

582 5144 832 5213 superius
862 5143 1065 5198 dictum
1091 5146 1160 5199 sit
1190 5163 1203 5197 :
1239 5145 1443 5200 Audirit
1475 5147 1686 5201 Samuel
1710 5149 1883 5201 omnia
1912 5148 2063 5202 verba
2089 5166 2178 5217 po-

586 5234 717 5304 puli.
758 5232 864 5288 Sed
904 5233 1064 5289 verba
1095 5236 1277 5304 populi
1304 5237 1569 5303 audierat,
1599 5247 1658 5291 ut
1691 5255 1731 5294 si
1753 5238 1853 5293 iret
1882 5254 2001 5308 qua:
2028 5239 2175 5293 dice-

584 5325 798 5390 bantur,
853 5341 960 5379 non
1006 5333 1066 5380 ut
1113 5340 1232 5394 quae
1273 5328 1615 5395 petebantur,
1662 5330 2003 5384 concederet.
2038 5329 2172 5383 Dum

586 5430 714 5484 ergo
740 5418 791 5472 ei
817 5433 846 5471 a
870 5417 1097 5471 Domino
1124 5418 1321 5471 dicitur
1350 5436 1362 5470 :
1393 5418 1530 5472 Audi
1555 5436 1724 5475 vocem
1748 5422 1943 5491 populi,
1974 5429 2022 5474 et
2043 5437 2172 5475 con-

585 5509 740 5560 stitue
776 5524 931 5575 super
968 5524 1082 5561 eum
1108 5524 1301 5577 regem,
1328 5508 1506 5564 favere
1542 5511 1805 5565 voluntati
1834 5511 2017 5581 populi
2050 5528 2173 5580 prn-

589 5599 804 5666 phetam
829 5599 1007 5670 jussit.
1040 5599 1107 5654 Et
1142 5615 1289 5666 ecce,
1322 5608 1380 5655 ut
1407 5602 1583 5671 palatn
1613 5603 1870 5670 cernitur,
1911 5604 2171 5673 propheta

590 5704 749 5745 orans
780 5707 885 5745 non
914 5691 1129 5746 auditur
1154 5711 1165 5743 :
1201 5692 1429 5764 pepulus
1461 5692 1627 5750 Deuut
1657 5692 1936 5765 ahjiciens,
1966 5706 2173 5762 regent-

2262 3244 2505 3301 durabile
2534 3259 2641 3298 non
2671 3240 2977 3296 sentiatur?
3008 3236 3139 3292 Nam
3168 3236 3238 3291 de
3284 3249 3472 3303 regno,
3521 3232 3662 3302 quod
3705 3229 3813 3283 iutu-

2261 3351 2380 3391 rum
2426 3332 2746 3404 praeviderat
2773 3329 3021 3400 Moyses,
3053 3327 3167 3381 ait:
3202 3322 3323 3379 Non
3357 3324 3561 3393 deﬁciet
3600 3331 3813 3388 sceptrum

2262 3428 2327 3481 de
2354 3425 2517 3492 Iuda,
2550 3435 2597 3478 et
2625 3424 2731 3477 dua:
2759 3422 2821 3475 de
2852 3424 3044 3488 femore
3067 3419 3197 3489 ejus,
3229 3417 3390 3472 donec
3418 3418 3608 3479 veniat,
3628 3414 3707 3485 qui
3726 3413 3815 3465 init-

2269 3520 2446 3573 tendus
2475 3526 2551 3570 est
2573 3534 2589 3571 :
2612 3525 2660 3569 et
2684 3516 2793 3584 ipse
2817 3522 2912 3567 erit
2936 3512 3251 3583 exspectatio
3280 3511 3503 3580 gentium
3530 3506 3679 3580 (Gen.
3705 3520 3815 3564 stu,

2268 3609 2387 3678 10).
2431 3609 2566 3673 Quia
2596 3621 2725 3674 ergo
2758 3605 2926 3658 tribus
2967 3601 3101 3656 Juda
3147 3600 3214 3657 ad
3253 3600 3402 3669 regni
3448 3598 3819 3654 diuturnitatem

2268 3702 2495 3771 pnevisa
2522 3698 2825 3762 exstiterat,
2852 3695 2943 3749 Cis
2975 3694 3251 3762 generatio
3280 3699 3648 3754 memoratur;
3678 3697 3730 3742 ut
3753 3701 3819 3741 re-

2268 3792 2354 3859 gia
2382 3790 2633 3857 dignitas,
2658 3802 2777 3856 qua:
2806 3785 3139 3841 eendebatur
3170 3784 3221 3838 in
3252 3783 3381 3849 lilio,
3410 3792 3602 3851 aperte
3629 3781 3820 3834 sciretur

2268 3895 2387 3937 esse
2414 3877 2826 3948 dispensatoris,
2856 3892 2964 3931 non
3011 3890 3284 3929 mansura.
3318 3873 3425 3928 Sed
3452 3873 3547 3943 qui
3588 3868 3823 3927 carnalem

2269 3986 2448 4040 regem
2479 3978 2722 4038 generat,
2752 3967 2862 4034 Cis,
2897 3967 3033 4022 idest
3062 3967 3228 4021 durus
3256 3974 3442 4020 nostro
3481 3963 3696 4031 eloquio
3721 3960 3825 4012 dic-

2272 4072 2376 4128 tur,
2409 4070 2463 4115 et
2492 4059 2536 4114 is
2564 4058 2715 4113 fertis
2740 4059 2937 4112 robore
2962 4056 3301 4126 praidieatur.
3336 4054 3483 4108 Nunc
3508 4066 3717 4122 quoque.
3739 4048 3827 4117 ple-

2271 4150 2423 4219 rique
2467 4148 2713 4205 caruales
2758 4148 2897 4201 intra
2937 4156 3179 4201 sanctam
3229 4144 3526 4199 Ecclesium
3572 4150 3718 4206 sunt,
3755 4139 3827 4205 qui

2271 4258 2463 4311 magna
2513 4255 2675 4309 agere
2722 4239 2970 4294 videntur
3004 4257 3017 4291 :
3050 4236 3298 4292 carnales
3345 4252 3476 4289 vero
3532 4243 3685 4298 sunt,
3727 4230 3828 4300 quia

2274 4335 2445 4391 sancti
2473 4334 2706 4404 Spiritus
2731 4332 2956 4401 gratiam
2987 4346 3090 4385 non
3113 4330 3334 4384 habent.
3362 4326 3554 4383 Fortes
3584 4340 3706 4393 ergo
3729 4332 3832 4376 sunt

2272 4429 2489 4491 robore,
2518 4426 2642 4496 quia
2681 4440 2863 4491 omne,
2895 4423 3038 4492 quod
3084 4436 3337 4490 magnum
3386 4420 3635 4473 videnlur
3664 4429 3830 4485 agere.

2272 4515 2553 4584 corporale
2581 4524 2683 4568 est.
2718 4513 2849 4567 Nam
2881 4522 2935 4567 et
2976 4511 3066 4566 Cis
3097 4520 3250 4580 pater
3276 4509 3403 4564 Sat'tl
3434 4507 3557 4563 ideo
3590 4507 3735 4561 fortis
3764 4520 3832 4556 re.

2272 4609 2406 4662 bore
2431 4607 2651 4671 dicitur,
2676 4618 2731 4659 ut
2763 4606 2903 4659 vires
2926 4604 3171 4673 corporis
3195 4615 3417 4670 magnas
3453 4600 3703 4655 habuisse
3728 4610 3834 4649 seu—

2274 4698 2457 4753 tiatur.
2484 4696 2811 4765 Fortisergo
2832 4695 3049 4759 robore,
3076 4693 3240 4747 durus
3260 4700 3342 4747 est
3369 4709 3381 4743 :
3406 4690 3532 4761 quia
3559 4690 3649 4758 qui
3670 4699 3835 4753 magna

2275 4788 2565 4843 carnaliter
2591 4787 2827 4849 exhibet,
2860 4802 2954 4841 cor
2991 4784 3152 4838 molle
3180 4800 3278 4854 per
3311 4783 3765 4852 compassiouem,
3794 4778 3835 4829 in

2274 4879 2511 4935 fraterna
2533 4879 2799 4932 charilate
2812 4893 2918 4931 non
2940 4877 3121 4930 habet.
3146 4875 3401 4930 Valenter
3420 4876 3521 4944 agit
3547 4874 3720 4945 189,
3739 4884 3837 4938 qua:

2278 4988 2388 5027 non
2420 4970 2622 5025 imitari
2651 4970 2895 5024 homines
2928 4968 3057 5022 loris
3081 4968 3309 5037 possint,
3329 4966 3425 5022 sed
3445 4966 3587 5020 inttts
3612 4959 3837 5031 conjungi

2282 5059 2530 5115 fraternis
2574 5059 2845 5115 mentibus
2889 5059 3059 5116 nescit
3112 5073 3208 5127 per
3244 5057 3492 5111 allectum
3538 5049 3835 5108 dilectionis.

2283 5151 2463 5207 Fortia
2494 5152 2622 5219 agit,
2654 5166 2773 5220 qua:
2797 5150 2936 5205 Deus
2965 5150 3250 5221 reprobat;
3280 5158 3332 5202 et
3360 5147 3608 5201 allectum
3634 5141 3837 5199 charila-

2285 5242 2371 5305 tis,
2403 5258 2559 5312 quem
2589 5242 2873 5311 approbat,
2901 5241 3156 5296 exhibere
3190 5256 3295 5293 non
3326 5246 3499 5318 curat.
3540 5237 3707 5290 Durus
3730 5244 3837 5297 ergo

2283 5341 2383 5395 est,
2416 5332 2543 5400 quia
2586 5331 2712 5386 dum
2756 5332 2992 5400 superbo
3032 5330 3197 5385 corde
3226 5328 3530 5398 corporalia
3576 5325 3701 5394 agit,
3742 5322 3837 5389 ejus

2282 5430 2515 5475 mentem
2544 5421 2714 5490 gratia
2742 5420 2913 5476 sancti
2942 5420 3173 5491 Spiritus
3202 5435 3307 5474 non
3334 5416 3559 5474 emollit.
3588 5415 3704 5481 Quo
3729 5426 3837 5464 θηη-

2281 5520 2360 5564 tra
2381 5520 2599 5566 sanctus
2636 5511 2717 5565 vir
2756 5510 3036 5578 gloriatur,
3086 5511 3272 5566 dicens
3304 5526 3317 5562 :
3363 5507 3504 5562 Deus
3534 5504 3740 5560 mollit-it
3765 5514 3839 5551 cor

2279 5620 2467 5670 meum,
2496 5612 2545 5657 et
2564 5604 2884 5672 omnipotens
2910 5602 3130 5657 turbavit
3172 5619 3252 5656 me
3281 5599 3421 5667 (Job.
3447 5614 3576 5653 unt
3596 5638 3613 5664 ,
3646 5592 3748 5660 16).
3787 5586 3836 5640 El

2279 5708 2443 5763 smpe,
2469 5694 2555 5762 qui
2590 5694 2773 5748 talium
2804 5708 2982 5750 meres
3020 5694 3316 5758 imitantur,
3344 5691 3437 5746 Dei
3458 5688 3661 5760 judicio
3687 5694 3830 5740 recto-
