3962 6302
150 332 263 389 233

978 328 1053 382 TN
1083 326 1349 383 PRHIUSI
1392 324 1631 381 REGUM
1675 322 2191 378 ειροειτιυδεε.
2235 353 2304 364 -—-
2332 325 2471 380 LIB.
2506 326 2597 380 ιγ.

3326 334 3427 388 Ξῦὶ

162 463 247 502 res
279 448 437 500 tiunt.
471 443 624 500 Unde
651 453 706 500 ct
750 450 873 514 apte
902 441 1030 499 Saul
1063 442 1199 497 filius
1227 441 1316 496 Cis
1351 441 1512 496 fuisse
1542 454 1746 494 mema-
1777 443 1825 499 Α
1850 447 2135 505 quaereret,
2166 454 2273 509 quo
2318 440 2591 496 efficacius
2619 457 2847 509 superna
2875 444 3162 512 prazdicare
3197 458 3428 518 poterat.

165 547 337 591 ratur.

229 627 286 682 Ξ.
317 626 428 681 Sed
471 626 814 697 querendum
846 634 967 691 est,
997 641 1095 679 cur
1130 625 1269 681 idem
1290 622 1427 678 Saul
1455 623 1661 677 elec‘us
1700 628 1756 675 et

161 721 339 773 bonus
388 734 508 774 esse
554 718 769 781 dicitur,
796 716 887 785 qui
916 716 1033 770 duri
1064 716 1201 771 lilius
1237 730 1356 770 esse
1394 713 1704 784 perhibetur
1731 711 1756 763 ?

156 812 268 865 Sed
309 814 515 866 e'ectus
560 810 754 863 dicitur
785 825 891 864 non
935 809 1229 863 secundum
1272 808 1521 876 gratiam,
1547 805 1641 859 sed
1670 819 1758 859 se-

162 882 398 955 cundum
444 900 723 969 judicium.
774 899 954 953 Bonus
996 900 1158 953 etiam
1208 898 1424 965 dicitur,
1456 905 1515 951 ut
1564 896 1757 949 divina:

167 990 435 1056 inuitatis
459 990 741 1056 dispositio
765 988 1192 1043 commendetur.
1217 987 1348 1041 Nam
1373 998 1429 1041 et
1456 986 1616 1051 mala,
1640 1000 1757 1054 qua:

164 1095 263 1148 pro
286 1080 523 1148 peccatis
553 1079 750 1133 uestris
775 1094 917 1147 saepe
943 1080 1211 1147 patimur,
1240 1079 1367 1148 qu‘a
1401 1093 1495 1144 per
1519 1077 1757 1131 divinam

166 1169 426 1240 iustitiam
456 1171 614 1223 nobis
658 1170 984 1237 irrogantur,
1029 1170 1167 1223 bona
1192 1178 1335 1223 sunt.
1384 1168 1591 1224 Bonum
1629 1184 1757 1239 pro-

166 1262 309 1318 fecto
351 1270 437 1316 est
465 1260 721 1330 quidquid
758 1268 841 1314 est
873 1260 1097 1329 justum.
1134 1259 1233 1314 Per
1248 1260 1519 1331 justitiam
1559 1261 1759 1330 quippe

159 1352 261 1406 Dei
298 1360 547 1422 pastores
587 1350 802 1420 reprobi
854 1350 919 1404 ad
968 1352 1205 1418 regimen
1264 1360 1460 1404 sancta:
1507 1348 1759 1403 Ecclesiae

167 1441 467 1497 ascendere
494 1441 905 1511 permittuntur;
928 1440 1024 1495 sed
1050 1440 1140 1506 qui
1156 1440 1280 1493 mali
1306 1448 1430 1493 sunt
1446 1440 1617 1509 perin
1638 1440 1759 1508 qui-

168 1541 363 1599 tatem,
381 1533 507 1586 boni
536 1540 661 1586 sunt
680 1532 856 1585 divina
882 1530 1266 1600 dispositione;
1297 1538 1353 1584 ct
1379 1529 1592 1584 occulta
1619 1543 1763 1583 nunc

1853 542 1921 581 eo
1947 528 2015 582 ad
2036 544 2099 583 ea
2123 529 2469 586 nihilominus
2517 534 2708 593 verbis,
2750 541 2804 586 et
2825 548 2995 600 exem,
3018 534 3083 589 iis
3103 537 3433 594 subditorum

1854 623 2062 676 animos
2101 623 2450 678 accendebat.
2502 625 2720 679 Valebat
2767 628 2909 680 enim
2936 628 3156 691 robore,
3188 640 3245 684 et
3280 629 3436 699 juve-

1857 712 1948 765 nili
2000 714 2389 782 pulchritudine
2413 716 2505 769 rad
2527 716 2674 781 abat,
2703 717 2831 770 dum
2862 718 2968 771 vim
3010 720 3245 774 cmlesﬁs
3286 724 3434 777 verbi

1857 804 1912 859 in
1942 804 2227 873 splendore
2252 807 2560 860 ostenderet
2587 818 2788 862 sanetae
2816 812 3282 867 conversationis:
3312 816 3441 884 quia

1857 894 2114 963 quidquid
2138 895 2371 949 validum
2413 897 2682 964 loquendo
2728 906 2938 965 poterat
2967 901 3276 967 praedicare,
3305 904 3442 957 nite-

1857 985 2015 1039 batur
2041 987 2203 1040 etiam
2252 986 2552 1041 sublimiter
2594 988 2824 1042 vivendo
2872 991 3177 1046 ostendere.
3210 992 3340 1047 Nam
3386 1004 3445 1049 et

1862 1082 2099 1129 mortuas
2126 1076 2333 1130 animas
2360 1076 2666 1133 vivilicabat
2693 1078 2887 1141 verbo;
2919 1080 3014 1134 sed
3040 1081 3181 1137 miro
3202 1081 3335 1138 ﬂore
3358 1085 3447 1153 ju-

1858 1165 2094 1220 ventutis
2122 1166 2377 1229 emicans,
2426 1175 2639 1223 mortua
2667 1182 2895 1236 corpora
2942 1171 3299 1226 resuscitabat
3344 1174 3447 1228 im-

1858 1255 2034 1323 perio.
2065 1253 2198 1309 Cum
2228 1263 2283 1309 et
2305 1256 2462 1311 siccis
2487 1256 2683 1321 visum,
2705 1258 2911 1311 claudis
2934 1273 3204 1326 gressum,
3246 1270 3304 1316 et
3328 1278 3448 1317 om-

1854 1343 2017 1398 nibus
2042 1346 2443 1415 :cgritudinibus
2462 1346 2727 1401 medelam
2750 1348 3039 1417 tribueret,
3069 1358 3124 1404 et
3152 1351 3289 1406 adeo
3317 1368 3446 1407 san-

1861 1435 2115 1490 ctissima:
2163 1439 2591 1493 conversationis
2628 1438 3027 1507 pulchritudine
3072 1442 3345 1509 radiabat;
3388 1452 3453 1498 ut

1864 1526 2084 1594 majoris
2112 1528 2323 1582 virtutis
2348 1537 2511 1592 esset,
2543 1529 2647 1585 hoc
2675 1529 2836 1584 modo
2858 1545 3026 1600 posse
3055 1531 3254 1598 vivere,
3284 1548 3447 1601 quam

156 1624 513 1678 ordinatione
542 1623 635 1677 Dei
661 1622 818 1677 electi
841 1629 986 1682 sunt,
1030 1621 1123 1691 qui
1145 1620 1333 1675 ultimo
1362 1628 1519 1673 erunt
1547 1619 1764 1673 univer-
1852 1617 1957 1670 illo
1986 1617 2106 1671 aliis
2129 1619 2436 1672 subvenire.
2467 1618 2627 1672 Velut
2653 1632 2783 1686 ergo
2827 1620 2879 1673 iu
2916 1620 3198 1689 juventute
3238 1623 3452 1690 vigebat

166 1713 267 1769 sali
304 1713 516 1781 judirio
544 1710 890 1781 reprehendi.
920 1709 1114 1765 Pastor
1139 1725 1269 1780 ergo
1308 1711 1760 1789 reprobus,quia

1863 1707 2103 1771 Samuel,
2134 1707 2352 1775 quando
2381 1709 2432 1761 iu
2484 1708 2672 1763 ordine
2712 1711 3053 1764 sacerdotum
3110 1712 3310 1780 pariter
3366 1729 3455 1767 re-

169 1814 225 1857 ut
252 1805 347 1865 sit,
383 1803 477 1856 Dei
520 1803 885 1871 indignatione
912 1796 1239 1865 decernitur,
1270 1801 1480 1856 dicatur
1507 1800 1713 1855 electus
1743 1817 1757 1853 :
1796 1795 1836 1852 li
1865 1798 2103 1866 fulgebat
2130 1809 2185 1852 et
2214 1800 2349 1853 inin
2374 1798 2541 1852 virtus
2569 1800 2767 1868 operis,
2802 1809 2857 1853 et
2894 1810 3004 1855 tam
3030 1802 3293 1856 immensa
3330 1802 3454 1872 pul-

160 1905 221 1949 et
250 1896 379 1963 quia
404 1895 553 1964 juste
580 1895 927 1964 permittitur,
956 1893 1165 1948 dicatur
1212 1893 1404 1946 bonus.
1450 1890 1586 1946 Item
1634 1890 1761 1961 quia

160 1987 237 2041 ad
291 1988 635 2056 exsequenda
684 1987 864 2040 div-ina
890 1985 1091 2056 judicia
1119 1986 1331 2041 cateris
1369 1984 1551 2038 utilior
1580 1985 1761 2053 provi-

166 2082 347 2142 detur,
396 2077 588 2132 melior
623 2077 720 2131 illo
748 2091 868 2131 esse
907 2074 975 2129 de
1020 2073 1328 2129 tiliislsrael
1360 2088 1519 2128 nemo
1547 2072 1761 2127 dicitur.

162 2169 272 2235 Qui
318 2168 485 2223 etiam
515 2166 583 2221 ab
627 2167 889 2231 humero,
943 2176 998 2221 et
1050 2181 1264 2222 sursum
1318 2164 1559 2219 eminere
1604 2177 1768 2232 super

170 2275 391 2314 onmem
434 2258 697 2327 populum
750 2264 1120 2311 memoratur:
1173 2255 1299 2324 quia
1327 2254 1421 2323 qui
1468 2252 1767 2310 carnalium

164 2368 354 2406 mores
409 2350 638 2405 vivendo
688 2350 953 2418 sequitur,
982 2348 1136 2403 valde
1182 2349 1390 2415 nititur,
1421 2355 1480 2402 ut
1514 2362 1577 2401 ra
1623 2353 1765 2415 agat,

169 2460 290 2514 qua:
319 2458 484 2512 agere
511 2444 648 2497 alter
675 2459 782 2496 non
815 2442 1010 2496 valeat.
1051 2441 1296 2495 Carnalis
1339 2440 1540 2495 etenim
1587 2447 1771 2494 rector

170 2535 235 2587 ab
257 2534 513 2598 humero,
544 2540 600 2587 et
634 2547 848 2586 sursum
875 2531 1124 2585 universe
1152 2530 1349 2599 populo
1383 2530 1769 2596 eminet;-cum

164 2624 224 2677 in
253 2622 625 2677 exterioribus
643 2621 803 2676 :fortis
830 2630 912 2676 est
937 2622 1054 2675 sine
1080 2619 1503 2691 comparatione.

244 2712 301 2766 5.
334 2710 571 2766 Possunt
615 2719 666 2765 et
716 2711 829 2766 hinc
858 2712 1037 2765 omnia
1088 2712 1253 2769 verba
1308 2710 1479 2765 laudis
1521 2710 1769 2780 intelligi,

168 2804 373 2874 quibus
395 2804 525 2857 dum
553 2803 836 2858 ordinandi
866 2802 1008 2872 regis
1037 2817 1269 2872 persona
1308 2802 1654 2872 puedicatur,
1683 2816 1771 2855 re-

170 2909 299 2962 gem
347 2895 650 2965 petentium
682 2894 909 2947 intentio
937 2891 1315 2947 confundatur.
1362 2892 1497 2946 Nam
1539 2893 1767 2949 dicunt:

182 2983 297 3038 Rea:
321 2984 415 3038 erit
436 2999 586 3050 super
605 3000 719 3047 nos,
747 2992 796 3036 et
814 2982 1073 3054 judicabit
1100 2999 1193 3037 nos
1218 3022 1233 3047 ,
1264 2992 1315 3037 et
1343 2982 1595 3053 pugnabit
1637 2983 1773 3037 bella

179 3085 365 3129 nostra
384 3093 481 3145 pro
510 3076 657 3129 nobis
684 3073 737 3145 (1
766 3074 897 3146 Reg.
932 3078 1043 3142 uit)
1060 3113 1076 3128 .
1128 3074 1332 3130 Dicitur
1359 3076 1564 3130 electus
1590 3084 1648 3130 et
1674 3076 1772 3129 bo-

1858 1890 2116 1945 chritudo
2142 1898 2340 1945 satione
2357 1891 2797 1946 conversationis.
2824 1892 3048 1961 Si-djam
3071 1893 3160 1947 diu
3184 1902 3288 1959 est,
3310 1898 3454 1963 quod

1867 1981 2082 2036 Samuel
2112 1983 2308 2035 senuit.
2352 1981 2513 2035 Multa
2543 1984 2684 2036 enim
2708 1992 2960 2053 tempora
2988 1985 3168 2055 elapsa
3196 1996 3343 2049 sunt,
3380 2004 3453 2043 ex

1861 2074 2063 2141 quibus
2091 2074 2239 2128 multi
2271 2090 2458 2128 eorum
2487 2091 2728 2129 amarem
2748 2077 2931 2130 saaculi
2962 2087 3283 2146 sequuntur,
3315 2094 3455 2148 quo-

1870 2181 1988 2219 rum
2034 2167 2231 2220 vir-tute
2276 2166 2469 2235 depelli
2519 2167 2709 2233 gaudia
2761 2166 2944 2222 mundi
2976 2170 3043 2222 ab
3070 2170 3299 2224 aliorum
3329 2186 3457 2225 cor-

1868 2260 2025 2315 dibus
2052 2260 2377 2315 debuerunt.
2407 2258 2561 2326 Quod
2590 2268 2769 2313 tamen
2818 2276 2924 2314 non
2961 2260 3162 2316 idcirco
3207 2262 3455 2327 dicimus,

1871 2361 1930 2406 ut
1948 2361 2141 2407 sancta
2185 2350 2422 2406 Ecclesia
2460 2352 2637 2405 nullus
2680 2352 2828 2406 viros
2884 2352 3165 2420 religiosos
3202 2354 3406 2407 habeat
3438 2374 3454 2406 :

1860 2441 1968 2498 sed
1996 2442 2140 2512 quod
2170 2442 2326 2512 pauci
2371 2450 2517 2506 sunt,
2545 2442 2637 2508 qui
2676 2442 2729 2495 iu
2776 2443 3169 2512 prmdicationis
3216 2445 3455 2499 culmine

1869 2535 2109 2605 perfecte
2136 2534 2385 2588 noverint
2421 2533 2680 2588 mundum
2723 2542 3094 2602 contemnere,
3132 2543 3192 2591 et
3232 2536 3459 2590 summit

1873 2625 2150 2681 desideriis
2176 2624 2459 2681 inhaerere.
2489 2624 2668 2692 Quare
2696 2635 2823 2696 apte
2845 2625 3065 2682 Samuel
3090 2635 3148 2682 et
3174 2642 3349 2685 senex
3374 2627 3459 2680 di-

1872 2718 2044 2781 citur,
2090 2724 2146 2773 et
2176 2718 2522 2788 prophetare.
2555 2716 2731 2772 Senex
2759 2718 2972 2786 quidem
3002 2728 3082 2775 est
3108 2761 3124 2785 ,
3151 2721 3283 2790 quia
3313 2721 3460 2789 rigo-

1873 2823 1987 2863 rem
2017 2824 2220 2878 aspera‘.
2246 2808 2676 2863 conversationis
2699 2808 2754 2862 iu
2785 2808 3026 2877 pluribus
3055 2810 3313 2879 perdidit:
3335 2826 3459 2881 pm-

1875 2904 2101 2973 phetare
2130 2913 2311 2958 tamen
2341 2918 2450 2957 non
2478 2902 2696 2966 desinit,
2728 2902 2854 2972 quia
2881 2903 3006 2957 dum
3034 2904 3336 2972 aliquantus
3356 2901 3460 2958 ‘vi-

1868 3009 1964 3051 res
1990 2995 2257 3064 spiritales
2286 2994 2469 3060 habet,
2496 2992 2753 3048 virtutem
2785 2992 2990 3060 providi
3021 2993 3239 3060 spiritus
3279 2992 3461 3046 valeo.

1878 3094 1960 3139 ter
1981 3084 2221 3138 exhibet.
2250 3081 2404 3149 Quod
2432 3083 2484 3135 in
2532 3096 2643 3136 uno
2670 3081 2969 3149 eodemque
2999 3082 3349 3150 praedicatore
3384 3082 3462 3137 itt-

176 3183 304 3226 nus.
357 3175 416 3221 et
460 3168 583 3235 quia
633 3183 741 3220 non
786 3167 857 3221 sit
906 3166 973 3220 de
1003 3166 1128 3221 filiis
1152 3166 1317 3222 Israel
1342 3167 1533 3221 melior
1556 3168 1685 3231 illo,
1717 3176 1775 3222 ut
1802 3161 1849 3223 C
1881 3173 2045 3243 telligi
2081 3174 2466 3228 convenienter
2508 3180 2611 3239 pot
2634 3178 2705 3224 st.
2752 3169 2923 3224 Senes
2964 3170 3185 3239 quidem
3219 3178 3366 3238 sunt,
3408 3180 3463 3227 et

174 3259 327 3313 bona
373 3259 556 3313 omnia
587 3259 639 3312 in
679 3258 831 3328 petiti
866 3259 1004 3328 regis
1050 3274 1279 3328 persona
1327 3260 1636 3315 excellant:
1680 3260 1776 3315 sed

178 3349 317 3404 dum
347 3350 417 3404 ad
447 3366 508 3404 ea
541 3366 645 3404 non
698 3350 913 3417 suﬂicit,
956 3366 1076 3422 qua:
1117 3351 1348 3422 populus
1394 3362 1774 3423 proposuerat,

180 3443 537 3512 praesumptio
566 3443 798 3497 humana
821 3443 1201 3511 confundatur,
1242 3454 1301 3498 ut
1342 3455 1485 3500 victa
1514 3445 1772 3501 tabescat.

182 3532 255 3587 Et
281 3534 369 3618 QI:
388 3534 522 3597 lem,
572 3542 629 3587 ut
659 3549 818 3604 supra
846 3534 976 3599 dixi,
1022 3550 1139 3600 rex,
1191 3536 1282 3603 qui
1329 3536 1585 3605 populum
1632 3553 1775 3607 pra:-

182 3625 361 3679 iturus
382 3624 595 3692 eligitur
622 3641 810 3680 eorum
842 3626 981 3679 bella
1007 3635 1359 3696 pugnaturus,
1388 3645 1509 3683 cutn
1536 3645 1566 3682 a
1596 3630 1778 3685 divino

181 3715 390 3770 auxilio
440 3714 725 3780 deseritur,
768 3717 908 3771 bello
939 3718 1229 3787 depressus
1271 3720 1423 3783 obiit,
1472 3729 1527 3775 et
1555 3723 1773 3791 populo,

182 3818 347 3873 quem
374 3805 445 3859 ad
473 3806 657 3860 eadem
677 3807 816 3861 bella
841 3809 1067 3877 punivit,
1095 3821 1221 3864 tunc
1246 3826 1352 3864 non
1381 3812 1568 3868 salutis
1590 3830 1774 3877 causa,

180 3894 277 3948 sed
307 3895 501 3948 mortis
549 3893 663 3948 fuit.
709 3896 863 3961 Quod
908 3896 1139 3966 denique
1185 3898 1295 3952 Deo
1327 3900 1556 3968 populus
1607 3901 1777 3955 ascri-

180 3984 359 4047 beret,
391 3985 437 4040 si
475 3984 522 4039 is
551 3986 641 4054 qui
692 3986 789 4040 Dei
836 3986 1038 4054 judicio
1085 3987 1289 4043 electus
1343 4006 1437 4043 rex
1468 3990 1659 4055 luerat,
1710 3992 1777 4045 ad

176 4079 391 4147 agenda
443 4092 564 4146 qua:
589 4078 807 4132 volebat
854 4078 1102 4148 populus,
1136 4095 1243 4133 non
1276 4093 1382 4133 tam
1412 4080 1638 4136 idoneus
1681 4096 1778 4135 ex-

177 4171 429 4225 stitisset.
464 4167 651 4225 Potest
680 4171 842 4225 etiam
866 4171 1071 4229 electus
1098 4182 1152 4227 et
1180 4174 1352 4227 bonus
1376 4173 1621 4241 inte-ligi,
1650 4173 1778 4227 dum

176 4262 469 4325 asseritur,
494 4276 603 4315 non
624 4262 796 4330 qualis
828 4261 1087 4318 in'futuro
1119 4264 1530 4331 prxvidebatur.
1576 4264 1781 4320 Dicitur

177 4366 315 4419 ergo
340 4350 635 4405 electuset
681 4350 876 4418 bonus,
910 4360 967 4406 ut
999 4352 1118 4406 talis
1163 4367 1193 4405 a
1242 4352 1468 4407 Domino
1516 4355 1781 4411 sentiatur

182 4442 415 4507 electus,
456 4443 550 4511 qui
596 4458 692 4512 per
721 4443 1139 4497 inobedientiam
1177 4452 1363 4512 postea
1393 4444 1491 4497 fuit
1518 4446 1779 4512 reproba-

1879 3264 2229 3334 prophetaut,
2258 3264 2350 3332 qui
2374 3264 2452 3318 sic
2478 3279 2576 3335 per
2605 3262 2985 3331 negligentiam
3011 3263 3374 3329 resolvuntur,
3406 3274 3464 3319 ut

1878 3356 2016 3410 bene
2042 3352 2296 3419 doceant,
2348 3353 2446 3409 sed
2476 3353 2615 3407 male
2640 3353 2847 3409 vivant.
2890 3351 2993 3419 Qui
3024 3352 3162 3407 tilias
3209 3368 3339 3407 suos
3376 3354 3465 3421 ju-

1877 3446 2024 3501 dices
2074 3452 2299 3514 ponunt,
2341 3444 2556 3511 quando
2598 3443 2719 3497 illos
2772 3443 2824 3496 in
2871 3442 3158 3497 sacerdotii
3202 3442 3466 3510 dignitate

1878 3538 2247 3601 constituunt,
2301 3536 2391 3604 qui
2442 3535 2763 3590 remissiiris
2813 3534 2935 3591 vita:
2978 3548 3169 3588 eorum
3219 3541 3463 3602 tempora

1877 3628 2330 3697 contemplantur.
2356 3626 2399 3680 Α
2416 3626 2642 3681 senibus
2667 3634 2843 3678 tamen
2863 3626 3090 3693 juvenes
3118 3623 3467 3681 ordinantur:

1878 3719 2043 3787 quia,
2094 3717 2186 3787 qui
2227 3716 2573 3786 promovendi
2632 3715 2871 3777 veniunt,
2916 3713 3080 3767 fortia
3124 3713 3467 3782 promittunt.

1879 3808 2239 3863 Sacerdotalis
2285 3808 2483 3877 quippe
2526 3806 2652 3860 vine
2687 3805 3029 3860 fortissimam
3078 3804 3465 3873 professionem

1879 3897 2165 3967 spondent,
2221 3897 2372 3965 cujus
2423 3897 2675 3950 virtutem
2714 3896 2776 3949 .in
2828 3894 3003 3949 futura
3050 3897 3469 3951 conversatione

1883 4008 1991 4051 non
2034 3992 2253 4047 habent.
2290 3989 2528 4045 Iuvenes
2558 3990 2718 4057 igitur
2736 3997 3167 4059 promoventur:
3200 3991 3348 4058 quia,
3378 4006 3410 4059 q
3454 3992 3468 4046 i

1868 4097 1977 4139 eos
2000 4081 2270 4142 ordinant.
2304 4081 2453 4150 prius
2497 4095 2659 4149 quam
2688 4081 2758 4135 ab
2795 4082 2874 4134 eis
2925 4080 3313 4151 professionem
3364 4083 3469 4135 vir-

1879 4174 2013 4228 tutis
2034 4174 2325 4240 .accijiant,
2349 4187 2446 4227 eos
2464 4172 2541 4226 ad
2570 4172 2703 4225 tanti
2718 4172 2930 4226 ordinis
2954 4172 3328 4227 celsitudinem
3358 4189 3469 4228 non

1882 4272 2179 4319 assumunt.
2210 4261 2367 4317 Prius
2396 4277 2630 4330 namque
2656 4262 2735 4317 eis
2764 4264 3053 4324 insinuant,
3083 4270 3140 4316 et
3188 4278 3349 4332 quam
3375 4279 3470 4319 su-

1880 4358 2116 4412 blimiter
2159 4357 2360 4416 vivant.
2393 4363 2449 4409 et
2487 4371 2648 4423 quam
2695 4355 2963 4410 subtiliter
3016 4355 3086 4408 do
3122 4364 3286 4409 eant:
3325 4356 3469 4424 quod

1880 4448 2083 4503 idcirco
2125 4447 2323 4500 debent
2349 4446 2649 4500 sublimiter
2694 4446 2892 4506 vivere,
2924 4454 2989 4498 ut
3019 4445 3219 4499 utiliter
3257 4446 3470 4499 valeant

190 4532 481 4599 tus.Quare
504 4541 561 4587 et
584 4533 699 4602 ipsa
720 4534 857 4586 ratio
883 4532 1136 4600 exigit,ut
1165 4532 1547 4603 quaideelecto
1565 4539 1614 4585 et
1638 4532 1782 4586 bono
1817 4526 1865 4585 D
1887 4540 2214 4610 pmrlicare,
2268 4546 2327 4591 ut
2369 4538 2492 4591 vitae
2521 4537 2851 4606 propositum
2882 4552 3095 4605 s-mper
3122 4536 3188 4589 ad
3240 4552 3470 4605 super.”

184 4642 358 4696 usque
387 4625 455 4681 ad
488 4624 886 4695 reprobationis
911 4634 1151 4696 tempora
1182 4627 1452 4692 dicuntur,
1479 4634 1534 4681 et
1560 4625 1613 4679 iu
1640 4624 1783 4680 bona

185 4726 344 4786 parte
362 4718 688 4773 sentiamus.
940 4722 949 4733 ‘

817 4806 1046 4862 CAPUT
1076 4806 1161 4860 IV.

264 4897 314 4951 1.
346 4896 671 4952 Summatim
701 4910 833 4965 ergo
872 4905 1063 4951 cuncta
1095 4904 1421 4965 repetentes,
1452 4897 1576 4967 quid
1618 4897 1787 4954 aedili-

182 4988 422 5042 cationis
451 4986 506 5043 in
536 5001 597 5042 se
625 4987 958 5051 contineant,
985 4985 1277 5040 secundum
1305 4986 1465 5040 aliam
1507 4985 1783 5055 signiﬁca-

184 5078 395 5131 tionem
421 5077 720 5131 vtdeamus.
740 5076 887 5143 Quia
915 5075 968 5131 in
991 5076 1243 5132 Samuele
1284 5092 1485 5132 novum
1516 5079 1785 5135 sacerdo-

187 5172 331 5223 tium
376 5168 612 5223 diximus
640 5168 927 5236 designari,
951 5169 1079 5238 quid
1119 5177 1204 5225 est
1241 5169 1387 5240 quod
1414 5170 1611 5235 senuit,
1662 5170 1785 5237 nisi,

187 5259 320 5326 quia
348 5258 475 5312 dum
502 5273 600 5329 per
621 5258 1017 5313 decurrentium
1046 5260 1220 5328 spatia
1255 5268 1553 5328 temporum
1599 5269 1786 5316 sancta

193 5346 442 5405 Ecclesia
462 5348 704 5412 ducitur,
763 5350 815 5403 in
847 5350 1117 5405 nonnullis
1154 5350 1529 5411 sacerdotibus
1556 5366 1785 5408 conver-

191 5442 424 5495 sationis
470 5440 813 5510 pulchritudo
867 5442 1187 5495 veterator?
1234 5440 1426 5499 Seuuit
1468 5450 1649 5499 autem
1689 5442 1788 5496 Sa-

191 5532 364 5598 muel,
389 5531 523 5602 quia
551 5531 703 5598 vigor
740 5532 1076 5588 auctoritatis
1105 5532 1386 5588 emarcuit.
1425 5534 1581 5603 190
1622 5532 1787 5598 Quasi

190 5624 343 5675 enim
364 5621 581 5691 juvenis
608 5630 727 5676 erat
749 5621 1000 5687 Samuel,
1027 5624 1242 5692 quando
1283 5624 1624 5679 sacerdotum
1654 5623 1789 5679 ordo

189 5710 333 5765 solis
361 5711 674 5767 ccelestibus
699 5711 976 5767 desideriis
1002 5711 1233 5779 inhians,
1260 5714 1384 5770 dum
1409 5713 1550 5769 nulla
1575 5722 1786 5769 terrena

487 5829 600 5888 l’aa
618 5843 759 5886 ROL.
806 5825 912 5885 LX
926 5824 1101 5885 XIX.

1888 4628 2143 4696 dirigant,
2165 4634 2224 4680 ut
2249 4626 2316 4680 de
2357 4627 2542 4680 labore
2571 4625 2963 4695 przedieationis
2992 4624 3301 4692 temporalia
3330 4640 3470 4692 pra:-

1892 4720 1999 4775 mia
2028 4735 2135 4773 non
2168 4717 2465 4786 requirant,
2498 4726 2555 4769 ut
2579 4730 2839 4784 personas
2858 4715 2921 4768 ,in
2946 4714 3146 4781 judicio
3177 4730 3280 4767 non
3323 4714 3469 4768 acci-

1894 4810 2059 4879 piant,
2105 4807 2198 4862 sed
2219 4806 2367 4875 justa
2414 4805 2680 4875 aequitatis
2726 4804 2877 4857 lance
2923 4820 3024 4857 cun
3060 4813 3113 4856 ta
3145 4803 3468 4871 disponant:

1892 4907 2156 4969 quatenus
2179 4898 2385 4951 viarum
2416 4895 2509 4949 υςὶ
2537 4894 2736 4969 diﬂicul
2759 4902 2876 4949 etes
2900 4893 3146 4959 audiant,
3172 4901 3230 4948 et.
3266 4908 3338 4949 ar.
3377 4907 3474 4949 ve-

1895 4988 1993 5043 lint
2015 4986 2194 5043 subire
2216 5001 2399 5043 earum
2428 4968 2659 5051 labores,
2682 4984 2870 5039 :tlicant

1960 5078 2015 5133 2.
2047 5077 2154 5131 llas
2180 5077 2422 5146 proiecto
2449 5074 2571 5129 dilti
2594 5074 2689 5128 iles
2711 5074 2829 5127 .vias
2857 5073 3097 5143 plerique
3123 5073 3247 5127 dum
3285 5088 3471 5127 sacros

1893 5170 2112 5225 ordines
2140 5170 2400 5232 ambiunt,
2429 5183 2488 5223 se
2515 5166 2794 5220 ambulare
2820 5165 3140 5235 proﬁtentur
3176 5184 3188 5218 :
3218 5165 3311 5219 sed
3343 5167 3469 5220 dum

1894 5258 1961 5312 ad
1990 5258 2041 5313 id
2076 5258 2220 5326 quod
2261 5256 2528 5323 ambiunt,
2552 5254 2893 5325 perueniunt,
2923 5255 3362 5323 sponsionissnaa
3385 5263 3470 5309 te-

1894 5365 2025 5406 nere
2051 5350 2417 5404 fortitudinem
2463 5349 2895 5418 przetermittutrt.
2929 5344 3080 5401 Unde
3108 5355 3164 5400 et
3202 5346 3470 5402 Samuelis

1880 5443 1986 5498 lilii
2015 5458 2122 5497 non
2168 5438 2475 5494 ambulasse
2493 5439 2558 5497 .in
2582 5438 2687 5493 'viis
2704 5436 2849 5505 ejus,
2882 5436 2983 5491 sed
3031 5437 3306 5506 accepisse
3351 5452 3468 5490 mu-

1886 5551 2037 5596 nera,
2088 5543 2145 5588 et
2180 5530 2505 5602 pervertisse
2542 5530 2802 5598 judicium
2854 5539 2979 5597 apte
3007 5528 3159 5581 relati
3195 5533 3340 5581 sunt.
3371 5525 3469 5582 Sa-

1886 5623 2078 5680 muelis
2103 5621 2247 5676 enim
2278 5618 2377 5674 vix:
2402 5626 2526 5674 sunt
2545 5661 2561 5683 ,
2593 5620 2718 5688 quia
2756 5634 2867 5690 pra:
2887 5617 3124 5673 licatoris
3169 5615 3346 5671 ollicio
3376 5630 3464 5669 cx-

1887 5722 2176 5787 ponuutnr.
2208 5712 2326 5767 Fdii
2357 5728 2481 5778 ergo
2520 5714 2570 5767 in
2601 5712 2697 5766 viis
2721 5709 2988 5781 pttrissui
3015 5724 3120 5762 non
3170 5707 3466 5774 ambulant,

2992 5821 3034 5880 8
