3962 6284
526 343 649 380 θίγε-ε

551 372 649 403 Ζῗιη

1746 339 1985 394 S‘ANCTI
2028 335 2346 393 GilEGOlill
2392 338 2602 393 MACN]

3676 322 3773 382 ’Σςῦ

527 461 759 531 quando
786 461 920 529 iiqui
946 462 1008 512 ad
1031 474 1212 511 sacros
1236 457 1451 510 ordines
1474 453 1756 506 ambitiose
1778 453 2114 521 perveniunt,
2150 455 2194 509 Λ
2224 452 2443 519 studuit,
2487 459 2543 505 ut
2563 465 2620 504 se
2664 466 2689 503 s
2724 460 2894 516 quens
2923 442 3149 514 populus
3192 440 3436 510 periret?
3474 437 3577 493 Sed
3616 448 3776 496 tamen

547 555 709 608 ardua
742 552 1011 620 religionis
1040 550 1227 603 itinera
1261 563 1288 599 a
1322 544 1611 612 majoribus.
1633 543 1732 596 sibi
1762 550 1976 596 ostensa
2023 541 2122 597 de-

534 654 751 707 ‘St‘runi,
780 652 831 697 et
856 656 1104 711 perversa
1130 638 1425 693 intentione
1448 636 1501 688 in
1526 633 1765 703 appetitu
1789 642 2125 693 terrenarum

546 753 724 792 rerum
750 735 913 788 altius
954 733 1357 796 immerguntur.
1393 724 1471 779 Un
1494 724 1541 777 le
1586 730 1639 776 et
1682 730 1803 789 post
1840 721 2120 774 avarit‘am

546 828 832 887 declinare,
866 836 1083 876 munera
1113 819 1375 888 accipere,
1433 816 1585 883 191
1616 819 1670 865 et
1697 810 1954 879 judicium
2007 825 2125 879 pcr-

528 926 775 976 wertere,
802 921 987 982 aperte
1018 919 1042 947 ἰ
1070 909 1434 978 perhibentur.
1460 904 1560 969 Qui
1590 903 1731 955 enim
1754 901 1999 954 laborare
2026 914 2122 969 pro

547 1004 851 1060 mlestibus
878 1000 1168 1067 negligant,
1196 1009 1414 1050 neces~e
1444 1001 1545 1059 est,
1584 991 1714 1045 utin
1746 990 1987 1058 appetitu
2015 997 2124 1040 ter-

544 1110 798 1150 renorum
841 1091 1037 1145 arctius
1076 1090 1396 1144 inserantur.
1430 1082 1713 1136 Declinare
1746 1080 1961 1147 quidem
2003 1085 2125 1147 post

536 1186 845 1249 avaritiam,
891 1191 973 1237 est
999 1178 1292 1234 ambitione
1321 1190 1498 1229 rerum
1526 1182 1861 1226 terrenarum
1890 1178 2001 1223 tota
2040 1169 2116 1221 in-

547 1275 785 1328 tentione
806 1270 1058 1327 deﬂuere.
1088 1267 1219 1321 Nam
1249 1264 1487 1319 nonnulli
1519 1269 1662 1323 sunt,
1695 1261 1783 1330 qui
1807 1269 2021 1315 terrena
2043 1260 2123 1312 lu-

546 1380 634 1418 cra
658 1378 753 1430 per
771 1361 1046 1414 avaritiam
1068 1362 1345 1425 expetunt,
1379 1352 1469 1406 sed
1496 1359 1672 1404 tamen
1696 1358 1815 1419 post
1837 1349 2119 1402 avaritiam

548 1460 655 1508 non
684 1452 951 1506 declinant
979 1466 991 1501 :
1024 1448 1148 1516 quia
1180 1454 1233 1499 et
1262 1443 1575 1512 temporalia
1614 1448 1901 1510 appetunt,
1944 1440 2121 1493 sed'in

547 1543 786 1610 appetitu
837 1555 1021 1594 eorum
1066 1538 1335 1591 incurrere
1370 1534 1571 1588 crimen
1608 1533 1794 1585 vitant.
1844 1531 2124 1585 Declinant

526 1645 674 1699 'ergo
700 1638 819 1699 post
846 1627 1140 1691 avaritiam,
1190 1625 1280 1693 qui
1311 1639 1409 1693 pro
1439 1622 1686 1687 terrenis,
1730 1635 1846 1692 qute
1874 1620 2063 1674 ardent
2095 1634 2125 1674 r

545 1719 806 1783 ambiunt,
836 1716 1109 1770 incurrere
1126 1714 1329 1769 crimen
1355 1726 1691 1780 nequaquam
1720 1710 2119 1779 pertimescunt.

2224 560 2343 597 cum
2385 541 2691 596 sacerdotes
2728 537 2867 591 male
2894 536 3095 599 vivunt,
3139 549 3169 587 a
3200 532 3350 585 laicis
3381 529 3647 599 judicandi
3684 547 3779 585 non

2222 643 2363 688 sunt.
2383 632 2546 700 Digne
2575 643 2703 697 ergo
2734 626 3087 696 indigniorem
3107 623 3392 692 recipiunt,
3410 621 3502 690 qui
3528 620 3777 688 indignum

2223 724 2437 791 indigne
2479 721 2676 789 ejicere
2724 723 3196 789 prmsumpserunt.
3245 713 3377 767 Nam
3424 712 3493 766 de
3540 711 3657 765 ﬁliis
3700 712 3781 765 Sa,

2224 816 2413 869 muclis
2450 813 2680 866 dicitur:
2724 811 3041 880 Acceperunt
3078 823 3325 871 munera,
3372 813 3421 857 ct
3458 812 3781 870 pervenerunt

2215 905 2437 975 judicia.
2475 903 2549 957 De
2586 918 2650 956 eo
2682 907 2862 954 autem
2895 913 3039 967 rege,
3072 912 3230 968 quem
3264 894 3353 947 filii
3393 893 3562 946 'lsrael
3591 901 3782 961 petunt,

2226 993 2485 1046 terribiles
2498 991 2652 1045 valde
2682 990 2837 1043 mium
2861 986 3222 1059 proferuntur,
3245 983 3371 1051 quia
3384 981 3609 1036 dicitur:
3637 982 3782 1051 Agros

2222 1092 2412 1137 vestros
2436 1082 2574 1135 tollet
2602 1090 2650 1134 et
2680 1081 2882 1143 oliveta,
2914 1085 2963 1132 et
2984 1076 3126 1130 dabit
3146 1074 3304 1128 servis
3324 1073 3431 1125 suis
3457 1070 3510 1142 (I
3540 1068 3667 1140 Reg.
3688 1086 3783 1137 vut,

2226 1172 2336 1244 it).
2364 1172 2428 1227 Et
2456 1174 2574 1242 quis
2601 1172 2815 1241 sapiens
2852 1185 2961 1224 non
3005 1168 3275 1234 attendat,
3320 1164 3445 1233 quia
3483 1162 3703 1231 nequius
3728 1163 3787 1217 sit

2223 1266 2431 1336 publica
2472 1264 2721 1319 violentia
2748 1278 2904 1331 agros
2924 1270 2977 1316 et
2995 1262 3180 1315 vineas
3202 1258 3409 1321 tollere,
3440 1270 3600 1325 quam
3629 1262 3685 1308 ut
3710 1270 3788 1310 ac-

2223 1356 2462 1423 ciperent
2500 1369 2746 1419 munera,
2788 1360 3054 1423 praetextu
3090 1348 3334 1404 veritatis
3373 1346 3635 1415 judicium
3679 1360 3786 1415 per-

2223 1454 2431 1500 mutare
2461 1446 2483 1499 ?
2513 1443 2639 1499 Hcce
2668 1443 2824 1512 culpa
2851 1442 3079 1510 quadam
3103 1438 3424 1494 verecundia
3458 1437 3672 1504 tegitur,
3699 1452 3787 1505 pu-

2224 1539 2353 1592 dore
2399 1538 2770 1591 obumbratur.
2827 1533 2997 1602 Culpa
3052 1547 3181 1585 vero
3232 1530 3320 1583 illa
3380 1537 3529 1581 tanto
3580 1527 3791 1594 nequior

2230 1632 2384 1698 192
2416 1628 2681 1692 cernitur,
2722 1632 2925 1693 quanto
2976 1620 3343 1682 manifestius,
3376 1626 3538 1685 atque
3574 1618 3790 1669 atrocius

2224 1728 2581 1788 perpetretur.
2611 1715 2717 1770 Sed
2749 1730 2859 1769 nos
2884 1712 3119 1766 nondum
3158 1708 3225 1762 ad
3253 1709 3342 1761 illa
3370 1706 3521 1776 regni
3565 1712 3789 1773 tempora

553 1810 791 1863 Animam
821 1807 1018 1876 quippe
1044 1820 1195 1861 suam
1224 1805 1489 1858 ωδῑίῐηδηι
1535 1802 1843 1856 inferiorem
1873 1801 2016 1856 omni
2063 1815 2121 1855 re
2158 1802 2198 1858 Β
2226 1808 2553 1864 discutienda
2594 1804 2955 1876 pervenimus,
3006 1800 3059 1853 in
3107 1798 3300 1868 quibus
3348 1796 3449 1851 ista
3498 1794 3613 1846 ﬁeri
3667 1793 3788 1845 mala

532 1916 706 1969 aquam
737 1897 1367 1968 possuntconcupiscere.
1400 1894 1535 1948 Hinc
1566 1908 1798 1962 namque
1827 1902 1909 1947 est
1939 1892 2125 1958 rapina

546 1990 803 2054 violenta,
836 1988 961 2042 hinc
989 1987 1121 2040 iinnt
1150 1986 1287 2039 furta
1338 1984 1559 2038 latentia
1589 2000 1601 2033 :
1646 1982 1769 2050 quia
1798 1996 1891 2034 eos
1936 1980 2127 2048 quibus

540 2080 697 2132 avari
724 2079 1030 2147 prmvalent,
1062 2077 1326 2129 violenter
1353 2074 1682 2143 opprimunt,
1714 2079 1769 2125 et
1795 2086 2021 2141 quorum
2051 2084 2129 2123 re-

551 2170 651 2222 bus
682 2168 878 2221 iuferre
905 2165 1215 2218 violentiam
1268 2170 1563 2231 nequeunt,
1594 2158 1733 2213 furta
1781 2159 1976 2212 inferre
2023 2173 2131 2211 mo-

550 2260 770 2312 liuntur.
794 2256 946 2326 Saepe
974 2255 1228 2323 etquibus
1245 2269 1350 2307 non
1386 2252 1670 2321 prmvalent
1691 2250 1830 2304 furto
1853 2264 2127 2317 manuum,

557 2349 873 2401 insidiantur
898 2346 1127 2398 fat-italo
1149 2344 1448 2397 vet-borum.
1470 2340 1621 2395 Unde
1643 2348 1699 2394 et
1727 2338 1817 2394 lilii
1844 2338 2126 2401 Samuelis,

552 2436 802 2491 ordinato
833 2448 1109 2503 processu,
1132 2433 1184 2484 in
1214 2430 1516 2484 inordinata
1546 2429 1784 2483 avaritia:
1818 2428 2128 2484 confusione

528 2560 533 2565 —
558 2528 1053 2591 denotantur,-cum
1085 2522 1313 2575 dit-itur:

632 2637 672 2707 (l
705 2636 839 2702 Reg.
869 2649 985 2700 vm,
1017 2632 1094 2703 5.)
1134 2632 1525 2685 Declinaveruut
1556 2637 1669 2700 post
1711 2630 2000 2693 avaritiam,
2046 2644 2135 2682 ac-

534 2743 735 2797 cepere
762 2742 990 2789 munera,
1021 2730 1366 2794 per-verterunt
1387 2721 1660 2791 judicium.

630 2819 685 2871 5.
714 2818 812 2884 Qui
841 2817 979 2871 enim
1004 2824 1063 2869 ut
1108 2829 1327 2869 munera
1358 2813 1677 2882 acciperent,
1705 2812 1962 2881 judicium
2007 2828 2132 2883 per-

537 2902 854 2969 vc'rtcrunt,
885 2905 949 2959 ad
975 2903 1304 2957 inferendum
1333 2901 1529 2955 furtum
1555 2902 1853 2971 concupita:
1890 2902 1991 2969 rei,
2025 2918 2131 2956 non

532 2997 886 3065 -qu:csierunt
931 2993 1311 3047 obscuritatem
1360 2991 1549 3057 noctis,
1607 2991 1699 3045 sed
1757 2991 2005 3045 tenebras
2048 3006 2133 3045 ra-

564 3086 834 3144 tionis.“Et
858 3084 1167 3146 notandum,
1199 3083 1321 3153 quia
1370 3083 1531 3137 ardor
1576 3082 1811 3137 avaritiae
1847 3098 2008 3137 causa
2048 3092 2125 3138 est

536 3208 543 3217 -
566 3181 993 3249 accipiendorum
1020 3191 1321 3240 munerum,
1347 3182 1401 3229 et
1430 3175 1676 3243 acceptio
1703 3189 1982 3228 munerum
2009 3189 2135 3229 cau-

544 3284 624 3326 sa
653 3266 1093 3336 estpervertendi
1127 3264 1313 3332 iudicii
1345 3281 1357 3317 :
1410 3273 1470 3318 ut
1515 3264 1791 3333 propheta:
1833 3267 2140 3320 narratione

560 3356 726 3425 .hujus
751 3356 864 3409 vitii
886 3355 1117 3424 pravitas
1146 3352 1481 3420 ostendatur,
1508 3367 1614 3406 non
1632 3353 1804 3407 solum
1834 3356 2066 3423 qualiter
2087 3358 2139 3412 in

570 3446 921 3515 reproborum
945 3443 1193 3498 cordibus
1210 3440 1442 3511 proficit,
1472 3442 1563 3497 sed
1594 3457 1623 3495 a
1645 3451 1947 3497 sanctorum
1994 3462 2143 3499 men-

544 3536 711 3589 itibus
738 3533 963 3603 qualiter
987 3530 1270 3600 exstirpari
1300 3529 1533 3584 funditus
1557 3531 1746 3599 possit.
1782 3531 1915 3586 Nam
1942 3533 1987 3589 si
2022 3549 2143 3603 per-

570 3641 668 3679 ver
698 3624 911 3677 itasista
935 3621 1122 3690 judicii
1143 3635 1209 3674 ex
1238 3620 1547 3688 acceptione
1575 3635 1855 3675 munerum
1886 3624 2139 3689 nascitur,

570 3716 658 3783 qui
692 3728 912 3766 munera
942 3725 1047 3764 non
1077 3708 1304 3777 accipit,
1344 3707 1601 3776 judicium
1642 3724 1749 3763 non
1782 3712 2057 3778 per—vertit,
2090 3720 2146 3766 et

570 3805 746 3860 oblata
776 3816 996 3855 munera
1023 3799 1212 3853 leviter
1249 3798 1473 3866 respuit,
1514 3797 1605 3865 qui
1634 3800 1869 3854 avaritia:
1908 3801 2143 3855 radicem

568 3910 600 3948 a
630 3894 790 3948 corde
816 3908 912 3947 suo
942 3889 1153 3960 penitus
1182 3886 1490 3956 extirpavit.
1522 3886 1629 3942 Sed
1659 3889 1815 3943 istam
1840 3891 2053 3960 culpam
2080 3890 2145 3941 li-

570 3985 761 4040 liorum
797 3981 1079 4045 Samuelis,
1112 3977 1317 4048 plenius
1362 3977 1616 4044 videndo,
1646 3995 1806 4047 quam
1852 3980 2145 4048 loquendo,

566 4076 887 4143 colligimus.
920 4072 1050 4125 Nam
1070 4070 1116 4124 si
1142 4069 1210 4122 ad
1239 4068 1492 4123 destituta
1521 4067 1878 4124 Ecclesiarum
1904 4071 2023 4126 loca
2056 4086 2145 4125 re-

566 4164 844 4232 spicimus,
878 4162 965 4216 ubi
994 4170 1143 4231 pater
1164 4162 1414 4218 senescit.
1445 4172 1622 4216 notam
1642 4160 1896 4225 avaritias,
1916 4161 2149 4229 suscepti

576 4253 832 4317 muneris,
860 4259 916 4306 et
960 4252 1198 4321 perversi
1223 4251 1409 4319 judicii
1431 4251 1518 4306 ii‘ii
1546 4253 1859 4308 incurrunt:
1892 4251 2015 4320 quia
2060 4252 2149 4306 ubi

579 4358 686 4409 per
704 4342 849 4396 lucra
901 4342 1075 4410 turpia
1116 4343 1350 4397 rectoris
1391 4357 1620 4413 persona
1668 4340 1993 4402 dissolvitur,
2026 4341 2149 4395 sub-

575 4425 700 4500 jecti
730 4430 905 4498 gregis
933 4429 1094 4483 corda
1114 4427 1267 4484 facile
1291 4430 1633 4500 dissipantur,
1667 4430 1791 4482 utin
1816 4444 1875 4483 se
1902 4429 2149 4500 nequiter

2230 1899 2388 1952 etiam
2416 1897 2482 1950 ad
2514 1896 2744 1950 litteram
2774 1892 3183 1947 describuntur:
3215 1886 3337 1939 dum
3359 1899 3486 1952 ergo
3511 1883 3661 1952 juxta
3683 1898 3793 1951 pro-

2230 1990 2459 2059 positum
2486 1995 2725 2040 nostrum
2768 1986 2837 2038 de
2864 1982 3040 2037 electo
3069 1989 3124 2033 et
3164 1979 3308 2033 bono
3347 1975 3637 2044 loquimur,
3678 1973 3792 2028 utile

2230 2078 2458 2141 videtur,
2484 2084 2542 2128 ut
2562 2075 2723 2128 etiam
2753 2073 2839 2140 jus
2868 2071 3027 2137 regis,
3063 2068 3206 2137 quod
3237 2064 3561 2135 prmdieitur,
3586 2062 3793 2131 qualiter

2232 2171 2284 2225 in
2317 2170 2454 2224 bona
2484 2177 2635 2237 parte
2658 2162 3033 2234 possitaccipi,
3063 2159 3332 2215 subtiliter
3351 2156 3647 2211 videamus.
3678 2154 3791 2209 Nam

2229 2263 2273 2318 si
2298 2260 2492 2329 aliquid
2528 2260 2651 2314 boni
2701 2256 3050 2325 spiritualiter
3092 2269 3199 2307 non
3241 2249 3576 2315 ostenderet,
3607 2264 3794 2319 nequa-

2231 2368 2391 2422 quam
2422 2353 2474 2404 in
2504 2351 2605 2404 hac
2631 2363 2780 2402 sacra
2809 2345 3030 2400 historia
3060 2343 3331 2398 diceretur
3360 2358 3375 2393 :

2306 2462 2346 2533 (l
2378 2463 2504 2529 Reg.
2557 2478 2609 2525 χ,
2640 2458 2747 2527 i5.)
2782 2457 2999 2511 Locutus
3025 2464 3101 2508 est
3131 2454 3341 2508 Samuel
3367 2451 3436 2503 ad
3470 2450 3710 2520 populum
3733 2449 3795 2501 le-

2234 2572 2344 2627 gem
2371 2554 2536 2625 regni,
2583 2560 2633 2606 et
2679 2551 2880 2621 scripsit
2906 2550 2957 2602 in
2987 2546 3116 2601 libro
3164 2554 3213 2598 et
3240 2542 3469 2613 reposuit
3504 2558 3679 2594 coram
3708 2538 3796 2593 Do-

2234 2662 2393 2697 mmo.

2288 2661 2527 2798 tx'Quid
2564 2738 2667 2793 est,
2690 2726 2833 2797 quod
2858 2724 3219 2780 lsraelitarum
3248 2718 3281 2773 fi
3304 2720 3338 2774 ii
3382 2718 3620 2789 ponendi
3661 2733 3710 2771 tn
3728 2732 3799 2772 re-

2237 2827 2315 2895 gis
2342 2821 2585 2878 curribus
2599 2816 2887 2874 dicuntur?
2915 2814 3021 2868 Sed
3051 2812 3391 2882 praelatorum
3420 2818 3622 2864 sanctar
3643 2807 3799 2862 Eccle-

2236 2914 2326 2969 sia:
2354 2927 2541 2967 currus
2582 2922 2768 2962 eorum
2810 2900 3004 2958 devota
3044 2910 3167 2955 sunt
3195 2898 3481 2953 desideria.
3520 2896 3653 2950 Nam
3692 2895 3797 2947 dum

2235 3016 2465 3072 superna
2494 2998 2681 3068 gaudia
2710 2996 2975 3049 ferventer
3001 2998 3276 3060 appetunt,
3300 2989 3449 3041 velut
3489 2987 3541 3040 in
3580 2985 3799 3039 curribus

2236 3109 2333 3163 per
2348 3092 2453 3145 alta
2485 3090 2743 3143 feruntur.
2777 3084 2912 3137 llinc
2934 3090 3015 3136 est
3041 3079 3186 3148 quod
3213 3077 3353 3132 Elias
3384 3077 3438 3131 in
3469 3092 3634 3130 curru
3664 3075 3800 3142 igneo

2240 3184 2292 3237 in
2339 3181 2530 3235 ctelum
2571 3176 2876 3231 sublevatus
2903 3172 3156 3227 asseritur
3186 3167 3289 3239 (1V
3315 3166 3445 3236 Reg.
3478 3183 3532 3231 ir,
3589 3166 3674 3235 1):
3697 3163 3800 3232 quia

2239 3270 2481 3342 profecto
2512 3267 2578 3321 ad
2605 3259 2834 3334 superna
2872 3260 3064 3330 gaudia
3100 3258 3304 3312 sustolli
3330 3273 3438 3310 non
3476 3256 3695 3325 poterit,
3725 3254 3798 3321 qui

2242 3340 2303 3415 ea
2331 3374 2427 3429 per
2455 3357 2563 3410 alta
2586 3362 2645 3409 et
2674 3351 2932 3406 terventia
2973 3347 3234 3403 desideria
3274 3362 3379 3400 non
3410 3344 3651 3414 inquirit.
3687 3340 3801 3395 Cum

2242 3464 2370 3518 ergo
2400 3449 2525 3503 boni
2565 3446 2837 3501 auditores
2867 3458 2964 3514 per
2992 3439 3234 3510 exempla
3274 3438 3687 3508 pnndicatorum
3712 3442 3805 3487 tero

2243 3558 2372 3598 rena
2402 3549 2765 3601 contemnere,
2798 3545 2852 3591 et
2876 3549 3060 3589 amare
3080 3541 3276 3587 alterna
3309 3529 3596 3599 incipiunt,
3624 3525 3808 3581 Israel}

2244 3606 2690 3702 tarunfprofccto
2731 3629 2822 3682 filii
2850 3629 2903 3682 in
2934 3640 3119 3696 regum
3162 3623 3407 3678 curribus
3438 3627 3727 3689 ponuntur.
3755 3612 3808 3666 Et

2247 3721 2560 3790 notandum,
2610 3719 2735 3787 quia
2780 3725 2835 3771 et
2891 3715 3008 3769 tolli
3057 3713 3322 3775 dicuntur,
3372 3718 3429 3765 et
3475 3709 3530 3762 in
3589 3704 3810 3761 curribus

2232 3814 2407 3885 ’poni:
2434 3812 2558 3880 quia
2588 3810 2737 3879 prius
2767 3807 2963 3862 debent
2990 3820 3021 3858 a
3044 3802 3345 3858 carnalibus
3386 3798 3675 3854 desideriis
3716 3795 3811 3848 abs-

2252 3902 2406 3963 trahi,
2435 3909 2493 3953 ut
2512 3900 2650 3953 bene
2679 3896 2891 3949 valeant
2917 3891 3135 3961 superni
3159 3889 3357 3944 amoris
3385 3888 3598 3955 ignibus
3621 3884 3810 3940 inflam-

2250 3991 2401 4044 mari.
2436 3988 2566 4056 Quae
2584 3987 2829 4042 nimirum
2844 3994 3063 4039 terrena
3085 3980 3366 4045 desideria,
3389 3979 3515 4047 quia
3542 3993 3648 4031 non
3678 3974 3814 4029 facile

2250 4081 2589 4143 deseruntur,
2612 4078 2724 4131 tolli
2755 4076 2847 4130 ﬁlii
2875 4074 3241 4145 perhibentur.
3277 4069 3410 4123 Nam
3445 4083 3543 4135 per
3586 4079 3813 4132 magnam

2250 4171 2559 4227 violentiam
2597 4168 2710 4223 ﬁeri
2757 4174 2992 4236 oportet,
3023 4171 3309 4217 utterrena
3339 4157 3604 4212 desideria
3635 4154 3818 4208 electus

2254 4264 2465 4318 auditor
2491 4260 2701 4330 penitus
2739 4259 2983 4320 deserat,
3015 4260 3069 4307 et
3107 4252 3161 4305 in
3196 4248 3511 4304 caelestibus
3538 4243 3819 4299 sublimiter

2255 4371 2314 4410 se
2354 4351 2617 4410 sustollat.
2660 4349 2735 4402 De
2774 4348 2873 4401 hac
2901 4346 3097 4414 quippe
3129 4340 3384 4395 violentia
3429 4337 3687 4390 Dominus
3721 4334 3817 4386 ait:

2264 4444 2495 4514 Regnum
2532 4439 2768 4493 cazlorum
2785 4438 2879 4489 vim
2909 4434 3122 4503 patitur,
3147 4440 3196 4485 et
3226 4421 3820 4494 riolentidiripiuntillud

577 4522 776 4584 vivant,
825 4528 881 4573 et
919 4519 1038 4573 aliis
1071 4519 1316 4587 exempla
1358 4518 1636 4588 pravitatis
1689 4518 1981 4588 praebeant.
2050 4517 2137 4572 Set

2270 4513 2479 4605 (Matth.
2504 4548 2579 4595 XI,
2612 4529 2718 4597 1'2).
2743 4526 2818 4579 De
2846 4526 2945 4579 hac
2971 4524 3162 4578 Paulus
3185 4521 3285 4574 ait:
3305 4517 3471 4571 Nemo
3490 4517 3822 4577 τονιιηαὺὶηη,

574 4610 708 4663 libet
751 4608 804 4661 in
837 4608 901 4661 iis
927 4607 1080 4662 valde
1124 4607 1377 4662 admirari
1402 4608 1601 4677 judicia
1625 4608 2008 4676 omnipotentis
2045 4607 2161 4662 Dei.

574 4698 708 4751 Nini
742 4696 834 4751 ﬁlii
875 4698 1158 4762 Samuelis,
1200 4696 1324 4751 dum
1365 4705 1489 4767 post
1542 4698 1818 4751 avaritiam
1870 4697 2161 4762 declinant,

576 4791 703 4844 dum
746 4804 910 4844 causa
957 4788 1296 4858 perverteudi
1332 4789 1529 4858 .judicii
1580 4804 1801 4843 munera
1845 4789 2169 4859 suscipiunt,

581 4877 918 4947 populo,lcui
948 4885 1204 4947 prmsunt,
1240 4879 1488 4947 exempla
1520 4878 1798 4946 pravitatis
1830 4877 2160 4945 impendunt.

579 4970 697 5038 ipse
720 4980 896 5024 autem
923 4971 1169 5040 populus,
1212 4972 1339 5025 dum
1386 4986 1566 5039 regem
1616 4972 1767 5040 petit,
1812 4970 1877 5023 de
1925 4971 2157 5025 culmine

550 5060 866 5128 potestatis
921 5060 1192 5129 propheta:
1241 5061 1378 5117 filios
1429 5062 1629 5130 abjicit.
1667 5062 1804 5114 Deus
1826 5075 1955 5114 vero
1985 5060 2153 5113 omni-

582 5160 777 5219 potens
806 5158 861 5205 et
898 5162 1078 5219 regem
1123 5154 1419 5220 petentium
1450 5168 1635 5221 preces
1658 5150 1897 5218 suscipit,
1926 5159 1979 5203 tt
2025 5150 2159 5205 iras-

580 5250 742 5303 citur,
771 5241 915 5310 quod
954 5250 1185 5312 petatur.
1225 5242 1427 5308 Quibus
1460 5241 1702 5312 profecto
1747 5242 1908 5295 rebus
1960 5240 2160 5294 turbati

586 5347 897 5399 pos-uiuus,
953 5332 997 5387 si
1050 5346 1234 5386 eorum
1284 5334 1549 5387 rationem
1608 5348 1712 5386 non
1761 5331 2027 5389 subtiliter
2080 5332 2162 5385 vi-

572 5426 825 5477 deamus.
856 5421 995 5490 Quid
1023 5421 1165 5475 enim
1192 5421 1388 5491 justius
1431 5432 1532 5485 est,
1564 5436 1745 5490 quam,
1766 5430 1825 5476 ut
1853 5421 2034 5491 populi
2069 5420 2158 5489 ju-

574 5511 725 5564 dicio
764 5517 1015 5571 corruat,
1059 5509 1149 5578 qui
1188 5510 1417 5578 reprobo
1464 5511 1659 5567 mentis
1698 5527 1807 5566 sua:
1829 5510 2032 5582 judicio
2078 5510 2155 5567 sic

667 5718 691 5743 δ
722 5706 891 5759 Χάιιρ.
911 5717 969 5759 et
1001 5704 1180 5774 αλιυδ,
1211 5704 1559 5774 prohibentur.

2268 4602 2367 4677 nisi
2396 4619 2723 4691 quitegitime
2744 4614 3007 4669 certaverit
3038 4611 3124 4691 (μ
3156 4609 3288 4662 Tim.
3318 4623 3376 4669 ιι,
3402 4606 3477 4676 5).
3503 4603 3659 4671 Quod
3679 4602 3822 4655 etiam

2269 4712 2352 4766 bis
2379 4682 2804 4763 verbis—latenter
2818 4682 3136 4767 ostenditur,
3162 4698 3287 4767 quia
3317 4695 3408 4748 ﬁlii
3433 4694 3524 4763 qui
3550 4693 3824 4756 tolluntur,

2271 4816 2378 4854 non
2419 4799 2473 4852 in
2520 4794 2753 4856 sedibus,
2792 4791 2886 4846 sed
2934 4791 2986 4843 in
3023 4788 3267 4843 curribus
3302 4784 3431 4854 poni
3469 4782 3822 4853 perhibentur,

2260 4890 2440 4944 Curru
2466 4886 2679 4954 quidem
2702 4881 2902 4949 antiqui
2932 4892 3169 4948 pugnare
3198 4881 3611 4930 consueverunt.
3642 4869 3745 4924 Sed
3778 4876 3826 4923 et

2255 4979 2348 5048 qui
2374 4992 2535 5032 curru
2556 4972 2783 5035 ducitur,
2808 4968 3047 5023 sublimis
3064 4981 3128 5019 ac
3151 4964 3399 5018 terribilis
3419 4968 3610 5015 contra
3634 4959 3825 5012 hostem

2258 5069 2444 5123 fertur.
2486 5063 2655 5117 Electt
2701 5060 2898 5115 etenim
2943 5058 3043 5111 viri
3087 5064 3241 5108 tanto
3283 5051 3628 5107 sublimiores
3683 5058 3827 5114 atque

2260 5154 2610 5211 terribiliores
2635 5158 2758 5204 sunt
2808 5148 3029 5201 occu’tis
3078 5144 3340 5207 hostibus,
3394 5148 3600 5209 quanto
3648 5134 3825 5191 interni

2260 5243 2457 5298 amoris
2518 5240 2600 5295 cel
2632 5238 2835 5293 itudiae
2904 5237 3065 5289 altius
3134 5231 3504 5304 profecerunt.
3575 5227 3825 5283 Sublimes

2248 5334 2456 5404 quippe
2476 5338 2621 5393 sunt,
2650 5329 2774 5397 quia
2806 5341 2973 5396 usque
2999 5324 3065 5378 ad
3105 5338 3289 5379 eorum
3335 5320 3691 5375 intentionem
3724 5330 3824 5367 ina-

2262 5423 2525 5491 lignorum
2565 5419 2846 5489 spirituum
2893 5414 3163 5485 suggestio
3204 5429 3310 5467 non
3358 5411 3635 5482 pertingit.
3668 5404 3826 5461 Terri-

2259 5512 2393 5568 biles
2436 5513 2596 5567 etiam
2650 5520 2812 5573 sunt,
2866 5508 2990 5577 quia
3041 5506 3332 5577 reprobare
3375 5518 3563 5559 eorum
3620 5499 3825 5557 consilia
