3962 6302
158 344 260 397 227

979 335 1043 389 ιΝ
1080 334 1344 390 ῬΜΜΠΜ
1380 333 1624 389 iii-LOU.“
1669 333 2180 392 EXPUSITIONES.
2227 371 2291 380 —
2331 339 2455 396 LIB.
2501 341 2586 394 IV.

3298 344 3405 402 238

154 469 300 512 tanto
331 456 541 509 facilius
570 460 810 522 possunt,
842 459 1043 518 quanto
1073 465 1169 519 per
1197 451 1368 505 intimi
1399 450 1619 506 alb-ctus
1649 450 1724 503 vi—
1757 457 1802 508 Δ
1831 453 2072 520 exeurpla
2104 455 2420 520 electorum,
2453 473 2573 527 qrue
2605 469 2818 525 norunt,
2849 461 2915 513 ad
2945 476 3180 514 amorem
3208 461 3407 515 Condi-

160 561 335 611 gnrem
381 546 434 598 in
463 541 680 612 superni
709 540 884 608 gaudii
915 539 1370 609 eoatemplatione
1410 541 1624 594 consist
1651 550 1728 596 n'.

162 638 272 691 lloc
303 635 518 706 quidem
535 635 754 703 quoties
789 632 870 684 his
911 629 1124 694 dicitur,
1157 631 1248 697 qui
1277 630 1451 684 adhuc
1489 631 1731 684 carnales

161 736 297 790 sunt,
327 727 536 795 piarum
565 724 825 777 minarum
857 721 960 775 illis
996 720 1206 774 bonitas
1244 721 1542 774 exhibetur.
1578 721 1730 786 Quod

165 822 266 873 tale
287 827 388 882 est,
420 831 484 870 ac
511 816 555 868 si
595 815 737 868 dicat
762 838 775 866 ;
807 812 942 878 Quia
969 812 1182 866 virtutis
1211 827 1496 881 personam
1527 814 1728 880 petitis,

163 909 258 960 sub
293 906 406 974 ejus
435 902 713 971 disciplina
761 915 955 954 vacare
1001 900 1123 954 vita:
1174 901 1284 954 otio
1339 916 1443 953 non
1485 902 1728 968 potestis.

153 999 329 1065 Quare
355 1005 410 1051 et
439 997 646 1065 equites
666 994 806 1060 regis
833 1000 889 1046 et
910 1000 1284 1062 persecutores
1313 992 1568 1059 regalium
1599 1006 1728 1059 qna-

162 1090 442 1155 drigarum,
481 1085 680 1138 tribuni
721 1093 775 1137 et
814 1084 1160 1136 centuriones
1200 1080 1312 1135 fieri
1359 1081 1725 1150 perhibentur.

159 1180 338 1234 Omnia
364 1178 579 1247 quidem
617 1176 730 1230 haec
758 1174 962 1229 militia:
983 1183 1215 1227 terrenae
1256 1179 1402 1226 sunt.
1447 1172 1579 1224 Dnm
1603 1186 1730 1238 ergo

159 1271 381 1337 equites,
403 1278 457 1322 et
481 1274 855 1336 persecutores
876 1261 1273 1332 quadrigarum,
1301 1261 1518 1326 tribuni,
1541 1268 1595 1313 et
1612 1275 1734 1314 cen-

162 1359 392 1411 turiones
423 1356 538 1409 ﬁeri
569 1354 949 1422 praedicuntur,
981 1349 1046 1402 ad
1069 1364 1229 1402 omne
1262 1347 1387 1402 belli
1417 1349 1730 1401 exercitium

159 1455 572 1501 summoventur.
619 1442 839 1510 Equites
863 1441 1062 1508 quippe
1104 1447 1247 1502 sunt,
1278 1437 1492 1507 quando
1536 1437 1587 1491 in
1616 1438 1727 1490 vir-

153 1547 270 1591 tute
317 1536 532 1604 spiritus
589 1533 767 1587 carnis
813 1545 922 1583 sua:
972 1529 1257 1598 voluptatis
1317 1527 1458 1581 ﬂuxa
1512 1527 1732 1581 restrin-

153 1636 364 1694 .gnntur,
410 1632 468 1677 et
503 1622 708 1676 cunctis
759 1619 1085 1673 illecebrosis
1133 1617 1366 1670 motibus
1406 1630 1594 1684 magna
1634 1630 1732 1684 po-

161 1724 347 1770 testate
372 1712 738 1768 dominantur.
785 1709 942 1762 Velut
968 1708 1109 1762 enim
1136 1721 1278 1774 equo
1316 1706 1556 1760 sublimis
1585 1705 1729 1759 inve-

1835 543 1986 609 toris,
2013 559 2149 612 quos
2195 548 2505 616 praevalent,
2559 550 2852 603 accendere
2879 561 3162 605 conantur.
3215 551 3406 606 Tribus

1831 634 2043 702 quidem
2071 638 2337 704 cognatio,
2367 639 2480 693 sive
2507 641 2653 694 curia
2684 641 2898 695 dicitur.
2945 640 3002 695 Si
3032 656 3161 710 ergo
3207 644 3406 698 tribuni

1826 725 2075 779 dicuntur
2103 742 2132 778 a
2165 728 2326 792 tribu,
2348 730 2439 796 qui
2469 730 2535 783 ad
2566 731 2862 798 profectum
2888 733 3256 800 proximorum
3283 749 3407 787 san—

1829 821 2037 866 ctorum
2077 815 2324 884 exempla
2355 814 2653 882 proferunt,
2691 818 2886 871 tribuni
2921 821 3286 874 nominantur.
3329 822 3407 874 Ad

1829 903 2182 957 rusticitatem
2225 905 2438 974 quidem
2485 916 2725 960 nostram
2783 908 3160 962 destruendam
3189 948 3205 973 ,
3263 911 3407 964 velut

1829 994 1977 1046 curia
2007 997 2246 1060 veniunt,
2293 996 2510 1064 quando
2566 998 2722 1052 nobis
2777 999 2864 1052 illa
2915 1010 3259 1068 proponunt,
3311 1015 3409 1068 per

1828 1101 1948 1154 qua:
1976 1087 2146 1141 sancti
2176 1088 2272 1140 viri
2317 1090 2672 1157 omnipotenti
2709 1091 2818 1144 Deo
2847 1091 3118 1159 placuere.
3163 1091 3230 1144 Et
3283 1106 3404 1145 cum

1828 1176 2181 1246 plurimorum
2207 1187 2518 1232 sanctorum
2570 1179 2816 1249 proprias
2841 1181 3064 1236 virtutes
3106 1189 3404 1250 exponunt,

1831 1265 1984 1334 quasi
2033 1266 2388 1334 spiritualium
2439 1269 2819 1336 cognationum
2866 1271 3202 1324 nobilitatem
3251 1271 3406 1324 nobis

1831 1356 2099 1424 aperiunt.
2137 1354 2494 1412 Centuriones
2513 1372 2640 1426 ergo
2676 1359 2902 1427 intelligi
2925 1360 3023 1414 viri
3049 1360 3402 1428 perfectiores

1826 1452 2072 1512 possunt,
2104 1445 2192 1514 qui
2223 1446 2626 1514 praedicatorum
2654 1449 2958 1515 magisterio
2979 1449 3104 1503 dum
3123 1450 3259 1502 bene
3283 1464 3406 1516 pro-

1835 1535 2038 1598 licium,
2073 1545 2099 1570 κ
2131 1551 2318 1588 eorum
2346 1538 2622 1591 auditores
2648 1547 2808 1605 atque
2835 1547 3218 1608 cooperatores
3251 1540 3402 1591 liunt.

1833 1625 1909 1677 De
1930 1625 2122 1694 quibus
2151 1626 2392 1694 profecto
2421 1628 2472 1680 in
2504 1627 2790 1696 Evangelio
2835 1629 3092 1684 Dominus
3121 1631 3196 1683 ait
3228 1648 3239 1682 :
3273 1629 3402 1682 0m-

1833 1715 1915 1766 uis
1940 1712 2110 1766 scriba
2138 1717 2316 1767 doctus
2335 1716 2390 1768 in
2418 1731 2574 1785 regno
2600 1718 2858 1780 malorum,
2891 1720 3075 1771 similis
3105 1726 3181 1772 est
3209 1719 3404 1772 homini

155 1805 313 1866 hitur,
335 1802 424 1872 qui
451 1817 546 1870 per
573 1802 771 1854 bonum
801 1799 1063 1852 castitatis
1079 1798 1228 1852 carni
1255 1812 1364 1850 sua:
1387 1797 1723 1865 prtepositus,
1762 1786 1800 1842 Β
1832 1803 2221 1873 patrifamilias,
2274 1807 2361 1872 qui
2389 1807 2586 1872 profert
2609 1807 2672 1858 de
2696 1807 2936 1860 thesauro
2965 1823 3058 1861 suo
3088 1814 3220 1860 nava
3245 1818 3296 1860 et
3318 1824 3403 1861 ve-

157 1892 302 1958 Iiber,
334 1903 389 1945 ct
407 1893 588 1952 velox,
615 1899 670 1945 et
699 1888 932 1956 eﬂugere
961 1889 1198 1953 hostem,
1229 1904 1351 1942 cum
1391 1887 1726 1957 dedignatur,

161 1985 368 2054 poterit,
409 1992 464 2037 et
503 1981 771 2045 invadere,
799 1995 919 2034 cum
942 1979 1208 2046 dignatur.
1241 1978 1345 2032 Per
1370 1979 1472 2032 hoc
1511 1979 1728 2046 quidem

162 2076 296 2145 «ιιι-τά
335 2075 476 2128 bene
519 2072 806 2142 praesidere
849 2071 1064 2137 didicit,
1123 2077 1266 2124 tanta
1312 2070 1524 2124 virtutis
1558 2070 1732 2124 incre-

160 2175 331 2220 menta
361 2164 590 2232 accepit,
633 2171 699 2218 ut
739 2163 885 2217 velut
929 2161 1184 2216 irruentis
1231 2161 1426 2230 equitis
1473 2161 1728 2230 impetum

162 2257 414 2311 sustinere
444 2255 612 2309 hostis
635 2270 739 2308 non
770 2254 958 2321 possit.
998 2252 1061 2305 Et
1098 2253 1221 2321 quia
1269 2254 1322 2306 in
1371 2253 1583 2308 virtutis
1623 2270 1731 2308 suae

158 2345 346 2398 robore
380 2343 626 2412 exempla
668 2343 959 2396 electo:um
997 2341 1212 2396 Patrum
1265 2359 1358 2412 seq
1399 2351 1577 2408 untur,
1611 2357 1732 2411 per-

163 2443 428 2488 secutores
474 2440 597 2486 sunt
644 2431 898 2501 regalium
945 2431 1342 2500 quadrigarum.
1396 2432 1545 2501 193
1589 2431 1730 2497 Qua-

163 2525 314 2592 driga:
362 2525 561 2578 etenim
601 2524 740 2590 regis
776 2534 924 2588 sunt,
969 2523 1110 2577 bona
1135 2523 1376 2591 exempla
1406 2521 1563 2577 electi
1594 2539 1731 2592 prac-

163 2612 428 2666 dicatoris.
477 2611 536 2688 1n
585 2612 666 2666 eis
705 2612 902 2680 quippe
953 2619 1008 2666 et
1047 2626 1290 2681 pugnans
1317 2620 1373 2666 et
1397 2613 1734 2680 trimnphans

160 2702 508 2756 ostenditur:
563 2703 686 2771 quia
734 2703 858 2755 dum
905 2711 1091 2758 sancta
1147 2718 1310 2772 opera
1364 2704 1734 2771 praedicator-is

165 2794 462 2863 aspicimus,
497 2795 639 2851 hunc
686 2794 927 2862 profecto
967 2795 1246 2850 sublimem
1282 2795 1525 2851 videmus
1569 2805 1626 2850 et
1679 2798 1733 2852 in

160 2901 326 2953 agone
354 2885 683 2951 certaminis,
715 2895 770 2939 et
795 2887 848 2940 in
883 2887 1076 2942 virtute
1104 2886 1378 2955 triumphi.
1413 2887 1518 2941 Sed
1542 2903 1733 2942 carna-

171 2978 296 3032 libus
315 2976 594 3031 desideriis
615 2978 856 3046 oppressi
886 2977 1064 3032 videre
1087 2978 1232 3032 hunc
1254 2978 1306 3030 in
1331 2977 1604 3047 quadrigis
1625 2979 1736 3034 suis

162 3077 400 3138 possunt,
425 3068 675 3138 persequi
715 3068 831 3136 ejus
857 3069 1141 3137 quadrigas
1169 3084 1275 3123 non
1306 3078 1546 3138 possunt.
1575 3069 1732 3124 Velut

167 3133 365 3231 pedites
409 3133 615 3229 quippe
652 3160 704 3214 in
746 3133 909 3230 plano
936 3133 1320 3230 suntvpigrivad-
1349 3176 1579 3224 cursum,
1639 3161 1734 3214 de-
1759 3133 1805 3193 δ

166 3251 294 3304 biles
339 3249 406 3302 ad
430 3248 767 3304 conﬂictum.
800 3246 870 3302 Ut
911 3262 1039 3317 ergo
1069 3250 1272 3316 regales
1301 3249 1586 3318 quadrigas
1618 3265 1736 3318 per-

168 3344 311 3412 sequi
357 3342 594 3405 valeant,
625 3342 771 3412 prius
789 3342 999 3410 equites
1027 3339 1171 3407 ﬂant,
1218 3351 1429 3396 terrena
1473 3341 1736 3396 desideria

164 3440 466 3494 conterunt,
497 3432 645 3485 carni
669 3447 778 3486 sua:
803 3433 1144 3500 prazsideant,
1175 3433 1442 3502 pudicitiae
1470 3443 1737 3486 armatura

171 3521 506 3575 candescant.
530 3518 678 3573 Tunc
699 3521 911 3588 quidem
943 3528 1064 3589 post
1091 3521 1290 3574 electos
1316 3519 1500 3574 Patres
1529 3521 1582 3574 in
1631 3522 1739 3589 spi-

172 3610 345 3664 rituali
387 3608 640 3666 conﬂictd
669 3625 886 3664 currere
923 3619 1072 3682 tanto
1113 3609 1390 3665 decentius
1438 3625 1738 3680 possumus,

174 3709 366 3768 quanto
415 3716 512 3768 per
557 3700 612 3754 id
655 3698 799 3769 quod
842 3699 996 3756 nobis
1044 3698 1379 3753 laudabiliter
1422 3714 1737 3767 prtesumus,

177 3791 496 3844 occultorum
526 3791 760 3844 hostium
791 3790 1000 3857 agmina
1027 3797 1274 3858 potenter
1314 3789 1553 3844 ferimus.
1585 3788 1738 3854 Quod

175 3880 238 3945 si,
262 3881 402 3933 velut
438 3879 622 3949 plures
668 3880 868 3933 habent
911 3879 1150 3948 codices,
1199 3895 1303 3933 non
1349 3887 1741 3947 persecutores,

176 3971 264 4024 sed
301 3985 658 4038 przecursores
682 3969 927 4038 legimus,
969 3987 998 4024 a
1038 3971 1179 4025 bono
1205 3971 1477 4026 intellectu
1508 3988 1612 4025 non
1646 3987 1740 4023 va—

172 4070 274 4115 cat.
313 4061 594 4129 Regalinm
641 4061 854 4128 quidem
898 4061 1270 4131 quadrigarum
1319 4078 1614 4131 praecursor
1642 4073 1742 4128 est,

176 4153 260 4219 qui
303 4151 486 4205 laudat
536 4152 702 4205 verbo
749 4153 990 4221 exempla
1033 4152 1319 4219 jusmrum.
1353 4152 1453 4219 Qui
1495 4155 1743 4208 nimirum

177 4257 333 4309 eques
360 4258 480 4296 esse
528 4242 723 4296 debet:
775 4244 897 4311 quia
927 4245 1184 4312 reprobus
1231 4245 1316 4299 lau
1340 4246 1477 4300 lator
1522 4255 1624 4312 est,
1655 4248 1744 4313 qni

182 4331 332 4383 altam
371 4332 535 4384 vitam
579 4339 740 4398 atque
783 4332 1080 4384 doctrinam
1120 4342 1423 4386 sanctorum
1471 4335 1746 4402 prmdicat,

182 4436 331 4489 quam
381 4423 594 4477 sublimi
641 4423 919 4492 proposito
963 4423 1156 4476 imitari
1203 4438 1537 4493 nequaquam
1571 4405 1746 4477 curat.

1832 1905 1943 1946 tera
1966 1892 2178 1962 (Matth.
2209 1909 2320 1957 xm,
2351 1893 2458 1964 5:2).
2485 1893 2641 1949 Tales
2663 1896 2861 1965 quippe
2889 1911 2994 1950 non
3015 1897 3187 1950 solum
3212 1912 3405 1965 cpera-

1832 1985 1978 2041 tione
1996 1987 2244 2055 praecipui
2271 1995 2412 2051 sunt,
2443 1988 2536 2041 sed
2556 1987 2715 2040 etiam
2737 1987 2882 2041 verbi
2913 1987 3006 2041 Dei
3027 1988 3250 2042 scientia
3277 2002 3405 2042 eru-

1828 2075 1950 2129 diti.
2012 2073 2164 2129 Unde
2186 2077 2325 2130 etad
2356 2076 2612 2144 spiritalis
2636 2076 2840 2130 militiae
2868 2076 3176 2131 conﬂictum
3203 2077 3403 2130 cohor-

1830 2165 1935 2218 tari
1966 2165 2241 2234 proximos
2268 2173 2424 2220 tanto
2455 2167 2640 2220 utilius
2670 2175 2913 2234 possunt,
2964 2175 3168 2233 quanto
3190 2175 3245 2220 et
3273 2175 3404 2230 arta,

1832 2269 1951 2323 qua:
1996 2254 2285 2323 praedicare
2314 2255 2513 2322 sciunt,
2573 2255 2624 2308 in
2648 2270 2812 2326 opere
2840 2255 3053 2308 virtutis
3091 2262 3178 2308 ost
3212 2255 3405 2310 ndunt.

1830 2343 2045 2399 llabent
2095 2346 2148 2399 in
2195 2347 2498 2399 eruditione
2547 2346 2731 2410 verba,
2783 2347 2986 2400 habent
3035 2346 3102 2399 ad
3159 2345 3407 2416 exempla

1831 2435 2153 2503 simplicium
2197 2450 2402 2503 opera:
2447 2443 2504 2487 ut
2551 2435 2658 2487 alta
2706 2449 2824 2502 qua:
2854 2434 3144 2501 loquuntur
3195 2433 3408 2501 sapien-

1833 2531 1954 2590 tes,
2006 2523 2340 2592 intelligant;
2395 2532 2448 2576 et
2487 2524 2578 2591 qui
2609 2523 2892 2576 verborum
2936 2531 3142 2577 secreta
3181 2538 3288 2575 non
3329 2523 3410 2575 vi-

1831 2615 1962 2670 dent
2011 2617 2064 2669 in
2121 2615 2357 2680 intimis,
2424 2615 2699 2668 imitentur
2761 2629 2964 2682 opera,
3033 2628 3154 2682 qua:
3220 2612 3407 2666 vident

1836 2705 1987 2759 foris.
2028 2704 2383 2758 Centuriones
2411 2719 2539 2772 ergo
2567 2704 2982 2770 constituuntur,
3027 2703 3246 2773 quando
3281 2718 3405 2774 per-

1834 2796 2067 2851 fectione
2114 2796 2360 2861 virtutis,
2415 2796 2628 2850 culmen
2684 2796 2926 2851 obtinent
2965 2796 3288 2866 dignitatis:
3348 2805 3408 2851 ut

1835 2886 2135 2940 sublimiter
2175 2885 2376 2953 vivant,
2424 2893 2479 2939 et
2525 2901 2632 2957 quo
2660 2886 2822 2940 altius
2849 2887 3053 2952 vivunt,
3104 2887 3286 2941 utilius
3307 2885 3410 2942 do-

1833 2996 1932 3035 cea
1939 2988 2012 3033 nt.

1907 3069 1962 3125 6.
2011 3069 2119 3125 Sed
2140 3069 2231 3138 qui
2260 3069 2606 3124 centuriones
2652 3077 2796 3132 sunt,
2838 3083 2959 3123 cum
2990 3067 3117 3122 belli
3165 3074 3406 3138 terupora

1839 3164 2110 3226 ordinent,
2139 3161 2404 3232 proiicere
2430 3161 2666 3215 debent:
2720 3168 2778 3214 ut
2830 3159 2977 3228 pacis
3006 3159 3166 3213 etiam
3205 3144 3410 3213 fructus

1840 3255 1984 3308 ferre
2009 3258 2424 3320 cognoscantur.
2456 3249 2584 3304 Post
2611 3249 2855 3303 tribunos
2883 3261 3032 3315 ergo,
3058 3255 3114 3301 et
3135 3247 3404 3301 centurio-

1839 3359 1954 3408 nes,
1996 3357 2247 3412 agrorum
2279 3340 2412 3394 fiunt
2439 3353 2702 3404 ara'ores,
2741 3347 2795 3393 et
2823 3352 3090 3392 messores
3124 3347 3410 3404 segetum;

1840 3445 1900 3488 ut
1948 3434 2206 3488 victorum
2253 3431 2364 3499 jam
2413 3429 2578 3485 corda
2606 3443 2822 3483 vomere
2851 3427 3243 3482 adhortationis
3283 3442 3412 3496 ape-

1840 3524 2000 3588 riant,
2057 3538 2123 3575 ex
2153 3513 2342 3588 quibus
2366 3519 2580 3573 uberius
2603 3519 2866 3572 bonorqu
2897 3533 3120 3586 operum
3176 3517 3413 3571 triticum

1848 3612 2006 3684 19!.
2033 3618 2255 3665 metant.
2294 3609 2453 3664 Velut
2476 3609 2527 3662 in
2561 3623 2691 3677 pare
2727 3607 2837 3675 jam
2858 3607 3070 3677 quidem
3094 3614 3268 3670 arant,
3317 3604 3412 3674 qui

1843 3724 1906 3762 ea
1933 3706 2120 3772 corda,
2143 3720 2262 3772 quae
2289 3704 2385 3772 spis
2403 3702 2549 3756 italia
2599 3702 3030 3768 impugnamenta
3078 3699 3411 3757 devicerant,

1843 3796 1913 3850 ad
1959 3794 2264 3850 exercenda
2304 3808 2469 3861 opera
2517 3790 2731 3860 pietatis
2777 3789 3032 3843 excitant.
3083 3786 3148 3841 Et
3203 3795 3414 3854 segetes

1845 3894 2075 3953 metunt,
2104 3883 2318 3955 quando
2345 3882 2414 3936 de
2441 3881 2602 3934 divini
2631 3879 2778 3932 verbi
2801 3879 3025 3941 semine,
3056 3879 3200 3946 quod
3224 3878 3276 3930 in
3317 3893 3415 3930 an-

1844 3978 2078 4032 ditorum
2132 3973 2380 4028 cordibus
2416 3979 2741 4041 sparserant,
2791 3970 2962 4024 electa
3009 3983 3176 4036 opera
3219 3982 3412 4036 proru-

1847 4069 1988 4138 pisse
2027 4065 2382 4135 gratulantur.
2409 4061 2567 4116 Velut
2594 4061 2735 4114 enim
2773 4059 2841 4114 de
2887 4073 3015 4127 agro
3053 4057 3289 4112 triticum
3311 4055 3413 4109 fal-

1847 4158 1996 4212 cibus
2017 4162 2245 4218 metnut,
2300 4150 2513 4221 quando
2541 4149 2790 4218 amplexu
2819 4147 3118 4211 cbaritatis,
3148 4145 3202 4199 id
3232 4146 3301 4199 de
3322 4159 3418 4199 su-

1847 4263 2010 4317 perna
2056 4245 2467 4302 conversatione
2503 4241 2794 4311 accipiunt,
2851 4254 2958 4307 quo
3005 4238 3216 4292 interna
3251 4236 3417 4290 devo-

1847 4342 1994 4396 tione
2021 4341 2302 4395 satientur.

1917 4432 1967 4485 7.
2009 4431 2116 4485 Sed
2143 4429 2379 4498 quandiu
2418 4429 2470 4483 in
2499 4428 2600 4481 hac
2622 4426 2730 4480 vita
2759 4423 3007 4487 vivimus,
3033 4421 3086 4476 in
3109 4435 3244 4491 pace
3275 4419 3418 4476 nulla

181 4513 281 4568 Sed
303 4517 389 4583 qui
426 4516 654 4567 aliorum
693 4514 874 4579 vitam,
898 4522 1058 4582 atque
1099 4514 1396 4568 doctrinam
1444 4531 1744 4584 proponth
1775 4497 1822 4554 ο
1848 4497 2200 4591 possidemus.
2243 4518 2506 4587 Antiquus
2556 4515 2754 4571 etenim
2785 4514 2976 4577 hosti-3
3033 4512 3157 4580 quia
3205 4525 3416 4578 semper

185 4604 290 4657 aliis
314 4605 377 4658 ad
405 4604 756 4657 imitationem
790 4605 954 4666 novit,
983 4603 1092 4671 jam
1115 4621 1183 4672 qn
1208 4605 1327 4657 dem
1358 4605 1612 4674 spiritalis
1647 4606 1745 4658 rui-

183 4691 298 4747 litin:
335 4710 452 4749 esse
499 4694 754 4762 magister
790 4693 994 4763 incipit.
1052 4693 1196 4748 Bene
1240 4709 1368 4763 ergo
1404 4695 1744 4764 subjunctum

186 4793 304 4836 εειε

251 4869 290 4940 (ι
313 4871 438 4939 Reg.
468 4888 576 4937 vm,
612 4872 723 4944 19..)
768 4873 839 4926 Et
865 4876 1136 4928 constituet
1162 4873 1261 4929 sibi
1290 4874 1540 4942 tribunos,
1563 4885 1612 4929 et
1633 4891 1747 4929 cen-

187 4960 424 5014 turiones.

253 5047 304 5103 5.
346 5050 556 5134 Tribuni
578 5061 726 5116 sunt,
753 5069 874 5107 cum
900 5054 1196 5123 incipiunt:
1229 5054 1593 5120 centuriones,
1623 5069 1744 5109 cum

189 5135 236 5188 in
261 5139 474 5208 spiritali
507 5143 819 5210 magisterio
840 5145 1206 5210 perﬁciuntur.
1241 5144 1469 5209 Etenim,
1498 5154 1555 5199 ut
1580 5161 1742 5214 supe-

189 5227 293 5282 rius
319 5230 563 5298 diximus,
599 5249 628 5286 a
660 5237 972 5288 centenario
1007 5252 1228 5290 rmmero
1259 5236 1452 5291 dicitur
1479 5239 1743 5292 centurio.

189 5311 354 5372 Tribu'
379 5322 391 5374 i
411 5324 570 5377 etiam
591 5324 814 5392 intelligi
829 5334 1050 5393 possunt
1066 5327 1369 5394 spirituales
1387 5327 1504 5391 viri,
1523 5329 1747 5382 scientia

188 5405 458 5477 simplices,
490 5413 583 5467 sed
608 5428 796 5467 amore
825 5413 915 5467 Dei
937 5421 989 5466 et
1021 5414 1248 5482 proximi
1283 5414 1612 5468 inﬂammati.
1647 5415 1748 5482 Qui

190 5491 306 5550 licet
331 5502 429 5553 a'ta
477 5511 531 5556 et
577 5503 876 5571 spiritualia
915 5504 1058 5575 loqui
1107 5507 1366 5570 nesciant,
1423 5513 1598 5560 tamen
1657 5523 1752 5576 per

254 5711 277 5732 "
307 5701 484 5769 Gilot.,
535 5720 714 5757 eorum
740 5703 996 5775 adjutores
1019 5715 1166 5775 atque
1185 5713 1508 5774 cooptnlores
1533 5703 1684 5771 ﬁunt.

1846 4613 1985 4666 bene
2011 4609 2293 4676 agentibus
2321 4607 2656 4670 adversatur,
2688 4618 2908 4657 necesse
2954 4609 3037 4654 est
3079 4613 3292 4668 semper
3321 4614 3421 4652 nos

1845 4715 1909 4754 ea
1935 4713 2052 4767 quae
2071 4699 2207 4751 bene
2229 4696 2454 4763 agimus,
2481 4693 2846 4748 def-indamus.
2864 4690 3040 4755 Quare
3061 4698 3118 4742 et
3139 4689 3274 4741 bene
3299 4695 3424 4756 post

1847 4797 2085 4843 aratores
2131 4800 2404 4853 agrorum,
2456 4791 2512 4836 ει
2559 4789 2798 4850 segetum
2829 4793 3113 4840 ιιιρεείιτοε,
3145 4790 3417 4828 ιιι-ιιιοτιιιιι

1847 4876 2000 4943 fabri,
2031 4885 2085 4930 et
2129 4888 2381 4929 curruum
2425 4871 2564 4938 regis
2608 4869 2721 4922 tieri
2765 4866 3134 4936 perhibentur.
3159 4861 3337 4915 .Arma
3364 4869 3421 4914 et

1848 4983 2036 5023 currus
2076 4964 2358 5027 fabricant,
2417 4971 2476 5015 ut
2522 4961 2665 5029 ipsos
2711 4971 2869 5025 agros
2933 4969 3068 5024 quos
3116 4952 3371 5006 excolunt
3399 4989 3418 5010 .

1849 5069 2049 5123 easque
2095 5060 2304 5120 segetes
2349 5065 2483 5118 quas
2536 5055 2771 5110 metunt,
2821 5043 3132 5098 defendant.
3184 5041 3416 5096 Currum

1850 5147 2048 5218 quippe
2095 5143 2382 5206 fabricant,
2440 5148 2499 5194 ut
2545 5138 2611 5192 ad
2661 5150 2941 5190 occursum
2989 5133 3420 5187 adversariorum

1850 5236 2065 5290 veloces
2091 5242 2235 5286 smt:
2285 5246 2434 5285 arma
2458 5245 2610 5293 vero,
2643 5234 2699 5281 ut
2738 5226 2851 5280 sint‘
2872 5232 3137 5295 potentes.
3194 5221 3422 5277 Currum

1853 5325 2067 5396 quidem
2094 5321 2478 5384 conscendunt,
2504 5329 2563 5374 ut
2589 5331 2782 5385 magno
2798 5317 2999 5384 impetu
3021 5321 3195 5368 castra
3215 5312 3423 5366 (ime-

1854 5430 1979 5468 num
2029 5417 2290 5476 atteram;
2340 5417 2427 5475 et,
2469 5417 2532 5462 ut
2573 5408 2913 5476 exstinguant
2951 5418 3088 5472 quos
3134 5401 3424 5470 impetunt,

1855 5519 2001 5560 arma
2026 5509 2261 5574 portant.
2292 5499 2350 5556 In
2371 5501 2470 5556 hac
2493 5498 2689 5570 quippe
2710 5512 2898 5554 currus
2937 5493 3267 5551 sublimitate
3310 5497 3422 5546 sta-
