3962 6284
524 328 528 333 ’
564 326 669 380 1‘39

1761 312 2003 372 SANCTI
2044 308 2363 367 GREGOllll
2406 311 2614 367 MAGNI
3696 320 3781 379 illi

566 441 680 503 bat,
725 436 815 505 qui
860 433 1072 489 dicebat
1113 448 1127 486 :
1175 428 1375 485 Nostra
1420 428 1735 482 conversatio
1784 427 1835 479 in
1876 425 2016 477 cretis
2068 431 2146 473 est
2176 432 2217 480 Α
2250 431 2376 485 Stat,
2415 423 2459 476 si
2490 438 2584 489 per
2611 436 2669 474 se
2700 421 2749 473 in
2773 419 3012 488 plUtiliUS
3033 417 3313 473 distributa
3339 417 3647 474 sentiamus.
3685 420 3788 475 Ele-

568 527 788 597 (Philip.
822 540 899 590 nt,
927 522 1035 589 90).
1091 519 1240 574 Unde
1269 527 1324 573 et
1351 532 1573 572 securus
1589 516 1721 584 jam,
1775 514 1865 583 qui
1894 511 2140 581 sup-'rior

568 617 774 672 cunctis
818 614 929 668 suis
980 611 1222 666 hostibus
1270 608 1600 678 apparebat,
1649 605 1954 667 aflirmans,
2003 601 2077 654 ait
2126 618 2138 652 :

500 770 507 775 _
569 708 733 762 Nulla
763 714 997 760 creatura
1026 703 1208 773 poterit
1255 718 1350 755 nos
1378 716 1620 769 separare
1647 716 1678 750 a
1714 697 1965 749 cltaritate
1993 692 2145 745 Chri-

568 799 969 868 sti(Rom.vut,
1000 796 1112 861 59).
1171 792 1277 847 Sed
1325 794 1415 862 qui
1472 806 1687 846 currum
1736 785 2144 848 conscenderat,

568 904 716 942 arma
742 887 987 949 tenebat;
1020 883 1160 937 unde
1184 891 1238 935 et
1266 880 1514 950 exponit,
1557 879 1739 932 dicens
1773 895 1785 928 :
1836 874 1950 944 Ego
1975 882 2143 925 autem

571 979 641 1031 sic
662 993 831 1039 curro,
859 990 960 1027 non
978 973 1123 1042 quasi
1154 972 1205 1023 in
1236 973 1483 1023 incertum
1510 984 1526 1020 :
1550 969 1623 1021 sic
1654 981 1844 1036 pugno,
1869 979 1981 1016 non.
1999 961 2147 1031 quasi

569 1081 733 1118 aerem
756 1062 1044 1125 verberam,
1072 1060 1159 1113 sed
1188 1060 1382 1128 castigo
1408 1072 1590 1124 corpus
1614 1070 1798 1118 meum,
1829 1062 1877 1104 et
1906 1053 1960 1103 in
1983 1050 2145 1103 servi-

568 1164 727 1206 tutem
759 1152 931 1222 'edigo
973 1149 1027 1221 (Ι
1058 1148 1178 1203 Cor.
1211 1164 1283 1212 ιχ,
1314 1146 1402 1211 26,
1432 1145 1545 1215 27).
1600 1143 1739 1209 Quid
1792 1155 1923 1210 ergo
1958 1141 2011 1193 in
2042 1140 2147 1192 hoc

570 1258 732 1295 curru
777 1241 977 1294 rectius
1022 1238 1372 1307 exprimitur,
1422 1250 1582 1303 quam
1625 1242 1785 1287 recta:
1834 1229 2148 1285 intentionis

569 1330 902 1385 sublimitas?
953 1326 1180 1381 Currum
1232 1338 1361 1393 ergo
1388 1324 1667 1388 fabricare,
1697 1322 1853 1377 estin
1877 1321 2147 1375 mentibus

554 1420 870 1473 auditorum
893 1416 1224 1470 altitudinem
1248 1424 1413 1470 recta:
1442 1414 1757 1468 intentionis
1776 1414 2007 1480 erigere.
2041 1412 2145 1478 Qui

547 1510 709 1564 enim
740 1523 834 1576 per
855 1506 1103 1576 exempla
1132 1506 1414 1559 meliorum
1466 1503 1863 1573 prtedieatiOuis
1904 1502 2148 1556 ministe-

570 1602 704 1653 rium
748 1597 1084 1661 sortiuntur,
1139 1609 1327 1648 currus
1382 1600 1508 1663 post
1545 1592 1711 1647 aratri
1763 1600 1819 1645 et
1864 1590 2149 1645 messionis

568 1692 799 1746 studium
855 1689 1139 1754 fabricant,
1188 1686 1407 1755 quando
1454 1686 1594 1740 bene
1637 1693 1857 1753 agentes
1904 1682 2146 1736 subditos

2247 520 2362 565 ctos
2410 512 2625 578 quidem
2688 526 2779 574 per
2828 510 3083 562 virtutum
3124 510 3320 577 gradus
3367 508 3790 577 proli-.iscemes,

2246 602 2575 654 ostendimus
2624 602 2770 669 prius
2802 602 2852 653 iu
2885 601 3129 655 curribus
3178 601 3345 668 p0ui;
3378 600 3569 654 deinde
3589 602 3789 667 equites,

2247 700 2301 740 et
2367 689 2621 755 regalium
2680 690 3058 757 quadrigarum
3129 704 3495 758 prmeursnres
3553 690 3791 753 ordinari;

2250 781 2513 844 tribunos,
2556 783 2923 848 centuriones,
2972 791 3233 843 aratores,
3274 794 3330 836 et
3384 797 3644 836 messores
3683 798 3790 839 eou-

2248 869 2433 930 stiti;
2489 869 2554 920 ad
2608 880 2907 923 extremum
2967 884 3095 923 vero
3142 870 3322 925 fabros
3377 885 3644 925 armorum
3681 871 3791 927 ﬁeri.

2248 957 2351 1011 Sel
2399 961 2520 1025 quia
2551 970 2735 1013 sancta
2788 960 3026 1014 Ecclesia
3057 960 3283 1015 diversis
3328 962 3621 1015 electorum
3665 964 3795 1017 mitti-

2246 1050 2425 1103 steriis
2455 1051 2642 1111 utitur,
2694 1052 2781 1119 qui
2834 1053 2967 1119 vult,
2995 1061 3176 1121 potest
3207 1055 3505 1121 gratiarum
3530 1053 3667 1107 dona
3708 1057 3799 1109 sin-

2247 1141 2367 1207 gula
2400 1141 2678 1194 ordinibus
2706 1142 3003 1196 attt-ibttere
3024 1142 3201 1209 singul
3225 1157 3271 1207 s,
3304 1152 3363 1195 ut
3388 1157 3577 1196 eorum
3605 1158 3799 1213 quaequo

2248 1230 2357 1282 sint
2378 1232 2589 1300 propria
2614 1232 2627 1284 i
2652 1231 2734 1296 lis,
2761 1232 2851 1301 qui
2880 1247 3065 1286 eorum
3117 1232 3396 1287 ati'ectibus
3424 1233 3661 1289 strictius
3686 1235 3801 1290 inse-

2249 1330 2459 1376 runtur.

2320 1414 2372 1465 8.
2419 1414 2555 1478 Quid
2584 1428 2712 1481 ergo
2741 1422 2823 1467 est
2850 1414 2994 1482 quod
3026 1414 3240 1467 subdit:
3285 1413 3449 1467 Filias
3471 1411 3799 1470 israe'itarum

2250 1504 2648 1571 unguentarius,
2680 1513 2734 1557 et
2760 1503 3008 1565 focarias,
3064 1512 3116 1556 et
3152 1503 3406 1571 panificas
3432 1518 3557 1557 esse
3583 1503 3801 1557 futuras?

2249 1592 2354 1644 Sed
2383 1592 2609 1644 liliarum
2641 1591 3005 1659 appellatione
3034 1590 3324 1659 aliquando
3378 1592 3679 1658 infirmitas,
3719 1592 3801 1645 ali-

2250 1681 2465 1748 quando
2486 1682 2780 1734 fecunditas
2804 1679 3128 1747 designatur.
3163 1679 3293 1746 Quse
3315 1695 3447 1749 ergo
3476 1681 3803 1735 lsraelitarum

570 1784 783 1843 docent,
845 1788 901 1833 ut
937 1794 998 1833 es
1032 1777 1282 1832 omnibus
1303 1776 1556 1845 operibus
1584 1776 1760 1840 bonis,
1810 1788 1930 1841 qua:
1955 1780 2141 1840 agunt,
2180 1780 2226 1839 Β
2254 1771 2391 1831 tiliae,
2426 1770 2525 1823 nisi
2551 1780 2756 1824 mentes
2783 1771 2968 1823 electte
3012 1778 3157 1834 sunt,
3209 1770 3274 1823 ad
3327 1771 3492 1824 divini
3526 1771 3669 1824 verbi
3690 1787 3802 1826 con-

568 1874 680 1927 sola
710 1880 907 1924 aeterna
935 1867 1302 1923 retributionis
1325 1867 1545 1935 prtemia
1580 1856 1980 1935 praestolamur.
2017 1863 2148 1917 Ter-

570 1976 699 2015 rena
724 1959 941 2027 quidem
969 1958 1268 2026 despicere,
1300 1956 1443 2009 nulla
1480 1956 1788 2010 transitoria
1817 1955 2144 2019 desiderare,

548 2056 766 2100 aeterna
792 2046 1033 2114 diligere,
1062 2053 1223 2114 atque
1252 2044 1317 2098 ad
1348 2045 1435 2098 illa
1464 2044 1672 2113 magnis
1699 2043 1978 2099 desideriis
1999 2044 2150 2098 festi-

575 2152 724 2200 nate,
750 2137 861 2205 jam
905 2136 1119 2204 quidem
1162 2136 1374 2189 sublimi
1409 2135 1895 2205 curruipratsidere
1924 2143 2025 2189 est.
2076 2134 2151 2189 De

575 2226 767 2293 quibus
812 2226 1062 2278 nimirum
1104 2224 1348 2301 curribus
1398 2238 1494 2292 per
1524 2222 1862 2278 Psalmistam
1902 2224 2145 2278 dicitur:

570 2316 761 2369 Curras
811 2316 902 2368 Dei
949 2316 1123 2369 decem
1152 2315 1373 2368 millibus
1411 2316 1704 2385 multiplex,
1745 2316 1909 2368 millia
1958 2317 2151 2369 laetan-

566 2410 714 2469 tium,
765 2407 1017 2460 Dominus
1061 2406 1116 2457 in
1160 2405 1267 2459 illis
1313 2405 1543 2458 ascendit
1587 2404 1761 2475 (Psal.
1810 2422 1971 2469 van,
2029 2404 2140 2474 18).

574 2498 734 2550 Arma
761 2513 891 2550 vero
920 2512 1128 2562 comm,
1158 2505 1287 2551 sunt
1314 2508 1469 2550 acuta
1499 2497 1741 2563 consilia,
1775 2498 1969 2567 quibus
2001 2506 2151 2552 tanto

554 2586 800 2640 validius
830 2586 1012 2639 hostes
1044 2585 1260 2649 feriunt,
1302 2593 1506 2654 quanto
1534 2586 1761 2642 celerius
1788 2602 1976 2641 eorum
2008 2598 2154 2642 astu-

548 2676 679 2729 stias
707 2676 1134 2745 deprehendunt.
1163 2673 1314 2729 Unde
1334 2682 1389 2729 et
1412 2676 1565 2745 quasi
1588 2684 1826 2730 armatus
1852 2676 1940 2729 ille
1960 2686 2153 2745 potens

549 2763 930 2831 .loquebatur:
964 2761 1087 2816 Non
1114 2764 1413 2833 ignoramus
1442 2764 1555 2832 ejus
1580 2764 1798 2816 astutias
1835 2762 1925 2831 (II
1948 2752 2157 2831 Contr,

550 2853 685 2921 «11).
721 2852 881 2905 Arma
910 2852 1073 2905 etiam
1104 2852 1419 2918 fabricabat,
1458 2868 1581 2906 cum
1623 2853 1879 2908 dicebat:
1926 2853 1994 2907 Et
2032 2872 2150 2908 scu-

542 2952 677 2995 .~tum
706 2942 850 3012 ﬁdei,
906 2943 959 2994 in
981 2958 1077 3012 quo
1104 2942 1311 3010 possitis
1337 2943 1510 2995 omnia
1547 2942 1649 2995 tela
1675 2944 1972 3011 nequissinti
2000 2945 2152 3014 ignea

544 3071 555 3077 «ν
570 3033 912 3102 exstinguere,
962 3040 1011 3084 et
1056 3032 1256 3101 galeam
1309 3032 1493 3084 salutis
1542 3032 1807 3098 assumite,
1850 3043 1899 3085 et
1920 3034 2151 3103 gladium

548 3121 800 3190 spiritus,
833 3120 967 3190 quod
993 3129 1068 3173 est
1089 3119 1297 3174 verbum
1326 3118 1423 3174 Dei
1464 3119 1680 3190 (Ep/tes.
1705 3137 1776 3187 γι,
1811 3122 1896 3186 16,
1927 3123 2039 3192 17).
2092 3123 2149 3177 lu

575 3212 678 3265 illis
697 3211 912 3279 quidem
944 3210 1211 3274 curribus,
1246 3218 1300 3263 et
1329 3211 1493 3264 armis
1541 3211 1702 3279 positi
1728 3212 1906 3275 electi,
1938 3214 2152 3267 veloces

548 3342 552 3345 Α
577 3308 736 3367 atque
757 3308 1002 3368 potentes
1031 3309 1172 3353 sunt.
1208 3298 1432 3353 Veloces
1461 3299 1677 3368 quidem
1704 3317 1716 3352 :
1741 3301 1867 3368 quia
1896 3301 2021 3355 dum
2046 3302 2154 3371 spi-

579 3390 788 3443 ritualia
819 3390 1062 3456 cupiunt,
1098 3389 1362 3456 nequitias
1414 3390 1722 3460 spirituales
1768 3393 1821 3444 in
1878 3402 2153 3448 momento

579 3478 1007 3546 deprehendunt.
1044 3476 1296 3532 Potentes
1322 3494 1451 3533 vero
1480 3487 1634 3533 sunt:
1660 3480 1784 3549 quia
1813 3480 1939 3534 dum
1963 3483 2155 3536 arden-

581 3568 686 3621 tius
713 3582 919 3621 sunnna
969 3566 1295 3634 desiderant,
1330 3568 1587 3637 quidquid
1616 3569 1694 3624 eis
1733 3570 1801 3623 de
1829 3570 1937 3624 imo
1974 3573 2152 3627 satculi

580 3674 765 3713 amore
792 3658 1109 3726 suggeritur,
1134 3673 1231 3726 pro
1256 3658 1401 3712 nullo
1424 3667 1681 3727 pensant:
1703 3668 1759 3713 et
1786 3661 1938 3728 quasi
1967 3677 2156 3717 currus

577 3750 717 3804 vecti
766 3748 1023 3818 pondere,
1059 3748 1110 3800 in
1143 3747 1324 3801 hostes
1354 3762 1601 3816 magnum
1649 3750 1904 3819 impemn
1935 3751 2154 3815 habent,

578 3838 667 3905 qui
699 3840 897 3891 sanctis
919 3838 1222 3902 virtutibus,
1258 3845 1313 3892 et
1340 3840 1512 3892 acutis
1549 3841 1786 3894 consiliis
1838 3842 2004 3910 pleni,
2033 3851 2154 3895 teu-

580 3938 815 3981 lamenta
843 3927 1041 3991 omnia,
1094 3942 1213 3994 qua:
1261 3927 1595 3997 ingeruntur,
1654 3931 1705 3983 in
1760 3941 2032 3986 momento
2064 3932 2157 3986 de-

575 4026 807 4071 struunt.
839 4017 947 4071 Nec
976 4026 1131 4070 vacat
1160 4018 1227 4071 ab
1259 4019 1360 4071 isto
1391 4034 1573 4084 sensu,
1603 4021 1745 4088 quod
1767 4038 1974 4085 currus,
2027 4023 2154 4076 dum

573 4127 675 4178 per
702 4118 899 4163 terram
919 4110 1171 4173 volvitur,
1220 4120 1277 4164 et
1307 4111 1610 4165 inferiorem
1644 4122 1850 4181 partem
1878 4115 2020 4169 levat
2040 4132 2158 4170 sur-

568 4216 720 4262 sum,
751 4210 805 4253 et
827 4202 1157 4269 superiorem
1188 4202 1437 4269 deprimit
1465 4202 1735 4256 deorsum.
1794 4204 1883 4258 Sic
1908 4206 2157 4259 nimirum

584 4297 641 4344 et
661 4299 965 4343 sanctorum
1001 4291 1233 4343 virorum
1261 4299 1406 4345 recta
1440 4293 1687 4359 intentio,
1735 4294 1860 4348 dum
1892 4295 1962 4350 de
1990 4305 2159 4351 terre-

578 4384 683 4447 nis,
712 4398 830 4451 quae
851 4392 980 4449 agt,
999 4383 1235 4438 cmlcstia
1262 4392 1558 4452 exspectat,
1575 4386 1722 4439 velut
1744 4397 1971 4454 partem,
1997 4403 2157 4456 quam

2182 3174 2229 3213 υ

2248 1870 2463 1931 ceptum
2496 1863 2838 1930 prcharatre?
2885 1861 3014 1927 Quae
3059 1862 3201 1929 regis
3251 1863 3619 1930 unguentarize
3656 1862 3799 1916 fiunt:

2251 1955 2375 2023 quia
2424 1953 2551 2006 dum
2611 1954 2973 2021 prmdica‘loris
3018 1954 3103 2006 sui
3153 1954 3489 2007 institutione
3526 1954 3801 2021 proficiunt,

2252 2045 2304 2097 in
2327 2059 2384 2098 se
2406 2044 2766 2097 abundantem
2794 2038 3019 2111 gratiam
3046 2044 3274 2114 Spiritus
3303 2045 3479 2097 sancti
3512 2044 3806 2113 percipiunt,

2251 2151 2349 2204 per
2369 2151 2528 2204 quam
2571 2151 2656 2189 me
2679 2138 2772 2189 lcri
2828 2136 3074 2190 contritis
3105 2135 3363 2190 cordibus
3388 2135 3677 2189 salubriter
3702 2151 3805 2204 po:-

2251 2238 2393 2283 sunt.
2427 2230 2660 2283 Focarize
2692 2230 2858 2283 etiam
2895 2230 3027 2283 liunt
3059 2246 3072 2281 :
3121 2229 3243 2298 quia
3270 2228 3397 2281 dum
3426 2227 3639 2281 ferrove
3664 2228 3807 2279 saluti

2252 2318 2481 2388 Spiritus
2506 2320 2675 2390 plenae
2697 2328 2841 2382 sunt,
2868 2318 3117 2387 exemplo
3146 2333 3245 2373 suo
3277 2331 3645 2387 proximorum
3671 2316 3806 2368 corda

2248 2408 2307 2461 in
2343 2424 2579 2461 amorem
2634 2407 2947 2462 Conditoris
2996 2408 3314 2462 accendunt.
3379 2404 3627 2460 Ρωιὶίίοω
3676 2406 3806 2470 tiuut,

2254 2500 2465 2567 quando
2489 2499 2690 2552 electas
2730 2507 2941 2552 mentes
2966 2499 3118 2551 verbi
3148 2498 3239 2551 Dei
3271 2497 3532 2551 alimento
3567 2497 3802 2551 relit-iuut.

2259 2586 2629 2655 Unguentar'ue
2648 2602 2778 2654 ergo
2817 2586 2948 2640 fiunt
2978 2588 3118 2645 tiliae.
3144 2587 3359 2655 quando
3382 2587 3604 2643 vulnera
3633 2602 3803 2656 pecca-

2256 2683 2431 2727 torum
2453 2684 2659 2729 curant.
2716 2675 2977 2741 Focaritc,
3018 2677 3231 2745 quando
3273 2684 3496 2743 purgata
3522 2690 3552 2728 a
3595 2675 3807 2729 sordibus

2255 2780 2598 2837 peccatorum
2635 2770 2820 2835 corda,
2849 2770 2917 2823 ad
2947 2769 3180 2823 studium
3212 2769 3338 2823 boni
3370 2770 3555 2838 operis
3583 2771 3803 2837 esentplu

2256 2880 2367 2917 sum
2394 2865 2601 2917 virtutis
2626 2862 2976 2916 inllrtrtttnant.
3002 2862 3256 2918 Panilicze
3284 2878 3413 2917 vero
3442 2871 3592 2924 sunt,
3624 2866 3806 2930 quando

2256 2951 2657 3021 prolicieutibus
2707 2968 2801 3021 per
2839 2952 3110 3021 exempla,
3158 2966 3265 3005 non
3290 2950 3401 3018 jam
3432 2950 3675 3020 exempla
3703 2966 3805 3018 pro-

2262 3053 2482 3113 ponunt,
2512 3044 2604 3098 sed
2630 3044 2756 3096 alae
2797 3044 3032 3098 scit-alim
3055 3043 3218 3096 verba
3246 3040 3556 3111 proferunt;
3611 3051 3665 3095 ut
3688 3040 3807 3093 velut

2260 3135 2435 3189 solido
2482 3135 2603 3189 cibo
2632 3150 2697 3203 pa
2732 3135 2789 3197 ti,
2847 3143 2997 3187 tanto
3026 3132 3218 3187 fortius
3244 3144 3426 3200 agant,
3470 3143 3675 3201 quarto
3721 3131 3808 3199 jam

2259 3224 2572 3292 spiritaliter
2619 3224 2882 3291 illzll‘UCli,
2930 3222 3224 3278 ferventius
3265 3232 3467 3277 asterna
3508 3222 3805 3277 desiderant.

2258 3314 2514 3383 Sequitur
2545 3333 2559 3367 :

2330 3404 2507 3473 (Vers.
2539 3404 2651 3475 14.)
2682 3406 2848 3476 Agros
2875 3424 3071 3479 quoque
3097 3418 3289 3462 vestros
3308 3450 3321 3476 ,
3360 3408 3557 3472 uineas,
3583 3418 3631 3461 et
3653 3406 3811 3460 oliveta

2258 3496 2451 3564 optima
2476 3496 2632 3562 tollet,
2662 3508 2711 3550 et
2736 3498 2878 3552 dabit
2904 3499 3060 3553 servis
3081 3501 3206 3553 suis.

2331 3584 2382 3638 9.
2439 3585 2663 3651 Quinam
2712 3597 2835 3643 sunt
2889 3589 3021 3657 agri,
3077 3605 3193 3658 qua:
3225 3590 3413 3652 vineas,
3462 3604 3583 3658 qua:
3614 3588 3806 3647 oliveta,

2262 3693 2379 3749 qua:
2407 3678 2527 3746 jure
2554 3681 2897 3748 prmlatorum
2928 3683 3085 3736 nobis
3114 3682 3472 3736 auferuntur?
3520 3680 3625 3735 Sed
3657 3678 3813 3748 pracdi-

2261 3784 2475 3827 catores
2502 3772 2693 3836 sancti,
2724 3773 2949 3841 quando
2972 3773 3037 3825 ad
3066 3774 3463 3843 correptionem
3492 3782 3811 3842 peccatorum

2262 3861 2584 3928 loquuntur,
2656 3860 3040 3914 delectationes
3091 3861 3306 3921 carnis,
3376 3857 3816 3927 concupiscentias

2264 3949 2480 4013 mentis,
2502 3948 2870 4001 simulationes
2890 3949 3153 4001 bonorum
3176 3963 3398 4017 Operum
3418 3947 3815 4016 reprehendunt.

2263 4039 2393 4092 Nam
2424 4039 2466 4092 si
2497 4039 2673 4092 carnis
2697 4039 3080 4093 delectationes
3122 4040 3314 4109 iniqua:
3345 4040 3701 4108 possessionis
3723 4038 3817 4103 agri

2264 4148 2371 4185 non
2401 4140 2599 4195 essent,
2648 4131 2938 4199 Apostolus
2966 4148 3303 4200 nequaquam
3335 4132 3542 4186 diceret
3573 4149 3585 4183 :
3624 4132 3717 4196 Qui
3749 4144 3820 4181 se-

2263 4223 2423 4274 minat
2448 4223 2499 4274 in
2529 4236 2700 4286 carne,
2734 4222 2795 4273 de
2817 4238 2971 4274 carne
2993 4230 3139 4274 metet
3170 4222 3551 4288 corruptionem
3598 4218 3732 4290 (Cal.
3761 4232 3819 4276 \t.

2264 4313 2339 4380 8).
2390 4312 2444 4366 lu
2470 4328 2630 4367 carne
2653 4313 2852 4381 quippe
2882 4313 3178 4378 :eminare,
3211 4321 3291 4366 est
3320 4328 3521 4380 pr0pos
3545 4320 3657 4365 tum
3686 4324 3818 4363 mcu-

2266 4404 2332 4455 tis
2353 4406 2580 4456 obruere
2628 4402 2679 4455 iu
2728 4402 3111 4456 delectationes
3136 4401 3397 4470 corporis.
3450 4400 3553 4465 Qui
3604 4397 3823 4467 profecto

579 4489 677 4544 per
706 4480 902 4528 terrain
926 4473 1117 4541 trahit,
1147 4474 1211 4527 al
1242 4490 1447 4529 summa
1478 4476 1673 4545 dirigit.
1720 4476 1793 4531 Et
1819 4480 1945 4546 quia
1971 4494 2029 4535 se
2052 4490 2152 4535 tam

2269 4492 2669 4559 corruptionem
2700 4490 2764 4543 de
2794 4505 2955 4544 carne
2986 4498 3192 4542 metunt
3241 4506 3251 4540 :
3287 4490 3413 4555 quia
3461 4489 3513 4540 in
3545 4488 3823 4541 electorum

580 4566 650 4619 de
678 4568 820 4620 bono
846 4581 1030 4635 opere,
1060 4582 1217 4636 quam
1241 4568 1307 4622 de
1336 4571 1738 4637 exspectatione
1760 4582 1974 4628 teternte
1998 4577 2155 4630 retri-

577 4658 813 4711 butionis
846 4657 1000 4727 195
1030 4657 1080 4710 iu
1105 4670 1399 4727 conspectu
1426 4659 1733 4718 Conditoris
1769 4662 2034 4734 humiliat,
2071 4682 2161 4722 ve-

576 4747 657 4801 lut
684 4746 751 4801 ad
796 4756 989 4801 terram
1021 4751 1210 4817 mergit
1259 4758 1487 4820 partem,
1534 4766 1695 4821 quam
1735 4771 1948 4810 sursum
1996 4758 2160 4812 levat.

576 4838 634 4894 in
660 4841 797 4895 rotis
822 4842 1020 4911 quippe
1058 4843 1167 4896 suis
1191 4857 1380 4898 currus
1409 4853 1594 4900 noster
1626 4847 1957 4903 incessanter
1987 4850 2157 4904 volvi-

583 4938 689 4993 tur,
722 4930 767 4983 si
796 4930 860 4983 de
891 4931 1033 5003 bono
1058 4947 1222 5000 opere
1260 4947 1473 5002 semper
1500 4945 1699 4989 acterna
1724 4936 2070 5005 intendimus,
2094 4948 2158 4994 'et

580 5017 649 5072 de
675 5018 818 5072 omni
845 5020 1117 5087 profectus
1142 5022 1311 5076 nostri
1339 5024 1621 5078 altitudine
1657 5024 1888 5081 humiles
1914 5042 2034 5083 esse
2060 5043 2156 5083 eu-

578 5122 782 5162 ramus.
800 5106 937 5174 Qua:
958 5110 1196 5178 profecto
1222 5128 1391 5179 arma,
1415 5124 1467 5167 et
1487 5128 1674 5170 currus
1700 5126 1825 5171 tunc
1854 5126 1976 5172 sunt
1998 5122 2157 5188 regis,

576 5214 704 5252 cum
725 5213 763 5251 'a
814 5199 1216 5268 praedicatorum
1245 5214 1445 5257 sancta:
1477 5204 1730 5259 Ecclesia:
1760 5206 1939 5261 forma
1977 5219 2034 5264 et
2059 5211 2158 5265 do-

580 5292 751 5346 ctrina
782 5293 1089 5362 discrepare
1118 5296 1335 5349 minime
1385 5296 1653 5350 videntur.
1707 5297 1910 5354 Cumis
1938 5314 2067 5368 ergo
2107 5312 2163 5356 et

576 5398 731 5439 arma
763 5387 920 5441 electi
950 5388 1324 5456 pnelicatores
1355 5388 1632 5451 fabricant.
1657 5392 1871 5458 quando
1891 5395 2164 5449 auditores

580 5490 711 5529 sitos
739 5476 804 5528 ad
834 5492 1119 5545 supernam
1136 5478 1360 5546 patriam
1393 5466 1645 5533 festinare
1670 5482 1886 5548 docent,
1910 5491 1966 5536 et
1991 5484 2165 5537 inten—

588 5564 745 5617 tionis
798 5565 1116 5620 rrctitudine
1171 5574 1227 5621 et
1279 5568 1576 5622 tnunitione
1612 5570 1842 5624 virtutis.
1907 5571 2011 5625 Sed
2050 5575 2163 5627 haec

584 5653 784 5718 omnia,
818 5669 937 5723 quin
968 5655 1020 5709 in
1051 5656 1292 5725 proiectu
1324 5657 1481 5711 unius
1504 5659 1855 5725 ostendimus,
1894 5662 2023 5715 nihil
2062 5664 2159 5717 ob-

2270 4582 2661 4636 resurrettione
2716 4581 3125 4633 reuovationem
3164 4588 3378 4632 auertite
3428 4574 3825 4645 incoiruptiouis

2271 4687 2605 4740 nequaquam
2628 4671 2910 4738 recipiunt.
2939 4668 3223 4722 Vinearum
3244 4680 3460 4735 quoque
3486 4663 3829 4734 appellatione

2271 4762 2465 4815 tuentis
2493 4760 2940 4828 concupiscentiae
2962 4767 3109 4813 recte
3138 4759 3469 4825 ﬁgurantur:
3504 4756 3629 4823 quia
3658 4768 3831 4821 repro-

2270 4851 2461 4906 horum
2516 4850 2677 4904 corda
2724 4848 3007 4912 iuebriant,
3067 4855 3121 4901 et
3168 4862 3197 4899 a
3240 4845 3550 4912 cognitione
3605 4839 3833 4896 veritatis

2270 4944 2527 4997 alienant.
2584 4940 2751 5009 Hujus
2802 4941 2976 4993 vinea:
3029 4938 3233 4992 fruetus
3272 4938 3582 5005 vituperans
3614 4933 3831 5001 Moyses,

2269 5035 2344 5087 ait
2374 5052 2387 5086 :
2435 5032 2519 5085 Et:
2544 5033 2688 5085 vinea
2720 5029 3085 5092 Sodomorum,
3111 5029 3257 5081 vinea
3277 5041 3471 5087 eorum,
3515 5033 3563 5077 et
3590 5023 3655 5075 de
3674 5018 3834 5074 subur-

2268 5124 2414 5176 banis
2467 5120 2806 5174 Contorrltaz:
2854 5135 2952 5171 uva
3007 5133 3215 5180 eorum,
3266 5132 3362 5169 uva
3394 5115 3550 5185 fellis,
3603 5124 3654 5166 et
3682 5111 3833 5165 botnu

2269 5211 2621 5263 amarssimus
2680 5208 2869 5278 (Deut.
2925 5223 3114 5274 XXXII,
3170 5206 3298 5277 52).
3352 5203 3433 5258 Ex
3484 5204 3831 5259 Sodomorum

2265 5305 2461 5372 quippe
2484 5303 2638 5356 vinea
2669 5303 2855 5363 vitem,
2887 5315 2953 5356 ex
2973 5298 3273 5355 Gomorrba
3304 5299 3450 5355 ducit
3471 5298 3831 5369 propaginem.

2266 5396 2354 5460 qui
2407 5393 2805 5449 nefandissimis
2852 5394 3304 5463 concupiscentiis
3351 5401 3587 5446 mentem
3651 5388 3831 5457 replet.

2273 5484 2431 5553 196
2450 5480 2612 5548 Quasi
2641 5482 2783 5536 enim
2807 5483 3019 5536 vineam
3050 5482 3195 5545 facit,
3222 5483 3312 5552 qui
3344 5482 3465 5535 inde
3492 5494 3695 5534 :rterna
3721 5475 3837 5531 obl-

2268 5578 2506 5642 viscilttr,
2536 5573 2675 5628 unde
2696 5582 2753 5627 et
2777 5589 2870 5643 per
2912 5576 3379 5644 eoucupisceutias
3423 5573 3740 5632 debrialur;
3789 5574 3835 5618 et

2266 5667 2357 5735 qui
2387 5682 2446 5721 se
2474 5667 2625 5734 quasi
2668 5666 2766 5721 sub
2794 5667 2982 5722 umbra
3013 5667 3206 5735 vinem,
3247 5675 3300 5720 et
3323 5665 3637 5721 ammnitate
3679 5672 3835 5733 prava
