  <div class='ocr_page' id='page_1' title='image "/cluster/home/n/w/nwhite01/storage/ocr_20150623/79/uva.x000827091/130.png"; bbox 0 0 3962 6270; ppageno 0'>
   <div class='ocr_carea' id='block_1_1' title="bbox 165 298 266 354">
    <p class='ocr_par' dir='ltr' id='par_1_1' title="bbox 165 298 266 354">
     <span class='ocr_line' id='line_1_1' title="bbox 165 298 266 354; baseline 0.069 -7"><span class='ocrx_word' id='word_1_1' title='bbox 165 298 266 354; x_wconf 65' lang='lat' dir='ltr'><strong>et!</strong></span> 
     </span>
    </p>
   </div>
   <div class='ocr_carea' id='block_1_2' title="bbox 988 290 2594 356">
    <p class='ocr_par' dir='ltr' id='par_1_2' title="bbox 988 290 2594 356">
     <span class='ocr_line' id='line_1_2' title="bbox 988 290 2594 356; baseline 0.005 -8"><span class='ocrx_word' id='word_1_2' title='bbox 988 293 1051 348; x_wconf 74' lang='lat' dir='ltr'><strong>IN</strong></span> <span class='ocrx_word' id='word_1_3' title='bbox 1092 291 1348 349; x_wconf 72' lang='lat' dir='ltr'><strong>PRIMUM</strong></span> <span class='ocrx_word' id='word_1_4' title='bbox 1393 290 1628 350; x_wconf 74' lang='lat' dir='ltr'><strong>REGUM</strong></span> <span class='ocrx_word' id='word_1_5' title='bbox 1673 291 2192 354; x_wconf 53' lang='lat' dir='ltr'><strong>EX‘POSITIONES.</strong></span> <span class='ocrx_word' id='word_1_6' title='bbox 2231 327 2299 340; x_wconf 92' lang='lat'><em>—</em></span> <span class='ocrx_word' id='word_1_7' title='bbox 2339 299 2465 354; x_wconf 83' lang='lat' dir='ltr'><strong>LIB.</strong></span> <span class='ocrx_word' id='word_1_8' title='bbox 2513 300 2594 356; x_wconf 74' lang='lat' dir='ltr'><strong>IV.</strong></span> 
     </span>
    </p>
   </div>
   <div class='ocr_carea' id='block_1_3' title="bbox 3322 312 3452 366">
    <p class='ocr_par' dir='ltr' id='par_1_3' title="bbox 3322 312 3452 366">
     <span class='ocr_line' id='line_1_3' title="bbox 3322 312 3452 366; baseline 0.008 -1"><span class='ocrx_word' id='word_1_9' title='bbox 3322 312 3452 366; x_wconf 61' lang='lat' dir='ltr'><strong>eis</strong></span> 
     </span>
    </p>
   </div>
   <div class='ocr_carea' id='block_1_4' title="bbox 156 403 3421 491">
    <p class='ocr_par' dir='ltr' id='par_1_4' title="bbox 156 403 3421 491">
     <span class='ocr_line' id='line_1_4' title="bbox 156 403 3421 491; baseline 0.005 -29"><span class='ocrx_word' id='word_1_10' title='bbox 156 407 540 465; x_wconf 61' lang='lat' dir='ltr'><strong>«leirctatioids</strong></span> <span class='ocrx_word' id='word_1_11' title='bbox 563 406 865 476; x_wconf 81' lang='lat' dir='ltr'><strong>refrigerat,</strong></span> <span class='ocrx_word' id='word_1_12' title='bbox 897 407 1080 458; x_wconf 80' lang='lat' dir='ltr'><strong>n-tcrni</strong></span> <span class='ocrx_word' id='word_1_13' title='bbox 1123 406 1223 459; x_wconf 88' lang='lat' dir='ltr'><strong>sibi</strong></span> <span class='ocrx_word' id='word_1_14' title='bbox 1255 404 1484 460; x_wconf 83' lang='lat' dir='ltr'><strong>incendii</strong></span> <span class='ocrx_word' id='word_1_15' title='bbox 1516 405 1738 460; x_wconf 86' lang='lat' dir='ltr'><strong>retribu-</strong></span> <span class='ocrx_word' id='word_1_16' title='bbox 1779 403 1826 462; x_wconf 77' lang='grc' dir='ltr'>Α</span> <span class='ocrx_word' id='word_1_17' title='bbox 1857 412 1938 460; x_wconf 89' lang='lat' dir='ltr'><strong>ter</strong></span> <span class='ocrx_word' id='word_1_18' title='bbox 1966 406 2158 462; x_wconf 91' lang='lat' dir='ltr'><strong>infudit</strong></span> <span class='ocrx_word' id='word_1_19' title='bbox 2185 409 2404 480; x_wconf 83' lang='lat' dir='ltr'><strong>(Co/oss.</strong></span> <span class='ocrx_word' id='word_1_20' title='bbox 2430 429 2466 476; x_wconf 90' lang='grc' dir='ltr'>ι,</span> <span class='ocrx_word' id='word_1_21' title='bbox 2502 412 2612 482; x_wconf 82' lang='lat' dir='ltr'><strong>l9).</strong></span> <span class='ocrx_word' id='word_1_22' title='bbox 2662 414 2770 470; x_wconf 86' lang='lat' dir='ltr'><strong>Nos</strong></span> <span class='ocrx_word' id='word_1_23' title='bbox 2806 425 3009 484; x_wconf 89' lang='lat' dir='ltr'><strong>autem,</strong></span> <span class='ocrx_word' id='word_1_24' title='bbox 3039 421 3162 487; x_wconf 87' lang='lat' dir='ltr'><strong>quia</strong></span> <span class='ocrx_word' id='word_1_25' title='bbox 3194 421 3263 476; x_wconf 89' lang='lat' dir='ltr'><strong>de</strong></span> <span class='ocrx_word' id='word_1_26' title='bbox 3309 425 3421 491; x_wconf 55' lang='lat' dir='ltr'><strong>ple»</strong></span> 
     </span>
    </p>
   </div>
   <div class='ocr_carea' id='block_1_5' title="bbox 150 493 1743 568">
    <p class='ocr_par' dir='ltr' id='par_1_5' title="bbox 150 493 1743 568">
     <span class='ocr_line' id='line_1_5' title="bbox 150 493 1743 568; baseline -0.005 -14"><span class='ocrx_word' id='word_1_27' title='bbox 150 503 362 554; x_wconf 87' lang='lat' dir='ltr'><strong>tionem</strong></span> <span class='ocrx_word' id='word_1_28' title='bbox 407 507 581 568; x_wconf 89' lang='lat' dir='ltr'><strong>parat.</strong></span> <span class='ocrx_word' id='word_1_29' title='bbox 611 495 763 552; x_wconf 83' lang='lat' dir='ltr'><strong>Unde</strong></span> <span class='ocrx_word' id='word_1_30' title='bbox 791 505 916 564; x_wconf 89' lang='lat' dir='ltr'><strong>apte</strong></span> <span class='ocrx_word' id='word_1_31' title='bbox 941 495 1098 550; x_wconf 89' lang='lat' dir='ltr'><strong>nimis</strong></span> <span class='ocrx_word' id='word_1_32' title='bbox 1127 495 1363 563; x_wconf 80' lang='lat' dir='ltr'><strong>ejusdem</strong></span> <span class='ocrx_word' id='word_1_33' title='bbox 1411 497 1582 548; x_wconf 83' lang='lat' dir='ltr'><strong>vineae</strong></span> <span class='ocrx_word' id='word_1_34' title='bbox 1630 493 1743 547; x_wconf 88' lang='lat' dir='ltr'><strong>fru-</strong></span> 
     </span>
    </p>
   </div>
   <div class='ocr_carea' id='block_1_6' title="bbox 145 583 1744 656">
    <p class='ocr_par' dir='ltr' id='par_1_6' title="bbox 145 583 1744 656">
     <span class='ocr_line' id='line_1_6' title="bbox 145 583 1744 656; baseline 0 -18"><span class='ocrx_word' id='word_1_35' title='bbox 145 600 276 643; x_wconf 68' lang='lat' dir='ltr'><strong>ctus</strong></span> <span class='ocrx_word' id='word_1_36' title='bbox 307 603 614 656; x_wconf 73' lang='lat' dir='ltr'><strong>exponens,</strong></span> <span class='ocrx_word' id='word_1_37' title='bbox 645 602 803 640; x_wconf 65' lang='lat' dir='ltr'><strong>uva&#39;n</strong></span> <span class='ocrx_word' id='word_1_38' title='bbox 833 586 987 649; x_wconf 84' lang='lat' dir='ltr'><strong>fellis,</strong></span> <span class='ocrx_word' id='word_1_39' title='bbox 1047 594 1102 639; x_wconf 93' lang='lat' dir='ltr'><strong>et</strong></span> <span class='ocrx_word' id='word_1_40' title='bbox 1137 587 1348 638; x_wconf 86' lang='lat' dir='ltr'><strong>botrum</strong></span> <span class='ocrx_word' id='word_1_41' title='bbox 1374 583 1744 638; x_wconf 80' lang='lat' dir='ltr'><strong>amaritudinis</strong></span> 
     </span>
    </p>
   </div>
   <div class='ocr_carea' id='block_1_7' title="bbox 142 676 1741 746">
    <p class='ocr_par' dir='ltr' id='par_1_7' title="bbox 142 676 1741 746">
     <span class='ocr_line' id='line_1_7' title="bbox 142 676 1741 746; baseline 0 -18"><span class='ocrx_word' id='word_1_42' title='bbox 142 679 314 734; x_wconf 77' lang='lat' dir='ltr'><strong>dixit.</strong></span> <span class='ocrx_word' id='word_1_43' title='bbox 349 677 462 732; x_wconf 86' lang='lat' dir='ltr'><strong>Uva</strong></span> <span class='ocrx_word' id='word_1_44' title='bbox 485 677 684 746; x_wconf 80' lang='lat' dir='ltr'><strong>quippe</strong></span> <span class='ocrx_word' id='word_1_45' title='bbox 727 677 778 730; x_wconf 91' lang='lat' dir='ltr'><strong>in</strong></span> <span class='ocrx_word' id='word_1_46' title='bbox 820 678 935 729; x_wconf 88' lang='lat' dir='ltr'><strong>visu</strong></span> <span class='ocrx_word' id='word_1_47' title='bbox 963 685 1067 743; x_wconf 86' lang='lat' dir='ltr'><strong>est,</strong></span> <span class='ocrx_word' id='word_1_48' title='bbox 1117 676 1182 728; x_wconf 87' lang='lat' dir='ltr'><strong>fel</strong></span> <span class='ocrx_word' id='word_1_49' title='bbox 1215 676 1265 728; x_wconf 93' lang='lat' dir='ltr'><strong>in</strong></span> <span class='ocrx_word' id='word_1_50' title='bbox 1296 691 1526 744; x_wconf 86' lang='lat' dir='ltr'><strong>sapore:</strong></span> <span class='ocrx_word' id='word_1_51' title='bbox 1571 676 1741 728; x_wconf 62' lang='lat' dir='ltr'><strong>visum</strong></span> 
     </span>
    </p>
   </div>
   <div class='ocr_carea' id='block_1_8' title="bbox 139 765 1741 835">
    <p class='ocr_par' dir='ltr' id='par_1_8' title="bbox 139 765 1741 835">
     <span class='ocr_line' id='line_1_8' title="bbox 139 765 1741 835; baseline 0.001 -17"><span class='ocrx_word' id='word_1_52' title='bbox 139 767 232 822; x_wconf 82' lang='lat' dir='ltr'><strong>obl</strong></span> <span class='ocrx_word' id='word_1_53' title='bbox 251 776 461 828; x_wconf 82' lang='lat' dir='ltr'><strong>ectans,</strong></span> <span class='ocrx_word' id='word_1_54' title='bbox 483 775 695 830; x_wconf 75' lang='lat' dir='ltr'><strong>gustum</strong></span> <span class='ocrx_word' id='word_1_55' title='bbox 718 767 1044 828; x_wconf 74' lang='lat' dir='ltr'><strong>amaiieans;</strong></span> <span class='ocrx_word' id='word_1_56' title='bbox 1076 767 1199 835; x_wconf 83' lang='lat' dir='ltr'><strong>quia</strong></span> <span class='ocrx_word' id='word_1_57' title='bbox 1227 766 1472 822; x_wconf 76' lang='lat' dir='ltr'><strong>nimirum</strong></span> <span class='ocrx_word' id='word_1_58' title='bbox 1500 765 1741 834; x_wconf 64' lang='lat' dir='ltr'><strong>reprobat:</strong></span> 
     </span>
    </p>
   </div>
   <div class='ocr_carea' id='block_1_9' title="bbox 155 855 1739 924">
    <p class='ocr_par' dir='ltr' id='par_1_9' title="bbox 155 855 1739 924">
     <span class='ocr_line' id='line_1_9' title="bbox 155 855 1739 924; baseline 0.003 -19"><span class='ocrx_word' id='word_1_59' title='bbox 155 872 186 908; x_wconf 85' lang='lat' dir='ltr'><strong>n</strong></span> <span class='ocrx_word' id='word_1_60' title='bbox 213 857 326 914; x_wconf 88' lang='lat' dir='ltr'><strong>enti</strong></span> <span class='ocrx_word' id='word_1_61' title='bbox 361 856 515 910; x_wconf 88' lang='lat' dir='ltr'><strong>valJe</strong></span> <span class='ocrx_word' id='word_1_62' title='bbox 548 857 747 924; x_wconf 80' lang='lat' dir='ltr'><strong>placet.</strong></span> <span class='ocrx_word' id='word_1_63' title='bbox 771 855 912 922; x_wconf 93' lang='lat' dir='ltr'><strong>quod</strong></span> <span class='ocrx_word' id='word_1_64' title='bbox 943 855 1293 921; x_wconf 70' lang='lat' dir='ltr'><strong>concupiscit,</strong></span> <span class='ocrx_word' id='word_1_65' title='bbox 1335 855 1428 908; x_wconf 87' lang='lat' dir='ltr'><strong>sed</strong></span> <span class='ocrx_word' id='word_1_66' title='bbox 1460 855 1510 907; x_wconf 92' lang='lat' dir='ltr'><strong>in</strong></span> <span class='ocrx_word' id='word_1_67' title='bbox 1540 863 1739 910; x_wconf 65' lang='lat' dir='ltr'><strong>aeterna</strong></span> 
     </span>
    </p>
   </div>
   <div class='ocr_carea' id='block_1_10' title="bbox 156 945 1741 1019">
    <p class='ocr_par' dir='ltr' id='par_1_10' title="bbox 156 945 1741 1019">
     <span class='ocr_line' id='line_1_10' title="bbox 156 945 1741 1019; baseline 0 -17"><span class='ocrx_word' id='word_1_68' title='bbox 156 965 344 1019; x_wconf 62' lang='lat' dir='ltr'><strong>pecua,</strong></span> <span class='ocrx_word' id='word_1_69' title='bbox 392 948 536 1017; x_wconf 87' lang='lat' dir='ltr'><strong>quod</strong></span> <span class='ocrx_word' id='word_1_70' title='bbox 585 948 685 1001; x_wconf 84' lang='lat' dir='ltr'><strong>sibi</strong></span> <span class='ocrx_word' id='word_1_71' title='bbox 735 947 896 1000; x_wconf 86' lang='lat' dir='ltr'><strong>modo</strong></span> <span class='ocrx_word' id='word_1_72' title='bbox 947 956 1030 1001; x_wconf 80' lang='lat' dir='ltr'><strong>est</strong></span> <span class='ocrx_word' id='word_1_73' title='bbox 1057 947 1234 1010; x_wconf 88' lang='lat' dir='ltr'><strong>dulce,</strong></span> <span class='ocrx_word' id='word_1_74' title='bbox 1291 947 1591 1000; x_wconf 72' lang='lat' dir='ltr'><strong>amarescit.</strong></span> <span class='ocrx_word' id='word_1_75' title='bbox 1625 945 1741 1002; x_wconf 76' lang='lat' dir='ltr'><strong>Rex</strong></span> 
     </span>
    </p>
   </div>
   <div class='ocr_carea' id='block_1_11' title="bbox 156 1035 1740 1105">
    <p class='ocr_par' dir='ltr' id='par_1_11' title="bbox 156 1035 1740 1105">
     <span class='ocr_line' id='line_1_11' title="bbox 156 1035 1740 1105; baseline -0.002 -13"><span class='ocrx_word' id='word_1_76' title='bbox 156 1052 290 1105; x_wconf 80' lang='lat' dir='ltr'><strong>ergo</strong></span> <span class='ocrx_word' id='word_1_77' title='bbox 320 1039 474 1092; x_wconf 83' lang='lat' dir='ltr'><strong>nobis</strong></span> <span class='ocrx_word' id='word_1_78' title='bbox 501 1051 660 1104; x_wconf 84' lang='lat' dir='ltr'><strong>agros</strong></span> <span class='ocrx_word' id='word_1_79' title='bbox 689 1037 849 1100; x_wconf 66' lang='lat' dir='ltr'><strong>tollit,</strong></span> <span class='ocrx_word' id='word_1_80' title='bbox 873 1052 994 1091; x_wconf 85' lang='lat' dir='ltr'><strong>cum</strong></span> <span class='ocrx_word' id='word_1_81' title='bbox 1018 1037 1222 1090; x_wconf 88' lang='lat' dir='ltr'><strong>electus</strong></span> <span class='ocrx_word' id='word_1_82' title='bbox 1249 1035 1567 1105; x_wconf 85' lang='lat' dir='ltr'><strong>praedicator</strong></span> <span class='ocrx_word' id='word_1_83' title='bbox 1589 1036 1740 1090; x_wconf 75' lang='lat' dir='ltr'><strong>lmtos</strong></span> 
     </span>
    </p>
   </div>
   <div class='ocr_carea' id='block_1_12' title="bbox 155 1124 1739 1193">
    <p class='ocr_par' dir='ltr' id='par_1_12' title="bbox 155 1124 1739 1193">
     <span class='ocr_line' id='line_1_12' title="bbox 155 1124 1739 1193; baseline -0.003 -10"><span class='ocrx_word' id='word_1_84' title='bbox 155 1130 208 1184; x_wconf 86' lang='lat' dir='ltr'><strong>in</strong></span> <span class='ocrx_word' id='word_1_85' title='bbox 233 1129 599 1182; x_wconf 67' lang='lat' dir='ltr'><strong>delectatione</strong></span> <span class='ocrx_word' id='word_1_86' title='bbox 647 1136 825 1181; x_wconf 89' lang='lat' dir='ltr'><strong>motus</strong></span> <span class='ocrx_word' id='word_1_87' title='bbox 877 1126 1056 1181; x_wconf 90' lang='lat' dir='ltr'><strong>carnis</strong></span> <span class='ocrx_word' id='word_1_88' title='bbox 1081 1134 1279 1180; x_wconf 72' lang='lat' dir='ltr'><strong>nostra:</strong></span> <span class='ocrx_word' id='word_1_89' title='bbox 1307 1124 1575 1193; x_wconf 88' lang='lat' dir='ltr'><strong>loquendo</strong></span> <span class='ocrx_word' id='word_1_90' title='bbox 1611 1125 1739 1178; x_wconf 86' lang='lat' dir='ltr'><strong>sub-</strong></span> 
     </span>
    </p>
   </div>
   <div class='ocr_carea' id='block_1_13' title="bbox 155 1216 1740 1284">
    <p class='ocr_par' dir='ltr' id='par_1_13' title="bbox 155 1216 1740 1284">
     <span class='ocr_line' id='line_1_13' title="bbox 155 1216 1740 1284; baseline -0.003 -11"><span class='ocrx_word' id='word_1_91' title='bbox 155 1221 340 1274; x_wconf 79' lang='lat' dir='ltr'><strong>trahit.</strong></span> <span class='ocrx_word' id='word_1_92' title='bbox 401 1219 593 1274; x_wconf 77' lang='lat' dir='ltr'><strong>Vineas</strong></span> <span class='ocrx_word' id='word_1_93' title='bbox 623 1218 785 1284; x_wconf 91' lang='lat' dir='ltr'><strong>tollit,</strong></span> <span class='ocrx_word' id='word_1_94' title='bbox 839 1233 962 1270; x_wconf 79' lang='lat' dir='ltr'><strong>cum</strong></span> <span class='ocrx_word' id='word_1_95' title='bbox 1002 1216 1308 1271; x_wconf 85' lang='lat' dir='ltr'><strong>debriantes</strong></span> <span class='ocrx_word' id='word_1_96' title='bbox 1355 1217 1740 1284; x_wconf 73' lang='lat' dir='ltr'><strong>Concupiscun-</strong></span> 
     </span>
    </p>
   </div>
   <div class='ocr_carea' id='block_1_14' title="bbox 152 1306 1733 1378">
    <p class='ocr_par' dir='ltr' id='par_1_14' title="bbox 152 1306 1733 1378">
     <span class='ocr_line' id='line_1_14' title="bbox 152 1306 1733 1378; baseline -0.001 -16"><span class='ocrx_word' id='word_1_97' title='bbox 152 1311 255 1363; x_wconf 84' lang='lat' dir='ltr'><strong>tias</strong></span> <span class='ocrx_word' id='word_1_98' title='bbox 283 1325 315 1363; x_wconf 87' lang='lat' dir='ltr'><strong>a</strong></span> <span class='ocrx_word' id='word_1_99' title='bbox 341 1310 507 1365; x_wconf 80' lang='lat' dir='ltr'><strong>corde</strong></span> <span class='ocrx_word' id='word_1_100' title='bbox 536 1318 724 1364; x_wconf 81' lang='lat' dir='ltr'><strong>nostro</strong></span> <span class='ocrx_word' id='word_1_101' title='bbox 752 1308 966 1378; x_wconf 82' lang='lat' dir='ltr'><strong>penitus</strong></span> <span class='ocrx_word' id='word_1_102' title='bbox 994 1308 1278 1363; x_wconf 80' lang='lat' dir='ltr'><strong>abscindit.</strong></span> <span class='ocrx_word' id='word_1_103' title='bbox 1327 1306 1535 1360; x_wconf 73' lang='lat' dir='ltr'><strong>Olive&#39;a</strong></span> <span class='ocrx_word' id='word_1_104' title='bbox 1571 1308 1733 1362; x_wconf 74' lang='lat' dir='ltr'><strong>etiuu</strong></span> 
     </span>
    </p>
   </div>
   <div class='ocr_carea' id='block_1_15' title="bbox 152 1396 1732 1466">
    <p class='ocr_par' dir='ltr' id='par_1_15' title="bbox 152 1396 1732 1466">
     <span class='ocr_line' id='line_1_15' title="bbox 152 1396 1732 1466; baseline 0 -16"><span class='ocrx_word' id='word_1_105' title='bbox 152 1398 314 1460; x_wconf 89' lang='lat' dir='ltr'><strong>tollit,</strong></span> <span class='ocrx_word' id='word_1_106' title='bbox 348 1414 468 1452; x_wconf 83' lang='lat' dir='ltr'><strong>cum</strong></span> <span class='ocrx_word' id='word_1_107' title='bbox 525 1397 672 1452; x_wconf 73' lang='lat' dir='ltr'><strong>falsa:</strong></span> <span class='ocrx_word' id='word_1_108' title='bbox 718 1396 1099 1452; x_wconf 68' lang='lat' dir='ltr'><strong>misericordiae</strong></span> <span class='ocrx_word' id='word_1_109' title='bbox 1152 1413 1316 1466; x_wconf 83' lang='lat' dir='ltr'><strong>opera</strong></span> <span class='ocrx_word' id='word_1_110' title='bbox 1366 1397 1732 1465; x_wconf 88' lang='lat' dir='ltr'><strong>reprehendit,</strong></span> 
     </span>
    </p>
   </div>
   <div class='ocr_carea' id='block_1_16' title="bbox 151 1487 1732 1554">
    <p class='ocr_par' dir='ltr' id='par_1_16' title="bbox 151 1487 1732 1554">
     <span class='ocr_line' id='line_1_16' title="bbox 151 1487 1732 1554; baseline -0.001 -11"><span class='ocrx_word' id='word_1_111' title='bbox 151 1506 276 1544; x_wconf 80' lang='lat' dir='ltr'><strong>cum</strong></span> <span class='ocrx_word' id='word_1_112' title='bbox 325 1498 476 1544; x_wconf 89' lang='lat' dir='ltr'><strong>recte</strong></span> <span class='ocrx_word' id='word_1_113' title='bbox 513 1487 854 1544; x_wconf 78' lang='lat' dir='ltr'><strong>exhortando</strong></span> <span class='ocrx_word' id='word_1_114' title='bbox 895 1490 1155 1554; x_wconf 74' lang='lat' dir='ltr'><strong>sugger&#39;t,</strong></span> <span class='ocrx_word' id='word_1_115' title='bbox 1198 1489 1400 1539; x_wconf 85' lang='lat' dir='ltr'><strong>nullum</strong></span> <span class='ocrx_word' id='word_1_116' title='bbox 1426 1503 1544 1540; x_wconf 86' lang='lat' dir='ltr'><strong>esse</strong></span> <span class='ocrx_word' id='word_1_117' title='bbox 1575 1490 1732 1542; x_wconf 87' lang='lat' dir='ltr'><strong>meri-</strong></span> 
     </span>
    </p>
   </div>
   <div class='ocr_carea' id='block_1_17' title="bbox 151 1577 1730 1648">
    <p class='ocr_par' dir='ltr' id='par_1_17' title="bbox 151 1577 1730 1648">
     <span class='ocr_line' id='line_1_17' title="bbox 151 1577 1730 1648; baseline -0.003 -14"><span class='ocrx_word' id='word_1_118' title='bbox 151 1590 260 1634; x_wconf 88' lang='lat' dir='ltr'><strong>tum</strong></span> <span class='ocrx_word' id='word_1_119' title='bbox 291 1580 496 1648; x_wconf 76' lang='lat' dir='ltr'><strong>operis,</strong></span> <span class='ocrx_word' id='word_1_120' title='bbox 553 1578 653 1633; x_wconf 83' lang='lat' dir='ltr'><strong>nisi</strong></span> <span class='ocrx_word' id='word_1_121' title='bbox 700 1578 929 1648; x_wconf 81' lang='lat' dir='ltr'><strong>prodeat</strong></span> <span class='ocrx_word' id='word_1_122' title='bbox 956 1578 1023 1631; x_wconf 89' lang='lat' dir='ltr'><strong>de</strong></span> <span class='ocrx_word' id='word_1_123' title='bbox 1068 1577 1343 1646; x_wconf 82' lang='lat' dir='ltr'><strong>proposito</strong></span> <span class='ocrx_word' id='word_1_124' title='bbox 1371 1577 1522 1630; x_wconf 79' lang='lat' dir='ltr'><strong>bona:</strong></span> <span class='ocrx_word' id='word_1_125' title='bbox 1552 1577 1730 1630; x_wconf 89' lang='lat' dir='ltr'><strong>inten-</strong></span> 
     </span>
    </p>
   </div>
   <div class='ocr_carea' id='block_1_18' title="bbox 149 1671 329 1725">
    <p class='ocr_par' dir='ltr' id='par_1_18' title="bbox 149 1671 329 1725">
     <span class='ocr_line' id='line_1_18' title="bbox 149 1671 329 1725; baseline -0.006 0"><span class='ocrx_word' id='word_1_126' title='bbox 149 1671 329 1725; x_wconf 80' lang='lat' dir='ltr'><strong>tionis.</strong></span> 
     </span>
    </p>
   </div>
   <div class='ocr_carea' id='block_1_19' title="bbox 1847 494 3422 577">
    <p class='ocr_par' dir='ltr' id='par_1_19' title="bbox 1847 494 3422 577">
     <span class='ocr_line' id='line_1_19' title="bbox 1847 494 3422 577; baseline 0.014 -32"><span class='ocrx_word' id='word_1_127' title='bbox 1847 494 2089 550; x_wconf 88' lang='lat' dir='ltr'><strong>nitndine</strong></span> <span class='ocrx_word' id='word_1_128' title='bbox 2133 499 2253 566; x_wconf 85' lang='lat' dir='ltr'><strong>ejus</strong></span> <span class='ocrx_word' id='word_1_129' title='bbox 2302 516 2490 557; x_wconf 88' lang='lat' dir='ltr'><strong>onmes</strong></span> <span class='ocrx_word' id='word_1_130' title='bbox 2541 507 2886 574; x_wconf 85' lang='lat' dir='ltr'><strong>accepimus,</strong></span> <span class='ocrx_word' id='word_1_131' title='bbox 2935 508 3078 562; x_wconf 86' lang='lat' dir='ltr'><strong>dona</strong></span> <span class='ocrx_word' id='word_1_132' title='bbox 3127 511 3422 577; x_wconf 84' lang='lat' dir='ltr'><strong>gratiarum</strong></span> 
     </span>
    </p>
   </div>
   <div class='ocr_carea' id='block_1_20' title="bbox 1846 588 3426 660">
    <p class='ocr_par' dir='ltr' id='par_1_20' title="bbox 1846 588 3426 660">
     <span class='ocr_line' id='line_1_20' title="bbox 1846 588 3426 660; baseline 0.011 -24"><span class='ocrx_word' id='word_1_133' title='bbox 1846 600 1943 654; x_wconf 91' lang='lat' dir='ltr'><strong>per</strong></span> <span class='ocrx_word' id='word_1_134' title='bbox 1971 594 2150 652; x_wconf 86' lang='lat' dir='ltr'><strong>partes</strong></span> <span class='ocrx_word' id='word_1_135' title='bbox 2176 588 2371 644; x_wconf 85' lang='lat' dir='ltr'><strong>divisas</strong></span> <span class='ocrx_word' id='word_1_136' title='bbox 2407 593 2762 660; x_wconf 80' lang='lat' dir='ltr'><strong>possidemus.</strong></span> <span class='ocrx_word' id='word_1_137' title='bbox 2791 596 2926 651; x_wconf 82' lang='lat' dir='ltr'><strong>Hinc</strong></span> <span class='ocrx_word' id='word_1_138' title='bbox 2955 598 3146 652; x_wconf 84' lang='lat' dir='ltr'><strong>Paulus</strong></span> <span class='ocrx_word' id='word_1_139' title='bbox 3175 601 3250 652; x_wconf 88' lang='lat' dir='ltr'><strong>ait</strong></span> <span class='ocrx_word' id='word_1_140' title='bbox 3277 618 3288 652; x_wconf 93' lang='lat'><strong>:</strong></span> <span class='ocrx_word' id='word_1_141' title='bbox 3322 603 3426 656; x_wconf 74' lang='lat' dir='ltr'><strong>Alit</strong></span> 
     </span>
    </p>
   </div>
   <div class='ocr_carea' id='block_1_21' title="bbox 1845 675 3423 756">
    <p class='ocr_par' dir='ltr' id='par_1_21' title="bbox 1845 675 3423 756">
     <span class='ocr_line' id='line_1_21' title="bbox 1845 675 3423 756; baseline 0.012 -30"><span class='ocrx_word' id='word_1_142' title='bbox 1845 675 1995 744; x_wconf 84' lang='lat' dir='ltr'><strong>quide</strong></span> <span class='ocrx_word' id='word_1_143' title='bbox 2017 694 2044 724; x_wconf 82' lang='grc' dir='ltr'><strong>ιι</strong></span> <span class='ocrx_word' id='word_1_144' title='bbox 2074 693 2166 745; x_wconf 86' lang='lat' dir='ltr'><strong>per</strong></span> <span class='ocrx_word' id='word_1_145' title='bbox 2184 680 2422 744; x_wconf 84' lang='lat' dir='ltr'><strong>spiritum</strong></span> <span class='ocrx_word' id='word_1_146' title='bbox 2449 682 2604 736; x_wconf 86' lang='lat' dir='ltr'><strong>datur</strong></span> <span class='ocrx_word' id='word_1_147' title='bbox 2633 701 2797 740; x_wconf 81' lang='lat' dir='ltr'><strong>sermo</strong></span> <span class='ocrx_word' id='word_1_148' title='bbox 2827 690 3117 756; x_wconf 75' lang='lat' dir='ltr'><strong>sapientiw,</strong></span> <span class='ocrx_word' id='word_1_149' title='bbox 3139 690 3230 743; x_wconf 83' lang='lat' dir='ltr'><strong>alii</strong></span> <span class='ocrx_word' id='word_1_150' title='bbox 3257 708 3423 745; x_wconf 75' lang='lat' dir='ltr'><strong>sermo</strong></span> 
     </span>
    </p>
   </div>
   <div class='ocr_carea' id='block_1_22' title="bbox 1845 765 3426 845">
    <p class='ocr_par' dir='ltr' id='par_1_22' title="bbox 1845 765 3426 845">
     <span class='ocr_line' id='line_1_22' title="bbox 1845 765 3426 845; baseline 0.013 -32"><span class='ocrx_word' id='word_1_151' title='bbox 1845 765 2091 824; x_wconf 62' lang='lat' dir='ltr'><strong>scientia}.</strong></span> <span class='ocrx_word' id='word_1_152' title='bbox 2128 766 2217 818; x_wconf 87' lang='lat' dir='ltr'><strong>alii</strong></span> <span class='ocrx_word' id='word_1_153' title='bbox 2241 783 2431 836; x_wconf 85' lang='lat' dir='ltr'><strong>genera</strong></span> <span class='ocrx_word' id='word_1_154' title='bbox 2462 771 2772 839; x_wconf 79' lang='lat' dir='ltr'><strong>linguarum,</strong></span> <span class='ocrx_word' id='word_1_155' title='bbox 2806 775 2896 826; x_wconf 87' lang='lat' dir='ltr'><strong>alii</strong></span> <span class='ocrx_word' id='word_1_156' title='bbox 2931 777 3284 845; x_wconf 78' lang='lat' dir='ltr'><strong>interpretatio</strong></span> <span class='ocrx_word' id='word_1_157' title='bbox 3316 797 3426 832; x_wconf 80' lang='lat' dir='ltr'><strong>ser-</strong></span> 
     </span>
    </p>
   </div>
   <div class='ocr_carea' id='block_1_23' title="bbox 1843 855 3425 935">
    <p class='ocr_par' dir='ltr' id='par_1_23' title="bbox 1843 855 3425 935">
     <span class='ocr_line' id='line_1_23' title="bbox 1843 855 3425 935; baseline 0.012 -31"><span class='ocrx_word' id='word_1_158' title='bbox 1843 867 2069 914; x_wconf 79' lang='lat' dir='ltr'><strong>monum,</strong></span> <span class='ocrx_word' id='word_1_159' title='bbox 2103 855 2253 908; x_wconf 84' lang='lat' dir='ltr'><strong>alteri</strong></span> <span class='ocrx_word' id='word_1_160' title='bbox 2281 857 2412 925; x_wconf 78' lang='lat' dir='ltr'><strong>ﬁdes</strong></span> <span class='ocrx_word' id='word_1_161' title='bbox 2432 859 2485 911; x_wconf 89' lang='lat' dir='ltr'><strong>in</strong></span> <span class='ocrx_word' id='word_1_162' title='bbox 2509 860 2686 912; x_wconf 88' lang='lat' dir='ltr'><strong>eodem</strong></span> <span class='ocrx_word' id='word_1_163' title='bbox 2713 862 2916 931; x_wconf 74' lang='lat' dir='ltr'><strong>spiritu,</strong></span> <span class='ocrx_word' id='word_1_164' title='bbox 2943 864 3033 917; x_wconf 79' lang='lat' dir='ltr'><strong>alii</strong></span> <span class='ocrx_word' id='word_1_165' title='bbox 3063 870 3292 935; x_wconf 87' lang='lat' dir='ltr'><strong>operatio</strong></span> <span class='ocrx_word' id='word_1_166' title='bbox 3320 871 3425 923; x_wconf 78' lang='lat' dir='ltr'><strong>vir—</strong></span> 
     </span>
    </p>
   </div>
   <div class='ocr_carea' id='block_1_24' title="bbox 1843 944 3420 1026">
    <p class='ocr_par' dir='ltr' id='par_1_24' title="bbox 1843 944 3420 1026">
     <span class='ocr_line' id='line_1_24' title="bbox 1843 944 3420 1026; baseline 0.013 -33"><span class='ocrx_word' id='word_1_167' title='bbox 1843 951 2026 1008; x_wconf 84' lang='lat' dir='ltr'><strong>tutum,</strong></span> <span class='ocrx_word' id='word_1_168' title='bbox 2057 944 2149 997; x_wconf 89' lang='lat' dir='ltr'><strong>alii</strong></span> <span class='ocrx_word' id='word_1_169' title='bbox 2175 946 2462 1014; x_wconf 75' lang='lat' dir='ltr'><strong>prOpIietia,</strong></span> <span class='ocrx_word' id='word_1_170' title='bbox 2495 949 2587 1002; x_wconf 87' lang='lat' dir='ltr'><strong>alii</strong></span> <span class='ocrx_word' id='word_1_171' title='bbox 2623 950 2864 1006; x_wconf 78' lang='lat' dir='ltr'><strong>discretio</strong></span> <span class='ocrx_word' id='word_1_172' title='bbox 2891 956 3162 1022; x_wconf 78' lang='lat' dir='ltr'><strong>spirituum</strong></span> <span class='ocrx_word' id='word_1_173' title='bbox 3217 955 3266 1026; x_wconf 90' lang='grc' dir='ltr'><strong>(Ι</strong></span> <span class='ocrx_word' id='word_1_174' title='bbox 3297 956 3420 1016; x_wconf 79' lang='lat' dir='ltr'><strong>Cor.</strong></span> 
     </span>
    </p>
   </div>
   <div class='ocr_carea' id='block_1_25' title="bbox 1841 1032 3426 1116">
    <p class='ocr_par' dir='ltr' id='par_1_25' title="bbox 1841 1032 3426 1116">
     <span class='ocr_line' id='line_1_25' title="bbox 1841 1032 3426 1116; baseline 0.015 -35"><span class='ocrx_word' id='word_1_175' title='bbox 1841 1045 1932 1092; x_wconf 76' lang='lat' dir='ltr'><strong>xu,</strong></span> <span class='ocrx_word' id='word_1_176' title='bbox 1963 1032 2040 1099; x_wconf 92' lang='lat'><strong>8).</strong></span> <span class='ocrx_word' id='word_1_177' title='bbox 2067 1032 2294 1088; x_wconf 89' lang='lat' dir='ltr'><strong>Denario</strong></span> <span class='ocrx_word' id='word_1_178' title='bbox 2321 1051 2450 1090; x_wconf 89' lang='lat' dir='ltr'><strong>vero</strong></span> <span class='ocrx_word' id='word_1_179' title='bbox 2483 1040 2636 1109; x_wconf 74' lang='lat'><strong>197</strong></span> <span class='ocrx_word' id='word_1_180' title='bbox 2672 1057 2915 1107; x_wconf 90' lang='lat' dir='ltr'><strong>numero,</strong></span> <span class='ocrx_word' id='word_1_181' title='bbox 2974 1046 3098 1114; x_wconf 90' lang='lat' dir='ltr'><strong>quia</strong></span> <span class='ocrx_word' id='word_1_182' title='bbox 3148 1047 3426 1116; x_wconf 71' lang='lat' dir='ltr'><strong>perlectus</strong></span> 
     </span>
    </p>
   </div>
   <div class='ocr_carea' id='block_1_26' title="bbox 1841 1121 3421 1200">
    <p class='ocr_par' dir='ltr' id='par_1_26' title="bbox 1841 1121 3421 1200">
     <span class='ocr_line' id='line_1_26' title="bbox 1841 1121 3421 1200; baseline 0.014 -28"><span class='ocrx_word' id='word_1_183' title='bbox 1841 1127 1940 1181; x_wconf 87' lang='lat' dir='ltr'><strong>est,</strong></span> <span class='ocrx_word' id='word_1_184' title='bbox 1990 1121 2217 1176; x_wconf 85' lang='lat' dir='ltr'><strong>virtutes</strong></span> <span class='ocrx_word' id='word_1_185' title='bbox 2265 1125 2692 1196; x_wconf 80' lang='lat' dir='ltr'><strong>addecimamus,</strong></span> <span class='ocrx_word' id='word_1_186' title='bbox 2738 1146 2859 1185; x_wconf 87' lang='lat' dir='ltr'><strong>cum</strong></span> <span class='ocrx_word' id='word_1_187' title='bbox 2910 1134 3234 1200; x_wconf 82' lang='lat' dir='ltr'><strong>singulorum</strong></span> <span class='ocrx_word' id='word_1_188' title='bbox 3281 1138 3421 1194; x_wconf 88' lang='lat' dir='ltr'><strong>dona</strong></span> 
     </span>
    </p>
   </div>
   <div class='ocr_carea' id='block_1_27' title="bbox 1839 1209 3421 1287">
    <p class='ocr_par' dir='ltr' id='par_1_27' title="bbox 1839 1209 3421 1287">
     <span class='ocr_line' id='line_1_27' title="bbox 1839 1209 3421 1287; baseline 0.014 -25"><span class='ocrx_word' id='word_1_189' title='bbox 1839 1209 2133 1266; x_wconf 78' lang='lat' dir='ltr'><strong>electorum</strong></span> <span class='ocrx_word' id='word_1_190' title='bbox 2165 1213 2488 1282; x_wconf 85' lang='lat' dir='ltr'><strong>colligimus,</strong></span> <span class='ocrx_word' id='word_1_191' title='bbox 2515 1233 2633 1287; x_wconf 82' lang='lat' dir='ltr'><strong>quae</strong></span> <span class='ocrx_word' id='word_1_192' title='bbox 2663 1221 2899 1277; x_wconf 88' lang='lat' dir='ltr'><strong>minores</strong></span> <span class='ocrx_word' id='word_1_193' title='bbox 2942 1225 3239 1282; x_wconf 85' lang='lat' dir='ltr'><strong>imitentur.</strong></span> <span class='ocrx_word' id='word_1_194' title='bbox 3289 1228 3421 1284; x_wconf 87' lang='lat' dir='ltr'><strong>Nam</strong></span> 
     </span>
    </p>
   </div>
   <div class='ocr_carea' id='block_1_28' title="bbox 1837 1299 3422 1387">
    <p class='ocr_par' dir='ltr' id='par_1_28' title="bbox 1837 1299 3422 1387">
     <span class='ocr_line' id='line_1_28' title="bbox 1837 1299 3422 1387; baseline 0.011 -36"><span class='ocrx_word' id='word_1_195' title='bbox 1837 1302 1904 1352; x_wconf 85' lang='lat' dir='ltr'><strong>de</strong></span> <span class='ocrx_word' id='word_1_196' title='bbox 1929 1299 2111 1371; x_wconf 84' lang='lat' dir='ltr'><strong>Moyse</strong></span> <span class='ocrx_word' id='word_1_197' title='bbox 2131 1303 2388 1371; x_wconf 86' lang='lat' dir='ltr'><strong>scriptum</strong></span> <span class='ocrx_word' id='word_1_198' title='bbox 2421 1316 2540 1360; x_wconf 90' lang='lat' dir='ltr'><strong>est:</strong></span> <span class='ocrx_word' id='word_1_199' title='bbox 2599 1308 2732 1372; x_wconf 83' lang='lat' dir='ltr'><strong>Quia</strong></span> <span class='ocrx_word' id='word_1_200' title='bbox 2778 1321 2892 1365; x_wconf 86' lang='lat' dir='ltr'><strong>erat</strong></span> <span class='ocrx_word' id='word_1_201' title='bbox 2923 1315 3219 1370; x_wconf 71' lang='lat' dir='ltr'><strong>mitissimus</strong></span> <span class='ocrx_word' id='word_1_202' title='bbox 3267 1334 3422 1387; x_wconf 81' lang='lat' dir='ltr'><strong>super</strong></span> 
     </span>
    </p>
   </div>
   <div class='ocr_carea' id='block_1_29' title="bbox 1835 1393 3424 1478">
    <p class='ocr_par' dir='ltr' id='par_1_29' title="bbox 1835 1393 3424 1478">
     <span class='ocr_line' id='line_1_29' title="bbox 1835 1393 3424 1478; baseline 0.014 -36"><span class='ocrx_word' id='word_1_203' title='bbox 1835 1406 2010 1444; x_wconf 84' lang='lat' dir='ltr'><strong>omnes</strong></span> <span class='ocrx_word' id='word_1_204' title='bbox 2041 1393 2269 1448; x_wconf 81' lang='lat' dir='ltr'><strong>homines</strong></span> <span class='ocrx_word' id='word_1_205' title='bbox 2288 1404 2438 1450; x_wconf 83' lang='lat' dir='ltr'><strong>teme</strong></span> <span class='ocrx_word' id='word_1_206' title='bbox 2459 1397 2644 1466; x_wconf 87' lang='lat' dir='ltr'><strong>(Num.</strong></span> <span class='ocrx_word' id='word_1_207' title='bbox 2674 1405 2858 1470; x_wconf 52' lang='grc' dir='ltr'>ωλι).</span> <span class='ocrx_word' id='word_1_208' title='bbox 2886 1405 2961 1459; x_wconf 86' lang='lat' dir='ltr'><strong>De</strong></span> <span class='ocrx_word' id='word_1_209' title='bbox 2985 1405 3252 1462; x_wconf 82' lang='lat' dir='ltr'><strong>Abraham</strong></span> <span class='ocrx_word' id='word_1_210' title='bbox 3286 1425 3424 1478; x_wconf 87' lang='lat' dir='ltr'><strong>quo-</strong></span> 
     </span>
    </p>
   </div>
   <div class='ocr_carea' id='block_1_30' title="bbox 1835 1480 3428 1564">
    <p class='ocr_par' dir='ltr' id='par_1_30' title="bbox 1835 1480 3428 1564">
     <span class='ocr_line' id='line_1_30' title="bbox 1835 1480 3428 1564; baseline 0.013 -33"><span class='ocrx_word' id='word_1_211' title='bbox 1835 1495 1941 1550; x_wconf 90' lang='lat' dir='ltr'><strong>que</strong></span> <span class='ocrx_word' id='word_1_212' title='bbox 1960 1480 2192 1536; x_wconf 87' lang='lat' dir='ltr'><strong>dicitur:</strong></span> <span class='ocrx_word' id='word_1_213' title='bbox 2223 1482 2454 1539; x_wconf 82' lang='lat' dir='ltr'><strong>Credidit</strong></span> <span class='ocrx_word' id='word_1_214' title='bbox 2479 1487 2742 1544; x_wconf 78' lang='lat' dir='ltr'><strong>Abraham</strong></span> <span class='ocrx_word' id='word_1_215' title='bbox 2774 1490 2904 1558; x_wconf 88' lang='lat' dir='ltr'><strong>Deo,</strong></span> <span class='ocrx_word' id='word_1_216' title='bbox 2952 1505 3000 1548; x_wconf 86' lang='lat' dir='ltr'><strong>et</strong></span> <span class='ocrx_word' id='word_1_217' title='bbox 3027 1505 3316 1564; x_wconf 84' lang='lat' dir='ltr'><strong>reputatum</strong></span> <span class='ocrx_word' id='word_1_218' title='bbox 3347 1508 3428 1551; x_wconf 80' lang='lat' dir='ltr'><strong>est</strong></span> 
     </span>
    </p>
   </div>
   <div class='ocr_carea' id='block_1_31' title="bbox 1834 1571 3420 1652">
    <p class='ocr_par' dir='ltr' id='par_1_31' title="bbox 1834 1571 3420 1652">
     <span class='ocr_line' id='line_1_31' title="bbox 1834 1571 3420 1652; baseline 0.011 -28"><span class='ocrx_word' id='word_1_219' title='bbox 1834 1572 1882 1624; x_wconf 88' lang='lat' dir='ltr'><strong>ei</strong></span> <span class='ocrx_word' id='word_1_220' title='bbox 1912 1572 1979 1624; x_wconf 90' lang='lat' dir='ltr'><strong>ad</strong></span> <span class='ocrx_word' id='word_1_221' title='bbox 1992 1571 2249 1641; x_wconf 82' lang='lat' dir='ltr'><strong>justitiam</strong></span> <span class='ocrx_word' id='word_1_222' title='bbox 2280 1573 2435 1644; x_wconf 84' lang='lat' dir='ltr'><strong>(Gen.</strong></span> <span class='ocrx_word' id='word_1_223' title='bbox 2461 1591 2550 1643; x_wconf 78' lang='lat' dir='ltr'><strong>xv,</strong></span> <span class='ocrx_word' id='word_1_224' title='bbox 2583 1577 2661 1647; x_wconf 85' lang='lat'><strong>6).</strong></span> <span class='ocrx_word' id='word_1_225' title='bbox 2711 1579 2842 1634; x_wconf 87' lang='lat' dir='ltr'><strong>Cum</strong></span> <span class='ocrx_word' id='word_1_226' title='bbox 2884 1597 3012 1652; x_wconf 88' lang='lat' dir='ltr'><strong>ergo</strong></span> <span class='ocrx_word' id='word_1_227' title='bbox 3051 1586 3420 1640; x_wconf 88' lang='lat' dir='ltr'><strong>mansuetudi-</strong></span> 
     </span>
    </p>
   </div>
   <div class='ocr_carea' id='block_1_32' title="bbox 1841 1664 3420 1735">
    <p class='ocr_par' dir='ltr' id='par_1_32' title="bbox 1841 1664 3420 1735">
     <span class='ocr_line' id='line_1_32' title="bbox 1841 1664 3420 1735; baseline 0.01 -21"><span class='ocrx_word' id='word_1_228' title='bbox 1841 1677 1962 1717; x_wconf 83' lang='lat' dir='ltr'><strong>t-em</strong></span> <span class='ocrx_word' id='word_1_229' title='bbox 1999 1679 2120 1717; x_wconf 89' lang='lat' dir='ltr'><strong>cum</strong></span> <span class='ocrx_word' id='word_1_230' title='bbox 2168 1664 2269 1719; x_wconf 85' lang='lat' dir='ltr'><strong>lide</strong></span> <span class='ocrx_word' id='word_1_231' title='bbox 2317 1665 2512 1722; x_wconf 89' lang='lat' dir='ltr'><strong>imitari</strong></span> <span class='ocrx_word' id='word_1_232' title='bbox 2563 1670 2834 1735; x_wconf 89' lang='lat' dir='ltr'><strong>volumus,</strong></span> <span class='ocrx_word' id='word_1_233' title='bbox 2886 1689 3107 1729; x_wconf 84' lang='lat' dir='ltr'><strong>necesse</strong></span> <span class='ocrx_word' id='word_1_234' title='bbox 3157 1684 3241 1731; x_wconf 89' lang='lat' dir='ltr'><strong>est</strong></span> <span class='ocrx_word' id='word_1_235' title='bbox 3270 1684 3328 1731; x_wconf 90' lang='lat' dir='ltr'><strong>ut</strong></span> <span class='ocrx_word' id='word_1_236' title='bbox 3351 1675 3420 1730; x_wconf 90' lang='lat' dir='ltr'><strong>de</strong></span> 
     </span>
    </p>
   </div>
   <div class='ocr_carea' id='block_1_33' title="bbox 221 1750 3418 1828">
    <p class='ocr_par' dir='ltr' id='par_1_33' title="bbox 221 1750 3418 1828">
     <span class='ocr_line' id='line_1_33' title="bbox 221 1750 3418 1828; baseline 0.003 -18"><span class='ocrx_word' id='word_1_237' title='bbox 221 1757 307 1812; x_wconf 70' lang='lat'><strong>10.</strong></span> <span class='ocrx_word' id='word_1_238' title='bbox 362 1757 468 1813; x_wconf 78' lang='lat' dir='ltr'><strong>Sed</strong></span> <span class='ocrx_word' id='word_1_239' title='bbox 492 1757 648 1811; x_wconf 84' lang='lat' dir='ltr'><strong>valde</strong></span> <span class='ocrx_word' id='word_1_240' title='bbox 678 1756 1024 1824; x_wconf 68' lang='lat' dir='ltr'><strong>quaerendum</strong></span> <span class='ocrx_word' id='word_1_241' title='bbox 1053 1765 1155 1822; x_wconf 86' lang='lat' dir='ltr'><strong>est,</strong></span> <span class='ocrx_word' id='word_1_242' title='bbox 1179 1773 1273 1812; x_wconf 91' lang='lat' dir='ltr'><strong>cur</strong></span> <span class='ocrx_word' id='word_1_243' title='bbox 1301 1756 1416 1810; x_wconf 91' lang='lat' dir='ltr'><strong>dari</strong></span> <span class='ocrx_word' id='word_1_244' title='bbox 1447 1758 1618 1811; x_wconf 85' lang='lat' dir='ltr'><strong>servis</strong></span> <span class='ocrx_word' id='word_1_245' title='bbox 1642 1774 1729 1814; x_wconf 89' lang='lat' dir='ltr'><strong>re-</strong></span> <span class='ocrx_word' id='word_1_246' title='bbox 1764 1750 1809 1809; x_wconf 86' lang='grc' dir='ltr'><strong>Β</strong></span> <span class='ocrx_word' id='word_1_247' title='bbox 1836 1758 2083 1822; x_wconf 80' lang='lat' dir='ltr'><strong>exemplo</strong></span> <span class='ocrx_word' id='word_1_248' title='bbox 2109 1758 2276 1828; x_wconf 83' lang='lat' dir='ltr'><strong>Moysi</strong></span> <span class='ocrx_word' id='word_1_249' title='bbox 2308 1769 2364 1814; x_wconf 91' lang='lat' dir='ltr'><strong>et</strong></span> <span class='ocrx_word' id='word_1_250' title='bbox 2385 1760 2615 1815; x_wconf 78' lang='lat' dir='ltr'><strong>Abrahze</strong></span> <span class='ocrx_word' id='word_1_251' title='bbox 2637 1760 2702 1816; x_wconf 90' lang='lat' dir='ltr'><strong>ad</strong></span> <span class='ocrx_word' id='word_1_252' title='bbox 2722 1760 3066 1820; x_wconf 74' lang='lat' dir='ltr'><strong>refectionem</strong></span> <span class='ocrx_word' id='word_1_253' title='bbox 3097 1767 3292 1821; x_wconf 87' lang='lat' dir='ltr'><strong>mentis</strong></span> <span class='ocrx_word' id='word_1_254' title='bbox 3318 1783 3418 1820; x_wconf 85' lang='lat' dir='ltr'><strong>no-</strong></span> 
     </span>
    </p>
   </div>
   <div class='ocr_carea' id='block_1_34' title="bbox 146 1849 1732 1916">
    <p class='ocr_par' dir='ltr' id='par_1_34' title="bbox 146 1849 1732 1916">
     <span class='ocr_line' id='line_1_34' title="bbox 146 1849 1732 1916; baseline 0.001 -15"><span class='ocrx_word' id='word_1_255' title='bbox 146 1850 225 1915; x_wconf 80' lang='lat' dir='ltr'><strong>gis</strong></span> <span class='ocrx_word' id='word_1_256' title='bbox 251 1858 592 1904; x_wconf 88' lang='lat' dir='ltr'><strong>asseruntur.</strong></span> <span class='ocrx_word' id='word_1_257' title='bbox 642 1849 774 1902; x_wconf 78' lang='lat' dir='ltr'><strong>Nam</strong></span> <span class='ocrx_word' id='word_1_258' title='bbox 823 1849 866 1901; x_wconf 91' lang='lat' dir='ltr'><strong>si</strong></span> <span class='ocrx_word' id='word_1_259' title='bbox 924 1849 1035 1902; x_wconf 74' lang='lat' dir='ltr'><strong>hmc</strong></span> <span class='ocrx_word' id='word_1_260' title='bbox 1068 1849 1219 1902; x_wconf 90' lang='lat' dir='ltr'><strong>nobis</strong></span> <span class='ocrx_word' id='word_1_261' title='bbox 1243 1849 1368 1916; x_wconf 87' lang='lat' dir='ltr'><strong>jure</strong></span> <span class='ocrx_word' id='word_1_262' title='bbox 1397 1849 1732 1914; x_wconf 86' lang='lat' dir='ltr'><strong>auferuntur,</strong></span> 
     </span>
    </p>
   </div>
   <div class='ocr_carea' id='block_1_35' title="bbox 145 1938 1733 2006">
    <p class='ocr_par' dir='ltr' id='par_1_35' title="bbox 145 1938 1733 2006">
     <span class='ocr_line' id='line_1_35' title="bbox 145 1938 1733 2006; baseline 0.001 -15"><span class='ocrx_word' id='word_1_263' title='bbox 145 1955 176 2006; x_wconf 78' lang='grc' dir='ltr'>σι</span> <span class='ocrx_word' id='word_1_264' title='bbox 202 1941 363 1992; x_wconf 72' lang='lat' dir='ltr'><strong>rinam</strong></span> <span class='ocrx_word' id='word_1_265' title='bbox 384 1947 568 2002; x_wconf 86' lang='lat' dir='ltr'><strong>erunt,</strong></span> <span class='ocrx_word' id='word_1_266' title='bbox 591 1939 784 2005; x_wconf 81' lang='lat' dir='ltr'><strong>quibus</strong></span> <span class='ocrx_word' id='word_1_267' title='bbox 807 1955 912 1992; x_wconf 71' lang='lat' dir='ltr'><strong>nan</strong></span> <span class='ocrx_word' id='word_1_268' title='bbox 938 1939 1155 2006; x_wconf 85' lang='lat' dir='ltr'><strong>indigne</strong></span> <span class='ocrx_word' id='word_1_269' title='bbox 1199 1940 1535 1993; x_wconf 86' lang='lat' dir='ltr'><strong>tribuantur?</strong></span> <span class='ocrx_word' id='word_1_270' title='bbox 1579 1938 1733 2004; x_wconf 83' lang='lat' dir='ltr'><strong>Quod</strong></span> 
     </span>
    </p>
   </div>
   <div class='ocr_carea' id='block_1_36' title="bbox 146 2027 1736 2096">
    <p class='ocr_par' dir='ltr' id='par_1_36' title="bbox 146 2027 1736 2096">
     <span class='ocr_line' id='line_1_36' title="bbox 146 2027 1736 2096; baseline 0.002 -16"><span class='ocrx_word' id='word_1_271' title='bbox 146 2037 325 2082; x_wconf 82' lang='lat' dir='ltr'><strong>tatnen</strong></span> <span class='ocrx_word' id='word_1_272' title='bbox 367 2027 416 2083; x_wconf 89' lang='lat' dir='ltr'><strong>si</strong></span> <span class='ocrx_word' id='word_1_273' title='bbox 463 2029 736 2083; x_wconf 77' lang='lat' dir='ltr'><strong>subtiliter</strong></span> <span class='ocrx_word' id='word_1_274' title='bbox 788 2029 1100 2095; x_wconf 68' lang='lat' dir='ltr'><strong>quarriinus,</strong></span> <span class='ocrx_word' id='word_1_275' title='bbox 1145 2042 1368 2095; x_wconf 85' lang='lat' dir='ltr'><strong>magnos</strong></span> <span class='ocrx_word' id='word_1_276' title='bbox 1413 2029 1463 2081; x_wconf 92' lang='lat' dir='ltr'><strong>in</strong></span> <span class='ocrx_word' id='word_1_277' title='bbox 1497 2029 1736 2096; x_wconf 85' lang='lat' dir='ltr'><strong>imperiis</strong></span> 
     </span>
    </p>
   </div>
   <div class='ocr_carea' id='block_1_37' title="bbox 141 2119 1731 2188">
    <p class='ocr_par' dir='ltr' id='par_1_37' title="bbox 141 2119 1731 2188">
     <span class='ocr_line' id='line_1_37' title="bbox 141 2119 1731 2188; baseline 0.001 -15"><span class='ocrx_word' id='word_1_278' title='bbox 141 2124 498 2174; x_wconf 71' lang='lat' dir='ltr'><strong>tuissanctos</strong></span> <span class='ocrx_word' id='word_1_279' title='bbox 546 2120 927 2188; x_wconf 64' lang='lat' dir='ltr'><strong>praedicatores</strong></span> <span class='ocrx_word' id='word_1_280' title='bbox 983 2128 1199 2174; x_wconf 84' lang='lat' dir='ltr'><strong>nostros</strong></span> <span class='ocrx_word' id='word_1_281' title='bbox 1254 2119 1568 2173; x_wconf 87' lang='lat' dir='ltr'><strong>invenimus.</strong></span> <span class='ocrx_word' id='word_1_282' title='bbox 1630 2119 1731 2184; x_wconf 85' lang='lat' dir='ltr'><strong>Qui</strong></span> 
     </span>
    </p>
   </div>
   <div class='ocr_carea' id='block_1_38' title="bbox 142 2210 1731 2284">
    <p class='ocr_par' dir='ltr' id='par_1_38' title="bbox 142 2210 1731 2284">
     <span class='ocr_line' id='line_1_38' title="bbox 142 2210 1731 2284; baseline -0.004 -19"><span class='ocrx_word' id='word_1_283' title='bbox 142 2220 263 2265; x_wconf 76' lang='lat' dir='ltr'><strong>sum</strong></span> <span class='ocrx_word' id='word_1_284' title='bbox 285 2224 426 2278; x_wconf 86' lang='lat' dir='ltr'><strong>ergo</strong></span> <span class='ocrx_word' id='word_1_285' title='bbox 447 2211 482 2263; x_wconf 90' lang='lat' dir='ltr'><strong>ii</strong></span> <span class='ocrx_word' id='word_1_286' title='bbox 512 2212 808 2284; x_wconf 33' lang='lat' dir='ltr'><strong>servianisi</strong></span> <span class='ocrx_word' id='word_1_287' title='bbox 831 2211 926 2274; x_wconf 84' lang='lat' dir='ltr'><strong>illi,</strong></span> <span class='ocrx_word' id='word_1_288' title='bbox 953 2211 1019 2264; x_wconf 88' lang='lat' dir='ltr'><strong>de</strong></span> <span class='ocrx_word' id='word_1_289' title='bbox 1048 2225 1274 2278; x_wconf 89' lang='lat' dir='ltr'><strong>quorum</strong></span> <span class='ocrx_word' id='word_1_290' title='bbox 1297 2211 1478 2276; x_wconf 79' lang='lat' dir='ltr'><strong>capite</strong></span> <span class='ocrx_word' id='word_1_291' title='bbox 1508 2210 1576 2262; x_wconf 84' lang='lat' dir='ltr'><strong>ad</strong></span> <span class='ocrx_word' id='word_1_292' title='bbox 1603 2210 1731 2264; x_wconf 72' lang='lat' dir='ltr'><strong>bea.</strong></span> 
     </span>
    </p>
   </div>
   <div class='ocr_carea' id='block_1_39' title="bbox 143 2297 1730 2369">
    <p class='ocr_par' dir='ltr' id='par_1_39' title="bbox 143 2297 1730 2369">
     <span class='ocr_line' id='line_1_39' title="bbox 143 2297 1730 2369; baseline 0.001 -17"><span class='ocrx_word' id='word_1_293' title='bbox 143 2310 254 2352; x_wconf 88' lang='lat' dir='ltr'><strong>tum</strong></span> <span class='ocrx_word' id='word_1_294' title='bbox 275 2297 385 2352; x_wconf 79' lang='lat' dir='ltr'><strong>Joh</strong></span> <span class='ocrx_word' id='word_1_295' title='bbox 416 2300 672 2353; x_wconf 70' lang='lat' dir='ltr'><strong>Dominus</strong></span> <span class='ocrx_word' id='word_1_296' title='bbox 695 2299 822 2352; x_wconf 73' lang='lat' dir='ltr'><strong>dii-it</strong></span> <span class='ocrx_word' id='word_1_297' title='bbox 854 2317 866 2350; x_wconf 90' lang='lat'>:</span> <span class='ocrx_word' id='word_1_298' title='bbox 921 2297 1173 2369; x_wconf 75' lang='lat' dir='ltr'><strong>Nunquid</strong></span> <span class='ocrx_word' id='word_1_299' title='bbox 1214 2300 1436 2368; x_wconf 82' lang='lat' dir='ltr'><strong>accipies</strong></span> <span class='ocrx_word' id='word_1_300' title='bbox 1481 2315 1595 2352; x_wconf 84' lang='lat' dir='ltr'><strong>eum</strong></span> <span class='ocrx_word' id='word_1_301' title='bbox 1620 2316 1730 2354; x_wconf 78' lang='lat' dir='ltr'><strong>ser-</strong></span> 
     </span>
    </p>
   </div>
   <div class='ocr_carea' id='block_1_40' title="bbox 143 2388 1728 2459">
    <p class='ocr_par' dir='ltr' id='par_1_40' title="bbox 143 2388 1728 2459">
     <span class='ocr_line' id='line_1_40' title="bbox 143 2388 1728 2459; baseline 0.001 -17"><span class='ocrx_word' id='word_1_302' title='bbox 143 2407 250 2442; x_wconf 72' lang='lat' dir='ltr'><strong>mm</strong></span> <span class='ocrx_word' id='word_1_303' title='bbox 280 2389 654 2457; x_wconf 75' lang='lat' dir='ltr'><strong>sempiternum</strong></span> <span class='ocrx_word' id='word_1_304' title='bbox 677 2388 797 2459; x_wconf 83' lang='lat' dir='ltr'><strong>(Job</strong></span> <span class='ocrx_word' id='word_1_305' title='bbox 827 2406 916 2450; x_wconf 72' lang='grc' dir='ltr'>ιι..</span> <span class='ocrx_word' id='word_1_306' title='bbox 939 2389 1070 2458; x_wconf 74' lang='lat'><strong>&#39;25)?</strong></span> <span class='ocrx_word' id='word_1_307' title='bbox 1113 2388 1323 2458; x_wconf 78' lang='lat' dir='ltr'><strong>Matigni</strong></span> <span class='ocrx_word' id='word_1_308' title='bbox 1348 2405 1579 2458; x_wconf 78' lang='lat' dir='ltr'><strong>namque</strong></span> <span class='ocrx_word' id='word_1_309' title='bbox 1615 2391 1728 2459; x_wconf 86' lang='lat' dir='ltr'><strong>spi-</strong></span> 
     </span>
    </p>
   </div>
   <div class='ocr_carea' id='block_1_41' title="bbox 142 2479 1728 2544">
    <p class='ocr_par' dir='ltr' id='par_1_41' title="bbox 142 2479 1728 2544">
     <span class='ocr_line' id='line_1_41' title="bbox 142 2479 1728 2544; baseline 0.004 -13"><span class='ocrx_word' id='word_1_310' title='bbox 142 2480 271 2531; x_wconf 69' lang='lat' dir='ltr'><strong>ritus</strong></span> <span class='ocrx_word' id='word_1_311' title='bbox 306 2479 456 2531; x_wconf 78' lang='lat' dir='ltr'><strong>servi</strong></span> <span class='ocrx_word' id='word_1_312' title='bbox 486 2488 610 2532; x_wconf 83' lang='lat' dir='ltr'><strong>sunt</strong></span> <span class='ocrx_word' id='word_1_313' title='bbox 631 2489 941 2533; x_wconf 87' lang='lat' dir='ltr'><strong>sanctorum</strong></span> <span class='ocrx_word' id='word_1_314' title='bbox 967 2480 1272 2544; x_wconf 85' lang='lat' dir='ltr'><strong>hominum;</strong></span> <span class='ocrx_word' id='word_1_315' title='bbox 1302 2480 1395 2534; x_wconf 86' lang='lat' dir='ltr'><strong>sed</strong></span> <span class='ocrx_word' id='word_1_316' title='bbox 1428 2481 1478 2532; x_wconf 90' lang='lat' dir='ltr'><strong>in</strong></span> <span class='ocrx_word' id='word_1_317' title='bbox 1504 2481 1602 2534; x_wconf 88' lang='lat' dir='ltr'><strong>bac</strong></span> <span class='ocrx_word' id='word_1_318' title='bbox 1625 2481 1728 2538; x_wconf 77' lang='lat' dir='ltr'><strong>vita</strong></span> 
     </span>
    </p>
   </div>
   <div class='ocr_carea' id='block_1_42' title="bbox 141 2567 1726 2637">
    <p class='ocr_par' dir='ltr' id='par_1_42' title="bbox 141 2567 1726 2637">
     <span class='ocr_line' id='line_1_42' title="bbox 141 2567 1726 2637; baseline 0.004 -18"><span class='ocrx_word' id='word_1_319' title='bbox 141 2567 274 2620; x_wconf 81' lang='lat' dir='ltr'><strong>servi</strong></span> <span class='ocrx_word' id='word_1_320' title='bbox 301 2568 585 2636; x_wconf 72' lang='lat' dir='ltr'><strong>perpetui,</strong></span> <span class='ocrx_word' id='word_1_321' title='bbox 631 2568 683 2621; x_wconf 83' lang='lat' dir='ltr'><strong>in</strong></span> <span class='ocrx_word' id='word_1_322' title='bbox 715 2568 805 2621; x_wconf 89' lang='lat' dir='ltr'><strong>illa</strong></span> <span class='ocrx_word' id='word_1_323' title='bbox 832 2583 958 2623; x_wconf 90' lang='lat' dir='ltr'><strong>vero</strong></span> <span class='ocrx_word' id='word_1_324' title='bbox 985 2570 1124 2623; x_wconf 81' lang='lat' dir='ltr'><strong>servi</strong></span> <span class='ocrx_word' id='word_1_325' title='bbox 1154 2570 1491 2637; x_wconf 73' lang='lat' dir='ltr'><strong>sempiterni.</strong></span> <span class='ocrx_word' id='word_1_326' title='bbox 1533 2570 1726 2636; x_wconf 79' lang='lat' dir='ltr'><strong>Quoti-</strong></span> 
     </span>
    </p>
   </div>
   <div class='ocr_carea' id='block_1_43' title="bbox 143 2659 1725 2727">
    <p class='ocr_par' dir='ltr' id='par_1_43' title="bbox 143 2659 1725 2727">
     <span class='ocr_line' id='line_1_43' title="bbox 143 2659 1725 2727; baseline 0.005 -17"><span class='ocrx_word' id='word_1_327' title='bbox 143 2659 224 2711; x_wconf 75' lang='lat' dir='ltr'><strong>o’ie</strong></span> <span class='ocrx_word' id='word_1_328' title='bbox 252 2673 495 2726; x_wconf 81' lang='lat' dir='ltr'><strong>namque</strong></span> <span class='ocrx_word' id='word_1_329' title='bbox 524 2659 628 2712; x_wconf 88' lang='lat' dir='ltr'><strong>hoc</strong></span> <span class='ocrx_word' id='word_1_330' title='bbox 655 2660 923 2727; x_wconf 76' lang='lat' dir='ltr'><strong>ingerunt.</strong></span> <span class='ocrx_word' id='word_1_331' title='bbox 971 2659 1110 2714; x_wconf 88' lang='lat' dir='ltr'><strong>unde</strong></span> <span class='ocrx_word' id='word_1_332' title='bbox 1132 2661 1304 2714; x_wconf 88' lang='lat' dir='ltr'><strong>sancti</strong></span> <span class='ocrx_word' id='word_1_333' title='bbox 1334 2662 1430 2715; x_wconf 87' lang='lat' dir='ltr'><strong>viri</strong></span> <span class='ocrx_word' id='word_1_334' title='bbox 1457 2678 1725 2718; x_wconf 85' lang='lat' dir='ltr'><strong>coronen-</strong></span> 
     </span>
    </p>
   </div>
   <div class='ocr_carea' id='block_1_44' title="bbox 145 2748 1728 2821">
    <p class='ocr_par' dir='ltr' id='par_1_44' title="bbox 145 2748 1728 2821">
     <span class='ocr_line' id='line_1_44' title="bbox 145 2748 1728 2821; baseline 0.005 -20"><span class='ocrx_word' id='word_1_335' title='bbox 145 2757 244 2801; x_wconf 78' lang='lat' dir='ltr'><strong>tur.</strong></span> <span class='ocrx_word' id='word_1_336' title='bbox 271 2748 407 2802; x_wconf 84' lang='lat' dir='ltr'><strong>Nam</strong></span> <span class='ocrx_word' id='word_1_337' title='bbox 439 2765 564 2803; x_wconf 91' lang='lat' dir='ltr'><strong>cum</strong></span> <span class='ocrx_word' id='word_1_338' title='bbox 589 2764 654 2804; x_wconf 79' lang='lat' dir='ltr'><strong>ex</strong></span> <span class='ocrx_word' id='word_1_339' title='bbox 687 2751 871 2815; x_wconf 69' lang='lat' dir='ltr'><strong>praelia</strong></span> <span class='ocrx_word' id='word_1_340' title='bbox 905 2750 1064 2818; x_wconf 88' lang='lat' dir='ltr'><strong>hujus</strong></span> <span class='ocrx_word' id='word_1_341' title='bbox 1112 2753 1255 2820; x_wconf 68' lang='lat' dir='ltr'><strong>vitae,</strong></span> <span class='ocrx_word' id='word_1_342' title='bbox 1306 2761 1524 2807; x_wconf 62' lang='lat' dir='ltr'><strong>aeterna:</strong></span> <span class='ocrx_word' id='word_1_343' title='bbox 1545 2755 1728 2821; x_wconf 73' lang='lat' dir='ltr'><strong>glorias</strong></span> 
     </span>
    </p>
   </div>
   <div class='ocr_carea' id='block_1_45' title="bbox 148 2838 1724 2909">
    <p class='ocr_par' dir='ltr' id='par_1_45' title="bbox 148 2838 1724 2909">
     <span class='ocr_line' id='line_1_45' title="bbox 148 2838 1724 2909; baseline 0.006 -23"><span class='ocrx_word' id='word_1_344' title='bbox 148 2838 367 2890; x_wconf 66' lang='grc' dir='ltr'><strong>ιὶμιυτίει</strong></span> <span class='ocrx_word' id='word_1_345' title='bbox 402 2839 561 2892; x_wconf 88' lang='lat' dir='ltr'><strong>nobis</strong></span> <span class='ocrx_word' id='word_1_346' title='bbox 610 2840 801 2907; x_wconf 62' lang='lat' dir='ltr'><strong>praebe</strong></span> <span class='ocrx_word' id='word_1_347' title='bbox 829 2849 932 2904; x_wconf 89' lang='lat' dir='ltr'><strong>tur,</strong></span> <span class='ocrx_word' id='word_1_348' title='bbox 982 2841 1072 2909; x_wconf 90' lang='lat' dir='ltr'><strong>qui</strong></span> <span class='ocrx_word' id='word_1_349' title='bbox 1121 2851 1311 2895; x_wconf 88' lang='lat' dir='ltr'><strong>contra</strong></span> <span class='ocrx_word' id='word_1_350' title='bbox 1355 2859 1452 2896; x_wconf 91' lang='lat' dir='ltr'><strong>nos</strong></span> <span class='ocrx_word' id='word_1_351' title='bbox 1479 2859 1541 2897; x_wconf 84' lang='lat' dir='ltr'><strong>ea</strong></span> <span class='ocrx_word' id='word_1_352' title='bbox 1587 2844 1724 2898; x_wconf 66' lang='lat' dir='ltr'><strong>bella</strong></span> 
     </span>
    </p>
   </div>
   <div class='ocr_carea' id='block_1_46' title="bbox 146 2929 1727 3003">
    <p class='ocr_par' dir='ltr' id='par_1_46' title="bbox 146 2929 1727 3003">
     <span class='ocr_line' id='line_1_46' title="bbox 146 2929 1727 3003; baseline 0.008 -24"><span class='ocrx_word' id='word_1_353' title='bbox 146 2937 420 2992; x_wconf 69' lang='lat' dir='ltr'><strong>tonorant,</strong></span> <span class='ocrx_word' id='word_1_354' title='bbox 445 2929 643 2996; x_wconf 88' lang='lat' dir='ltr'><strong>quibus</strong></span> <span class='ocrx_word' id='word_1_355' title='bbox 660 2930 725 2982; x_wconf 68' lang='lat' dir='ltr'><strong>azl</strong></span> <span class='ocrx_word' id='word_1_356' title='bbox 756 2938 1013 2984; x_wconf 62' lang='lat' dir='ltr'><strong>aeternam</strong></span> <span class='ocrx_word' id='word_1_357' title='bbox 1044 2933 1282 3000; x_wconf 76' lang='lat' dir='ltr'><strong>requiem</strong></span> <span class='ocrx_word' id='word_1_358' title='bbox 1313 2933 1578 2998; x_wconf 85' lang='lat' dir='ltr'><strong>ducimur,</strong></span> <span class='ocrx_word' id='word_1_359' title='bbox 1601 2950 1727 3003; x_wconf 86' lang='lat' dir='ltr'><strong>pro-</strong></span> 
     </span>
    </p>
   </div>
   <div class='ocr_carea' id='block_1_47' title="bbox 145 3018 1724 3094">
    <p class='ocr_par' dir='ltr' id='par_1_47' title="bbox 145 3018 1724 3094">
     <span class='ocr_line' id='line_1_47' title="bbox 145 3018 1724 3094; baseline 0.008 -25"><span class='ocrx_word' id='word_1_360' title='bbox 145 3018 277 3071; x_wconf 84' lang='lat' dir='ltr'><strong>fecto</strong></span> <span class='ocrx_word' id='word_1_361' title='bbox 306 3020 470 3074; x_wconf 87' lang='lat' dir='ltr'><strong>nobis</strong></span> <span class='ocrx_word' id='word_1_362' title='bbox 499 3037 549 3074; x_wconf 85' lang='lat' dir='ltr'><strong>tn</strong></span> <span class='ocrx_word' id='word_1_363' title='bbox 570 3034 689 3089; x_wconf 85' lang='lat' dir='ltr'><strong>-gna</strong></span> <span class='ocrx_word' id='word_1_364' title='bbox 715 3024 930 3076; x_wconf 73' lang='lat' dir='ltr'><strong>servitia</strong></span> <span class='ocrx_word' id='word_1_365' title='bbox 963 3024 1298 3092; x_wconf 90' lang='lat' dir='ltr'><strong>impendunt.</strong></span> <span class='ocrx_word' id='word_1_366' title='bbox 1331 3025 1482 3078; x_wconf 59' lang='lat' dir='ltr'><strong>Servi</strong></span> <span class='ocrx_word' id='word_1_367' title='bbox 1509 3041 1724 3094; x_wconf 76' lang='lat' dir='ltr'><strong>quoque</strong></span> 
     </span>
    </p>
   </div>
   <div class='ocr_carea' id='block_1_48' title="bbox 1834 1851 3418 1920">
    <p class='ocr_par' dir='ltr' id='par_1_48' title="bbox 1834 1851 3418 1920">
     <span class='ocr_line' id='line_1_48' title="bbox 1834 1851 3418 1920; baseline 0.004 -15"><span class='ocrx_word' id='word_1_368' title='bbox 1834 1860 1978 1915; x_wconf 73' lang='lat' dir='ltr'><strong>stne,</strong></span> <span class='ocrx_word' id='word_1_369' title='bbox 2004 1851 2148 1904; x_wconf 87' lang='lat' dir='ltr'><strong>velut</strong></span> <span class='ocrx_word' id='word_1_370' title='bbox 2177 1851 2470 1908; x_wconf 84' lang='lat' dir='ltr'><strong>electarum</strong></span> <span class='ocrx_word' id='word_1_371' title='bbox 2501 1865 2764 1920; x_wconf 82' lang='lat' dir='ltr'><strong>segetum,</strong></span> <span class='ocrx_word' id='word_1_372' title='bbox 2798 1854 2900 1908; x_wconf 91' lang='lat' dir='ltr'><strong>cibi</strong></span> <span class='ocrx_word' id='word_1_373' title='bbox 2943 1855 3294 1911; x_wconf 87' lang='lat' dir='ltr'><strong>decimentur.</strong></span> <span class='ocrx_word' id='word_1_374' title='bbox 3326 1857 3418 1912; x_wconf 92' lang='lat' dir='ltr'><strong>Sic</strong></span> 
     </span>
    </p>
   </div>
   <div class='ocr_carea' id='block_1_49' title="bbox 1833 1937 3416 2014">
    <p class='ocr_par' dir='ltr' id='par_1_49' title="bbox 1833 1937 3416 2014">
     <span class='ocr_line' id='line_1_49' title="bbox 1833 1937 3416 2014; baseline 0.006 -24"><span class='ocrx_word' id='word_1_375' title='bbox 1833 1937 1911 1992; x_wconf 91' lang='lat' dir='ltr'><strong>sic</strong></span> <span class='ocrx_word' id='word_1_376' title='bbox 1940 1939 2186 1991; x_wconf 88' lang='lat' dir='ltr'><strong>nimirum</strong></span> <span class='ocrx_word' id='word_1_377' title='bbox 2215 1939 2516 1994; x_wconf 86' lang='lat' dir='ltr'><strong>castitatem</strong></span> <span class='ocrx_word' id='word_1_378' title='bbox 2545 1939 2746 2010; x_wconf 83' lang='lat' dir='ltr'><strong>Joseph</strong></span> <span class='ocrx_word' id='word_1_379' title='bbox 2806 1941 2960 2014; x_wconf 82' lang='lat' dir='ltr'><strong>(Gen.</strong></span> <span class='ocrx_word' id='word_1_380' title='bbox 2993 1960 3174 2009; x_wconf 75' lang='lat' dir='ltr'><strong>xxxix,</strong></span> <span class='ocrx_word' id='word_1_381' title='bbox 3207 1943 3287 2010; x_wconf 91' lang='lat'><strong>8),</strong></span> <span class='ocrx_word' id='word_1_382' title='bbox 3337 1945 3416 2001; x_wconf 91' lang='lat' dir='ltr'><strong>sic</strong></span> 
     </span>
    </p>
   </div>
   <div class='ocr_carea' id='block_1_50' title="bbox 1830 2023 3428 2102">
    <p class='ocr_par' dir='ltr' id='par_1_50' title="bbox 1830 2023 3428 2102">
     <span class='ocr_line' id='line_1_50' title="bbox 1830 2023 3428 2102; baseline 0.003 -24"><span class='ocrx_word' id='word_1_383' title='bbox 1830 2023 1932 2080; x_wconf 82' lang='lat' dir='ltr'><strong>Job</strong></span> <span class='ocrx_word' id='word_1_384' title='bbox 1954 2028 2267 2095; x_wconf 85' lang='lat' dir='ltr'><strong>patientiam</strong></span> <span class='ocrx_word' id='word_1_385' title='bbox 2297 2027 2438 2097; x_wconf 84' lang='lat' dir='ltr'><strong>(Job.</strong></span> <span class='ocrx_word' id='word_1_386' title='bbox 2464 2027 2634 2099; x_wconf 69' lang='lat'><strong>1,21),</strong></span> <span class='ocrx_word' id='word_1_387' title='bbox 2659 2031 2738 2085; x_wconf 93' lang='lat' dir='ltr'><strong>sic</strong></span> <span class='ocrx_word' id='word_1_388' title='bbox 2767 2032 2940 2086; x_wconf 85' lang='lat' dir='ltr'><strong>zelum</strong></span> <span class='ocrx_word' id='word_1_389' title='bbox 2969 2030 3200 2087; x_wconf 88' lang='lat' dir='ltr'><strong>Phinces</strong></span> <span class='ocrx_word' id='word_1_390' title='bbox 3222 2031 3428 2102; x_wconf 67' lang='lat' dir='ltr'><strong>(Num.-</strong></span> 
     </span>
    </p>
   </div>
   <div class='ocr_carea' id='block_1_51' title="bbox 1833 2117 3413 2194">
    <p class='ocr_par' dir='ltr' id='par_1_51' title="bbox 1833 2117 3413 2194">
     <span class='ocr_line' id='line_1_51' title="bbox 1833 2117 3413 2194; baseline 0.006 -25"><span class='ocrx_word' id='word_1_391' title='bbox 1833 2131 1960 2182; x_wconf 72' lang='grc' dir='ltr'>χιιι,</span> <span class='ocrx_word' id='word_1_392' title='bbox 1995 2117 2048 2186; x_wconf 86' lang='grc'><strong>7)</strong></span> <span class='ocrx_word' id='word_1_393' title='bbox 2097 2119 2164 2173; x_wconf 88' lang='lat' dir='ltr'><strong>ad</strong></span> <span class='ocrx_word' id='word_1_394' title='bbox 2196 2120 2501 2190; x_wconf 80' lang='lat' dir='ltr'><strong>exemplum</strong></span> <span class='ocrx_word' id='word_1_395' title='bbox 2549 2131 2792 2176; x_wconf 83' lang='lat' dir='ltr'><strong>nostrum</strong></span> <span class='ocrx_word' id='word_1_396' title='bbox 2821 2124 3203 2193; x_wconf 70' lang='lat' dir='ltr'><strong>prmdicatores</strong></span> <span class='ocrx_word' id='word_1_397' title='bbox 3230 2125 3413 2194; x_wconf 84' lang='lat' dir='ltr'><strong>profe-</strong></span> 
     </span>
    </p>
   </div>
   <div class='ocr_carea' id='block_1_52' title="bbox 1831 2209 3409 2280">
    <p class='ocr_par' dir='ltr' id='par_1_52' title="bbox 1831 2209 3409 2280">
     <span class='ocr_line' id='line_1_52' title="bbox 1831 2209 3409 2280; baseline 0.004 -20"><span class='ocrx_word' id='word_1_398' title='bbox 1831 2216 2001 2262; x_wconf 88' lang='lat' dir='ltr'><strong>runt:</strong></span> <span class='ocrx_word' id='word_1_399' title='bbox 2052 2209 2179 2277; x_wconf 87' lang='lat' dir='ltr'><strong>quia</strong></span> <span class='ocrx_word' id='word_1_400' title='bbox 2231 2209 2358 2263; x_wconf 91' lang='lat' dir='ltr'><strong>dum</strong></span> <span class='ocrx_word' id='word_1_401' title='bbox 2409 2209 2769 2280; x_wconf 84' lang='lat' dir='ltr'><strong>perfectorum</strong></span> <span class='ocrx_word' id='word_1_402' title='bbox 2819 2212 3046 2268; x_wconf 89' lang='lat' dir='ltr'><strong>virtutes</strong></span> <span class='ocrx_word' id='word_1_403' title='bbox 3081 2213 3409 2278; x_wconf 89' lang='lat' dir='ltr'><strong>ostendunt,</strong></span> 
     </span>
    </p>
   </div>
   <div class='ocr_carea' id='block_1_53' title="bbox 1833 2297 3410 2372">
    <p class='ocr_par' dir='ltr' id='par_1_53' title="bbox 1833 2297 3410 2372">
     <span class='ocr_line' id='line_1_53' title="bbox 1833 2297 3410 2372; baseline 0.004 -21"><span class='ocrx_word' id='word_1_404' title='bbox 1833 2297 1978 2352; x_wconf 87' lang='lat' dir='ltr'><strong>velut</strong></span> <span class='ocrx_word' id='word_1_405' title='bbox 2023 2299 2317 2354; x_wconf 88' lang='lat' dir='ltr'><strong>electarum</strong></span> <span class='ocrx_word' id='word_1_406' title='bbox 2349 2301 2601 2355; x_wconf 89' lang='lat' dir='ltr'><strong>messium</strong></span> <span class='ocrx_word' id='word_1_407' title='bbox 2627 2301 2862 2357; x_wconf 79' lang='lat' dir='ltr'><strong>decimas</strong></span> <span class='ocrx_word' id='word_1_408' title='bbox 2891 2312 3244 2372; x_wconf 85' lang='lat' dir='ltr'><strong>congregant,</strong></span> <span class='ocrx_word' id='word_1_409' title='bbox 3273 2319 3410 2372; x_wconf 89' lang='lat' dir='ltr'><strong>quas</strong></span> 
     </span>
    </p>
   </div>
   <div class='ocr_carea' id='block_1_54' title="bbox 1831 2387 3409 2459">
    <p class='ocr_par' dir='ltr' id='par_1_54' title="bbox 1831 2387 3409 2459">
     <span class='ocr_line' id='line_1_54' title="bbox 1831 2387 3409 2459; baseline 0.003 -17"><span class='ocrx_word' id='word_1_410' title='bbox 1831 2389 1968 2443; x_wconf 84' lang='lat' dir='ltr'><strong>bene</strong></span> <span class='ocrx_word' id='word_1_411' title='bbox 2023 2387 2424 2457; x_wconf 80' lang='lat' dir='ltr'><strong>proficientibus</strong></span> <span class='ocrx_word' id='word_1_412' title='bbox 2453 2399 2749 2459; x_wconf 88' lang='lat' dir='ltr'><strong>apponant.</strong></span> <span class='ocrx_word' id='word_1_413' title='bbox 2800 2390 2951 2446; x_wconf 89' lang='lat' dir='ltr'><strong>Unde</strong></span> <span class='ocrx_word' id='word_1_414' title='bbox 2987 2402 3043 2445; x_wconf 84' lang='lat' dir='ltr'><strong>et</strong></span> <span class='ocrx_word' id='word_1_415' title='bbox 3071 2393 3207 2447; x_wconf 90' lang='lat' dir='ltr'><strong>bene</strong></span> <span class='ocrx_word' id='word_1_416' title='bbox 3235 2408 3409 2447; x_wconf 90' lang='lat' dir='ltr'><strong>eunu-</strong></span> 
     </span>
    </p>
   </div>
   <div class='ocr_carea' id='block_1_55' title="bbox 1829 2476 3412 2552">
    <p class='ocr_par' dir='ltr' id='par_1_55' title="bbox 1829 2476 3412 2552">
     <span class='ocr_line' id='line_1_55' title="bbox 1829 2476 3412 2552; baseline 0.001 -20"><span class='ocrx_word' id='word_1_417' title='bbox 1829 2477 1941 2532; x_wconf 89' lang='lat' dir='ltr'><strong>chis</strong></span> <span class='ocrx_word' id='word_1_418' title='bbox 1971 2476 2259 2532; x_wconf 85' lang='lat' dir='ltr'><strong>etfamulis</strong></span> <span class='ocrx_word' id='word_1_419' title='bbox 2301 2478 2502 2533; x_wconf 72' lang='lat' dir='ltr'><strong>cardern</strong></span> <span class='ocrx_word' id='word_1_420' title='bbox 2549 2477 2762 2546; x_wconf 87' lang='lat' dir='ltr'><strong>frugum</strong></span> <span class='ocrx_word' id='word_1_421' title='bbox 2813 2480 3034 2534; x_wconf 70' lang='lat' dir='ltr'><strong>decima:</strong></span> <span class='ocrx_word' id='word_1_422' title='bbox 3073 2481 3190 2536; x_wconf 88' lang='lat' dir='ltr'><strong>dari</strong></span> <span class='ocrx_word' id='word_1_423' title='bbox 3219 2481 3412 2552; x_wconf 74' lang='lat' dir='ltr'><strong>prmdi-</strong></span> 
     </span>
    </p>
   </div>
   <div class='ocr_carea' id='block_1_56' title="bbox 1829 2569 3409 2639">
    <p class='ocr_par' dir='ltr' id='par_1_56' title="bbox 1829 2569 3409 2639">
     <span class='ocr_line' id='line_1_56' title="bbox 1829 2569 3409 2639; baseline 0 -15"><span class='ocrx_word' id='word_1_424' title='bbox 1829 2579 2044 2624; x_wconf 90' lang='lat' dir='ltr'><strong>cuntur.</strong></span> <span class='ocrx_word' id='word_1_425' title='bbox 2072 2569 2316 2624; x_wconf 87' lang='lat' dir='ltr'><strong>Eunuchi</strong></span> <span class='ocrx_word' id='word_1_426' title='bbox 2345 2573 2540 2639; x_wconf 86' lang='lat' dir='ltr'><strong>quippe</strong></span> <span class='ocrx_word' id='word_1_427' title='bbox 2558 2583 2703 2635; x_wconf 87' lang='lat' dir='ltr'><strong>sunt,</strong></span> <span class='ocrx_word' id='word_1_428' title='bbox 2727 2571 2817 2639; x_wconf 91' lang='lat' dir='ltr'><strong>qui</strong></span> <span class='ocrx_word' id='word_1_429' title='bbox 2846 2572 3009 2626; x_wconf 90' lang='lat' dir='ltr'><strong>animi</strong></span> <span class='ocrx_word' id='word_1_430' title='bbox 3041 2572 3259 2638; x_wconf 83' lang='lat' dir='ltr'><strong>virtute,</strong></span> <span class='ocrx_word' id='word_1_431' title='bbox 3292 2587 3409 2625; x_wconf 90' lang='lat' dir='ltr'><strong>om-</strong></span> 
     </span>
    </p>
   </div>
   <div class='ocr_carea' id='block_1_57' title="bbox 1828 2658 3408 2732">
    <p class='ocr_par' dir='ltr' id='par_1_57' title="bbox 1828 2658 3408 2732">
     <span class='ocr_line' id='line_1_57' title="bbox 1828 2658 3408 2732; baseline 0.003 -21"><span class='ocrx_word' id='word_1_432' title='bbox 1828 2658 1915 2712; x_wconf 88' lang='lat' dir='ltr'><strong>nia</strong></span> <span class='ocrx_word' id='word_1_433' title='bbox 1972 2659 2024 2712; x_wconf 89' lang='lat' dir='ltr'><strong>in</strong></span> <span class='ocrx_word' id='word_1_434' title='bbox 2054 2673 2113 2712; x_wconf 90' lang='lat' dir='ltr'><strong>se</strong></span> <span class='ocrx_word' id='word_1_435' title='bbox 2144 2659 2376 2713; x_wconf 90' lang='lat' dir='ltr'><strong>libidinis</strong></span> <span class='ocrx_word' id='word_1_436' title='bbox 2423 2659 2657 2714; x_wconf 86' lang='lat' dir='ltr'><strong>fomenta</strong></span> <span class='ocrx_word' id='word_1_437' title='bbox 2682 2662 3068 2715; x_wconf 82' lang='lat' dir='ltr'><strong>contriverunt.</strong></span> <span class='ocrx_word' id='word_1_438' title='bbox 3114 2661 3189 2716; x_wconf 90' lang='lat' dir='ltr'><strong>De</strong></span> <span class='ocrx_word' id='word_1_439' title='bbox 3214 2661 3408 2732; x_wconf 90' lang='lat' dir='ltr'><strong>quibus</strong></span> 
     </span>
    </p>
   </div>
   <div class='ocr_carea' id='block_1_58' title="bbox 1828 2746 3408 2815">
    <p class='ocr_par' dir='ltr' id='par_1_58' title="bbox 1828 2746 3408 2815">
     <span class='ocr_line' id='line_1_58' title="bbox 1828 2746 3408 2815; baseline 0.003 -17"><span class='ocrx_word' id='word_1_440' title='bbox 1828 2747 2079 2799; x_wconf 90' lang='lat' dir='ltr'><strong>nimirum</strong></span> <span class='ocrx_word' id='word_1_441' title='bbox 2111 2747 2161 2800; x_wconf 93' lang='lat' dir='ltr'><strong>in</strong></span> <span class='ocrx_word' id='word_1_442' title='bbox 2193 2746 2486 2815; x_wconf 83' lang='lat' dir='ltr'><strong>Evangelia</strong></span> <span class='ocrx_word' id='word_1_443' title='bbox 2523 2749 2779 2802; x_wconf 86' lang='lat' dir='ltr'><strong>Dominus</strong></span> <span class='ocrx_word' id='word_1_444' title='bbox 2807 2749 2933 2802; x_wconf 90' lang='lat' dir='ltr'><strong>dicit</strong></span> <span class='ocrx_word' id='word_1_445' title='bbox 2966 2768 2979 2802; x_wconf 90' lang='lat'>:</span> <span class='ocrx_word' id='word_1_446' title='bbox 3014 2750 3147 2804; x_wconf 90' lang='lat' dir='ltr'><strong>Sunt</strong></span> <span class='ocrx_word' id='word_1_447' title='bbox 3167 2750 3408 2815; x_wconf 79' lang='lat' dir='ltr'><strong>eumtchi,</strong></span> 
     </span>
    </p>
   </div>
   <div class='ocr_carea' id='block_1_59' title="bbox 1826 2836 3406 2907">
    <p class='ocr_par' dir='ltr' id='par_1_59' title="bbox 1826 2836 3406 2907">
     <span class='ocr_line' id='line_1_59' title="bbox 1826 2836 3406 2907; baseline 0.002 -21"><span class='ocrx_word' id='word_1_448' title='bbox 1826 2836 1911 2903; x_wconf 88' lang='lat' dir='ltr'><strong>qui</strong></span> <span class='ocrx_word' id='word_1_449' title='bbox 1939 2844 2289 2888; x_wconf 84' lang='lat' dir='ltr'><strong>castraverunt</strong></span> <span class='ocrx_word' id='word_1_450' title='bbox 2317 2851 2374 2888; x_wconf 85' lang='lat' dir='ltr'><strong>se</strong></span> <span class='ocrx_word' id='word_1_451' title='bbox 2402 2845 2608 2904; x_wconf 82' lang='lat' dir='ltr'><strong>propter</strong></span> <span class='ocrx_word' id='word_1_452' title='bbox 2654 2853 2866 2906; x_wconf 71' lang='lat' dir='ltr'><strong>regnum</strong></span> <span class='ocrx_word' id='word_1_453' title='bbox 2903 2838 3145 2891; x_wconf 70' lang='lat' dir='ltr'><strong>caelorum</strong></span> <span class='ocrx_word' id='word_1_454' title='bbox 3189 2836 3406 2907; x_wconf 79' lang='lat' dir='ltr'><strong>(Matth.</strong></span> 
     </span>
    </p>
   </div>
   <div class='ocr_carea' id='block_1_60' title="bbox 1827 2923 3407 2992">
    <p class='ocr_par' dir='ltr' id='par_1_60' title="bbox 1827 2923 3407 2992">
     <span class='ocr_line' id='line_1_60' title="bbox 1827 2923 3407 2992; baseline 0.001 -15"><span class='ocrx_word' id='word_1_455' title='bbox 1827 2940 1942 2990; x_wconf 76' lang='lat' dir='ltr'><strong>xix,</strong></span> <span class='ocrx_word' id='word_1_456' title='bbox 1975 2923 2083 2992; x_wconf 66' lang='lat' dir='ltr'><strong>l2).</strong></span> <span class='ocrx_word' id='word_1_457' title='bbox 2117 2923 2323 2978; x_wconf 86' lang='lat' dir='ltr'><strong>Famuli</strong></span> <span class='ocrx_word' id='word_1_458' title='bbox 2350 2935 2494 2989; x_wconf 88' lang='lat' dir='ltr'><strong>sunt,</strong></span> <span class='ocrx_word' id='word_1_459' title='bbox 2543 2925 2632 2992; x_wconf 91' lang='lat' dir='ltr'><strong>qui</strong></span> <span class='ocrx_word' id='word_1_460' title='bbox 2662 2927 2835 2979; x_wconf 81' lang='lat' dir='ltr'><strong>athuc</strong></span> <span class='ocrx_word' id='word_1_461' title='bbox 2858 2925 3050 2980; x_wconf 86' lang='lat' dir='ltr'><strong>studiis</strong></span> <span class='ocrx_word' id='word_1_462' title='bbox 3071 2927 3193 2980; x_wconf 83' lang='lat' dir='ltr'><strong>vitae</strong></span> <span class='ocrx_word' id='word_1_463' title='bbox 3215 2928 3407 2980; x_wconf 72' lang='lat' dir='ltr'><strong>activze</strong></span> 
     </span>
    </p>
   </div>
   <div class='ocr_carea' id='block_1_61' title="bbox 1827 3015 3409 3076">
    <p class='ocr_par' dir='ltr' id='par_1_61' title="bbox 1827 3015 3409 3076">
     <span class='ocr_line' id='line_1_61' title="bbox 1827 3015 3409 3076; baseline 0.001 -9"><span class='ocrx_word' id='word_1_464' title='bbox 1827 3016 1931 3069; x_wconf 68' lang='lat' dir='ltr'><strong>sub</strong></span> <span class='ocrx_word' id='word_1_465' title='bbox 1950 3015 2031 3068; x_wconf 82' lang='lat' dir='ltr'><strong>ali.</strong></span> <span class='ocrx_word' id='word_1_466' title='bbox 2054 3031 2122 3070; x_wconf 89' lang='lat' dir='ltr'><strong>na</strong></span> <span class='ocrx_word' id='word_1_467' title='bbox 2173 3030 2301 3070; x_wconf 89' lang='lat' dir='ltr'><strong>cura</strong></span> <span class='ocrx_word' id='word_1_468' title='bbox 2328 3016 2646 3076; x_wconf 89' lang='lat' dir='ltr'><strong>inserviunt,</strong></span> <span class='ocrx_word' id='word_1_469' title='bbox 2689 3025 2744 3069; x_wconf 91' lang='lat' dir='ltr'><strong>et</strong></span> <span class='ocrx_word' id='word_1_470' title='bbox 2772 3016 2838 3069; x_wconf 88' lang='lat' dir='ltr'><strong>ad</strong></span> <span class='ocrx_word' id='word_1_471' title='bbox 2871 3015 3207 3070; x_wconf 87' lang='lat' dir='ltr'><strong>altitudinem</strong></span> <span class='ocrx_word' id='word_1_472' title='bbox 3230 3015 3409 3072; x_wconf 86' lang='lat' dir='ltr'><strong>chari-</strong></span> 
     </span>
    </p>
   </div>
   <div class='ocr_carea' id='block_1_62' title="bbox 145 3105 1742 3185">
    <p class='ocr_par' dir='ltr' id='par_1_62' title="bbox 145 3107 1717 3185">
     <span class='ocr_line' id='line_1_62' title="bbox 145 3107 1717 3185; baseline 0.008 -28"><span class='ocrx_word' id='word_1_473' title='bbox 145 3107 404 3161; x_wconf 77' lang='lat' dir='ltr'><strong>victorum</strong></span> <span class='ocrx_word' id='word_1_474' title='bbox 425 3118 572 3171; x_wconf 89' lang='lat' dir='ltr'><strong>sunt,</strong></span> <span class='ocrx_word' id='word_1_475' title='bbox 604 3120 832 3165; x_wconf 85' lang='lat' dir='ltr'><strong>testante</strong></span> <span class='ocrx_word' id='word_1_476' title='bbox 853 3113 1082 3166; x_wconf 81' lang='lat' dir='ltr'><strong>veritate</strong></span> <span class='ocrx_word' id='word_1_477' title='bbox 1114 3131 1126 3165; x_wconf 90' lang='lat'>:</span> <span class='ocrx_word' id='word_1_478' title='bbox 1155 3114 1196 3165; x_wconf 79' lang='grc' dir='ltr'><em>Α</em></span> <span class='ocrx_word' id='word_1_479' title='bbox 1219 3131 1319 3184; x_wconf 83' lang='lat' dir='ltr'><strong>quo</strong></span> <span class='ocrx_word' id='word_1_480' title='bbox 1341 3117 1454 3185; x_wconf 86' lang='lat' dir='ltr'><strong>quis</strong></span> <span class='ocrx_word' id='word_1_481' title='bbox 1482 3117 1717 3182; x_wconf 69' lang='lat' dir='ltr'><strong>vincitur,</strong></span> 
     </span>
    </p>
   </div>
   <div class='ocr_carea' id='block_1_63' title="bbox 1831 3105 3405 3185">
    <p class='ocr_par' dir='ltr' id='par_1_63' title="bbox 1831 3105 3405 3178">
     <span class='ocr_line' id='line_1_63' title="bbox 1831 3105 3405 3178; baseline 0.006 -24"><span class='ocrx_word' id='word_1_482' title='bbox 1831 3107 1960 3159; x_wconf 87' lang='lat' dir='ltr'><strong>tatis</strong></span> <span class='ocrx_word' id='word_1_483' title='bbox 1979 3106 2130 3160; x_wconf 91' lang='lat' dir='ltr'><strong>liheri</strong></span> <span class='ocrx_word' id='word_1_484' title='bbox 2165 3105 2339 3160; x_wconf 86' lang='lat' dir='ltr'><strong>adhuc</strong></span> <span class='ocrx_word' id='word_1_485' title='bbox 2368 3106 2518 3162; x_wconf 76' lang='lat' dir='ltr'><strong>exire</strong></span> <span class='ocrx_word' id='word_1_486' title='bbox 2567 3121 2673 3160; x_wconf 91' lang='lat' dir='ltr'><strong>non</strong></span> <span class='ocrx_word' id='word_1_487' title='bbox 2729 3116 2970 3175; x_wconf 86' lang='lat' dir='ltr'><strong>possunt.</strong></span> <span class='ocrx_word' id='word_1_488' title='bbox 3028 3109 3128 3174; x_wconf 87' lang='lat' dir='ltr'><strong>Qui</strong></span> <span class='ocrx_word' id='word_1_489' title='bbox 3178 3116 3233 3162; x_wconf 89' lang='lat' dir='ltr'><strong>et</strong></span> <span class='ocrx_word' id='word_1_490' title='bbox 3261 3109 3405 3178; x_wconf 90' lang='lat' dir='ltr'><strong>apud</strong></span> 
     </span>
    </p>
   </div>
   <div class='ocr_carea' id='block_1_64' title="bbox 142 3198 1728 3274">
    <p class='ocr_par' dir='ltr' id='par_1_64' title="bbox 142 3198 1728 3274">
     <span class='ocr_line' id='line_1_64' title="bbox 142 3198 1728 3274; baseline 0.008 -28"><span class='ocrx_word' id='word_1_491' title='bbox 142 3198 246 3264; x_wconf 70' lang='lat' dir='ltr'><strong>ejus</strong></span> <span class='ocrx_word' id='word_1_492' title='bbox 270 3214 451 3251; x_wconf 75' lang='lat' dir='ltr'><strong>serens</strong></span> <span class='ocrx_word' id='word_1_493' title='bbox 475 3201 705 3269; x_wconf 74' lang='lat' dir='ltr'><strong>efﬁcitur</strong></span> <span class='ocrx_word' id='word_1_494' title='bbox 727 3199 813 3267; x_wconf 82' lang='lat' dir='ltr'><strong>(II</strong></span> <span class='ocrx_word' id='word_1_495' title='bbox 848 3199 992 3255; x_wconf 79' lang='lat' dir='ltr'><strong>Petr.</strong></span> <span class='ocrx_word' id='word_1_496' title='bbox 1018 3217 1072 3264; x_wconf 88' lang='grc' dir='ltr'>ιι,</span> <span class='ocrx_word' id='word_1_497' title='bbox 1111 3202 1221 3271; x_wconf 77' lang='grc'><strong>19).</strong></span> <span class='ocrx_word' id='word_1_498' title='bbox 1272 3203 1404 3257; x_wconf 87' lang='lat' dir='ltr'><strong>Nam</strong></span> <span class='ocrx_word' id='word_1_499' title='bbox 1433 3204 1559 3258; x_wconf 85' lang='lat' dir='ltr'><strong>dum</strong></span> <span class='ocrx_word' id='word_1_500' title='bbox 1589 3221 1728 3274; x_wconf 53' lang='lat' dir='ltr'><strong>prus»</strong></span> 
     </span>
    </p>
   </div>
   <div class='ocr_carea' id='block_1_65' title="bbox 143 3287 1726 3360">
    <p class='ocr_par' dir='ltr' id='par_1_65' title="bbox 143 3287 1726 3360">
     <span class='ocr_line' id='line_1_65' title="bbox 143 3287 1726 3360; baseline 0.009 -23"><span class='ocrx_word' id='word_1_501' title='bbox 143 3287 208 3338; x_wconf 68' lang='lat' dir='ltr'><strong>li:</strong></span> <span class='ocrx_word' id='word_1_502' title='bbox 229 3299 420 3341; x_wconf 74' lang='grc' dir='ltr'>ωιιιηι</span> <span class='ocrx_word' id='word_1_503' title='bbox 443 3305 562 3356; x_wconf 85' lang='lat' dir='ltr'><strong>eos,</strong></span> <span class='ocrx_word' id='word_1_504' title='bbox 605 3291 696 3360; x_wconf 92' lang='lat' dir='ltr'><strong>qui</strong></span> <span class='ocrx_word' id='word_1_505' title='bbox 729 3291 925 3345; x_wconf 69' lang='lat' dir='ltr'><strong>victuri</strong></span> <span class='ocrx_word' id='word_1_506' title='bbox 969 3303 1115 3356; x_wconf 89' lang='lat' dir='ltr'><strong>sunt,</strong></span> <span class='ocrx_word' id='word_1_507' title='bbox 1173 3295 1432 3360; x_wconf 65' lang='lat' dir='ltr'><strong>esttitant,</strong></span> <span class='ocrx_word' id='word_1_508' title='bbox 1483 3298 1726 3351; x_wconf 88' lang='lat' dir='ltr'><strong>serviunt</strong></span> 
     </span>
    </p>
   </div>
   <div class='ocr_carea' id='block_1_66' title="bbox 141 3378 1723 3454">
    <p class='ocr_par' dir='ltr' id='par_1_66' title="bbox 141 3378 1723 3454">
     <span class='ocr_line' id='line_1_66' title="bbox 141 3378 1723 3454; baseline 0.011 -28"><span class='ocrx_word' id='word_1_509' title='bbox 141 3378 238 3441; x_wconf 63' lang='lat' dir='ltr'><strong>eis,</strong></span> <span class='ocrx_word' id='word_1_510' title='bbox 289 3380 388 3447; x_wconf 72' lang='grc' dir='ltr'>(ι.ιὶ</span> <span class='ocrx_word' id='word_1_511' title='bbox 435 3380 560 3434; x_wconf 89' lang='lat' dir='ltr'><strong>inde</strong></span> <span class='ocrx_word' id='word_1_512' title='bbox 600 3391 948 3447; x_wconf 88' lang='lat' dir='ltr'><strong>coronantur,</strong></span> <span class='ocrx_word' id='word_1_513' title='bbox 998 3385 1142 3438; x_wconf 89' lang='lat' dir='ltr'><strong>unde</strong></span> <span class='ocrx_word' id='word_1_514' title='bbox 1169 3385 1235 3437; x_wconf 92' lang='lat' dir='ltr'><strong>ad</strong></span> <span class='ocrx_word' id='word_1_515' title='bbox 1285 3394 1498 3454; x_wconf 90' lang='lat' dir='ltr'><strong>tempus</strong></span> <span class='ocrx_word' id='word_1_516' title='bbox 1535 3404 1723 3442; x_wconf 86' lang='lat' dir='ltr'><strong>eorum</strong></span> 
     </span>
    </p>
   </div>
   <div class='ocr_carea' id='block_1_67' title="bbox 141 3470 1722 3542">
    <p class='ocr_par' dir='ltr' id='par_1_67' title="bbox 141 3470 1722 3542">
     <span class='ocr_line' id='line_1_67' title="bbox 141 3470 1722 3542; baseline 0.009 -23"><span class='ocrx_word' id='word_1_517' title='bbox 141 3470 317 3536; x_wconf 70' lang='lat' dir='ltr'><strong>pra-tia</strong></span> <span class='ocrx_word' id='word_1_518' title='bbox 343 3479 600 3537; x_wconf 87' lang='lat' dir='ltr'><strong>potenter</strong></span> <span class='ocrx_word' id='word_1_519' title='bbox 621 3473 912 3540; x_wconf 69' lang='lat' dir='ltr'><strong>eac‘piuzit.</strong></span> <span class='ocrx_word' id='word_1_520' title='bbox 946 3472 1052 3526; x_wconf 68' lang='lat' dir='ltr'><strong>Sed</strong></span> <span class='ocrx_word' id='word_1_521' title='bbox 1082 3475 1205 3540; x_wconf 87' lang='lat' dir='ltr'><strong>quia</strong></span> <span class='ocrx_word' id='word_1_522' title='bbox 1231 3474 1375 3542; x_wconf 90' lang='lat' dir='ltr'><strong>quod</strong></span> <span class='ocrx_word' id='word_1_523' title='bbox 1405 3476 1472 3529; x_wconf 85' lang='lat' dir='ltr'><strong>ad</strong></span> <span class='ocrx_word' id='word_1_524' title='bbox 1502 3486 1722 3535; x_wconf 81' lang='lat' dir='ltr'><strong>sancto-</strong></span> 
     </span>
    </p>
   </div>
   <div class='ocr_carea' id='block_1_68' title="bbox 143 3562 1719 3636">
    <p class='ocr_par' dir='ltr' id='par_1_68' title="bbox 143 3562 1719 3636">
     <span class='ocr_line' id='line_1_68' title="bbox 143 3562 1719 3636; baseline 0.007 -23"><span class='ocrx_word' id='word_1_525' title='bbox 143 3575 255 3613; x_wconf 88' lang='lat' dir='ltr'><strong>rum</strong></span> <span class='ocrx_word' id='word_1_526' title='bbox 294 3562 521 3628; x_wconf 76' lang='lat' dir='ltr'><strong>gloriam</strong></span> <span class='ocrx_word' id='word_1_527' title='bbox 556 3563 782 3629; x_wconf 79' lang='lat' dir='ltr'><strong>proﬁcit,</strong></span> <span class='ocrx_word' id='word_1_528' title='bbox 839 3565 1084 3633; x_wconf 78' lang='lat' dir='ltr'><strong>malignis</strong></span> <span class='ocrx_word' id='word_1_529' title='bbox 1113 3567 1389 3636; x_wconf 90' lang='lat' dir='ltr'><strong>spiritibus</strong></span> <span class='ocrx_word' id='word_1_530' title='bbox 1429 3569 1626 3623; x_wconf 88' lang='lat' dir='ltr'><strong>crescit</strong></span> <span class='ocrx_word' id='word_1_531' title='bbox 1666 3570 1719 3624; x_wconf 92' lang='lat' dir='ltr'><strong>in</strong></span> 
     </span>
    </p>
   </div>
   <div class='ocr_carea' id='block_1_69' title="bbox 144 3650 1722 3724">
    <p class='ocr_par' dir='ltr' id='par_1_69' title="bbox 144 3650 1722 3724">
     <span class='ocr_line' id='line_1_69' title="bbox 144 3650 1722 3724; baseline 0.007 -22"><span class='ocrx_word' id='word_1_532' title='bbox 144 3650 502 3707; x_wconf 62' lang='lat' dir='ltr'><strong>«taninationis</strong></span> <span class='ocrx_word' id='word_1_533' title='bbox 548 3663 916 3720; x_wconf 85' lang='lat' dir='ltr'><strong>augmentum,</strong></span> <span class='ocrx_word' id='word_1_534' title='bbox 972 3655 1134 3710; x_wconf 89' lang='lat' dir='ltr'><strong>ablati</strong></span> <span class='ocrx_word' id='word_1_535' title='bbox 1159 3657 1296 3724; x_wconf 87' lang='lat' dir='ltr'><strong>agri,</strong></span> <span class='ocrx_word' id='word_1_536' title='bbox 1339 3667 1393 3712; x_wconf 89' lang='lat' dir='ltr'><strong>et</strong></span> <span class='ocrx_word' id='word_1_537' title='bbox 1425 3659 1615 3724; x_wconf 73' lang='lat' dir='ltr'><strong>vinem,</strong></span> <span class='ocrx_word' id='word_1_538' title='bbox 1667 3666 1722 3713; x_wconf 89' lang='lat' dir='ltr'><strong>et</strong></span> 
     </span>
    </p>
   </div>
   <div class='ocr_carea' id='block_1_70' title="bbox 142 3742 1716 3814">
    <p class='ocr_par' dir='ltr' id='par_1_70' title="bbox 142 3742 1716 3814">
     <span class='ocr_line' id='line_1_70' title="bbox 142 3742 1716 3814; baseline 0.004 -22"><span class='ocrx_word' id='word_1_539' title='bbox 142 3742 257 3793; x_wconf 66' lang='lat' dir='ltr'><strong>&quot;HV!</strong></span> <span class='ocrx_word' id='word_1_540' title='bbox 281 3753 331 3794; x_wconf 86' lang='lat' dir='ltr'><strong>ta</strong></span> <span class='ocrx_word' id='word_1_541' title='bbox 374 3743 550 3796; x_wconf 81' lang='lat' dir='ltr'><strong>servis</strong></span> <span class='ocrx_word' id='word_1_542' title='bbox 579 3744 908 3797; x_wconf 87' lang='lat' dir='ltr'><strong>tribuuntur.</strong></span> <span class='ocrx_word' id='word_1_543' title='bbox 964 3743 1042 3798; x_wconf 86' lang='lat' dir='ltr'><strong>De</strong></span> <span class='ocrx_word' id='word_1_544' title='bbox 1069 3744 1217 3798; x_wconf 90' lang='lat' dir='ltr'><strong>omni</strong></span> <span class='ocrx_word' id='word_1_545' title='bbox 1266 3744 1484 3814; x_wconf 78' lang='lat' dir='ltr'><strong>quidem</strong></span> <span class='ocrx_word' id='word_1_546' title='bbox 1514 3746 1716 3801; x_wconf 84' lang='lat' dir='ltr'><strong>malitia</strong></span> 
     </span>
    </p>
   </div>
   <div class='ocr_carea' id='block_1_71' title="bbox 141 3834 1721 3906">
    <p class='ocr_par' dir='ltr' id='par_1_71' title="bbox 141 3834 1721 3906">
     <span class='ocr_line' id='line_1_71' title="bbox 141 3834 1721 3906; baseline 0.007 -22"><span class='ocrx_word' id='word_1_547' title='bbox 141 3847 229 3885; x_wconf 82' lang='lat' dir='ltr'><strong>sua</strong></span> <span class='ocrx_word' id='word_1_548' title='bbox 257 3834 535 3889; x_wconf 69' lang='lat' dir='ltr'><strong>dmmones</strong></span> <span class='ocrx_word' id='word_1_549' title='bbox 557 3835 612 3888; x_wconf 86' lang='lat' dir='ltr'><strong>in</strong></span> <span class='ocrx_word' id='word_1_550' title='bbox 634 3844 834 3890; x_wconf 85' lang='lat' dir='ltr'><strong>aeterna</strong></span> <span class='ocrx_word' id='word_1_551' title='bbox 864 3851 1025 3904; x_wconf 79' lang='lat' dir='ltr'><strong>pmna</strong></span> <span class='ocrx_word' id='word_1_552' title='bbox 1054 3835 1359 3905; x_wconf 84' lang='lat' dir='ltr'><strong>punientur.</strong></span> <span class='ocrx_word' id='word_1_553' title='bbox 1392 3837 1448 3890; x_wconf 88' lang='lat' dir='ltr'><strong>In</strong></span> <span class='ocrx_word' id='word_1_554' title='bbox 1468 3853 1721 3906; x_wconf 84' lang='lat' dir='ltr'><strong>congres-</strong></span> 
     </span>
    </p>
   </div>
   <div class='ocr_carea' id='block_1_72' title="bbox 143 3927 1719 3997">
    <p class='ocr_par' dir='ltr' id='par_1_72' title="bbox 143 3927 1719 3997">
     <span class='ocr_line' id='line_1_72' title="bbox 143 3927 1719 3997; baseline 0.005 -20"><span class='ocrx_word' id='word_1_555' title='bbox 143 3927 286 3982; x_wconf 75' lang='lat' dir='ltr'><strong>iione</strong></span> <span class='ocrx_word' id='word_1_556' title='bbox 313 3927 538 3995; x_wconf 86' lang='lat' dir='ltr'><strong>quidem</strong></span> <span class='ocrx_word' id='word_1_557' title='bbox 563 3929 756 3983; x_wconf 83' lang='lat' dir='ltr'><strong>occulti</strong></span> <span class='ocrx_word' id='word_1_558' title='bbox 784 3928 1113 3993; x_wconf 86' lang='lat' dir='ltr'><strong>certaminis,</strong></span> <span class='ocrx_word' id='word_1_559' title='bbox 1147 3929 1363 3997; x_wconf 89' lang='lat' dir='ltr'><strong>quando</strong></span> <span class='ocrx_word' id='word_1_560' title='bbox 1392 3931 1554 3985; x_wconf 89' lang='lat' dir='ltr'><strong>electi</strong></span> <span class='ocrx_word' id='word_1_561' title='bbox 1599 3932 1719 3985; x_wconf 88' lang='lat' dir='ltr'><strong>vin-</strong></span> 
     </span>
    </p>
   </div>
   <div class='ocr_carea' id='block_1_73' title="bbox 145 4018 1717 4089">
    <p class='ocr_par' dir='ltr' id='par_1_73' title="bbox 145 4018 1717 4089">
     <span class='ocr_line' id='line_1_73' title="bbox 145 4018 1717 4089; baseline 0.006 -23"><span class='ocrx_word' id='word_1_562' title='bbox 145 4025 283 4077; x_wconf 73' lang='lat' dir='ltr'><strong>lunt,</strong></span> <span class='ocrx_word' id='word_1_563' title='bbox 319 4018 460 4070; x_wconf 81' lang='lat' dir='ltr'><strong>mala</strong></span> <span class='ocrx_word' id='word_1_564' title='bbox 504 4033 625 4086; x_wconf 73' lang='lat' dir='ltr'><strong>qua:</strong></span> <span class='ocrx_word' id='word_1_565' title='bbox 678 4019 965 4089; x_wconf 85' lang='lat' dir='ltr'><strong>repellunt,</strong></span> <span class='ocrx_word' id='word_1_566' title='bbox 1013 4019 1124 4074; x_wconf 89' lang='lat' dir='ltr'><strong>suis</strong></span> <span class='ocrx_word' id='word_1_567' title='bbox 1170 4019 1411 4074; x_wconf 85' lang='lat' dir='ltr'><strong>hostibus</strong></span> <span class='ocrx_word' id='word_1_568' title='bbox 1439 4022 1717 4076; x_wconf 87' lang='lat' dir='ltr'><strong>tribuunt:</strong></span> 
     </span>
    </p>
   </div>
   <div class='ocr_carea' id='block_1_74' title="bbox 144 4109 1715 4184">
    <p class='ocr_par' dir='ltr' id='par_1_74' title="bbox 144 4109 1715 4184">
     <span class='ocr_line' id='line_1_74' title="bbox 144 4109 1715 4184; baseline 0.008 -28"><span class='ocrx_word' id='word_1_569' title='bbox 144 4109 258 4175; x_wconf 82' lang='lat' dir='ltr'><strong>quia</strong></span> <span class='ocrx_word' id='word_1_570' title='bbox 291 4110 400 4169; x_wconf 77' lang='lat' dir='ltr'><strong>isti.</strong></span> <span class='ocrx_word' id='word_1_571' title='bbox 451 4119 710 4178; x_wconf 78' lang='lat' dir='ltr'><strong>tanquam</strong></span> <span class='ocrx_word' id='word_1_572' title='bbox 745 4126 936 4164; x_wconf 87' lang='lat' dir='ltr'><strong>aurum</strong></span> <span class='ocrx_word' id='word_1_573' title='bbox 985 4110 1035 4165; x_wconf 91' lang='lat' dir='ltr'><strong>in</strong></span> <span class='ocrx_word' id='word_1_574' title='bbox 1067 4110 1287 4166; x_wconf 83' lang='lat' dir='ltr'><strong>fornace</strong></span> <span class='ocrx_word' id='word_1_575' title='bbox 1335 4112 1490 4184; x_wconf 85' lang='lat' dir='ltr'><strong>(Sap.</strong></span> <span class='ocrx_word' id='word_1_576' title='bbox 1521 4130 1596 4175; x_wconf 87' lang='lat' dir='ltr'><strong>nt,</strong></span> <span class='ocrx_word' id='word_1_577' title='bbox 1630 4114 1715 4179; x_wconf 84' lang='lat'><strong>6),</strong></span> 
     </span>
    </p>
   </div>
   <div class='ocr_carea' id='block_1_75' title="bbox 145 4199 1714 4269">
    <p class='ocr_par' dir='ltr' id='par_1_75' title="bbox 145 4199 1714 4269">
     <span class='ocr_line' id='line_1_75' title="bbox 145 4199 1714 4269; baseline 0.006 -22"><span class='ocrx_word' id='word_1_578' title='bbox 145 4199 455 4265; x_wconf 80' lang='lat' dir='ltr'><strong>probantur,</strong></span> <span class='ocrx_word' id='word_1_579' title='bbox 504 4200 577 4252; x_wconf 93' lang='lat' dir='ltr'><strong>illi</strong></span> <span class='ocrx_word' id='word_1_580' title='bbox 609 4217 706 4268; x_wconf 90' lang='lat' dir='ltr'><strong>pro</strong></span> <span class='ocrx_word' id='word_1_581' title='bbox 733 4201 963 4269; x_wconf 90' lang='lat' dir='ltr'><strong>reproba</strong></span> <span class='ocrx_word' id='word_1_582' title='bbox 1019 4202 1364 4268; x_wconf 79' lang='lat' dir='ltr'><strong>suggestione</strong></span> <span class='ocrx_word' id='word_1_583' title='bbox 1405 4203 1714 4268; x_wconf 89' lang='lat' dir='ltr'><strong>puniuntur.</strong></span> 
     </span>
    </p>
   </div>
   <div class='ocr_carea' id='block_1_76' title="bbox 146 4286 1714 4357">
    <p class='ocr_par' dir='ltr' id='par_1_76' title="bbox 146 4286 1714 4357">
     <span class='ocr_line' id='line_1_76' title="bbox 146 4286 1714 4357; baseline 0.003 -19"><span class='ocrx_word' id='word_1_584' title='bbox 146 4286 306 4354; x_wconf 79' lang='lat' dir='ltr'><strong>Agr0s</strong></span> <span class='ocrx_word' id='word_1_585' title='bbox 333 4302 489 4355; x_wconf 79' lang='lat' dir='ltr'><strong>ergo,</strong></span> <span class='ocrx_word' id='word_1_586' title='bbox 522 4288 724 4348; x_wconf 77' lang='lat' dir='ltr'><strong>vineas,</strong></span> <span class='ocrx_word' id='word_1_587' title='bbox 749 4297 804 4340; x_wconf 88' lang='lat' dir='ltr'><strong>et</strong></span> <span class='ocrx_word' id='word_1_588' title='bbox 828 4288 1025 4341; x_wconf 88' lang='lat' dir='ltr'><strong>oliveta</strong></span> <span class='ocrx_word' id='word_1_589' title='bbox 1050 4290 1190 4341; x_wconf 83' lang='lat' dir='ltr'><strong>servi</strong></span> <span class='ocrx_word' id='word_1_590' title='bbox 1218 4289 1513 4357; x_wconf 72' lang='lat' dir='ltr'><strong>suscipiunt</strong></span> <span class='ocrx_word' id='word_1_591' title='bbox 1537 4308 1550 4342; x_wconf 86' lang='lat'><strong>:</strong></span> <span class='ocrx_word' id='word_1_592' title='bbox 1593 4291 1714 4356; x_wconf 85' lang='lat' dir='ltr'><strong>quia</strong></span> 
     </span>
    </p>
   </div>
   <div class='ocr_carea' id='block_1_77' title="bbox 147 4377 1713 4445">
    <p class='ocr_par' dir='ltr' id='par_1_77' title="bbox 147 4377 1713 4445">
     <span class='ocr_line' id='line_1_77' title="bbox 147 4377 1713 4445; baseline 0.004 -17"><span class='ocrx_word' id='word_1_593' title='bbox 147 4392 259 4428; x_wconf 84' lang='lat' dir='ltr'><strong>cum</strong></span> <span class='ocrx_word' id='word_1_594' title='bbox 281 4385 600 4444; x_wconf 86' lang='lat' dir='ltr'><strong>peccatores</strong></span> <span class='ocrx_word' id='word_1_595' title='bbox 620 4378 686 4429; x_wconf 84' lang='lat' dir='ltr'><strong>ad</strong></span> <span class='ocrx_word' id='word_1_596' title='bbox 713 4377 899 4442; x_wconf 88' lang='lat' dir='ltr'><strong>vitam,</strong></span> <span class='ocrx_word' id='word_1_597' title='bbox 945 4378 1352 4445; x_wconf 65' lang='lat' dir='ltr'><strong>prmdicantbus</strong></span> <span class='ocrx_word' id='word_1_598' title='bbox 1379 4381 1713 4444; x_wconf 70' lang='lat' dir='ltr'><strong>do.-tor.lius,</strong></span> 
     </span>
    </p>
   </div>
   <div class='ocr_carea' id='block_1_78' title="bbox 1827 3195 3409 3264">
    <p class='ocr_par' dir='ltr' id='par_1_78' title="bbox 1827 3195 3409 3264">
     <span class='ocr_line' id='line_1_78' title="bbox 1827 3195 3409 3264; baseline 0.003 -15"><span class='ocrx_word' id='word_1_599' title='bbox 1827 3195 2046 3264; x_wconf 78' lang='lat' dir='ltr'><strong>Moysen</strong></span> <span class='ocrx_word' id='word_1_600' title='bbox 2071 3211 2166 3250; x_wconf 83' lang='lat' dir='ltr'><strong>sex</strong></span> <span class='ocrx_word' id='word_1_601' title='bbox 2218 3196 2374 3250; x_wconf 87' lang='lat' dir='ltr'><strong>annis</strong></span> <span class='ocrx_word' id='word_1_602' title='bbox 2398 3196 2601 3251; x_wconf 88' lang='lat' dir='ltr'><strong>servire</strong></span> <span class='ocrx_word' id='word_1_603' title='bbox 2627 3197 2860 3252; x_wconf 89' lang='lat' dir='ltr'><strong>dominis</strong></span> <span class='ocrx_word' id='word_1_604' title='bbox 2887 3198 3000 3252; x_wconf 82' lang='lat' dir='ltr'><strong>suis</strong></span> <span class='ocrx_word' id='word_1_605' title='bbox 3032 3197 3233 3252; x_wconf 87' lang='lat' dir='ltr'><strong>debere</strong></span> <span class='ocrx_word' id='word_1_606' title='bbox 3263 3200 3409 3254; x_wconf 83' lang='lat' dir='ltr'><strong>inve-</strong></span> 
     </span>
    </p>
   </div>
   <div class='ocr_carea' id='block_1_79' title="bbox 1824 3284 3403 3357">
    <p class='ocr_par' dir='ltr' id='par_1_79' title="bbox 1824 3284 3403 3357">
     <span class='ocr_line' id='line_1_79' title="bbox 1824 3284 3403 3357; baseline 0.003 -19"><span class='ocrx_word' id='word_1_607' title='bbox 1824 3285 2046 3340; x_wconf 90' lang='lat' dir='ltr'><strong>niuntur</strong></span> <span class='ocrx_word' id='word_1_608' title='bbox 2077 3284 2272 3352; x_wconf 72' lang='lat' dir='ltr'><strong>(Exod.</strong></span> <span class='ocrx_word' id='word_1_609' title='bbox 2299 3301 2408 3350; x_wconf 73' lang='lat' dir='ltr'><strong>ut,</strong></span> <span class='ocrx_word' id='word_1_610' title='bbox 2437 3285 2519 3355; x_wconf 72' lang='lat'><strong>2),</strong></span> <span class='ocrx_word' id='word_1_611' title='bbox 2575 3294 2631 3340; x_wconf 93' lang='lat' dir='ltr'><strong>ut</strong></span> <span class='ocrx_word' id='word_1_612' title='bbox 2653 3287 2887 3356; x_wconf 73' lang='lat' dir='ltr'><strong>septimo</strong></span> <span class='ocrx_word' id='word_1_613' title='bbox 2940 3289 3090 3344; x_wconf 88' lang='lat' dir='ltr'><strong>liberi</strong></span> <span class='ocrx_word' id='word_1_614' title='bbox 3118 3291 3403 3357; x_wconf 82' lang='lat' dir='ltr'><strong>egredian-</strong></span> 
     </span>
    </p>
   </div>
   <div class='ocr_carea' id='block_1_80' title="bbox 1825 3376 3406 3450">
    <p class='ocr_par' dir='ltr' id='par_1_80' title="bbox 1825 3376 3406 3450">
     <span class='ocr_line' id='line_1_80' title="bbox 1825 3376 3406 3450; baseline 0.003 -21"><span class='ocrx_word' id='word_1_615' title='bbox 1825 3383 1912 3429; x_wconf 85' lang='lat' dir='ltr'><strong>tur</strong></span> <span class='ocrx_word' id='word_1_616' title='bbox 1943 3393 1956 3430; x_wconf 92' lang='lat'>:</span> <span class='ocrx_word' id='word_1_617' title='bbox 1983 3376 2106 3446; x_wconf 86' lang='lat' dir='ltr'><strong>quia</strong></span> <span class='ocrx_word' id='word_1_618' title='bbox 2137 3377 2384 3430; x_wconf 90' lang='lat' dir='ltr'><strong>nimirum</strong></span> <span class='ocrx_word' id='word_1_619' title='bbox 2411 3379 2557 3445; x_wconf 87' lang='lat' dir='ltr'><strong>prius</strong></span> <span class='ocrx_word' id='word_1_620' title='bbox 2585 3378 2782 3432; x_wconf 85' lang='lat' dir='ltr'><strong>debent</strong></span> <span class='ocrx_word' id='word_1_621' title='bbox 2805 3379 3023 3446; x_wconf 73' lang='lat' dir='ltr'><strong>perfecti</strong></span> <span class='ocrx_word' id='word_1_622' title='bbox 3050 3397 3167 3434; x_wconf 84' lang='lat' dir='ltr'><strong>esse</strong></span> <span class='ocrx_word' id='word_1_623' title='bbox 3195 3381 3246 3434; x_wconf 89' lang='lat' dir='ltr'><strong>in</strong></span> <span class='ocrx_word' id='word_1_624' title='bbox 3273 3396 3406 3450; x_wconf 86' lang='lat' dir='ltr'><strong>ope-</strong></span> 
     </span>
    </p>
   </div>
   <div class='ocr_carea' id='block_1_81' title="bbox 1823 3466 3401 3536">
    <p class='ocr_par' dir='ltr' id='par_1_81' title="bbox 1823 3466 3401 3536">
     <span class='ocr_line' id='line_1_81' title="bbox 1823 3466 3401 3536; baseline 0.001 -16"><span class='ocrx_word' id='word_1_625' title='bbox 1823 3481 1903 3530; x_wconf 87' lang='lat' dir='ltr'><strong>re,</strong></span> <span class='ocrx_word' id='word_1_626' title='bbox 1935 3475 1994 3519; x_wconf 91' lang='lat' dir='ltr'><strong>ut</strong></span> <span class='ocrx_word' id='word_1_627' title='bbox 2019 3466 2264 3520; x_wconf 88' lang='lat' dir='ltr'><strong>ordinate</strong></span> <span class='ocrx_word' id='word_1_628' title='bbox 2295 3467 2346 3520; x_wconf 93' lang='lat' dir='ltr'><strong>iu</strong></span> <span class='ocrx_word' id='word_1_629' title='bbox 2377 3481 2584 3522; x_wconf 89' lang='lat' dir='ltr'><strong>summa</strong></span> <span class='ocrx_word' id='word_1_630' title='bbox 2632 3468 3092 3536; x_wconf 84' lang='lat' dir='ltr'><strong>contemplatione</strong></span> <span class='ocrx_word' id='word_1_631' title='bbox 3134 3472 3282 3524; x_wconf 74' lang='lat' dir='ltr'><strong>exite</strong></span> <span class='ocrx_word' id='word_1_632' title='bbox 3304 3485 3401 3522; x_wconf 88' lang='lat' dir='ltr'><strong>va-</strong></span> 
     </span>
    </p>
   </div>
   <div class='ocr_carea' id='block_1_82' title="bbox 1824 3556 3403 3626">
    <p class='ocr_par' dir='ltr' id='par_1_82' title="bbox 1824 3556 3403 3626">
     <span class='ocr_line' id='line_1_82' title="bbox 1824 3556 3403 3626; baseline 0.001 -14"><span class='ocrx_word' id='word_1_633' title='bbox 1824 3557 1990 3612; x_wconf 84' lang='lat' dir='ltr'><strong>leant.</strong></span> <span class='ocrx_word' id='word_1_634' title='bbox 2023 3556 2295 3612; x_wconf 85' lang='lat' dir='ltr'><strong>Eunuchis</strong></span> <span class='ocrx_word' id='word_1_635' title='bbox 2315 3572 2443 3626; x_wconf 91' lang='lat' dir='ltr'><strong>ergo</strong></span> <span class='ocrx_word' id='word_1_636' title='bbox 2470 3558 2682 3613; x_wconf 84' lang='lat' dir='ltr'><strong>famulis</strong></span> <span class='ocrx_word' id='word_1_637' title='bbox 2733 3558 2928 3613; x_wconf 87' lang='lat' dir='ltr'><strong>doctor</strong></span> <span class='ocrx_word' id='word_1_638' title='bbox 2957 3560 3211 3614; x_wconf 74' lang='lat' dir='ltr'><strong>messium</strong></span> <span class='ocrx_word' id='word_1_639' title='bbox 3258 3560 3403 3614; x_wconf 87' lang='lat' dir='ltr'><strong>deci-</strong></span> 
     </span>
    </p>
   </div>
   <div class='ocr_carea' id='block_1_83' title="bbox 1821 3647 3402 3718">
    <p class='ocr_par' dir='ltr' id='par_1_83' title="bbox 1821 3647 3402 3718">
     <span class='ocr_line' id='line_1_83' title="bbox 1821 3647 3402 3718; baseline 0.003 -18"><span class='ocrx_word' id='word_1_640' title='bbox 1821 3663 1938 3701; x_wconf 90' lang='lat' dir='ltr'><strong>mas</strong></span> <span class='ocrx_word' id='word_1_641' title='bbox 1991 3647 2198 3714; x_wconf 86' lang='lat' dir='ltr'><strong>tribuit,</strong></span> <span class='ocrx_word' id='word_1_642' title='bbox 2247 3648 2466 3717; x_wconf 89' lang='lat' dir='ltr'><strong>quando</strong></span> <span class='ocrx_word' id='word_1_643' title='bbox 2507 3649 2568 3713; x_wconf 89' lang='lat' dir='ltr'><strong>ii,</strong></span> <span class='ocrx_word' id='word_1_644' title='bbox 2613 3650 2705 3718; x_wconf 92' lang='lat' dir='ltr'><strong>qui</strong></span> <span class='ocrx_word' id='word_1_645' title='bbox 2753 3650 2806 3704; x_wconf 91' lang='lat' dir='ltr'><strong>in</strong></span> <span class='ocrx_word' id='word_1_646' title='bbox 2849 3651 3083 3706; x_wconf 85' lang='lat' dir='ltr'><strong>candore</strong></span> <span class='ocrx_word' id='word_1_647' title='bbox 3139 3651 3402 3704; x_wconf 72' lang='lat' dir='ltr'><strong>castitatis</strong></span> 
     </span>
    </p>
   </div>
   <div class='ocr_carea' id='block_1_84' title="bbox 1822 3739 3403 3814">
    <p class='ocr_par' dir='ltr' id='par_1_84' title="bbox 1822 3739 3403 3814">
     <span class='ocr_line' id='line_1_84' title="bbox 1822 3739 3403 3814; baseline 0.001 -19"><span class='ocrx_word' id='word_1_648' title='bbox 1822 3739 2080 3795; x_wconf 90' lang='lat' dir='ltr'><strong>obediunt</strong></span> <span class='ocrx_word' id='word_1_649' title='bbox 2098 3741 2221 3805; x_wconf 88' lang='lat' dir='ltr'><strong>sibi,</strong></span> <span class='ocrx_word' id='word_1_650' title='bbox 2270 3755 2436 3810; x_wconf 86' lang='lat' dir='ltr'><strong>opera</strong></span> <span class='ocrx_word' id='word_1_651' title='bbox 2475 3741 2736 3810; x_wconf 83' lang='lat' dir='ltr'><strong>majorum</strong></span> <span class='ocrx_word' id='word_1_652' title='bbox 2765 3743 2934 3796; x_wconf 83' lang='lat' dir='ltr'><strong>electa</strong></span> <span class='ocrx_word' id='word_1_653' title='bbox 2965 3751 3282 3814; x_wconf 79' lang='lat' dir='ltr'><strong>sequuntur.</strong></span> <span class='ocrx_word' id='word_1_654' title='bbox 3316 3743 3403 3797; x_wconf 86' lang='lat' dir='ltr'><strong>Vi-</strong></span> 
     </span>
    </p>
   </div>
   <div class='ocr_carea' id='block_1_85' title="bbox 1823 3829 3395 3898">
    <p class='ocr_par' dir='ltr' id='par_1_85' title="bbox 1823 3829 3395 3898">
     <span class='ocr_line' id='line_1_85' title="bbox 1823 3829 3395 3898; baseline 0.003 -16"><span class='ocrx_word' id='word_1_655' title='bbox 1823 3843 2043 3883; x_wconf 86' lang='lat' dir='ltr'><strong>nearum</strong></span> <span class='ocrx_word' id='word_1_656' title='bbox 2073 3831 2234 3883; x_wconf 88' lang='lat' dir='ltr'><strong>etiam</strong></span> <span class='ocrx_word' id='word_1_657' title='bbox 2261 3829 2498 3884; x_wconf 87' lang='lat' dir='ltr'><strong>decimas</strong></span> <span class='ocrx_word' id='word_1_658' title='bbox 2527 3831 2734 3898; x_wconf 89' lang='lat' dir='ltr'><strong>tribuit,</strong></span> <span class='ocrx_word' id='word_1_659' title='bbox 2758 3845 2878 3886; x_wconf 89' lang='lat' dir='ltr'><strong>cum</strong></span> <span class='ocrx_word' id='word_1_660' title='bbox 2908 3831 3006 3898; x_wconf 88' lang='lat' dir='ltr'><strong>eis,</strong></span> <span class='ocrx_word' id='word_1_661' title='bbox 3054 3847 3214 3898; x_wconf 87' lang='lat' dir='ltr'><strong>quam</strong></span> <span class='ocrx_word' id='word_1_662' title='bbox 3262 3833 3395 3886; x_wconf 84' lang='lat' dir='ltr'><strong>mira</strong></span> 
     </span>
    </p>
   </div>
   <div class='ocr_carea' id='block_1_86' title="bbox 1821 3921 3400 3994">
    <p class='ocr_par' dir='ltr' id='par_1_86' title="bbox 1821 3921 3400 3994">
     <span class='ocr_line' id='line_1_86' title="bbox 1821 3921 3400 3994; baseline 0.002 -16"><span class='ocrx_word' id='word_1_663' title='bbox 1821 3922 2081 3978; x_wconf 85' lang='lat' dir='ltr'><strong>charitate</strong></span> <span class='ocrx_word' id='word_1_664' title='bbox 2109 3921 2298 3978; x_wconf 86' lang='lat' dir='ltr'><strong>Patres</strong></span> <span class='ocrx_word' id='word_1_665' title='bbox 2331 3924 2500 3978; x_wconf 88' lang='lat' dir='ltr'><strong>nostri</strong></span> <span class='ocrx_word' id='word_1_666' title='bbox 2544 3923 2711 3982; x_wconf 84' lang='lat' dir='ltr'><strong>Deum</strong></span> <span class='ocrx_word' id='word_1_667' title='bbox 2759 3932 2814 3977; x_wconf 88' lang='lat' dir='ltr'><strong>et</strong></span> <span class='ocrx_word' id='word_1_668' title='bbox 2859 3926 3164 3994; x_wconf 84' lang='lat' dir='ltr'><strong>proximum</strong></span> <span class='ocrx_word' id='word_1_669' title='bbox 3191 3925 3400 3981; x_wconf 81' lang='lat' dir='ltr'><strong>dilexe-</strong></span> 
     </span>
    </p>
   </div>
   <div class='ocr_carea' id='block_1_87' title="bbox 1821 4013 3402 4083">
    <p class='ocr_par' dir='ltr' id='par_1_87' title="bbox 1821 4013 3402 4083">
     <span class='ocr_line' id='line_1_87' title="bbox 1821 4013 3402 4083; baseline 0.004 -17"><span class='ocrx_word' id='word_1_670' title='bbox 1821 4022 1968 4080; x_wconf 89' lang='lat' dir='ltr'><strong>runt,</strong></span> <span class='ocrx_word' id='word_1_671' title='bbox 1999 4014 2265 4078; x_wconf 86' lang='lat' dir='ltr'><strong>ostendit;</strong></span> <span class='ocrx_word' id='word_1_672' title='bbox 2313 4021 2371 4068; x_wconf 89' lang='lat' dir='ltr'><strong>ut</strong></span> <span class='ocrx_word' id='word_1_673' title='bbox 2394 4023 2450 4068; x_wconf 91' lang='lat' dir='ltr'><strong>et</strong></span> <span class='ocrx_word' id='word_1_674' title='bbox 2491 4015 2590 4083; x_wconf 88' lang='lat' dir='ltr'><strong>ipsi</strong></span> <span class='ocrx_word' id='word_1_675' title='bbox 2634 4013 2796 4068; x_wconf 87' lang='lat' dir='ltr'><strong>etiam</strong></span> <span class='ocrx_word' id='word_1_676' title='bbox 2831 4013 3069 4082; x_wconf 72' lang='lat' dir='ltr'><strong>ejusdem</strong></span> <span class='ocrx_word' id='word_1_677' title='bbox 3126 4017 3402 4074; x_wconf 87' lang='lat' dir='ltr'><strong>charitatis</strong></span> 
     </span>
    </p>
   </div>
   <div class='ocr_carea' id='block_1_88' title="bbox 1820 4102 3401 4176">
    <p class='ocr_par' dir='ltr' id='par_1_88' title="bbox 1820 4102 3401 4176">
     <span class='ocr_line' id='line_1_88' title="bbox 1820 4102 3401 4176; baseline 0.002 -20"><span class='ocrx_word' id='word_1_678' title='bbox 1820 4104 2144 4158; x_wconf 78' lang='lat' dir='ltr'><strong>abundantia</strong></span> <span class='ocrx_word' id='word_1_679' title='bbox 2170 4103 2364 4172; x_wconf 83' lang='lat' dir='ltr'><strong>repleri</strong></span> <span class='ocrx_word' id='word_1_680' title='bbox 2392 4102 2663 4169; x_wconf 87' lang='lat' dir='ltr'><strong>studeant,</strong></span> <span class='ocrx_word' id='word_1_681' title='bbox 2691 4119 2755 4160; x_wconf 93' lang='lat' dir='ltr'><strong>ac</strong></span> <span class='ocrx_word' id='word_1_682' title='bbox 2784 4105 2930 4159; x_wconf 87' lang='lat' dir='ltr'><strong>velut</strong></span> <span class='ocrx_word' id='word_1_683' title='bbox 2981 4106 3137 4170; x_wconf 70' lang='lat' dir='ltr'><strong>i-hrii,</strong></span> <span class='ocrx_word' id='word_1_684' title='bbox 3179 4116 3401 4176; x_wconf 67' lang='lat' dir='ltr'><strong>praeter.</strong></span> 
     </span>
    </p>
   </div>
   <div class='ocr_carea' id='block_1_89' title="bbox 1823 4194 3402 4264">
    <p class='ocr_par' dir='ltr' id='par_1_89' title="bbox 1823 4194 3402 4264">
     <span class='ocr_line' id='line_1_89' title="bbox 1823 4194 3402 4264; baseline 0.003 -16"><span class='ocrx_word' id='word_1_685' title='bbox 1823 4195 2124 4263; x_wconf 72' lang='lat' dir='ltr'><strong>iturumue</strong></span> <span class='ocrx_word' id='word_1_686' title='bbox 2153 4194 2326 4260; x_wconf 88' lang='lat' dir='ltr'><strong>obliti,</strong></span> <span class='ocrx_word' id='word_1_687' title='bbox 2369 4195 2483 4251; x_wconf 86' lang='lat' dir='ltr'><strong>sola</strong></span> <span class='ocrx_word' id='word_1_688' title='bbox 2516 4194 2688 4249; x_wconf 87' lang='lat' dir='ltr'><strong>futura</strong></span> <span class='ocrx_word' id='word_1_689' title='bbox 2718 4195 2960 4264; x_wconf 80' lang='lat' dir='ltr'><strong>diligant.</strong></span> <span class='ocrx_word' id='word_1_690' title='bbox 3007 4205 3169 4262; x_wconf 81' lang='lat' dir='ltr'><strong>atque</strong></span> <span class='ocrx_word' id='word_1_691' title='bbox 3217 4197 3284 4252; x_wconf 88' lang='lat' dir='ltr'><strong>ad</strong></span> <span class='ocrx_word' id='word_1_692' title='bbox 3310 4198 3402 4253; x_wconf 91' lang='lat' dir='ltr'><strong>illa</strong></span> 
     </span>
    </p>
   </div>
   <div class='ocr_carea' id='block_1_90' title="bbox 1823 4284 2756 4340">
    <p class='ocr_par' dir='ltr' id='par_1_90' title="bbox 1823 4284 2756 4340">
     <span class='ocr_line' id='line_1_90' title="bbox 1823 4284 2756 4340; baseline 0.004 -5"><span class='ocrx_word' id='word_1_693' title='bbox 1823 4284 2090 4339; x_wconf 77' lang='lat' dir='ltr'><strong>ferventer</strong></span> <span class='ocrx_word' id='word_1_694' title='bbox 2111 4299 2330 4340; x_wconf 88' lang='lat' dir='ltr'><strong>currere</strong></span> <span class='ocrx_word' id='word_1_695' title='bbox 2353 4299 2458 4338; x_wconf 92' lang='lat' dir='ltr'><strong>non</strong></span> <span class='ocrx_word' id='word_1_696' title='bbox 2487 4285 2756 4339; x_wconf 86' lang='lat' dir='ltr'><strong>omittant.</strong></span> 
     </span>
    </p>
   </div>
   <div class='ocr_carea' id='block_1_91' title="bbox 1893 4382 3404 4450">
    <p class='ocr_par' dir='ltr' id='par_1_91' title="bbox 1893 4382 3404 4450">
     <span class='ocr_line' id='line_1_91' title="bbox 1893 4382 3404 4450; baseline 0.004 -15"><span class='ocrx_word' id='word_1_697' title='bbox 1893 4382 1978 4436; x_wconf 76' lang='lat'><strong>19..</strong></span> <span class='ocrx_word' id='word_1_698' title='bbox 2023 4384 2150 4437; x_wconf 81' lang='lat' dir='ltr'><strong>Post</strong></span> <span class='ocrx_word' id='word_1_699' title='bbox 2199 4384 2298 4437; x_wconf 88' lang='lat' dir='ltr'><strong>ista</strong></span> <span class='ocrx_word' id='word_1_700' title='bbox 2343 4398 2473 4437; x_wconf 87' lang='lat' dir='ltr'><strong>vero</strong></span> <span class='ocrx_word' id='word_1_701' title='bbox 2500 4383 2682 4437; x_wconf 84' lang='lat' dir='ltr'><strong>omnia</strong></span> <span class='ocrx_word' id='word_1_702' title='bbox 2729 4383 2870 4441; x_wconf 88' lang='lat' dir='ltr'><strong>servi</strong></span> <span class='ocrx_word' id='word_1_703' title='bbox 2907 4383 3298 4450; x_wconf 87' lang='lat' dir='ltr'><strong>lsraelitarum,</strong></span> <span class='ocrx_word' id='word_1_704' title='bbox 3352 4395 3404 4441; x_wconf 91' lang='lat' dir='ltr'><strong>et</strong></span> 
     </span>
    </p>
   </div>
   <div class='ocr_carea' id='block_1_92' title="bbox 147 4465 3404 4541">
    <p class='ocr_par' dir='ltr' id='par_1_92' title="bbox 147 4465 3404 4541">
     <span class='ocr_line' id='line_1_92' title="bbox 147 4465 3404 4541; baseline 0.003 -25"><span class='ocrx_word' id='word_1_705' title='bbox 147 4465 383 4530; x_wconf 81' lang='lat' dir='ltr'><strong>redeunt,</strong></span> <span class='ocrx_word' id='word_1_706' title='bbox 445 4467 553 4519; x_wconf 88' lang='lat' dir='ltr'><strong>hoc</strong></span> <span class='ocrx_word' id='word_1_707' title='bbox 598 4467 759 4520; x_wconf 85' lang='lat' dir='ltr'><strong>etiam</strong></span> <span class='ocrx_word' id='word_1_708' title='bbox 787 4466 854 4520; x_wconf 87' lang='lat' dir='ltr'><strong>ad</strong></span> <span class='ocrx_word' id='word_1_709' title='bbox 899 4467 1260 4522; x_wconf 81' lang='lat' dir='ltr'><strong>damnationis</strong></span> <span class='ocrx_word' id='word_1_710' title='bbox 1297 4472 1566 4524; x_wconf 72' lang='lat' dir='ltr'><strong>eu&#39;nulum</strong></span> <span class='ocrx_word' id='word_1_711' title='bbox 1613 4473 1718 4526; x_wconf 71' lang='lat' dir='ltr'><strong>dm-</strong></span> <span class='ocrx_word' id='word_1_712' title='bbox 1750 4480 1796 4541; x_wconf 82' lang='grc' dir='ltr'>ι)</span> <span class='ocrx_word' id='word_1_713' title='bbox 1823 4472 2061 4527; x_wconf 73' lang='lat' dir='ltr'><strong>ancillae.</strong></span> <span class='ocrx_word' id='word_1_714' title='bbox 2099 4472 2326 4538; x_wconf 85' lang='lat' dir='ltr'><strong>juvenes</strong></span> <span class='ocrx_word' id='word_1_715' title='bbox 2367 4471 2552 4538; x_wconf 89' lang='lat' dir='ltr'><strong>optimi</strong></span> <span class='ocrx_word' id='word_1_716' title='bbox 2598 4471 2816 4526; x_wconf 78' lang='lat' dir='ltr'><strong>tollendi</strong></span> <span class='ocrx_word' id='word_1_717' title='bbox 2875 4471 3264 4540; x_wconf 64' lang='lat' dir='ltr'><strong>praedicuntur,</strong></span> <span class='ocrx_word' id='word_1_718' title='bbox 3325 4483 3404 4526; x_wconf 87' lang='lat' dir='ltr'><strong>at-</strong></span> 
     </span>
    </p>
   </div>
   <div class='ocr_carea' id='block_1_93' title="bbox 148 4556 1723 4629">
    <p class='ocr_par' dir='ltr' id='par_1_93' title="bbox 148 4556 1723 4629">
     <span class='ocr_line' id='line_1_93' title="bbox 148 4556 1723 4629; baseline 0.006 -23"><span class='ocrx_word' id='word_1_719' title='bbox 148 4557 389 4610; x_wconf 81' lang='lat' dir='ltr'><strong>monihus</strong></span> <span class='ocrx_word' id='word_1_720' title='bbox 420 4556 656 4626; x_wconf 86' lang='lat' dir='ltr'><strong>prolicit,</strong></span> <span class='ocrx_word' id='word_1_721' title='bbox 699 4557 842 4624; x_wconf 90' lang='lat' dir='ltr'><strong>quod</strong></span> <span class='ocrx_word' id='word_1_722' title='bbox 866 4559 1192 4626; x_wconf 71' lang='lat' dir='ltr'><strong>pmnitentes</strong></span> <span class='ocrx_word' id='word_1_723' title='bbox 1239 4559 1291 4612; x_wconf 92' lang='lat' dir='ltr'><strong>in</strong></span> <span class='ocrx_word' id='word_1_724' title='bbox 1317 4561 1472 4629; x_wconf 89' lang='lat' dir='ltr'><strong>culpa</strong></span> <span class='ocrx_word' id='word_1_725' title='bbox 1505 4569 1723 4629; x_wconf 71' lang='lat' dir='ltr'><strong>printer-</strong></span> 
     </span>
    </p>
   </div>
   <div class='ocr_carea' id='block_1_94' title="bbox 148 4645 1720 4703">
    <p class='ocr_par' dir='ltr' id='par_1_94' title="bbox 148 4645 1720 4703">
     <span class='ocr_line' id='line_1_94' title="bbox 148 4645 1720 4703; baseline 0.004 -6"><span class='ocrx_word' id='word_1_726' title='bbox 148 4645 213 4697; x_wconf 86' lang='lat' dir='ltr'><strong>ita</strong></span> <span class='ocrx_word' id='word_1_727' title='bbox 264 4646 453 4698; x_wconf 86' lang='lat' dir='ltr'><strong>tandiu</strong></span> <span class='ocrx_word' id='word_1_728' title='bbox 505 4661 693 4699; x_wconf 85' lang='lat' dir='ltr'><strong>eorum</strong></span> <span class='ocrx_word' id='word_1_729' title='bbox 722 4645 906 4700; x_wconf 77' lang='lat' dir='ltr'><strong>fraude.</strong></span> <span class='ocrx_word' id='word_1_730' title='bbox 932 4649 1128 4702; x_wconf 88' lang='lat' dir='ltr'><strong>retenti</strong></span> <span class='ocrx_word' id='word_1_731' title='bbox 1159 4657 1304 4702; x_wconf 87' lang='lat' dir='ltr'><strong>sunt.</strong></span> <span class='ocrx_word' id='word_1_732' title='bbox 1328 4648 1533 4702; x_wconf 89' lang='lat' dir='ltr'><strong>Dantur</strong></span> <span class='ocrx_word' id='word_1_733' title='bbox 1559 4651 1720 4703; x_wconf 84' lang='lat' dir='ltr'><strong>etiam</strong></span> 
     </span>
    </p>
   </div>
   <div class='ocr_carea' id='block_1_95' title="bbox 146 4737 1723 4808">
    <p class='ocr_par' dir='ltr' id='par_1_95' title="bbox 146 4737 1723 4808">
     <span class='ocr_line' id='line_1_95' title="bbox 146 4737 1723 4808; baseline 0.004 -19"><span class='ocrx_word' id='word_1_734' title='bbox 146 4737 253 4791; x_wconf 80' lang='lat' dir='ltr'><strong>haec</strong></span> <span class='ocrx_word' id='word_1_735' title='bbox 303 4739 514 4800; x_wconf 77' lang='lat' dir='ltr'><strong>servis,</strong></span> <span class='ocrx_word' id='word_1_736' title='bbox 570 4738 789 4804; x_wconf 87' lang='lat' dir='ltr'><strong>quando</strong></span> <span class='ocrx_word' id='word_1_737' title='bbox 827 4737 1009 4792; x_wconf 74' lang='lat' dir='ltr'><strong>officio</strong></span> <span class='ocrx_word' id='word_1_738' title='bbox 1060 4740 1430 4808; x_wconf 74' lang='lat' dir='ltr'><strong>prmdicatoris</strong></span> <span class='ocrx_word' id='word_1_739' title='bbox 1477 4742 1723 4796; x_wconf 82' lang='lat' dir='ltr'><strong>conversi</strong></span> 
     </span>
    </p>
   </div>
   <div class='ocr_carea' id='block_1_96' title="bbox 146 4826 1724 4897">
    <p class='ocr_par' dir='ltr' id='par_1_96' title="bbox 146 4826 1724 4897">
     <span class='ocr_line' id='line_1_96' title="bbox 146 4826 1724 4897; baseline 0.006 -22"><span class='ocrx_word' id='word_1_740' title='bbox 146 4836 458 4892; x_wconf 82' lang='lat' dir='ltr'><strong>peceatores</strong></span> <span class='ocrx_word' id='word_1_741' title='bbox 483 4826 548 4880; x_wconf 88' lang='lat' dir='ltr'><strong>ad</strong></span> <span class='ocrx_word' id='word_1_742' title='bbox 581 4827 884 4892; x_wconf 81' lang='lat' dir='ltr'><strong>Dominum,</strong></span> <span class='ocrx_word' id='word_1_743' title='bbox 917 4837 1219 4895; x_wconf 84' lang='lat' dir='ltr'><strong>agnoscunt</strong></span> <span class='ocrx_word' id='word_1_744' title='bbox 1259 4829 1404 4897; x_wconf 92' lang='lat' dir='ltr'><strong>quod</strong></span> <span class='ocrx_word' id='word_1_745' title='bbox 1435 4830 1488 4882; x_wconf 92' lang='lat' dir='ltr'><strong>in</strong></span> <span class='ocrx_word' id='word_1_746' title='bbox 1537 4845 1724 4885; x_wconf 87' lang='lat' dir='ltr'><strong>amore</strong></span> 
     </span>
    </p>
   </div>
   <div class='ocr_carea' id='block_1_97' title="bbox 145 4915 1724 4982">
    <p class='ocr_par' dir='ltr' id='par_1_97' title="bbox 145 4915 1724 4982">
     <span class='ocr_line' id='line_1_97' title="bbox 145 4915 1724 4982; baseline 0.004 -16"><span class='ocrx_word' id='word_1_747' title='bbox 145 4915 535 4982; x_wconf 73' lang='lat' dir='ltr'><strong>pneteritorum</strong></span> <span class='ocrx_word' id='word_1_748' title='bbox 577 4917 862 4970; x_wconf 89' lang='lat' dir='ltr'><strong>criminum</strong></span> <span class='ocrx_word' id='word_1_749' title='bbox 903 4915 1089 4971; x_wconf 83' lang='lat' dir='ltr'><strong>fraude</strong></span> <span class='ocrx_word' id='word_1_750' title='bbox 1115 4915 1417 4971; x_wconf 73' lang='lat' dir='ltr'><strong>diemonum</strong></span> <span class='ocrx_word' id='word_1_751' title='bbox 1463 4918 1724 4973; x_wconf 81' lang='lat' dir='ltr'><strong>teneban-</strong></span> 
     </span>
    </p>
   </div>
   <div class='ocr_carea' id='block_1_98' title="bbox 147 5011 247 5056">
    <p class='ocr_par' dir='ltr' id='par_1_98' title="bbox 147 5011 247 5056">
     <span class='ocr_line' id='line_1_98' title="bbox 147 5011 247 5056; baseline 0.04 -4"><span class='ocrx_word' id='word_1_752' title='bbox 147 5011 247 5056; x_wconf 86' lang='lat' dir='ltr'><strong>tur.</strong></span> 
     </span>
    </p>
   </div>
   <div class='ocr_carea' id='block_1_99' title="bbox 211 5093 1720 5166">
    <p class='ocr_par' dir='ltr' id='par_1_99' title="bbox 211 5093 1720 5166">
     <span class='ocr_line' id='line_1_99' title="bbox 211 5093 1720 5166; baseline 0.005 -21"><span class='ocrx_word' id='word_1_753' title='bbox 211 5093 296 5146; x_wconf 78' lang='lat' dir='ltr'><strong>tl.</strong></span> <span class='ocrx_word' id='word_1_754' title='bbox 331 5093 470 5160; x_wconf 88' lang='lat' dir='ltr'><strong>Quid</strong></span> <span class='ocrx_word' id='word_1_755' title='bbox 499 5111 631 5150; x_wconf 86' lang='lat' dir='ltr'><strong>vero</strong></span> <span class='ocrx_word' id='word_1_756' title='bbox 657 5104 766 5160; x_wconf 86' lang='lat' dir='ltr'><strong>est,</strong></span> <span class='ocrx_word' id='word_1_757' title='bbox 792 5095 937 5164; x_wconf 85' lang='lat' dir='ltr'><strong>quod</strong></span> <span class='ocrx_word' id='word_1_758' title='bbox 963 5105 1194 5166; x_wconf 86' lang='lat' dir='ltr'><strong>segetes,</strong></span> <span class='ocrx_word' id='word_1_759' title='bbox 1234 5105 1292 5151; x_wconf 89' lang='lat' dir='ltr'><strong>et</strong></span> <span class='ocrx_word' id='word_1_760' title='bbox 1326 5097 1604 5152; x_wconf 89' lang='lat' dir='ltr'><strong>vinearum</strong></span> <span class='ocrx_word' id='word_1_761' title='bbox 1631 5113 1720 5153; x_wconf 85' lang='lat' dir='ltr'><strong>re-</strong></span> 
     </span>
    </p>
   </div>
   <div class='ocr_carea' id='block_1_100' title="bbox 147 5183 1720 5256">
    <p class='ocr_par' dir='ltr' id='par_1_100' title="bbox 147 5183 1720 5256">
     <span class='ocr_line' id='line_1_100' title="bbox 147 5183 1720 5256; baseline 0.004 -20"><span class='ocrx_word' id='word_1_762' title='bbox 147 5183 278 5238; x_wconf 88' lang='lat' dir='ltr'><strong>ditus</strong></span> <span class='ocrx_word' id='word_1_763' title='bbox 302 5186 655 5254; x_wconf 85' lang='lat' dir='ltr'><strong>addecimari,</strong></span> <span class='ocrx_word' id='word_1_764' title='bbox 699 5195 754 5241; x_wconf 89' lang='lat' dir='ltr'><strong>et.</strong></span> <span class='ocrx_word' id='word_1_765' title='bbox 794 5187 1056 5242; x_wconf 83' lang='lat' dir='ltr'><strong>eunuchis</strong></span> <span class='ocrx_word' id='word_1_766' title='bbox 1083 5186 1295 5243; x_wconf 82' lang='lat' dir='ltr'><strong>famulis</strong></span> <span class='ocrx_word' id='word_1_767' title='bbox 1340 5190 1482 5256; x_wconf 81' lang='lat' dir='ltr'><strong>regis</strong></span> <span class='ocrx_word' id='word_1_768' title='bbox 1509 5188 1625 5242; x_wconf 89' lang='lat' dir='ltr'><strong>dari</strong></span> <span class='ocrx_word' id='word_1_769' title='bbox 1655 5203 1720 5242; x_wconf 81' lang='lat' dir='ltr'><strong>ra</strong></span> 
     </span>
    </p>
   </div>
   <div class='ocr_carea' id='block_1_101' title="bbox 150 5276 1716 5346">
    <p class='ocr_par' dir='ltr' id='par_1_101' title="bbox 150 5276 1716 5346">
     <span class='ocr_line' id='line_1_101' title="bbox 150 5276 1716 5346; baseline 0.004 -19"><span class='ocrx_word' id='word_1_770' title='bbox 150 5277 530 5341; x_wconf 81' lang='lat' dir='ltr'><strong>perhibentur?</strong></span> <span class='ocrx_word' id='word_1_771' title='bbox 578 5276 684 5332; x_wconf 88' lang='lat' dir='ltr'><strong>Sed</strong></span> <span class='ocrx_word' id='word_1_772' title='bbox 711 5287 922 5346; x_wconf 84' lang='lat' dir='ltr'><strong>segetes</strong></span> <span class='ocrx_word' id='word_1_773' title='bbox 954 5279 1248 5334; x_wconf 87' lang='lat' dir='ltr'><strong>electorum</strong></span> <span class='ocrx_word' id='word_1_774' title='bbox 1290 5280 1716 5345; x_wconf 87' lang='lat' dir='ltr'><strong>addecimantur,</strong></span> 
     </span>
    </p>
   </div>
   <div class='ocr_carea' id='block_1_102' title="bbox 150 5365 1719 5438">
    <p class='ocr_par' dir='ltr' id='par_1_102' title="bbox 150 5365 1719 5438">
     <span class='ocr_line' id='line_1_102' title="bbox 150 5365 1719 5438; baseline 0.006 -22"><span class='ocrx_word' id='word_1_775' title='bbox 150 5365 357 5430; x_wconf 88' lang='lat' dir='ltr'><strong>quando</strong></span> <span class='ocrx_word' id='word_1_776' title='bbox 389 5366 770 5421; x_wconf 72' lang='lat' dir='ltr'><strong>excellentiora</strong></span> <span class='ocrx_word' id='word_1_777' title='bbox 790 5382 976 5422; x_wconf 91' lang='lat' dir='ltr'><strong>eorum</strong></span> <span class='ocrx_word' id='word_1_778' title='bbox 1005 5383 1171 5437; x_wconf 86' lang='lat' dir='ltr'><strong>opera</strong></span> <span class='ocrx_word' id='word_1_779' title='bbox 1201 5370 1521 5436; x_wconf 88' lang='lat' dir='ltr'><strong>colligimus,</strong></span> <span class='ocrx_word' id='word_1_780' title='bbox 1546 5379 1606 5424; x_wconf 89' lang='lat' dir='ltr'><strong>ut</strong></span> <span class='ocrx_word' id='word_1_781' title='bbox 1633 5387 1719 5438; x_wconf 76' lang='lat' dir='ltr'><strong>ea,</strong></span> 
     </span>
    </p>
   </div>
   <div class='ocr_carea' id='block_1_103' title="bbox 152 5452 1722 5531">
    <p class='ocr_par' dir='ltr' id='par_1_103' title="bbox 152 5452 1722 5531">
     <span class='ocr_line' id='line_1_103' title="bbox 152 5452 1722 5531; baseline 0.008 -27"><span class='ocrx_word' id='word_1_782' title='bbox 152 5452 213 5505; x_wconf 88' lang='lat' dir='ltr'><strong>ad</strong></span> <span class='ocrx_word' id='word_1_783' title='bbox 238 5455 544 5522; x_wconf 80' lang='lat' dir='ltr'><strong>esentplum</strong></span> <span class='ocrx_word' id='word_1_784' title='bbox 593 5454 826 5510; x_wconf 82' lang='lat' dir='ltr'><strong>ﬁdelium</strong></span> <span class='ocrx_word' id='word_1_785' title='bbox 870 5457 1250 5525; x_wconf 89' lang='lat' dir='ltr'><strong>producamus.</strong></span> <span class='ocrx_word' id='word_1_786' title='bbox 1304 5457 1450 5514; x_wconf 90' lang='lat' dir='ltr'><strong>Unus</strong></span> <span class='ocrx_word' id='word_1_787' title='bbox 1491 5460 1722 5531; x_wconf 88' lang='lat' dir='ltr'><strong>denique</strong></span> 
     </span>
    </p>
   </div>
   <div class='ocr_carea' id='block_1_104' title="bbox 153 5543 1720 5619">
    <p class='ocr_par' dir='ltr' id='par_1_104' title="bbox 153 5543 1720 5619">
     <span class='ocr_line' id='line_1_104' title="bbox 153 5543 1720 5619; baseline 0.008 -27"><span class='ocrx_word' id='word_1_788' title='bbox 153 5543 290 5598; x_wconf 83' lang='lat' dir='ltr'><strong>solus</strong></span> <span class='ocrx_word' id='word_1_789' title='bbox 315 5543 442 5610; x_wconf 85' lang='lat' dir='ltr'><strong>fuit,</strong></span> <span class='ocrx_word' id='word_1_790' title='bbox 463 5545 556 5612; x_wconf 85' lang='lat' dir='ltr'><strong>qui</strong></span> <span class='ocrx_word' id='word_1_791' title='bbox 588 5561 642 5598; x_wconf 88' lang='grc' dir='ltr'><strong>ιιι</strong></span> <span class='ocrx_word' id='word_1_792' title='bbox 669 5560 729 5600; x_wconf 88' lang='lat' dir='ltr'><strong>se</strong></span> <span class='ocrx_word' id='word_1_793' title='bbox 756 5548 992 5600; x_wconf 91' lang='lat' dir='ltr'><strong>omnium</strong></span> <span class='ocrx_word' id='word_1_794' title='bbox 1030 5549 1285 5603; x_wconf 89' lang='lat' dir='ltr'><strong>virtutum</strong></span> <span class='ocrx_word' id='word_1_795' title='bbox 1329 5549 1720 5619; x_wconf 88' lang='lat' dir='ltr'><strong>plenitudinem</strong></span> 
     </span>
    </p>
   </div>
   <div class='ocr_carea' id='block_1_105' title="bbox 157 5628 1719 5711">
    <p class='ocr_par' dir='ltr' id='par_1_105' title="bbox 157 5628 1719 5711">
     <span class='ocr_line' id='line_1_105' title="bbox 157 5628 1719 5711; baseline 0.009 -29"><span class='ocrx_word' id='word_1_796' title='bbox 157 5628 351 5702; x_wconf 79' lang='lat' dir='ltr'><strong>habuit,</strong></span> <span class='ocrx_word' id='word_1_797' title='bbox 382 5632 469 5688; x_wconf 81' lang='lat' dir='ltr'><strong>cui</strong></span> <span class='ocrx_word' id='word_1_798' title='bbox 488 5646 550 5688; x_wconf 85' lang='lat' dir='ltr'><strong>se</strong></span> <span class='ocrx_word' id='word_1_799' title='bbox 583 5633 759 5688; x_wconf 88' lang='lat' dir='ltr'><strong>omnis</strong></span> <span class='ocrx_word' id='word_1_800' title='bbox 783 5635 1058 5702; x_wconf 89' lang='lat' dir='ltr'><strong>plenitudo</strong></span> <span class='ocrx_word' id='word_1_801' title='bbox 1099 5637 1392 5693; x_wconf 79' lang='lat' dir='ltr'><strong>divinitatis</strong></span> <span class='ocrx_word' id='word_1_802' title='bbox 1423 5641 1719 5711; x_wconf 85' lang='lat' dir='ltr'><strong>corporali-</strong></span> 
     </span>
    </p>
   </div>
   <div class='ocr_carea' id='block_1_106' title="bbox 1824 4559 3402 4627">
    <p class='ocr_par' dir='ltr' id='par_1_106' title="bbox 1824 4559 3402 4627">
     <span class='ocr_line' id='line_1_106' title="bbox 1824 4559 3402 4627; baseline 0.001 -16"><span class='ocrx_word' id='word_1_803' title='bbox 1824 4575 1928 4626; x_wconf 90' lang='lat' dir='ltr'><strong>que</strong></span> <span class='ocrx_word' id='word_1_804' title='bbox 1953 4560 2004 4614; x_wconf 91' lang='lat' dir='ltr'><strong>in</strong></span> <span class='ocrx_word' id='word_1_805' title='bbox 2033 4560 2171 4626; x_wconf 85' lang='lat' dir='ltr'><strong>regis</strong></span> <span class='ocrx_word' id='word_1_806' title='bbox 2186 4575 2350 4627; x_wconf 83' lang='lat' dir='ltr'><strong>opere</strong></span> <span class='ocrx_word' id='word_1_807' title='bbox 2376 4559 2625 4626; x_wconf 85' lang='lat' dir='ltr'><strong>ponendi.</strong></span> <span class='ocrx_word' id='word_1_808' title='bbox 2652 4559 2753 4624; x_wconf 92' lang='lat' dir='ltr'><strong>Qui</strong></span> <span class='ocrx_word' id='word_1_809' title='bbox 2778 4570 2901 4614; x_wconf 89' lang='lat' dir='ltr'><strong>sunt</strong></span> <span class='ocrx_word' id='word_1_810' title='bbox 2921 4561 3063 4616; x_wconf 76' lang='lat' dir='ltr'><strong>Servi</strong></span> <span class='ocrx_word' id='word_1_811' title='bbox 3086 4560 3402 4626; x_wconf 90' lang='lat' dir='ltr'><strong>carnalium,</strong></span> 
     </span>
    </p>
   </div>
   <div class='ocr_carea' id='block_1_107' title="bbox 1825 4649 3403 4718">
    <p class='ocr_par' dir='ltr' id='par_1_107' title="bbox 1825 4649 3403 4718">
     <span class='ocr_line' id='line_1_107' title="bbox 1825 4649 3403 4718; baseline 0 -14"><span class='ocrx_word' id='word_1_812' title='bbox 1825 4651 1926 4704; x_wconf 92' lang='lat' dir='ltr'><strong>nisi</strong></span> <span class='ocrx_word' id='word_1_813' title='bbox 1953 4650 2076 4718; x_wconf 91' lang='lat' dir='ltr'><strong>qui,</strong></span> <span class='ocrx_word' id='word_1_814' title='bbox 2109 4650 2368 4704; x_wconf 88' lang='lat' dir='ltr'><strong>malorum</strong></span> <span class='ocrx_word' id='word_1_815' title='bbox 2415 4649 2697 4717; x_wconf 75' lang='lat' dir='ltr'><strong>exetnplo,</strong></span> <span class='ocrx_word' id='word_1_816' title='bbox 2726 4649 2976 4704; x_wconf 92' lang='lat' dir='ltr'><strong>diuturna</strong></span> <span class='ocrx_word' id='word_1_817' title='bbox 3015 4650 3403 4706; x_wconf 88' lang='lat' dir='ltr'><strong>consuetudine</strong></span> 
     </span>
    </p>
   </div>
   <div class='ocr_carea' id='block_1_108' title="bbox 1825 4739 3401 4810">
    <p class='ocr_par' dir='ltr' id='par_1_108' title="bbox 1825 4739 3401 4810">
     <span class='ocr_line' id='line_1_108' title="bbox 1825 4739 3401 4810; baseline -0.001 -14"><span class='ocrx_word' id='word_1_818' title='bbox 1825 4743 1904 4796; x_wconf 88' lang='lat' dir='ltr'><strong>sic</strong></span> <span class='ocrx_word' id='word_1_819' title='bbox 1932 4740 2208 4810; x_wconf 87' lang='lat' dir='ltr'><strong>depravati</strong></span> <span class='ocrx_word' id='word_1_820' title='bbox 2229 4747 2371 4803; x_wconf 86' lang='lat' dir='ltr'><strong>sunt,</strong></span> <span class='ocrx_word' id='word_1_821' title='bbox 2403 4747 2461 4793; x_wconf 91' lang='lat' dir='ltr'><strong>ut</strong></span> <span class='ocrx_word' id='word_1_822' title='bbox 2480 4739 2616 4793; x_wconf 89' lang='lat' dir='ltr'><strong>colla</strong></span> <span class='ocrx_word' id='word_1_823' title='bbox 2644 4741 2836 4794; x_wconf 86' lang='lat' dir='ltr'><strong>mentis</strong></span> <span class='ocrx_word' id='word_1_824' title='bbox 2875 4741 2974 4794; x_wconf 91' lang='lat' dir='ltr'><strong>sub</strong></span> <span class='ocrx_word' id='word_1_825' title='bbox 3011 4740 3140 4808; x_wconf 79' lang='lat' dir='ltr'><strong>jugo</strong></span> <span class='ocrx_word' id='word_1_826' title='bbox 3182 4741 3401 4810; x_wconf 86' lang='lat' dir='ltr'><strong>nequis-</strong></span> 
     </span>
    </p>
   </div>
   <div class='ocr_carea' id='block_1_109' title="bbox 1825 4826 3404 4896">
    <p class='ocr_par' dir='ltr' id='par_1_109' title="bbox 1825 4826 3404 4896">
     <span class='ocr_line' id='line_1_109' title="bbox 1825 4826 3404 4896; baseline -0.004 -10"><span class='ocrx_word' id='word_1_827' title='bbox 1825 4831 1974 4886; x_wconf 76' lang='lat' dir='ltr'><strong>simze</strong></span> <span class='ocrx_word' id='word_1_828' title='bbox 2028 4827 2342 4883; x_wconf 83' lang='lat' dir='ltr'><strong>imitationis</strong></span> <span class='ocrx_word' id='word_1_829' title='bbox 2409 4835 2670 4896; x_wconf 84' lang='lat' dir='ltr'><strong>perpetuo</strong></span> <span class='ocrx_word' id='word_1_830' title='bbox 2736 4826 3034 4882; x_wconf 87' lang='lat' dir='ltr'><strong>subdidisse</strong></span> <span class='ocrx_word' id='word_1_831' title='bbox 3087 4827 3404 4881; x_wconf 70' lang='lat' dir='ltr'><strong>videantur?</strong></span> 
     </span>
    </p>
   </div>
   <div class='ocr_carea' id='block_1_110' title="bbox 1827 4914 3400 4984">
    <p class='ocr_par' dir='ltr' id='par_1_110' title="bbox 1827 4914 3400 4984">
     <span class='ocr_line' id='line_1_110' title="bbox 1827 4914 3400 4984; baseline -0.004 -12"><span class='ocrx_word' id='word_1_832' title='bbox 1827 4918 1980 4972; x_wconf 80' lang='lat' dir='ltr'><strong>Servi</strong></span> <span class='ocrx_word' id='word_1_833' title='bbox 2003 4931 2132 4984; x_wconf 90' lang='lat' dir='ltr'><strong>ergo</strong></span> <span class='ocrx_word' id='word_1_834' title='bbox 2159 4915 2370 4969; x_wconf 85' lang='lat' dir='ltr'><strong>illorum</strong></span> <span class='ocrx_word' id='word_1_835' title='bbox 2402 4915 2682 4980; x_wconf 88' lang='lat' dir='ltr'><strong>tolluntur,</strong></span> <span class='ocrx_word' id='word_1_836' title='bbox 2706 4915 2922 4984; x_wconf 92' lang='lat' dir='ltr'><strong>quando</strong></span> <span class='ocrx_word' id='word_1_837' title='bbox 2949 4914 3239 4968; x_wconf 88' lang='lat' dir='ltr'><strong>electorum</strong></span> <span class='ocrx_word' id='word_1_838' title='bbox 3267 4929 3400 4983; x_wconf 83' lang='lat' dir='ltr'><strong>prae-</strong></span> 
     </span>
    </p>
   </div>
   <div class='ocr_carea' id='block_1_111' title="bbox 1827 5006 3403 5076">
    <p class='ocr_par' dir='ltr' id='par_1_111' title="bbox 1827 5006 3403 5076">
     <span class='ocr_line' id='line_1_111' title="bbox 1827 5006 3403 5076; baseline -0.003 -12"><span class='ocrx_word' id='word_1_839' title='bbox 1827 5011 2124 5064; x_wconf 89' lang='lat' dir='ltr'><strong>dicatorum</strong></span> <span class='ocrx_word' id='word_1_840' title='bbox 2147 5007 2324 5062; x_wconf 89' lang='lat' dir='ltr'><strong>studio</strong></span> <span class='ocrx_word' id='word_1_841' title='bbox 2353 5007 2424 5060; x_wconf 92' lang='lat' dir='ltr'><strong>illi</strong></span> <span class='ocrx_word' id='word_1_842' title='bbox 2455 5008 2616 5061; x_wconf 89' lang='lat' dir='ltr'><strong>etiam</strong></span> <span class='ocrx_word' id='word_1_843' title='bbox 2645 5013 2865 5076; x_wconf 81' lang='lat' dir='ltr'><strong>peccata</strong></span> <span class='ocrx_word' id='word_1_844' title='bbox 2895 5006 3170 5071; x_wconf 87' lang='lat' dir='ltr'><strong>deserunt,</strong></span> <span class='ocrx_word' id='word_1_845' title='bbox 3199 5006 3289 5073; x_wconf 92' lang='lat' dir='ltr'><strong>qui</strong></span> <span class='ocrx_word' id='word_1_846' title='bbox 3320 5020 3403 5059; x_wconf 86' lang='lat' dir='ltr'><strong>re-</strong></span> 
     </span>
    </p>
   </div>
   <div class='ocr_carea' id='block_1_112' title="bbox 1828 5096 3402 5171">
    <p class='ocr_par' dir='ltr' id='par_1_112' title="bbox 1828 5096 3402 5171">
     <span class='ocr_line' id='line_1_112' title="bbox 1828 5096 3402 5171; baseline -0.003 -18"><span class='ocrx_word' id='word_1_847' title='bbox 1828 5101 2010 5171; x_wconf 74' lang='lat' dir='ltr'><strong>prohm</strong></span> <span class='ocrx_word' id='word_1_848' title='bbox 2037 5098 2318 5152; x_wconf 78' lang='lat' dir='ltr'><strong>imitationi</strong></span> <span class='ocrx_word' id='word_1_849' title='bbox 2348 5098 2638 5152; x_wconf 82' lang='lat' dir='ltr'><strong>camalium</strong></span> <span class='ocrx_word' id='word_1_850' title='bbox 2669 5098 3015 5154; x_wconf 86' lang='lat' dir='ltr'><strong>vehementer</strong></span> <span class='ocrx_word' id='word_1_851' title='bbox 3059 5097 3212 5152; x_wconf 89' lang='lat' dir='ltr'><strong>subdi</strong></span> <span class='ocrx_word' id='word_1_852' title='bbox 3255 5096 3402 5150; x_wconf 62' lang='lat' dir='ltr'><strong>video</strong></span> 
     </span>
    </p>
   </div>
   <div class='ocr_carea' id='block_1_113' title="bbox 1828 5185 3404 5256">
    <p class='ocr_par' dir='ltr' id='par_1_113' title="bbox 1828 5185 3404 5256">
     <span class='ocr_line' id='line_1_113' title="bbox 1828 5185 3404 5256; baseline -0.001 -15"><span class='ocrx_word' id='word_1_853' title='bbox 1828 5190 2040 5243; x_wconf 88' lang='lat' dir='ltr'><strong>bantur.</strong></span> <span class='ocrx_word' id='word_1_854' title='bbox 2071 5188 2170 5252; x_wconf 88' lang='lat' dir='ltr'><strong>Qui</strong></span> <span class='ocrx_word' id='word_1_855' title='bbox 2195 5188 2355 5241; x_wconf 87' lang='lat' dir='ltr'><strong>etiam</strong></span> <span class='ocrx_word' id='word_1_856' title='bbox 2376 5186 2600 5255; x_wconf 84' lang='lat' dir='ltr'><strong>juvenes</strong></span> <span class='ocrx_word' id='word_1_857' title='bbox 2627 5187 2814 5256; x_wconf 86' lang='lat' dir='ltr'><strong>optimi</strong></span> <span class='ocrx_word' id='word_1_858' title='bbox 2853 5188 3125 5243; x_wconf 90' lang='lat' dir='ltr'><strong>dicuntur.</strong></span> <span class='ocrx_word' id='word_1_859' title='bbox 3169 5185 3404 5240; x_wconf 85' lang='lat' dir='ltr'><strong>Juvencs</strong></span> 
     </span>
    </p>
   </div>
   <div class='ocr_carea' id='block_1_114' title="bbox 1827 5273 3406 5344">
    <p class='ocr_par' dir='ltr' id='par_1_114' title="bbox 1827 5273 3406 5344">
     <span class='ocr_line' id='line_1_114' title="bbox 1827 5273 3406 5344; baseline -0.003 -15"><span class='ocrx_word' id='word_1_860' title='bbox 1827 5275 2042 5344; x_wconf 83' lang='lat' dir='ltr'><strong>quidem</strong></span> <span class='ocrx_word' id='word_1_861' title='bbox 2083 5285 2243 5342; x_wconf 91' lang='lat' dir='ltr'><strong>sunt,</strong></span> <span class='ocrx_word' id='word_1_862' title='bbox 2273 5276 2396 5344; x_wconf 83' lang='lat' dir='ltr'><strong>quia</strong></span> <span class='ocrx_word' id='word_1_863' title='bbox 2429 5279 2479 5328; x_wconf 90' lang='lat' dir='ltr'><strong>in</strong></span> <span class='ocrx_word' id='word_1_864' title='bbox 2511 5276 2652 5330; x_wconf 88' lang='lat' dir='ltr'><strong>malo</strong></span> <span class='ocrx_word' id='word_1_865' title='bbox 2682 5275 2879 5339; x_wconf 82' lang='lat' dir='ltr'><strong>fortes;</strong></span> <span class='ocrx_word' id='word_1_866' title='bbox 2921 5275 3108 5344; x_wconf 87' lang='lat' dir='ltr'><strong>optimi</strong></span> <span class='ocrx_word' id='word_1_867' title='bbox 3136 5275 3297 5328; x_wconf 87' lang='lat' dir='ltr'><strong>etiam</strong></span> <span class='ocrx_word' id='word_1_868' title='bbox 3327 5273 3406 5326; x_wconf 86' lang='lat' dir='ltr'><strong>di-</strong></span> 
     </span>
    </p>
   </div>
   <div class='ocr_carea' id='block_1_115' title="bbox 1827 5366 3400 5436">
    <p class='ocr_par' dir='ltr' id='par_1_115' title="bbox 1827 5366 3400 5436">
     <span class='ocr_line' id='line_1_115' title="bbox 1827 5366 3400 5436; baseline -0.003 -14"><span class='ocrx_word' id='word_1_869' title='bbox 1827 5382 2050 5432; x_wconf 86' lang='lat' dir='ltr'><strong>cuu&#39;ur,</strong></span> <span class='ocrx_word' id='word_1_870' title='bbox 2081 5366 2204 5434; x_wconf 88' lang='lat' dir='ltr'><strong>quia</strong></span> <span class='ocrx_word' id='word_1_871' title='bbox 2257 5366 2460 5420; x_wconf 62' lang='lat' dir='ltr'><strong>caeteris</strong></span> <span class='ocrx_word' id='word_1_872' title='bbox 2509 5367 2881 5436; x_wconf 88' lang='lat' dir='ltr'><strong>peccatoribus</strong></span> <span class='ocrx_word' id='word_1_873' title='bbox 2931 5366 3214 5435; x_wconf 85' lang='lat' dir='ltr'><strong>nequiores</strong></span> <span class='ocrx_word' id='word_1_874' title='bbox 3258 5375 3400 5420; x_wconf 87' lang='lat' dir='ltr'><strong>sunt.</strong></span> 
     </span>
    </p>
   </div>
   <div class='ocr_carea' id='block_1_116' title="bbox 1828 5456 3410 5527">
    <p class='ocr_par' dir='ltr' id='par_1_116' title="bbox 1828 5456 3410 5527">
     <span class='ocr_line' id='line_1_116' title="bbox 1828 5456 3410 5527; baseline -0.001 -15"><span class='ocrx_word' id='word_1_875' title='bbox 1828 5459 2029 5524; x_wconf 86' lang='lat' dir='ltr'><strong>Quibus</strong></span> <span class='ocrx_word' id='word_1_876' title='bbox 2056 5457 2305 5512; x_wconf 87' lang='lat' dir='ltr'><strong>nimirum</strong></span> <span class='ocrx_word' id='word_1_877' title='bbox 2333 5472 2428 5525; x_wconf 91' lang='lat' dir='ltr'><strong>per</strong></span> <span class='ocrx_word' id='word_1_878' title='bbox 2457 5458 2772 5527; x_wconf 86' lang='lat' dir='ltr'><strong>prepbetam</strong></span> <span class='ocrx_word' id='word_1_879' title='bbox 2814 5457 3010 5512; x_wconf 91' lang='lat' dir='ltr'><strong>dicitur</strong></span> <span class='ocrx_word' id='word_1_880' title='bbox 3039 5474 3052 5509; x_wconf 86' lang='lat'><strong>:</strong></span> <span class='ocrx_word' id='word_1_881' title='bbox 3092 5456 3185 5512; x_wconf 72' lang='lat' dir='ltr'><strong>Vae</strong></span> <span class='ocrx_word' id='word_1_882' title='bbox 3208 5457 3292 5525; x_wconf 84' lang='lat' dir='ltr'><strong>qui</strong></span> <span class='ocrx_word' id='word_1_883' title='bbox 3319 5472 3410 5525; x_wconf 90' lang='lat' dir='ltr'><strong>po-</strong></span> 
     </span>
    </p>
   </div>
   <div class='ocr_carea' id='block_1_117' title="bbox 1829 5546 3399 5612">
    <p class='ocr_par' dir='ltr' id='par_1_117' title="bbox 1829 5546 3399 5612">
     <span class='ocr_line' id='line_1_117' title="bbox 1829 5546 3399 5612; baseline -0.004 -9"><span class='ocrx_word' id='word_1_884' title='bbox 1829 5559 1990 5604; x_wconf 82' lang='lat' dir='ltr'><strong>tentes</strong></span> <span class='ocrx_word' id='word_1_885' title='bbox 2034 5549 2154 5602; x_wconf 82' lang='lat' dir='ltr'><strong>estis</strong></span> <span class='ocrx_word' id='word_1_886' title='bbox 2205 5548 2274 5600; x_wconf 89' lang='lat' dir='ltr'><strong>ad</strong></span> <span class='ocrx_word' id='word_1_887' title='bbox 2320 5546 2589 5602; x_wconf 80' lang='lat' dir='ltr'><strong>bibendum</strong></span> <span class='ocrx_word' id='word_1_888' title='bbox 2636 5549 2836 5612; x_wconf 76' lang='lat' dir='ltr'><strong>vinum,</strong></span> <span class='ocrx_word' id='word_1_889' title='bbox 2877 5557 2928 5602; x_wconf 81' lang='lat' dir='ltr'><strong>et</strong></span> <span class='ocrx_word' id='word_1_890' title='bbox 2974 5548 3068 5602; x_wconf 75' lang='lat' dir='ltr'><strong>viri</strong></span> <span class='ocrx_word' id='word_1_891' title='bbox 3121 5548 3278 5612; x_wconf 71' lang='lat' dir='ltr'><strong>fortes</strong></span> <span class='ocrx_word' id='word_1_892' title='bbox 3330 5546 3399 5600; x_wconf 79' lang='lat' dir='ltr'><strong>ad</strong></span> 
     </span>
    </p>
   </div>
   <div class='ocr_carea' id='block_1_118' title="bbox 1828 5634 3397 5709">
    <p class='ocr_par' dir='ltr' id='par_1_118' title="bbox 1828 5634 3397 5709">
     <span class='ocr_line' id='line_1_118' title="bbox 1828 5634 3397 5709; baseline -0.001 -16"><span class='ocrx_word' id='word_1_893' title='bbox 1828 5637 2140 5694; x_wconf 80' lang='lat' dir='ltr'><strong>miscendam</strong></span> <span class='ocrx_word' id='word_1_894' title='bbox 2176 5635 2470 5692; x_wconf 75' lang='lat' dir='ltr'><strong>ebrietatem</strong></span> <span class='ocrx_word' id='word_1_895' title='bbox 2513 5635 2668 5707; x_wconf 84' lang='lat' dir='ltr'><strong>(Isai.</strong></span> <span class='ocrx_word' id='word_1_896' title='bbox 2699 5653 2763 5706; x_wconf 82' lang='grc' dir='ltr'><strong>ν,</strong></span> <span class='ocrx_word' id='word_1_897' title='bbox 2794 5635 2906 5709; x_wconf 65' lang='lat'><strong>2%).</strong></span> <span class='ocrx_word' id='word_1_898' title='bbox 2947 5634 3139 5691; x_wconf 82' lang='lat' dir='ltr'><strong>Vinum</strong></span> <span class='ocrx_word' id='word_1_899' title='bbox 3171 5634 3397 5704; x_wconf 80' lang='lat' dir='ltr'><strong>denique</strong></span> 
     </span>
    </p>
   </div>
  </div>
