3962 6316
590 349 689 403 Ξιιῦ

1767 340 2006 399 SANCTI
2047 337 2371 396 GRECORll
2413 340 2621 395 MAle
3684 346 3771 406 ΞΗ

592 461 779 515 bibunt
798 501 813 523 ,
843 460 929 527 qui
957 460 1339 515 deliberatione
1380 459 1603 518 mentis.
1651 459 1913 513 fervorem
1953 472 2153 510 coneu-
2183 458 2232 513 Δ
2259 463 2349 507 ctu
2371 453 2689 507 tolerabant.
2717 450 2917 518 Greges
2935 450 3095 504 etiam
3122 467 3218 507 rex
3238 451 3565 506 addecimare
3585 454 3766 514 dit-itur:

585 550 857 618 piscentize
906 549 1299 618 praecipitanter
1360 548 1667 615 excipiunt,
1720 555 1775 600 et
1836 546 2150 599 ebrietatem

586 639 841 703 miscent;
914 638 1038 704 quia
1094 638 1219 691 dum
1273 636 1825 704 concupiscentiarum
1873 634 2152 687 ardoribus

583 726 994 785 inﬂammantur.
1023 724 1090 778 ad
1112 727 1224 778 vias
1270 723 1597 778 rectitudinis
1620 762 1635 785 ,
1679 722 1881 792 perdita
1924 722 2151 783 ratione,

584 816 759 869 redire
789 815 1050 868 nesciunt.
1099 812 1351 867 Potentes
1379 829 1506 865 vero
1533 821 1588 865 et
1630 811 1793 865 fortes
1825 819 1930 862 tam
1972 809 2038 861 ad
2069 809 2151 861 bi-

584 904 1027 972 bendum,quam
1069 903 1134 956 ad
1176 903 1498 956 miscendam
1542 902 1853 954 ebrietatem
1900 907 2054 960 sunt,
2097 904 2155 949 ut

586 1007 683 1057 pro
711 989 933 1045 ferventi
962 990 1237 1058 proposito
1289 990 1413 1042 mali
1438 989 1585 1041 velut
1630 987 1818 1055 optimi
1858 987 1998 1038 servi
2038 1000 2154 1038 esse

584 1083 895 1136 doceantur.
932 1081 1040 1134 Hos
1067 1079 1534 1148 Optimosjuvenes
1562 1079 1687 1130 item
1703 1077 1952 1130 divinitus
1974 1091 2152 1129 sermo

582 1170 934 1231 demonstrat,
963 1182 1083 1221 cum
1107 1166 1303 1218 diaboli
1333 1166 1641 1217 aviditatem
1672 1165 1908 1231 exponit,
1933 1164 2113 1216 dicens
2137 1180 2149 1213 :

586 1256 721 1309 Esca
759 1259 870 1325 ejus
904 1257 1062 1308 electa
1093 1254 1317 1321 (Hebae.
1344 1269 1382 1317 ι,
1416 1253 1518 1321 l6).
1550 1251 1680 1304 Nam
1710 1254 1958 1319 antiquus
1983 1251 2154 1304 hostis

584 1343 635 1395 in
665 1358 852 1396 eorum
897 1341 1130 1409 nequitia
1157 1338 1313 1391 valde
1357 1339 1626 1405 relicitur,
1672 1340 1763 1406 qui
1812 1339 2155 1407 nequissimis

582 1430 866 1496 nequiores
894 1435 1037 1481 Sunt.

654 1518 742 1571 15.
782 1518 1103 1571 Ancillarum
1130 1532 1259 1572 vero
1290 1518 1505 1571 nomine
1540 1516 1629 1570 illa
1676 1518 1997 1585 nequissima
2027 1533 2156 1586 pec.

581 1620 823 1663 eatorum
870 1610 1111 1664 conditio
1149 1611 1495 1677 designatur,
1543 1611 1633 1679 qui
1683 1625 1778 1679 per
1822 1611 2153 1679 iniquitatem

581 1697 735 1750 valde
762 1708 886 1751 sunt
910 1699 1161 1766 pessimi,
1193 1707 1247 1752 et
1277 1699 1394 1751 aliis
1423 1699 1661 1768 prtebent
1699 1699 1943 1766 exempla
1980 1699 2158 1767 pravi-

2254 542 2377 610 quia
2397 542 2634 611 quisquis
2655 541 3004 608 omnipotenti
3036 542 3145 597 Deo
3175 542 3387 609 placere
3414 545 3621 611 appetit,
3642 562 3770 614 opor-

2255 639 2352 697 tet,
2381 641 2439 685 ut
2463 631 2690 687 mundus
2729 633 2797 686 sit
2821 648 2916 700 per
2946 632 3301 686 innocentiam
3325 673 3341 695 ,
3381 641 3434 685 et
3479 634 3640 686 studio
3673 635 3769 691 boni

2255 722 2433 789 Operis
2478 722 2731 775 intentus.
2778 720 2878 773 Per
2922 720 3048 773 illud
3095 720 3308 788 quidem
3338 722 3500 774 arbor
3539 731 3614 775 est
3643 723 3767 786 bona,

2254 825 2350 879 per
2397 809 2537 862 istud
2583 810 2742 862 etiam
2786 809 2987 862 fructus
3016 809 3160 863 facit.
3194 809 3326 875 Quia
3354 825 3483 863 vero
3511 811 3671 864 multis
3693 817 3772 867 uti-

2254 915 2392 963 mur,
2427 906 2484 951 ut
2533 913 2749 952 servare
2786 899 3145 952 innocentiam
3168 937 3189 962 ,
3225 905 3281 951 et
3309 899 3449 951 bona
3486 913 3636 965 opera
3658 901 3775 953 exhi-

2254 990 2382 1043 bere
2410 989 2702 1051 valeamus,
2750 991 2874 1056 ipsa:
2899 988 3282 1054 cogitationum
3314 986 3663 1040 innocentium
3688 996 3777 1041 ture

2253 1079 2335 1133 ba:
2362 1092 2549 1146 greges
2577 1077 2745 1132 nostri
2771 1085 2913 1130 sunt.
2952 1077 3088 1141 Quid
3132 1090 3261 1144 ergo
3290 1084 3373 1129 est
3396 1114 3413 1138 ,
3443 1075 3580 1142 quod
3602 1074 3780 1131 addeci-

2254 1175 2495 1228 mantur,
2538 1166 2639 1218 nisi
2667 1165 2788 1233 quia
2819 1163 3209 1231 cogitationum
3230 1163 3498 1215 subtilitas
3532 1162 3673 1215 facile
3697 1177 3779 1215 non

2252 1254 2498 1307 videtur?
2522 1253 2651 1305 Nam
2676 1266 2817 1320 saepe
2845 1253 2983 1304 bona
3015 1266 3110 1304 nos
3137 1252 3376 1318 cogitare
3410 1259 3669 1317 putamus,
3690 1264 3785 1317 quae

2255 1343 2522 1397 subtiliter
2544 1342 2780 1395 discussa
2800 1380 2817 1405 ,
2842 1342 2980 1393 bona
3018 1356 3123 1394 non
3151 1349 3293 1393 sunt.
3334 1340 3659 1393 Addecimari
3683 1354 3788 1406 ergo

2255 1446 2443 1499 greges
2470 1432 2705 1495 debent,
2736 1438 2795 1483 ut
2842 1430 2969 1483 illud
3006 1431 3179 1483 solum
3222 1430 3355 1497 regii
3382 1429 3517 1495 juris
3548 1430 3643 1491 sit,
3670 1430 3789 1497 quod

2255 1522 2475 1575 denario
2506 1536 2726 1574 numero
2747 1521 3074 1574 continetur.
3101 1520 3253 1585 Quod
3278 1520 3331 1572 in
3358 1520 3513 1572 nobis
3538 1528 3655 1572 tunc
3679 1520 3789 1572 bene

2256 1611 2450 1679 agitur,
2478 1627 2598 1665 cum
2630 1610 3037 1679 praedicatorum
3064 1618 3366 1663 nostrorum
3417 1608 3705 1674 magisterio
3725 1609 3792 1660 di-

2256 1702 2457 1755 scimus
2479 1740 2493 1763 ,
2525 1700 2746 1768 perfecti
2773 1714 2892 1753 esse
2930 1714 3035 1751 non
3057 1699 3231 1752 solum
3255 1698 3581 1751 exhibitione
3616 1700 3791 1769 operis,

580 1787 726 1839 tatis.
759 1786 914 1840 Velut
942 1788 1082 1841 enim
1112 1789 1315 1841 ancillm
1337 1804 1521 1843 servos
1543 1788 1774 1856 pariunt,
1800 1787 1923 1839 dum
1952 1801 2153 1853 magnae
2192 1797 2227 1853 Β
2259 1790 2351 1843 sed
2374 1791 2536 1843 etiam
2569 1789 2621 1841 in
2648 1787 3002 1855 exquisitione
3027 1786 3387 1855 cogitationis.
3415 1786 3499 1839 Ad
3526 1796 3785 1840 extremum

582 1878 881 1945 iniquitatis
911 1894 1013 1932 non
1041 1887 1163 1933 sunt
1195 1880 1364 1933 solum
1398 1879 1689 1948 Operarite,
1716 1879 1809 1932 sed
1846 1880 2004 1932 etiam
2035 1894 2151 1931 ma-

581 1978 709 2022 tres.
741 1966 873 2033 Quia
902 1983 1031 2022 vero
1070 1977 1374 2022 sanctorum
1418 1968 1801 2035 praedicatione
1836 1971 1992 2036 193
2018 1968 2154 2021 tales

581 2058 741 2111 etiam
771 2066 1173 2121 convertuntur,
1208 2059 1299 2126 qui
1329 2073 1518 2124 magna
1543 2058 1879 2126 postmodum
1910 2058 2154 2126 omnipo-

582 2147 714 2200 tenti
743 2146 851 2200 Deo
879 2148 1089 2200 servitia
1142 2146 1489 2215 impendunt,
1530 2155 1656 2215 apte
1694 2146 1831 2200 servi
1866 2156 1919 2199 et
1946 2147 2154 2199 ancilla:

578 2240 828 2293 dicuntur
857 2239 1075 2305 auferri,
1106 2248 1161 2292 et
1190 2240 1241 2292 in
1265 2254 1428 2308 opere
1464 2240 1602 2305 regis
1636 2238 1782 2306 poni.
1812 2239 2001 2291 Annon
2027 2246 2155 2292 tunc

580 2326 825 2380 ancillam
853 2342 948 2381 rex
978 2342 1158 2394 regum
1190 2327 1330 2392 tulit,
1358 2326 1570 2395 quando
1593 2327 1659 2379 de
1695 2325 1783 2378 illa
1814 2339 2001 2391 magna
2033 2340 2158 2392 pec-

578 2412 777 2466 eatrice
802 2413 939 2466 dixit
969 2431 984 2466 :
1019 2413 1364 2466 Remittuntur
1389 2415 1437 2466 ei
1470 2424 1680 2481 peccata
1704 2413 1885 2478 multa,
1916 2414 2156 2483 quoniam

582 2500 761 2552 dilexit
789 2499 1003 2553 multum
1034 2499 1183 2570 (Luc.
1212 2516 1304 2566 vn,
1327 2501 1455 2570 47)?
1493 2501 1559 2552 Et
1588 2502 1723 2554 hanc
1763 2502 1815 2554 in
1864 2516 2027 2569 opere
2059 2517 2157 2556 suo

582 2588 798 2657 posuit,
823 2588 1038 2656 quando
1066 2590 1117 2642 in
1147 2591 1422 2644 castellum
1464 2591 1715 2654 intravit,
1745 2601 1797 2645 et
1826 2608 1946 2645 eum
1987 2592 2071 2644 illa
2104 2593 2155 2644 in

586 2678 748 2732 domo
770 2694 865 2732 sua
905 2679 1109 2748 recepit
1138 2679 1290 2749 (Luc.
1319 2697 1370 2744 x,
1401 2680 1513 2750 58).
1547 2679 1697 2733 Hanc
1726 2682 1885 2734 etiam
1914 2686 1966 2734 in
1994 2697 2158 2749 opere

580 2782 681 2822 suo
706 2769 912 2837 posuit;
937 2768 1059 2836 quia
1083 2782 1368 2835 resurgens
1388 2785 1417 2821 a
1447 2770 1672 2823 mortuis
1692 2809 1706 2832 ,
1738 2769 1787 2823 ei
1824 2768 2159 2838 praedicatio-

584 2871 706 2909 nem
735 2870 845 2910 suae
874 2857 1281 2910 resurrectionis
1310 2858 1539 2924 injunxit
1569 2856 1761 2927 (Marc.
1794 2874 1899 2922 xvt,
1924 2858 2001 2926 7).
2032 2857 2159 2911 Ser-

584 2958 706 2996 vum
734 2958 952 3013 quoque
982 2943 1121 3011 tulit,
1151 2944 1366 3011 quando
1396 2959 1425 2996 a
1457 2946 1650 2998 tefonei
1673 2945 1822 2997 lucro
1852 2944 2156 2997 Matthzeum

579 3032 646 3085 al
694 3047 751 3086 se
802 3031 1131 3100 sequendum
1159 3033 1387 3087 vocavit.
1417 3032 1472 3086 in
1516 3047 1683 3101 opere
1700 3049 1799 3087 suo
1828 3034 1967 3087 hunc
1997 3034 2158 3086 etiam

2256 1896 2388 1935 vero
2410 1881 2602 1934 dicitur
2634 1896 2649 1930 :

2318 1968 2490 2037 (Vers.
2530 1968 2639 2035 l7.)
2686 1967 2886 2037 Vosque
2910 1968 3054 2020 eritis
3083 1967 3130 2019 ei
3158 1969 3309 2021 servi.

2327 2055 2414 2108 15.
2460 2055 2527 2109 Ut
2555 2056 2802 2109 videlicet
2826 2057 2904 2109 sic
2931 2055 3047 2122 ejus
3067 2056 3174 2123 juri
3203 2071 3262 2110 se
3288 2055 3536 2110 subditus
3560 2055 3731 2120 sciant,
3748 2065 3797 2110 ut

2257 2145 2371 2212 ejus
2400 2146 2643 2197 mandata
2668 2145 2941 2213 prazterire
2962 2162 3077 2198 non.
3098 2146 3355 2199 audeant.
3408 2144 3559 2199 Hanc
3592 2146 3797 2214 profecto

2257 2233 2458 2302 regiam
2501 2232 2921 2287 dominationem
2968 2234 3183 2287 volebat
3247 2233 3508 2303 Dominus
3554 2243 3799 2299 statuere,

2258 2338 2379 2376 cum
2427 2322 2639 2376 dicebat
2683 2339 2697 2374 :
2733 2320 3079 2391 Quodcunque
3126 2322 3364 2390 ligaveris
3411 2337 3567 2388 super
3607 2330 3791 2385 terram,

2257 2415 2357 2467 erit
2402 2413 2615 2482 ligatum
2662 2414 2717 2464 in
2762 2412 2937 2475 caelis;
2979 2421 3029 2463 et
3064 2415 3396 2481 quodcunque
3428 2413 3636 2465 solveris
3673 2427 3797 2479 super

2260 2510 2471 2567 terram,
2502 2504 2601 2554 erit
2647 2501 2869 2554 solutum
2898 2503 2953 2553 in
2980 2503 3115 2554 cmlis
3146 2500 3364 2571 (Matth.
3397 2518 3509 2562 xvt,
3544 2501 3646 2569 i9).
3675 2500 3793 2553 lianc

2259 2591 2420 2643 etiam
2464 2596 2783 2657 potestatem
2815 2590 3063 2656 exigebat
3088 2606 3120 2643 a
3144 2590 3404 2653 subditis,
3442 2591 3537 2658 qui
3578 2591 3794 2644 dicebat:

2262 2680 2322 2734 Si
2351 2681 2462 2751 quis
2484 2681 2905 2750 euangelizath
2934 2680 3070 2733 vobis
3091 2680 3253 2743 aliud,
3277 2696 3431 2750 quam
3453 2697 3549 2750 ego
3577 2681 3794 2749 evangeli-

2262 2772 2374 2824 saui
2398 2768 2557 2833 vobis,
2581 2772 2857 2823 anathema
2882 2771 2947 2822 sit
2976 2769 3121 2837 (Gal.
3148 2786 3185 2835 ι,
3217 2769 3295 2839 8).
3328 2770 3467 2824 Hinc
3494 2772 3616 2824 item
3649 2768 3797 2823 Domi-

2260 2876 2362 2913 nus
2383 2860 2673 2928 discipulos
2695 2864 2912 2912 mitteus
2942 2860 3095 2929 199
3115 2860 3166 2912 in
3191 2860 3644 2928 praedicationem,
3666 2857 3795 2911 dicit:

2264 2948 2362 3013 Qui
2391 2967 2476 3004 vos
2507 2952 2670 3013 audit,
2703 2967 2782 3003 me
2810 2951 2983 3013 audit;
3012 2960 3061 3003 et
3089 2952 3175 3021 qui
3208 2968 3295 3005 ros
3329 2954 3560 3018 spernit,
3587 2968 3660 3005 me
3682 2966 3797 3019 sper-

2262 3041 2340 3093 nit
2371 3040 2520 3108 (Luc.
2553 3058 2604 3104 x,
2629 3039 2740 3109 16).
2788 3041 2920 3093 llinc
2942 3041 3008 3094 de
3044 3038 3239 3094 Judtea:
3267 3041 3696 3109 praedicatoribus
3719 3040 3799 3091 eis~

581 3121 779 3189 posuit,
808 3123 933 3190 quia
974 3122 1024 3177 ei
1066 3123 1119 3176 in
1155 3123 1315 3177 domo
1355 3139 1450 3179 sua
1494 3124 1796 3178 convivium
1829 3124 2070 3192 praebuit,
2105 3132 2160 3177 et
2185 3146 2231 3206 ο
2264 3130 2383 3184 dem
2431 3131 2701 3199 discipulis
2745 3130 3000 3184 Dominus
3038 3129 3209 3183 dicit:
3242 3130 3572 3198 Quaecunque
3612 3130 3798 3182 dixerint

582 3207 868 3280 Ethiopia:
905 3210 1346 3278 prmdicatorem,
1387 3211 1629 3264 conversi
1682 3211 1827 3264 orbis
1880 3209 2160 3277 Evangeli-

584 3312 723 3352 stam
768 3300 893 3353 iecit
941 3298 1153 3368 (Matth.
1181 3315 1254 3362 Ix,
1284 3299 1347 3364 9;
1390 3299 1557 3352 Marc.
1590 3316 1627 3364 l,
1659 3298 1755 3363 id;
1807 3299 1935 3352 Luc.
1963 3315 2014 3362 v,
2042 3298 2156 3366 27).

584 3391 717 3455 Quia
742 3403 871 3456 ergo
906 3389 1314 3457 praadicatorum
1354 3389 1648 3442 ministerio
1677 3389 1729 3441 bi
1768 3389 1929 3441 etiam
1957 3388 2024 3441 ad
2054 3388 2160 3441 Do-

584 3480 786 3532 minum
822 3479 1074 3543 redeunt,
1096 3479 1164 3532 de
1191 3492 1418 3546 quorum
1444 3478 1618 3532 salute
1647 3479 1877 3531 humana
1902 3477 2157 3543 cogitatio

584 3568 870 3634 desperare
897 3574 1142 3635 poterat,
1186 3567 1323 3620 bene
1360 3566 1498 3620 servi
1538 3574 1592 3618 et
1632 3565 1838 3618 ancil‘te
1879 3573 1936 3617 et
1973 3564 2158 3634 Optimi

582 3659 807 3727 juvenes
836 3658 889 3712 in
931 3656 1071 3724 regis
1100 3670 1262 3725 opere
1295 3654 1527 3723 ponendi
1556 3653 1947 3707 describuntur.

661 3764 744 3819 M.
784 3764 1013 3821 Possunt
1040 3780 1315 3820 servorum
1349 3772 1404 3818 et
1429 3763 1741 3818 ancillarum
1772 3762 2014 3823 nomine,
2044 3776 2162 3815 mo-

587 3868 671 3911 tus
701 3856 881 3911 cordis
900 3862 955 3909 et
991 3853 1301 3908 ali'ectiones
1329 3852 1570 3919 intelligi.
1608 3850 1738 3904 Nam
1766 3849 1981 3918 quando
2006 3851 2159 3904 nobis

586 3948 812 4017 reproba
851 3952 1178 4013 suggerunt,
1216 3942 1357 3997 servi
1399 3948 1563 3995 sunt:
1596 3938 1810 4008 quando
1849 3937 2159 3992 all'ectiones

586 4035 783 4090 mentis
810 4048 1095 4101 pravorqu
1127 4039 1369 4085 motuum
1417 4027 1848 4097 suggestionibus
1890 4026 2158 4082 subszerni

589 4130 869 4193 appetunt,
900 4121 1127 4174 ancillae.
1164 4119 1314 4172 Tunc
1336 4118 1553 4186 quidem
1593 4130 1811 4170 necesse
1838 4123 1939 4179 est,
1972 4124 2029 4167 ut
2065 4130 2160 4183 per

589 4214 818 4278 rigorem
860 4210 1119 4280 propositi
1164 4208 1400 4275 utrisque
1440 4208 1796 4261 dominemur.
1829 4207 2026 4260 Servos
2053 4221 2155 4259 no-

587 4311 730 4356 stros
752 4308 806 4352 et
826 4299 1043 4353 ancillas
1064 4297 1440 4367 praedicatores
1468 4297 1679 4359 tollunt,
1701 4310 1819 4349 cum
1849 4304 2026 4351 motus
2045 4311 2158 4350 cor-

588 4388 734 4440 dium
766 4394 1107 4449 nostrorum,
1151 4392 1205 4437 et
1253 4382 1559 4437 allectiones
1598 4384 1899 4448 instruunt,
1930 4385 2159 4450 qualiter

2262 3221 2421 3284 vobis,
2454 3223 2609 3291 facile
2638 3221 2850 3291 (Matth.
2884 3237 3036 3288 χχιιι,
3074 3222 3151 3290 '5).
3182 3221 3331 3275 Servi
3363 3236 3496 3289 ergo
3523 3235 3694 3289 regum
3729 3235 3800 3271 [ιον

2262 3323 2493 3367 strorum
2535 3328 2719 3365 sumus
2742 3352 2757 3375 ,
2785 3313 2999 3380 quando
3028 3312 3105 3366 sic
3133 3312 3474 3380 prazlatorum
3534 3322 3801 3365 nosv-rorum

2262 3404 2492 3470 imperio
2521 3403 2829 3466 subdimur,
2870 3410 2928 3455 ut
2977 3410 3173 3469 praeter
3224 3417 3409 3455 eorum
3465 3401 3801 3455 auctoritatem

2263 3506 2422 3559 agere
2458 3491 2602 3544 nulla
2647 3505 3046 3558 pmsumamus.
3095 3488 3226 3554 Quia
3278 3503 3407 3556 ergo
3447 3489 3530 3543 eis
3581 3495 3801 3557 praesunt.

2261 3582 2351 3648 qui
2384 3580 2436 3633 in
2464 3580 2661 3633 virtute
2706 3579 3023 3633 obedientite
3069 3594 3192 3632 suas
3222 3579 3445 3632 virtutes
3478 3578 3737 3639 roborant,
3764 3576 3802 3626 in

2261 3675 2368 3728 ﬁne
2390 3674 2522 3742 regii
2559 3672 2695 3742 juris
2733 3672 2963 3726 dicitur:
3007 3670 3203 3742 Vosque
3241 3672 3385 3723 eritis
3412 3672 3457 3722 ei
3489 3670 3620 3723 servi
3648 3677 3737 3722 :ut
3761 3668 3805 3717 li-

2262 3764 2409 3819 deles
2432 3763 2665 3828 subditi,
2704 3772 2833 3816 tunc
2860 3761 3020 3816 etiam
3050 3776 3110 3816 se
3157 3760 3399 3815 subditos
3426 3759 3805 3828 praedicatorum

2260 3860 2530 3923 praecepto
2557 3851 2753 3905 debere
2777 3865 2896 3905 esse
2917 3856 3285 3919 cognoscant,
3306 3849 3526 3916 quando
3554 3864 3648 3918 per
3668 3847 3805 3900 virtu-

2262 3951 2372 3997 tum
2403 3942 2699 4011 profectum
2721 3979 2738 4005 ,
2779 3940 2850 3994 ad
2893 3940 3236 4010 perfectionis
3262 3939 3495 3994 culmina
3540 3938 3809 4009 perducun-

2260 4040 2367 4085 tur.
2394 4030 2547 4096 Quod
2574 4031 2735 4085 etiam
2771 4028 2975 4084 eisdem
3002 4028 3181 4083 verbis
3220 4029 3333 4097 ipsa
3366 4027 3575 4083 Veritas
3606 4028 3810 4095 discipu-

2261 4119 2343 4175 los
2365 4120 2617 4179 edocens,
2646 4119 2722 4171 ait
2751 4136 2763 4171 :
2792 4117 2919 4171 Cum
2964 4119 3187 4187 feceritis
3240 4121 3347 4170 Lare
3393 4119 3600 4179 omnia,
3635 4118 3807 4170 dicite:

2260 4210 2409 4266 Servi
2455 4212 2661 4264 inutiles
2707 4225 2882 4263 sumus
2928 4207 3080 4276 (Luc.
3106 4224 3241 4272 xvtt,
3275 4208 3382 4275 10).
3434 4208 3811 4267 Verumtamen,

2261 4301 2383 4369 quia
2412 4300 2713 4355 carnalibus
2742 4299 2841 4352 ista
2872 4297 3206 4365 loquebatur,
3235 4296 3509 4363 adjunxit,
3540 4296 3714 4348 dicens
3740 4308 3751 4341 :

2333 4385 2648 4459 (Vers.18.)
2689 4385 2759 4438 Et
2790 4384 3075 4439 clamabitis
3102 4387 3157 4437 in
3196 4386 3277 4437 die
3320 4385 3416 4437 illa
3450 4396 3488 4436 α
3523 4385 3656 4454 facie
3682 4384 3816 4451 regis,

588 4480 656 4533 ad
686 4479 779 4535 Dei
807 4478 1079 4533 servitium
1102 4476 1411 4544 dirigantur.
1444 4475 1501 4529 ln
1547 4490 1712 4544 opere
1740 4476 1880 4543 regis
1930 4485 2152 4544 ponunt,
2188 4502 2235 4561 υ
2260 4488 2431 4533 etnon
2451 4476 2690 4531 exaudiet
2713 4491 2799 4529 vos
2838 4474 3087 4528 Dominus
3116 4474 3171 4528 in
3208 4475 3289 4527 die
3328 4475 3450 4539 illa,
3491 4475 3613 4542 quia
3645 4474 3815 4541 petiszis

587 4571 802 4640 quando
824 4569 934 4639 jam
984 4568 1121 4623 idem
1163 4567 1256 4622 Dei
1284 4566 1665 4636 omnipotentis
1690 4566 1985 4631 servitium,
2014 4569 2158 4635 quod

587 4676 772 4715 eorum
803 4658 1110 4727 magisterio
1139 4656 1436 4719 didicimus,
1463 4670 1795 4709 exercemus.
1825 4654 2005 4721 Quare
2032 4666 2085 4709 et
2106 4657 2159 4709 in

587 4755 749 4808 asinis
781 4753 906 4822 quid
945 4752 1153 4823 aptius,
1196 4765 1352 4820 quam
1397 4749 1575 4803 lascivi
1605 4758 1780 4804 motus
1808 4752 1999 4805 anima:
2028 4750 2159 4819 ligu-

587 4840 809 4894 rantur?
850 4838 905 4891 ln
939 4852 1102 4905 Opere
1138 4842 1327 4888 autem
1348 4834 1486 4901 regis
1513 4841 1801 4902 ponuntur,
1829 4835 2042 4902 quando
2069 4836 2157 4889 illa

589 4942 658 4978 nn
678 4942 759 4990 ns,
784 4939 901 4992 quae
930 4923 1107 4992 pravis
1130 4921 1540 4989 cogitationibus
1562 4922 1762 4976 moveri
1791 4923 1858 4975 ad
1887 4924 2157 4977 lasciviam

589 5014 826 5077 solebat,
866 5012 1243 5081 praedicatione
1269 5011 1507 5065 doctoris
1551 5011 1791 5080 proiicit,
1834 5021 1889 5065 et
1938 5012 2161 5067 affectus

590 5118 717 5157 suos
745 5103 797 5154 in
827 5100 1064 5169 appetitu
1114 5100 1382 5153 imitanda:
1410 5100 1671 5154 castitatis
1716 5100 1885 5168 ponit.
1932 5099 2163 5155 Possunt

588 5207 864 5247 servorum
894 5198 949 5244 et
976 5192 1286 5244 ancillarum
1330 5198 1387 5243 et
1431 5191 1701 5245 asinorum
1756 5191 1970 5244 nomine
2020 5192 2157 5245 desi-

588 5279 759 5345 gnari,
776 5278 866 5347 qui
891 5278 1231 5332 saecularibus
1260 5277 1563 5331 hominibus
1590 5277 1888 5346 corporalia
1904 5278 2158 5346 obsequia

590 5367 802 5421 fortiter
840 5366 1170 5434 impendunt.
1221 5365 1325 5419 Sed
1374 5366 1424 5418 in
1467 5381 1631 5432 opere
1676 5367 1815 5433 regis
1852 5375 2157 5434 ponuntur,

589 5456 713 5524 quia
741 5457 985 5510 conversi
1009 5455 1074 5507 ad
1114 5454 1206 5507 Dei
1246 5454 1628 5522 omnipotentis
1672 5456 1967 5516 servitium.
2001 5458 2161 5525 spiri—

590 5546 751 5599 tuaiia
784 5552 933 5598 tanto
956 5544 1201 5597 devotius
1247 5557 1347 5611 pro
1388 5553 1587 5597 aeterna
1637 5546 1988 5600 retributione
2025 5546 2163 5600 tole-

592 5646 729 5697 rant,
765 5646 961 5707 quanto
987 5637 1181 5692 clarius
1210 5644 1525 5704 agnoscunt,
1549 5637 1671 5704 quia
1695 5652 1881 5705 magna
1908 5639 2021 5694 sine
2050 5638 2161 5694 fru-

2263 4566 2401 4621 uobis
2431 4582 2619 4636 regem.

2337 4656 2423 4709 lt}.
2464 4657 2563 4721 Qui
2612 4670 2791 4724 regem
2822 4653 3105 4724 petierant,
3144 4667 3175 4706 a
3222 4653 3358 4707 facie
3402 4653 3547 4719 regis
3586 4652 3816 4705 clamant.

2264 4746 2478 4815 quando
2507 4747 2540 4799 ii
2558 4785 2573 4804 .
2595 4746 2689 4813 qui
2717 4759 2876 4811 agere
2900 4742 3228 4812 spiritualem
3259 4743 3420 4795 vitam
3449 4742 3552 4795 sub
3582 4740 3722 4795 bono
3752 4754 3821 4789 re-

2264 4844 2414 4891 ctore
2437 4844 2711 4898 voverant,
2741 4835 2979 4903 ejusdem
3001 4835 3121 4887 vitm
3151 4832 3454 4899 relinquere
3484 4831 3698 4884 labores
3723 4836 3821 4880 ten-

2264 4934 2401 4979 tant.
2423 4924 2582 4978 Facie
2603 4924 2816 4991 quidem
2852 4938 3038 4977 oumcs
3065 4929 3449 4989 agnoscuntur.
3491 4919 3682 4972 Facies
3710 4930 3821 4980 ergo

2261 5016 2402 5081 regis
2429 5022 2510 5067 est
2536 5014 2748 5080 cognita
2773 5011 3131 5077 conversatio,
3156 5021 3211 5064 et
3229 5009 3461 5063 eruditio
3489 5008 3619 5062 boni
3648 5004 3821 5076 prtedi-

2262 5107 2479 5159 caloris.
2502 5105 2599 5170 Qui
2630 5104 2900 5165 nimirum,
2931 5103 3051 5172 quia
3075 5100 3207 5154 dura
3230 5109 3285 5153 et
3307 5114 3497 5167 aspera
3520 5113 3620 5167 pro
3640 5106 3822 5150 attenta

2262 5195 2368 5248 vita
2399 5202 2582 5260 agunt,
2615 5201 2670 5245 et
2696 5192 2826 5245 dura
2878 5189 3220 5259 praecipiunt,
3262 5204 3448 5242 eorum
3483 5188 3648 5241 vitam
3678 5194 3823 5250 atque

2262 5281 2556 5335 doctrinam
2587 5280 2829 5334 carnales
2872 5279 3066 5332 subditi
3119 5293 3225 5331 non
3260 5277 3479 5340 imitari,
3518 5277 3611 5329 sed
3660 5273 3822 5340 fugere

2262 5378 2545 5424 conantur.
2574 5368 2789 5421 Faciem
2809 5367 3003 5436 quippe
3024 5368 3163 5434 regis
3186 5375 3312 5419 tunc
3335 5364 3523 5418 vident
3543 5365 3637 5430 qui
3662 5375 3821 5429 regem

2263 5460 2545 5528 petierant,
2577 5463 2727 5524 cujus
2753 5465 3031 5525 aspectum
3060 5455 3405 5522 ignorabant;
3435 5453 3561 5521 quia
3607 5454 3661 5505 in
3701 5466 3821 5519 pra:-

2262 5548 2371 5600 lato
2414 5562 2515 5600 suo
2543 5547 2774 5601 caelestis
2816 5545 3022 5600 itineris
3050 5543 3313 5599 districtio
3333 5582 3350 5607 ,
3398 5558 3559 5611 quatn
3592 5542 3662 5595 sit
3691 5542 3826 5594 labo-

2262 5640 2402 5694 riosa
2426 5679 2440 5703 ,
2473 5636 2816 5693 considerant
2838 5673 2853 5700 ,
2884 5651 3045 5706 quam
3076 5633 3219 5691 velut
3254 5649 3367 5689 rem
3410 5633 3655 5697 facilem,
3688 5639 3823 5684 ante
