3962 6268
164 273 282 324 935

165 471 552 544 clamant,qui
599 492 778 547 regem
828 477 1132 548 petierunt;
1182 481 1308 549 quia
1351 481 1476 536 dum
1528 483 1755 538 carnalis

167 568 290 621 vitae
315 567 570 621 deserere
594 576 618 603 ⁸
649 583 854 621 morem
895 568 1082 623 nolunt
1103 610 1118 633 ,
1148 569 1265 638 ejus
1307 586 1464 640 quem
1493 572 1591 626 sibi
1616 588 1755 642 prte-

165 674 288 713 esse
317 658 628 722 voluerunt,
663 657 852 726 optimi
892 660 1122 728 pastoris
1161 659 1241 713 sui
1286 661 1600 716 laudabilem
1634 663 1756 716 imi-

167 748 432 802 tationem
486 745 722 814 effugere
769 746 1030 802 nituntur.
1078 747 1144 801 Et
1171 749 1294 818 quia
1321 764 1463 804 casco
1487 750 1649 804 corde
1676 750 1756 804 lu-

166 851 288 892 cem
317 835 505 890 videre
533 851 641 889 non
685 844 948 906 possunt,
991 836 1059 889 ad
1107 837 1392 890 Dominum
1424 839 1678 905 clamant,
1703 837 1756 892 id

165 937 269 991 est,
295 935 357 981 ut
381 925 615 981 evadere
645 926 926 994 spirituale
951 926 1136 995 jugnm
1167 927 1261 980 Dei
1293 928 1499 995 possint
1522 967 1538 993 ,
1569 928 1754 982 Domi-

164 1031 296 1070 num
323 1016 633 1071 obsecrant.
653 1015 764 1069 Sed
790 1030 900 1070 non
922 1015 1140 1070 exaudit
1181 1031 1274 1070 eos
1305 1016 1566 1071 Dominus
1587 1017 1638 1071 in
1668 1017 1755 1072 die

164 1112 280 1166 illa.
311 1113 442 1178 Quae
464 1121 547 1166 est
567 1112 684 1167 dies
703 1112 814 1177 illa,
838 1127 942 1181 qua
971 1113 1187 1182 reprobi
1214 1113 1437 1181 subjecti
1471 1114 1752 1167 Dominum

169 1205 504 1272 obsecrant,
553 1205 655 1260 nisi
707 1206 934 1260 intentio
985 1222 1137 1260 vantc
1185 1208 1592 1276 prosperitatis?
1635 1207 1752 1262 Non

161 1294 557 1359 exaudiuntur;
605 1296 731 1364 quia
781 1295 1022 1364 profecto
1090 1312 1186 1365 per
1239 1297 1471 1351 divinam
1526 1299 1751 1366 gratiam

163 1399 444 1454 nunquam
489 1385 586 1452 fit,
617 1393 676 1438 ut
713 1385 870 1440 bonis
923 1386 1223 1440 rectoribus
1270 1388 1437 1441 semel
1490 1388 1754 1457 promissa

160 1475 456 1541 subiectio,
485 1474 653 1528 libera
675 1474 853 1542 egredi
878 1474 944 1527 ad
981 1475 1165 1529 mundi
1195 1475 1580 1531 delectationes
1624 1492 1752 1547 pos-

159 1565 255 1617 sit.
290 1562 470 1629 Quare
501 1572 554 1616 et
581 1577 797 1617 causam
824 1561 1120 1630 subjunxit,
1143 1563 1327 1618 dicens
1355 1582 1368 1617 :

230 1676 419 1744 (γεγε.
459 1676 572 1743 18.)
615 1674 749 1739 Quia
774 1679 974 1746 petistis
1004 1677 1144 1731 vobis
1172 1694 1359 1747 regem.

993 275 1056 329 lN
1099 275 1370 333 PRIMUM
1401 274 1640 333 REGUM
1683 277 2195 337 ΕΧΡοειτιοΝΕε.
2236 307 2300 322 -
2344 281 2472 336 LIB.
2515 282 2599 336 IV.

165 401 326 450 quam
357 394 786 451 cognoscerent,
818 388 1160 456 appetebant.
1212 389 1364 443 Tunc
1390 405 1420 444 a
1440 391 1584 446 facie
1613 391 1754 460 regis
1782 398 1830 454 Α

3330 290 3452 345 ‘2l8;

1930 389 2105 464 (vers.
2129 393 2242 463 2L)
2274 394 2344 449 Et
2377 399 2572 452 audivit
2614 397 2825 453 Samuel
2865 400 3038 454 omnia
3064 402 3214 455 verba
3235 407 3448 474 populi,

1859 493 1908 537 et
1931 484 2132 538 locutus
2159 495 2235 539 est
2262 502 2322 539 ea
2347 488 2398 539 in
2434 487 2641 541 auribus
2668 487 2895 543 Domini.

1930 573 2017 626 l8.
2050 575 2250 629 Audire
2273 592 2456 631 vocem
2488 580 2688 648 populi,
2722 589 2804 634 est
2826 596 2944 651 qua:
2976 592 3176 637 sancta:
3203 597 3435 639 convera

1857 663 2078 719 sationis
2099 665 2339 719 h‘abitum
2372 675 2635 736 petentes,
2665 671 2898 724 exterius
2922 671 3104 725 dicant
3123 686 3433 739 agnoscere.

1857 754 1990 808 Nam
2019 755 2161 808 velut
2197 757 2366 811 solam
2396 759 2762 812 accedentium
2793 777 2979 815 vocem
3007 763 3282 829 audimus,
3311 780 3439 818 cum

1856 843 2056 898 scimus
2111 860 2232 914 quae
2278 845 2514 900 exterius
2569 858 2818 901 asserunt
2855 867 2867 900 :
2921 849 3015 902 sed
3060 852 3248 917 quales
3292 852 3438 905 inter

1856 933 2163 1003 sponsionis
2189 936 2514 990 assertiones
2544 935 2705 992 futuri
2732 939 2866 1004 sint,
2897 954 3002 994 non
3030 940 3288 995 videmus.
3333 941 3438 997 Lo-

1857 1024 1949 1092 qui
1998 1037 2126 1092 ergo
2174 1040 2238 1080 ea
2285 1027 2336 1080 in
2384 1028 2602 1083 auribus
2627 1029 2839 1084 Domini
2880 1030 3160 1097 debemus,
3210 1042 3269 1086 ut
3324 1034 3436 1101 ipse

1856 1118 2160 1187 sponsionis
2210 1119 2370 1173 verba
2416 1121 2672 1190 suscipiat
2709 1140 2721 1174 :
2754 1123 2845 1191 qui
2888 1123 3013 1177 dum
3056 1125 3220 1180 verba
3266 1127 3444 1189 audit,

1855 1207 2020 1261 corda
2063 1207 2312 1275 discutit,
2342 1217 2396 1262 et
2422 1224 2488 1263 ex
2522 1219 2668 1264 textu
2706 1210 3052 1281 profectionis
3079 1255 3093 1280 ,
3125 1229 3315 1268 usuras
3345 1231 3442 1268 ex-

1856 1297 2022 1364 quirit
2051 1297 2254 1351 robusti
2288 1300 2484 1367 operis.
2535 1298 2646 1355 lloc
2693 1318 2926 1371 namque
2976 1304 3300 1358 novitiorum
3335 1321 3434 1358 nn-

1854 1395 2087 1441 strorum
2118 1397 2326 1444 mentes
2355 1391 2590 1454 audiant,
2623 1399 2676 1444 et
2703 1403 3060 1460 expavescunt
3089 1414 3099 1444 ;
3127 1394 3252 1462 quia
3282 1393 3432 1446 vide-

1853 1476 1981 1531 licet
2005 1477 2152 1546 quod
2178 1479 2330 1532 nobis
2357 1479 2561 1544 dicunt,
2588 1481 2640 1534 in
2663 1482 2878 1537 auribus
2905 1483 3113 1537 Domini
3140 1484 3431 1551 loquimur.

1853 1567 1986 1622 Nam
2015 1570 2158 1636 quod
2189 1585 2371 1624 coram
2414 1572 2565 1628 nobis
2603 1574 2956 1642 promittunt,
2990 1575 3098 1629 Deo
3128 1576 3432 1643 ollerimus,

1853 1667 1913 1713 ut
1935 1659 2048 1728 ipse
2069 1657 2179 1727 jam
2213 1659 2282 1714 de
2311 1661 2556 1715 manibus
2594 1663 2790 1718 nostris
2821 1672 3030 1728 teneat,
3072 1665 3212 1734 quod
3243 1667 3433 1734 exqui-

235 1764 325 1818 l7.
369 1765 534 1831 Quasi
566 1765 712 1818 dicat
745 1783 758 1818 :
791 1765 1104 1821 Pastoribus
1133 1767 1463 1833 spiritalibus
1487 1767 1752 1836 promissa

1860 1757 1954 1802 rat.
1983 1748 2113 1816 Quae
2138 1750 2376 1818 proiecto
2406 1751 2627 1806 libertas
2648 1755 2897 1821 rectoris,
2915 1762 2998 1808 est
3025 1755 3280 1823 obligatio
3308 1757 3436 1810 sub-

156 1859 431 1927 subjectio
452 1856 836 1924 indissolubilis
868 1864 969 1908 est.
1017 1855 1194 1908 Facile
1223 1856 1314 1924 qui
1337 1857 1440 1909 lem
1472 1857 1622 1911 vobis
1659 1871 1749 1911 re-

157 1965 284 2019 gem
316 1951 502 2020 petitis
538 1967 552 2002 :
588 1949 680 2004 sed
723 1948 851 2021 quia
879 1946 1108 2014 dignitas
1155 1947 1300 2014 regia
1329 1947 1507 2014 gravis
1536 1957 1642 2013 est,
1664 1961 1752 2001 eo-

158 2055 284 2093 rum
334 2046 658 2102 potestatem
715 2035 950 2102 elfugere
993 2035 1151 2088 facile
1181 2051 1288 2088 non
1342 2036 1586 2104 potestis.
1634 2035 1751 2090 Hoc

155 2128 288 2196 quia
316 2127 387 2180 ad
407 2125 686 2181 historiam
711 2125 959 2191 dicimus,
991 2122 1282 2178 notandum
1307 2139 1426 2178 esse
1448 2139 1750 2191 censemus,

154 2217 289 2285 quia
317 2218 666 2286 omnipotens
694 2215 871 2282 Deus,
902 2213 1026 2268 dum
1045 2213 1133 2282 jus
1160 2215 1302 2282 regis
1332 2214 1589 2283 praedicit,
1617 2214 1748 2268 reli-

156 2306 331 2373 giosis
393 2306 695 2378 praepositis
757 2306 986 2358 formam
1051 2304 1402 2359 institutionis
1467 2304 1746 2373 imptndit.

157 2396 381 2463 Quare?
408 2395 478 2451 Ut
506 2397 599 2466 qui
627 2395 986 2451 arctissimam
1027 2394 1452 2449 conversationis
1480 2394 1618 2447 viam
1651 2395 1752 2447 im-

159 2500 381 2555 perant,
408 2486 435 2524 b
457 2485 668 2540 noviter
695 2483 1077 2539 accedentibus
1107 2480 1260 2537 facile
1288 2483 1490 2537 aditum
1514 2498 1619 2536 non
1645 2483 1748 2536 im-

158 2577 425 2645 pendant.
453 2576 632 2641 Quare
653 2584 709 2629 et
733 2574 973 2644 ejusdem
1002 2573 1313 2628 arctissimaa
1345 2572 1464 2626 siue
1495 2573 1749 2639 magister

158 2667 422 2735 optimus,
448 2680 669 2720 somnne
689 2664 932 2720 veritatis
969 2662 1262 2733 discipulus
1295 2663 1534 2717 eruditus
1564 2663 1752 2731 pacci-

157 2759 259 2826 pit,
291 2757 484 2810 dicens
515 2773 530 2808 :
559 2754 786 2808 Probate
809 2756 1049 2824 spiritus',
1084 2754 1130 2806 si
1164 2769 1229 2806 ea:
1254 2752 1362 2806 Deo
1387 2754 1490 2806 sint
1518 2751 1570 2821 (1
1589 2751 1749 2805 Joan.

159 2865 233 2913 2v,
263 2849 338 2910 ε).
365 2846 432 2900 Et
459 2847 589 2900 item
612 2865 626 2900 :
657 2845 709 2898 Ν
715 2849 976 2899 untientur
1003 2847 1048 2898 ei
1069 2845 1200 2898 dura
1219 2853 1266 2898 et
1293 2860 1505 2914 aspera,
1520 2860 1612 2913 per
1639 2859 1753 2914 qua

161 2944 267 2995 itur
293 2941 369 2994 ad
403 2940 589 3008 Deum,
615 2949 670 2993 ut
699 2942 828 2993 sciat
855 2939 925 2993 ad
951 2941 1086 3011 quod
1114 2941 1294 2993 intrat.
1340 2937 1600 2992 Prmdicat
1623 2952 1751 3006 ergo

163 3033 424 3086 Dominus
441 3031 532 3101 jus
561 3031 720 3099 regis,
754 3031 926 3094 dicat,
954 3031 1090 3085 sciat
1118 3029 1318 3094 omnia,
1347 3029 1532 3097 quales
1557 3042 1749 3082 carna-

1857 1837 1955 1892 diti
1977 1855 1989 1890 :
2013 1838 2137 1907 quia
2159 1846 2309 1893 tanto
2330 1839 2638 1895 dntricdori
2659 1842 2939 1896 sententia:
2951 1842 3215 1908 subditur,
3235 1854 3435 1913 quanto

1854 1926 2091 1995 apertius
2119 1928 2257 1982 scire
2298 1937 2483 1999 potest.
2513 1946 2527 1983 :
2556 1930 2680 1999 quia
2717 1930 2786 1985 de
2832 1947 2917 1997 eo,
2950 1933 3092 2000 quod
3122 1936 3433 2003 respondet.

1855 2016 2211 2085 omnipotenti
2237 2015 2349 2072 Deo
2378 2019 2603 2074 reddere
2643 2021 2907 2076 rationem
2937 2023 3114 2076 debet.
3148 2023 3278 2078 Cum
3304 2039 3433 2094 ergo

1853 2121 1916 2160 ea
1936 2120 2057 2174 qua:
2090 2107 2274 2161 novitii
2303 2110 2644 2178 promittunt,
2676 2110 2788 2166 Deo
2816 2109 3106 2179 offerimus,
3137 2114 3288 2183 quasi
3315 2115 3438 2169 chi-

1852 2197 2194 2265 rographum,
2226 2198 2370 2266 quod
2400 2199 2555 2254 nobis
2584 2200 2816 2266 faciunt,
2848 2201 2923 2255 illi
2957 2201 3166 2257 damus.
3212 2201 3278 2257 Et
3306 2205 3428 2273 quia

1852 2288 2082 2342 latenter
2121 2288 2225 2343 hoc
2268 2289 2471 2357 agitur,
2505 2290 2557 2343 in
2600 2291 2816 2344 auribus
2846 2290 3056 2345 Domini
3103 2290 3316 2346 Samuel
3347 2307 3446 2355 ea,

1852 2393 1972 2446 qua:
2002 2379 2228 2446 populus
2270 2380 2509 2441 dixerat,
2557 2380 2765 2433 locutus
2795 2379 2957 2434 fuisse
3001 2382 3333 2450 perhibetur.
3375 2382 3446 2436 In.

1853 2470 2072 2524 auribus
2101 2472 2298 2539 quippe
2326 2472 2620 2525 amicorum
2655 2473 2940 2541 loquimur,
2978 2473 3194 2540 quando
3225 2488 3287 2526 ea
3315 2486 3442 2540 quae

1852 2560 2095 2625 dicimus,
2123 2561 2391 2614 extraneis
2417 2562 2672 2614 cvlamus.
2705 2561 2957 2629 Sequitur
2983 2579 2998 2614 :

1923 2653 2102 2722 (Vers.
2135 2652 2246 2720 21.)
2308 2652 2454 2706 Dixit
2497 2662 2666 2706 autem
2711 2653 2967 2708 Dominus
2996 2653 3065 2706 ad
3096 2650 3386 2707 Samuelem
3413 2671 3434 2707 :

1852 2743 1988 2796 Audi
2015 2761 2183 2797 vocem
2212 2761 2417 2809 eorum,
2447 2753 2498 2797 et
2523 2745 2775 2798 constitue
2801 2761 2952 2814 super
2980 2761 3067 2797 eos
3096 2761 3282 2812 regem.

1929 2833 2015 2889 l9.
2058 2835 2316 2903 Superius
2364 2835 2623 2903 propheta
2673 2833 2849 2888 futura
2901 2833 3268 2902 prospiciens,
3311 2834 3428 2886 ait:

1855 2927 2158 2983 Clamabitis
2186 2928 2254 2980 ad
2283 2927 2484 2979 Domin
2507 2943 2578 2991 ιη,
2603 2938 2648 2979 et
2677 2943 2778 2980 non
2805 2926 3069 2990 exaudiet,
3093 2925 3212 2995 quia
3231 2925 3436 2995 petistis

1854 3017 1995 3073 vobis
2033 3034 2220 3088 regem.
2266 3016 2417 3070 Nunc
2445 3032 2570 3069 vero
2614 3016 2870 3068 Dominus
2911 3015 2980 3067 dii
3001 3016 3042 3068 it
3067 3033 3078 3067 :
3104 3015 3240 3067 Audi
3266 3031 3434 3068 uocem

160 3125 238 3178 les
268 3124 434 3176 futuri
461 3131 590 3178 sunt
629 3123 684 3177 in
711 3123 834 3189 ejus
864 3121 1242 3176 observatione
1280 3138 1292 3173 :
1320 3129 1374 3174 et
1411 3129 1468 3174 ut
1495 3121 1558 3173 ad
1585 3120 1748 3173 vitam

1860 3127 2050 3173 eorum,
2075 3119 2125 3162 et
2150 3110 2397 3161 constitue
2418 3123 2572 3177 super
2600 3123 2686 3160 eos
2717 3122 2886 3176 regem
2916 3104 2967 3175 (Ι
2998 3105 3122 3174 Reg.
3168 3120 3289 3169 un,
3324 3103 3434 3172 18).

161 3213 383 3265 virtutis
435 3213 596 3282 200
649 3207 864 3264 debiles
903 3207 1057 3262 facile
1103 3224 1208 3262 non
1257 3208 1554 3275 accedant,
1585 3207 1750 3261 fortes

162 3301 442 3371 praepositi
490 3299 647 3354 facile
675 3299 880 3353 debiles
921 3313 1257 3366 nequaquam
1289 3297 1576 3366 accipiant.
1605 3294 1753 3350 Cele-

159 3393 295 3445 nitas
323 3389 546 3458 quidem
574 3387 945 3443 conversionis
981 3387 1293 3457 plerumque
1321 3387 1492 3440 oritur
1519 3401 1587 3441 ex
1613 3401 1751 3455 prte-

159 3481 484 3549 eipitatione
524 3477 760 3544 consilii,
796 3492 902 3531 non
953 3491 1020 3530 ex
1065 3477 1396 3531 incremento
1428 3476 1748 3530 devotionis.

162 3569 299 3622 Nam
331 3584 452 3622 cum
477 3565 667 3620 inﬁrmi
692 3567 849 3620 fortia
875 3568 1214 3635 promittunt,
1239 3581 1342 3620 non
1371 3578 1448 3619 est
1471 3576 1749 3634 espertutn

162 3659 335 3712 νίψω·
363 3659 557 3724 animi,
580 3657 672 3711 sed
699 3657 942 3712 confusio
974 3657 1332 3712 discretionis.
1381 3658 1526 3724 Quos
1565 3675 1752 3716 Omnes

157 3749 261 3800 sub
302 3748 462 3801 unius
503 3746 850 3802 den0tatione
879 3747 1092 3814 sapiens
1121 3747 1220 3801 adn
1245 3759 1403 3813 ontt,
1449 3749 1538 3816 qui
1578 3750 1747 3804 dicit:

163 3848 186 3874 ε
222 3837 404 3906 Super
430 3845 480 3890 te
514 3852 642 3889 onus
679 3853 742 3889 ne
775 3836 1038 3890 levaveris.
1085 3835 1186 3902 Qui
1225 3850 1354 3904 ergo
1399 3838 1450 3890 in
1493 3838 1752 3905 regularis

159 3927 287 3980 vitae
329 3926 460 3982 forti
508 3926 784 3994 proposito
828 3926 950 3981 aliis
995 3935 1248 3996 prmsunt,
1280 3935 1429 3981 tanto
1467 3927 1752 3982 discretius

157 4015 367 4068 debent
394 4014 463 4068 ad
489 4014 732 4068 eamdem
753 4014 918 4068 vitam
945 4029 1242 4069 conversos
1262 4015 1522 4084 recipere,
1546 4023 1751 4083 quanto

155 4114 211 4156 et
244 4104 432 4158 utilius
465 4099 905 4171 prienoScendum
935 4113 1040 4172 est,
1064 4105 1432 4160 accedentium
1465 4106 1653 4174 petitio
1683 4122 1748 4160 ex

159 4192 366 4245 virtute
407 4192 481 4245 sit
525 4193 719 4256 animi,
756 4207 825 4246 an
871 4208 936 4246 ex
984 4194 1410 4263 praecipitatione
1436 4195 1747 4250 voluntatis.

160 4283 297 4338 Nam
320 4285 415 4352 qui
444 4286 497 4338 in
531 4285 641 4338 suis
663 4285 871 4338 actibus
903 4285 1083 4340 faciles
1110 4293 1260 4350 stunt,
1292 4288 1467 4341 solent
1494 4288 1753 4342 instanter

160 4374 288 4427 vitae
345 4374 606 4442 spiritalis
659 4375 1003 4442 asperitatem
1056 4386 1312 4445 appetere
1336 4418 1358 4443 ,,
1384 4387 1442 4431 ut
1470 4377 1752 4431 videantur

163 4478 359 4531 magna
391 4465 556 4517 animi
584 4465 972 4534 virtute,.quod
1004 4475 1280 4536 expetunt,
1302 4467 1626 4520 desiderare.

233 4557 418 4625 (γης.
447 4555 534 4617 19,
571 4555 687 4624 20.)
726 4554 912 4611 Noluit
936 4566 1106 4610 autem
1134 4558 1351 4627 populus
1377 4557 1554 4611 audire
1578 4575 1750 4612 vocem

159 4646 465 4713 Samuelis,
489 4655 538 4699 et
577 4647 818 4699 dixerunt
847 4663 865 4699 :
894 4645 1236 4718 Nequaquam
1249 4689 1280 4714 ,v
1303 4647 1394 4700 sed
1420 4663 1510 4701 rex
1537 4648 1637 4701 erit
1665 4664 1753 4702 su-

160 4757 251 4806 per
286 4756 409 4805 ποι,
435 4748 486 4791 et
509 4739 697 4792 erimus
737 4755 828 4792 nos
867 4756 1062 4809 quoque
1105 4741 1237 4793 sicut
1278 4756 1454 4793 omnes
1485 4750 1674 4810 gentes,
1702 4749 1752 4793 et

154 4829 420 4900 judicabit
447 4845 544 4882 nos
572 4845 664 4881 rea:
696 4838 888 4893 uoster,
912 4839 960 4881 et
976 4829 1267 4899 egredietur
1287 4838 1407 4881 ante
1434 4845 1550 4896 nos,
1579 4837 1628 4882 et
1657 4845 1752 4898 pu-

160 4921 348 4991 gnabit
377 4919 512 4973 bella
540 4928 722 4972 nostra
750 4937 841 4983 pro
872 4919 1032 4972 nobis.

231 5009 356 5066 Hoc
395 5013 520 5081 quia
559 5011 804 5080 superius
833 5011 937 5066 late
965 5012 1267 5080 expositum
1308 5019 1432 5079 est,
1478 5012 1531 5066 in
1564 5026 1750 5066 eorum

157 5103 532 5172 exquisitione
560 5103 732 5158 otiose
758 5100 1074 5156 retinentur.
1105 5101 1358 5171 Sequitur
1391 5120 1405 5156 :

232 5266 257 5292 ο
300 5256 364 5310 ln
393 5256 566 5316 Vatic.
599 5270 655 5316 et
675 5260 863 5324 Guss..
882 5261 1075 5328 volunt,
1103 5259 1247 5329 quod
1272 5260 1535 5316 intentum
1561 5275 1592 5314 a
1623 5259 1758 5316 Gre-

162 5330 569 5409 goriqsensum
593 5333 806 5409 evertit.
833 5399 865 5409 Α
937 5398 974 5409 Ἀ

235 5400 262 5434 δ
306 5396 438 5451 Hac
480 5414 551 5466 _ex
603 5402 784 5467 regula
833 5399 888 5453 S.
937 5398 995 5452 Ρ.
1029 5399 1342 5466 Benedicti,
1385 5417 1506 5470 cap.
1542 5399 1620 5470 758
1662 5400 1756 5454 de-

164 5476 425 5536 prompta
449 5476 584 5521 sunt
605 5485 710 5523 non
742 5484 768 5522 s
805 5471 912 5522 lum
942 5470 1121 5536 quoad
1161 5486 1375 5526 sensum
1401 5510 1416 5535 ,
1455 5469 1552 5524 sed
1590 5471 1753 5522 etiam

165 5535 349 5607 quoad
373 5536 537 5607 verba
562 5555 577 5589 :
612 5536 666 5590 Ν
669 5539 824 5592 ociter
849 5535 971 5607 quis,
995 5541 1202 5592 veniens
1240 5540 1309 5592 ad
1337 5541 1718 5594 conversionem
1736 5580 1750 5602 ,

170 5622 269 5677 non
299 5606 351 5656 ei
375 5605 546 5677 facilis
579 5607 831 5677 tribuatur
860 5605 1152 5676 ingressus:
1173 5609 1264 5662 sed
1282 5609 1412 5662 sicut
1433 5611 1505 5661 ait
1533 5610 1752 5677 Aposto-

169 5675 270 5738 lus,
295 5676 527 5748 probate
564 5676 784 5740 spiritus
825 5678 872 5732 si
899 5693 963 5732 ex
995 5678 1104 5732 Deo
1132 5687 1289 5745 sunt,
1321 5689 1425 5734 ctc.
1461 5675 1619 5734 Multa
1651 5680 1753 5732 alia

1854 3199 1989 3265 Quid
2022 3214 2118 3267 per
2147 3199 2250 3252 hoc
2276 3197 2428 3251 nubis
2457 3197 2777 3259 ostenditur,
2810 3196 2908 3249 nisi
2939 3196 3084 3264 quod
3111 3211 3250 3264 saepe
3283 3195 3437 3250 bonis

1853 3287 2153 3340 rectoribus
2191 3295 2391 3339 sanctae
2432 3284 2684 3338 Ecclesiae
2725 3284 2977 3338 divinitus
3031 3283 3354 3352 inspiratur,
3379 3292 3436 3336 ut

1856 3377 2089 3431 (adestis
2119 3377 2240 3428 vita:
2269 3375 2459 3428 studiis
2488 3389 2582 3428 eos
2617 3373 2882 3441 subdant,
2908 3375 2998 3442 qui
3023 3372 3435 3441 sub-disciplina

1855 3466 2097 3535 ejusdem
2148 3464 2495 3533 professionis
2541 3472 2729 3534 postea
2756 3463 2942 3518 devoti
2988 3478 3093 3517 non
3141 3463 3299 3517 sunt?
3336 3461 3434 3528 Qui

1856 3558 2095 3628 profecto
2119 3565 2304 3628 postea
2330 3573 2361 3610 a
2389 3557 2524 3612 facie
2546 3557 2686 3625 regis
2711 3556 2993 3610 ciamaturi
3013 3563 3157 3617 sunt,
3178 3563 3232 3608 et
3259 3563 3436 3608 tamen

1852 3649 2032 3703 divino
2055 3661 2326 3720 praecepto
2359 3661 2536 3716 regem
2571 3646 2878 3715 rccipiunt:
2913 3647 3038 3714 quia
3072 3646 3328 3699 divinitus
3357 3645 3432 3698 in»

1853 3739 2126 3808 spirantur
2149 3737 2214 3790 ad
2243 3739 2551 3791 servitutem
2579 3737 2670 3791 Dei
2693 3739 2886 3791 devote
2916 3736 3196 3801 accedere,
3219 3751 3355 3803 quos
3382 3735 3436 3791 in

1855 3840 2142 3898 augmento
2197 3830 2460 3884 mercedis
2511 3840 2728 3885 :nternae
2793 3837 3070 3897 pastorum
3134 3827 3438 3882 sollicitudo

1855 3921 2038 3990 tnagni
2057 3920 2280 3987 laboris,
2310 3919 2408 3973 sub
2435 3918 2674 3986 ejusdem
2711 3917 2983 3972 servitutis
3019 3917 3234 3971 vinculo
3276 3919 3434 3986 201

1857 4015 2069 4068 debeat-
2087 4013 2359 4068 cohibere.
2390 4011 2466 4065 Ad
2513 4012 2794 4066 Dominum
2840 4027 3034 4081 nempe
3077 4013 3311 4066 clamare
3354 4011 3436 4064 di-

1853 4114 2067 4169 cuntur,
2097 4119 2126 4156 a
2155 4103 2287 4158 facie
2315 4105 2453 4170 regis
2477 4104 2558 4158 sui
2593 4121 2604 4155 :
2641 4103 2734 4157 sed
2759 4104 2886 4173 quid
2927 4119 2956 4156 a
2989 4103 3214 4156 Domino
3244 4104 3439 4157 missus

1854 4198 2116 4266 propheta
2148 4196 2503 4266 respondtat,
2553 4197 2652 4267 ipsi
2707 4212 2860 4266 reges
2906 4197 3163 4260 audiant,
3212 4203 3269 4249 ut
3310 4196 3439 4263 quid

1853 4301 2013 4354 agere
2040 4287 2174 4341 dtbe
2211 4296 2297 4352 nt,
2331 4287 2469 4341 inter
2503 4287 2647 4356 ipsos
2675 4287 2938 4342 clamores
2966 4285 3156 4342 sciant.
3192 4284 3437 4353 Nan,in.-

1815 4381 1987 4446 .quit,
2024 4379 2264 4432 exaudiet
2311 4396 2416 4434 ros.
2448 4377 2587 4446 Ergo
2634 4394 2732 4434 nec
2778 4381 2877 4450 ipsi
2926 4380 3181 4434 exaudire
3215 4379 3434 4434 debent.

1788 4475 1832 4530 n
1858 4465 1958 4532 Qui
1983 4468 2124 4521 enim
2157 4467 2206 4520 in
2237 4469 2436 4522 sanctis
2458 4469 2800 4524 monasteriis
2827 4477 2951 4524 sunt
2981 4470 3168 4539 tepidi,
3190 4469 3439 4527 medendi

1857 4567 2003 4620 sunt,
2029 4558 2178 4626 quasi
2199 4559 2355 4626 aegri;
2388 4575 2496 4613 non
2519 4569 2642 4613 sunt
2673 4560 2942 4628 cjiciendi,
2972 4569 3030 4614 ut
3059 4559 3278 4613 mortui.
3303 4558 3438 4616 Natu

1857 4647 1902 4700 si
1931 4662 1962 4699 a
1987 4646 2211 4699 Domino
2243 4647 2389 4700 missi
2414 4658 2556 4713 sunt,
2582 4648 2718 4702 inter
2745 4649 3100 4719 spiritua‘ium
3131 4655 3438 4713 unguento-

1859 4753 1975 4790 rum
2006 4735 2238 4790 fomenta
2268 4737 2601 4804 resipiscent.
2634 4736 2784 4791 Dicat
2813 4753 2941 4806 ergo
2971 4737 3226 4791 Dominus
3259 4754 3272 4790 :
3303 4736 3439 4791 Con-

1856 4830 2008 4880 stitue
2052 4843 2204 4895 super
2250 4843 2337 4880 eos
2389 4843 2558 4898 regem
2588 4827 2750 4895 :quia
2796 4827 3039 4897 profecto
3081 4827 3322 4881 nonnulli
3372 4828 3438 4882 ad

1857 4919 2168 4973 servitutem
2218 4919 2309 4972 Dei
2342 4919 2562 4972 veniunt
2597 4919 2815 4986 devoti,
2860 4920 2948 4987 qui
2990 4927 3046 4974 et
3086 4918 3439 4986 refrigescere

1859 5009 2268 5080 permittuntur,
2299 5010 2391 5063 sed
2421 5017 2693 5079 pastorum
2723 5009 2923 5074 studio,
2956 5027 3183 5080 quorum
3223 5027 3282 5065 se
3305 5026 3438 5079 pra:-

1857 5111 2018 5174 cepto
2055 5104 2404 5159 subdiderant
2448 5105 2624 5158 divina
2668 5104 3049 5174 inspiratione,
3095 5104 3161 5158 ad
3201 5117 3440 5162 amorem

1859 5274 1924 5341 ex
1958 5260 2145 5315 eadem
2186 5261 2369 5331 regula
2417 5263 2698 5331 desumpta
2728 5261 3128 5317 observavimus
3157 5260 3209 5314 in
3243 5259 3440 5319 Praefa-

1862 5337 2247 5454 uofelz‘ortasse
2289 5401 2478 5454 Ecl-:iis.
2517 5415 2636 5469 cap.
2663 5417 2740 5462 tu,
2769 5401 2858 5462 22,
2893 5400 2979 5458 ubi
3018 5401 3212 5467 legitur
3247 5401 3440 5454 altiora

1858 5479 1925 5535 te,
1957 5470 2038 5524 vel
2062 5471 2360 5539 difﬁciliora
2389 5479 2436 5521 te
2457 5487 2519 5523 ne
2546 5473 2828 5540 quwsicris.
2846 5469 2907 5522 Et
2931 5471 2982 5540 in
3008 5469 3162 5523 Vers.
3189 5470 3437 5540 Arabica.

1858 5555 1921 5592 ue
1949 5556 2148 5642 (pigras
2187 5539 2479 5662 quoil7vires
2521 5539 2638 5594 tuas
2676 5548 2896 5610 superet.
2927 5539 3058 5594 Vide
3081 5554 3242 5608 Sttpra
3277 5539 3367 5595 lib.
3392 5554 3441 5607 Ι,

1859 5625 1976 5663 can.
2018 5647 2065 5663 ...
2095 5625 2240 5663 num.
2350 5649 2362 5660 .

1893 5626 1976 5680 ap.
2012 5626 2065 5675 τι,
2095 5626 2240 5663 num.
2283 5626 2362 5662 ιι.
