3962 6312
558 330 661 387 217

1744 337 1987 394 ΞᾹΝΕἹἾ
2023 336 2347 391 CREGORH
2388 338 2613 393 MAGNT

3675 352 3764 409 ειθ

557 452 791 509 calcatis
818 452 1004 521 patria:
1026 453 1378 507 recalescunt.
1406 452 1636 519 Sed'jatn
1667 452 1837 522 qualis
1856 462 2041 520 pastor
2068 450 2134 504 ad
2162 450 2217 507 At
2236 450 2577 516 gradiebatur
2604 450 2692 503 ille
2730 451 2797 504 de
2826 465 2933 518 quo
2972 454 3227 521 scriptum
3254 462 3334 506 est
3361 473 3373 506 :
3427 455 3680 527 Regressus
3701 479 3766 519 est

554 546 669 599 luet:
692 544 764 597 sit
797 543 1042 608 idoneus,
1072 543 1309 610 exponit,
1343 542 1524 596 dicens
1551 560 1563 594 :

626 640 668 711 (1
698 641 831 702 Rea.
878 657 951 699 tv,
1002 640 1054 705 l,
1099 639 1178 710 ‘2.)
1219 639 1349 692 Erat
1376 641 1453 693 vir
1489 640 1554 693 de
1600 640 1893 708 Benjamin,
1924 641 2131 692 nomine

562 732 669 787 liis.
722 732 864 801 ﬁlius
901 730 1061 783 Abiel.
1097 731 1243 797 “ﬁlii
1291 728 1469 792 Seror,
1514 718 1611 799 plu
1661 729 1979 791 Βεειιοναιιι,
2032 730 2128 797 ﬁlii

551 821 742 889 .lpltia,
773 821 871 889 ﬁlii
899 821 994 872 viri
1021 818 1211 872 Jemim'
1238 821 1385 888 [ortis
1413 820 1610 872 robore.
1653 818 1719 870 Et
1746 826 1855 871 erat
1886 820 1963 871 illi
1989 819 2132 886 ﬁlius

548 911 797 964 rocaﬁul’u
844 910 995 975 Saul,
1043 909 1233 963 electus
1260 918 1308 961 et
1353 909 1535 974 bonus,
1584 918 1634 961 et
1675 927 1779 962 non
1822 919 1934 961 erat
1963 909 2039 961 t'ir
2067 910 2131 961 de

553 999 729 1062 Israel
746 999 923 1052 melior
954 999 1065 1062 illo,
1094 1000 1157 1051 ab
1180 999 1457 1051 numeraret
1477 1014 1680 1050 sursum
1702 998 1951 1051 eminebat
1977 1013 2131 1065 super

551 1107 758 1145 omnem
773 1092 1036 1159 populum.

624 1178 714 1232 20.
752 1178 888 1244 Quil
910 1189 1008 1241 est,
1038 1178 1181 1245 quozl
1209 1194 1326 1231 cum
1369 1194 1463 1231 rex
1495 1178 1900 1231 constituendus
1940 1187 2125 1230 osten-

551 1267 713 1328 ditur,
742 1275 952 1335 patrum
976 1268 1187 1319 numina
1212 1284 1247 1337 p
1267 1268 1571 1321 indicantur
1597 1286 1608 1319 :
1642 1268 1739 1320 nisi
1768 1268 1891 1336 quia
1916 1268 1927 1319 i
1954 1268 2128 1334 nligne

550 1357 840 1410 assumitur
868 1357 931 1408 al
966 1356 1319 1423 principa'tnn
1350 1368 1549 1409 sancta:
1577 1357 1849 1421 licclesim,
1883 1357 1971 1425 qui
2000 1372 2127 1409 san-

551 1454 766 1498 ctorum
812 1442 1025 1496 Patrum
1061 1444 1111 1496 in
1145 1446 1380 1497 nturihus
1424 1445 1754 1499 nobilitatem
1787 1462 1892 1499 non
1940 1446 2131 1499 tenet?

548 1535 658 1587 lies
708 1542 886 1586 auum
918 1541 1127 1601 patrum
1176 1534 1389 1587 nomina
1443 1534 1801 1602 assignantur,
1852 1543 1911 1587 ut
1932 1541 2131 1587 sancta:

548 1624 973 1679 conversationis
1003 1639 1189 1678 eorum
1223 1625 1273 1677 in
1303 1625 1443 1681 bona
1466 1626 1674 1679 actione
1704 1625 1963 1694 perfectio
1989 1625 2130 1679 desi-

549 1724 764 1780 gnetur.
814 1714 921 1768 Sex
963 1715 1105 1767 enim
1136 1714 1323 1768 diebus
1368 1715 1597 1769 mundus
1624 1714 1870 1769 conditus
1901 1722 2001 1777 est,
2032 1729 2126 1767 sex

2230 540 2383 594 Jesus
2411 544 2466 595 in
2495 544 2679 595 uirtute
2718 543 2930 611 spiritus
2978 544 3029 596 in
3064 542 3336 597 Galila’am
3379 545 3526 613 (Luc.
3570 565 3632 613 tv,
3672 552 3756 617 ll).

2230 633 2330 698 Qui
2352 646 2480 701 ergo
2501 633 2663 687 durus
2682 631 2897 699 dicitur,
2920 632 3070 686 fortis
3092 633 3287 689 robore
3312 636 3610 702 perhibetur
3632 658 3643 691 :
3662 643 3760 707 quia

2231 722 2386 776 electi
2417 722 2538 786 viri,
2568 723 2697 776 dum
2728 738 2935 777 summa
2967 724 3282 791 przcdicant,
3315 726 3545 787 ingentia
3572 727 3601 778 d
3634 744 3755 783 mou—

2228 822 2437 868 strant:
2487 822 2543 868 et
2569 829 2728 868 omne
2756 813 2901 883 quod
2928 815 3092 867 altum
3144 815 3484 884 przccipiunt,
3531 831 3759 886 omneque

2228 905 2371 974 quod
2400 918 2649 971 magnum
2678 912 2860 972 agunt,
2893 905 2947 959 in
2978 906 3176 961 virtute
3207 910 3375 962 sancti
3418 908 3636 975 Spiritus
3660 929 3760 975 Ope-

2229 1003 2433 1047 rantur.
2480 992 2558 1048 De
2585 1009 2692 1063 quo
2730 994 2888 1063 digne
2913 996 3290 1064 subjungitur:
3341 996 3411 1050 Et
3438 1008 3550 1051 erat
3586 1001 3627 1051 ei
3652 1001 3767 1069 ﬁlius

2232 1083 2373 1138 Saul
2401 1087 2627 1150 nomine,
2657 1086 2845 1140 electus
2870 1096 2919 1140 et
2960 1085 3144 1141 bonus.
3190 1086 3323 1147 Nam
3347 1091 3441 1157 qui
3474 1090 3642 1142 talium
3671 1093 3764 1145 imi-

2231 1184 2372 1230 tator
2399 1185 2497 1235 est,
2529 1176 2674 1230 utilis
2700 1192 2805 1229 non
2834 1177 3006 1230 solum
3039 1184 3121 1231 est
3149 1176 3214 1229 ad
3239 1177 3478 1231 laborem
3503 1179 3766 1243 ministerii,

2231 1264 2328 1317 sed
2370 1275 2525 1333 aptus
2570 1265 2635 1318 ad
2668 1264 2893 1319 fructum
2952 1265 3303 1320 Lmreditatis.
3340 1264 3557 1320 Electus
3605 1268 3769 1337 quippe

2232 1353 2392 1407 etiam
2419 1353 2583 1407 ludas
2610 1354 2675 1407 ad
2700 1355 3050 1409 ministerium
3073 1354 3170 1408 fuit
3198 1372 3212 1408 :
3243 1355 3336 1409 sed
3361 1356 3486 1425 quia
3508 1357 3668 1411 bonus
3686 1374 3769 1413 non

2232 1441 2347 1506 fuit,
2372 1442 2459 1511 jus
2489 1444 2666 1497 amisit
2694 1444 3071 1499 successionis.
3104 1443 3205 1510 Qui
3237 1458 3366 1512 ergo
3397 1444 3449 1497 in
3474 1444 3597 1498 Saul
3624 1445 3768 1502 adhuc

2233 1532 2406 1587 electo
2437 1542 2491 1586 et
2517 1534 2660 1587 bono
2690 1533 3083 1602 significantur,
3119 1533 3221 1586 nisi
3249 1540 3557 1587 sanctorum
3586 1532 3769 1588 Patrum

2233 1619 2391 1673 electi
2422 1620 2741 1685 imitatores,
2764 1620 2853 1688 qui
2884 1634 2983 1688 per
3006 1619 3303 1673 doctrinam
3332 1618 3450 1673 aliis
3478 1619 3629 1674 utiles
3652 1630 3771 1685 sunt,

2235 1718 2289 1763 et
2318 1725 2415 1777 per
2441 1711 2909 1765 conversationem
2929 1710 3028 1765 sibi
3057 1727 3072 1763 :
3098 1710 3189 1778 qui
3218 1710 3296 1765 sic
3320 1709 3455 1764 alios
3486 1718 3776 1778 possuntre~

547 1805 794 1857 aetatibus
821 1813 1243 1859 consummatur.
1280 1805 1385 1857 Sex
1415 1817 1547 1871 ergo
1570 1813 1693 1858 sunt
1722 1812 1923 1873 patres,
1953 1804 2043 1871 qui
2074 1804 2125 1857 in
2164 1791 2203 1847 Β
2232 1814 2379 1867 gere,
2410 1813 2466 1855 ut
2490 1803 2834 1873 sibimetipsis
2857 1819 3194 1873 nequaquam
3222 1803 3469 1858 desinant
3494 1806 3786 1874 providere?

548 1892 878 1960 genealogia:
904 1893 1090 1947 ordine
1112 1893 1401 1946 electorum
1427 1902 1701 1961 pastorum
1726 1903 1925 1947 sanctm
1948 1892 2126 1947 Eccle-

547 1982 651 2034 site‘
672 1982 1017 2037 nominantur
1042 2000 1055 2035 :
1087 1985 1209 2050 quia
1238 1983 1482 2036 nimirum
1506 1984 1714 2039 illorum
1744 1992 1870 2036 sunt
1898 1999 1991 2053 per
2012 1984 2131 2037 imi-

549 2073 808 2127 tationem
842 2073 953 2134 lilii.
985 2074 1075 2141 qui
1108 2074 1157 2127 in
1191 2073 1359 2127 forma
1387 2074 1725 2143 sequentium
1766 2074 1975 2128 culmen
2026 2074 2125 2127 ob-

550 2164 730 2217 tinent
752 2162 1121 2233 perfectionis.
1141 2164 1300 2217 Patcr
1328 2181 1458 2219 vero
1489 2165 1650 2232 regis,
1670 2164 1777 2230 Cis,
1806 2164 1855 2218 id
1872 2166 2130 2218 estdurus

548 2254 745 2308 dicitur
769 2271 784 2306 :
807 2254 931 2323 quia
957 2255 1201 2323 profecto
1223 2255 1278 2317 ii,
1303 2270 1531 2323 quorum
1554 2256 1723 2310 sancti
1748 2256 2125 2324 praedicatores

552 2345 851 2400 imitatores
876 2353 1025 2411 sunt,
1054 2346 1161 2397 vita
1192 2352 1245 2397 et
1275 2345 1392 2398 zelo
1424 2345 1629 2399 remissi
1672 2361 1776 2397 non
1807 2353 1952 2399 sunt.
2002 2345 2130 2399 Duri

550 2450 782 2502 namque
795 2435 1081 2504 sunt,.quia
1097 2436 1466 2503 peccatoribus
1483 2436 1662 2489 mollia
1678 2451 1784 2489 non
1800 2436 2091 2505 loquuntur
2112 2454 2123 2487 :

550 2526 670 2579 duri
686 2524 846 2580 etiam
863 2538 1005 2588 sunt,
1020 2530 1213 2595 quia-ul
1239 2529 1371 2582 alios
1383 2529 1519 2583 bene
1542 2529 1809 2596 corrigunt
1823 2570 1837 2592 ,
1860 2529 1990 2581 dura
2010 2544 2130 2595 qua:

550 2615 654 2669 illis
683 2615 1031 2684 praecipiunt,
1073 2617 1123 2670 in
1157 2633 1253 2670 sua
1301 2619 1708 2672 conversatione
1736 2618 2125 2671 demonstrant.

551 2704 727 2758 Durus
744 2720 972 2773 namque
1014 2706 1313 2771 videbatur,
1364 2708 1452 2775 qui
1481 2705 1694 2761 Judtcos
1724 2708 2004 2771 arguebat,
2055 2705 2130 2759 di-

550 2812 681 2850 rens
705 2814 718 2849 :
746 2795 1018 2850 Genimina
1039 2800 1343 2867 viperarum,
1368 2799 1480 2868 quis
1502 2799 1724 2852 ostendit
1744 2796 1882 2852 vobis
1903 2800 2128 2865 effugere

550 2905 580 2937 ι
602 2897 815 2940 ventura
838 2888 951 2941 ira?
971 2886 1154 2941 Facite
1168 2888 1350 2957 dignos
1372 2890 1569 2958 fructus
1589 2888 1898 2957 poenitentia:
1912 2886 2124 2956 (Matth.

548 2990 628 3036 ut,
663 2975 738 3045 7).
786 2974 890 3030 Sed
934 2977 1028 3044 qui
1055 2977 1172 3030 aliis
1201 2978 1366 3031 durus
1414 2986 1565 3046 erat,
1594 2977 1693 3031 sibi
1721 2978 1974 3031 remissus
2018 2994 2124 3032 non

548 3075 685 3117 erat.
720 3064 847 3119 Nam
873 3074 928 3119 ut
952 3068 1275 3136 patuitentia)
1303 3068 1574 3133 duritiam,
1598 3084 1755 3137 quam
1779 3068 2123 3137 prmdicabat,

2232 1888 2403 1944 Electi
2447 1906 2675 1961 namque
2706 1900 2761 1945 et
2788 1890 2912 1944 boni
2959 1901 3105 1958 sunt,
3135 1893 3266 1960 quia
3286 1892 3363 1947 sic
3405 1892 3551 1946 lucra
3578 1894 3779 1947 aliorum

2233 1987 2513 2048 expetunt,
2536 1988 2594 2032 ut
2620 1979 2701 2033 sui
2730 1980 2873 2032 nul'a
2901 1979 3091 2032 damna
3119 1980 3413 2048 patiantur.
3438 1979 3586 2034 Pleni
3607 1981 3775 2050 quippe

2234 2068 2285 2120 in
2315 2067 2505 2135 seipsis
2532 2076 2677 2131 sunt,
2707 2066 2984 2122 efﬂuentes
3012 2068 3152 2135 aliis,
3182 2076 3241 2122 et
3263 2069 3330 2123 de
3370 2069 3682 2123 abundantia
3708 2072 3774 2125 sui

2231 2159 2309 2212 sic
2359 2158 2478 2211 aliis
2524 2158 2783 2221 tribuunt,
2831 2165 2888 2211 ut
2916 2173 3026 2211 sum
3066 2157 3417 2226 plenitudinis
3457 2159 3649 2226 aliquid
3687 2176 3774 2215 non

2233 2251 2504 2303 am‘ttant.
2553 2248 2765 2303 Habent
2792 2265 2912 2318 qua
2943 2249 3060 2304 aliis
3089 2251 3385 2319 prtubeant,
3424 2251 3521 2304 sed
3549 2250 3783 2309 habentes

2231 2354 2350 2409 quae
2377 2336 2478 2393 sibi
2516 2339 2723 2408 possint
2750 2338 3030 2402 sufﬁcere,
3080 2333 3211 2392 nulli
3239 2339 3505 2408 praebent.
3553 2339 3637 2392 Sic
3681 2340 3777 2393 aliis

2231 2435 2470 2503 prmbere
2499 2435 2674 2488 oleum
2703 2435 2966 2500 nituntur,
2988 2442 3045 2489 ut
3071 2450 3096 2489 a
3120 2450 3188 2491 se
3200 2434 3436 2490 fomenta
3462 2436 3670 2491 luminis
3688 2452 3776 2492 non

2234 2511 2487 2580 amantur
2507 2544 2522 2577 :
2541 2533 2599 2579 ut
2615 2525 2739 2578 dum
2763 2525 3063 2580 illuminant
3082 2526 3241 2592 alios,
3258 2541 3317 2581 se
3337 2540 3447 2581 non
3470 2528 3773 2597 extinguant.

2232 2615 2377 2669 Bene
2417 2632 2545 2681 ergo
2569 2616 2776 2670 electus
2813 2624 2868 2670 et
2894 2616 3069 2671 bonus
3096 2616 3295 2671 dicitur
3320 2633 3335 2669 :
3363 2617 3493 2685 quia
3526 2626 3680 2681 certe,
3704 2618 3785 2685 qui

2231 2715 2432 2761 sanet-.13
2459 2705 2711 2762 Ecclesim
2740 2708 2977 2775 regimen
3016 2707 3269 2776 suscipit,
3300 2707 3452 2761 dives
3482 2722 3600 2761 esse
3627 2707 3779 2771 debet,

2231 2812 2286 2857 et
2308 2813 2529 2858 ornatus
2560 2805 2822 2855 donorum
2852 2798 3171 2866 spiritalium
3201 2805 3257 2852 et
3280 2797 3613 2867 plenitudine
3638 2796 3779 2849 meri-

2232 2902 2427 2947 torum.
2474 2892 2539 2945 Et
2579 2894 2702 2959 quia
2728 2891 2795 2945 de
2823 2888 3094 2945 communi
3125 2888 3338 2951 ordine,
3361 2887 3452 2955 qui
3480 2886 3774 2965 praecellant,

2230 2983 2455 3050 eligendi
2486 2990 2629 3043 sunt,
2663 2981 2945 3050 sequitur:
2991 2978 3067 3032 Et
3101 2994 3203 3032 non
3242 2986 3361 3031 erat
3385 2976 3449 3029 de
3488 2975 3610 3045 ﬁliis
3639 2972 3780 3028 lsrael

2230 3074 2413 3128 melior
2438 3073 2549 3126 illo.
2579 3072 2740 3141 Cujus
2768 3071 3012 3141 profecto
3033 3069 3351 3125 excellentia
3376 3059 3781 3131 commendatur,

553 3160 892 3228 Evangelista
936 3177 1057 3215 eum
1115 3170 1298 3215 tenere
1343 3162 1668 3225 ostenderet,
1717 3161 1789 3214 ait
1815 3179 1827 3215 :
1886 3162 2125 3216 Habebat
2154 3147 2199 3208 Ο
2230 3181 2349 3220 cum
2377 3165 2656 3220 subditur:
2701 3163 2777 3217 Ab
2804 3164 3035 3227 humero,
3067 3171 3119 3237 et
3134 3177 3348 3215 sursum
3368 3150 3628 3214 eminebat
3652 3173 3784 3227 super

548 3252 903 3304 restimentum
945 3252 1008 3303 de
1035 3253 1151 3321 pilis
1183 3254 1512 3315 camelorum,
1539 3262 1587 3305 et
1608 3269 1738 3305 zona
1764 3251 1977 3321 pellicea
2007 3255 2121 3305 cln-

547 3351 659 3392 ctus
687 3339 908 3393 lumbis:
949 3357 1063 3393 esca
1092 3350 1259 3394 autent
1285 3341 1397 3410 ejus
1434 3342 1643 3395 locusta:
1671 3350 1720 3393 et
1749 3341 1848 3394 mel
1881 3344 2125 3410 sylvestre

551 3427 743 3489 illam.
777 3445 813 3492 ι,
841 3427 915 3497 6).
948 3428 1025 3481 Ad
1059 3428 1304 3482 Ezechiel
1327 3446 1541 3499 quoque
1570 3430 1764 3484 dicitur
1791 3448 1803 3481 :
1843 3429 1981 3483 Ecce
2006 3431 2125 3484 dedi

546 3517 689 3582 {rant
716 3534 766 3569 m
794 3525 934 3570 tuam
957 3519 1214 3571 duriorem
1231 3518 1483 3588 frontibus
1513 3535 1704 3581 eorum,
1723 3529 1777 3570 ut
1793 3519 2125 3572 adamantem

546 3607 813 3660 etsilicem
835 3607 953 3661 dedi
981 3610 1167 3677 [aciem
1198 3619 1337 3661 tuam
1365 3607 1536 3679 (Ezec.
1563 3625 1639 3672 in,
1662 3607 1739 3679 8).
1769 3607 1875 3662 Sed
1896 3609 1984 3676 qui
2015 3616 2123 3661 tam

566 3704 712 3749 turus
746 3706 933 3750 contra
976 3698 1139 3750 duros
1171 3698 1223 3751 in
1254 3697 1394 3751 malo
1422 3696 1690 3761 veniebat,
1718 3704 1779 3750 ut
1812 3696 1966 3758 dura,
2004 3710 2125 3766 qua:

547 3795 768 3840 wntura
792 3788 1262 3853 erant,locutnrus
1284 3788 1608 3853 ostenderet,
1633 3789 1820 3844 diebus
1842 3798 2045 3855 septem
2070 3789 2123 3844 in

545 3878 720 3931 medio
748 3894 960 3946 eorum,
986 3891 1269 3944 antequam
1298 3881 1631 3949 loqueretur,
1660 3880 1841 3936 ﬂebat.
1871 3880 1960 3936 Sic
1980 3880 2123 3935 cnim

545 3967 709 4022 dicit:
742 3965 809 4020 Et
836 3970 946 4022 sedi
974 3969 1059 4022 ubi
1085 3970 1164 4023 illi
1196 3971 1460 4033 sedebant,
1498 3980 1548 4025 et
1573 3972 1742 4025 mansi
1780 3981 1971 4041 septem
2014 3971 2122 4025 dies

546 4070 767 4108 inmens
804 4058 861 4108 in
904 4057 1073 4111 medio
1113 4074 1307 4112 eorum.
1349 4060 1482 4126 Quia
1514 4074 1644 4129 ergo
1672 4062 1842 4116 sancti
1872 4063 2125 4131 praedica-

547 4156 714 4207 tnres,
744 4144 1024 4199 obstinatis
1053 4149 1443 4215 peccatoribus,
1479 4150 1630 4204 lenes
1651 4159 1706 4204 et
1726 4152 1993 4205 mansueti
2014 4168 2123 4205 non

546 4237 688 4295 sunt,
736 4241 790 4284 et
833 4234 978 4300 quod
1026 4249 1273 4302 asperum
1322 4236 1614 4303 praedicant
1662 4251 1983 4307 operantur,
2006 4239 2124 4294 duri

546 4319 685 4375 titius
714 4319 840 4375 Saul
866 4332 1014 4377 recte
1036 4324 1367 4393 perhibetur.
1390 4325 1515 4381 Illos
1538 4328 1681 4381 enim
1703 4330 1900 4383 imitari
1923 4330 2126 4386 electus

546 4408 868 4477 pmdicator
889 4410 1075 4477 debet,
1100 4413 1189 4481 qui
1220 4422 1275 4468 et
1298 4423 1455 4469 acuta
1479 4416 1798 4485 prtedicant,
1822 4427 1875 4472 et
1899 4434 2017 4487 qua:
2044 4420 2124 4473 lo-

2227 3270 2427 3306 omnem
2455 3253 2719 3323 populum.
2746 3250 2858 3305 Hac
2886 3250 3083 3321 quippe
3109 3249 3290 3318 specie
3318 3249 3567 3317 corporis
3602 3248 3651 3300 in
3679 3261 3781 3315 per.

2226 3359 2356 3397 sono
2386 3342 2664 3398 ordinandi
2687 3341 2963 3409 antistitis,
2991 3340 3386 3409 przrsignantur
3414 3346 3536 3392 aeta
3572 3336 3783 3391 virtutis.

2225 3433 2360 3499 Quid
2390 3433 2530 3487 enim
2558 3433 2615 3486 in
2640 3433 2864 3486 humero
2892 3429 2991 3485 nisi
3019 3429 3278 3484 fortitudo
3320 3427 3667 3496 designatur?
3694 3424 3782 3479 Sed

2225 3526 2317 3593 qui
2365 3524 2433 3578 ab
2475 3525 2725 3589 humero,
2755 3530 2809 3577 et
2832 3536 3045 3577 sursum
3091 3535 3253 3589 super
3291 3533 3508 3573 omnem
3554 3516 3785 3588 populum

2225 3613 2518 3677 eminebat,
2566 3619 2677 3664 tam
2705 3610 2947 3666 sublimis
2988 3616 3372 3673 staturreerat,
3405 3616 3465 3661 ut
3511 3608 3601 3675 qui
3648 3606 3785 3659 altior

2225 3713 2370 3760 esset
2395 3705 2449 3758 in
2470 3703 2695 3775 populo,
2722 3702 2900 3773 capite
2926 3716 3094 3771 usque
3122 3699 3187 3753 ad
3210 3699 3496 3754 humerum
3524 3698 3661 3766 regis
3681 3712 3785 3765 per-

2224 3794 2457 3862 tingeret
2482 3811 2499 3847 :
2528 3793 2743 3847 futurus
2760 3806 2890 3846 vero
2911 3806 3007 3846 rex
3029 3789 3170 3845 collo
3190 3798 3246 3844 et
3266 3788 3445 3858 capite
3472 3788 3785 3843 altitudinem

2225 3885 2467 3940 omnium
2504 3891 2805 3950 superaret.
2835 3880 3025 3951 Capita
3066 3894 3198 3935 vero
3223 3892 3348 3948 quas
3368 3888 3519 3946 sunt,
3552 3877 3652 3933 nisi
3677 3875 3789 3929 sub-

2220 3973 2379 4044 jecta:
2406 3974 2578 4044 plebis
2605 3973 2850 4027 mentes?
2883 3970 3012 4037 Quae
3043 3984 3166 4024 cum
3191 3968 3346 4022 valde
3374 3969 3691 4029 tenduntur,
3713 3978 3789 4017 ns-

2224 4081 2333 4135 que
2359 4065 2423 4119 ad
2454 4065 2739 4118 humerum
2768 4060 3055 4117 ordinandi
3083 4060 3223 4129 regis
3242 4059 3595 4129 pertingunt?
3619 4056 3734 4127 quia
3754 4057 3790 4109 is

2224 4156 2317 4227 qui
2343 4155 2409 4209 ad
2436 4153 2726 4222 regendum
2758 4153 2969 4207 culmen
3001 4159 3203 4206 sanctze
3235 4148 3490 4204 Ecclesia;
3533 4147 3797 4217 queritur,

2226 4253 2393 4299 tantm
2420 4244 2580 4298 debet
2626 4257 2746 4297 esse
2775 4239 3142 4311 perfectionis,
3174 4246 3233 4293 ut
3274 4238 3533 4309 quidquid
3582 4237 3792 4307 populus

2228 4334 2298 4390 de
2325 4335 2468 4388 bono
2498 4347 2663 4402 opere
2690 4332 2791 4386 sibi
2813 4331 2930 4385 vult
2956 4344 3278 4399 proponere,
3304 4329 3357 4382 in
3385 4335 3484 4382 Sua
3515 4338 3791 4382 conversa-

2227 4427 2379 4481 tione
2411 4425 2610 4480 debeat
2636 4422 3027 4477 demonstrare.
3058 4419 3222 4486 Quasi
3262 4419 3403 4473 enim
3434 4417 3582 4485 regis
3617 4417 3793 4469 hume-

546 4508 803 4567 quuntur,
833 4500 1142 4556 observant.
1196 4502 1349 4559 Unde
1377 4514 1434 4559 et
1459 4506 1526 4561 de
1568 4507 1759 4562 eodem
1801 4509 1943 4577 regis
1972 4518 2127 4578 patre
2155 4498 2344 4571 Drum
2391 4514 2570 4583 capita
2616 4512 2788 4583 plebis
2834 4518 3078 4578 tangunt,
3124 4507 3342 4577 quando
3388 4521 3581 4561 eorum
3624 4502 3796 4564 corda,

543 4591 882 4659 subiungitur
907 4611 921 4646 :
950 4592 1132 4648 Fortis
1160 4593 1360 4650 robore.
1393 4593 1530 4651 Sunt
1550 4599 1791 4655 nonnulli
1828 4600 1969 4655 intra
1995 4615 2123 4655 san-

541 4690 685 4737 ctam
732 4681 1051 4750 Ecclesiam,
1103 4687 1196 4756 qui
1241 4687 1476 4742 elatione
1523 4700 1671 4755 sunt,
1721 4699 1775 4744 et
1818 4693 2125 4760 arrogantia

541 4777 726 4832 fortes.
762 4776 895 4831 Nam
917 4794 1109 4849 magna
1137 4790 1336 4851 agunt;
1364 4782 1459 4838 sed
1482 4798 1603 4838 cum
1634 4785 1854 4840 laudare
1882 4787 2126 4841 homines

540 4880 604 4918 ea
652 4880 778 4934 quae
801 4877 987 4935 agunt,
1034 4870 1305 4938 desinunt,
1354 4874 1541 4928 eadem
1590 4889 1780 4943 magna
1830 4876 1935 4945 ipsi
1965 4892 2125 4945 agere

543 4960 975 5025 praetermittunt.
1004 4960 1183 5018 Fortis
1208 4978 1338 5032 ergo
1364 4964 1561 5019 robore
1590 4974 1670 5019 est
1690 5007 1712 5031 ,
1738 4965 1827 5034 qui
1850 4966 2121 5032 virtutem,

541 5060 702 5111 quant
730 5056 996 5102 monstrat
1034 5049 1085 5104 in
1114 5065 1280 5119 opere
1309 5052 1471 5116 bono,
1516 5052 1680 5106 habet
1709 5068 1738 5106 a
1766 5052 1965 5121 Spiritu
1994 5068 2120 5107 san-

540 5142 652 5187 cto.
704 5134 781 5189 De
828 5150 937 5203 quo
986 5137 1234 5193 nimirum
1265 5140 1463 5194 robore
1499 5141 1745 5210 superius
1795 5141 1914 5212 (Ad.
1951 5157 2025 5207 vi,
2064 5140 2123 5211 2)

551 5224 697 5278 bona
726 5225 780 5279 iu
801 5228 1011 5282 cantico
1034 5230 1322 5284 vaticinata
1352 5240 1453 5295 est,
1476 5231 1660 5286 dicens
1685 5248 1697 5283 :
1726 5228 1932 5300 Inﬁrmi
1955 5233 2131 5285 accin-

539 5313 610 5366 cti
636 5325 755 5368 sunt
781 5315 984 5372 robore.
1011 5320 1169 5389 202
1199 5320 1273 5374 De
1305 5321 1407 5376 hoc
1436 5321 1694 5376 Dominus
1722 5321 1996 5391 discipulis
2033 5339 2119 5377 re-

541 5404 824 5468 promittit,
856 5406 1043 5462 dicens
1067 5426 1080 5460 :
1114 5409 1299 5463 Sedete
1320 5410 1373 5462 in
1401 5412 1625 5477 civitate,
1644 5412 1804 5464 donec
1829 5409 2122 5463 induamini

539 5496 724 5551 rirtute
744 5514 811 5552 ea:
836 5501 944 5555 alto
971 5501 1120 5571 (Luc.
1147 5518 1292 5566 xxxv,
1317 5502 1435 5572 l9).
1471 5502 1529 5556 In
1565 5505 1667 5559 hoc
1696 5506 1891 5561 robore
1914 5504 2123 5559 fortiter

612 5681 635 5707 ⁸
663 5670 787 5725 llaec
816 5672 866 5725 in
896 5672 1059 5727 Gilot.
1088 5683 1141 5729 ct
1172 5673 1286 5726 Vati
1314 5694 1342 5726 -.
1370 5692 1400 5724 o
1428 5680 1688 5726 ..itlun:ur

2230 4604 2488 4674 quidquid
2512 4602 2724 4657 virtutis
2750 4601 2804 4655 in
2833 4616 2933 4655 suo
2958 4609 3175 4670 pastore
3215 4604 3487 4666 quarunt,
3509 4595 3794 4650 inveniunt.

2230 4693 2336 4749 Sed
2382 4710 2479 4749 rex
2522 4691 2777 4763 praecellit
2824 4690 2987 4755 collo,
3034 4687 3293 4759 praecellit
3339 4695 3394 4740 et
3439 4687 3640 4756 capite.
3670 4680 3795 4750 Quid

2231 4787 2371 4841 enim
2402 4786 2455 4840 in
2482 4786 2643 4849 collo,
2675 4783 2776 4839 nisi
2800 4782 3002 4837 locutio
3028 4798 3042 4834 :
3068 4780 3198 4851 quid
3226 4781 3276 4834 in
3304 4779 3501 4848 capite,
3534 4778 3637 4832 nisi
3668 4790 3781 4829 men

2233 4876 2301 4930 tis
2343 4874 2726 4943 contemplatio
2770 4871 3120 4940 designatur?
3158 4869 3348 4939 Capite
3388 4881 3519 4934 ergo
3569 4875 3626 4921 et
3669 4864 3799 4918 collo

2227 4966 2562 5019 subditorum
2609 4962 2846 5017 omnium
2892 4961 3070 5030 capita
3117 4958 3354 5019 excellit,
3389 4957 3432 5010 si
3464 4954 3798 5020 contempla—

2226 5054 2388 5108 tionis
2414 5052 2695 5106 altitudine
2708 5049 2969 5104 mirabilis
2986 5056 3090 5113 est,
3108 5056 3163 5101 et
3178 5046 3505 5101 sublimitate
3527 5044 3797 5098 doctrinm.

2225 5143 2385 5211 Quasi
2418 5143 2559 5196 enim
2589 5140 2763 5209 capite
2791 5138 3033 5195 sublimis
3060 5144 3160 5202 est,
3199 5152 3321 5191 cum
3351 5135 3441 5188 illa
3478 5135 3546 5187 de
3586 5130 3801 5186 secretis

2222 5233 2528 5290 cmicstibus
2563 5230 2965 5300 contemplatur
2986 5270 3002 5297 ,
3045 5242 3163 5297 qua:
3190 5226 3279 5279 alii
3308 5222 3665 5292 contemplari
3703 5233 3798 5271 nou

2222 5331 2465 5393 possunt.
2487 5321 2695 5375 Collum
2716 5333 2933 5388 quoque
2954 5331 3115 5386 super
3133 5315 3268 5370 alios
3289 5314 3471 5372 habet,
3501 5310 3598 5379 qui
3629 5308 3799 5361 altitu-

2221 5414 2346 5469 dine
2373 5413 2659 5469 locutionis
2686 5426 2798 5467 sua:
2821 5408 3109 5473 mirabilis,
3130 5404 3423 5476 aequandus
3446 5402 3515 5456 ab
3540 5400 3665 5453 aliis
3690 5411 3788 5451 non

2222 5511 2321 5559 est.
2356 5502 2519 5569 Quasi
2547 5502 2691 5558 enim
2716 5508 2879 5571 caput
2899 5499 2957 5554 in
2980 5497 3211 5555 sublime
3233 5493 3522 5559 extulerat,
3551 5491 3657 5560 qui
3673 5485 3813 5543 dict-
