3962 6270
203 299 310 355 ιω

1037 291 1096 344 l’.\"
1140 290 1395 344 PRIMUM
1438 290 1670 344 ιιιςςιῖιι
1716 289 2228 343 ΙίΧΡυΞΙἨΟΝΕΒ.
2271 319 2336 328 -
2376 288 2502 344 LIB.
2547 287 2634 341 IV.

3356 293 3468 348 9‘50

205 415 298 468 bat
324 453 336 464 .
392 409 616 462 Veniam
656 404 728 457 ad
757 411 780 440 ⁸
813 402 1031 456 uisiones
1079 410 1130 454 et
1177 401 1508 454 ret-elationes
1553 400 1783 455 Domini.
1816 405 1864 462 Α
1893 414 2052 452 omuc
2097 397 2242 466 quod
2279 399 2387 466 agit
2416 398 2705 466 Spiritualis
2750 406 2849 450 est.
2899 395 3075 450 Unum
3127 415 3352 467 namque
3397 404 3464 456 de

211 503 330 558 Srio
370 496 666 568 hujumodi
695 494 950 548 hominem
976 492 1081 544 sive
1122 493 1174 544 in
1215 507 1446 560 corpore.
1492 491 1598 545 sive
1637 501 1786 546 extra

207 606 420 660 σθω-ραι,
449 589 644 649 iussio,
675 584 815 638 Deus
841 583 940 635 scit
962 579 1048 643 (11
1073 579 1192 635 Cor.
1218 597 1318 648 ιιι,
1338 582 1388 643 l,
1412 581 1488 650 2).
1515 581 1621 636 Sed
1644 582 1789 636 velut

204 683 414 734 electus
443 686 502 732 et
538 677 713 730 bonus
740 688 835 728 rex
856 713 876 738 ,
896 680 956 726 ut
985 671 1186 726 collum
1217 672 1388 725 etiam.
1412 686 1576 740 super
1613 672 1786 740 capita

207 772 388 826 nstruit]
409 786 474 825 se.
490 779 676 823 tenere
695 765 1032 827 ostenderet,
1047 764 1154 816 ait:
1178 762 1386 816 Audiuit
1403 778 1594 815 arcana
1613 761 1788 827 verba,

205 878 327 934 qua:
353 877 456 916 non
477 860 596 913 licet
621 857 820 911 homini
839 857 976 926 loqui
1007 852 1196 924 (lbid.,
1216 852 1294 920 4).
1320 851 1458 918 Quid
1483 867 1612 906 vero
1634 851 1788 921 quasi

206 952 456 1004 ent’ncns
484 947 685 1002 collum
711 945 827 1013 ejus
853 944 1111 997 miramur
1157 941 1209 994 in
1242 941 1326 1005 iis,
1356 941 1514 1010 203
1555 955 1675 1009 qua:
1708 949 1796 993 ta-

207 1061 226 1083 ο
244 1037 361 1090 uit?
388 1034 744 1103 Adtequemus
764 1047 912 1093 eum,
931 1031 976 1086 si
1001 1044 1301 1107 possumus,
1329 1029 1380 1082 in
1407 1029 1470 1081 iis
1494 1043 1612 1097 qua:
1637 1028 1790 1082 dixit.

208 1128 289 1182 De
318 1128 463 1183 callo
487 1126 719 1197 apostoli
749 1123 903 1178 Pauli
924 1132 1302 1194 processerunt
1321 1120 1561 1190 epistola:
1579 1119 1716 1188 ejus,
1738 1129 1800 1174 et.

207 1235 332 1274 eum
361 1218 431 1271 ab
464 1216 556 1270 illo
585 1224 830 1284 tempore
855 1212 1120 1282 eruperint
1146 1225 1240 1266 eas
1270 1209 1367 1266 viri
1401 1209 1671 1279 sapientes
1697 1223 1799 1262 ex-

209 1321 436 1376 ponere,
481 1304 658 1359 adhuc
684 1309 952 1358 comatur
991 1314 1056 1354 ea
1098 1315 1218 1370 qua:
1244 1297 1380 1352 dixit
1407 1297 1598 1351 melius
1631 1296 1792 1352 scire.

207 1394 454 1464 Cumque
478 1392 718 1462 quotidie
743 1391 796 1445 in
820 1389 938 1460 ejus
966 1387 1268 1444 eruditione
1293 1385 1606 1456 proﬁciunt,
1637 1385 1797 1454 quasi

207 1486 280 1539 ad
329 1484 702 1537 summitatem
735 1480 860 1536 colli
900 1480 1217 1541 innitentes,
1262 1476 1562 1545 pertingere
1588 1489 1794 1544 nequa-

211 1589 378 1641 quam
409 1579 658 1640 possunt.
701 1569 944 1623 Emineat
969 1581 1098 1634 ergo
1128 1581 1221 1620 rex
1251 1565 1414 1628 collo,
1442 1566 1676 1618 emineat
1705 1577 1796 1615 ca-

212 1666 345 1732 pitc,
369 1664 439 1716 sit
468 1664 696 1717 humero
719 1660 996 1727 sublimis;
1015 1666 1078 1713 ut
1091 1657 1502 1714 conversatione
1529 1656 1795 1725 perfectus

208 1754 306 1818 sit,
353 1752 572 1821 eloquio
616 1751 894 1816 mirabilis,
943 1764 1054 1819 prae
1095 1748 1304 1804 ueteris
1352 1747 1551 1800 arduus
1582 1747 1634 1800 in
1665 1761 1793 1800 arce
1827 1771 1866 1826 Β

209 1841 706 1912 contemplationis.
729 1839 860 1906 Sed,
882 1839 974 1908 qui
1004 1837 1415 1893 conversatione
1436 1851 1663 1904 magnus
1691 1844 1793 1904 est,

211 1931 434 1998 eloquio
454 1929 782 1999 pracipuus,
804 1943 915 1997 pra:
937 1927 1185 1983 omnibus
1210 1926 1667 1994 contemplatione
1687 1942 1798 1980 sus-

215 2034 440 2088 tensus,
473 2019 783 2087 priusquam
829 2019 1109 2088 perveniat
1138 2017 1204 2071 ad
1246 2017 1457 2071 culmen
1501 2017 1797 2085 regiminis,

209 2113 362 2178 signa
391 2123 485 2165 est
519 2111 629 2166 rius
677 2112 876 2166 habere
898 2110 1060 2166 debet
1101 2109 1354 2164 fraterna;
1383 2108 1700 2172 cbaritatis:
1739 2116 1798 2162 ut

212 2202 470 2256 videlicet
495 2202 573 2254 sic
615 2200 986 2271 proximorum
1028 2196 1440 2252 sollicitudinem
1469 2195 1690 2262 habeat,
1738 2203 1798 2251 ut

211 2290 282 2341 ad
301 2299 563 2343 vernam
585 2289 750 2343 vitam
775 2288 923 2342 lucra
945 2287 1242 2342 animarum
1263 2293 1492 2354 quierat.
1512 2284 1654 2339 Bene
1669 2298 1796 2352 ergo

213 2381 271 2433 in
297 2393 490 2432 eorum
521 2386 650 2447 typo
679 2377 1017 2445 subiungitur
1040 2392 1056 2427 :

287 2467 471 2538 (Vers.
517 2467 573 2531 ὅ,
619 2465 699 2539 ι.)
734 2466 1004 2520 Perierant
1042 2473 1215 2518 autem
1250 2465 1415 2518 asina:
1461 2462 1584 2530 Cis,
1631 2465 1796 2534 patris

216 2561 390 2615 Sani:
419 2569 469 2613 et
496 2560 629 2613 dixit
657 2557 744 2613 Cis
766 2559 834 2612 ad
872 2558 1004 2613 Sani
1031 2559 1197 2628 ﬁlium
1220 2573 1403 2611 suum:
1453 2555 1594 2610 Tolle
1632 2565 1795 2610 tecum

212 2666 374 2703 unum
400 2650 466 2702 de
494 2650 689 2718 pueris,
713 2658 759 2701 et
787 2663 1001 2717 surgens
1028 2648 1175 2712 vade,
1205 2659 1254 2702 et
1277 2666 1450 2719 quarre
1473 2650 1667 2702 asinus.
1696 2647 1794 2711 Qui

213 2758 331 2794 enm
361 2741 671 2793 transissent
716 2754 808 2808 per
845 2747 1071 2790 montem
1105 2736 1379 2806 Epitraim,
1407 2747 1456 2790 et
1493 2755 1582 2807 per
1605 2747 1795 2791 terram

216 2832 415 2888 Salisa.
442 2840 492 2884 et
514 2847 620 2884 non
644 2829 974 2893 invenissent,
1000 2830 1312 2882 transierunt
1333 2830 1488 2882 etiam
1502 2847 1592 2898 per
1609 2839 1796 2883 terram

218 2919 407 2985 Sittim,
436 2928 488 2973 et
516 2937 620 2974 non
640 2927 804 2982 erant,
833 2927 882 2971 et
905 2936 998 2986 per
1037 2929 1228 2972 terram
1253 2918 1476 2985 Jemini,
1500 2928 1549 2973 et
1584 2921 1794 2973 minime

215 3027 472 3080 reperere:

1886 487 2065 557 pueris
2117 487 2256 550 tulit,
2302 487 2368 540 dc
2398 503 2504 556 quo
2538 487 2845 554 praedictum
2876 494 2996 539 est:
3049 485 3169 556 Ipse
3212 493 3463 555 prarcedet

1886 583 2010 629 ante
2026 575 2172 629 iitum
2190 577 2244 628 in
2269 577 2448 642 spiritu
2471 584 2520 628 et
2541 576 2725 628 virtute
2747 573 2880 629 Elite
2902 574 3054 642 (Luc.
3081 590 3118 635 ι,
3149 575 3259 642 17).
3289 576 3462 632 Unum

1886 682 2112 736 puerum
2152 681 2332 720 secum
2376 666 2594 728 tulerat,
2616 666 2705 732 qui
2736 666 2808 718 ait
2834 684 2846 718 :
2881 664 3004 718 Non
3034 667 3278 720 habemus
3308 670 3465 736 spiri-

1888 767 1994 810 tum
2024 759 2174 828 hujus
2202 758 2400 820 mundi,
2427 757 2518 810 sed
2543 759 2779 826 spiritum
2826 758 2912 827 qui
2945 774 3009 810 ea:
3037 757 3140 812 Deo
3168 770 3243 812 est
3267 758 3313 828 (1
3342 759 3467 814 Cor.

1887 865 1948 914 ιι,
1984 848 2086 916 t2).
2115 847 2250 902 Hinc
2277 849 2469 902 iterum
2495 848 2622 902 dicit
2648 865 2662 899 :
2697 847 2810 900 Nos
2838 864 3044 900 sensum
3077 847 3266 901 Christi
3309 849 3471 902 habe-

1888 955 2002 992 ntus
2032 939 2217 1009 (lbid.,
2250 937 2358 1006 l6).
2391 937 2528 992 Hinc
2557 953 2652 1007 per
2681 938 3017 993 Ezechielem
3039 937 3104 992 de
3124 941 3325 993 sanctis
3347 941 3460 994 ani-

1891 1031 2122 1084 malibus
2139 1029 2370 1082 dicitur:
2406 1028 2503 1082 Ubi
2531 1038 2642 1082 erat
2665 1029 2884 1098 impetus
2922 1029 3156 1095 spiritus,
3186 1031 3308 1082 illuc
3337 1048 3461 1100 gra-

1890 1121 2159 1175 diebantur
2190 1120 2368 1188 (Ezec.
2399 1136 2436 1185 ι,
2469 1119 2578 1190 12).
2631 1119 2890 1186 Ωιιπιειιε
2915 1133 3045 1188 ergo
3073 1121 3269 1186 asinos,
3300 1139 3471 1176 unum

1891 1210 1959 1263 de
1991 1226 2060 1277 ru
2095 1210 2168 1262 ris
2197 1210 2371 1263 to'lit:
2405 1209 2620 1278 quando
2667 1211 2734 1276 is,
2785 1211 2875 1277 qui
2921 1210 3132 1264 noviter
3172 1213 3471 1266 animarum

1893 1303 2042 1357 lucra
2079 1317 2320 1371 quaerere
2343 1303 2550 1372 incipit,
2580 1318 2702 1371 qua:
2731 1316 2889 1370 agere
2914 1309 3084 1371 putat,
3107 1301 3285 1354 omnia
3318 1301 3472 1371 spiri-

1893 1392 2072 1456 taliter
2089 1406 2248 1460 agere
2267 1392 2521 1462 disponit.
2549 1392 2796 1447 Invenire
2820 1401 3000 1446 autem
3026 1392 3222 1456 asinas,
3247 1401 3330 1446 est
3359 1408 3478 1460 peo-

1895 1491 2106 1537 catores
2133 1482 2185 1534 in
2216 1482 2336 1536 luce
2364 1482 2664 1537 sanctitatis
2708 1495 3000 1536 conversos
3029 1481 3289 1549 aspicere.
3337 1480 3472 1537 Nam

1896 1573 2042 1627 velut
2063 1573 2287 1642 perditas
2309 1575 2472 1629 asinae
2502 1591 2608 1628 non
2640 1575 3003 1638 inveniuntur,
3026 1574 3239 1642 quando
3270 1575 3322 1628 in
3347 1591 3477 1644 pec-

1896 1670 2142 1715 catorum
2173 1661 2430 1724 tenebris,
2462 1662 2692 1730 reproba
2713 1662 2876 1717 corda
2900 1677 2962 1717 se
2990 1664 3245 1716 obruunt.

1966 1749 2054 1804 29..
2095 1749 2160 1804 Et
2184 1751 2307 1821 quia
2346 1767 2442 1821 per
2469 1752 2705 1822 quinque
2738 1767 2928 1807 sensus
2966 1753 3208 1822 corporis
3236 1753 3304 1806 ad
3351 1769 3474 1807 eas-

1895 1839 2016 1894 dem
2045 1847 2386 1908 peccatorum
2415 1842 2665 1895 tenebras
2690 1839 2966 1904 decidunt,
3012 1841 3248 1910 quinque
3285 1842 3468 1910 regio-

1898 1928 2053 1982 nibus
2091 1928 2255 1998 204
2283 1945 2390 1984 non
2420 1930 2749 1984 invenienda:
2778 1931 3178 2000 perquiruntur,
3226 1932 3475 1987 videlicet

1895 2026 2077 2073 monte
2098 2018 2374 2088 Ephraim,
2396 2028 2540 2074 terra
2560 2019 2751 2085 Salisa,
2769 2029 2826 2075 et
2843 2021 3032 2088 Salim,
3050 2029 3105 2075 et
3123 2021 3218 2074 viri
3239 2021 3474 2088 Gemini,

1896 2116 1952 2162 et
1975 2108 2145 2177 Zuph.
2171 2107 2545 2178 Unusquisque
2573 2111 2770 2164 etenim
2798 2111 2885 2165 ubi
2921 2125 3018 2180 per
3051 2123 3325 2180 peccatum
3351 2127 3474 2179 pro-

1890 2193 2092 2266 jicitur,
2126 2198 2196 2252 ibi
2225 2199 2560 2264 occultatur;
2585 2208 2639 2252 et
2666 2199 2819 2266 quasi
2850 2199 3108 2268 perditus,
3137 2200 3224 2252 ubi
3249 2200 3316 2253 sit
3347 2215 3472 2254 nes-

1893 2285 2051 2350 citur,
2075 2285 2290 2354 quando
2308 2285 2528 2352 justitize
2551 2287 2746 2353 lucem,
2769 2286 2822 2340 in
2840 2302 2944 2356 qua
2965 2302 3086 2341 cum
3110 2287 3250 2341 Deus
3271 2290 3472 2359 posuit,

1893 2372 2238 2440 derelinquit.
2286 2371 2421 2426 Hinc
2447 2380 2551 2440 est,
2581 2374 2723 2442 quod
2753 2373 2807 2427 in
2849 2374 3096 2444 paradiso
3127 2387 3250 2444 post
3281 2393 3474 2446 pecca-

1893 2471 2031 2531 tum,
2054 2463 2282 2532 primutn
2307 2463 2578 2518 hominem
2598 2466 2807 2533 quaerit,
2833 2465 3015 2520 dicens
3040 2483 3053 2518 :
3077 2467 3262 2528 Adam,
3289 2467 3375 2520 ubi
3419 2485 3478 2525 es

1897 2551 2050 2622 (Gen.
2082 2569 2162 2622 ιιι,
2193 2554 2290 2624 9)?
2320 2555 2481 2622 Quasi
2511 2557 2654 2611 dicat
2681 2574 2693 2609 :
2719 2555 2854 2622 Quia
2886 2564 2939 2611 te
2967 2557 3020 2610 in
3051 2556 3169 2611 luce
3194 2573 3297 2626 qua
3321 2559 3474 2626 posui

1894 2658 2003 2696 non
2033 2644 2265 2708 invenio,
2297 2645 2604 2699 demonstra
2635 2653 2687 2698 te
2709 2645 2798 2698 ubi
2825 2645 3065 2713 posuisti.
3094 2644 3227 2702 llinc
3249 2644 3314 2700 de
3341 2661 3478 2699 mor-

1895 2738 1989 2786 tuo
2013 2730 2215 2786 Lazaro
2242 2733 2496 2802 exquirit,
2511 2733 2692 2788 dicens
2716 2752 2729 2784 :
2757 2733 3112 2803 Ubi'posuistis
3139 2750 3256 2787 eum
3291 2733 3473 2804 (Joan.

1895 2839 1970 2884 ιι.
1999 2823 2128 2894 34)?
2173 2823 2278 2879 Sed
2307 2840 2465 2895 quem
2495 2825 2646 2895 quasi
2671 2828 3255 2897 perditum'uuterebat,
3301 2841 3358 2883 ut
3390 2830 3476 2884 in-

1892 2909 2101 2963 veniret
2116 2911 2358 2979 progredi
2375 2912 2689 2980 imperabat,
2705 2912 2889 2966 dicens
2906 2915 2919 2965 ':
2941 2913 3158 2979 Lazare,
3179 2915 3290 2966 veni
3309 2916 3481 2983 foras.

1898 2998 2144 3055 Perditur
2188 3015 2318 3070 ergo
2357 3001 2540 3067 homo,
2569 3017 2691 3056 cum
2721 3010 2958 3070 peccat:
3011 3001 3302 3068 invenitur,
3350 3017 3479 3056 cunt

289 3101 378 3156 21.
417 3101 654 3170 Cis,-qui
683 3100 846 3154 durus
867 3099 1079 3161 dicitur,
1112 3116 1218 3154 non
1240 3101 1411 3155 solum
1427 3099 1636 3156 electos
1657 3100 1793 3169 ejus,
1826 3121 1870 3184 ς
1899 3099 2177 3184 peceatum
2220 3091 2504 3145 adversum
2528 3106 2613 3184 se,
2647 3092 2757 3184 jam
2783 3089 3093 3184 pamitendo
3134 3093 3445 3184 pronuntiat

213 3192 314 3246 sed
338 3191 515 3262 ipsum
545 3193 704 3246 etiam
729 3189 1142 3258 “edem-plorem
1161 3190 1444 3260 signiﬁcat.
1467 3192 1633 3245 Nemo
1654 3191 1796 3246 enim

216 3282 319 3335 sibi
350 3298 420 3337 eo
451 3281 639 3334 durior
664 3281 890 3334 exstitit.
919 3278 1085 3348 Hujus
1112 3295 1341 3348 namque
1369 3278 1576 3334 duritiae
1603 3279 1800 3347 asperi-

222 3379 387 3424 tatem
421 3368 993 3439 prephetainsiuuans,
1019 3367 1092 3422 ait
1117 3386 1129 3421 :
1162 3367 1292 3421 Vere
1313 3371 1584 3438 Ianguores
1605 3377 1802 3422 nostros

219 3465 331 3531 ipse
361 3463 501 3526 tulit,
529 3469 578 3516 et
606 3461 806 3514 dolores
827 3467 1030 3514 nostros
1052 3460 1161 3528 ipse
1179 3460 1398 3526 portavit
1424 3455 1560 3528 (Isa.
1590 3473 1702 3522 Llll,
1723 3456 1800 3526 4).

221 3549 362 3604 Mori
388 3550 534 3604 enim
566 3548 880 3603 mortalibus
916 3562 1022 3600 non
1070 3553 1153 3601 est
1183 3545 1320 3615 pati,
1345 3545 1623 3613 passibiles
1649 3545 1802 3598 dam-

222 3648 363 3694 nata:
391 3646 624 3693 naturai.
656 3637 749 3690 lllc
777 3650 905 3703 ergo
935 3635 1035 3689 sibi
1063 3634 1228 3690 durus
1257 3635 1602 3688 vehementer
1641 3633 1806 3688 exsti-

223 3730 307 3793 tit,
338 3729 431 3796 qui
467 3729 518 3781 in
542 3744 600 3782 se
632 3726 774 3780 unde
796 3734 1089 3796 pateretur,
1121 3740 1225 3784 non
1253 3723 1438 3778 habuit
1464 3742 1478 3777 :
1511 3724 1602 3778 sed
1626 3733 1683 3778 ut
1707 3739 1808 3778 nos

221 3819 482 3889 patiendo
530 3818 798 3879 liberaret,
847 3818 1039 3884 inquo
1081 3815 1179 3870 sibi
1217 3815 1380 3868 durus
1407 3822 1572 3881 esset,
1615 3823 1669 3867 et
1696 3813 1803 3882 pati

220 3917 410 3979 posset
449 3909 728 3975 dignanter
757 3909 1063 3976 assumpsit.
1113 3906 1293 3960 Asina:
1331 3906 1420 3961 Cis
1445 3915 1572 3960 sunt
1614 3906 1805 3961 animae

221 4002 466 4073 peccatri
504 4016 562 4054 es
607 3999 662 4070 (1
690 3999 819 4070 Reg.
851 3999 931 4068 ι).
979 3997 1114 4064 Quia
1154 3999 1314 4052 etiam
1347 3999 1400 4050 in
1431 3995 1534 4051 fide
1574 3996 1804 4050 Redem-

222 4093 400 4162 ptoris
430 4099 759 4158 regeneratze
785 4098 930 4153 sunt,
955 4088 1103 4142 dura:
1130 4103 1249 4154 esse
1273 4088 1556 4141 dicuntur:
1587 4087 1808 4156 perdita)

222 4192 408 4238 autem
433 4183 616 4246 asinae,
643 4182 767 4252 quia
796 4196 890 4248 per
909 4179 1298 4235 immunditiam
1321 4179 1386 4232 ab
1407 4177 1524 4245 ejus
1544 4187 1670 4233 sunt
1693 4193 1808 4232 ser-

222 4273 362 4326 vitio
409 4279 699 4341 separata}.
747 4267 885 4324 Hine
911 4278 994 4323 est
1025 4269 1191 4334 enirn,
1237 4268 1380 4336 quod
1409 4269 1474 4322 ad
1507 4269 1806 4335 passionem

227 4363 483 4423 leniens,
529 4361 788 4416 absoluta:
833 4361 1014 4424 asinm,
1063 4368 1116 4414 et
1155 4359 1300 4430 pullo
1351 4358 1544 4414 insedit
1593 4353 1805 4429 (Matth.

1903 3179 2038 3246 Quia
2079 3181 2221 3235 enim
2257 3195 2354 3250 per
2379 3195 2532 3235 sacra
2566 3181 2779 3249 eloquia
2820 3182 3088 3250 peccatori
3128 3183 3434 3252 praecipitur
3458 3200 3480 3236 ε.

1905 3268 2002 3324 Dic
2031 3280 2082 3322 tu
2105 3270 2248 3338 prior
2268 3270 2564 3340 iniquitates
2591 3279 2726 3337 tuas,
2747 3279 2802 3322 ut
2813 3270 3117 3340 justiﬁceris
3161 3268 3297 3340 (Isa.
3331 3285 3482 3336 ιιιιι,

1903 3360 1995 3425 9.6,
2037 3378 2142 3416 sec.
2183 3360 2391 3430 LXX):
2436 3360 2567 3414 dum
2593 3360 2704 3424 ille,
2744 3359 2835 3428 qui
2864 3361 3128 3429 peccavit,
3172 3358 3485 3414 conﬁteam-

1903 3452 2186 3522 iustiﬁcari
2215 3452 2434 3520 incipit,
2461 3453 2512 3505 in
2541 3452 2661 3506 luce
2687 3451 2796 3520 jam
2827 3451 3064 3506 cernitur
3083 3492 3100 3518 ,
3128 3451 3216 3506 ubi
3240 3451 3350 3518 jam
3381 3466 3486 3521 pn-

1903 3545 2040 3600 situs
2070 3544 2358 3598 invenitur.
2386 3543 2513 3597 Saul
2541 3551 2741 3607 autem,
2763 3542 2853 3609 qui
2879 3541 3058 3596 asinus
3078 3555 3344 3611 quaerens,
3371 3557 3477 3594 nos:

1904 3635 2129 3697 invenit,
2161 3633 2354 3688 eruditi
2382 3633 2596 3703 quidem
2629 3633 2996 3702 prmdicatoris
3024 3646 3308 3702 personam
3338 3632 3488 3684 desi-

1903 3734 2059 3796 gnat,
2098 3726 2190 3780 sed
2219 3725 2430 3778 naviter
2466 3724 2787 3794 incipientis.
2822 3723 2990 3788 Quem
3023 3722 3266 3792 profecto
3301 3720 3480 3775 omni-

1903 3826 2095 3888 potens
2124 3817 2262 3871 Deus
2289 3815 2678 3885 pradicatiouis
2708 3814 2935 3868 fructum
2965 3812 3156 3867 all‘erre
3185 3828 3292 3867 non
3341 3811 3479 3880 pati-

1906 3916 2008 3974 tur,
2059 3921 2127 3961 ne
2172 3907 2333 3961 vilem
2377 3913 2725 3976 peccatorum
2761 3906 3173 3960 conversionem
3223 3909 3478 3971 restituet,

1905 3999 2029 4051 dum
2077 3996 2269 4052 leviter
2314 4004 2631 4051 convertere
2676 4011 2772 4050 eos
2824 3995 2890 4050 ad
2938 3995 3218 4049 Dominum
3274 4002 3473 4062 potest.

1907 4087 2163 4143 Diil'ertur
2201 4101 2332 4155 ergo
2357 4087 2662 4152 conversio,
2693 4094 2753 4138 ut
2797 4086 3043 4140 conversi
3069 4085 3394 4152 diligantur:
3425 4093 3481 4138 et

1906 4193 2000 4232 eos
2030 4177 2347 4247 prtedieator
2385 4183 2537 4230 tanto
2577 4175 2806 4244 amplius
2849 4183 3016 4242 amet,
3043 4183 3254 4243 quanto.
3285 4173 3484 4229 clarius

1905 4268 2072 4334 videt,
2097 4268 2223 4337 quia
2250 4283 2345 4322 eos
2380 4265 2576 4322 lucrari
2605 4267 2714 4321 cito
2755 4281 2862 4320 non
2893 4266 3169 4334 praevalet.
3216 4265 3324 4320 Sed
3353 4265 3483 4319 dum

1907 4359 2074 4416 sancti
2113 4357 2212 4411 viri
2241 4357 2308 4412 de
2339 4356 2717 4426 praedicatione
2742 4370 2837 4410 sua
2867 4356 3001 4409 alios
3027 4364 3343 4410 convertere
3373 4371 3483 4410 non

227 4470 345 4518 ιιι,
377 4454 466 4522 7);
494 4461 553 4507 ut
577 4461 822 4523 patenter
847 4452 1172 4517 ostenderet,
1195 4451 1317 4520 quia
1347 4451 1413 4504 ad
1445 4453 1547 4506 hoc
1574 4451 1683 4520 pati
1709 4466 1801 4504 ve-
1833 4475 1888 4536 D
1909 4455 2156 4519 possunt,
2175 4447 2242 4502 de
2267 4462 2325 4500 se
2353 4447 2698 4501 vehementer
2726 4447 2911 4499 timere
2939 4444 3200 4513 incipiunt
3225 4462 3238 4496 :
3271 4460 3338 4498 ne
3359 4445 3484 4499 inde

231 4551 408 4610 norat,
431 4552 494 4597 ut
521 4544 892 4614 peccatoribus
913 4543 1240 4597 subveniret.
1265 4543 1558 4596 Pereuntes
1581 4555 1809 4609 namque

1911 4537 2262 4605 omnipotenti
2292 4535 2404 4590 Deo
2429 4536 2765 4605 displiceant,
2799 4537 2940 4590 unde
2962 4551 3019 4588 se
3049 4535 3103 4588 ei
3138 4536 3483 4589 vehementer

228 4635 411 4690 asinas
430 4649 491 4689 se
509 4649 752 4702 qurerere
775 4634 1058 4697 fatebatur,
1083 4649 1204 4686 eum
1227 4633 1464 4687 dicebat:
1507 4631 1650 4685 Venit
1669 4632 1814 4702 filius
1904 4627 2116 4696 placere
2143 4625 2449 4692 cogitabant
2473 4642 2491 4678 :
2519 4632 2573 4678 et
2601 4625 2915 4693 plerumque
2943 4625 3118 4691 agitur
3139 4664 3156 4690 ,
3188 4632 3247 4676 ut
3271 4624 3348 4678 sic
3383 4638 3486 4677 no-

229 4724 453 4778 hominis
476 4738 723 4794 φαίνετε,
748 4732 796 4776 et
824 4724 1022 4776 salvum
1051 4724 1223 4793 facere
1240 4721 1375 4793 quod
1395 4722 1626 4791 perierat
1655 4720 1804 4791 (Luc.

1907 4734 2094 4773 verum
2124 4719 2531 4788 prtedieatorum
2571 4719 2734 4772 corda
2758 4727 3086 4783 terreantur,
3128 4727 3184 4771 ut
3209 4719 3319 4784 jam
3352 4731 3484 4784 pro-

230 4829 346 4878 ιιι,
380 4813 487 4882 10).
535 4812 643 4868 llas
671 4814 848 4868 asinas
875 4821 931 4866 et
970 4828 1064 4881 per
1090 4813 1434 4880 semetipsum
1463 4811 1725 4880 qumsivit,
1756 4818 1813 4864 et
1906 4815 2110 4878 ponant
2134 4805 2371 4875 ejusdem
2413 4806 2806 4876 praedicationis
2845 4804 3079 4860 ol'licium
3123 4804 3395 4868 deserere,
3426 4811 3483 4856 et

232 4903 409 4956 adhuc
436 4903 814 4970 prtcdieitores
841 4901 907 4954 ad
932 4899 1278 4969 quaerendum
1306 4899 1487 4952 mittit.
1522 4897 1656 4952 Dicit
1680 4913 1809 4966 ergo

230 4989 324 5042 Cis
351 4990 460 5043 lilio
485 5006 605 5054 suo,
632 5001 689 5043 ut
705 4990 882 5044 asinas
901 4999 1128 5056 qumrat,
1147 4989 1359 5057 quando
1379 4989 1671 5042 electorum
1693 5003 1811 5042 cor-

233 5079 392 5132 dibus
416 5076 686 5148 spirituali
717 5077 1064 5148 inspiratione
1095 5077 1425 5148 Redemptor
1453 5081 1716 5147 imperat,
1755 5085 1813 5132 ut

211 5167 288 5242 Vin
314 5167 711 5236 praedicationis
734 5169 1086 5222 ministerium
1116 5177 1362 5237 pergant.
1393 5167 1448 5221 In
1480 5168 1812 5238 praedicatio-

233 5260 318 5312 ιιίς
348 5268 528 5313 autem
573 5256 753 5312 ofﬁcio
793 5267 1094 5328 pergentes,
1127 5259 1252 5326 quia
1292 5259 1464 5311 solum
1511 5257 1806 5327 spiritalem

232 5364 262 5402 ε
298 5365 450 5403 nsum
480 5363 667 5403 secum
702 5347 898 5401 debent
925 5349 1144 5414 ducere,
1177 5363 1338 5401 unum
1384 5347 1452 5402 de
1481 5348 1660 5416 pueris
1701 5346 1805 5401 tol-

235 5436 349 5490 lere
378 5437 403 5473 δ
437 5436 720 5506 jubentur.
753 5435 942 5503 .Unum
972 5452 1208 5506 namque
1253 5451 1478 5506 puerum
1524 5437 1682 5500 tollit,
1714 5437 1807 5504 qui

235 5526 363 5580 dum
388 5525 456 5579 ad
487 5525 831 5596 praebendum
861 5525 978 5579 aliis
1016 5526 1240 5580 formam
1279 5525 1489 5579 vivendi
1533 5524 1722 5594 pergit,
1755 5524 1806 5578 in

312 5648 334 5674 ³
375 5640 481 5695 Alii
529 5639 660 5695 editi
689 5645 955 5711 corrupte,
999 5637 1068 5691 ad
1107 5636 1378 5692 divisiones
1419 5637 1701 5709 gratiarum
1751 5646 1799 5690 ct

243 5723 350 5763 uti
361 5723 399 5767 .'.

1911 4898 2022 4952 Deo
2049 4913 2144 4968 per
2170 4897 2439 4950 silentium
2466 4911 2677 4950 vacare.
2709 4896 2885 4962 Quare
2910 4903 2965 4949 et
2985 4895 3228 4949 subditur
3251 4912 3263 4946 :

1983 4986 2158 5056 (Vcrs.
2191 4985 2270 5056 5.)
2311 4983 2436 5038 Cum
2476 4995 2645 5038 autem
2674 4986 2888 5038 venisset
2917 4985 2970 5038 in
3015 4995 3205 5038 terram
3232 4983 3404 5050 Zup/t,
3433 4989 3484 5036 et

1913 5091 2014 5128 non
2044 5077 2340 5138 invenisset,
2360 5074 2496 5128 dixit
2519 5073 2650 5127 Saul
2678 5075 2748 5127 ad
2773 5091 2982 5144 puerum
3012 5090 3160 5128 suum
3180 5089 3198 5126 :
3236 5073 3382 5137 Veni,
3406 5088 3486 5125 ro-

1910 5177 2186 5231 vertamur,
2216 5182 2281 5219 ne
2307 5167 2438 5236 forte
2457 5165 2708 5218 dimiserit
2727 5173 2874 5235 pater
2888 5181 3029 5218 meus
3051 5165 3248 5228 asinas,
3270 5174 3315 5216 et
3337 5162 3487 5216 solli-

1912 5256 2043 5308 citus
2066 5255 2133 5307 sit
2153 5270 2245 5323 pro
2272 5253 2437 5306 nobis.
2540 5269 2582 5299 ο
3037 5258 3041 5261 ·

1981 5343 2071 5396 25.
2110 5342 2190 5394 Ad
2237 5350 2443 5411 patrem
2491 5341 2689 5394 reverti
2717 5341 2997 5407 deliberat,
3046 5342 3135 5409 qui
3183 5338 3485 5411 postposita

1914 5433 2208 5488 intentione
2223 5431 2635 5507 praedicationis,
2653 5431 2763 5485 Deo
2782 5447 2970 5488 vacare
2983 5431 3186 5500 appetit
3206 5431 3258 5484 in
3271 5438 3511 5484 secreto.

1913 5523 2133 5577 silentii.
2184 5521 2400 5576 Reverti
2443 5521 2658 5589 quidem
2709 5521 2931 5590 dicitur,
2979 5522 3070 5593 qui
3119 5522 3311 5580 missus
3358 5530 3488 5575 ante

1977 5633 2003 5672 ι’
2046 5635 2187 5690 Gilol
2211 5642 2264 5689 et
2293 5632 2489 5698 Velim,
2513 5631 2738 5716 jubetttr.
