3962 6278
508 288 608 346 £5!

1684 282 1924 340 SANC‘H
1964 277 2286 335 GREGORH
2327 279 2554 335 ΜΜΞΝΓ

3657 280 3767 336 εδει

506 408 833 481 perhibtur.
867 406 1031 474 Quasi
1061 408 1202 462 enim
1233 421 1411 461 coram
1437 412 1587 475 patre
1616 412 1740 459 sunt
1767 402 1879 469 lilii,
1903 416 2079 471 quan-
2108 397 2156 455 Α
2181 397 2443 465 spirituali
2474 397 2650 452 sensui
2679 397 3037 466 perfectorem
3068 395 3475 465 praelicatorum
3504 394 3751 461 magiste-

506 505 575 557 ilo
605 503 761 558 electi
789 503 887 556 viri
916 502 1267 555 immorantur
1296 499 1346 552 in
1382 507 1590 551 secreta
1621 494 2077 565 contemplatione

507 591 899 660 Redemptoris.
930 589 1295 643 Revertuntur
1324 588 1526 657 itaque,
1557 585 1772 656 quando
1802 599 1830 637 a
1864 583 2078 653 publico

506 694 705 739 sancte
761 684 1155 753 przedicationis
1206 684 1423 736 veniunt
1478 682 1546 735 ad
1596 680 1836 734 rimanda
1887 680 2081 747 gaudia

448 812 451 813 ν
505 783 719 826 arternze
748 772 1024 826 claritatis.
1055 771 1160 825 Sed
1191 772 1312 840 quia
1336 772 1505 826 sancti
1539 772 1635 824 viri
1666 770 1793 823 nihil
1817 778 1979 837 agunt
2002 769 2081 821 in-

505 861 758 927 consulti,
785 859 912 914 Saul
938 860 1005 913 de
1031 860 1339 914 reversione
1366 861 1430 911 ad
1462 867 1667 929 patrem
1697 872 1920 927 puerum
1950 871 2083 910 cono

506 952 687 1007 suluit.
735 951 885 1006 Tunc
931 966 1162 1021 namque
1206 966 1431 1020 puerum
1462 950 1816 1012 consulimus,
1867 946 2082 1017 quando

507 1043 711 1097 intenta
744 1052 930 1096 mente
966 1041 1306 1112 providemus
1330 1081 1345 1106 ,
1400 1049 1460 1094 ut
1488 1041 1633 1109 quod
1673 1048 1941 1094 tentamus
1978 1035 2086 1089 dis-

506 1146 733 1202 ponere,
765 1147 793 1185 a
823 1131 1083 1201 spirituali
1130 1146 1289 1185 sensu
1338 1146 1445 1185 non
1486 1130 1681 1185 debeat
1722 1128 1958 1183 differre.
2004 1124 2087 1179 Ad

510 1232 715 1293 patrem
743 1224 939 1292 quippe
961 1223 1157 1276 reverti
1178 1222 1532 1290 disposuerat,
1558 1222 1647 1288 qui
1670 1220 1910 1273 (hct-bat:
1940 1218 2084 1283 Dixi,

511 1312 795 1366 custodiam
824 1313 934 1365 vias
956 1328 1113 1376 meas,
1145 1321 1201 1364 ut
1230 1328 1331 1365 non
1353 1312 1642 1379 delinquam
1667 1312 1719 1363 in
1742 1310 1917 1379 lingua
1940 1324 2053 1361 mea
2068 1324 2087 1362 :

510 1402 671 1456 Posui
682 1402 761 1455 ori
775 1418 884 1455 meo
897 1401 1201 1466 custodiam,
1219 1418 1331 1454 cum
1347 1402 1644 1454 consisteret
1654 1410 1892 1468 peccator
1907 1408 2089 1452 contra

507 1513 589 1551 me
616 1495 780 1566 (Psal.
811 1512 1027 1560 xxxvm,
1048 1495 1097 1561 l,
1117 1495 1193 1563 2).
1216 1496 1484 1550 Adversus
1505 1495 1881 1564 praedicatores
1905 1508 2092 1562 pecca-

513 1596 599 1641 tor
619 1587 879 1651 consistit,
904 1587 1195 1654 quandoad
1214 1587 1643 1655 praedicationem
1664 1601 1875 1652 eorum,
1891 1593 2091 1639 statum

507 1691 621 1730 suae
650 1674 945 1743 iniquitatis
974 1691 1082 1729 non
1113 1675 1328 1730 deserit.
1367 1675 1431 1729 Et
1458 1676 1583 1744 quia
1614 1684 1742 1730 tunc
1772 1675 2092 1744 praedicator

2183 489 2265 543 rio
2295 488 2485 555 subjici
2519 497 2829 544 monentur.
2863 487 2944 541 Ab
2972 487 3077 541 hoc
3104 501 3275 554 puero
3304 501 3403 540 nos
3426 484 3550 538 duci
3577 481 3749 538 admo-

2183 588 2277 634 net
2296 621 2312 646 ,
2341 580 2432 648 qui
2459 580 2587 634 dicit
2617 598 2627 631 :
2661 579 2721 635 Si
2751 580 2937 649 spiritu
2966 577 3234 641 ducimini,
3261 593 3366 631 non
3393 576 3526 629 estis
3546 573 3636 628 sub
3655 576 3750 647 lege

2186 669 2328 741 (Gal.
2357 687 2409 735 v,
2458 669 2571 741 18).
2595 669 2958 736 ρυωτεηόυω
3006 683 3137 723 vero
3175 675 3290 731 est,
3339 681 3435 720 cur
3475 666 3752 720 dubitative

2183 762 2394 818 dicatur
2418 778 2432 815 :
2466 762 2526 816 Si
2556 765 2690 833 forte
2715 762 2909 815 indicet
2936 759 3084 815 nobis
3113 760 3177 813 de
3202 761 3285 813 via
3314 766 3521 823 nostra,
3564 768 3750 827 prapter

2184 871 2338 925 quam
2376 854 2625 908 venimus.
2657 853 2763 908 Sed
2791 853 2920 921 quia
2966 852 3264 921 spiritualia
3310 850 3521 905 discere
3550 850 3752 918 appetit.

2184 946 2309 1013 quia
2354 944 2589 1012 ingentia
2635 944 2775 998 dona
2811 944 2971 1013 gestit
3014 943 3263 1012 accipere
3300 949 3529 994 :rutrutn
3570 939 3752 993 eisdem

2187 1036 2341 1091 donis
2370 1036 2441 1091 sit
2469 1035 2681 1103 dignus,
2711 1034 2851 1098 scire
2882 1048 2986 1087 non
3017 1042 3215 1102 potest.
3250 1032 3509 1107 Duhitarp
3537 1043 3661 1097 ergo
3687 1030 3755 1082 in.

2187 1128 2367 1197 cipit,
2390 1126 2483 1195 qui
2510 1134 2618 1179 tam
2646 1138 2837 1193 magna
2864 1123 3165 1193 promereri
3195 1136 3256 1176 se
3294 1121 3407 1175 suis
3430 1120 3637 1173 meritis
3666 1136 3756 1173 non

2188 1215 2481 1286 praesumit.
2518 1213 2651 1279 Quae
2683 1213 2932 1267 nimirum
2962 1210 3235 1265 dubitatio
3275 1210 3468 1264 electis
3508 1210 3677 1262 oritur
3700 1224 3757 1262 ex

2189 1302 2387 1356 virtute
2417 1300 2752 1355 humilitatis.
2802 1298 2978 1365 Quare
3028 1306 3080 1352 et
3112 1298 3417 1352 comitantis
3462 1298 3615 1366 pueri
3644 1311 3761 1351 voce

2190 1394 2339 1450 Sauli
2369 1395 2565 1450 dicitur
2595 1413 2607 1447 :
2641 1395 2705 1448 Si
2749 1396 2883 1464 forte
2923 1392 3116 1447 indicet
3153 1391 3301 1445 nobis
3348 1392 3412 1444 de
3452 1392 3539 1444 via
3576 1399 3757 1445 nostra.

2191 1487 2327 1554 Quia
2350 1488 2599 1541 nimirum
2625 1485 2920 1555 spiritualis
2939 1500 3130 1540 sensus
3151 1499 3258 1538 non
3283 1486 3390 1536 alta
3414 1483 3571 1536 nobis
3590 1497 3762 1551 sapere

2194 1578 2461 1645 suggerit,
2494 1593 2601 1631 non
2632 1576 2890 1630 audacter
2918 1575 2986 1629 de
3026 1574 3382 1643 omnipotenti
3431 1573 3545 1626 Deo
3574 1588 3761 1642 praesu-

2196 1683 2365 1734 mere,
2390 1668 2482 1722 sed
2510 1667 2624 1736 ejus
2647 1667 2788 1721 dona
2818 1682 2938 1721 cum
2959 1680 3167 1721 summa
3198 1663 3369 1718 sancti
3394 1663 3604 1717 timoris
3627 1678 3763 1717 reve-

513 1769 562 1821 ei
586 1767 776 1831 silere,
808 1775 864 1821 et
904 1767 1014 1821 Deo
1053 1783 1243 1822 vacare
1269 1768 1542 1838 proponit,
1577 1776 1636 1821 ut
1673 1767 1740 1821 ad
1769 1775 1975 1837 patrem
2002 1781 2092 1820 re-
2126 1760 2167 1819 Β
2194 1762 2366 1816 rentia
2398 1763 2696 1832 postulare.
2744 1760 2936 1816 Merito
2963 1774 3091 1828 ergo
3122 1774 3255 1829 puer
3283 1759 3504 1822 dicitur,
3552 1759 3641 1827 qui
3678 1759 3761 1812 hu-

520 1859 668 1924 deat,
698 1858 1037 1911 obmutescit.
1063 1857 1168 1913 Sed
1199 1859 1320 1928 quia
1347 1874 1444 1927 per
1468 1858 1737 1912 silentium
1758 1858 2089 1911 voluntatem

513 1948 609 2004 Dei
642 1950 833 2004 melius
874 1950 1079 2017 didicit,
1111 1966 1207 2003 cor
1254 1950 1369 2017 ejus
1416 1950 1702 2015 concaluit,
1740 1958 1795 2002 et
1835 1947 2091 2002 exardes-

514 2051 670 2095 cente
699 2043 820 2110 igne
863 2042 1087 2097 interna:
1113 2042 1496 2109 meditationis,
1546 2042 1759 2096 locutus
1784 2048 1885 2095 est.
1937 2040 2092 2106 Quod

518 2132 571 2185 in
602 2133 706 2187 hoc
748 2134 908 2187 etiam
951 2134 1070 2188 loco
1100 2134 1418 2197 ostenditur,
1463 2133 1585 2202 quia
1624 2132 1898 2187 consultus
1937 2146 2095 2201 puer,

525 2225 826 2279 consulenti
856 2240 914 2280 se
943 2222 1225 2279 consilium
1256 2224 1538 2294 impendit,
1581 2224 1766 2278 dicens
1791 2240 1805 2276 :

591 2332 768 2404 (Vers.
795 2332 871 2404 6.)
918 2333 1049 2389 Ecce
1088 2344 1163 2389 est
1192 2337 1267 2389 vir
1295 2332 1393 2389 Dei
1422 2335 1475 2388 in
1506 2336 1703 2388 civitate
1733 2335 1857 2399 hac,
1883 2334 1958 2387 vir
1996 2314 2094 2388 no-

515 2425 650 2490 bilis,
683 2444 831 2479 omne
867 2428 1002 2497 quod
1040 2428 1263 2495 loquitur
1308 2426 1496 2496 absque
1541 2424 1872 2496 ambiguitate
1915 2427 2092 2480 venit:

517 2531 651 2568 nunc
680 2531 801 2585 ergo
831 2532 1005 2569 eamus
1026 2517 1171 2580 illuc,
1198 2517 1242 2568 si
1263 2518 1395 2587 forte
1424 2515 1616 2568 indicet
1641 2513 1788 2568 nobis
1809 2515 1872 2568 de
1892 2515 1972 2568 via
2000 2530 2095 2568 no-

513 2614 623 2659 stra
655 2617 861 2677 propter
888 2624 1041 2677 quam
1069 2608 1317 2661 venimus.

585 2718 743 2787 205
771 2715 860 2772 24.
895 2717 1073 2772 Virum
1104 2718 1192 2772 Dei
1224 2717 1527 2773 Samuelem
1556 2718 1703 2784 dicit,
1734 2718 1785 2772 in
1810 2735 1917 2790 quo
1947 2735 2090 2789 pra:-

518 2806 791 2862 dicatores
834 2818 1034 2862 sancta:
1080 2808 1331 2864 Ecclesia:
1382 2811 1648 2879 designari
1691 2812 1802 2878 jam
1840 2812 2091 2867 diximus.

514 2896 613 2963 Qui
636 2898 717 2952 vir
733 2898 949 2967 quidem
968 2899 1181 2962 dicitur,
1203 2915 1301 2968 pro
1323 2903 1623 2956 reverentia
1642 2912 1841 2958 sanctae
1864 2919 2093 2958 convcr-

518 2986 763 3052 sationis,
793 2996 849 3041 et
869 3003 1030 3043 omne
1051 2990 1195 3057 quod
1225 2988 1484 3060 loquitur,
1512 2992 1715 3061 absque
1745 2994 2095 3062 ambiguitate

515 3078 700 3132 venire
720 3077 1034 3147 perhibetur
1062 3098 1074 3133 ι
1101 3081 1224 3149 quia
1251 3082 1509 3151 quidquid
1530 3084 1765 3138 minatur
1792 3085 1859 3139 de
1877 3086 2091 3143 :eternis

516 3164 808 3233 suppliciis,
831 3168 1089 3236 quidquid
1111 3168 1177 3223 de
1197 3178 1397 3223 aeterna
1421 3171 1602 3226 ltetitia
1626 3173 1887 3240 promittit
1912 3175 2089 3241 justis.

516 3253 588 3306 ita
613 3262 673 3307 ut
695 3255 997 3323 denuntiat,
1019 3264 1073 3310 et
1095 3258 1239 3327 impii
1263 3260 1484 3315 abibunt
1504 3261 1569 3314 ad
1592 3276 1830 3331 ptenam,
1852 3273 1906 3317 et
1935 3264 2091 3319 electi

516 3344 582 3396 ad
618 3346 861 3411 gloriam.
914 3348 1013 3412 Qui
1045 3349 1206 3402 etiam
1250 3350 1303 3403 in
1331 3351 1549 3407 civitate
1592 3368 1711 3407 esse
1741 3355 2089 3422 perhibi-tur:

514 3437 639 3502 quia
670 3436 872 3491 electus
910 3447 1095 3506 pastor
1125 3439 1177 3494 in
1204 3443 1475 3501 communi
1513 3442 1769 3511 subjectae
1804 3445 1972 3513 plebis
2001 3462 2094 3499 cu-

514 3525 724 3591 stodia,
770 3542 983 3597 semper
1012 3529 1230 3596 vigilare
1267 3531 1629 3598 cognoscitur.
1668 3533 1726 3588 In
1766 3534 1983 3589 civitate
2012 3544 2095 3590 est

516 3623 719 3684 pastor,
749 3616 873 3685 quia
903 3633 1024 3671 cum
1054 3619 1286 3673 custodit
1315 3620 1481 3688 alios,
1531 3621 1584 3677 in
1624 3636 1683 3677 se
1711 3625 1951 3677 munitus
1990 3634 2091 3679 est.

519 3702 670 3759 Unde
691 3713 746 3759 et
773 3721 871 3775 per
898 3708 1214 3778 prophetam
1245 3710 1298 3763 in
1326 3711 1564 3765 omnium
1592 3716 1824 3767 virorum
1854 3715 1945 3769 Dei
1974 3716 2092 3769 lau-

515 3796 685 3861 dibus,
712 3799 809 3852 sub
838 3800 992 3855 unius
1019 3801 1380 3872 descriptione
1399 3803 1595 3859 dicitur
1622 3823 1634 3859 :
1667 3805 1731 3859 In
1759 3809 1977 3861 excelsis
1998 3810 2093 3863 Ita—

517 3886 662 3954 bitat,
691 3891 1006 3945 munimenta
1033 3909 1279 3948 saxorum
1296 3894 1585 3951 sublimitas
1609 3899 1720 3968 ejus
1748 3899 1881 3967 (Isa.
1905 3917 2092 3967 xxxrtt,

517 3977 628 4047 16).
682 3978 815 4034 Nam
844 3997 954 4050 quo
1003 3982 1164 4037 altius
1194 3984 1246 4038 in
1286 3994 1612 4041 teternorum
1661 3990 1858 4043 civium
1890 3992 2094 4046 visione

514 4073 884 4141 suspenditur,
910 4088 978 4129 eo
1006 4084 1059 4129 et
1082 4076 1182 4130 sibi
1208 4076 1415 4145 fortior,
1442 4088 1497 4134 et
1517 4082 1776 4150 proximis
1800 4084 1983 4136 utilior
2014 4085 2093 4136 in-

514 4172 746 4214 venitur.

585 4268 675 4321 25.
706 4269 909 4325 Nobilis
937 4273 1099 4326 etiam
1122 4273 1355 4329 dicitur:
1386 4276 1513 4344 quia
1542 4294 1774 4346 superna
1802 4294 2092 4335 conversa-

513 4359 664 4413 tione
687 4364 1011 4431 conspicuus
1035 4372 1135 4429 est,
1155 4373 1209 4418 et
1237 4366 1304 4420 de
1333 4367 1615 4421 mundanae
1643 4368 1765 4421 vitae
1793 4370 2092 4425 rusticitate

2194 1853 2339 1907 milia
2385 1868 2599 1921 semper
2642 1852 2835 1906 docere
2866 1850 3207 1921 praedicatur.
3258 1848 3393 1903 Dum
3424 1863 3557 1915 ergo
3606 1849 3758 1902 dicit:

2191 1942 2387 1996 Eamus
2415 1943 2555 2005 illuc,
2585 1949 2641 1995 et
2670 1949 2893 2010 repente
2920 1938 3191 2006 subjungit
3216 1956 3229 1990 :
3256 1937 3315 1991 Si
3346 1940 3482 2008 forte
3504 1938 3687 1990 indicet
3711 1938 3764 1990 ds

2192 2034 2275 2087 via
2318 2042 2519 2098 nostra,
2552 2040 2740 2101 aperte
2769 2030 2998 2094 indicat,
3029 2029 3152 2096 quia
3191 2029 3448 2082 in'sensu
3488 2028 3762 2081 electorum

2194 2122 2287 2176 Dei
2314 2123 2531 2192 spiritus
2560 2128 2834 2190 operetur,
2864 2119 2988 2174 dum
3016 2118 3086 2172 ad
3112 2117 3412 2187 spiritualia
3439 2117 3582 2170 dona
3610 2131 3762 2186 expe-

2197 2214 2381 2281 tenda,
2412 2221 2467 2268 et
2495 2213 2690 2268 devote
2717 2226 2812 2266 eos
2833 2210 2958 2266 facit
2986 2209 3280 2274 accedere,
3325 2217 3381 2263 et
3416 2208 3488 2263 de
3518 2207 3762 2276 largitoris

2195 2307 2584 2377 omnipotentia
2610 2320 2800 2374 magna
2825 2320 2947 2358 cum
2975 2302 3274 2358 reverentia
3299 2300 3612 2356 formidare.
3630 2298 3763 2354 Unde

2195 2406 2251 2452 et
2273 2398 2366 2466 qui
2396 2412 2426 2451 a
2456 2397 2647 2466 spiritu
2678 2395 2907 2459 ducitur,
2947 2393 3184 2461 inopiam
3212 2393 3532 2446 meritorum
3558 2407 3758 2444 suorum

2196 2486 2469 2554 respicere
2499 2484 2831 2552 perhibetur,
2865 2497 2984 2536 cum
3015 2481 3262 2534 subditur
3293 2497 3308 2531 :

2269 2574 2459 2646 (Vers.
2489 2574 2569 2641 7.)
2602 2573 2847 2643 Dixitque
2896 2570 3025 2626 Saal
3055 2570 3122 2623 ad
3162 2585 3377 2639 puerum
3421 2583 3573 2621 suam
3601 2583 3617 2619 :
3651 2565 3763 2619 Ecce

2195 2664 2402 2728 ibimus,
2426 2664 2548 2734 quid
2576 2665 2797 2734 feremus
2821 2662 2889 2713 ad
2914 2660 3117 2714 virum?
3146 2658 3311 2710 Panis
3342 2659 3533 2727 defecit
3554 2658 3605 2709 in
3628 2658 3766 2709 sitar-

2197 2756 2290 2810 ciis
2318 2755 2530 2819 nostris,
2573 2762 2622 2806 et
2646 2752 2929 2822 sportulam
2968 2766 3069 2804 non
3099 2749 3363 2815 habemus,
3396 2756 3453 2800 ut
3484 2747 3657 2801 demus
3685 2746 3763 2799 ho~

2197 2847 2324 2900 mini
2350 2845 2471 2911 Dei,
2500 2860 2591 2898 nec
2613 2843 2888 2912 quidquam
2916 2840 3080 2895 aliud.

2268 2936 2357 2991 26.
2389 2935 2601 2989 Habent
2628 2934 2905 3004 proprium
2937 2940 3147 2986 mentes
3190 2929 3498 2996 humilium,
3530 2936 3587 2982 ut
3623 2927 3764 2997 spiri-

2199 3028 2364 3083 tualia
2403 3027 2545 3081 dona
2570 3026 2834 3088 habeant,
2877 3024 2972 3079 sed
3002 3024 3055 3077 in
3086 3022 3150 3077 iis
3170 3036 3290 3091 quae
3312 3022 3545 3085 habent,
3591 3035 3647 3073 se
3674 3034 3763 3071 non

2120 3126 2170 3190 ο
2201 3118 2501 3174 attendant.
2527 3117 2663 3183 Quia
2694 3115 2837 3171 enim
2869 3132 2900 3169 a
2925 3113 3125 3184 Spiritu
3154 3121 3344 3168 sancto
3364 3113 3618 3165 virtutum
3644 3110 3763 3163 dona

2197 3211 2529 3281 percipiunt,
2578 3206 2700 3261 ideo
2736 3214 2955 3261 sanctus
2983 3204 3231 3273 spiritus,
3282 3202 3375 3271 qui
3405 3202 3548 3256 dona
3579 3200 3765 3259 tribuit,

2197 3318 2261 3356 ea
2291 3302 2369 3356 eis
2398 3301 2465 3355 ab
2493 3298 2851 3353 aestimatione
2889 3296 3058 3359 tollit,
3090 3302 3149 3348 ut
3186 3294 3239 3347 in
3262 3293 3465 3346 virtute
3496 3305 3765 3346 conversa-

2196 3391 2360 3445 tionis
2403 3390 2519 3445 hmc
2566 3389 2821 3453 habeant,
2868 3386 2920 3441 in
2950 3394 3161 3440 tumore
3190 3383 3441 3438 elationis
3487 3383 3645 3452 206
3674 3395 3764 3433 non

2198 3482 2449 3536 habeant.
2496 3480 2639 3534 Bene
2665 3493 2794 3547 ergo
2823 3476 2890 3532 de
2920 3476 3082 3530 Saule
3120 3473 3353 3529 dicitur:
3379 3472 3458 3526 Ab
3491 3474 3693 3525 humero
3725 3478 3767 3522 et

2196 3588 2403 3626 sursum
2431 3567 2686 3624 eminebat
2724 3584 2877 3637 super
2914 3583 3115 3621 omnem
3154 3566 3419 3634 papulum.
3452 3561 3526 3616 Et
3561 3564 3683 3615 dixit
3709 3561 3769 3612 ad

2197 3678 2409 3733 puerum
2437 3675 2627 3713 suum:
2663 3657 2823 3711 Panis
2867 3656 3053 3726 defecit
3098 3656 3155 3708 in
3203 3654 3427 3707 sitarciis
3470 3652 3678 3716 nostris,
3722 3658 3765 3702 et

2196 3752 2481 3823 sportulam
2507 3766 2609 3803 non
2632 3748 2873 3802 habemus
2897 3763 2915 3801 :
2937 3746 3062 3815 quia
3088 3745 3245 3800 electi
3274 3743 3394 3809 viri,
3420 3752 3477 3798 et
3507 3743 3573 3795 ad
3602 3742 3764 3809 dispo-

2197 3844 2432 3899 nendum
2461 3854 2659 3900 sancta:
2686 3841 2939 3897 Ecclesia:
2967 3840 3181 3895 culmen
3211 3840 3417 3905 idonei,
3447 3839 3499 3893 in
3529 3854 3595 3893 eo
3619 3839 3767 3892 etiam

2199 3950 2257 3990 se
2290 3950 2385 4005 ,λη’
2412 3933 2769 3988 humilitatem
2799 3946 2994 4001 parvos
3017 3928 3301 4000 aspiciunt,
3333 3930 3386 3983 itt
3412 3944 3523 3998 quo
3556 3944 3648 3997 per
3668 3927 3768 3980 vir-

2199 4035 2368 4080 tutem
2400 4024 2577 4093 magni
2607 4031 2749 4078 sunt.
2779 4022 2844 4075 Et
2875 4036 3069 4092 panem
3094 4021 3310 4090 quidem
3336 4020 3401 4074 ad
3432 4020 3765 4080 refectionem

2198 4115 2435 4171 fidelium
2462 4120 2759 4170 animarutn
2785 4114 2987 4169 habent
3018 4113 3071 4167 in
3114 4112 3379 4181 sapientia
3406 4111 3558 4165 verbi
3582 4152 3595 4173 ,
3624 4123 3766 4179 spur-

2202 4207 2367 4261 tulam
2397 4221 2526 4261 vero
2557 4207 2610 4262 in
2641 4204 2903 4260 memoria
2941 4203 3166 4258 interna:
3214 4201 3600 4256 meditationis.
3648 4199 3767 4251 Cum

2198 4298 2343 4354 enim
2387 4313 2451 4353 ea
2480 4312 2601 4367 qua:
2646 4296 2701 4350 in
2732 4304 2938 4351 secreta
2969 4293 3318 4349 meditatione
3360 4291 3638 4359 colligunt,
3667 4302 3767 4343 scr-

2196 4398 2325 4443 vant
2366 4390 2418 4442 in
2446 4388 2704 4441 memoria
2733 4386 2800 4439 ad
2829 4384 3185 4439 eruditionem
3218 4380 3476 4448 fidelium,
3505 4378 3652 4434 velut
3678 4392 3763 4447 pa-

511 4452 643 4547 nihil
668 4454 860 4547 habet.
898 4454 1025 4547 Inde
1069 4457 1212 4510 enim
1242 4458 1435 4513 nobilis
1464 4460 1718 4524 cernitur,
1752 4462 1892 4515 unde
1935 4462 2086 4517 civis.
2120 4483 2172 4544 ι)
2195 4495 2318 4534 nem
2348 4480 2399 4533 in
2432 4478 2674 4547 sportula
2717 4483 3010 4545 reponunt.
3062 4474 3136 4527 De
3179 4473 3262 4527 his
3296 4472 3439 4526 enim
3480 4470 3677 4540 sportis
3718 4469 3766 4522 in

508 4543 854 4598 Smcularium
885 4545 1083 4615 quippe
1111 4547 1405 4613 hominum,
1438 4550 1562 4617 quia
1594 4550 1737 4604 nulla
1767 4561 1847 4606 est
1877 4568 2085 4607 morum

506 4635 857 4704 compositio,
899 4638 1052 4705 quasi
1081 4638 1133 4692 in
1173 4640 1535 4696 exterioribus
1565 4643 1698 4697 locis
1740 4646 1959 4712 nutriti,
1992 4663 2087 4702 ru-

506 4724 629 4779 stici
657 4733 799 4780 sunt.
831 4725 911 4780 Ex
952 4738 1212 4783 consueta
1242 4744 1473 4800 namque
1510 4732 1674 4785 animi
1721 4732 2083 4802 inhonestate,

508 4824 691 4885 turpes
730 4818 1007 4887 proferunt
1036 4828 1215 4875 motus
1254 4823 1532 4891 corporis;
1563 4832 1617 4878 et
1642 4826 1784 4878 velut
1812 4825 1967 4880 valde
1993 4828 2087 4879 de-

502 4918 754 4973 generes,
779 4908 991 4962 urbana:
1017 4912 1416 4966 consuetudinis
1435 4923 1643 4981 gestum
1672 4916 1933 4979 nesciunt,
1957 4916 2084 4971 dum

510 5009 606 5063 per
633 5012 792 5051 omne
820 5001 961 5067 quod
992 5013 1173 5072 agunt,
1198 5006 1321 5061 vita:
1350 5022 1461 5061 sua:
1482 5008 1717 5077 speciem
1743 5010 1947 5064 vilitate
1978 5019 2088 5064 ter-

506 5098 652 5138 rente
681 5085 1026 5145 obscuritatis
1052 5094 1320 5161 cperiunt.
1351 5096 1469 5162 Quo
1499 5106 1687 5151 contra
1733 5099 1830 5152 viri
1862 5098 1955 5155 Dei
1983 5117 2083 5153 no-

502 5173 643 5228 biles
689 5185 849 5241 sunt,
895 5180 988 5249 qui
1026 5180 1150 5235 dum
1199 5183 1410 5239 fortiter
1454 5200 1553 5250 ea,
1584 5202 1705 5256 quae
1732 5188 1908 5242 divina
1938 5199 2082 5257 sunt,

504 5275 689 5331 agunt,
719 5268 769 5321 in
794 5271 938 5323 omni
968 5286 1065 5327 suo
1086 5289 1269 5343 opere,
1297 5261 1524 5344 supe'rna
1554 5278 1673 5332 luce
1702 5281 2080 5349 resiilendent:

504 5364 560 5405 et
588 5356 716 5409 nihil
747 5359 1193 5427 degenerositatis
1230 5364 1334 5417 hab
1368 5376 1454 5431 nt,
1508 5368 1598 5435 qni
1650 5368 1700 5421 in
1731 5385 1920 5438 magna
1964 5371 2086 5426 luce

504 5454 680 5499 omnis
725 5465 835 5503 sua:
865 5454 1288 5508 conversatiOnis
1334 5472 1372 5507 r;
1395 5456 1511 5509 dios
1542 5459 1821 5527 proferunt
1850 5461 2085 5515 cmlestis

502 5534 746 5598 miginis.
775 5536 854 5593 Ad
894 5542 996 5596 hoc
1024 5556 1151 5605 ergo
1182 5560 1210 5596 a
1254 5560 1419 5613 puero
1449 5545 1575 5601 Saul
1617 5551 1847 5616 ducitur,
1896 5563 1951 5604 ut
2001 5553 2081 5606 in-

504 5634 780 5680 struatur:
813 5632 935 5697 quia
966 5635 1054 5701 qui
1087 5636 1137 5688 in
1169 5650 1293 5689 arce
1322 5638 1649 5705 pne'ationis
1666 5643 1901 5709 ponendi
1929 5651 2074 5707 sunt,

2192 4570 2482 4638 Evangelio
2502 4568 2696 4623 dicitur
2712 4586 2725 4620 :
2742 4566 3088 4636 Impleverunt
3112 4574 3301 4634 septem
3325 4573 3532 4633 spartas
3551 4563 3613 4615 de
3633 4564 3765 4633 frag-

2190 4663 2372 4716 mentis
2412 4659 2625 4732 (Matth.
2646 4673 2733 4723 xv,
2762 4659 2862 4722 57;
2895 4656 3065 4710 Marc.
3098 4672 3213 4720 vni,
3243 4654 3321 4724 8).
3348 4654 3482 4708 Cum
3513 4655 3565 4708 in
3592 4666 3764 4707 mensa

2190 4753 2400 4808 Domini
2431 4766 2596 4821 panes
2624 4749 2927 4812 abundant,
2975 4755 3173 4817 sporta:
3200 4745 3413 4815 impleri
3446 4744 3763 4813 praecipiun-

2190 4849 2276 4896 tur
2308 4857 2321 4895 :
2354 4842 2481 4909 quia
2511 4855 2633 4895 cum
2662 4838 2820 4892 electi
2850 4837 3025 4891 anima
3053 4836 3107 4889 in
3138 4850 3370 4905 superna
3400 4834 3767 4903 Redemptoris

2195 4932 2650 5001 contemplatione
2695 4927 2952 4993 reficitur,
2993 4929 3045 4981 in
3089 4927 3278 4981 eadem
3317 4925 3766 4995 contemplatione

2192 5022 2436 5078 veritatis
2462 5021 2723 5087 eruditur,
2756 5028 2815 5073 ut
2842 5018 2991 5073 verbi
3030 5017 3314 5082 alimonia,
3364 5032 3486 5086 qua:
3518 5019 3570 5071 in
3601 5032 3658 5071 se
3681 5031 3770 5069 ex-

2190 5129 2436 5171 crescere
2464 5113 2722 5175 cernitur,
2766 5111 2818 5164 in
2849 5111 3109 5164 memoria
3138 5108 3206 5161 ad
3254 5108 3615 5163 eruditionem
3645 5105 3766 5159 tide—

2192 5204 2319 5260 lium
2346 5211 2659 5273 reponatur.
2689 5200 2844 5255 Aliud
2875 5200 3040 5253 etiam
3081 5207 3277 5267 prmter
3305 5212 3499 5266 panem
3529 5205 3585 5250 et
3619 5210 3763 5263 spor-

2196 5296 2360 5349 tu‘am
2387 5293 2721 5347 abundanter
2748 5291 2982 5356 habent,
3013 5290 3102 5359 qui
3143 5304 3262 5343 cum
3303 5289 3501 5342 virtute
3535 5298 3765 5342 contem-

2193 5384 2463 5455 plationis.
2500 5392 2556 5436 et
2582 5382 2821 5436 doctrina
2853 5381 3031 5445 verbi,
3083 5379 3356 5434 abundant
3384 5379 3540 5447 copia
3574 5384 3762 5432 sancta

2194 5475 2542 5544 operationis.
2574 5469 2644 5526 Ut
2682 5484 2810 5539 ergo
2849 5471 3123 5524 humilitas
3170 5480 3479 5523 sanctorum
3533 5470 3585 5523 in
3628 5468 3763 5522 ordio

2189 5567 2347 5623 nandi
2394 5567 2537 5636 regis
2566 5560 2837 5619 loeutitme
2885 5571 3133 5629 resonet,
3181 5560 3311 5615 dicit
3342 5579 3355 5615 :
3389 5560 3555 5615 Panis
3586 5561 3764 5627 defecit

2186 5660 2239 5711 in
2262 5657 2483 5713 sitarcit’s
2519 5656 2729 5717 nostris,
2749 5663 2794 5707 ct
2816 5653 3097 5715 sportulam
3117 5670 3216 5707 non
3238 5653 3502 5717 habemus,
3521 5662 3574 5705 ut
3596 5651 3759 5705 demus
