3962 6316
247 341 350 370 δεῖ

244 355 351 396 εδ.)

1072 334 1140 390 IN
1176 334 1440 390 PRIMUM
1482 330 1712 387 ΠΕΟ-[³31
1756 325 2266 389 ΕΧΡυδιτιυΝι-ῑε.
2306 362 2375 374 -
2411 335 2538 388 LIB.
2580 333 2663 390 IV.

3380 331 3495 390 958

238 457 440 510 homini
474 449 595 519 Dei,
626 467 717 504 nec
741 448 1015 521 quidquam
1045 450 1191 501 aliud
1212 465 1230 502 :
1259 451 1380 516 quia
1411 455 1628 502 sanctus
1653 446 1814 515 spirio
1843 447 1892 504 A
1919 444 2117 510 clesite,
2149 446 2367 499 verbum
2410 445 2534 500 ﬁdei
2580 459 2747 513 usque
2787 444 2853 498 ad
2896 444 3079 499 mundi
3117 446 3270 500 linem
3303 448 3494 504 electis

238 555 334 599 tris
377 559 492 607 eos,
525 544 617 613 qui
647 541 712 593 ad
750 537 1095 593 ecclesiastici
1124 537 1371 591 culminis
1417 537 1652 602 regimen
1684 549 1820 603 pra:-

243 645 527 708 parantur,
559 647 783 701 magnos
813 630 942 683 iacit
989 629 1040 681 in
1070 629 1268 681 virtute
1317 628 1510 680 interni
1559 625 1815 689 muneris,

239 726 338 780 sed
360 725 584 779 omnino
613 735 806 791 parvos
833 720 885 771 in
905 723 1151 784 respectu
1182 716 1408 786 propriae
1431 714 1814 768 aestimationis.

243 817 398 870 Dicat
433 828 562 881 ergo
588 826 761 881 puer:
796 807 988 861 Eamus
1015 807 1157 868 illuc,
1190 807 1235 859 si
1284 810 1417 875 forte
1458 803 1646 857 indicet
1674 800 1819 856 nobis

238 905 309 957 de
335 905 418 957 via
447 911 648 956 nostra.
680 898 805 954 Saul
837 906 1014 950 autem
1044 910 1270 949 vacuum
1300 909 1357 948 se
1383 893 1661 961 inspiciat:
1692 892 1842 959 quia.

237 993 480 1064 Spiritus
517 1001 736 1044 sanctus
762 989 888 1042 dum
919 1001 1110 1042 sensus
1149 985 1377 1038 honeste
1417 983 1705 1036 viventium
1744 982 1820 1034 in-

237 1082 421 1142 Struit,
455 1081 688 1135 audaces
715 1078 898 1140 modo,
931 1075 1094 1130 modo
1117 1073 1330 1127 timidos
1362 1071 1553 1125 reddit.
1577 1071 1818 1124 Audaces

238 1170 494 1238 quidem,
527 1179 584 1221 ut
611 1171 936 1237 praesumant
966 1180 979 1215 :
1008 1161 1242 1225 timidos,
1274 1175 1340 1213 ne
1366 1158 1689 1227 superbiant.
1722 1156 1818 1209 lm-

237 1261 416 1330 pellit,
462 1266 523 1312 ut
565 1255 865 1312 necessaria
916 1253 1186 1322 postulent
1215 1268 1229 1304 :
1258 1250 1502 1316 retrahit,
1551 1263 1619 1302 ne
1660 1248 1817 1303 nimis

238 1348 652 1420 [~r:esumendo,
684 1347 870 1400 vitium
909 1345 1182 1399 incurrant
1225 1341 1560 1396 temeritatis.
1601 1338 1668 1392 Et
1691 1339 1816 1406 quia

236 1455 380 1509 quos
409 1438 630 1508 pavidos
659 1434 815 1493 facit.
842 1450 939 1502 per
967 1435 1131 1486 robur
1160 1431 1365 1485 ﬁducia:
1393 1429 1457 1482 ad
1488 1443 1816 1496 praesumen-

235 1531 372 1583 dum
402 1529 581 1597 erigit,
607 1532 827 1594 repente
851 1523 1180 1578 subinl'ertur
1203 1540 1220 1575 :
1252 1521 1454 1576 Rursus
1482 1521 1659 1588 itaque
1683 1535 1818 1589 puer

235 1618 389 1672 Sauli
422 1615 722 1682 respondit,
753 1621 808 1666 et
835 1612 911 1665 ait
940 1630 952 1663 :

313 1705 501 1774 (Vers.
534 1704 613 1770 8.)
664 1702 796 1756 Ecce
832 1703 1040 1755 inventa
1083 1709 1157 1754 est
1193 1716 1246 1752 in
1278 1715 1432 1752 manu
1474 1715 1590 1752 mea
1631 1708 1815 1769 quarta

1923 533 2167 588 ﬁdelibus
2196 536 2501 590 exhibetur.
2540 535 2645 589 Sed
2698 535 2875 589 abhis
2918 534 3138 588 verbum
3187 534 3306 588 ﬁdei
3351 536 3495 590 bene

1920 625 2260 692 praedicatur,
2292 627 2486 694 quibus
2515 642 2610 696 per
2650 643 2835 680 manus
2863 628 3013 695 pueri
3041 628 3494 694 subministratur,

1918 720 2042 786 quia
2081 719 2327 772 nimirum
2367 721 2440 773 illi
2468 721 2664 774 debent
2691 735 2918 790 superna
2951 722 3268 788 praedicare,
3294 723 3385 789 qui
3433 725 3500 776 in-

1918 810 2112 864 mentis
2150 825 2258 864 suae
2299 811 2576 866 dulcedine
2614 821 2924 865 meruerunt
2952 827 3136 864 eorum
3167 813 3483 866 suavitatem

1919 913 2266 967 cognoscere.
2324 900 2450 955 Hmc
2506 915 2732 968 namque
2776 916 2897 969 pars
2944 901 3159 955 stateris
3206 901 3382 962 datur,
3431 910 3499 954 ut

1918 989 2055 1042 tiam
2081 990 2200 1057 quis
2212 997 2376 1044 recta:
2396 989 2786 1057 pmdicationis
2803 988 3012 1058 plenius
3039 996 3306 1042 mereatur
3327 1001 3490 1054 agno-

1916 1091 2068 1131 scere
2099 1095 2111 1129 :
2144 1078 2267 1145 quia
2292 1079 2484 1132 summi
2511 1078 2762 1134 doctores
2801 1086 2999 1132 saneta:
3028 1077 3282 1130 Ecelesim
3309 1088 3493 1132 aucto-

1915 1173 2128 1220 ritatem
2160 1168 2553 1236 praidicationis
2573 1168 2692 1223 aliis
2719 1169 3077 1231 committunt,
3105 1169 3204 1222 nisi
3232 1169 3332 1233 eis,
3355 1183 3491 1236 quos

1917 1256 2093 1310 sciunt
2123 1257 2362 1311 cmlestia
2389 1257 2634 1325 diligere,
2655 1272 2774 1326 qua:
2801 1257 3105 1324 loquuntur.
3138 1256 3338 1322 Quibus
3371 1273 3492 1311 ver-

1915 1346 1999 1400 bis
2039 1347 2392 1415 simpliciores
2440 1347 2507 1401 ad
2536 1347 2767 1400 litteram
2811 1346 3130 1400 admonendi
3167 1355 3310 1410 sunt,
3341 1351 3401 1398 ut
3435 1345 3490 1400 in

1917 1436 2032 1489 viro
2060 1435 2155 1490 Dei
2193 1437 2510 1504 pravitatem
2538 1436 2774 1489 avaritiae
2803 1435 3061 1503 suspicari
3100 1450 3205 1488 non
3236 1435 3488 1497 audeant,

1915 1540 2014 1593 per
2043 1525 2148 1578 hoc
2171 1525 2313 1594 quod
2341 1525 2533 1579 dicitur
2562 1541 2577 1578 :
2614 1524 2683 1579 Ut
2709 1525 2885 1579 demus
2911 1525 3104 1579 homini
3135 1523 3252 1586 Dei,
3277 1533 3326 1577 et
3353 1523 3490 1576 iudi-

1917 1623 1994 1666 cet
2037 1613 2181 1667 nobis
2223 1614 2287 1667 de
2313 1615 2395 1668 via
2431 1623 2630 1668 nostra.
2675 1613 2804 1667 Nam
2855 1614 2900 1668 si
2946 1613 3206 1682 propheta
3245 1614 3514 1667 venalem.

1915 1718 2218 1757 sermonem
2249 1704 2492 1769 haberet,
2527 1704 2687 1758 homo
2731 1703 2824 1758 Dei
2874 1719 2979 1758 non
3016 1712 3200 1779 esset,
3239 1712 3293 1758 et
3323 1705 3488 1773 ipsius

235 1811 362 1864 pars
391 1795 600 1847 staleris
628 1792 856 1860 argenti,
904 1790 1081 1844 demus
1128 1790 1320 1843 homini
1365 1789 1483 1855 Dei,
1533 1800 1582 1842 et
1626 1792 1817 1844 indicet
1846 1791 1897 1850 Β
1923 1793 2213 1861 prephetisc
2248 1793 2491 1859 spiritum
2537 1792 2733 1846 habere
2763 1807 3094 1861 nequaquam
3135 1801 3336 1860 posset.
3380 1792 3490 1846 lloc

233 1882 387 1936 nobis
413 1883 476 1934 de
497 1882 576 1934 ria
602 1889 797 1934 nostra.

309 1974 403 2027 27.
433 1973 597 2041 Quasi
635 1987 768 2042 puer
793 1972 932 2025 bona
963 1972 1199 2041 loquitur
1226 1987 1414 2026 sensus
1443 1971 1600 2026 electi
1647 1972 1820 2026 homi-

231 2063 344 2125 nis,
375 2060 594 2130 quando
623 2062 688 2114 ad
720 2061 1045 2128 loquendum
1077 2061 1387 2129 impellitur,
1431 2072 1560 2115 nutu
1589 2061 1819 2129 Spiritus

229 2153 434 2206 Sancti.
465 2150 602 2217 Quid
624 2159 706 2206 est
735 2150 1040 2219 ergo,quod
1068 2151 1226 2204 dicit:
1249 2149 1464 2204 Inventa
1485 2161 1563 2205 est
1589 2153 1640 2205 in
1664 2169 1817 2205 manu

229 2255 354 2293 mea
381 2248 569 2310 quarta
597 2254 718 2306 pars
761 2239 968 2290 staleris
997 2238 1232 2306 argenti?
1275 2237 1401 2303 Quae
1437 2247 1519 2291 est
1564 2239 1662 2292 ista
1693 2255 1819 2307 pars

227 2329 460 2382 stateris
506 2328 754 2395 argenti?
796 2325 902 2380 Sed
944 2327 1066 2394 quia
1123 2327 1332 2395 argenti
1380 2328 1597 2381 nomine
1640 2327 1816 2381 divina

227 2418 453 2485 eloquia
485 2417 850 2484 designantur,
882 2425 1161 2484 argentum
1210 2417 1264 2470 in
1313 2432 1473 2470 manu
1502 2417 1685 2486 pueri,
1735 2428 1818 2471 est

229 2520 420 2559 ceram
447 2505 664 2558 divinus
693 2505 746 2558 in
778 2505 975 2558 virtute
1002 2505 1228 2558 sciendi.
1259 2503 1573 2561 Sermonem
1603 2508 1816 2576 quidem

229 2593 384 2647 aliud
415 2601 502 2648 est
531 2608 690 2662 posse
716 2593 914 2658 dicere,
947 2593 1088 2646 aliud
1118 2602 1200 2647 est
1225 2609 1383 2663 posse
1427 2596 1645 2649 sentire.
1685 2596 1816 2649 Nam

231 2683 421 2737 divina
450 2683 664 2751 eloquia
694 2684 854 2737 etiam
881 2683 1094 2752 reprobi
1123 2685 1466 2754 eloquuntur,
1495 2686 1693 2739 sentire
1722 2701 1817 2740 au-

232 2781 342 2827 tem
369 2772 476 2827 nisi
501 2773 655 2826 electi
679 2782 702 2809 ³
726 2787 831 2826 non
855 2781 1095 2841 possunt.
1119 2773 1359 2827 Sentitur
1383 2775 1581 2828 etenim
1612 2789 1672 2827 ea
1705 2790 1815 2841 res,

231 2863 390 2932 cujus
434 2863 608 2917 virtus
637 2874 962 2931 agnoscutur.
1007 2864 1138 2918 Nam
1167 2875 1222 2918 et
1257 2867 1387 2933 aegri
1433 2856 1608 2934 pisces
1637 2881 1818 2921 come-

231 2955 402 3018 dunt,
451 2954 550 3009 sed
600 2954 679 3008 vis
713 2954 1040 3021 aegritudinis
1076 2956 1216 3010 tollit
1261 2957 1340 3012 eis
1387 2958 1814 3026 experimentum

231 3047 479 3113 saperis:
503 3052 561 3097 ut
589 3043 732 3110 quod
759 3043 1006 3097 videntur
1033 3043 1336 3110 comedere,
1355 3046 1740 3114 prohibeantur
1764 3056 1818 3102 et

1920 1893 2050 1947 ergo
2079 1894 2198 1932 cum
2237 1879 2450 1944 dicitur,
2503 1895 2612 1933 non
2661 1888 2999 1949 exponuntur
3041 1895 3218 1933 mores
3261 1881 3496 1936 hominis

1921 1969 2050 2029 Dei.
2098 1969 2192 2023 sed
2243 1969 2459 2024 devotio
2487 1970 2826 2026 aCCEdt'llllS:
2860 1972 2983 2038 quia
3032 1973 3084 2024 in
3128 1984 3316 2037 magna
3369 1987 3488 2023 eum

1921 2057 2048 2112 Saul
2081 2059 2310 2112 habebat
2338 2060 2716 2126 veneratione,
2746 2059 2797 2111 in
2827 2059 2976 2126 cujus
3003 2068 3292 2127 conspectu
3322 2074 3490 2126 appa-

1919 2164 2039 2202 rere
2061 2165 2259 2204 vat-uus
2285 2148 2652 2204 erubescebat.
2678 2149 2744 2203 Et
2776 2151 2899 2218 quia
2924 2149 2987 2202 ad
3012 2149 3248 2217 ejusdem
3269 2150 3365 2202 viri
3398 2149 3488 2204 Dei

1919 2240 2322 2293 venerationem
2356 2255 2451 2296 eos
2478 2240 2618 2293 fama
2648 2239 2872 2293 celebris
2905 2239 3179 2302 invitabat,
3211 2239 3486 2308 aljuugit:

1993 2327 2166 2396 (Vers.
2196 2327 2274 2396 9.)
2311 2327 2601 2382 Vocabatur
2621 2331 2755 2382 enim
2792 2327 3001 2382 Videas.

1989 2418 2076 2472 ‘28.
2104 2417 2299 2473 Vocari
2331 2419 2556 2482 etenim,
2593 2427 2677 2472 est
2721 2419 2930 2486 publica
2960 2418 3218 2472 relatione
3245 2417 3370 2471 dici.
3403 2417 3489 2469 Vi-

1917 2509 2050 2563 dens
2077 2521 2256 2564 an'em
2285 2517 2368 2562 est
2395 2510 2485 2578 qui
2512 2509 2721 2563 interna
2747 2510 2907 2563 etiam
2931 2510 3166 2578 respicit,
3195 2522 3312 2576 qua:
3339 2521 3496 2561 mens-

1917 2600 2208 2653 carnalium
2240 2615 2346 2653 non
2391 2598 2636 2652 attendit.
2681 2597 2832 2654 Unde
2860 2606 2915 2652 et
2950 2599 3016 2652 de
3055 2599 3253 2653 sanctis
3280 2597 3487 2650 anima-

1918 2690 2056 2745 libus
2084 2689 2315 2744 dicitur:
2347 2688 2413 2742 In
2437 2689 2651 2742 circuiiu
2695 2701 2742 2741 et
2779 2688 2915 2742 intus
2944 2688 3096 2755 plena
3119 2697 3265 2741 erant
3304 2686 3492 2741 oculis.

1918 2780 2018 2846 Qui
2047 2781 2100 2834 in
2125 2779 2478 2834 exterioribus
2503 2779 2892 2848 circumspecti,
2924 2786 2980 2834 et
3007 2777 3323 2830 intrinsecus
3350 2789 3482 2845 pro-

1917 2869 2023 2924 vidi
2050 2877 2195 2924 sunt.
2232 2869 2350 2935 Quo
2384 2877 2571 2923 contra
2611 2868 2902 2923 carnalium
2923 2867 3203 2922 doctorum
3222 2881 3484 2935 praesum-

1917 2961 2157 3030 ptionem
2180 2961 2232 3014 in
2261 2959 2548 3027 Evangelia
2573 2958 2824 3014 Dominus
2849 2971 3098 3026 arguens,
3117 2958 3220 3011 ait:
3246 2957 3306 3010 Si
3329 2971 3491 3009 camus

1919 3067 2053 3105 cwco
2078 3050 2318 3102 ducatum
2338 3058 2565 3119 prwstat,
2588 3050 2736 3102 ambo
2758 3049 2810 3101 in
2835 3051 3031 3119 foveant
3058 3048 3250 3100 cadunt
3274 3045 3491 3117 (Matth.

231 3136 463 3188 sentire.
518 3133 607 3187 Sic
631 3134 708 3188 sic
734 3133 982 3186 nimirum
1012 3134 1256 3188 carnales
1278 3135 1473 3204 quique
1501 3135 1625 3189 dum
1656 3137 1818 3211 coale-
1847 3131 1894 3194 C
1928 3157 2014 3205 xv,
2047 3140 2168 3209 ﬂ).
2207 3141 2399 3194 \idens
2439 3141 2600 3195 etiam
2646 3139 2858 3204 dicitur,
2910 3139 2997 3193 cui
3044 3145 3247 3192 remota
3298 3145 3352 3189 et
3398 3137 3494 3190 ab-

231 3225 338 3278 stia
388 3224 706 3291 loquuntur,
734 3238 853 3292 qua:
883 3238 986 3278 non
1028 3223 1281 3291 diligunt,
1315 3225 1458 3279 velut
1498 3226 1624 3294 :egri
1662 3226 1821 3280 rebus

232 3320 489 3377 utuntur,
537 3326 671 3380 quas
715 3312 919 3366 sentire
957 3313 1330 3382 prohibentur.
1381 3312 1437 3366 In
1483 3329 1644 3367 manu
1690 3330 1819 3384 ergo

233 3401 390 3469 pueri
430 3407 710 3470 argentum
757 3400 1041 3464 invenitur,
1090 3401 1305 3469 quando
1358 3415 1454 3469 per
1505 3401 1820 3456 humilitatis

235 3489 493 3540 meritum
522 3491 690 3541 sancti
721 3488 838 3550 viri,
871 3487 1110 3542 cmlestia
1139 3503 1260 3556 quae
1290 3489 1595 3555 loquuntur,
1631 3489 1682 3542 in
1715 3506 1820 3544 tua-

234 3596 345 3650 gno
366 3580 561 3634 aﬁectu
586 3581 858 3634 eharitatis
879 3581 1183 3650 excipiunt:
1212 3589 1270 3634 ut
1291 3580 1443 3634 valde
1469 3581 1625 3635 dulce
1649 3582 1718 3634 sit
1743 3583 1821 3635 eis

234 3684 476 3740 superna
506 3670 722 3736 dicere,
771 3685 836 3723 eo
864 3670 1008 3738 quod
1038 3670 1286 3734 dulciter,
1327 3685 1391 3724 ae
1430 3671 1586 3725 valde
1614 3672 1821 3728 dulcius

234 3776 334 3831 per
365 3775 610 3814 amorem
650 3769 976 3814 saturantur.
1021 3758 1171 3815 Unde
1199 3762 1358 3814 etiam
1405 3764 1661 3830 scriptum
1688 3772 1772 3818 est
1803 3782 1816 3816 :

235 3846 413 3900 Edent
437 3863 714 3916 pauperes,
740 3856 791 3900 et
821 3847 1186 3902 saturabuntur
1209 3847 1378 3918 (Psal.
1399 3865 1510 3913 xm,
1539 3849 1652 3920 27).
1685 3852 1818 3916 Quia

235 3941 381 3992 enim
408 3939 562 3993 cibus
586 3940 777 3992 anima:
805 3946 890 3993 est
908 3955 1084 3994 sermo
1117 3939 1208 3994 Dei
1235 3959 1246 3992 :
1281 3955 1544 4009 pauperes
1575 3942 1742 3995 edunt
1768 3951 1822 3995 et

235 4036 570 4091 saturantur,
597 4028 786 4082 divites
809 4028 1036 4082 saturari
1067 4044 1170 4082 non
1205 4041 1430 4098 possunt
1459 4049 1471 4084 :
1505 4031 1632 4098 quia
1662 4031 1819 4084 nimi-

236 4132 356 4170 rum
383 4117 547 4171 electi
578 4117 706 4182 viri,
755 4120 908 4188 207
940 4119 1031 4187 qui
1057 4133 1288 4188 superna
1318 4120 1579 4186 diligunt,
1610 4121 1820 4190 quoties

237 4207 355 4261 b.i-e
385 4207 631 4270 audiunt,
663 4210 726 4260 al
759 4207 872 4262 lucc
904 4208 1192 4262 ferventius
1221 4209 1579 4273 incalescunt;
1604 4209 1818 4279 reprobi

236 4312 475 4366 superna
514 4297 825 4364 loquuntur,
873 4305 927 4352 et
952 4298 1198 4362 audiunt,
1231 4314 1351 4367 qua:
1390 4299 1440 4352 in
1472 4299 1613 4352 nulla
1639 4298 1821 4353 dulce-

238 4389 392 4452 dine,
425 4389 493 4442 ad
520 4389 711 4442 mentis
738 4404 850 4442 sua:
884 4389 1232 4443 refectionem
1273 4392 1588 4460 suscipiunt.
1619 4391 1820 4458 Quarta

1922 3229 2118 3294 sentia,
2149 3228 2430 3297 prmsentia
2471 3236 2613 3280 sunt.
2643 3226 2794 3292 Quod
2823 3227 3021 3280 sanctis
3057 3223 3496 3293 prtediea'orihus

1921 3319 2060 3373 bene
2085 3319 2359 3383 convenit,
2386 3317 2478 3385 qui
2502 3332 2598 3386 per
2629 3317 2987 3384 cognitionem
3019 3323 3166 3368 tanto
3206 3323 3332 3368 sunt
3359 3330 3496 3382 prae-

1923 3417 2104 3464 sentes
2132 3407 2492 3477 spiritalibus,
2523 3416 2724 3477 quanto
2766 3409 2816 3460 in
2859 3405 3210 3460 exterioribus
3242 3405 3496 3458 intentio-

1923 3516 2044 3554 nem
2072 3500 2232 3568 ﬁgerc
2253 3498 2622 3566 dedignantur.
2659 3498 2816 3552 Velut
2835 3499 2975 3552 enim
2996 3496 3204 3552 occulta
3231 3495 3494 3565 patentia,

1921 3599 1975 3644 et
2012 3575 2538 3656 remota'prtesentia
2586 3586 2812 3649 habent,
2847 3586 2937 3653 qui
2967 3600 3058 3649 ea,
3108 3598 3227 3652 qua:
3255 3582 3497 3636 carnales

1921 3678 2059 3732 seire
2083 3684 2373 3744 nequeunt,
2391 3688 2600 3743 semper
2625 3673 2942 3740 intelligunt.
2960 3671 3102 3724 Talis
3122 3685 3354 3737 namque
3377 3682 3499 3723 esse

1924 3773 2110 3834 pastor
2145 3771 2344 3816 sancta:
2391 3761 2644 3815 Ecclesiae
2690 3760 2848 3814 debet
2877 3777 2893 3810 :
2920 3759 3045 3826 quia
3075 3758 3126 3811 in
3157 3757 3240 3810 via
3269 3757 3498 3810 emlestis

1921 3854 2109 3922 patria:
2130 3853 2196 3905 ad
2226 3849 2567 3919 prtebendum
2598 3848 2773 3902 lumen
2796 3847 3020 3901 subditis
3045 3845 3367 3898 constitutus
3390 3851 3494 3897 est.

1923 3945 2148 4012 Semper
2173 3957 2300 4010 ergo
2330 3947 2546 4010 spargat
2570 3938 2748 3994 radios
2769 3937 2934 4004 lucis,
2963 3943 3021 3988 ut
3049 3935 3232 3989 lideles
3270 3932 3498 4001 subjecti

1919 4049 1990 4086 ex
2021 4030 2424 4086 illuminationis
2453 4044 2563 4083 sua:
2591 4025 2947 4097 experientia,
2975 4025 3108 4080 alios
3136 4024 3202 4078 ad
3231 4024 3500 4078 illumina-

1925 4125 2125 4177 tionem
2158 4122 2390 4174 trahant.
2420 4119 2696 4185 Sequitur,
2724 4125 2778 4170 ct
2803 4116 2929 4170 dicit
2963 4133 2975 4168 :

1996 4212 2172 4280 (Vers.
2199 4210 2276 4278 9.)
2309 4209 2448 4263 Olim
2476 4209 2550 4262 sic
2570 4205 2866 4277 loquebatur
2887 4205 2942 4257 in
2972 4203 3140 4257 Israel
3157 4204 3500 4273 unusquisque

1923 4301 2114 4358 vadens
2138 4298 2401 4352 consulere
2431 4295 2594 4349 Deum
2619 4311 2636 4347 :
2675 4293 2874 4360 Venite,
2900 4309 3075 4346 eamus
3103 4291 3176 4344 ad
3210 4291 3496 4344 Videntem.

1993 4390 2080 4444 9.9.
2115 4389 2393 4442 Dominum
2425 4386 2561 4439 imus
2590 4385 2893 4446 consulere,
2924 4382 3136 4450 quando
3167 4381 3231 4434 ad
3262 4379 3500 4434 eruditos

238 4493 370 4534 vero
398 4493 528 4548 pars
557 4479 774 4532 stateris
801 4480 1008 4548 argenti
1032 4480 1245 4544 dicitur,
1280 4496 1375 4548 pro
1405 4481 1666 4549 qualitate
1696 4489 1822 4534 tem-
1851 4503 1901 4560 D
1927 4478 2306 4549 pnedicatorcs
2330 4475 2617 4543 pergimus,
2666 4481 2722 4526 ut
2766 4472 2952 4525 salutis
2994 4479 3187 4524 nostra:
3217 4467 3498 4523 consilium

238 4569 410 4637 poris.
442 4568 578 4622 Nam
609 4578 667 4622 ut
693 4569 825 4624 alias
871 4579 1048 4638 partes
1085 4571 1242 4638 hujus
1269 4572 1482 4626 staleris
1511 4573 1816 4636 videamus,

239 4659 552 4726 prephetaa,
597 4659 858 4726 apostoli,
907 4667 1170 4729 martyres
1216 4660 1455 4714 intuendi
1502 4671 1645 4715 sunt.
1687 4661 1818 4727 Quia

240 4749 388 4802 enim
427 4763 532 4818 pro
557 4749 818 4817 qualitate
870 4751 1141 4818 temporis,
1187 4751 1407 4819 singulis
1437 4753 1713 4808 ordinibus
1740 4753 1822 4808 di-

241 4840 474 4894 stributa
518 4847 605 4894 est
655 4839 924 4893 sonorilas
963 4840 1386 4908 praedicationis,
1437 4843 1584 4896 velut
1627 4845 1820 4912 singuli

242 4935 490 4995 quartam
521 4935 730 4996 partem
757 4927 970 4981 staleris
995 4928 1253 4982 habuere.
1278 4928 1531 4994 Quartam
1549 4943 1678 4998 ergo
1706 4947 1822 5000 par-

246 5023 357 5070 tem
385 5017 607 5070 stateris
635 5016 714 5070 illi
739 5016 1098 5072 exbibuerunt
1115 5057 1131 5086 ,
1158 5034 1283 5073 cum
1308 5020 1602 5089 Synagogw
1631 5021 1822 5074 adven-

244 5112 358 5157 tum
373 5101 753 5173 Redemptoris
769 5106 1163 5173 promitterent.
1178 5107 1419 5176 Apostoli
1444 5116 1647 5176 partem
1667 5123 1819 5162 suam

245 5196 536 5257 dederunt,
561 5210 691 5249 cum.
707 5193 902 5251 Judazis
923 5195 1168 5267 eum,qui
1190 5213 1481 5267 promissus
1503 5199 1690 5264 fuerat,
1711 5199 1820 5268 jam

243 5286 463 5339 venisse
500 5285 882 5354 praedicarent.
925 5287 1186 5359 Martyres
1225 5289 1386 5343 etiam
1428 5298 1636 5358 partem
1670 5305 1820 5344 suam

247 5375 575 5437 tribuerunt,
614 5391 738 5431 eum
767 5377 1007 5432 inﬁdeles
1035 5378 1099 5432 ad
1129 5378 1286 5434 ﬁdem
1318 5377 1690 5448 Redemptoris
1730 5381 1821 5434 ad-

247 5464 528 5520 ducerent.
547 5465 747 5532 Quarta
766 5482 894 5536 ergo
918 5483 1041 5536 pars
1061 5468 1274 5523 staleris
1294 5469 1610 5523 remansisse
1625 5482 1824 5537 cogno-

247 5556 458 5609 scitur:
489 5558 617 5624 quia
647 5572 742 5625 per
779 5558 1061 5628 episcopos
1096 5567 1151 5612 et
1196 5557 1446 5613 doctores
1479 5567 1676 5614 sancue
1715 5557 1819 5614 Ec-

323 5715 347 5741 ·
379 5707 542 5764 Deest
575 5707 784 5778 negatio
814 5708 867 5764 in
894 5709 1055 5765 Gilot.
1089 5716 1143 5765 et
1171 5709 1340 5764 Vatic.

1926 4569 2280 4625 inveniamus.
2302 4565 2409 4620 Sed
2425 4565 2548 4634 quia
2571 4564 2729 4619 modo
2753 4570 2858 4616 tam
2880 4560 3238 4630 perfectorum
3261 4560 3496 4614 virorum

1925 4659 2116 4714 raritas
2141 4664 2252 4722 est,
2284 4655 2410 4710 dum
2454 4654 2796 4722 antiquorum
2825 4659 3124 4719 temporum
3151 4649 3338 4702 ﬁorem
3365 4647 3497 4700 reli-

1924 4749 2096 4817 gionis
2124 4746 2479 4808 attendimus,
2528 4743 2796 4797 deiectum
2838 4742 2956 4809 ejus
2982 4741 3140 4809 208
3165 4737 3216 4790 in
3248 4735 3497 4806 praesenti

1925 4848 2168 4908 tempore
2212 4834 2522 4890 deﬂeamus.
2553 4833 2628 4886 De
2674 4831 2885 4885 miseria
2928 4829 3202 4898 praesentis
3240 4826 3498 4895 temporis

1926 4937 1980 4983 et
2007 4927 2310 4982 calamitate
2331 4923 2660 4992 compuncti,
2686 4920 2871 4975 ﬂorem
2901 4919 3065 4988 elapsi
3090 4917 3344 4986 temporis
3371 4933 3496 4971 cum

1925 5016 2317 5086 pulchritudine
2338 5012 2638 5067 sanctitatis
2653 5010 2976 5064 emarcuisse
2995 5007 3342 5076 suspiremus.
3358 5006 3494 5060 Dum

1926 5121 2053 5174 ergo
2080 5115 2326 5178 pastores
2369 5103 2722 5158 Ecclesiarum
2764 5101 3029 5156 cernimus
3057 5099 3283 5153 terrenis
3330 5097 3498 5150 inhae-

1928 5214 2076 5264 rere,
2106 5198 2337 5252 labentia
2362 5209 2628 5264 qomrere,
2656 5193 2797 5246 nulla
2825 5190 3076 5260 spiritalis
3100 5190 3222 5242 vitte
3270 5185 3496 5253 insignia

1929 5288 2190 5357 proferre,
2213 5287 2339 5340 dttm
2366 5285 2509 5339 nulla
2532 5284 2685 5338 nobis
2713 5283 3052 5352 pmlatorum
3079 5287 3380 5331 nostrorum
3405 5276 3499 5329 lux

1929 5377 2243 5441 infunditur,
2266 5377 2332 5430 ad
2361 5375 2601 5428 laborem
2626 5370 3050 5442 compunctionis
3077 5367 3186 5430 illa,
3213 5380 3331 5433 qua:
3361 5378 3498 5432 pne-

1929 5468 2124 5532 ieruut,
2151 5471 2528 5530 memorantes,
2560 5463 2836 5519 dicamus:
2865 5459 3002 5514 Olim
3029 5461 3104 5512 sic
3127 5453 3422 5527 loquebatur
3441 5452 3496 5505 in

1925 5555 2098 5613 Israel
2117 5556 2456 5627 unusquisque
2474 5556 2662 5610 vadens
2677 5553 2944 5608 consulere
2965 5548 3269 5605 Dominum:
3294 5544 3498 5608 Venite,
