3962 6272
505 496 555 546 iu
585 508 695 558 quo
724 498 807 545 est
838 491 995 544 Deus.
1020 490 1173 556 Quod
1201 498 1347 543 certe
1380 502 1573 541 nomen
1603 494 1803 539 sancta:
1826 482 2077 539 Ecclesia:

500 602 514 626 ι
533 581 883 634 οιιγεηὶειιιει·
910 588 1141 648 aptatur.
1173 577 1325 646 cujus
1357 576 1585 645 populus
1614 574 1831 628 dicitur.
1863 571 1995 625 Nam
2023 580 2077 626 et

500 672 553 725 in
584 671 872 739 Evangelio
901 671 1095 724 dicitur
1122 688 1136 722 :
1172 669 1306 722 Ecce
1333 685 1424 738 ego
1464 667 1723 720 uobiscum
1761 680 1877 718 sum
1920 678 2077 731 usque

500 763 571 814 ad
600 764 1085 816 consummationem
1113 762 1290 815 steculi
1332 759 1556 832 (Matth.
1589 774 1777 821 xxvni,
1805 756 1913 825 ευ).
1947 754 2077 818 Qua:

502 853 772 915 nimirum,
801 852 925 919 quia
955 852 1006 904 in
1035 851 1201 920 priori
1232 859 1472 918 tempore
1500 856 1744 918 pastores
1764 846 1943 899 habuit
1967 844 2078 912 spi-

501 941 645 995 ritali
673 942 1085 995 conversatione
1114 940 1366 1003 ﬂoridos,
1413 953 1603 1006 magna
1643 938 1867 991 scientia
1895 936 2076 989 erudi-

500 1040 615 1095 ιος,
639 1031 730 1099 qui
760 1044 955 1097 magno
984 1030 1241 1099 despectu
1273 1038 1484 1082 terrena
1510 1025 1930 1095 vilipendercnt,
1969 1039 2077 1077 cm-

503 1119 655 1172 lestia
701 1119 1003 1187 cogitarent
1034 1136 1046 1170 :
1076 1119 1142 1170 ad
1185 1118 1400 1178 lumen,
1452 1114 1594 1183 quod
1644 1115 1697 1166 in
1742 1114 1821 1167 eis
1863 1112 2079 1165 videbat

502 1210 760 1280 populus,
809 1223 868 1263 se
898 1208 1123 1261 invicem
1164 1206 1439 1259 exhortari
1485 1211 1761 1273 poterant,
1793 1202 2073 1255 dicentes:

500 1302 693 1352 Eamus
716 1300 786 1350 ad
818 1297 1098 1351 Videntem.
1125 1295 1180 1349 Si
1202 1309 1330 1362 ergo
1352 1294 1583 1347 eundum
1607 1299 1689 1346 est
1726 1290 1794 1344 ad
1814 1290 2073 1353 videntes,

500 1400 698 1459 pariter
736 1399 821 1443 est
869 1388 1237 1441 divertendum
1268 1402 1297 1438 a
1327 1387 1481 1440 cmcis
1513 1402 1523 1437 :
1557 1385 1680 1451 quia
1724 1383 2074 1451 reproborum

498 1478 839 1546 pnelatorum
869 1475 1116 1542 exempla
1163 1489 1271 1527 non
1299 1473 1559 1527 debemus
1597 1471 1821 1534 imitari,
1866 1470 1960 1525 sed
1991 1468 2073 1522 fu-

497 1582 624 1635 gere
655 1585 668 1619 :
702 1569 769 1619 ab
797 1568 873 1620 eis
903 1574 1105 1629 autem,
1131 1566 1221 1633 qui
1252 1564 1674 1618 conversationis
1704 1564 1893 1615 merito
1920 1562 2076 1631 spiri-

499 1657 659 1710 tualia
688 1665 1053 1724 cognoscunt,
1092 1670 1306 1723 semper
1331 1653 1700 1707 mdilicalionis
1726 1660 1924 1705 nostra:
1952 1666 2074 1704 eru-

1652 263 1891 319 S.\NCT|
1934 260 2254 316 GRECORH
2298 262 2339 315 Μ
2361 262 2503 315 \CN‘I
3634 264 3725 315 illi

2178 463 2402 531 appetit,
2431 463 2577 531 prius
2603 462 2844 514 viliorem
2876 459 3111 514 colorem
3141 462 3352 516 sternit.
3382 462 3477 528 Qui
3511 477 3631 529 ergo
3652 464 3725 530 jus

2176 554 2357 607 dicare
2383 552 2450 606 de
2482 552 2671 621 peritia
2705 550 2966 604 artificum
2992 551 3128 615 vult,
3158 567 3262 603 non
3294 552 3535 605 inchoata
3561 568 3725 606 eorum

2179 659 2364 714 opera,
2398 643 2491 697 sed
2520 643 2755 711 perfecta
2782 641 3055 711 respiciat.
3102 640 3311 695 Clivum
3357 656 3481 709 ergo
3519 644 3727 699 civitatis

2176 731 2449 795 ascendat,
2474 732 2639 799 utqui
2670 731 2909 784 invenire
2938 733 3143 798 appetit
3174 729 3725 798 Videntent,reperiat.

2176 821 2355 874 Clivus
2383 820 2524 873 enim
2568 819 2778 872 iniimus
2817 827 2871 872 et
2917 818 3163 872 defossus
3211 817 3363 871 locus
3406 826 3503 871 est.
3551 818 3603 870 ln
3641 834 3731 886 qua

2178 911 2424 963 nimirum
2452 919 2604 979 parte
2629 909 2862 963 civitatis
2892 909 2967 961 illi
3018 909 3329 975 signantur,
3383 908 3473 976 qui
3503 907 3666 961 adhuc
3691 909 3734 960 in

2176 1001 2418 1054 altiorem
2454 1002 2914 1054 conversationem
2962 1000 3183 1053 minime
3221 999 3518 1067 profecere.
3547 1000 3735 1053 Clivutu

2177 1103 2304 1157 ergo
2343 1089 2699 1152 ascendimus,
2732 1105 2851 1144 cum
2875 1087 3147 1157 planitiem
3179 1086 3512 1142 inﬁrmorum
3536 1088 3730 1142 audito-

2178 1197 2296 1232 rum
2325 1180 2389 1233 ad
2415 1181 2719 1248 exemplum
2754 1180 2906 1233 nobis
2937 1194 3238 1248 proponere
3269 1180 3519 1233 vitamus.

2247 1268 2333 1321 δὲ.
2386 1267 2451 1321 Ει
2505 1277 2631 1323 tunc
2668 1269 2882 1336 quidem
2924 1268 3127 1336 puellas
3172 1268 3506 1337 egredientes
3530 1268 3595 1320 ad
3624 1269 3745 1322 hau-

2177 1357 2419 1410 ricndam
2482 1372 2673 1425 aquam
2738 1356 3038 1409 invenimus
3088 1375 3101 1408 :
3143 1357 3269 1424 quia
3317 1357 3741 1424 pulchritudinem

2178 1456 2489 1501 sanctarum
2521 1448 2777 1500 mentium
2811 1447 2862 1499 in
2895 1446 3200 1515 perfectiori
3233 1448 3638 1501 conversatione
3668 1463 3742 1499 re.

2178 1537 2451 1605 spicimus.
2484 1535 2684 1589 Puellae
2710 1536 2923 1603 quidem
2952 1544 3075 1588 sttnt
3104 1544 3313 1588 mentes
3339 1538 3641 1599 electorum,
3673 1537 3743 1587 it.-

2180 1638 2340 1694 tcgra:
2370 1642 2463 1693 per
2491 1627 2875 1693 innocentiam,
2902 1625 3115 1680 decora:
3145 1642 3239 1694 per
3266 1643 3298 1679 v
3322 1634 3518 1680 rlutmn
3543 1628 3737 1680 clarita-

498 1715 1157 1817 ditionemvpostulareJSt
1177 1715 1301 1815 quia
1322 1745 1424 1800 hoc
1438 1760 1543 1798 non
1570 1744 1671 1799 nisi
1696 1744 1792 1797 viri
1814 1743 2077 1813 spiritalis
2113 1733 2154 1789 Β
2183 1726 2309 1769 lem“
2353 1715 2418 1768 Et
2448 1716 2665 1817 q"ia_i_"
2695 1716 2973 1817 Ῠθθτθιίθτί
3000 1716 3108 1817 γίίῆ
3132 1716 3576 1817 Ῑξωθίπίίξωίίκω
3604 1732 3737 1769 sum"

499 1838 721 1905 faciunt,
751 1838 993 1905 sequitur
1019 1854 1032 1888 :

568 1929 745 1999 (Vers.
774 1928 841 1981 10
868 1928 886 1998 )
915 1927 984 1980 Et
1010 1928 1142 1981 dixit
1163 1926 1295 1981 Saul
1315 1926 1383 1979 ad
1407 1942 1617 1995 puerum
1637 1941 1813 1978 suum:
1839 1923 2075 1994 Optimus

501 2039 663 2077 sermo
692 2034 837 2086 tuus;
876 2024 1009 2086 veni,
1042 2038 1237 2075 eamus.

568 2112 658 2166 '50.
691 2110 936 2182 Opt‘mus
965 2127 1144 2166 sermo
1183 2119 1285 2174 est,
1318 2124 1426 2178 quo
1456 2108 1645 2162 melior
1671 2104 1845 2160 audiri
1873 2118 2077 2171 nequa-

497 2217 655 2270 quam
687 2210 883 2271 potest.
917 2202 1139 2268 Quoties
1166 2200 1317 2254 nobis
1344 2212 1473 2266 ergo
1502 2198 1693 2251 salutis
1720 2205 1913 2250 nostra:
1939 2209 2075 2249 con-

498 2292 613 2345 silia
642 2291 955 2359 spiritaliter
995 2298 1374 2358 suggeruntur,
1408 2290 1552 2341 intus
1592 2287 1747 2340 nobis
1774 2300 1951 2340 sermo
1996 2284 2075 2351 fit,

501 2394 606 2446 quo
628 2380 820 2433 melior
840 2379 1067 2432 inveniri
1090 2393 1197 2431 non
1228 2377 1414 2445 possit.
1439 2375 1596 2429 Pueri
1621 2389 1750 2442 ergo
1770 2388 2075 2427 sermonem

502 2468 804 2531 laudamus,
830 2469 1043 2535 quoties
1086 2467 1238 2521 nobis
1266 2468 1316 2519 in
1358 2465 1651 2533 spiritualis
1683 2479 1873 2517 sensus
1910 2463 2077 2515 nostri

502 2555 780 2626 proposito
809 2555 1226 2624 romplaccmus.
1262 2551 1325 2605 Et
1349 2567 1468 2606 cum
1490 2566 1556 2604 eo
1587 2552 1667 2604 ire
1695 2550 1895 2618 promit
1919 2550 2077 2613 imus,

500 2645 713 2715 quando
738 2645 1098 2714 spiritualibns
1120 2643 1535 2711 cogitationibus
1554 2642 1934 2694 consentimus.
1966 2639 2075 2693 Sed

499 2736 621 2804 quia
655 2745 779 2789 tunc
826 2737 1097 2789 fructuosa
1145 2745 1228 2789 est
1273 2735 1415 2788 bona
1451 2733 1733 2800 cogitatio,
1779 2733 1994 2801 quando
2024 2731 2077 2787 in

500 2826 813 2895 operatione
840 2825 1134 2896 perﬁcitur,
1163 2826 1437 2893 sequitur:

570 2915 747 2985 (Vers.
780 2915 863 2979 lo,
900 2915 1010 2984 il.)
1034 2915 1102 2968 Et
1128 2926 1371 2969 venerunt
1388 2916 1441 2967 in
1458 2915 1733 2978 civitatem,
1756 2914 1811 2965 in
1839 2927 1941 2981 qua
1966 2920 2080 2965 erat

495 3006 577 3061 vir
606 3005 702 3059 Dei
735 3023 753 3060 :
783 3005 1007 3075 Cumque
1028 3006 1361 3059 ascendet-ent
1387 3005 1571 3058 clivum
1601 3003 1840 3063 civitatis,
1869 3004 2078 3056 invene-

2177 1822 2521 1872 conservant,
2550 1810 2715 1863 videri
2740 1820 3028 1877 nequeunt,
3058 1811 3157 1863 nisi
3181 1827 3302 1863 cum
3326 1811 3392 1864 ad
3416 1813 3740 1868 hauriendam

2177 1914 2369 1967 aquam
2400 1900 2769 1966 egrediuntur.
2806 1899 2998 1954 Puel’a:
3029 1916 3222 1969 aquam
3248 1902 3523 1965 hauriunt,
3549 1904 3743 1969 quando

2177 1988 2361 2039 electae
2407 1988 2599 2040 anima:
2640 2002 2705 2041 ex
2750 1986 3011 2056 profundo
3052 1989 3238 2043 dolore
3281 1993 3554 2059 pr:esentis
3590 1994 3741 2047 exsilii

2179 2075 2375 2129 ﬂurnta
2408 2076 2762 2147 lacrymarnm
2793 2075 3037 2131 fundunt.
3068 2078 3295 2133 Haurire
3324 2081 3537 2149 quidem
3568 2098 3741 2149 aquam

2178 2166 2473 2219 dicuntum
2505 2168 2629 2234 quia
2661 2166 2785 2220 dum
2814 2182 2874 2221 se
2907 2168 3170 2237 projectas
3211 2172 3260 2223 in
3292 2170 3393 2224 bac
3424 2172 3559 2224 valle
3587 2173 3742 2242 lacry-

2178 2275 2386 2312 marnm
2417 2260 2662 2328 lugentes
2684 2269 3007 2326 memorant,
3034 2263 3189 2331 quasi
3218 2262 3284 2315 ad
3310 2262 3643 2331 profundum,
3673 2265 3742 2317 fu-

2185 2364 2306 2403 nem
2337 2351 2674 2418 cogitationis
2722 2353 2973 2415 mittunt,
3021 2368 3048 2407 a
3080 2367 3187 2421 quo
3217 2369 3337 2408 cum
3384 2354 3565 2408 libare
3593 2371 3741 2423 aquas

2180 2438 2543 2508 lacrymarnm
2570 2441 2807 2494 trahunt.
2840 2440 2990 2495 Tunc
3016 2443 3178 2495 etiam
3209 2458 3439 2510 egressae
3476 2444 3738 2498 vitientur:

2178 2530 2303 2596 quia
2344 2544 2462 2598 quae
2490 2532 2677 2600 quales
2702 2540 2827 2585 sunt
2863 2532 3006 2585 intus
3047 2533 3247 2597 latent,
3279 2542 3540 2602 apparent
3583 2545 3741 2591 tamen

2182 2621 2233 2676 iu
2261 2623 2465 2688 oculis;
2495 2632 2552 2676 et
2573 2632 2829 2692 quantum
2861 2623 3083 2692 diligant
3106 2624 3473 2691 Conditorem,
3505 2625 3739 2690 indicant,

2179 2726 2296 2780 quae
2326 2712 2377 2764 in
2405 2720 2553 2765 tanto
2575 2713 2758 2765 dolore.
2781 2714 3057 2781 praesentis
3078 2714 3258 2767 saeculi
3282 2715 3444 2767 vitam
3476 2708 3739 2768 sustinent.

2179 2799 2261 2854 Ab
2291 2802 2404 2856 istis
2430 2816 2558 2871 ergo
2586 2804 2930 2872 quaerendum
2962 2814 3044 2858 est
3076 2823 3089 2858 :
3126 2804 3223 2858 Ubi
3253 2815 3330 2859 est
3370 2805 3592 2859 Videns?
3619 2805 3738 2871 Quia

2181 2895 2331 2950 locus
2359 2897 2720 2965 perfecturum
2749 2908 2875 2954 tunc
2896 2900 3030 2955 bene
3052 2902 3422 2968 cognoscitur,
3452 2918 3571 2956 cum
3594 2902 3654 2955 ab
3674 2902 3741 2959 eis

2186 2986 2341 3039 nobis
2368 3003 2417 3041 ολ
2434 2986 2689 3053 tenditur,
2717 2990 2805 3058 qui
2830 3005 2924 3058 per
2945 2990 3240 3059 profectum
3270 2991 3395 3044 vitae
3423 3006 3604 3045 eorum
3626 3006 3744 3045 con-

502 3109 617 3151 runt
635 3096 833 3164 puellas
853 3074 1168 3167 egredientes
1190 3095 1259 3147 ad
1285 3095 1624 3147 hauriendam
1643 3101 1910 3165 aquam,et
1932 3093 2081 3145 dixe—
2108 3092 2151 3152 C
2183 3074 2477 3167 Ῠθτεθιίοηίγ
2501 3075 2662 3129 νίείηί
2693 3085 2834 3130 δυιηδ
2868 3076 2974 3131 δθά
3003 3078 3203 3132 habe“
3232 3079 3609 3147 βταὲδίθθίονθε
3642 3079 3743 3133 loca

500 3197 615 3243 runt
645 3190 713 3242 ad
741 3206 861 3242 eus:
887 3187 1138 3257 Nunquid
1160 3188 1243 3240 hic
1270 3195 1345 3240 est
1374 3186 1606 3239 Videtis?

573 3277 664 3332 3i.
695 3278 797 3342 Qui
827 3292 1001 3330 virum
1031 3275 1125 3329 Dei
1148 3282 1412 3342 quaerunt,
1444 3275 1496 3327 in
1521 3273 1795 3327 civitatem
1821 3270 2076 3324 veniunt:

501 3368 626 3435 quia
659 3367 977 3443 plerumque
1002 3364 1090 3427 lit,
1118 3372 1178 3416 ut
1201 3363 1309 3415 vita
1335 3373 1495 3431 atque
1521 3361 1762 3413 doctrina
1794 3358 1994 3427 prmlati
2027 3357 2079 3411 in

502 3455 834 3512 subditorum
876 3453 1286 3508 conversatione
1328 3452 1651 3518 requiratur.
1702 3448 1791 3533 Sic
1832 3448 2080 3501 nimirum

501 3554 557 3600 ct
582 3547 803 3600 arbores
831 3559 972 3612 stupe
1002 3544 1370 3611 requiruntur,
1401 3555 1625 3609 quarum
1656 3539 1861 3607 spicies
1893 3554 1997 3590 non
2029 3539 2079 3590 in

500 3637 678 3701 foliis,
727 3635 818 3690 sed
852 3635 904 3688 in
935 3633 1110 3687 fructu
1143 3632 1505 3687 inveniuntur.
1539 3629 1859 3698 Plerumque
1902 3637 2080 3681 autem

500 3728 720 3783 suborta
780 3725 976 3781 fruteta
1021 3731 1227 3794 magnis
1276 3723 1555 3778 arboribus
1598 3722 1977 3784 admiscentur,
2028 3729 2084 3773 et

500 3818 703 3874 fructus
728 3834 854 3872 suos
876 3831 1061 3871 earum
1085 3815 1357 3880 arborum,
1381 3812 1575 3882 quibus
1590 3819 1716 3865 sunt
1739 3810 1939 3874 mixtae,
1963 3824 2083 3863 esse

499 3909 849 3964 mentiuntur.
884 3908 985 3974 Qui
1015 3920 1144 3976 ergo
1174 3906 1404 3959 fructum
1432 3902 1739 3957 discernere
1783 3902 1913 3965 vult,
1938 3901 2082 3969 prius

500 3999 775 4052 discernat
801 4004 856 4051 et
878 4012 1058 4050 ramos
1087 4015 1099 4048 :
1124 4005 1185 4048 ut
1205 4011 1271 4049 ex
1301 4007 1406 4062 qua
1435 3993 1627 4046 arbore
1656 3992 1862 4046 fructus
1890 4006 2080 4059 prtice-

500 4086 618 4149 dat,
647 4095 924 4153 agnoscat.
957 4086 1048 4140 Sic
1086 4086 1165 4138 sic
1208 4085 1455 4137 nimirum
1486 4092 1567 4136 est
1594 4082 1645 4134 in
1675 4081 2084 4135 conversatione

500 4173 738 4228 ﬁdelium
767 4192 780 4229 ;
804 4174 929 4243 quia
952 4174 1004 4226 in
1027 4174 1196 4227 electa
1225 4173 1381 4240 plebe
1403 4172 1527 4225 boni
1551 4170 1932 4239 prmdicatoris,
1957 4170 2084 4222 dum

502 4265 683 4335 plures
708 4264 831 4316 ntali
861 4263 1079 4315 admixti
1112 4270 1273 4325 sunt,
1300 4262 1447 4314 velut
1478 4262 1615 4314 intra
1664 4261 1835 4313 bonas
1863 4258 2083 4313 arbores

502 4355 670 4423 spina:
698 4355 964 4408 oriuntur.
1006 4350 1355 4405 Conversatio
1385 4352 1562 4418 itaque
1590 4350 1744 4404 electi
1773 4350 2084 4418 prirdicato-

2183 3165 2412 3219 diversa.
2455 3166 2630 3221 Alium
2675 3169 2873 3237 quippe
2914 3168 3095 3223 locum
3126 3170 3327 3224 habent
3352 3186 3451 3239 pro
3479 3187 3554 3235 so,
3601 3171 3744 3224 :lium

2182 3271 2279 3324 pro
2323 3256 2547 3311 subditis
2589 3275 2602 3309 :
2643 3258 2766 3325 quia
2813 3258 3059 3312 nimirum
3105 3260 3157 3312 in
3200 3259 3391 3326 seipsis
3418 3261 3466 3313 in
3497 3261 3745 3314 altissima

2183 3347 2641 3415 contemplatione
2669 3357 2981 3409 morantur,
3029 3364 3129 3418 pro
3159 3349 3386 3402 subditis
3412 3350 3478 3403 ad
3505 3349 3744 3403 doctrina:

2183 3444 2418 3489 montem
2458 3436 2809 3491 descendunt.
2861 3436 2963 3492 Per
2992 3438 3503 3508 contemplationem
3532 3440 3673 3493 velut
3701 3441 3745 3493 in

2183 3524 2321 3579 coelo
2350 3532 2502 3589 sunt;
2549 3536 2603 3579 et
2630 3527 2753 3596 quia
2781 3527 2888 3580 alta
2916 3537 3040 3585 sunt
3068 3543 3188 3597 quae
3214 3528 3428 3592 docent,
3455 3539 3508 3582 et
3530 3529 3747 3583 descen-

2183 3615 2317 3668 dunt
2344 3631 2465 3669 cum
2498 3616 2731 3680 docent.
2783 3628 2838 3672 et
2877 3618 3124 3674 sub‘imia
3168 3620 3449 3688 loquentes
3489 3621 3539 3673 in
3566 3621 3671 3673 alto
3696 3634 3747 3674 se

2185 3706 2440 3759 retinent.
2505 3706 2861 3761 Perfecliores
2925 3708 3087 3776 igitur
3137 3710 3411 3763 auditores
3459 3709 3613 3764 vicini
3661 3722 3746 3761 suo

2184 3798 2380 3852 rectori
2410 3808 2554 3863 sunt,
2584 3815 2692 3855 non
2719 3816 2838 3855 cum
2869 3801 2919 3854 in
2950 3816 3158 3859 summa
3180 3803 3629 3871 contemplatione
3656 3810 3746 3866 est,

2183 3889 2279 3945 sed
2325 3890 2377 3943 in
2424 3890 2664 3945 inferiori
2714 3900 2897 3948 monte
2940 3892 3216 3947 doctrinae.
3266 3891 3445 3958 Quare
3480 3902 3532 3947 et
3570 3890 3745 3961 puella:

2184 3979 2573 4048 respondentes
2601 3981 2784 4036 dicunt
2809 3999 2822 4011 ·

2258 4090 2432 4161 (Vers.
2466 4090 2578 4162 12.)
2611 4091 2712 4145 llic
2737 4103 2842 4158 est,
2872 4107 2987 4147 ecce
3015 4101 3135 4146 ante
3161 4102 3209 4146 te
3231 4108 3250 4144 :
3283 4092 3436 4146 Itodie
3463 4093 3595 4145 enim
3624 4090 3747 4144 venit

2184 4183 2237 4235 in
2265 4183 2536 4236 civitatem.

2204 4287 2215 4304 ι
2256 4271 2346 4325 35.
2377 4271 2537 4337 Quasi
2561 4272 2741 4326 dicant
2765 4290 2779 4325 :
2812 4272 2937 4327 ldeo
2958 4274 3141 4327 locum
3169 4272 3287 4341 ejus
3306 4272 3540 4327 indicare
3569 4285 3747 4339 possu—

2186 4378 2325 4426 mus,
2372 4363 2496 4431 quia
2546 4362 2673 4416 illnc
2710 4363 2888 4427 venit,
2942 4363 3031 4417 ubi
3074 4378 3195 4417 eum
3225 4362 3407 4417 videre
3440 4361 3747 4415 solebamus.

501 4446 577 4501 ris
608 4460 714 4499 non
745 4450 828 4497 est
872 4441 1198 4512 exploranda
1230 4442 1282 4495 in
1328 4442 1577 4496 omnibus
1627 4441 1868 4504 subditis.
1904 4441 1998 4495 sed
2029 4442 2081 4494 in
2117 4461 2161 4518 υ
2185 4453 2317 4507 Nam
2348 4454 2391 4507 si
2422 4453 2475 4506 in
2506 4467 2615 4506 suae
2651 4452 2992 4506 sublimitatis
3021 4467 3146 4507 arce
3173 4451 3471 4515 resideret,
3517 4464 3635 4504 eum
3662 4446 3749 4500 tibi

498 4533 633 4589 solis
660 4534 865 4589 electis.
899 4532 1048 4588 Tunc
1070 4533 1283 4602 quidem
1305 4532 1448 4587 velut
1481 4547 1658 4586 ramos
1687 4534 1842 4587 bonae
1870 4534 2077 4588 arboris

499 4641 621 4681 cum
641 4623 967 4680 discretione
984 4624 1337 4691 secernimus,
1351 4622 1568 4695 quando
1590 4625 1641 4678 in
1668 4623 1824 4689 plebe
1841 4634 2078 4682 rectores

501 4716 624 4771 illos
670 4716 817 4771 velut
864 4716 1036 4771 electa
1072 4730 1231 4785 poma
1261 4716 1555 4781 imitamur,
1585 4716 1676 4782 qui
1722 4715 1961 4784 magistri
1996 4715 2078 4769 sui

502 4808 752 4878 exemplo
798 4807 1119 4877 proficiunt:
1151 4817 1206 4862 et
1243 4807 1362 4861 illos
1403 4806 1551 4861 velut
1594 4822 1785 4876 vepres
1828 4805 2072 4874 fugimus,

503 4898 595 4965 qui
622 4898 825 4966 antiqui
855 4898 1020 4952 hostis
1045 4898 1232 4952 fraude
1267 4898 1642 4967 reprobantur.
1688 4897 1831 4951 Bene
1856 4911 1984 4964 ergo
2014 4898 2079 4951 de

505 4987 653 5049 Sani,
684 4995 739 5040 et
765 4987 883 5055 ejus
922 5004 1091 5056 puero
1116 4989 1341 5042 dicitur:
1366 4989 1489 5055 quia
1520 4997 1785 5042 venerunt
1813 4989 1863 5042 in
1892 4989 2081 5042 civita-

506 5088 648 5140 tem,
687 5085 744 5130 et
779 5077 971 5131 clivum
1001 5077 1237 5146 ejusdem
1268 5078 1495 5133 civitatis
1534 5078 1926 5144 ascenderunt;
1957 5079 2081 5147 quia

508 5167 755 5222 nitnirum
779 5167 1034 5237 perfectio
1056 5176 1363 5223 sanctorum
1385 5169 1618 5222 virorum
1641 5184 1760 5223 Cllzn
1785 5169 1836 5221 in
1860 5169 2085 5224 subditis

506 5260 785 5329 quairitur,
810 5274 915 5313 non
947 5258 1255 5330 imperfecta
1286 5260 1523 5314 membra
1543 5300 1558 5328 ,
1589 5260 1681 5313 sed
1709 5259 1881 5314 electa
1921 5268 2083 5329 atque

508 5347 744 5420 perfecta
786 5348 1105 5419 requirenda
1158 5357 1301 5404 sunt.
1356 5348 1487 5402 Nam
1533 5358 1590 5403 et
1644 5348 1878 5403 artifices
1919 5364 2083 5419 opera

507 5454 605 5495 sua
645 5440 795 5509 prius
835 5442 1120 5506 inchoant,
1164 5440 1355 5494 deinde
1399 5449 1637 5495 comunt.
1696 5443 1855 5512 209
1905 5439 2084 5497 Pictor

581 5648 607 5679 ⁸
635 5638 797 5695 Gilot.
831 5649 884 5695 et
911 5640 1104 5709 Vatic.,
1137 5657 1225 5711 per
1255 5656 1447 5697 eorum.

2180 4560 2341 4600 nemo
2396 4544 2722 4599 Ostendvret.
2781 4544 2837 4597 In
2896 4545 3111 4598 civitate
3163 4545 3365 4598 etenim
3416 4545 3603 4598 ductor
3650 4548 3747 4600 est.

2179 4635 2393 4705 quando
2434 4650 2534 4704 per
2576 4636 2929 4689 mini~terium
2974 4636 3367 4705 prmdicationis
3428 4644 3661 4689 moratur
3704 4632 3750 4683 in

2183 4724 2487 4779 eruditione
2533 4725 2713 4793 populi
2757 4725 3001 4792 subjecti.
3053 4724 3112 4779 In
3162 4725 3382 4779 civitate
3429 4733 3512 4777 est
3552 4724 3749 4781 doctor,

2181 4815 2397 4882 quando
2444 4815 2699 4882 relinquit
2741 4816 2985 4885 prepria,
3038 4823 3097 4869 ut
3140 4815 3449 4869 communia
3496 4813 3751 4880 disponat.

2182 4902 2316 4968 Quia
2345 4903 2485 4956 enim
2510 4904 2631 4957 boni
2654 4903 3021 4971 praedii-amris
3048 4902 3232 4971 plebes
3258 4913 3283 4940 ⁸
3307 4917 3406 4971 per
3430 4903 3546 4968 ejus
3574 4900 3751 4953 exlior.

2191 4991 2448 5044 tationem
2491 4992 2707 5044 munitm
2748 5006 2812 5045 ac
2854 4991 3021 5046 fortes
3059 4998 3215 5054 sunt,
3262 4990 3476 5060 quando
3502 4991 3552 5043 in
3581 5002 3751 5043 eorum

2190 5080 2485 5134 ministerio
2514 5090 2770 5143 moratur.
2800 5081 2853 5134 in
2876 5081 3089 5135 civitate
3111 5095 3230 5135 esse
3252 5080 3611 5148 cognoscitur.
3634 5078 3750 5129 Item

2187 5171 2308 5240 quia
2338 5171 2389 5223 in
2416 5170 2669 5239 subjecta:
2691 5171 2861 5241 plebis
2882 5171 3220 5226 multitudine
3239 5172 3330 5225 alii
3352 5170 3639 5240 simplices,
3670 5165 3748 5219 alii

2187 5261 2456 5331 sapientes
2482 5269 2626 5326 sunt,
2657 5261 2846 5330 puella:
2873 5261 3200 5330 subjungunt
3225 5277 3239 5314 :

2262 5350 2437 5421 (Vera.
2468 5350 2553 5414 12,
2588 5350 2699 5421 15.)
2738 5349 2950 5404 Festina
2973 5366 3134 5418 nunc,
3166 5350 3316 5405 hodie
3344 5348 3479 5402 venit
3508 5351 3560 5401 in
3585 5345 3746 5397 ciuita-

2194 5450 2291 5495 tem
2339 5458 2353 5495 :
2407 5443 2526 5510 quia
2556 5442 2867 5508 sacriﬁcium
2905 5452 2979 5497 es!
3014 5440 3195 5511 populi
3230 5443 3282 5495 in
3312 5440 3535 5495 excelso.
3589 5435 3747 5502 lngre
