3962 6264
195 302 291 357 957

1016 303 1082 359 IN
1120 301 1376 359 PRIMUM
1417 302 1650 361 REGUM
1695 303 2203 359 EXPOSlT;ONES.
2246 337 2312 346 μ-
2357 307 2479 361 Ui).
2526 310 2610 364 IV.

3357 321 3464 374 958

194 421 385 471 dientes
405 427 583 469 autem
603 416 777 469 statim
794 416 1063 469 invenietis
1085 431 1221 478 eum,
1250 426 1521 484 antequam
1540 416 1784 470 ascendat
1813 416 1859 474 Δ
1888 429 1995 467 non
2024 414 2132 467 alta
2162 416 2464 471 eruditione
2493 434 2587 472 eos
2615 420 2857 487 indigere
2887 424 3272 485 existimamus.
3319 431 3468 488 Tunc

192 512 244 562 in
286 509 583 571 excelsum,
629 508 700 560 ad
726 507 1045 560 vescendum.
1078 506 1262 577 Neque
1306 512 1443 562 enim
1472 519 1784 563 contestarus

192 608 264 651 est
290 599 538 667 populus,
570 598 732 651 donec
767 596 856 650 ille
882 598 1052 649 veniat
1074 612 1092 649 :
1122 597 1242 665 quia
1262 604 1370 667 ipse
1398 596 1660 650 benedicet
1686 598 1785 650 ho-

193 688 326 751 stite,
350 696 403 739 et
433 685 623 738 deinde
645 685 933 749 comedent,
963 686 1048 754 qui
1078 685 1242 737 rooati
1263 693 1401 738 sunt.

260 777 351 831 54.
389 776 529 832 Cum
562 777 616 831 in
647 778 921 831 civitatem
948 777 1097 831 venit
1134 776 1386 842 Samuel,
1426 777 1481 830 in
1511 777 1785 831 excelsum

199 867 448 922 ascendit
480 885 491 917 :
522 867 648 934 quia
678 867 880 921 electus
905 867 1225 935 praedicator
1252 867 1305 921 in
1332 868 1632 922 eruditione
1657 869 1784 922 sub-

190 961 460 1025 ditorum,
506 958 671 1012 modo
701 958 860 1027 plana
890 959 1075 1020 verba,
1124 958 1285 1012 modo
1315 958 1420 1011 alta
1452 959 1784 1026 ptonuntiul.

195 1048 425 1114 Quando
458 1048 617 1116 igitur
656 1049 814 1117 plana
857 1059 915 1101 et
952 1048 1308 1118 intelligibilia
1336 1050 1594 1118 prteci,»it,
1629 1053 1787 1120 210

192 1143 247 1195 in
277 1142 507 1196 civitate
534 1149 650 1206 est,
684 1142 905 1210 quando
934 1142 1205 1205 sublimia,
1246 1150 1301 1196 et
1326 1157 1444 1210 quae
1475 1143 1558 1196 \ix
1588 1143 1784 1197 intelli-

196 1238 421 1299 guntur,
449 1233 500 1285 in
517 1231 751 1286 excelso.
778 1231 832 1284 In
856 1232 1073 1285 civitate
1096 1240 1199 1299 est,
1223 1232 1438 1301 quando
1460 1233 1786 1302 simplicibus

199 1322 460 1392 proponit
480 1322 726 1391 exempla
774 1339 787 1373 :
838 1321 891 1374 in
919 1322 1134 1376 excelso
1169 1332 1379 1387 autem,
1418 1323 1633 1392 quando
1658 1339 1787 1392 per-

198 1411 350 1467 fectis
380 1414 672 1466 verborum
700 1412 1055 1481 spiritualium
1099 1414 1207 1466 alta
1248 1415 1576 1483 pronuntiat.
1623 1415 1786 1480 Quasi

194 1502 338 1556 enim
371 1502 428 1555 in
457 1502 674 1556 civitate
694 1509 838 1565 erat,
868 1502 958 1569 qui
986 1500 1200 1554 dicebat
1230 1518 1244 1555 :
1279 1500 1428 1555 Nihil
1446 1502 1676 1571 judicavi
1706 1520 1786 1556 me

201 1594 328 1645 scire
377 1594 519 1645 inter
556 1608 675 1655 vos,
727 1593 828 1644 nisi
869 1591 1160 1657 Christum,
1210 1602 1260 1646 et
1305 1593 1437 1646 hunc
1484 1595 1786 1662 cruciﬁxum

198 1678 253 1750 (Ι
276 1678 401 1733 Cor.
434 1696 494 1741 ιι,
528 1678 603 1748 2).
639 1680 771 1734 Item
812 1680 865 1732 in
895 1680 1113 1734 civitate
1141 1688 1278 1746 erat,
1306 1682 1522 1749 quando
1566 1683 1787 1737 iulirmis

1885 517 2015 572 ergo
2064 504 2443 572 prmdicatores
2487 518 2706 566 sanctos
2753 514 2942 568 audire
2984 516 3201 582 debent,
3254 528 3467 589 q::au!n
3519 520 3541 543 ‘

1886 593 2042 660 plana
2080 595 2410 659 simplicibus
2444 599 2755 669 loquuntur,
2798 619 2918 671 quae
2963 605 3265 675 intelligunt
3302 626 3316 662 :
3360 627 3465 665 non

1884 681 2097 748 quando
2125 683 2313 738 dicunt
2339 685 2467 751 alta,
2499 703 2617 754 qua:
2646 691 2942 759 intelligere
2972 709 3307 765 nequaquam
3340 716 3468 767 pos-

1886 779 2031 825 sunt.
2064 772 2259 827 Dicunt
2287 789 2416 843 ergo
2447 793 2459 827 :
2496 776 2711 832 Festina
2739 798 2893 845 nunc,
2927 783 3077 837 hodie
3109 789 3241 840 venit
3265 788 3320 840 in
3348 791 3473 842 ciri-

1888 868 2043 912 latem
2074 877 2088 912 :
2118 862 2237 931 quia
2264 865 2578 933 sacriﬁcium
2614 878 2690 920 est
2731 872 2909 939 populi
2958 873 3011 925 in
3051 876 3272 930 excelso.
3314 877 3474 944 Quod

1888 950 1993 1003 tale
2022 960 2126 1016 est,
2181 967 2245 1007 ac
2287 953 2330 1006 si
2377 955 2521 1009 dicat
2566 973 2577 1007 :
2620 956 2753 1024 Quia
2786 962 2937 1014 multi
2965 972 3107 1027 sunt,
3138 966 3229 1032 qui
3257 981 3464 1021 summa

1888 1041 2074 1094 audire
2102 1042 2440 1107 desiderant,
2479 1062 2619 1101 nunc
2649 1056 2706 1102 tu
2735 1051 2899 1105 debes
2929 1052 3211 1121 festinare,
3255 1061 3469 1126 quando

1889 1130 1979 1183 ille
2006 1131 2209 1185 similes
2236 1132 2310 1187 tui
2331 1134 2599 1204 simplices
2614 1137 3119 1200 videturinstruere.
3138 1146 3467 1203 Sacriﬁcium

1888 1221 2101 1289 quidem
2126 1224 2309 1292 populi
2332 1226 2642 1281 estdevotio
2663 1229 2844 1284 electa:
2864 1232 3054 1300 plebis.
3070 1234 3198 1301 Qua:
3218 1238 3467 1292 nimirum

1889 1311 2128 1380 devotio,
2158 1313 2285 1381 quia
2313 1315 2479 1370 verbo
2506 1317 2898 1385 pratdicationis
2927 1322 2979 1375 in
3018 1324 3313 1379 electorum
3338 1343 3465 1381 cor-

1888 1402 2043 1457 dibus
2072 1406 2343 1461 excitatur
2364 1448 2380 1475 ,
2407 1410 2561 1477 quasi
2607 1425 2639 1463 a
2678 1410 2927 1467 Samnele
2953 1415 3247 1483 perﬁcitur.
3287 1418 3342 1471 in
3370 1435 3468 1473 ex-

1887 1495 2033 1577 celso
2079 1505 2162 1550 est
2195 1506 2373 1552 autem
2409 1501 2727 1556 sacriﬁcium
2775 1506 2984 1575 populi,
3035 1510 3249 1577 quando
3298 1513 3464 1566 corda

1888 1576 2121 1638 ﬁdelium
2148 1586 2478 1649 subditorum
2509 1590 2614 1643 alta
2642 1594 2803 1646 verba
2832 1604 3032 1649 sancta:
3056 1576 3455 1665 praedicationis

1890 1671 2083 1728 devote
2110 1674 2295 1729 audire
2324 1679 2732 1746 concupiscunt.
2783 1680 2934 1737 Unde
2973 1695 3028 1737 et
3065 1697 3188 1753 apte
3225 1688 3415 1742 dicitur
3447 1708 3461 1742 :

200 1769 440 1823 remedia
472 1770 894 1835 demonstrabat,
922 1768 1133 1824 dicens:
1158 1770 1379 1840 Propter
1395 1774 1787 1843 fornicationem

1892 1763 2028 1826 Quia
2056 1769 2273 1833 populus
2315 1784 2417 1821 non
2456 1771 2703 1838 comedit,
2745 1773 2847 1826 nisi
2871 1775 3014 1842 prius
3045 1775 3256 1831 Samuel
3286 1778 3467 1833 hostire

197 1860 273 1913 uir
299 1877 457 1913 suam
482 1876 697 1913 uxorem
742 1858 955 1927 habeat,
996 1869 1046 1913 et
1073 1876 1206 1914 uxor
1239 1878 1385 1914 suum
1412 1863 1575 1915 virum
1606 1862 1788 1916 habeat

198 1948 393 2021 (Ibid.,
430 1950 506 2018 7).
540 1950 645 2004 Sed
671 1951 723 2004 in
750 1950 1021 2004 excelsum
1049 1951 1313 2018 ascendit,
1339 1952 1462 2019 quia
1490 1969 1598 2006 non
1624 1956 1789 2007 multo

205 2048 323 2108 poat
351 2038 537 2093 subdit
572 2058 583 2089 :
616 2038 695 2091 De
725 2038 1006 2108 virginibus
1034 2048 1203 2092 autem
1228 2051 1537 2110 praereptum
1567 2058 1669 2096 non
1698 2043 1791 2094 ha-

204 2129 323 2192 beo,
358 2130 636 2182 consilium
678 2138 849 2181 autent
876 2130 961 2181 do.
999 2128 1192 2182 Vellent
1220 2146 1394 2183 omnes
1422 2132 1651 2184 homines
1680 2148 1790 2184 esse

204 2221 330 2277 sicut
352 2219 605 2287 meipsum
631 2216 817 2287 (Ibid.,
846 2216 924 2287 8).
950 2216 1006 2270 In
1029 2220 1297 2273 etce'sum
1320 2221 1480 2273 etiam
1504 2216 1787 2275 verborum

204 2324 260 2363 se
286 2325 435 2377 saepe
465 2309 758 2363 ascendere
801 2308 1026 2373 fatetur,
1077 2310 1202 2378 quia
1241 2310 1368 2377 dicit
1409 2328 1421 2363 :
1469 2312 1789 2381 Sapientiam

204 2402 464 2469 loquimur
490 2403 623 2453 inter
647 2403 900 2470 perfectos
931 2401 1116 2471 (Ibid.,
1143 2402 1218 2455 (il.

270 2491 362 2544 35.
397 2490 537 2556 Quid
565 2500 646 2544 est
678 2505 844 2558 ergo,
891 2494 1033 2561 quod
1071 2493 1257 2555 dicunt
1292 2494 1480 2563 puellae
1517 2513 1529 2548 :
1575 2495 1791 2550 Festina

206 2597 358 2645 nunc,
392 2581 549 2633 hodie
576 2581 711 2634 venit
737 2582 791 2633 in
820 2582 1099 2649 civitatem,
1132 2583 1228 2636 nisi
1258 2584 1382 2650 quia
1422 2599 1544 2638 raro
1573 2585 1793 2638 videba-

208 2681 289 2721 tur
317 2669 371 2722 in
396 2669 635 2733 civitate,
662 2670 909 2724 videlicet
934 2670 1080 2724 tarde
1097 2672 1337 2736 veniens,
1366 2672 1474 2725 cito
1504 2673 1792 2726 recedens?

209 2761 321 2828 Quo
358 2763 617 2817 nimirum
646 2764 956 2832 magisterio
995 2773 1192 2819 sancta:
1220 2763 1469 2820 Ecclesia:
1498 2765 1688 2820 doctor
1714 2766 1793 2819 in-

210 2854 454 2915 struitur,
486 2862 547 2905 ut
571 2852 825 2907 videlicet
847 2868 977 2907 raro
1006 2854 1076 2906 sit
1112 2853 1167 2906 in
1192 2853 1428 2923 publico,
1459 2853 1711 2922 Sequens
1740 2854 1790 2908 in

209 2954 418 2998 secreto
444 2962 457 2995 :
484 2951 542 2997 ut
562 2958 671 3011 quo
691 2943 894 2997 tardius
909 2944 1185 3011 aspicitur,
1216 2943 1461 2997 devotius
1479 2952 1789 2998 veneretur.

211 3031 363 3087 Tunc
387 3032 605 3102 quidem
629 3034 781 3101 quasi
808 3033 1046 3088 caelestis
1067 3033 1331 3100 excipitur
1359 3050 1373 3087 :
1404 3034 1529 3101 quia
1550 3048 1658 3100 quo
1679 3048 1793 3086 am-

211 3121 349 3190 plius
380 3121 433 3174 in
454 3131 667 3175 secreto
686 3121 1155 3189 contemplationis
1178 3121 1351 3185 latuit,
1381 3122 1529 3176 verbi
1560 3122 1651 3175 Dei
1673 3123 1792 3175 the—

211 3223 402 3261 sauros
427 3208 493 3261 ad
522 3223 635 3268 eos.
664 3208 758 3276 qui
786 3221 845 3262 se
874 3217 1209 3277 exspectant,
1234 3210 1458 3263 ditiores
1488 3210 1667 3263 trahit.
1702 3210 1792 3263 ille

212 3301 358 3355 enim
384 3309 560 3369 potest
583 3304 751 3355 multa
779 3301 918 3355 bona
948 3300 1000 3354 in
1032 3301 1225 3356 inlimis
1250 3302 1450 3365 dicere,
1481 3303 1563 3357 cui
1592 3319 1684 3372 per
1707 3318 1794 3356 se-

212 3399 418 3444 cretum
440 3389 639 3443 mentis
660 3389 906 3443 intuitum
928 3388 1242 3443 conceditur
1264 3405 1471 3444 summa
1500 3391 1697 3445 videre.
1731 3391 1792 3445 Et

213 3479 333 3546 quia
370 3480 574 3533 dulcius
602 3480 850 3532 videntur
880 3478 966 3532 illa
1008 3492 1128 3546 qua:
1156 3478 1440 3544 dicuntur,
1491 3480 1679 3548 puellae
1708 3481 1791 3533 di-

209 3578 341 3622 cunt
376 3586 387 3620 :
419 3569 655 3623 Festina.
687 3569 851 3635 Quasi
879 3568 1059 3623 dicant
1095 3586 1108 3621 :
1140 3568 1184 3623 si
1214 3569 1284 3633 id,
1308 3584 1413 3638 pro
1440 3583 1552 3636 quo
1574 3570 1632 3622 in
1663 3571 1788 3624 civi-

214 3666 323 3712 tate
355 3660 514 3725 seuit,
548 3660 865 3728 expleverit.
913 3659 1094 3714 videre
1131 3659 1183 3714 in
1222 3668 1435 3714 secreto
1462 3675 1560 3714 suo
1585 3661 1792 3729 reposi-

214 3758 324 3802 tum
360 3766 458 3803 non
489 3751 733 3820 potestis.

283 3840 377 3893 36.
416 3839 567 3907 Quod
605 3841 848 3911 proiecto
876 3840 1099 3894 verbum
1130 3847 1153 3874 ⁸
1178 3838 1288 3907 jam
1324 3838 1556 3894 litteram
1586 3854 1693 3894 non
1723 3839 1792 3893 ad

217 3934 457 3994 verbum,
481 3932 573 3987 sed
592 3932 895 4000 exemplum
922 3932 1292 4000 religiosorum
1311 3939 1412 3985 est.
1430 3930 1561 3984 Nam
1577 3938 1794 3985 sanctus

217 4019 297 4071 vir
329 4028 486 4073 tantm
513 4029 630 4073 erat
657 4019 1036 4086 districtionis,
1066 4028 1126 4073 ut
1150 4027 1379 4074 statutas
1403 4019 1517 4073 dies
1545 4026 1599 4073 et
1630 4019 1793 4074 boras

217 4107 458 4172 haberet,
486 4110 541 4163 in
569 4109 763 4178 quibus
789 4123 945 4175 eum,
976 4110 1067 4178 qui
1096 4117 1344 4177 cuperet,
1376 4108 1557 4163 videre
1584 4109 1791 4178 potuis-

217 4208 319 4252 set.
355 4198 539 4253 Dicunt
566 4213 697 4266 ergo
725 4215 738 4251 :
768 4198 1008 4252 Festina.
1037 4198 1115 4252 Ac
1137 4198 1181 4253 si
1208 4198 1384 4253 dicant
1409 4216 1421 4250 :
1452 4197 1511 4252 Si
1530 4206 1788 4252 statutum

223 4297 430 4356 tempus
458 4288 753 4355 transierit,
798 4288 852 4341 in
876 4286 1028 4342 boris
1067 4303 1176 4342 sua:
1214 4288 1429 4356 quietis,
1462 4289 1670 4350 verbis.
1701 4296 1793 4342 aut

221 4379 515 4433 actionibus
539 4395 649 4433 non
679 4378 927 4432 intendit.
954 4378 1061 4443 Qui
1090 4392 1220 4447 ergo
1247 4386 1468 4432 remotae
1499 4379 1620 4433 vita:
1648 4380 1791 4433 ordi-

1888 1852 2208 1908 benedixerit
2234 1873 2252 1910 :
2284 1861 2440 1928 211
2474 1860 2598 1927 quia
2626 1859 2972 1929 perfectiores
3001 1865 3295 1931 audito:es,
3339 1869 3465 1923 dunt

1892 1945 1959 1997 ad
2002 1961 2263 2001 summam
2294 1950 2553 2005 virtutum
2585 1952 2971 2021 perfectionem
3010 1958 3290 2026 pervenire
3328 1960 3468 2014 desi-

1891 2036 2099 2101 derant,
2150 2040 2371 2093 verbum
2421 2042 2683 2109 scientize,
2740 2059 2836 2112 per
2879 2048 3020 2113 quod
3057 2046 3125 2099 ad
3163 2046 3467 2102 desiderata

1886 2126 2225 2195 perveniant,
2273 2130 2326 2184 in
2370 2145 2567 2199 magno
2597 2134 2860 2189 desiderio
2905 2145 3235 2205 exspectant.
3267 2138 3385 2203 Quo
3415 2141 3468 2192 in

1890 2216 2011 2272 loco
2034 2220 2325 2275 notandum
2349 2231 2449 2287 est,
2480 2225 2604 2292 quia
2630 2226 2867 2280 oblatum
2888 2226 3204 2283 sacrificium
3234 2231 3469 2286 nondum

1884 2318 2025 2371 erat,
2056 2318 2110 2363 et
2140 2320 2313 2366 tamen
2340 2313 2501 2367 dicit:
2529 2316 2855 2384 Sacriﬁcium
2878 2326 2955 2369 est
2975 2319 3151 2388 populi
3167 2320 3220 2371 in
3243 2320 3467 2374 excelso.

1890 2398 1947 2452 Si
1970 2400 2117 2452 enim
2146 2402 2469 2455 sacrificium
2517 2413 2804 2472 antequam
2845 2407 3023 2460 oll'erri
3072 2409 3315 2479 incipiat,
3362 2428 3469 2465 non

1884 2496 1998 2551 est,
2031 2490 2303 2557 quomodo
2329 2502 2447 2545 erat
2477 2493 2795 2547 sacriﬁcium
2818 2533 2833 2557 ,
2862 2495 3005 2563 quod
3032 2512 3138 2551 non
3167 2499 3321 2551 erat?
3361 2498 3465 2553 Sed

1890 2577 2014 2645 quia
2046 2594 2142 2632 nos
2168 2580 2426 2648 spiritalia
2473 2582 2781 2649 sequimur,
2829 2584 3063 2638 nondum
3106 2594 3223 2640 erat
3259 2589 3467 2643 sacrili.

1892 2666 2061 2731 cium,
2090 2676 2146 2723 ct
2174 2679 2291 2723 erat
2321 2688 2334 2723 :
2365 2673 2487 2740 quia
2520 2688 2640 2727 cum
2668 2673 2827 2729 electi
2860 2675 3045 2731 ﬁdeles
3083 2679 3241 2733 altius
3267 2681 3466 2735 erudiri

1893 2767 2171 2826 appetunt,
2198 2759 2308 2827 jam
2334 2762 2551 2829 quidem
2577 2777 2821 2831 magnam
2852 2765 3190 2821 devotionem
3220 2770 3468 2823 audiendi

1894 2844 2126 2910 habent,
2172 2864 2367 2916 quam,
2418 2860 2540 2919 post
2564 2855 2797 2906 auditam
2827 2855 3286 2922 praedicationem,
3315 2859 3470 2914 valde

1894 2932 2149 3000 majorem
2180 2938 2393 2991 habent.
2428 2938 2544 2992 Non
2575 2949 2658 2994 est
2685 2955 2813 3007 ergo
2841 2943 3015 2997 adhuc
3038 2946 3274 2999 oblatum
3301 2949 3469 3002 sacri-

1894 3022 2068 3076 ﬁcium
2092 3042 2103 3075 :
2124 3041 2251 3093 qua
2276 3029 2364 3080 illa
2387 3029 2694 3094 magnitudo
2723 3031 3048 3097 devotionis,
3081 3050 3200 3102 quae
3231 3039 3468 3091 nuscitnr

1894 3110 1947 3164 in
1968 3116 2129 3167 corde
2150 3116 2309 3169 electi
2332 3119 2398 3170 de
2420 3120 2581 3173 verbo
2607 3119 3023 3188 praedicationis,
3055 3132 3179 3177 ante
3208 3128 3467 3192 prtedica-

1896 3201 2027 3255 toris
2054 3204 2272 3256 verbum
2306 3206 2356 3258 in
2384 3213 2546 3261 corde
2576 3223 2681 3261 non
2710 3218 2809 3262 est.
2841 3208 2906 3262 Et
2932 3222 3013 3264 est
3042 3214 3257 3280 quidem
3287 3216 3338 3267 iu
3369 3233 3467 3269 ex-

1894 3303 1958 3343 cc
1980 3305 2042 3343 so
2089 3291 2411 3347 sacrilicium
2468 3312 2481 3346 :
2533 3296 2659 3364 quia
2710 3297 2778 3351 de
2830 3301 3230 3367 exspectatione
3283 3305 3465 3370 verbi,

1894 3393 2085 3447 magna
2110 3382 2221 3449 jam
2252 3393 2333 3437 est
2363 3385 2414 3437 in
2446 3387 2609 3439 corde
2636 3388 2820 3441 audire
2852 3388 3079 3443 volentis
3107 3391 3187 3445 vis
3220 3393 3467 3449 devotio-

1896 3470 1997 3523 nis.
2028 3471 2207 3536 Quare
2231 3482 2283 3526 ct
2299 3474 2435 3528 bene
2458 3475 2680 3529 dicitur:
2708 3473 2841 3538 Quia
2862 3478 3081 3545 papulas
3101 3496 3203 3533 non
3231 3486 3467 3546 comedit,

1894 3561 2053 3614 donec
2091 3564 2180 3615 ille
2206 3564 2387 3617 hostia
2423 3563 2704 3618 benedicat.
2753 3566 2889 3631 Quia
2937 3569 3079 3622 enim
3116 3586 3329 3625 summa
3379 3574 3460 3627 in-

1893 3649 2104 3704 hianter
2148 3652 2393 3721 diligunt,
2437 3654 2609 3709 donec
2655 3655 2842 3709 eadem
2888 3673 3094 3712 summa
3138 3661 3460 3729 percipiunt,

1894 3757 2005 3796 non
2042 3743 2339 3811 quiescunt.
2384 3744 2442 3798 Si
2473 3745 2614 3799 enim
2642 3745 2816 3799 hostia
2847 3749 3071 3813 mentis,
3107 3748 3222 3815 ejus
3251 3750 3467 3805 devotio

1894 3841 1977 3889 est
2010 3850 2022 3886 :
2054 3834 2243 3888 hostiae
2270 3834 2629 3901 benedicitur,
2658 3836 2875 3905 quando
2902 3838 2968 3892 ad
2996 3854 3185 3893 vocem
3213 3843 3468 3909 praedica-

1897 3925 2058 3978 tionis
2096 3925 2495 3991 sanctiﬁcatur,
2541 3935 2599 3979 ut
2639 3942 2748 3994 quo
2785 3929 2969 3997 purior
2996 3929 3251 3998 elﬁcitur,
3291 3933 3467 3987 divina

1900 4014 2240 4083 susceptione
2278 4016 2552 4084 acceptior
2595 4016 2875 4071 habeatur.
2917 4018 3069 4084 Quod
3107 4023 3248 4076 enim
3274 4023 3335 4076 .in
3372 4024 3467 4079 Dei

1896 4103 2159 4160 sacriﬁcio
2198 4106 2551 4173 benedicitur,
2597 4109 2852 4163 mundum
2879 4111 3093 4180 quidem
3130 4123 3211 4167 est
3234 4130 3357 4169 cum
3386 4116 3469 4170 of-

1896 4198 2096 4266 fertur,
2130 4207 2189 4254 et
2216 4200 2535 4257 materiale:
2567 4203 2805 4257 oblatum
2844 4219 2973 4259 vero
3009 4213 3160 4261 tanto
3195 4217 3279 4263 est
3308 4226 3467 4264 mun-

1897 4288 2035 4355 dius,
2079 4298 2279 4358 quanto
2326 4305 2432 4344 non
2477 4292 2651 4347 solum
2678 4294 2976 4359 materiale,
3028 4295 3119 4349 sed
3145 4298 3466 4365 spirituale:

1897 4386 2097 4446 quanto
2124 4394 2231 4432 nou
2257 4379 2431 4434 solum
2461 4382 2737 4445 mundum,
2769 4383 2863 4436 sed
2889 4384 3048 4436 etiam
3075 4385 3335 4439 mundana
3363 4397 3464 4442 est.

222 4481 347 4519 nem
374 4468 728 4535 sumpsimus,
772 4467 875 4521 ho‘c
915 4467 1200 4521 observare
1230 4468 1484 4521 attentius
1513 4467 1784 4523 debemus.
1817 4485 1870 4546 ι)
1897 4466 2200 4523 Hostiarum
2229 4469 2427 4539 quippe
2452 4470 2811 4526 oblationibus
2836 4474 3079 4526 mundari
3110 4485 3324 4543 peccata
3347 4477 3468 4545 quis

220 4552 524 4608 Statuenda:
550 4562 677 4607 sunt
721 4554 878 4608 nobis
918 4554 1064 4608 bene
1092 4554 1408 4616 ministerii,
1460 4562 1519 4607 ut
1558 4555 1792 4608 breviter

223 4641 563 4706 persistamus
583 4642 637 4694 in
668 4656 856 4709 opere,
883 4641 1195 4695 festinanter
1222 4642 1397 4696 redire
1426 4643 1695 4696 valeamus
1721 4643 1789 4695 ad

222 4731 683 4799 contemplationis
721 4745 918 4784 arcem.
970 4730 1097 4800 ipsa:
1136 4743 1312 4784 autem
1357 4732 1548 4786 secreti
1595 4733 1790 4786 silentii

226 4819 394 4872 nostri
437 4836 637 4884 morat,
689 4828 840 4874 tanta
887 4820 1005 4888 lege
1046 4822 1393 4877 districtionis
1431 4822 1791 4876 custodiendae

185 4900 189 4907 ’
222 4917 369 4972 Sunt,
397 4916 447 4962 ut
472 4910 574 4979 ipsi
600 4909 791 4975 etiam,
817 4909 908 4976 qui
936 4910 1193 4963 accedere
1218 4910 1413 4974 solent,
1443 4911 1636 4977 sciant,
1666 4912 1788 4979 quia

222 5006 407 5051 contra
442 5001 778 5069 propositum
826 5009 1066 5056 nostrum
1114 5001 1182 5056 ad
1227 5017 1327 5057 nos
1360 5018 1636 5058 accessum
1685 5020 1789 5059 non

222 5083 464 5142 habeant.

296 5173 386 5227 37.
410 5175 534 5242 Quia
553 5193 683 5232 vero
705 5177 822 5233 inec
837 5179 1183 5248 Spiritualiter
1202 5181 1489 5250 explanare
1509 5182 1787 5250 cmpimus,

224 5270 412 5316 contra
437 5266 705 5334 simplices
743 5266 849 5321 hoc
894 5267 997 5322 dici
1036 5270 1419 5324 convenienter
1443 5270 1664 5340 intelligi
1694 5288 1791 5341 po-

228 5358 356 5402 test.
377 5349 425 5406 ln
447 5355 663 5409 civitate
686 5357 885 5425 quippe
912 5357 976 5421 is,
1007 5356 1096 5425 qui
1125 5358 1333 5413 videtur
1348 5368 1657 5428 extraneus,
1687 5361 1787 5415 Sa-

226 5439 452 5493 muelem
472 5442 673 5512 alloqui
703 5459 862 5513 posse
891 5454 1124 5514 putatur,
1156 5447 1207 5499 in
1237 5446 1451 5502 excelso
1480 5458 1786 5503 autemnon

230 5535 478 5594 putatur:
508 5532 633 5602 quia
662 5547 800 5601 quos
830 5535 1101 5604 simplices
1128 5550 1247 5591 esse
1287 5537 1569 5596 credimus.
1609 5539 1787 5607 plana,

311 5695 338 5722 ⁸
369 5685 510 5745 Forte
531 5691 656 5758 leg,
690 5694 794 5755 iant
817 5694 885 5745 ad
914 5695 1135 5747 litteram
1165 5709 1265 5746 non
1298 5694 1514 5759 verbum,
1547 5706 1651 5751 etc.

1895 4556 2134 4610 dubitet?
2159 4557 2247 4611 Sic
2271 4573 2528 4626 namque,
2574 4560 2652 4614 sic
2694 4568 2779 4613 est
2824 4562 3016 4615 mentis
3044 4561 3260 4616 devotio
3292 4580 3307 4616 :
3340 4580 3465 4617 nam

1896 4660 2017 4699 eum
2043 4647 2181 4699 bona
2206 4648 2391 4701 audire
2416 4649 2595 4715 gestit,
2624 4650 2816 4704 munda
2845 4659 2956 4715 est;
2987 4651 3080 4706 sed
3119 4668 3238 4705 cum
3267 4663 3466 4708 sanctae

1892 4733 2288 4801 praedicationis
2314 4744 2535 4804 accepta
2584 4744 2640 4790 et
2684 4736 2965 4791 benedicta
3003 4739 3247 4792 manibus
3280 4740 3461 4803 fuerit,

1896 4830 2048 4876 tanto
2075 4823 2351 4877 ardentior
2374 4832 2430 4877 et
2456 4825 2716 4880 sacratior
2748 4824 3006 4892 redditur,
3047 4837 3248 4896 quanto
3274 4829 3471 4884 clarLus

1895 4910 1947 4964 di
1987 4911 2110 4975 icit,
2148 4926 2308 4981 quem
2339 4927 2521 4966 amare
2558 4912 2765 4967 dulcius
2802 4922 2985 4967 notum
3036 4916 3222 4984 possit.
3272 4915 3467 4973 Munda

1896 5002 2112 5070 quidem
2150 5012 2293 5068 ante,
2328 5004 2472 5057 velut
2507 5006 2824 5072 praeparatio
2852 5005 3095 5059 sacriﬁcii
3127 5006 3319 5072 luerat,
3349 5022 3471 5076 quae

1894 5092 2097 5148 bonum
2116 5108 2274 5148 nosse
2291 5094 2563 5163 cupiebat,
2585 5104 2641 5149 et
2662 5101 2836 5149 tamen
2859 5096 3147 5151 materialis
3162 5107 3285 5152 erat
3302 5113 3467 5166 appa-

1897 5194 2046 5242 ratus
2076 5204 2089 5240 :
2118 5188 2242 5256 quia
2270 5186 2508 5241 nondum
2536 5186 2706 5252 novit,
2734 5201 2855 5255 qua:
2882 5186 3090 5242 discere
3118 5189 3342 5257 appetit,
3375 5189 3469 5242 sed

1896 5277 2095 5331 munda
2122 5277 2278 5332 valde
2305 5285 2362 5331 et
2392 5277 2665 5346 spiritalis,
2698 5292 2820 5331 eum
2842 5277 2953 5345 jam
2982 5277 3240 5333 doctrinae
3266 5278 3469 5332 saneti«

1897 5364 2052 5419 licata
2071 5366 2311 5426 vocibus.
2331 5382 2437 5420 non
2449 5366 2559 5434 jam
2574 5366 2784 5437 appetit
2803 5366 3007 5429 audire,
3029 5366 3171 5433 quod
3196 5367 3352 5429 sciat,
3374 5367 3467 5421 sed

1895 5455 2074 5508 audita
2115 5454 2413 5509 delectatur
2447 5456 2709 5519 exueriri,
2749 5471 2869 5525 qua:
2905 5465 3067 5510 amat.
3115 5455 3265 5512 Tunc
3303 5466 3467 5513 etiam

1896 5558 2002 5598 non
2031 5543 2204 5601 soluat
2230 5543 2427 5599 munda
2473 5553 2557 5601 est
2596 5545 2806 5613 hostia,
2854 5545 2948 5602 sed
2976 5547 3239 5602 mundana
3281 5564 3293 5600 :
3334 5560 3468 5616 quia
