3962 6284
468 5758 479 5787 l

487 306 593 357 95‘.)

498 505 837 570 negligentia:
886 500 1114 555 carnalis
1164 499 1396 552 tenebrat
1441 496 1714 565 potentius
1758 495 2074 561 eﬂugantur.

495 597 767 665 Scriptum
795 594 990 661 quippe
1022 598 1105 645 est
1139 607 1151 641 :
1186 589 1319 651 Quia
1350 588 1575 641 charitos
1604 586 1768 655 operit
1795 581 2082 636 multitudi-

498 705 614 741 nem
641 695 964 758 peccatorum
993 683 1053 751 (Ι
1086 681 1229 733 Petr.
1264 696 1347 745 tv,
1389 677 1458 747 8)
1491 694 1504 730 :
1537 676 1659 744 quia
1692 674 1937 727 nimirum
1963 686 2084 723 car-

500 777 637 829 nalia
670 784 849 827 no:tra
882 771 1239 832 destruimus,
1285 783 1408 822 cum
1453 765 1661 819 ardenti
1700 763 1987 817 devotione
2016 759 2084 812 ad

498 864 737 919 cwlestia
760 861 1118 916 sublevantur.

571 951 660 1005 58.
698 950 761 1003 Et
790 950 911 1018 quia
935 947 1179 1000 subditur
1203 961 1218 997 :
1251 943 1319 996 Et
1347 952 1466 996 tunc
1495 940 1777 1002 comedent,
1810 942 1894 1008 qui
1922 935 2087 989 vocati

503 1052 641 1095 sunt.
675 1040 811 1105 Quid
844 1036 986 1090 aliud
1012 1036 1276 1101 designat,
1324 1034 1424 1086 nisi
1467 1033 1590 1100 quia
1623 1028 1925 1083 devotionis
1954 1027 2087 1079 alie-

502 1142 623 1189 ctus
660 1131 852 1183 mentis
896 1137 975 1181 est
1021 1127 1205 1180 cibus?
1253 1123 1402 1177 Tunc
1450 1137 1686 1190 namque
1723 1120 2084 1181 comedemus,

504 1237 625 1275 cum
657 1220 843 1273 hostia:
878 1216 1211 1269 benedieitur
1237 1232 1251 1268 :
1282 1214 1405 1280 quia
1438 1228 1558 1266 cum
1587 1210 1652 1263 ad
1678 1208 2087 1278 prtedicalorum

504 1328 691 1367 vocem
730 1309 946 1362 devotio
977 1314 1159 1360 nostra
1189 1306 1240 1357 in
1271 1318 1509 1356 amorem
1539 1300 1843 1355 Conditoris
1872 1296 2087 1350 extolli-

508 1412 611 1463 tur,
645 1400 843 1459 anima,
874 1411 993 1463 qua:
1030 1395 1095 1447 ad
1125 1392 1461 1447 dulcedinem
1491 1388 1797 1444 Conditoris
1826 1386 2088 1455 pervenit,

506 1488 668 1541 habet
694 1487 803 1552 jam
848 1484 1022 1536 cibum
1055 1498 1230 1535 suum.
1277 1479 1427 1534 Tunc
1474 1494 1601 1547 ergo
1630 1477 1949 1536 comedunt,
1999 1474 2092 1542 qui

506 1586 631 1628 ante
656 1573 1079 1627 benedictionem
1101 1571 1289 1624 hostia:
1311 1568 1597 1623 comedere
1621 1566 1928 1619 noluerunt.
1957 1562 2091 1616 Nam

505 1664 594 1731 qui
624 1678 830 1716 summa
886 1660 1199 1714 intentionis
1225 1656 1628 1727 exspectatione
1656 1654 1724 1708 ad
1752 1654 1945 1707 divinae
1971 1651 2092 1705 dul-

1632 260 1900 349 sanari
1941 290 2266 347 Gnaeum:
2310 290 2519 345 nam

488 436 601 485 quo
634 412 940 470 ferventiori
971 411 1264 467 cmlestinm
1294 424 1478 463 amore
1522 407 1883 469 succenditur,
1917 406 1984 459 ab
2014 420 2077 459 ea
2106 405 2159 464 Α
2184 402 2330 468 bent,
2362 401 2618 472 quidquid
2638 400 2874 455 lucidum
2896 400 3093 455 emicat
3118 398 3186 455 de
3214 399 3295 455 eis
3324 415 3454 455 voce
3478 402 3563 456 lau
3582 404 3661 459 iis.
3686 406 3739 460 Et

3644 294 3735 347 ἒϐη

2181 495 2305 564 quia
2348 496 2479 549 tanti
2510 494 2609 549 viri
2634 492 2828 549 festina
2856 491 3146 547 devotione
3187 492 3455 561 quanendi
3492 503 3641 560 sunt,
3667 512 3741 551 se.

2182 585 2365 653 quitur
2390 602 2404 637 :

2260 682 2432 749 (Vers.
2460 682 2574 752 14.)
2602 681 2671 735 Et
2697 682 3039 736 ascenderunt
3066 684 3119 736 in
3146 683 3421 736 civitatem.
3449 681 3659 754 Cumque
3677 685 3743 741 illi

2185 773 2506 827 ambularent
2526 776 2578 827 in
2604 775 2772 827 medio
2792 774 2955 840 urbis,
2984 775 3226 844 apparuit
3250 772 3481 840 Samuel,
3504 776 3742 842 egrediens

2186 860 2383 915 obviam
2413 864 2504 927 eis,
2536 872 2591 915 ut
2618 864 2916 915 ascenderet
2945 864 2997 915 in
3027 865 3302 916 excelsum.

2258 953 2347 1006 40.
2371 952 2504 1006 Cum
2532 965 2842 1007 sanctorum
2870 952 3104 1006 virorum
3133 953 3403 1021 praeconia
3424 952 3676 1019 audimus,
3700 956 3745 1007 in

2189 1044 2407 1098 civitate
2432 1044 2805 1098 ascendimus:
2829 1044 2952 1111 quia
2982 1043 3089 1097 illic
3106 1058 3207 1096 eos
3229 1042 3537 1110 qumrimus,
3562 1043 3645 1095 ubi
3670 1047 3749 1096 de-

2189 1136 2469 1200 scendunt,
2502 1150 2609 1189 non
2637 1136 2724 1190 ubi
2754 1144 2899 1189 sunt.
2929 1133 3035 1189 Sed
3054 1176 3068 1199 ,
3102 1145 3160 1189 ut
3194 1136 3443 1204 superius
3467 1135 3604 1201 dixi,
3635 1151 3748 1203 pne-

2190 1228 2488 1282 dicatorum
2520 1228 2699 1294 locus,
2729 1244 2890 1297 quem
2920 1244 3018 1297 pro
3049 1244 3109 1283 se
3137 1229 3364 1293 habent,
3406 1237 3608 1283 secreta
3635 1229 3751 1281 divi-

2194 1316 2375 1369 nitatis
2402 1316 2786 1384 contemplatio
2814 1326 2899 1371 est
2942 1334 2956 1369 :
3007 1318 3158 1370 locus
3185 1327 3365 1369 autem
3397 1332 3493 1385 pro
3521 1316 3749 1382 subditis,

2193 1406 2522 1474 praedicatio.
2552 1405 2853 1474 Aliquando
2880 1420 3008 1459 vero
3042 1406 3217 1474 plana,
3249 1405 3535 1474 aliquando
3561 1407 3661 1460 alta
3686 1408 3754 1461 Ιο-

2193 1506 2451 1563 qunntur.
2481 1495 2694 1549 Habent
2725 1509 2854 1562 ergo
2889 1511 3230 1550 communem
3266 1496 3446 1550 locum
3472 1512 3567 1565 pro
3600 1497 3755 1550 omni-

2194 1588 2313 1651 bus,
2360 1587 2559 1640 habent
2584 1586 2863 1641 sublimem
2891 1586 3282 1655 specialemque
3311 1603 3411 1656 pro
3437 1588 3751 1655 quibusdam,

2195 1676 2390 1729 habent
2410 1686 2674 1728 secretum
2704 1691 2800 1744 pro
2829 1690 2905 1729 se.
2939 1674 3063 1730 Haac
3083 1692 3116 1729 u
3140 1678 3331 1729 mirum
3357 1676 3458 1731 tria
3479 1678 3753 1747 spiritualia

507 1755 711 1809 cedinis
744 1752 1142 1822 perceptionem
1170 1766 1230 1805 se
1260 1756 1595 1819 prmparant,
1628 1747 1754 1800 dum
1782 1745 1921 1798 mala
1952 1744 2093 1797 desi-

2200 1769 2314 1824 loca
2342 1771 2621 1837 signantur
2645 1786 2658 1822 :
2688 1770 2811 1837 quia
2837 1769 3055 1824 Samuel
3074 1770 3253 1837 egredi
3285 1744 3586 1833 dicitur,'et
3610 1786 3755 1839 appa-

509 1846 656 1898 deria
702 1858 797 1913 per
833 1842 1129 1911 appetitum
1172 1840 1317 1893 nulla
1360 1838 1660 1907 recipiunt,
1712 1835 1860 1889 velut
1886 1832 2090 1903 jejuni,

507 1935 807 1990 refectione
835 1933 1135 1987 devotionis
1180 1931 1387 1984 avidius
1428 1930 1726 1998 replentur.
1766 1926 1924 1980 Velut
1951 1925 2095 1979 enim

508 2026 939 2079 benedictionem
971 2024 1158 2077 hostia:
1180 2023 1245 2076 ad
1272 2022 1620 2076 refectionem
1643 2026 1974 2088 exspectant,
2006 2017 2097 2086 qui

508 2125 709 2169 cuncta
756 2115 938 2168 illicita
967 2113 1232 2167 desideria
1275 2112 1514 2181 fugiunt,
1556 2119 1614 2163 ut
1653 2110 1721 2163 de
1768 2110 1973 2163 visione
2016 2107 2099 2160 in-

508 2215 682 2259 terna:
729 2206 912 2273 gloriae
957 2220 1055 2271 per
1101 2204 1442 2258 devotionem
1494 2202 1776 2256 satientur.
1829 2199 2098 2267 Scriptum

518 2297 716 2364 quippe
750 2303 833 2349 est
864 2313 876 2347 :
910 2294 1054 2348 Beati
1080 2294 1273 2348 mundo
1301 2293 1480 2356 corde,
1512 2293 1757 2363 quoniam
1794 2291 1893 2356 ipsi
1932 2288 2098 2342 Deum

510 2386 752 2440 videbunt
779 2384 992 2457 (Matth.
1022 2401 1074 2445 ν,
1108 2384 1185 2445 8;.
1218 2383 1321 2449 Qui
1352 2382 1493 2438 enim
1516 2384 1568 2435 in
1592 2382 1753 2435 corde
1782 2380 1963 2449 inepta
1992 2393 2099 2432 non

516 2478 738 2547 recipit,
780 2478 903 2532 dum
934 2486 1164 2547 superna
1195 2478 1493 2545 desiderat,
1524 2476 1751 2530 mundus
1780 2475 1942 2529 corde
1970 2482 2054 2527 est
2082 2492 2095 2526 :

519 2576 575 2621 et
602 2568 728 2621 dum
761 2583 857 2637 per
885 2569 1081 2621 bonum
1112 2566 1509 2636 przedicationis
1542 2566 1608 2618 ad
1644 2564 1836 2619 divina:
1861 2577 2100 2619 contem-

518 2657 770 2725 plationis
793 2657 1127 2709 dulcedinem
1149 2655 1379 2721 ducitur,
1413 2659 1571 2726 212
1595 2656 1747 2725 quasi
1771 2654 2102 2709 benedictio-

513 2762 640 2799 nem
671 2745 858 2799 hostia:
888 2746 1045 2799 habet
1095 2746 1145 2797 in
1189 2745 1381 2798 anima:
1422 2745 1723 2799 saturitate.
1756 2743 1895 2798 Dicit
1923 2757 2052 2812 ergo
2083 2760 2098 2798 :

516 2833 718 2887 Deinde
750 2834 1029 2899 comedent,
1060 2835 1145 2903 qui
1170 2834 1336 2886 vocati
1365 2844 1501 2886 sunt.
1532 2831 1707 2901 Jejuni
1757 2833 1955 2901 quippe
2001 2846 2099 2885 vo-

508 2932 707 2979 cantur
732 2924 801 2977 ad
829 2924 1236 2989 comestiunem,
1265 2923 1388 2977 dum
1417 2922 1735 2992 praedicator
1763 2922 1891 2976 foris
1920 2923 2099 2990 loqui-

519 3023 623 3080 tur,
668 3017 759 3083 qui
802 3031 833 3067 a
874 3015 1053 3083 pravis
1095 3014 1375 3070 desideriis
1417 3024 1650 3068 mentem
1681 3015 2013 3081 cnstodiunt,
2044 3023 2100 3067 et

2198 1876 2319 1915 rere
2350 1861 2400 1914 in
2432 1861 2609 1915 medio
2640 1861 2805 1927 urbis,
2838 1869 2892 1914 et
2920 1863 3212 1915 ascendere
3240 1861 3291 1914 in
3318 1862 3612 1915 excelsum.
3642 1861 3757 1914 Nam

2197 1953 2309 2020 qui,
2340 1961 2398 2007 ut
2423 1960 2728 2024 appareret,
2761 1967 3008 2020 egressus
3050 1960 3155 2015 est,
3188 1961 3307 2006 erat
3335 1953 3453 2017 ubi,
3494 1962 3757 2020 antequam

2199 2048 2505 2110 appareret,
2538 2040 2799 2094 latuisset.
2857 2039 3212 2109 Egrediuntur
3264 2054 3395 2108 ergo
3448 2042 3756 2107 sacerdotes,

2197 2130 2414 2199 quando
2457 2146 2487 2183 a
2529 2139 2741 2184 secreto
2772 2131 3138 2184 meditationis
3166 2130 3233 2183 ad
3267 2132 3654 2200 praidicandnm
3683 2149 3759 2187 νεα

2201 2223 2372 2277 niunt.
2417 2221 2476 2275 In
2514 2222 2728 2276 civitate
2764 2231 3043 2290 apparent,
3077 2222 3291 2291 quando
3322 2222 3587 2291 planiora,
3617 2223 3662 2276 id
3691 2232 3760 2276 est

2201 2312 2268 2367 ad
2295 2311 2581 2381 agendum,
2605 2313 2769 2366 velad
2791 2313 3191 2380 intelligendum
3214 2312 3417 2366 dicunt.
3437 2311 3495 2366 In
3514 2313 3759 2368 excelsum

2202 2416 2361 2456 ascen
2383 2403 2517 2465 Iunt,
2548 2401 2759 2471 quando
2787 2401 3116 2471 sapientibus
3157 2411 3248 2453 aut
3288 2399 3445 2455 fortia
3475 2402 3761 2471 praecipiunt

2201 2493 2414 2562 operis,
2458 2499 2551 2544 aut
2594 2492 2837 2545 revelant
2882 2492 2987 2545 alta
3018 2492 3280 2562 mysterii.
3322 2490 3613 2547 Ordinatus
3649 2507 3759 2559 ergo

2202 2597 2455 2636 a-census
2483 2592 2667 2636 n05ter
2691 2581 3008 2645 ostenditur,
3043 2596 3140 2649 per
3160 2582 3283 2645 hoc,
3306 2581 3447 2648 quod
3473 2580 3599 2635 Saul
3628 2582 3674 2635 in
3698 2583 3761 2635 ci-

2202 2673 2369 2727 vitate
2412 2671 2701 2726 ascendere
2752 2672 3085 2740 perhibetur.
3133 2671 3265 2725 Nam
3310 2672 3466 2726 nobis
3506 2670 3760 2727 Pastorum

2201 2772 2509 2818 nostrorum
2539 2760 2688 2825 loca,
2741 2760 2794 2813 in
2832 2761 3025 2829 quibus
3066 2776 3251 2828 orare,
3292 2769 3387 2814 aut
3431 2761 3620 2815 secreti
3661 2778 3761 2815 esse

2199 2859 2618 2915 consueverunt,
2647 2851 2972 2913 veneranda,
3017 2865 3125 2905 non
3155 2850 3399 2905 adeunda
3436 2860 3581 2906 sunt.
3627 2852 3760 2918 Quod

2204 2959 2311 2999 non
2353 2942 2526 2996 solum
2567 2940 2844 3009 exemplo,
2889 2940 2984 2994 sed
3012 2943 3175 2994 etiam
3204 2941 3383 2995 divina
3413 2943 3762 2997 cohortatione

2203 3045 2529 3101 cognoscere
2554 3044 2856 3099 possumus.
2884 3028 2939 3081 In
2961 3028 3184 3084 Cantico
3207 3029 3425 3099 quidem
3451 3032 3762 3085 canticorum

516 3121 613 3174 per
631 3107 856 3173 gratiam
885 3104 1117 3175 Spiritus
1144 3105 1315 3159 sancti
1339 3106 1404 3158 ad
1436 3104 1658 3159 interna:
1686 3105 1981 3158 dultedinis
2002 3119 2097 3157 ex-
2126 3122 2171 3185 C
2201 3137 2430 3193 Sponsus
2451 3121 2751 3187 denuntiat,
2783 3120 2968 3175 dicens
2992 3137 3004 3173 ε
3042 3118 3267 3174 Obsecro
3291 3137 3395 3185 τω,
3426 3122 3557 3190 ﬁlia.
3572 3121 3763 3175 λεηηη.

515 3196 833 3262 patientiam
871 3196 1174 3248 trahuntur.
1219 3194 1406 3248 Vocati
1437 3195 1579 3248 enim
1613 3203 1739 3248 tunc
1766 3203 1919 3248 erant
1956 3194 2094 3247 invi-

519 3284 636 3350 tati,
660 3284 751 3351 qui
776 3294 1052 3337 venerant.
1086 3282 1271 3337 Vocati
1296 3298 1425 3351 ergo
1443 3282 1609 3351 jejuni
1633 3292 1758 3337 tunc
1784 3282 2092 3346 comedunt,

517 3373 731 3440 quando
755 3372 806 3425 hi
835 3374 1126 3440 spiritualis
1147 3374 1330 3442 gratia:
1361 3373 1643 3427 devotione
1666 3383 1977 3443 pascuntur,
2005 3373 2097 3441 qui

512 3461 584 3514 ad
611 3476 729 3515 eam
760 3461 1156 3531 percipiendam
1187 3478 1246 3515 se
1285 3475 1476 3529 magna
1501 3464 1694 3516 mentis
1716 3478 1826 3516 sine
1855 3462 2096 3517 custodia

518 3563 863 3623 paraverunt.
895 3552 1032 3619 Quid
1055 3568 1184 3609 vero
1213 3563 1292 3609 est
1323 3556 1467 3621 quod
1491 3554 1674 3609 dicunt
1699 3572 1712 3607 :

591 3646 768 3715 (Vers.
797 3645 909 3714 15.)
938 3646 1230 3711 Ascendite,
1262 3648 1381 3717 quia
1412 3646 1562 3700 hodie
1588 3649 1766 3716 reperi:
1783 3649 1849 3701 tis
1875 3648 2026 3700 eum?

588 3736 675 3789 59.
733 3736 836 3790 Sed
887 3737 1013 3789 dum
1051 3738 1206 3791 electi
1253 3740 1388 3791 bona
1420 3738 1828 3807 przedicatorum
1857 3737 2095 3803 laudant,

514 3828 824 3881 auditorum
848 3828 1009 3881 corda
1032 3842 1222 3895 magna
1251 3827 1656 3882 luceirradiant.
1675 3828 1921 3882 C(elestis
1946 3844 2099 3882 nam-

516 3934 625 3987 que
654 3918 742 3971 illa
781 3919 1120 3973 conversatio
1156 3919 1279 3972 boni
1309 3919 1566 3982 doctoris,
1598 3934 1755 3988 quam
1788 3920 2095 3990 przedicant,

515 4008 634 4061 dies
653 4020 755 4062 est.
789 4008 977 4061 Dicant
997 4022 1125 4075 ergo
1150 4026 1164 4059 :
1200 4007 1369 4061 Hodie
1390 4009 1650 4077 reperietis
1677 4026 1813 4062 eum.
1846 4008 1921 4063 E0
1949 4024 2101 4061 nam-

517 4112 625 4164 que
655 4097 742 4150 die
771 4098 1089 4165 prmdicator
1116 4097 1402 4161 invenitur,
1433 4097 1648 4165 quando
1678 4113 1784 4151 non
1814 4106 1897 4151 est
1925 4098 2101 4150 niinnr

520 4188 649 4251 vita,
681 4202 840 4254 quam
884 4188 1022 4239 fatna
1053 4205 1065 4239 :
1098 4187 1312 4255 quando
1341 4189 1635 4242 electorum
1666 4205 1799 4243 voce
1831 4191 1915 4243 lau
1938 4194 2095 4255 tatur,

519 4276 616 4331 sed
647 4278 735 4344 qui
770 4276 950 4330 laudes
976 4276 1217 4343 audiunt,
1248 4292 1409 4330 onme
1438 4277 1580 4346 quod
1614 4278 1861 4343 audiunt,
1906 4280 1958 4332 in
1985 4281 2100 4347 ejus

521 4367 772 4421 laudabili
802 4368 1207 4420 conversatione
1232 4367 1526 4433 inveniunt,
1558 4376 1721 4437 atque
1746 4378 2096 4435 cognoscunt.

2199 3216 2322 3281 lem,
2352 3230 2416 3266 ne
2452 3210 2692 3281 evigilare
2722 3210 2933 3281 faciatis
2953 3210 3214 3270 dilectam,
3247 3226 3510 3279 quousque
3537 3211 3646 3278 ipsa
3665 3209 3761 3262 velit

2202 3304 2375 3376 (Cant.
2409 3318 2486 3367 Ill,
2513 3300 2588 3369 5).
2622 3300 2827 3355 Mentes
2854 3300 2998 3354 enim
3020 3298 3381 3369 perfectorem
3400 3314 3608 3368 sponsm
3621 3308 3757 3352 sunt:

2198 3394 2322 3461 quia
2346 3392 2469 3445 dum
2493 3398 2700 3446 secreto
2725 3388 2889 3442 divini
2910 3388 3107 3441 amoris
3135 3403 3196 3441 se
3218 3387 3366 3440 velut
3398 3389 3556 3457 213
3583 3388 3634 3441 in
3659 3388 3760 3440 tha-

2200 3482 2344 3535 lamo
2369 3480 2661 3543 collocant,
2692 3479 2766 3532 ibi
2792 3493 2888 3547 per
2914 3478 3173 3532 visionem
3206 3478 3505 3548 inveniunt,
3538 3482 3619 3530 cui
3645 3474 3762 3530 incl.

2198 3572 2345 3626 fabili
2384 3585 2571 3625 amore
2607 3569 2921 3638 junguntur.
2967 3566 3102 3621 Cum
3128 3582 3257 3636 ergo
3286 3583 3481 3636 Sponsa
3506 3566 3695 3622 dormit
3717 3568 3761 3620 in

2200 3662 2456 3723 thalamo,
2487 3658 2829 3727 conjungitur
2856 3672 3056 3725 sponso
3083 3675 3095 3709 :
3130 3656 3255 3725 quia
3284 3656 3410 3709 dum
3449 3655 3619 3709 electa
3646 3667 3763 3723 pra:-

2200 3751 2453 3808 dicatoris
2475 3750 2653 3804 anima
2675 3752 2726 3802 in
2750 3756 2955 3803 secreta
2973 3747 3431 3815 contemplatione
3448 3745 3760 3811 reconditur,

2197 3841 2348 3910 quasi
2393 3839 2445 3893 in
2492 3838 2677 3908 sponsi
2718 3836 2955 3891 thalamo
2995 3836 3312 3891 collocatur.
3354 3835 3455 3901 Qui
3486 3848 3615 3902 ergo
3642 3835 3763 3888 hanc

2198 3932 2438 3995 suscitat,
2469 3944 2671 3999 sponso
2702 3928 2842 3983 tollit
2869 3945 2881 3980 :
2925 3928 3049 3995 quia
3082 3928 3331 3981 nimirum
3362 3928 3574 3996 requies
3600 3927 3763 3981 electa:

2199 4023 2393 4076 animae
2433 4036 2540 4074 non
2570 4020 2743 4074 solum
2773 4034 2896 4082 sua,
2949 4017 3045 4072 sed
3075 4018 3235 4072 etiam
3261 4018 3556 4073 delectatio
3598 4016 3764 4087 sponsi

2200 4123 2300 4168 est.
2332 4112 2485 4167 Unde
2513 4122 2568 4167 et
2596 4128 2693 4180 per
2714 4110 3035 4180 prephetam
3062 4109 3258 4164 dicitur
3285 4127 3297 4161 :
3332 4107 3591 4163 Gaudebit
3623 4125 3765 4175 spon-

2199 4222 2286 4259 sus
2314 4222 2464 4271 super
2493 4220 2737 4271 sponsam
2768 4201 2933 4273 (Isai.
2959 4218 3066 4256 an
3084 4240 3098 4263 ,
3130 4200 3217 4269 5).
3252 4200 3444 4255 Merito
3473 4214 3603 4268 ergo
3624 4199 3764 4252 Jeru-

2200 4296 2368 4351 salem
2390 4293 2527 4349 ﬁlias
2541 4308 2768 4364 sponsus
2790 4292 3021 4361 adiurat,
3043 4300 3103 4345 ut
3123 4292 3192 4345 ab
3208 4292 3285 4345 eis
3306 4307 3524 4361 sponsa,
3547 4290 3764 4361 quandiu

2202 4384 2437 4439 dormire
2460 4382 2717 4448 voluerit,
2747 4397 2854 4436 non
2899 4381 3194 4435 excitetur:
3222 4396 3309 4445 ne,
3353 4380 3479 4433 dum
3506 4379 3595 4432 illa
3615 4378 3766 4443 surgit

522 4459 641 4524 Quo
667 4468 851 4513 contra
884 4456 1181 4513 Pharisteos
1224 4458 1507 4526 increpans
1537 4457 1822 4524 Dominus,
1853 4459 1929 4512 ait
1956 4477 1970 4512 :
2013 4460 2094 4513 l'a:

2207 4491 2236 4527 a
2266 4475 2449 4544 quiete
2488 4473 2738 4539 thalami,
2770 4470 2885 4539 ipse
2912 4469 3316 4539 perfruitionem
3344 4467 3534 4537 perdat
3564 4466 3765 4519 amoris.

522 4546 685 4613 vobis,
715 4546 932 4612 Scribaz,
965 4555 1012 4599 et
1044 4546 1299 4599 Phariswi
1318 4587 1332 4611 ,
1374 4548 1459 4617 qui
1486 4548 1676 4600 similes
1707 4548 1827 4601 estis
1852 4549 2099 4617 sepulcris

521 4635 793 4701 dealbatis,
825 4654 937 4708 qua:
966 4639 1093 4708 {oris
1122 4637 1355 4690 videntur
1378 4638 1668 4691 hominibus
1698 4639 1931 4707 pulchra,
1963 4641 2100 4695 intus

518 4738 690 4780 autem
711 4727 861 4791 plena
883 4739 998 4781 sunt
1022 4727 1218 4781 ossibus
1238 4738 1552 4782 mortuorum
1576 4728 1789 4800 (Matth.
1810 4746 1964 4792 χχιιι,
1984 4728 2098 4797 27).

521 4818 655 4874 llmc
686 4822 873 4873 iterum
900 4836 1035 4873 vane
1065 4821 1326 4897 gloriosos
1367 4820 1669 4874 inlidelibus
1695 4830 1990 4890 comparat,
2023 4820 2103 4874 di-

520 4928 648 4963 cens
677 4928 689 4963 :
718 4908 981 4973 Quomodo
1005 4914 1215 4981 potestis
1238 4913 1463 4978 credere,
1486 4914 1706 4983 gloriam
1725 4914 1787 4966 ab
1808 4915 2097 4967 hominibus

520 5000 827 5069 accipientes
859 5000 1033 5069 (Joan.
1063 5018 1113 5065 v,
1150 5000 1277 5068 ΗΠ
1306 5003 1363 5056 In
1395 5003 1479 5057 die
1527 5003 1743 5071 quidem
1792 5004 2094 5067 laudantur,

518 5092 610 5158 qui
640 5092 900 5159 ejusmodi
931 5103 1071 5157 sunt,
1115 5097 1205 5146 sed
1239 5110 1305 5149 eo
1334 5095 1420 5148 die
1452 5111 1557 5148 non
1586 5095 1949 5164 reperiuntur:
1970 5099 2094 5164 quia

519 5183 608 5249 qui
640 5199 823 5236 eorum
866 5183 1047 5237 laudes
1094 5185 1334 5249 audiunt,
1367 5186 1519 5253 quasi
1552 5188 1837 5241 candorem
1868 5189 2095 5257 sepulcri

520 5285 550 5321 a
574 5269 703 5324 foris
724 5271 1023 5340 aspiciunt;
1054 5275 1148 5327 sed
1174 5290 1294 5328 cum
1324 5276 1564 5330 laudatas
1583 5276 1806 5331 virtutes
1828 5289 2093 5346 quaerunt,

521 5359 662 5416 intus
687 5373 1028 5431 peccatorum
1060 5377 1269 5420 noctem
1296 5368 1446 5436 quasi
1477 5368 1647 5422 tristia
1677 5379 1836 5439 atque
1859 5374 2094 5440 putentia

520 5464 851 5509 mortuorum
881 5472 1001 5510 ossa
1031 5456 1325 5511 inveniunt.
1360 5458 1547 5512 Dicant
1572 5472 1721 5526 ergo,
1764 5475 1861 5529 pro
1890 5462 2092 5529 signili-

515 5542 689 5595 cauda
727 5559 849 5598 vera
881 5545 1047 5613 gloria
1082 5545 1210 5611 justi
1243 5563 1255 5598 :
1291 5544 1462 5598 Hodie
1488 5549 1746 5615 reperietis
1774 5565 1886 5601 eum
1916 5566 1934 5601 :
1966 5551 2089 5616 quia

520 5645 641 5685 cum
664 5631 791 5700 justi
823 5634 1129 5700 laudantur,
1182 5635 1234 5688 in
1281 5635 1506 5689 veritate
1551 5639 1973 5695 conversationis
2000 5643 2092 5696 Iza-

2205 4566 2458 4635 Egressus
2500 4577 2629 4630 ergo
2658 4562 2925 4618 Samuelis
2944 4567 3313 4630 exspectetur,
3342 4560 3466 4627 quia
3493 4558 3590 4611 vlri
3613 4554 3767 4610 sancti

2204 4656 2257 4707 in
2302 4660 2515 4708 secreto
2560 4651 2642 4705 sui
2684 4650 2882 4704 silentii
2929 4648 3217 4702 venerandi
3255 4655 3403 4713 sunt,
3448 4642 3766 4713 inquietaudi

2206 4761 2313 4800 non
2339 4752 2482 4798 sunt.
2533 4742 2592 4797 In
2622 4741 2839 4797 civitate
2881 4740 3040 4808 igitur
3068 4737 3466 4791 ascendendum
3508 4745 3618 4800 est;
3653 4734 3765 4803 quia

2204 4837 2409 4890 electus
2430 4835 2621 4888 doctor
2646 4833 2700 4885 in
2730 4831 2998 4885 communi
3026 4829 3148 4882 loco
3176 4827 3435 4881 doctrina:
3456 4834 3605 4878 tanto
3636 4824 3769 4877 lucro

2205 4925 2317 4979 suis
2354 4923 2599 4989 videtur,
2639 4929 2842 4990 quanto
2881 4927 2939 4973 ut
2978 4919 3176 4987 prosit,
3222 4919 3372 4970 exire
3417 4916 3764 4982 cognoscitur.

2206 5014 2322 5080 Quo
2343 5014 2396 5067 in
2418 5013 2538 5067 loco
2556 5010 2869 5076 notandum,
2898 5009 3021 5076 quia
3045 5007 3112 5060 de
3131 5004 3383 5059 Samnele
3412 5019 3518 5057 non
3545 5003 3731 5057 dicitur
3752 5016 3764 5049 :

2204 5100 2375 5155 Hodie
2395 5099 2637 5154 ascendit
2665 5100 2715 5152 in
2748 5097 2993 5160 civitate,
3023 5094 3141 5159 sed,
3175 5094 3325 5147 hodie
3359 5102 3493 5146 vent
3520 5094 3572 5145 in
3600 5092 3765 5143 civita-

2203 5203 2302 5246 tem
2328 5209 2346 5244 :
2376 5190 2442 5245 de
2470 5188 2633 5243 Saule
2662 5197 2867 5254 autem,
2895 5194 2951 5240 et
2979 5200 3147 5254 puero
3184 5201 3196 5236 :
3236 5199 3340 5237 non
3376 5189 3659 5241 venerunt.
3685 5175 3765 5231 sel

2204 5284 2578 5347 ascenderunt,
2637 5282 2850 5335 dicitur.
2903 5278 2997 5331 Ille
3044 5277 3186 5331 enim
3231 5274 3379 5327 velut
3424 5288 3520 5342 per
3564 5271 3764 5338 planum

2208 5375 2370 5438 venit,
2404 5374 2500 5427 iste
2529 5372 2677 5425 velut
2706 5370 2755 5422 in
2787 5369 2893 5421 alta
2932 5366 3263 5421 conscendit.
3312 5362 3449 5429 Quid
3495 5361 3638 5415 aliud
3684 5370 3765 5425 per

2206 5464 2311 5516 hoc
2341 5462 2494 5515 nobis
2522 5458 2842 5525 ostenditur,
2868 5458 2968 5511 nisi
3001 5457 3124 5525 quia
3156 5454 3313 5523 plana
3342 5468 3460 5520 qua:
3491 5452 3764 5519 loquuntur

2203 5554 2601 5623 pranlicatores,
2630 5550 2785 5604 nobis
2810 5548 2971 5618 plana
3003 5563 3107 5601 non
3137 5544 3294 5599 sunt?
3323 5544 3377 5597 ln
3410 5542 3627 5595 civitate
3649 5551 3765 5604 ergo

2203 5660 2307 5699 non
2340 5644 2598 5709 \‘Cnitnus,
2624 5642 2715 5695 scd
2734 5640 3092 5705 ascendimus,
3116 5636 3327 5707 (pratulo
3351 5641 3444 5688 aut
3463 5633 3620 5704 plana
3647 5644 3760 5702 pne-
