3962 6270
184 327 275 382 E’lil

994 318 1053 371 IN
1097 317 1246 370 [‘th
1265 317 1358 371 ΠΜ
1400 314 1639 370 REGUM
1681 316 2199 372 EXPOSITIONES.
2246 348 2308 358 -—
2348 319 2475 374 LIB.
2517 320 2607 375 IV.

3331 325 3436 377 21ὶέ

180 433 450 491 dicationis
488 432 775 488 difficulter
802 434 1109 503 aSpicimus,
1149 442 1243 487 aut
1270 448 1451 502 parva,
1475 448 1594 501 quin
1621 450 1757 502 prai-
1791 448 1830 501 Α
1860 432 2066 488 ctitudo
2115 433 2446 487 intentionis.
2492 434 2658 488 Recte
2714 447 2842 500 ergo
2902 442 3028 487 ante
3084 449 3242 486 unam
3295 436 3437 491 diem

183 526 431 594 cipiniur,
484 540 612 578 cum
644 524 825 578 labore
854 533 1150 593 portamus.
1199 524 1307 578 Sed
1345 524 1469 592 quia
1518 532 1661 578 stare
1702 526 1753 579 in

180 619 406 681 civitate,
428 615 693 667 munitum
724 630 843 669 esse
868 624 969 680 est,
1002 616 1203 669 idcirco
1230 614 1601 680 ascendimus;
1632 617 1755 682 quia

184 722 294 762 cum
325 720 420 758 nos
444 705 643 757 summi
668 704 771 757 viri
802 720 964 772 parva
994 705 1134 759 bona
1164 717 1323 771 agere
1357 704 1572 769 docent,
1604 705 1757 757 mali-

185 811 395 865 gnorum
421 794 706 862 spirituum
747 795 983 849 consiliis
1021 796 1367 864 acquiescere
1405 796 1756 850 vehementer

190 889 476 957 prohibent.
507 886 576 939 Et
614 887 737 954 quia
766 888 921 941 valde
949 888 1271 942 laboriosum
1299 896 1405 953 est,
1433 888 1612 977 omnia
1642 896 1758 941 ten-

188 985 409 1030 lamenta
433 976 671 1039 vincere,
703 974 769 1028 ad
796 978 956 1030 verba
982 976 1283 1040 doctorum,
1314 990 1433 1045 qua:
1474 974 1576 1029 hoc
1605 975 1758 1029 nobis

190 1066 504 1135 praecipiunt,
527 1066 682 1133 quasi
708 1081 803 1135 per
824 1080 1078 1121 ascensus
1098 1066 1334 1120 laborem
1351 1080 1606 1119 conamur
1633 1080 1755 1133 per-

185 1156 379 1211 venire.
426 1154 531 1209 Sed
562 1154 691 1221 quia
732 1155 988 1223 scriptum
1038 1163 1152 1217 est,
1214 1154 1356 1221 quod
1390 1152 1759 1224 Unusquisque

194 1243 480 1300 mercedem
522 1244 760 1313 accipiet
799 1245 1091 1299 secundum
1121 1245 1276 1299 suum
1320 1245 1561 1299 laborem
1594 1244 1759 1312 (quod

196 1334 425 1390 nimirum
450 1348 558 1385 non
586 1334 763 1387 solum
785 1332 851 1386 de
871 1343 1071 1387 interna
1099 1334 1453 1387 retributione
1479 1332 1758 1402 accipitur,

188 1424 284 1478 sed
309 1424 460 1476 etiam
490 1422 559 1476 de
603 1423 885 1491 praesenti)
913 1424 1253 1493 omnipotens
1280 1423 1420 1477 Deus
1445 1439 1542 1492 pro
1571 1424 1760 1476 merito

198 1513 395 1582 operis,
434 1511 629 1566 electis
656 1513 767 1566 suis
791 1513 975 1565 tribuit
1002 1521 1285 1580 augmenta
1317 1513 1527 1566 virtutis
1558 1513 1607 1582 (Ι
1640 1512 1758 1567 Cor.

188 1618 279 1664 iii,
309 1600 389 1669 8).
422 1600 552 1654 Nam
582 1609 642 1655 et
672 1602 897 1655 Abrahae
946 1601 1056 1655 lilio
1100 1618 1207 1656 non
1247 1602 1490 1670 parcenti
1524 1604 1716 1657 dicitur
1745 1621 1757 1656 :

196 1690 295 1744 Per
318 1692 668 1758 memetipsum
687 1692 859 1760 jnravi
882 1706 899 1744 :
926 1693 1046 1761 quia
1077 1694 1241 1761 fecisti
1270 1709 1376 1745 rem
1402 1693 1553 1756 lianc,
1584 1702 1632 1745 et
1662 1710 1763 1745 non

200 1780 450 1848 pepercisti
469 1781 579 1847 [ilio
606 1789 813 1849 propter
838 1798 916 1833 me
939 1797 956 1834 :
986 1779 1279 1834 benedicam
1311 1782 1420 1843 tibi,
1448 1792 1495 1836 et
1516 1784 1762 1853 multipli-

200 1867 313 1919 cabo
352 1882 519 1919 semen
551 1875 700 1920 tuum
750 1866 899 1928 (Gen.
932 1884 1071 1933 xxii,
1106 1868 1216 1934 {6).
1251 1868 1575 1940 Plerumque
1601 1873 1764 1937 enim,

202 1957 285 2024 qui
306 1956 525 2010 ﬁdeliter
547 1957 822 2021 laborant,
852 1959 904 2011 in
935 1957 1192 2014 faciendis
1220 1960 1282 2014 iis
1303 1975 1422 2028 quae
1449 1963 1645 2025 sciunt,
1676 1978 1773 2031 per

204 2045 418 2098 divinam
438 2046 671 2112 gratiam
695 2046 919 2114 majora,
953 2064 1069 2116 quin
1099 2058 1277 2116 agant,
1308 2066 1635 2119 cognoscere
1660 2068 1773 2107 me-

205 2141 392 2187 rentur.
433 2133 490 2187 ln
534 2149 768 2201 quorum
810 2144 939 2206 typo
967 2138 1105 2191 bene
1135 2138 1264 2192 Saul
1294 2140 1346 2193 in
1384 2140 1600 2196 civitate
1627 2143 1775 2211 prius

209 2223 480 2279 ascendere
508 2223 728 2289 dicitur,
762 2226 815 2279 in
842 2226 1111 2281 excelsum
1138 2236 1322 2297 postea
1352 2245 1382 2283 a
1406 2230 1653 2285 Samuele
1677 2231 1776 2285 du-

209 2324 315 2371 ctus
342 2318 672 2383 perhibetur.
706 2319 904 2373 Verum
931 2320 1143 2374 obviam
1172 2322 1377 2385 venire,
1407 2331 1490 2375 est
1515 2336 1611 2390 per
1631 2336 1770 2374 eani-

212 2406 320 2460 dem
358 2408 491 2461 viam
542 2409 785 2463 venienti
833 2425 1139 2465 occurrere.
1188 2409 1323 2465 Cum
1361 2426 1490 2479 ergo
1519 2426 1549 2464 a
1577 2412 1776 2465 sanctis

214 2494 646 2562 prtedicatoribus
676 2500 858 2553 salutis
886 2500 1026 2552 viain
1070 2500 1276 2554 discere
1302 2502 1544 2555 volumus
1564 2544 1579 2567 ,
1625 2502 1777 2555 nobis

214 2586 409 2654 quidem
438 2588 656 2641 obviam
688 2589 927 2656 veniunt,
977 2590 1191 2657 quando
1219 2606 1340 2643 cum
1374 2592 1534 2645 verbo
1569 2591 1773 2652 salutis,

214 2678 341 2746 quod
364 2678 683 2746 quaerimus,
741 2688 1044 2734 occurrunt.
1094 2680 1258 2747 Quasi
1289 2682 1429 2735 enim
1476 2682 1663 2735 eadem
1693 2682 1775 2735 via

215 2770 431 2831 veniunt,
466 2786 590 2824 cuin
612 2770 671 2833 id
697 2787 794 2824 nos
823 2771 1019 2825 docere
1046 2772 1326 2834 festinant,
1359 2774 1503 2841 quod
1534 2788 1630 2826 nos
1652 2788 1777 2840 pro-

213 2862 468 2928 posuimus
488 2861 723 2916 discere.
750 2860 866 2916 Hoc
892 2861 1132 2931 profecto
1161 2863 1365 2917 morale
1391 2872 1472 2917 est
1500 2863 1771 2917 omnium:

214 2948 251 2999 si
278 2948 410 3002 enim
450 2963 513 3002 ea
540 2964 667 3017 qua:
696 2948 1046 3018 spiritualiter
1085 2950 1399 3019 quibusdam
1441 2958 1774 3019 competunt,

215 3036 526 3105 indagamus,
573 3039 791 3093 obviam
830 3040 1001 3104 venit;
1050 3041 1172 3109 quia
1211 3041 1564 3094 ordinandum
1594 3055 1775 3108 regem

214 3128 270 3180 ad
298 3144 351 3182 se
386 3130 565 3183 venire
605 3129 1005 3199 praicognoscit.
1064 3126 1215 3183 Unde
1252 3138 1429 3183 autem
1460 3139 1769 3198 cognoscat,

211 3216 492 3283 aljungitur
517 3235 531 3270 :

278 3328 441 3397 (Veis.
476 3328 559 3393 15,
603 3328 712 3397 16.)
744 3327 997 3381 Dominus
1026 3337 1192 3381 autem
1225 3328 1535 3382 revelaverat
1563 3328 1773 3380 auricu-

217 3418 310 3469 lam
333 3419 583 3473 Samuelis
616 3434 735 3472 an'e
760 3435 914 3471 unam
945 3419 1096 3483 diem,
1127 3435 1279 3490 quam
1300 3420 1493 3471 veniret
1520 3418 1668 3479 Saul,
1695 3418 1775 3469 di-

219 3524 353 3560 ceris:
393 3508 503 3561 Hac
530 3511 669 3578 ipsa,
699 3525 812 3580 quia
850 3525 985 3561 nunc
1026 3520 1120 3573 est,
1152 3510 1298 3569 liora,
1332 3524 1448 3561 cras
1477 3510 1676 3560 mittam
1706 3508 1774 3560 ad

222 3604 264 3646 te
288 3596 429 3648 cirum
459 3598 522 3649 de
562 3608 702 3650 terra
747 3597 1037 3667 lii-njamin,
1067 3606 1117 3649 et
1146 3613 1304 3665 unges
1343 3613 1452 3649 eum
1484 3596 1661 3649 ducem
1688 3613 1775 3649 su-

218 3701 301 3754 per
325 3688 553 3755 populant
581 3704 749 3739 meum
776 3686 963 3753 Israel,
992 3698 1041 3739 et
1067 3684 1286 3739 salvabit
1324 3686 1567 3754 populum
1608 3702 1774 3739 meum

224 3776 281 3828 de
304 3793 449 3829 manu
479 3776 817 3830 Philistliiim.

283 3866 363 3920 Μ.
396 3867 529 3921 Exiit
556 3882 689 3937 ergo
719 3870 767 3923 ei
813 3869 1050 3933 obviam,
1087 3868 1227 3922 utin
1264 3867 1534 3922 excelsum
1578 3867 1771 3922 ducat:

208 3955 329 4020 quia
358 3956 415 4020 is,
440 3957 529 4023 qui
557 3958 625 4008 ad
648 3966 846 4009 sancta:
876 3955 1014 4010 Eccl~
1035 3958 1126 4010 site
1156 3956 1390 4024 regimen
1419 3957 1692 4023 quieritur,
1722 3964 1777 4008 et

223 4043 381 4097 divino
425 4059 647 4099 munere
688 4046 1134 4100 demonstrandus
1162 4053 1265 4109 est,
1309 4054 1363 4099 et
1391 4045 1455 4099 ad
1494 4047 1774 4100 sublimem

208 4136 667 4189 conversationem
711 4136 1003 4190 vocandus.
1053 4135 1306 4188 Auricula
1336 4133 1623 4199 Samuelis,
1652 4135 1775 4203 quia

222 4222 512 4277 diminutive
532 4225 750 4290 dicitur,
775 4226 901 4293 quid
924 4226 1185 4293 designat,
1212 4225 1312 4279 nisi
1341 4226 1592 4279 humilem
1617 4225 1779 4296 214,

226 4314 609 4381 intelligentiam
640 4316 878 4370 doctoris
905 4316 1157 4385 spiritalis
1183 4316 1205 4368 ?
1232 4315 1485 4369 Auricula
1516 4330 1647 4384 ergo
1692 4332 1777 4372 re-

214 4402 413 4456 velatur
442 4420 471 4456 a
504 4405 747 4468 Domino,
772 4406 986 4473 quando
1018 4405 1232 4459 humilis
1262 4406 1610 4474 intelligentia
1641 4422 1774 4475 prte-

216 4491 454 4547 dicatoris
495 4510 525 4547 a
554 4493 755 4564 Spiritu
789 4506 978 4551 sancto
1007 4497 1322 4561 in-truitur;
1374 4504 1430 4549 ut
1456 4512 1574 4564 qua:
1606 4498 1772 4552 factu-

228 4596 308 4634 rus
345 4591 442 4647 est,
486 4584 689 4649 audiat,
744 4593 798 4641 et
827 4586 1004 4639 audita
1055 4586 1323 4656 disponat.
1369 4587 1472 4640 Sed
1511 4588 1777 4641 subtiliter

228 4681 298 4724 est
343 4673 647 4729 intuendum
676 4677 817 4744 quod
858 4677 1057 4731 dicitur
1082 4696 1095 4730 :
1125 4682 1257 4731 Ante
1286 4696 1439 4732 unam
1468 4680 1623 4733 diem.
1659 4680 1779 4734 Dies

222 4759 352 4811 enim
382 4771 459 4814 est
487 4763 589 4815 vita
608 4760 761 4830 justi,
789 4764 957 4819 Paulo
986 4775 1296 4831 attestante,
1330 4768 1418 4834 qui
1447 4776 1547 4819 at:
1583 4766 1778 4821 Fuistis

224 4850 480 4919 aliquando
502 4854 739 4923 tenebrie,
762 4872 896 4908 nunc
920 4867 1086 4910 aufem
1114 4859 1205 4911 lux
1232 4859 1285 4911 in
1321 4859 1538 4913 Domino
1563 4858 1776 4929 (Ep/tes.

225 4954 272 5004 ν,
298 4940 368 5009 8).
399 4944 619 5009 Quando
649 4956 826 5001 autent
858 4949 963 5002 vita
991 4949 1147 5003 electi
1178 4949 1497 5014 ostenditur,
1541 4950 1657 5005 dies
1696 4951 1778 5004 la-

224 5037 331 5086 tens
376 5035 652 5090 revelatur.
706 5036 837 5090 Nam
882 5038 1049 5092 homo
1090 5039 1235 5093 videt
1281 5049 1595 5108 praetextum
1647 5041 1773 5095 boni

226 5124 405 5189 operis,
436 5124 572 5179 Deus
614 5136 793 5182 autem
822 5128 991 5183 lucem
1037 5130 1231 5185 cordis.
1265 5131 1397 5196 Quia
1429 5145 1559 5197 ergo
1596 5131 1772 5191 electi.

226 5218 277 5263 et
301 5215 502 5281 reprobi
547 5216 841 5272 intentione
888 5220 1065 5273 cordis
1112 5220 1407 5274 absconditi
1453 5229 1599 5283 sunt,
1652 5231 1776 5275 ante

229 5310 372 5351 etiam
415 5301 555 5355 diem
599 5303 849 5358 Dominus
896 5306 1201 5360 venientem
1263 5322 1442 5373 regem
1498 5310 1771 5375 insinuat;

228 5392 422 5455 quando
450 5408 543 5461 per
569 5395 680 5462 ejus
707 5397 931 5463 gratiam
971 5399 1138 5451 sancti
1183 5400 1557 5466 praedicatores
1613 5415 1774 5468 agno-

229 5486 370 5532 scunt
395 5480 445 5535 in
474 5482 569 5547 eis,
592 5487 679 5551 qui
712 5485 1057 5553 promovendi
1087 5495 1230 5551 sunt,
1255 5488 1621 5542 testimonium
1644 5490 1769 5544 boni

233 5568 395 5631 operis
462 5574 759 5639 praecedere
844 5576 1129 5644 puritatem
1200 5577 1531 5631 intentionis.
1616 5580 1768 5634 Nu'la

235 5654 363 5709 enini
422 5667 505 5713 est
566 5659 656 5716 lux
711 5661 931 5730 operis,
996 5678 1156 5732 quam
1223 5680 1327 5719 non
1386 5669 1635 5735 praecedit
1688 5684 1775 5724 re-

1857 540 1954 577 rex
1988 519 2319 577 ordinandus
2365 527 2687 593 agnoscitur.
2733 527 2837 579 Sed
2876 526 3293 593 subsequentem
3322 528 3443 597 qui-

1857 611 1977 664 dem
2010 610 2148 663 diem
2186 626 2291 663 non
2323 614 2610 679 aspiciunt,
2645 613 2741 667 nisi
2772 628 2838 666 ex
2889 613 3225 681 praicedente
3255 627 3445 670 nasca-

1860 706 1987 751 tur:
2038 706 2096 751 ut
2123 698 2265 751 diem
2300 708 2425 753 ante
2452 700 2591 753 diem
2624 701 2973 755 intentionem
3013 711 3139 754 ante
3173 704 3447 770 operatio-

1859 804 1980 842 nem
2030 787 2390 851 considerent,
2443 798 2498 842 et
2528 804 2557 841 a
2588 789 2699 842 Deo
2739 790 2957 842 missum
2988 790 3040 843 in
3074 790 3192 843 luce
3235 800 3441 844 sanctae

1858 878 2185 945 nperationis
2229 878 2513 945 aspiciant,
2546 892 2704 945 quem
2756 878 2937 932 lucere
2969 893 3063 945 per
3111 880 3448 947 propositum

1858 966 2033 1019 cordis
2054 966 2231 1019 divina
2260 967 2430 1034 gratia
2461 968 2814 1021 demonstrat.
2839 966 2903 1019 Et
2923 967 3047 1036 quia
3066 967 3255 1020 eadem
3284 969 3442 1034 hora,

1859 1073 1962 1126 qua
1985 1057 2332 1126 promittitur,
2352 1058 2667 1112 exhibetur:
2690 1058 2815 1128 quid
2828 1058 2920 1111 dat
2939 1058 3184 1125 intelligi,
3202 1059 3299 1112 nisi
3322 1060 3447 1128 quia

1861 1145 2130 1214 perfectus
2158 1147 2318 1201 debet
2348 1162 2488 1212 esse,
2522 1149 2612 1217 qui
2642 1150 2878 1217 eligitur,
2909 1165 3015 1203 non
3046 1151 3219 1203 solum
3251 1165 3447 1219 corpo-

1862 1253 1939 1299 re,
1971 1235 2066 1290 sed
2096 1238 2319 1291 mente?
2368 1236 2499 1290 Nam
2544 1238 2760 1307 quando
2806 1238 2948 1293 Deus
2978 1239 3218 1307 loquitur
3245 1240 3449 1295 sanctis

1862 1329 2007 1391 viris,
2038 1330 2196 1399 plena
2248 1332 2338 1384 lux
2393 1330 2501 1385 diei
2547 1342 2650 1386 est.
2701 1332 2873 1387 Habet
2907 1350 3138 1404 namque
3181 1336 3444 1403 originem

1862 1420 1994 1481 dies,
2029 1420 2189 1473 habet
2210 1429 2263 1472 et
2295 1420 2470 1475 linem.
2502 1421 2657 1476 Juxta
2688 1422 2846 1478 finem
2870 1434 3215 1493 peccatorum
3245 1428 3441 1494 arguit,

1863 1507 2043 1561 dicens
2070 1525 2082 1560 :
2108 1508 2296 1576 Adam,
2327 1509 2411 1563 ubi
2455 1528 2505 1564 es
2538 1512 2690 1581 (Cen.
2727 1528 2801 1575 iii,
2834 1512 2931 1582 2)?
2963 1514 3024 1566 Et
3059 1517 3183 1582 quia
3226 1532 3325 1570 ncc
3353 1519 3447 1585 qui

1865 1596 2006 1649 bona
2058 1597 2338 1665 incipiunt,
2394 1615 2493 1653 nec
2520 1601 2611 1667 qui
2642 1616 2670 1653 a
2718 1602 2862 1655 bono
2900 1618 3065 1670 opere
3112 1604 3444 1673 torpescunt,

1866 1683 2215 1752 promovendi
2257 1694 2400 1743 sunt.
2434 1686 2567 1739 liora
2598 1686 2846 1755 perlecta:
2876 1688 3162 1744 locutionis
3191 1693 3448 1761 pradica-

1870 1781 1955 1827 tor
1984 1774 2229 1837 mittitur,
2269 1777 2484 1844 quando
2524 1777 2646 1831 talis
2689 1779 2991 1844 exhibetur,
3022 1781 3115 1849 qui
3146 1782 3302 1850 plena
3351 1784 3455 1838 ful—

1871 1875 1993 1932 geat
2035 1867 2152 1919 luce
2192 1866 2318 1919 boni
2346 1872 2544 1935 opt-ris,
2576 1876 2630 1921 et
2669 1869 2826 1936 pleno
2857 1871 3194 1938 resplendeat
3241 1872 3450 1940 fulgora

1874 1954 2132 2009 veritatis.
2183 1954 2284 2020 ρ,ιί
2316 1957 2475 2009 etiam
2524 1958 2602 2010 vir
2653 1959 2720 2011 de
2777 1970 2915 2012 terra
2962 1959 3238 2029 Beniamin
3271 1965 3451 2020 vciiire

1874 2044 2211 2099 describitur.
2241 2046 2332 2099 Vir
2354 2047 2497 2114 quid:
2518 2062 2568 2100 ni
2610 2047 2821 2113 dicitur,
2854 2064 2951 2117 pro
2981 2051 3159 2119 operis
3181 2052 3366 2105 furtitu
3406 2054 3452 2106 i-

1876 2150 1943 2188 iie
1975 2151 1990 2201 ;
2021 2141 2087 2190 de
2132 2146 2273 2189 terra
2300 2136 2599 2206 Benjamin,
2634 2153 2731 2207 pro
2762 2149 2906 2193 recta
2939 2139 3062 2194 lidei
3090 2140 3448 2199 confessione.

1876 2222 2161 2292 Beniamin
2191 2225 2405 2293 quidem
2437 2226 2632 2279 dicitur
2662 2225 2801 2281 ﬁlius
2840 2228 3095 2282 dexterae.
3154 2229 3282 2296 Quis
3324 2246 3453 2299 ergo

1876 2314 1964 2368 hic
1988 2299 2123 2369 liliu's
2152 2315 2357 2369 dextra:
2384 2316 2601 2380 ditillll‘,
2633 2332 2791 2384 quani
2826 2317 2933 2379 ille,
2967 2316 3035 2371 de
3058 2334 3166 2386 quo
3195 2321 3451 2388 scriptum

1878 2412 1996 2457 est:
2034 2404 2275 2457 Ascendit
2320 2407 2372 2457 in
2413 2408 2615 2468 caelum,
2658 2406 2798 2458 sedet
2847 2407 2913 2458 ad
2956 2407 3224 2481 dexteram
3276 2409 3451 2462 Patris

1879 2492 2071 2562 (Marc.
2105 2509 2210 2557 xvi,
2244 2492 2376 2561 19)?
2410 2492 2574 2547 Terra
2602 2509 2731 2562 ergo
2752 2494 3026 2560 Beniamin
3059 2505 3240 2549 sancta
3270 2495 3453 2551 Eccle-

1876 2583 1953 2635 sia
1983 2590 2084 2634 est.
2117 2582 2249 2647 Quia
2272 2597 2400 2650 ergo
2429 2583 2662 2637 Ιιιιπειίιί
2687 2588 2755 2636 ab
2782 2583 2884 2638 hac
2915 2593 3053 2638 terra
3078 2586 3285 2654 expulsi
3308 2596 3452 2651 sunt,

1876 2671 1943 2727 de
1974 2680 2116 2726 terra
2148 2672 2187 2724 Β
2222 2673 2419 2740 njamin
2446 2677 2591 2728 venit
2611 2689 2726 2740 rex,
2758 2677 2974 2744 quando
3002 2692 3106 2730 non
3136 2679 3312 2746 aliqua
3342 2680 3452 2732 Ιιω-

1876 2764 1981 2816 resi
2001 2766 2253 2831 pollutus,
2281 2766 2372 2817 sed
2402 2764 2503 2817 lido
2524 2766 2819 2819 catholicus
2841 2777 3042 2821 sancite
3068 2766 3317 2824 Ecclesia:
3350 2771 3451 2837 pri-

1878 2864 2079 2907 matum
2129 2856 2370 2923 suscipit.
2424 2856 2523 2921 Qui
2551 2856 2650 2909 viri
2699 2858 2969 2924 praeconio
3016 2857 3230 2925 fruitur,
3262 2858 3306 2913 si
3356 2861 3453 2915 lida

1879 2948 2060 2998 lirmus
2090 2956 2193 3013 est,
2221 2955 2536 3014 operatione
2564 2944 2735 3000 fortis.
2768 2945 2867 3000 Hic
2895 2946 3146 3000 nimirum
3173 2963 3336 3018 super
3356 2964 3453 3017 po-

1877 3036 2059 3104 pulum
2091 3037 2299 3090 Domini
2345 3036 2453 3090 ditx
2487 3037 2611 3104 ungi
2642 3047 2979 3107 praeeipitur:
3012 3049 3138 3108 quia
3184 3040 3451 3094 exteriom

1877 3135 2208 3179 sacramenta
2229 3126 2603 3181 sacerdotibus
2628 3126 2728 3179 illis
2752 3135 2996 3195 prosunt,
3023 3128 3110 3195 qui
3136 3128 3450 3182 rorumdem

1876 3226 2334 3270 Sacramentorum
2357 3216 2513 3270 donis
2541 3215 2740 3284 indigni
2764 3232 2871 3271 non
2900 3225 3041 3270 sunt.
3076 3216 3171 3271 Vel
3199 3220 3453 3272 sacerdo-

1878 3320 1956 3362 tes
1987 3318 2275 3377 unguntur,
2321 3308 2537 3377 quando
2576 3323 2673 3378 per
2699 3308 3060 3362 ordinantiuin
3099 3324 3159 3363 se
3204 3310 3450 3364 ministe-

1875 3398 2032 3463 rium,
2064 3400 2355 3467 gratiarum
2387 3397 2741 3468 Spiritualium
2771 3398 3099 3452 incrementa
3130 3399 3452 3467 percipiunt.

1878 3486 2029 3542 Unde
2058 3500 2111 3542 et
2138 3489 2377 3556 sequitur
2403 3506 2416 3539 :
2448 3488 2682 3542 Salvabit
2709 3490 2951 3558 populum
3001 3505 3164 3542 meum
3204 3489 3267 3542 de
3299 3506 3454 3543 manu

1878 3578 2211 3632 Pliilistliiim.
2250 3577 2572 3632 Velutuncti
2609 3581 2817 3633 salvare
2861 3579 3001 3632 alios
3034 3589 3294 3645 iniussunt;
3324 3578 3450 3646 quia

1874 3672 2137 3741 spiritales
2166 3672 2364 3740 gratias
2389 3672 2746 3725 abundantius
2776 3687 2826 3741 pi
2845 3680 3151 3740 rceperunt.
3200 3673 3329 3725 Nam
3356 3676 3451 3741 qui

1876 3762 2129 3831 populum
2162 3762 2392 3825 salvant,
2447 3776 2612 3829 super
2656 3761 2909 3829 populum
2941 3762 3087 3814 uncti
3132 3772 3293 3814 sunt:
3325 3763 3451 3828 quia

1874 3852 1963 3918 qui
1994 3866 2024 3904 a
2051 3850 2277 3905 Domino
2305 3850 2370 3903 ad
2401 3850 2667 3918 regendos
2688 3850 2824 3903 alios
2845 3849 3180 3915 ordinantur,
3203 3850 3453 3918 spiritua-

1875 3938 1943 3991 lia
1971 3940 2353 3993 charismatum
2382 3938 2542 4001 dona,
2574 3937 2769 4006 quibus
2811 3937 2889 3990 eis
2926 3936 3181 4005 prodesse
3207 3947 3451 4006 possunt,

1875 4031 2181 4099 accipiunt;
2213 4039 2267 4084 et
2308 4032 2405 4094 eis,
2455 4044 2591 4098 quos
2638 4029 2827 4083 ordine
2875 4028 3203 4098 prmcedunt,
3250 4032 3454 4086 meritis

1875 4122 2036 4175 etiam
2083 4122 2389 4191 superiores
2435 4130 2576 4176 sunt.
2634 4117 2701 4171 Et
2742 4120 2865 4187 quia
2917 4120 3229 4189 plerumque
3282 4122 3455 4177 bonus

1876 4224 2059 4286 pastor
2087 4214 2279 4268 merito
2306 4214 2461 4268 bona:
2489 4212 2659 4282 plebis
2686 4212 2924 4282 eligitur,
2947 4215 3084 4269 bene
3110 4214 3450 4284 subiunctum

1876 4314 1959 4360 est
1982 4322 1998 4357 :

1948 4413 2125 4482 (Vers.
2158 4412 2268 4480 16.)
2302 4411 2436 4476 Quia
2465 4414 2669 4481 respexi
2697 4414 2939 4480 papulum
2970 4431 3154 4468 meum.

1952 4502 1970 4555 l
1997 4518 2080 4556 ein
2101 4503 2223 4570 quia
2259 4504 2461 4569 magnis
2491 4504 2737 4571 precibus
2765 4519 2795 4555 a
2821 4504 3048 4559 Domino
3073 4504 3247 4559 bonus
3275 4516 3450 4575 pastor

1880 4593 2199 4660 quierendus
2221 4600 2325 4657 est,
2355 4592 2600 4644 subdizur
2624 4609 2637 4643 :

1956 4681 2130 4750 (Vers.
2166 4680 2275 4748 lli.)
2329 4679 2477 4732 Venit
2503 4681 2699 4732 clamor
2723 4696 2895 4732 eorum
2924 4679 2993 4731 ad
3022 4696 3120 4732 me.

1953 4768 2042 4823 42.
2073 4768 2177 4822 Sed
2212 4768 2435 4822 fortasse
2466 4768 2705 4821 iiOnnulli
2752 4776 3052 4829 moventur,
3095 4768 3219 4835 quia
3249 4776 3460 4823 contra-

1880 4860 2016 4913 rium
2047 4858 2276 4923 videtur,
2309 4858 2449 4925 quod
2482 4857 2569 4910 hic
2608 4858 2822 4923 dicitur,
2849 4864 2903 4910 et
2930 4858 3071 4924 quod
3101 4857 3347 4925 superius
3376 4862 3447 4910 di-

1882 4952 2123 5007 cebatur.
2153 4951 2227 5005 lbi
2257 4951 2400 5004 enim
2426 4950 2500 5001 ait
2528 4966 2541 5002 :
2578 4947 2630 5000 Ν
2638 4966 2701 5000 οη
2729 4958 2774 5001 te
2803 4948 3117 5018 abjecerunt,
3146 4948 3237 5001 sed
3260 4965 3359 5013 me,
3393 4967 3451 5003 iis

1878 5058 2081 5111 regnem
2124 5057 2276 5109 super
2302 5056 2405 5102 eos,
2442 5039 2594 5109 juxta
2624 5039 2797 5091 omnia
2837 5054 2990 5108 opera
3028 5055 3142 5102 sua,
3173 5056 3286 5110 qua:
3316 5042 3451 5110 fere-

1878 5144 1997 5185 runt
2024 5150 2056 5185 a
2096 5132 2199 5196 die,
2255 5147 2354 5200 qua
2403 5130 2557 5182 eduxi
2596 5145 2682 5181 eos
2721 5129 2783 5181 de
2820 5138 2956 5181 terra
3002 5128 3246 5199 Egypti,
3297 5147 3453 5201 usque

1878 5226 1958 5291 2';
1989 5224 2039 5292 5
2067 5222 2119 5273 in
2145 5221 2277 5273 diem
2308 5220 2438 5271 lianc
2466 5217 2516 5289 (Ι
2538 5218 2663 5289 Reg.
2694 5234 2803 5282 viii,
2830 5218 2906 5285 7).
2937 5217 3087 5272 Nunc
3126 5236 3255 5273 vero
3284 5220 3411 5273 dicit
3435 5237 3450 5276 :

1884 5312 2057 5379 Unges
2079 5327 2191 5363 eum
2221 5311 2398 5362 ducem
2422 5326 2574 5377 super
2601 5310 2844 5380 populum
2872 5326 3036 5362 meum
3068 5308 3257 5373 Israel,
3280 5320 3328 5363 et
3348 5312 3447 5364 sul-

1879 5400 2013 5453 tiubit
2040 5400 2279 5469 populum
2302 5414 2465 5451 meum
2497 5399 2559 5451 de
2580 5415 2735 5452 manu
2761 5398 3038 5452 Pliilistiim
3061 5414 3079 5453 :
3108 5401 3229 5471 quia
3255 5417 3453 5467 respexi

1883 5494 2123 5561 populum
2154 5507 2347 5543 meum:
2377 5492 2510 5543 venit
2536 5492 2671 5544 enim
2700 5490 2895 5545 clamor
2916 5507 3092 5545 eorum
3121 5492 3190 5543 ad
3218 5508 3314 5545 me.
3348 5493 3453 5545 Stl-

1884 5583 2061 5651 pcrius
2089 5580 2241 5650 quasi
2270 5580 2336 5635 ab
2363 5580 2498 5635 irato
2539 5596 2633 5636 rex
2658 5582 2891 5636 ordinari
2922 5582 3266 5653 permittitur,
3312 5597 3452 5636 nunc

1883 5672 2033 5742 quasi
2059 5688 2088 5726 a
2118 5672 2206 5743 pio
2232 5681 2285 5727 et
2312 5674 2539 5742 benigno
2578 5676 2871 5733 ordinatur.
2923 5674 3085 5744 Hujus
3115 5676 3273 5729 t‘tiaiii
3306 5674 3450 5728 bt’ttl-
