3962 6274
520 278 628 333 9(ιὸ

1737 275 1814 328 SA
1826 271 1972 326 NCT!
2013 269 2337 326 GREGORII
2380 270 2591 325 MAGNI

3656 275 3754 331 ἔτι

519 389 743 459 guitatis
773 388 934 442 verba
961 389 1081 457 quis
1126 403 1228 442 non
1258 387 1456 453 videat,
1487 396 1743 455 quantum
1774 402 1803 438 a
1835 383 2104 438 sententia
2138 385 2183 443 Α
2214 394 2396 452 pastor
2422 383 2603 447 datur,
2632 378 2845 449 quando
2876 380 3050 434 bonus
3077 377 3231 435 malis
3260 381 3613 449 praeponitur;
3638 384 3753 440 sicut

524 482 612 532 illa
654 478 989 540 dissentiant,
1033 492 1150 547 qua:
1190 477 1360 532 eidem
1402 492 1431 530 a
1461 476 1709 529 Satnatelc
1756 475 1902 528 illata
1956 472 2105 526 fuit?

524 572 679 633 Quia,
716 570 904 635 inquit,
932 569 1195 637 projecisti
1221 585 1503 622 sermonem
1552 567 1780 627 Domini,
1809 566 2023 636 projecit
2061 574 2107 617 te

524 660 798 721 Dominus,
830 674 893 709 ne
919 659 991 709 sis
1016 673 1106 709 rea:
1133 655 1184 727 (1
1226 656 1357 727 Reg.
1402 672 1490 723 xv,
1518 655 1629 726 ‘26).
1662 654 1816 720 Quod
1864 652 2106 723 profecto

524 748 766 801 celeriter
802 747 1083 811 solvimus,
1106 748 1153 801 si
1183 748 1354 817 ipsam
1384 744 1672 802 verborum
1702 746 1805 799 vim
1836 745 2107 799 Subtiliter

526 838 845 891 intueamur.
878 836 1010 889 Nam
1036 837 1215 891 omnia
1247 838 1358 893 hate
1386 837 1577 892 divinae
1605 836 1946 902 benignitatis
1988 851 2109 889 ver-

525 927 591 980 ba
642 927 820 995 populi
869 926 1075 980 meritis
1118 927 1464 981 ascribuntur
1503 945 1518 981 :
1571 927 1805 980 Salraoit
1861 926 2105 994 populum

526 1033 727 1072 nteant:
758 1033 775 1068 (
793 1024 834 1081 t,
863 1018 1067 1085 respexi
1093 1017 1341 1086 populum
1367 1033 1573 1080 meum;
1606 1025 1679 1080 et,
1712 1017 1906 1068 clamor
1931 1030 2107 1067 eorum

526 1109 661 1160 venit
700 1106 768 1159 ad
807 1122 904 1158 me.
949 1107 1052 1160 Pro
1082 1106 1186 1159 illis
1234 1120 1362 1173 ergo
1391 1121 1489 1159 rex
1515 1105 1749 1158 ordinari
1778 1104 2104 1167 decernitur,

523 1215 753 1267 quorum
800 1199 1004 1252 clatnor
1032 1199 1338 1252 exauditur.
1388 1197 1520 1250 Nam
1549 1196 1650 1251 etsi
1683 1210 1779 1265 pro
1811 1196 1983 1248 futura
2013 1209 2108 1246 nco

525 1289 693 1355 quitia
726 1287 1065 1356 repellendus
1085 1303 1116 1340 a
1146 1301 1311 1353 regno
1339 1294 1453 1340 erat
1482 1285 1632 1349 Saul,
1668 1294 1845 1337 tamen
1878 1283 2110 1335 habebat

524 1378 578 1431 in
603 1392 681 1441 se,
708 1377 880 1430 donec
905 1385 1173 1446 regnaret,
1205 1376 1349 1430 unde
1389 1376 1589 1445 populo
1618 1375 1719 1429 sibi
1745 1374 1957 1429 subdito
1986 1390 2110 1444 pro-

526 1468 681 1520 desse
709 1466 985 1536 potuisset.
1020 1465 1254 1522 Futurus
1299 1476 1448 1520 certe
1500 1474 1617 1519 erat
1664 1465 1807 1519 bello
1834 1473 2106 1529 strenuus,

524 1565 706 1610 tuente
748 1557 940 1611 elatus.
987 1556 1277 1612 llahiturus
1315 1567 1432 1612 erat
1471 1558 1613 1612 unde
1640 1559 1742 1612 sibi
1788 1557 2028 1622 caderet,
2056 1564 2111 1610 et

528 1644 669 1698 unde
695 1645 813 1699 ali‘s
838 1654 1026 1698 Staret.
1081 1645 1212 1700 Illud
1253 1662 1383 1714 ergo
1416 1647 1556 1700 unde
1598 1647 1858 1715 prodesse
1886 1646 2113 1699 subditis

2210 474 2276 525 ad
2309 472 2637 526 Ezecltielem
2669 471 2926 524 Dominus
2956 470 3120 523 dicit:
3153 470 3308 523 Mitto
3338 488 3429 541 ego
3474 482 3516 523 te
3550 473 3611 524 ad
3636 475 3752 541 ﬁlios

2210 560 2396 622 Israel,
2431 563 2500 613 ad
2540 571 2739 630 gentem
2767 560 3156 627 apostatricem,
3192 560 3351 628 216
3388 576 3498 629 qua:
3529 563 3705 613 recessit
3728 580 3756 614 ι

2208 668 2290 704 me
2317 650 2493 719 (Ezec.
2522 668 2595 713 ιιι,
2615 650 2693 719 ὅ).
2721 648 2824 702 Pro
2845 665 2904 703 se
2924 648 3161 716 quidem,
3190 665 3297 701 non
3322 665 3419 717 pro
3444 651 3627 718 populo
3652 661 3759 704 tunc

2210 748 2396 809 pastor
2443 739 2618 801 datur,
2672 738 2887 807 quando
2935 737 3032 791 etsi
3081 738 3356 792 auditores
3420 754 3543 791 suos
3586 739 3759 794 cltctus

2210 830 2532 896 pnedicator
2569 840 2887 883 convertere
2933 828 2997 881 al
3044 828 3211 882 Deum
3258 845 3364 882 non
3418 831 3622 897 poterit,
3668 833 3764 899 ipse

2212 929 2391 974 tamen
2435 921 2633 975 laboris
2660 922 2739 975 sui
2770 928 2968 974 (eterna
3003 920 3148 974 lucra
3183 937 3288 973 non
3322 920 3524 988 (perdit.
3561 918 3653 973 l‘ro
3678 938 3761 988 [ο-

2210 1011 2339 1080 pulo
2367 1020 2566 1072 autem,
2600 1027 2707 1065 non
2734 1028 2834 1081 pro
2858 1028 2917 1066 se
2942 1028 2956 1075 ;
2998 1011 3212 1079 quando
3250 1011 3406 1065 bonis
3432 1011 3639 1064 subditis
3663 1026 3762 1080 pas-

2213 1114 2299 1156 tor
2338 1104 2604 1168 tribuitur,
2635 1105 2722 1171 qui
2754 1103 2893 1156 dona
2927 1104 3141 1167 habeat,
3175 1119 3270 1171 per
3311 1118 3431 1172 qua:
3461 1102 3561 1155 illis
3600 1103 3763 1170 prosit,

2213 1203 2270 1247 et
2302 1194 2409 1257 sibi
2452 1210 2558 1248 non
2592 1196 2776 1260 prosit.
2823 1193 2986 1265 Tales
3024 1195 3240 1261 quidetu
3293 1201 3468 1256 erant,
3513 1192 3579 1245 de
3603 1192 3767 1260 quibus

2212 1285 2469 1339 Dominus
2488 1285 2763 1354 discipulis
2785 1284 3040 1353 praecipit,
3057 1284 3270 1338 dit-ens:
3301 1283 3430 1346 Quae
3455 1284 3641 1344 dicunt,
3654 1284 3768 1353 [aci-

2210 1383 2301 1428 te:
2349 1390 2464 1445 qua:
2509 1383 2679 1426 autem
2722 1374 2942 1443 faciunt,
2993 1373 3164 1443 facere
3217 1372 3375 1426 nolite
3406 1370 3768 1441 (Matinum,

2209 1461 2292 1532 ὅ).
2332 1463 2491 1527 Quasi
2541 1460 2718 1515 dicat:
2750 1459 2902 1526 Quod
2949 1460 3079 1513 utile
3130 1474 3229 1529 pro
3258 1458 3409 1514 vobis
3456 1468 3768 1526 acceperunt,

2214 1556 2281 1607 ab
2308 1555 2386 1607 eis
2425 1552 2580 1621 quasi
2610 1561 2849 1606 vestrum
2897 1552 3110 1616 tollite;
3152 1560 3207 1605 et
3243 1552 3302 1604 in
3332 1551 3411 1605 eis
3451 1548 3600 1620 quasi
3640 1566 3771 1605 suum

2215 1644 2492 1709 dimittite,
2524 1643 2669 1711 quod
2698 1660 2804 1697 non
2848 1643 3048 1696 habent
3078 1644 3144 1697 ad
3177 1642 3380 1696 lucrum
3411 1649 3659 1703 vestrum,
3690 1642 3771 1695 sed

529 1744 761 1805 poterat.
792 1736 1050 1790 Dominus
1095 1738 1384 1804 providens
1409 1738 1574 1791 dicit:
1604 1737 1839 1792 Sall-abit
1866 1738 2111 1807 populum
2148 1745 2186 1802 Β
2215 1734 2282 1786 ad
2314 1734 2584 1786 interitum
2614 1747 2789 1785 suum.
2822 1731 2950 1785 Saul
2977 1745 3127 1798 ergo,
3159 1731 3374 1798 abiecto
3406 1730 3645 1794 Domino,
3682 1731 3769 1784 eli-

527 1845 697 1880 meum
739 1829 803 1882 de
829 1845 986 1881 manu
1015 1828 1293 1882 Pltilistiim
1320 1845 1337 1891 ;
1367 1836 1439 1890 et,
1464 1831 1597 1883 venit
1626 1830 1821 1883 clamor
1839 1846 2017 1882 eorum
2042 1830 2111 1881 ad

532 1938 634 1975 nte.
668 1921 856 1974 Adhuc
886 1931 1066 1974 tamen
1093 1922 1251 1974 valde
1280 1922 1611 1975 contrarium
1654 1921 1882 1986 videtur,
1917 1931 1973 1976 ut
1998 1921 2114 1988 ejus

535 2011 717 2079 populi
739 2011 1028 2065 clamorem
1059 2011 1313 2064 exaudire
1335 2010 1604 2072 credatur,
1625 2011 1715 2080 qui
1737 2026 1862 2064 eum
1884 2011 1969 2078 ahj
2004 2012 2115 2067 (ἠδη

530 2119 590 2157 se
620 2101 1051 2171 reprehenditur.
1084 2100 1163 2153 Ad
1194 2100 1339 2170 quod
1371 2101 1799 2169 respondendum
1826 2115 1945 2155 eSt:
1988 2102 2113 2169 quia

529 2201 690 2246 erant
719 2193 770 2246 in
794 2193 883 2246 illo
911 2193 1110 2262 po,tu'o
1139 2201 1193 2245 et
1224 2192 1442 2259 reprobi
1473 2199 1529 2244 et
1558 2191 1734 2246 electi.
1764 2190 1841 2244 [lii
1869 2203 1997 2258 ergo
2021 2192 2116 2245 ah—

529 2284 727 2352 jccisse
771 2282 1055 2337 Dominum
1105 2281 1319 2348 reprobi
1352 2288 1678 2348 arguuntur,
1712 2280 1798 2333 hic
1821 2279 2115 2333 electorum

533 2373 798 2426 de-ideria
826 2372 891 2424 ad
921 2370 1306 2439 omnipotentis
1329 2369 1422 2423 Dei
1450 2384 1609 2422 aures
1640 2369 1978 2438 perveniunt.
2002 2368 2118 2434 Qua

538 2478 606 2515 ex
649 2477 711 2515 re
742 2461 867 2531 quid
913 2460 1271 2530 colligendum
1301 2466 1401 2524 est,
1450 2458 1549 2512 nisi
1594 2458 1717 2527 quia
1750 2474 1891 2527 sirpe
1933 2458 2120 2514 electis

536 2553 739 2606 bonum
768 2560 868 2614 est,
898 2551 1040 2618 quod
1070 2549 1194 2603 mali
1223 2560 1463 2604 rectores
1491 2549 1809 2603 ordinantur
1833 2551 1855 2603 ?
1887 2549 2003 2604 Non
2032 2564 2120 2604 er-

536 2659 606 2712 go
635 2645 824 2699 mirum
854 2652 956 2709 est,
986 2644 1031 2697 si
1071 2643 1214 2698 Deus
1236 2643 1389 2712 quasi
1417 2643 1483 2697 de
1512 2643 1818 2711 abjectione
1861 2659 1958 2700 sua
1986 2644 2120 2698 iras-

535 2737 698 2800 citur,
721 2745 775 2789 et
803 2750 980 2804 regem
1012 2735 1259 2789 ordinat:
1289 2736 1414 2803 quia
1439 2735 1552 2804 ipsa
1582 2736 1813 2805 dignitas
1844 2736 2008 2790 futuri
2037 2751 2122 2791 re-

536 2830 619 2895 gis
648 2838 703 2881 et
727 2828 866 2880 mala
896 2835 1033 2892 erat,
1059 2837 1114 2880 et
1141 2828 1301 2881 bona.
1331 2826 1470 2880 Mala
1499 2826 1753 2895 denique,
1782 2829 1906 2896 quia
1938 2844 2122 2895 super-

539 2917 609 2972 ba
637 2934 650 2969 :
684 2917 825 2972 bona
858 2932 1004 2979 vero,
1032 2917 1154 2984 quia
1186 2917 1237 2970 in
1260 2916 1570 2970 defensione
1595 2918 1959 2986 subjectorum
1987 2925 2126 2972 stre~

538 3024 667 3063 nua.
695 3008 848 3075 Quod
894 3016 1089 3072 totum,
1120 3016 1175 3062 et
1220 3008 1274 3061 in
1320 3015 1505 3062 satcta
1549 3007 1785 3065 Ecclesia
1837 3026 1978 3064 nunc
2009 3010 2119 3064 lieri

537 3103 847 3156 cernimus:
880 3101 1008 3169 quia
1048 3100 1365 3168 plerumque
1413 3100 1502 3154 ille
1543 3100 1661 3168 ejus
1689 3101 1975 3170 primatum
2005 3117 2125 3155 sus-
2152 3076 2199 3138 (ί

538 3195 692 3263 cipit,
716 3195 806 3262 qui
848 3194 1010 3247 verbo
1040 3191 1183 3246 utilis
1209 3202 1292 3246 est
1323 3193 1459 3256 aliis,
1508 3200 1686 3246 tuente
1716 3193 1949 3246 tumidus
1992 3194 2121 3247 sibi.

545 3282 891 3339 Pnedicando
922 3285 1166 3341 vittutes,
1192 3282 1338 3336 velut
1374 3282 1566 3335 stando
1608 3283 1730 3335 vitia
1761 3283 2007 3346 desn-uit,
2033 3284 2126 3337 sed

544 3374 655 3428 alta
698 3374 764 3425 de
800 3388 857 3425 se
894 3371 1199 3431 sentiendo,
1230 3371 1390 3424 cadit.
1425 3371 1522 3424 llic
1562 3371 1741 3440 itaque
1780 3373 2127 3442 pranlicando

544 3465 804 3537 populum
836 3464 930 3518 Dei
959 3464 1148 3527 salvat,
1175 3464 1267 3516 sed
1292 3464 1637 3532 semetipsum
1669 3474 1846 3519 tamen
1868 3465 1918 3519 lo
1951 3467 2128 3534 piteci-

545 3558 698 3627 pitat.
750 3554 912 3621 Quasi
959 3569 1052 3607 rex
1101 3561 1293 3620 potens
1332 3554 1497 3607 verbo
1537 3553 1718 3621 papuli
1766 3553 1858 3609 Dei
1887 3557 2130 3609 occu'tos

545 3647 885 3702 adversarios
915 3644 1118 3706 atterit,
1150 3642 1246 3697 sed
1285 3643 1520 3697 elatione
1549 3658 1578 3696 a
1622 3643 1773 3710 regni
1803 3644 2131 3698 sublimitate

547 3740 705 3795 cadit.
759 3737 874 3791 Non
916 3752 1052 3803 ergo
1085 3752 1181 3805 pro
1229 3752 1305 3798 se.
1337 3736 1431 3791 sed
1462 3736 1635 3790 solum
1664 3751 1762 3804 pro
1791 3736 1990 3805 popqu
2035 3751 2131 3790 rex

546 3828 928 3891 constituitur;
960 3826 1174 3895 quando
1203 3826 1291 3880 ille
1323 3827 1373 3879 in
1406 3834 1588 3880 sancta
1632 3824 1869 3880 Ecclesia
1890 3842 2131 3894 praeesse

550 3919 895 3986 permittitur,
951 3918 1040 3986 qui
1088 3917 1229 3972 bona
1257 3933 1376 3986 qua:
1421 3919 1698 3986 praedicat,
1749 3920 2127 3989 superbiendo,

549 4020 643 4065 aut
662 4011 907 4079 nequiter
937 4010 1186 4074 vlven'lo,
1217 4010 1521 4065 conculcat.

621 4098 710 4152 45.
736 4099 852 4164 Qun
884 4100 934 4151 in
965 4099 1085 4151 loco
1116 4099 1406 4153 notandum
1428 4108 1534 4161 est,
1567 4100 1689 4167 quia
1718 4116 1838 4154 cum
1865 4101 1917 4155 in
1944 4112 2131 4156 sancta

553 4187 791 4242 Ecclesia
825 4198 1004 4256 pastor
1033 4188 1261 4254 eligimr,
1302 4187 1590 4255 aliquando
1619 4189 1898 4244 ordinatur
1924 4207 2020 4259 pro
2044 4207 2131 4258 se,

552 4284 611 4329 et
639 4277 875 4346 populo;
917 4278 1201 4344 aliquando
1240 4292 1340 4330 nec
1384 4292 1482 4344 pro
1510 4278 1729 4346 populo,
1763 4295 1866 4334 nec
1910 4297 2007 4349 pro
2032 4297 2129 4346 se;

554 4366 841 4436 aliquando
890 4383 986 4435 pro
1015 4382 1091 4431 se,
1139 4382 1243 4439 non
1285 4384 1383 4436 pro
1414 4370 1652 4437 populo;
1685 4369 1973 4439 aliquando
2002 4388 2131 4427 vero

2216 1824 2380 1889 gitur,
2400 1830 2457 1875 et
2476 1830 2656 1875 tamen
2682 1822 2933 1891 po;it.lum
2960 1821 3173 1875 Domini
3204 1823 3272 1875 de
3302 1838 3461 1876 manu
3490 1819 3770 1875 Philistino-

2219 1928 2335 1966 rum
2380 1912 2725 1966 liberaturum
2772 1913 3110 1981 perhibetur,
3141 1912 3262 1982 quia
3296 1914 3633 1982 omnipotens
3655 1913 3775 1967 Deus

2215 2018 2360 2071 saepe
2397 2002 2509 2056 suis
2538 2002 2693 2056 bonis
2725 2003 2967 2057 lidelibus
2992 2019 3093 2072 per
3122 2003 3241 2056 illos
3272 2004 3522 2071 prmlatos
3561 2002 3768 2074 prodest,

2217 2097 2308 2161 qui
2340 2094 2407 2148 de
2434 2094 2615 2150 ollicio
2645 2094 2760 2162 ejus
2784 2098 2885 2149 ‘em
2933 2094 3261 2163 pt‘mlationis
3282 2094 3391 2147 sibi
3418 2110 3454 2146 ιι
3494 2110 3527 2147 ιι
3565 2095 3771 2163 placent.

2218 2184 2506 2251 Sequitur:

2291 2270 2466 2343 (νει-ε.
2493 2276 2609 2345 17.)
2657 2277 2881 2347 Cumque
2910 2277 3217 2346 respexisset
3258 2275 3476 2330 Samuel
3513 2272 3656 2338 Saul,
3682 2273 3775 2327 Πο-

2217 2368 2388 2420 minus
2417 2367 2490 2420 ait
2511 2383 2530 2420 :
2559 2366 2695 2421 Ecce
2718 2369 2812 2433 vir,
2836 2383 2981 2436 quem
3004 2367 3237 2420 dixerant
3259 2364 3374 2430 tibi,
3400 2367 3495 2418 iste
3516 2363 3775 2419 dominabi-

2223 2468 2305 2513 tur
2330 2459 2521 2529 populo
2551 2475 2682 2511 mro.

2291 2550 2381 2603 44.
2416 2549 2530 2605 Hoc
2557 2564 2788 2618 namque
2817 2550 2870 2604 in
2909 2551 3158 2620 sequenti
3191 2548 3285 2605 die
3322 2559 3501 2605 actum
3530 2566 3560 2603 e
3590 2554 3629 2615 t’,
3653 2548 3776 2617 quod

2222 2641 2547 2712 praecedenti
2598 2641 2856 2695 Dominus
2895 2642 3223 2712 rvpi-ours",
3269 2641 3490 2695 d'cens:
3539 2637 3659 2693 Cras
3696 2638 3775 2690 hac

2221 2733 2402 2787 eadem
2429 2733 2558 2786 liora
2605 2734 2804 2786 mittant
2835 2734 2904 2786 ad
2936 2746 2982 2786 te
3010 2737 3173 2787 virum
3218 2734 3282 2788 de
3322 2743 3468 2787 terra
3516 2731 3773 2803 Benjatuiu,

2221 2829 2270 2874 et
2311 2838 2470 2893 unges
2506 2839 2619 2875 eum
2642 2839 2794 2891 super
2823 2824 3067 2892 populum
3095 2840 3262 2877 meum
3300 2821 3499 2878 Israel.
3540 2823 3776 2892 Aspicitur

2225 2926 2354 2979 ergo
2400 2914 2452 2965 in
2498 2914 2740 2966 secundo
2770 2912 2875 2977 die,
2907 2913 2999 2980 qui
3040 2914 3225 2982 primo
3271 2914 3644 2984 promittitur:
3675 2911 3777 2981 quia

2228 3005 2603 3073 prte'icatores
2618 3014 2845 3060 -sancta:
2873 3004 3033 3060 Ecclc
3062 3006 3125 3059 ia:
3166 3006 3395 3060 virtutes
3431 3005 3709 3060 electorum
3736 3002 3777 3057 in

2229 3104 2436 3148 secreta
2466 3110 2653 3148 eorum
2699 3104 2805 3149 Vita
2836 3096 3173 3164 perquirunt.
3202 3094 3267 3149 lli
3298 3096 3444 3150 enim
3473 3096 3566 3166 qui
3593 3110 3779 3164 promo-

2231 3199 2330 3237 vett
2355 3184 2387 3236 li
2410 3194 2551 3247 sunt,
2581 3186 2705 3236 dum
2732 3184 2870 3238 bona
2901 3185 3202 3254 proferunt,
3230 3185 3432 3255 aliquid
3464 3182 3777 3254 ntagnutn‘u

2230 3293 2289 3332 se
2337 3279 2734 3345 repromittunt.
2773 3276 2947 3331 Primo
2976 3278 3136 3344 igitur
3184 3278 3273 3331 die
3313 3293 3409 3333 rex
3439 3278 3777 3347 promittitur;

2230 3367 2354 3433 quia
2378 3379 2567 3432 ntagna
2598 3366 2895 3419 electorum
2920 3382 3082 3436 opera
3117 3367 3498 3437 praedicatur-es
3526 3366 3781 3436 aspiciunt,

2231 3466 2308 3524 et,
2352 3459 2505 3525 (ιιιλεί
2550 3457 2781 3512 Domino
2810 3459 3088 3528 loquente,
3144 3460 3287 3514 intus
3316 3470 3633 3530 agnoscunt,
3669 3474 3782 3527 quos

2231 3547 2483 3601 ordinare
2534 3558 2732 3603 sancta:
2780 3548 3035 3604 Ecclesia:
3083 3567 3159 3605 rei
3179 3562 3323 3607 tores
3361 3553 3567 3607 volunt.
3609 3551 3781 3621 Aspim

2232 3652 2362 3706 ergo
2409 3637 2626 3692 Samuel
2677 3641 2732 3693 in
2778 3644 3021 3709 sequenti
3073 3643 3177 3707 die,
3237 3646 3455 3711 quando
3502 3644 3784 3714 pnedicator

2233 3743 2378 3793 eum,
2417 3731 2507 3796 qui
2556 3731 2953 3798 pt'otttut'ettdus
2982 3745 3084 3797 est,
3134 3734 3187 3786 in
3219 3747 3410 3802 magna
3442 3734 3562 3789 luce
3590 3747 3784 3788 conver-

2234 3818 2459 3872 sationis
2491 3820 2652 3872 videt.
2686 3817 2754 3872 Et
2794 3830 2919 3875 tunc
2944 3822 3181 3888 quidun,
3233 3824 3385 3892 quasi
3417 3823 3678 3881 indicante
3704 3821 3786 3875 lto-

2234 3910 2401 3976 mino,
2434 3911 2784 3966 ordinandum
2814 3927 2995 3981 regem
3033 3925 3352 3985 cognosct:
3395 3919 3519 3985 quia
3552 3931 3686 3979 etun,
3713 3914 3786 3983 qui

2234 4000 2288 4053 in
2318 4002 2425 4054 alta
2456 4018 2580 4055 arce
2617 4004 2917 4058 rﬂttJilﬂliS
2949 4009 3278 4072 prmeritinet,
3314 4006 3565 4076 printer-re
3590 4007 3699 4061 aliis
3720 4003 3785 4056 ci-

2233 4107 2395 4161 gnum
2426 4093 2587 4149 videt.
2630 4094 2698 4148 Et
2742 4097 2869 4164 quia
2896 4097 2990 4168 qui
3024 4098 3202 4165 ungui
3248 4110 3370 4153 sunt
3402 4099 3627 4162 meritis,
3665 4091 3787 4167 pani

2234 4190 2360 4234 sunt
2387 4197 2485 4250 per
2512 4184 2888 4251 humilitatem,
2919 4187 3164 4255 sequitur
3188 4205 3200 4239 :

2309 4274 2485 4346 (Vers.
2520 4275 2634 4345 18.)
2672 4278 2898 4331 Accessit
2940 4278 3073 4332 Saul
3111 4279 3180 4331 ad
3218 4278 3518 4334 Samuelem
3558 4281 3611 4333 in
3648 4276 3787 4331 medio

2233 4375 2417 4430 portaz.
2447 4365 2654 4436 Indica,
2685 4386 2801 4436 oro,
2832 4370 2978 4437 nti/ti,
3010 4371 3266 4440 inquiens,
3297 4369 3382 4423 ubi
3402 4379 3488 4424 est
3513 4371 3684 4424 domus
3719 4367 3789 4419 l'i-

559 4470 656 4529 pro
688 4458 905 4527 populo,
938 4473 1043 4510 non
1076 4472 1172 4525 pro
1200 4473 1275 4511 se.
1310 4456 1415 4513 Pro
1454 4475 1513 4513 se
1560 4468 1614 4513 et
1653 4460 1870 4528 populo,
1916 4462 2134 4529 quando
2164 4444 2215 4502 Ῐ)
2239 4455 2426 4509 dentis.

555 4566 589 4602 e.
613 4558 763 4604 ectus
794 4548 1109 4617 prazdicalor
1136 4551 1321 4604 elect's
1350 4549 1577 4605 subditis
1622 4549 1818 4605 datur:
1871 4553 1994 4621 quia
2034 4570 2135 4607 ttu-

562 4638 628 4695 ιθ
673 4638 1034 4707 subiectorum
1084 4638 1361 4693 multitudo
1391 4640 1721 4694 admternam
1771 4644 1996 4710 patriam
2035 4642 2135 4697 du-

559 4732 716 4794 citur,
769 4731 910 4784 bono
960 4730 1164 4799 pastori
1228 4731 1539 4784 meritorum
1586 4733 1727 4787 dona
1772 4735 2132 4788 cumulantur.

557 4817 669 4873 Nec
700 4834 796 4888 pro
828 4832 908 4883 se,
958 4832 1056 4871 nec
1088 4809 1191 4886 pro
1232 4818 1430 4887 populo
1474 4828 1660 4888 pastor
1684 4823 1879 4880 datur:
1923 4825 2137 4891 quando

562 4908 791 4977 reproba
828 4908 978 4976 plebs
1012 4908 1298 4976 reprobum
1330 4918 1599 4977 pastorem
1629 4912 1828 4967 habere
1871 4915 2138 4984 permitti-

564 5006 669 5061 tur,
696 5012 815 5051 cum
841 4998 918 5051 sic
948 4998 1035 5050 ille
1066 5006 1275 5065 putest,
1304 5000 1384 5054 sic
1412 5000 1483 5053 illi
1504 5002 1780 5067 obediunt,
1802 5013 1859 5058 ut
1883 5005 1949 5059 ad
1976 5014 2137 5062 icter-

568 5103 634 5141 na
666 5088 827 5147 bona,
872 5104 970 5143 nec
1000 5089 1087 5142 ille
1117 5091 1204 5159 qui
1248 5090 1427 5155 docet,
1475 5108 1574 5147 nec
1615 5094 1686 5147 iiIi
1733 5095 1822 5163 qui
1853 5097 2135 5163 docentur,

565 5178 844 5247 pervenire
872 5189 1195 5233 mereantur.
1218 5180 1292 5234 De
1321 5183 1515 5250 quibus
1541 5198 1636 5252 per
1664 5182 1857 5241 Oscam
1881 5187 2141 5245 Dominus

561 5268 689 5322 dict
722 5284 733 5317 ε
764 5267 911 5323 Dabo
929 5269 1001 5322 eis
1029 5286 1169 5340 reges
1197 5270 1251 5323 in
1298 5273 1472 5341 furore
1498 5290 1610 5329 meo
1649 5275 1824 5344 (Osee,
1864 5294 1975 5344 xm,
2025 5280 2137 5352 ll).

562 5356 621 5413 in
654 5358 833 5415 furore
861 5362 1057 5415 etenim
1093 5362 1184 5417 Dei
1214 5378 1311 5417 rex
1338 5363 1515 5427 datur,
1556 5368 1772 5436 quando
1811 5372 1963 5427 malis
1992 5372 2145 5441 pejor

565 5464 793 5516 praeesse
836 5450 1161 5505 decernitur.
1207 5450 1348 5507 Talis
1373 5455 1571 5525 quippe
1601 5467 1784 5525 pastor
1812 5468 1937 5515 tunc
1964 5462 2141 5529 datur,

565 5552 685 5591 cum
731 5539 849 5592 talis
886 5540 1114 5610 populus
1158 5542 1424 5611 regendus
1464 5547 1767 5616 suscipitur,
1808 5552 1900 5618 qui
1946 5554 2147 5621 pariter

564 5635 768 5681 .cterna
809 5644 971 5697 pmna
1018 5631 1322 5689 damnetur.
1372 5636 1476 5691 Pro
1526 5653 1612 5706 se,
1655 5654 1760 5695 non
1791 5656 1888 5709 pro
1942 5642 2143 5713 populo

2312 4546 2403 4600 45.
2429 4546 2487 4601 Si
2519 4548 2571 4601 in
2600 4548 2821 4604 civitate
2845 4558 2973 4605 tunc
3010 4559 3096 4604 est
3123 4551 3458 4619 triedicator,
3503 4566 3623 4606 cum
3658 4550 3791 4620 plana

2243 4643 2299 4688 et
2326 4638 2632 4692 communia
2662 4639 2918 4708 loquitur.
2946 4656 3067 4711 qua:
3093 4642 3483 4711 intelliguntur,
3513 4651 3661 4712 porta
3688 4638 3793 4694 τινί-

2246 4727 2369 4779 tatis
2400 4726 2557 4795 hujus
2590 4744 2711 4797 qua:
2738 4740 2839 4795 est,
2865 4733 2965 4786 nisi
2982 4733 3261 4787 humilitas
3284 4734 3307 4786 ’Ξ
3332 4732 3465 4787 Nam
3488 4733 3651 4788 divini
3674 4729 3793 4786 verbi

2246 4815 2484 4881 cognitio
2528 4820 2779 4887 superbis
2814 4820 3184 4887 absconditur,
3215 4821 3508 4879 humilibus
3533 4822 3793 4879 revelatur.

2250 4902 2401 4961 Unde
2429 4916 2485 4962 et
2509 4907 2562 4961 in
2591 4907 2883 4980 Evangelia
2912 4909 3059 4966 Patri
3101 4910 3359 4980 loquitur.
3387 4912 3572 4967 dicens
3598 4929 3611 4964 :
3642 4908 3793 4977 Conﬁ-

2247 5014 2357 5059 teor
2381 5004 2492 5069 tibi,
2514 5001 2700 5071 Pater,
2718 5019 2813 5057 rex
2833 5005 2946 5058 ειειὶ
2967 5013 3016 5057 et
3037 5014 3206 5068 terraz,
3230 5005 3355 5075 quia
3377 5004 3685 5059 abscondisti
3709 5004 3795 5053 Ιιιιτ

2246 5114 2278 5150 a
2307 5096 2621 5166 sapientibus
2655 5104 2707 5149 et
2745 5097 3103 5165 prudentibus,
3141 5105 3193 5150 et
3235 5096 3470 5150 τοι·θίααί
3514 5112 3578 5150 ea
3603 5092 3795 5167 parvulis

2249 5188 2466 5258 (Matth.
2508 5203 2587 5255 xt,
2614 5179 2726 5255 ΞΒ).
2757 5188 3042 5258 Sapientes
3079 5189 3303 5259 quidem
3344 5190 3608 5258 superbos
3634 5198 3686 5244 et
3708 5184 3794 5238 alta

2249 5280 2315 5336 de
2340 5296 2400 5335 se
2424 5282 2736 5346 sentientes,
2763 5283 3016 5351 parvulos
3052 5298 3183 5337 vero
3220 5282 3358 5337 dixit
3398 5282 3645 5337 humiles.
3672 5279 3792 5345 Quo-

2248 5388 2365 5427 rum
2397 5380 2545 5428 certe
2572 5373 2677 5427 alia
2707 5372 2981 5443 Scriptura
3014 5375 3277 5440 meminit,
3304 5375 3521 5429 dicens:
3550 5373 3682 5427 Deus
3721 5384 3785 5423 ιιι-

2247 5464 2416 5533 perbis
2452 5465 2665 5532 resistit,
2707 5465 2984 5519 humilibus
3031 5466 3121 5519 dat
3150 5470 3377 5537 gratiam
3420 5464 3475 5537 (1
3495 5464 3638 5519 Petr.
3662 5476 3709 5526 ν,
3733 5457 3792 5522 5i-

2252 5556 2471 5613 Resistit
2490 5573 2719 5627 namque
2741 5558 3004 5628 superbis,
3034 5574 3103 5614 ne
3121 5568 3323 5615 aeterna
3348 5563 3492 5613 bona
3513 5554 3794 5621 intelligant.

2250 5648 2343 5704 sed
2375 5649 2611 5719 parvulis
2636 5650 2859 5718 gratFaui
2892 5652 3001 5718 dat,
3036 5660 3094 5707 ut
3114 5650 3303 5707 eadem
3332 5651 3474 5708 bona
3500 5657 3711 5711 aitet-na,
3734 5640 3797 5709 ἠ)-
