3962 6322
179 253 268 308 2ῢὸ

970 240 1035 296 IN
1077 239 1338 297 PRIMUM
1377 239 1612 297 REGUM
1655 238 2161 296 EXPOSITIONES.
2206 267 2272 282 ο·-
2317 240 2439 293 LIB.
2480 239 2567 294 IV.

3287 238 3396 300 266

178 406 229 444 sn
255 382 533 448 revelaate,
574 383 922 447 cognoscant.
956 374 1127 430 Electi
1170 387 1320 442 ergo,
1349 373 1472 441 quia
1519 373 1585 427 ad
1614 372 1726 441 spi-
1755 356 1799 410 Α
1827 365 1986 418 quem
2017 352 2230 448 ‘lllml'i-‘o
2255 351 2355 448 fed
2603 359 2685 406 εει
2711 350 2799 404 me
2819 391 2836 416 ο
2875 366 3032 448 αξξεηι
3075 355 3246 448 Vides:
3285 353 3400 413 “0c

179 476 358 531 ritalem
385 469 706 525 sententiam
751 481 847 536 per
873 464 1227 518 humilitatem
1262 463 1505 528 veniunt,
1533 461 1600 515 ad
1630 476 1725 514 au-

177 565 371 622 din-ndos
392 560 786 630 praedicatores,
805 555 958 626 quasi
982 569 1076 623 per
1096 559 1307 622 portam
1327 551 1544 606 vadunt.
1569 549 1726 605 Elec-

180 671 249 712 tus
274 655 422 707 etiam
453 649 788 719 praedicator,
812 646 935 716 quia
957 643 1252 713 spiritualia
1279 642 1554 697 humiliter
1574 641 1722 704 dicit,

179 741 365 800 Samuel
392 739 538 794 Sauli
582 739 636 792 in
683 736 874 790 eadem
903 742 1061 803 porta
1105 733 1360 788 occurrit.
1392 729 1554 797 Quasi
1582 731 1725 783 enim

179 836 312 890 ambo
350 835 398 885 in
429 837 581 900 porta
611 835 756 889 sunt,
783 824 998 896 quanio
1031 838 1115 889 ea,
1146 836 1265 890 quae
1303 821 1507 876 electus
1531 818 1728 889 pracdi-

178 933 306 980 cator
331 921 584 987 loquitur.
617 919 686 972 ab
714 917 892 971 electo
919 914 1025 967 alio
1055 911 1329 966 humiliter
1346 909 1655 965 audiuntur.

235 1009 312 1064 ιϐ.
339 1008 441 1062 Sed
470 1007 561 1074 qui
592 1005 806 1060 naviter
833 1011 1076 1067 venerat,
1101 1015 1259 1071 quem
1303 999 1598 1069 quaerebat,
1645 998 1729 1053 in-

180 1106 389 1159 venerat,
420 1104 477 1150 et
506 1095 809 1164 ignorabat.
853 1091 1030 1158 Quare
1069 1101 1125 1145 et
1171 1089 1311 1144 idem
1362 1088 1490 1144 Saul
1517 1087 1583 1142 ad
1625 1087 1726 1143 Sa-

179 1191 378 1246 muclem
405 1187 561 1242 dicit:
597 1185 783 1240 Indica
803 1185 949 1247 mihi,
974 1200 1085 1248 oro,
1116 1182 1202 1236 ubi
1224 1189 1301 1236 est
1322 1182 1504 1236 domus
1540 1179 1729 1235 Viden-

180 1281 248 1332 tis.
290 1276 394 1330 Hoc
433 1288 668 1343 namque
697 1273 975 1342 proprium
1016 1284 1331 1339 magnorum
1359 1271 1598 1325 virorum
1624 1277 1728 1336 est,

179 1381 272 1422 uta
316 1363 543 1418 minimis
583 1362 799 1418 difﬁcile
827 1367 1240 1429 cognoscantur.
1292 1359 1467 1414 Carne
1509 1357 1728 1429 quidem

179 1458 313 1528 217
335 1453 564 1524 despecti
588 1459 736 1520 sunt,
765 1450 864 1507 sed
896 1459 1076 1506 mente
1101 1449 1378 1505 sublimes.
1412 1447 1565 1506 Foris
1599 1463 1732 1504 con-

179 1545 475 1613 tcmptibiles
503 1555 770 1613 apparere
813 1547 1096 1610 appetunt,
1128 1539 1224 1594 sed
1255 1551 1417 1608 agere
1443 1537 1728 1594 venerabi-

179 1637 235 1690 lia
258 1651 357 1690 nan
383 1633 663 1690 desistunt.
698 1632 832 1699 Quia
861 1645 992 1700 ergo
1020 1629 1174 1686 valde
1216 1629 1482 1700 prolicere
1509 1644 1606 1700 per
1631 1644 1728 1684 eo-

1828 454 2056 505 namque
2081 441 2131 492 iu
2161 441 2323 494 veibu
2346 478 2362 504 ,
2405 439 2612 506 Vidcns,
2644 456 2750 495 non
2781 441 3122 509 praedicatur,
3154 442 3250 498 sed
3277 456 3400 512 ego.

1825 523 1988 590 Quasi
2014 525 2156 579 dicat
2187 542 2200 578 :
2239 526 2433 581 Videas
2460 527 2566 590 ille,
2598 534 2705 592 est,
2748 541 2848 596 ego
2879 544 2893 580 :
2928 543 3033 581 non
3071 530 3215 597 quod
3257 531 3401 584 acsti-

1826 628 1962 675 mas,
1993 614 2086 669 sed
2113 615 2255 684 quod
2285 617 2479 670 cernis.
2526 616 2629 670 Sed
2664 618 2752 687 qui
2800 618 3082 671 humiliare
3122 633 3181 672 se
3210 619 3358 673 nuvit
3382 659 3400 687 ,

1828 704 1978 758 novit
2003 704 2132 758 dare
2153 704 2292 758 dona
2322 720 2429 760 non
2457 706 2691 772 humilis,
2721 706 2816 760 sed
2845 707 3106 761 sublimis.
3141 706 3318 773 Quare
3347 716 3402 762 ct

1827 789 1882 843 in
1913 790 2179 846 excelsum
2209 796 2336 846 ante
2356 807 2415 846 se
2442 792 2733 847 ascendere
2761 809 2906 858 eum,
2935 801 2991 848 ut
3013 808 3190 848 secum
3222 811 3404 850 cumc-

1829 881 1941 947 dat,
1973 881 2232 951 prandpit.
2274 881 2330 936 ln
2357 881 2627 937 excelsum
2653 883 2924 949 ascendit,
2957 884 3048 954 qui
3083 883 3149 937 ad
3186 884 3404 940 scienda

1828 975 2021 1031 altiora
2048 984 2282 1030 mentem
2322 976 2496 1046 erigit.
2541 975 2598 1030 In
2628 975 2902 1031 excelsum
2949 975 3162 1045 quidem
3209 991 3401 1031 ascen-

1826 1065 1974 1132 dere,
2007 1075 2090 1123 est
2112 1083 2208 1124 cor
2228 1066 2294 1121 ad
2321 1066 2512 1122 altiora
2541 1067 2880 1135 intelligenda
2905 1083 3224 1137 praeparare.
3252 1066 3404 1123 Unde

1828 1168 1885 1215 et
1909 1159 2101 1216 Petrus
2129 1161 2182 1216 in
2227 1167 2412 1214 monte
2440 1158 2744 1225 assumitur,
2793 1168 2852 1214 ut
2883 1160 3108 1228 gloriam
3147 1161 3409 1216 transfor-

1828 1249 1959 1304 mati
1989 1249 2363 1320 Redemptoris
2400 1248 2583 1303 videre
2608 1258 2880 1303 mereatur
2905 1248 3118 1318 (Matth.
3161 1265 3290 1318 xvu,
3324 1250 3401 1319 l).

1828 1339 1886 1395 In
1915 1341 2007 1397 illo
2041 1342 2241 1398 etenim
2269 1356 2492 1396 ascensu
2523 1340 2721 1395 montis
2745 1380 2760 1407 ,
2807 1341 3049 1396 sublimis
3085 1341 3404 1411 praeparatio

1830 1431 2024 1488 mentis
2045 1432 2363 1502 exprimitur
2391 1447 2406 1486 :
2437 1431 2559 1501 quia
2585 1431 2693 1486 alta
2720 1432 2900 1487 videre
2929 1448 3036 1488 non
3062 1433 3290 1502 poterit,‘
3312 1433 3405 1504 qui

1831 1535 1926 1590 per
1953 1521 2308 1578 intentionem
2351 1521 2589 1584 animum
2630 1521 2684 1576 in
2721 1522 3036 1577 sublimibus
3079 1538 3186 1576 non
3231 1523 3402 1593 ponit.

1831 1610 1968 1676 Quia
2003 1623 2133 1680 ergo
2175 1609 2422 1666 sublimia
2465 1611 2752 1680 praeparati
2791 1611 2981 1666 melius
3022 1612 3404 1681 intelligimus,

179 1741 277 1778 rum
303 1723 542 1793 exempla
583 1729 864 1793 appetunt,
893 1699 989 1776 eos
1013 1735 1120 1775 non
1159 1699 1332 1775 solum
1362 1719 1414 1774 in
1442 1699 1728 1775 exteriori-
1762 1713 1804 1771 Β
1832 1709 1956 1793 ante
1981 1699 2288 1793 Samuelem
2317 1700 2444 1756 Saul
2470 1701 2529 1793 in
2556 1701 2826 1793 excelsum
2854 1703 3147 1759 ascendere
3165 1702 3403 1773 jubetur.

180 1815 281 1880 bus,
324 1815 414 1868 sed
445 1815 496 1869 in
529 1813 732 1868 intimis
772 1811 1124 1866 admirantur.
1158 1810 1352 1865 Vident
1379 1823 1510 1879 ergo
1548 1809 1602 1864 in
1647 1809 1728 1864 eis

182 1905 410 1968 exterius,
441 1904 585 1972 quod
631 1903 798 1974 possit
853 1917 883 1956 a
932 1901 1238 1956 carnalilms
1285 1899 1509 1968 despici,
1535 1897 1631 1956 sed
1677 1907 1732 1953 et

181 1996 358 2064 pariter
385 1993 688 2055 attendunt,
712 1992 856 2061 quod
901 1991 1045 2046 intus
1075 1989 1380 2058 spirituales
1413 1988 1511 2043 viri
1539 2001 1729 2055 magna

182 2077 504 2136 admiratione
527 2081 764 2136 debeant
788 2079 1052 2135 venerari.
1076 2077 1225 2146 Quos
1244 2079 1370 2132 dum
1401 2077 1540 2132 fama
1571 2076 1734 2131 subli-

181 2189 281 2229 mes
302 2173 539 2238 audiunt,
565 2172 618 2226 in
647 2171 928 2226 altitudine
955 2185 1065 2225 suae
1083 2169 1508 2226 cniiversationis
1533 2181 1728 2236 agnos-

181 2277 289 2316 cere
325 2261 726 2330 concupisrunt.
772 2257 1078 2314 Secundum
1131 2257 1408 2312 histo:‘iam
1445 2270 1575 2324 ergo
1603 2255 1729 2310 Saul

185 2349 460 2404 Samuelrm
492 2349 728 2414 videbat,
759 2357 815 2402 et
848 2363 951 2400 non
979 2363 1151 2416 coguo
1181 2347 1335 2400 cebat
1361 2363 1375 2410 ;
1419 2355 1477 2402 ut
1505 2344 1649 2416 quod
1679 2345 1730 2399 in

184 2439 328 2506 lignra
357 2438 698 2505 contingebat
744 2437 868 2503 illis,
903 2437 1052 2490 nobis
1074 2435 1368 2505 spiritualia
1403 2435 1729 2502 tle-.ignaret.

185 2528 299 2582 Nam
336 2542 452 2582 cum
491 2527 696 2597 parvuli
726 2541 910 2581 sumus
938 2566 954 2592 ,
1001 2527 1154 2596 quasi
1182 2526 1424 2582 videmus
1464 2525 1733 2595 perfectos

184 2633 327 2683 viros,
366 2616 491 2672 dum
539 2631 728 2672 eorum
757 2618 980 2671 virtutes
1009 2631 1039 2671 a
1083 2615 1435 2672 referentibus
1464 2616 1730 2682 audimus;

185 2707 269 2760 sed
289 2721 417 2774 quos
434 2705 698 2770 videmus,
727 2720 834 2760 non
863 2705 1259 2776 cognoscimus,
1289 2706 1413 2775 quia
1445 2721 1542 2775 per
1567 2720 1732 2776 expe—

185 2796 404 2850 rientiam
425 2795 564 2851 scire
597 2809 706 2850 non
733 2809 1030 2864 possumus,
1061 2796 1183 2864 quia
1214 2796 1334 2859 hoc,
1380 2796 1521 2864 quod
1549 2796 1732 2850 auditu

187 2886 501 2956 percipimus,
533 2885 586 2939 in
622 2883 801 2941 cordis
824 2884 992 2939 oculis
1029 2892 1293 2939 tenemus.
1321 2883 1544 2949 Quando
1573 2884 1734 2951 igitur

189 2975 248 3030 ab
273 2974 340 3030 eis
363 2972 782 3030 conversationis
818 2971 934 3040 ejus
962 2981 1168 3028 secreta
1197 2972 1262 3026 ad
1301 2972 1612 3026 imitandum
1641 2989 1730 3026 rc-

1833 1789 1994 1856 Quasi
2022 1791 2164 1846 enim
2187 1800 2313 1846 ante
2341 1791 2742 1860 praedicatorem
2784 1792 2838 1848 in
2865 1793 3132 1848 excelsum
3163 1795 3408 1850 ascendi‘

1831 1897 1949 1937 mus
1971 1919 1987 1946 ,
2014 1882 2230 1960 quando
2257 1896 2357 1937 nos
2383 1881 2530 1952 prius
2567 1883 2635 1938 ad
2663 1884 2772 1938 alta
2801 1885 3017 1940 scienda
3047 1887 3282 1942 animum
3319 1889 3405 1943 in-

1833 1971 2122 2040 tendimus,
2152 1981 2207 2026 et
2228 1971 2332 2042 ipsi
2357 1972 2510 2027 nobis
2538 1987 2626 2042 ea,
2656 1973 2722 2029 ad
2742 1988 2862 2044 quae
2890 1975 3236 2042 intendimus,
3268 1988 3411 2048 post-

1833 2060 2048 2116 modum
2092 2060 2402 2130 loquuntur.
2441 2061 2579 2130 Quid
2609 2079 2737 2120 vero
2763 2074 2864 2131 est,
2894 2067 3040 2136 quod
3071 2068 3146 2122 ait
3172 2085 3186 2121 :
3223 2067 3292 2123 Ut
3318 2086 3408 2125 co-

1832 2149 2011 2204 medas
2033 2165 2224 2204 mecum
2250 2152 2438 2206 hodie?
2465 2151 2570 2208 Sed
2590 2155 2805 2224 quando
2835 2157 3214 2228 praedicatores
3232 2162 3406 2218 sancti

1833 2243 1994 2312 218
2020 2240 2257 2296 cielest’a
2297 2242 2606 2312 loquuntur,
2631 2244 2925 2302 electorum
2954 2262 3172 2304 suorum
3200 2252 3410 2307 audito-

1834 2351 1951 2389 rum
1972 2337 2134 2392 corda
2165 2337 2446 2394 reficiunt:
2480 2347 2713 2396 testante
2752 2344 2949 2398 etenim
2976 2346 3202 2400 veritate
3224 2387 3239 2410 ,
3281 2347 3408 2414 quia

1832 2425 1984 2482 cibus
2012 2429 2202 2483 animae
2229 2437 2310 2484 est
2338 2430 2556 2484 verbum
2589 2432 2700 2496 Dci,
2742 2429 2865 2486 Non
2900 2435 2952 2486 in
2982 2435 3092 2488 solo
3133 2451 3265 2503 pane
3292 2437 3411 2489 vivit

1836 2517 1986 2573 Immo
2011 2559 2027 2586 ,
2065 2520 2156 2572 sed
2181 2522 2234 2574 in
2275 2523 2416 2575 omni
2462 2522 2610 2576 ret-bo
2659 2522 2793 2593 quod
2837 2524 3066 2592 procedit
3106 2523 3168 2577 de
3197 2541 3283 2578 ore
3312 2524 3409 2580 Dei

1836 2608 2050 2681 (Matth.
2075 2626 2146 2671 tv,
2175 2609 2253 2681 4).
2278 2609 2433 2668 Panis
2456 2626 2686 2682 namque
2707 2612 3018 2667 alimentum
3047 2615 3403 2682 cnrpoxised,

1835 2702 2057 2756 verbum
2090 2703 2304 2758 mentis.
2357 2703 2458 2769 Qui
2503 2719 2632 2758 vero
2659 2719 2856 2772 corpus
2901 2704 3017 2757 sine
3067 2714 3244 2758 mente
3284 2708 3409 2758 reti-

1835 2791 2024 2859 ciunt,
2052 2800 2229 2848 mente
2255 2794 2445 2847 mortui
2477 2803 2634 2858 sunt,
2677 2808 2840 2853 came
2864 2795 2990 2849 vivi.
3030 2793 3207 2861 Quare
3246 2803 3302 2849 et
3345 2795 3413 2850 de

1837 2880 2062 2937 delicata
2095 2881 2250 2936 vidua
2280 2880 2476 2938 Paulus
2500 2883 2575 2937 ait
2606 2898 2619 2935 :
2668 2882 2854 2936 Vivens
2879 2891 3080 2937 mortua
3107 2891 3182 2936 est
3203 2883 3250 2953 (Ι
3275 2882 3409 2937 Tim.

1837 2983 1891 3034 τ,
1921 2968 2001 3039 9).
2027 2968 2159 3023 Nam
2189 2983 2286 3038 per
2322 2970 2561 3026 ciborum
2588 2970 2810 3027 delicias
2852 2985 2960 3024 non
3002 2979 3300 3025 moreretur
3329 2971 3411 3025 vi-

186 3063 437 3133 quirimus,
463 3077 560 3118 eos
588 3062 836 3116 nimirum
865 3062 1016 3131 quasi
1046 3063 1112 3115 de
1141 3063 1541 3132 propriadomo
1564 3062 1728 3116 intez-
1755 3063 1804 3126 ο
1833 3058 1959 3126 dua,
2003 3059 2048 3114 si
2076 3061 2310 3114 animam
2338 3060 2486 3115 verbi
2535 3060 2626 3115 Dei
2671 3061 2790 3116 cibo
2841 3061 3100 3125 satiaret,
3148 3077 3269 3116 cum
3299 3061 3414 3131 ipse

188 3166 437 3220 rogamus.
476 3150 680 3207 Domus
735 3165 965 3218 namque
1009 3144 1195 3206 eorum
1245 3152 1584 3206 conversatio
1629 3161 1730 3204 est.

189 3240 320 3310 Ilaic
339 3241 548 3297 domum
576 3241 716 3297 scire
743 3241 960 3296 volebat
986 3240 1276 3310 discipulus
1295 3239 1538 3307 Joannis,
1562 3255 1734 3310 quan-

187 3333 251 3386 do
275 3331 538 3390 Dominum
567 3332 936 3401 interrogavit,
967 3331 1187 3386 dicens:
1219 3331 1474 3403 Magister
1512 3331 1596 3384 ubi
1641 3332 1736 3384 ha-

190 3421 305 3477 bi'as
331 3422 502 3493 (Joan.
533 3437 573 3488 ι,
603 3421 741 3492 38)?
785 3421 885 3488 Qui
913 3422 1182 3489 nivnirum,
1227 3425 1351 3490 quia
1398 3420 1465 3474 ad
1505 3419 1736 3474 familia-

191 3511 378 3564 ritatem
404 3509 564 3574 illius,
613 3509 765 3578 quasi
805 3509 1132 3564 domesticus
1181 3509 1552 3578 perducendus
1597 3517 1735 3576 erat,

192 3598 406 3652 audivit:
441 3597 593 3664 Veni,
615 3607 662 3651 et
686 3598 818 3651 vide.
845 3596 995 3651 lianc
1017 3598 1233 3651 domum
1258 3597 1429 3650 visam
1456 3595 1738 3665 Philippus

195 3704 287 3744 non
310 3692 682 3759 cognoscebat,
708 3691 796 3746 cui
827 3691 954 3746 dicit
977 3709 990 3743 :
1042 3690 1208 3744 Tanto
1238 3700 1463 3760 tempore
1483 3688 1740 3744 vobiscum

193 3792 292 3831 sunt
330 3787 376 3832 et
411 3796 511 3835 non
540 3782 850 3851 cognovistis
878 3795 996 3833 me:
1034 3779 1293 3849 Philippe,
1345 3779 1432 3851 qui
1459 3781 1593 3833 videt
1638 3795 1738 3846 me,

194 3867 308 3921 ridet
346 3877 394 3921 et
440 3867 654 3922 Patrem
692 3884 857 3922 meum
908 3867 1091 3940 (loan.
1125 3884 1234 3936 xw,
1290 3867 1368 3934 9).
1400 3868 1476 3924 De
1517 3868 1743 3924 Domino

198 3957 337 4010 etiam
360 3959 611 4028 scriptum
635 3966 740 4026 est,
769 3959 890 4030 quia
923 3959 1240 4028 loquebatur
1262 3959 1430 4030 Moysi
1456 3959 1594 4015 sicut
1621 3951 1744 4015 cum

200 4047 347 4104 amico
372 4063 468 4104 suo
493 4065 508 4114 ;
531 4048 627 4104 sed
658 4049 797 4104 idem
828 4049 1038 4120 Moyses
1057 4049 1265 4113 videns,
1295 4059 1350 4105 et
1377 4067 1482 4106 non
1512 4065 1744 4119 cognos-

201 4149 326 4199 cens,
347 4138 728 4206 interrogabat,
749 4137 935 4193 dicens
961 4158 973 4192 :
1001 4141 1247 4195 Siinreni
1271 4141 1569 4210 gratiamin
1598 4157 1747 4196 cans-

201 4233 322 4291 pectu
338 4235 436 4293 tuo,
458 4226 671 4281 ostende
689 4227 814 4280 mihi
837 4228 1022 4298 [aciem
1045 4238 1184 4282 tuam
1200 4228 1396 4298 (Exod.
1424 4245 1610 4293 χχχ-ιι,
1634 4229 1746 4295 15).

203 4313 472 4384 Spiritualis
496 4327 680 4374 autem
722 4321 1062 4374 conversatio
1099 4329 1427 4386 sanctorum,
1455 4322 1579 4390 quia
1609 4336 1746 4375 non—

1838 3150 2034 3206 Paulus
2060 3152 2204 3206 dicat
2234 3169 2249 3206 :
2278 3152 2414 3206 Nihil
2447 3166 2567 3207 esse
2593 3151 2944 3218 immundum,
2975 3151 3119 3221 quod
3140 3166 3260 3206 cum
3291 3166 3416 3222 gra-

1839 3244 2031 3298 tiarum
2071 3245 2282 3299 actione
2319 3243 2614 3314 percipitur
2637 3241 2688 3314 (I
2721 3242 2852 3296 Tim.
2886 3259 2957 3307 tv,
2981 3241 3058 3312 4).
3100 3243 3205 3298 Sed
3233 3242 3418 3298 vivens

1842 3333 1998 3388 vidua
2027 3336 2253 3389 moritur
2274 3373 2290 3399 ,
2329 3332 2545 3402 quando
2574 3333 2696 3387 cibo
2717 3347 2912 3402 corpus
2936 3332 3139 3398 nutrit,
3183 3331 3414 3385 animam

1843 3422 1980 3477 laiiie
2020 3424 2270 3478 interlicit
2307 3423 2517 3493 (Matth.
2552 3421 2646 3494 ιν).
2685 3422 2740 3474 In
2783 3422 2902 3476 solo
2932 3435 3061 3489 ergo
3090 3435 3229 3490 pane
3255 3420 3418 3476 homo

1842 3527 1949 3566 non
1979 3512 2146 3567 vivit:
2194 3512 2319 3583 quia
2346 3528 2467 3568 cum
2519 3528 2586 3568 ex
2623 3511 2800 3566 anima
2840 3518 2895 3564 et
2937 3525 3165 3580 corpore
3211 3519 3425 3565 constet

1843 3603 2026 3666 homo,
2050 3605 2188 3660 sicut
2213 3605 2368 3660 aliter
2391 3621 2487 3674 per
2505 3621 2702 3674 corpus
2729 3603 2882 3670 vivit,
2915 3604 2988 3658 ita
3018 3612 3071 3658 et
3098 3619 3319 3659 necesse
3338 3613 3424 3659 est

1846 3703 1904 3749 ut
1932 3697 2201 3750 alimentis
2228 3697 2452 3752 diversis
2480 3697 2686 3766 singula
2718 3696 3044 3750 nutriantur.
3071 3693 3139 3750 Ut
3165 3695 3420 3750 comeda-

1845 3800 1964 3839 mus
2001 3789 2211 3854 itaque,
2243 3802 2363 3842 cum
2393 3787 2650 3856 propheta
2691 3785 3058 3851 ascendimus,
3101 3785 3315 3852 quando
3360 3785 3426 3837 ad

1845 3875 1952 3929 alta
1984 3877 2148 3932 divini
2179 3877 2328 3931 verbi
2367 3885 2600 3931 mentem
2630 3875 2921 3945 erigimur,
2966 3882 3024 3927 ut
3063 3874 3177 3943 ejus
3220 3875 3427 3930 cmlcsti

1846 3981 2043 4035 sapore
2065 3980 2160 4034 per
2190 3965 2532 4019 devotionem
2560 3966 2836 4018 satiemur.

1919 4054 2008 4111 68.
2051 4053 2116 4109 Ει
2145 4056 2268 4124 quia
2299 4054 2395 4123 ipsi
2429 4053 2808 4123 praedicatores
2839 4053 2989 4108 valde
3013 4061 3197 4108 amant
3234 4054 3428 4108 caules-

1850 4147 1956 4214 tia,
1995 4162 2114 4216 quae
2159 4146 2469 4216 loquuntur,
2514 4145 2667 4215 quasi
2695 4145 2854 4200 simul
2897 4145 3264 4209 comedimus,
3311 4160 3431 4199 cum

1851 4238 2043 4292 devote
2073 4236 2148 4289 illi
2182 4235 2451 4304 loquendo
2479 4232 2786 4304 proferunt,
2816 4233 2960 4303 quod
2989 4248 3088 4288 nos
3111 4233 3304 4288 devote
3331 4248 3430 4286 au-

1853 4325 2069 4390 diendo,
2101 4325 2152 4379 in
2181 4333 2368 4378 ventre
2393 4324 2584 4377 anima:
2613 4324 2872 4380 locamus.
2895 4323 3064 4378 Simul
3091 4323 3231 4378 enim
3253 4338 3438 4378 corne-

209 4407 513 4476 nisidevotis,
532 4425 596 4464 ac
620 4410 952 4480 supplicibus
979 4411 1250 4480 panditur,
1279 4412 1498 4467 domum
1517 4411 1744 4466 Samue-
1778 4427 1827 4486 υ
1853 4417 2028 4472 dimus
2053 4435 2064 4469 ε
2096 4417 2218 4486 quia
2248 4416 2467 4471 verbum
2500 4415 2593 4470 Dei
2626 4417 2828 4486 pariter
2862 4417 3126 4471 audimus.
3173 4416 3436 4470 Praedica-

206 4494 256 4549 lis
270 4497 612 4554 Saulindicari
632 4501 733 4555 sibi
753 4501 1000 4557 similiter
1019 4503 1359 4574 deprecatur.
1378 4502 1560 4559 Sancti
1584 4505 1746 4558 etiam

206 4587 546 4654 praedicatores
573 4599 697 4647 cum
727 4593 795 4648 de
821 4609 883 4650 se
910 4608 1102 4664 magna
1129 4595 1374 4666 audiunt,
1406 4613 1504 4668 per
1534 4599 1746 4653 humili-

207 4681 342 4730 tatem
369 4693 426 4733 se
448 4679 724 4749 dejiciunt,
759 4699 866 4739 non
896 4684 1105 4740 inﬂant.
1137 4685 1327 4742 Sciunt
1353 4702 1413 4742 se
1444 4689 1751 4756 petentibus

205 4775 405 4833 magna,
457 4785 576 4840 quae
632 4771 933 4840 imitentur,
985 4777 1313 4842 ostendere;
1376 4779 1557 4833 sciunt
1611 4780 1752 4834 inter

207 4865 392 4923 magna,
417 4874 534 4928 qaae
560 4863 870 4926 ostendunt,
903 4866 1081 4934 magni
1132 4882 1229 4936 per
1269 4867 1584 4937 jactantiam
1642 4887 1747 4925 non

209 4952 452 5010 apparere.
479 4949 655 5014 Quare
681 4962 736 5007 et
763 4955 1006 5009 subditur
1031 4974 1042 5009 :

263 5031 420 5101 (Vers.
445 5037 556 5109 19.)
595 5039 668 5094 Et
695 5046 956 5114 respondit
983 5047 1197 5102 Samuel
1227 5048 1360 5104 Sani
1387 5051 1564 5105 dicens
1588 5067 1607 5106 ,ο
1640 5051 1750 5122 Ego

207 5133 301 5174 sunt
328 5122 526 5182 Videas.
559 5129 669 5186 Sed
693 5135 912 5189 ascende
938 5147 1058 5190 ante
1085 5155 1165 5192 me
1187 5140 1242 5192 in
1268 5141 1528 5196 excelsum
1555 5143 1710 5198 hodie
1735 5183 1751 5208 ,

208 5220 254 5262 st
275 5219 493 5274 comedas
520 5238 737 5290 mecum,
767 5234 816 5278 et
839 5227 1093 5282 dimittam
1121 5237 1172 5282 te
1193 5246 1365 5286 mane.

267 5300 344 5359 47.
381 5307 509 5374 Quid
537 5320 621 5367 est
647 5313 829 5370 dicere
855 5334 868 5369 :
906 5317 1013 5388 Ego
1046 5335 1159 5372 sum
1195 5319 1390 5374 Videtis
1413 5338 1431 5375 :
1455 5322 1554 5377 nisi
1582 5338 1662 5389 se,
1685 5325 1758 5379 :i-

210 5401 286 5446 cut
333 5396 380 5452 in
428 5403 594 5458 oculis
647 5406 964 5475 videbatur,
1019 5410 1275 5466 humilem
1340 5413 1760 5472 demonstrare?

213 5478 348 5546 Quasi
377 5489 550 5547 dicat:
580 5493 662 5549 Tu
691 5496 743 5549 in
767 5499 1122 5556 aestimatione
1148 5511 1236 5557 tua
1267 5517 1518 5572 magnum
1548 5505 1714 5564 habes
1741 5551 1757 5576 ,

1857 4509 2060 4562 toribus
2090 4523 2319 4576 namque
2350 4507 2558 4561 Veritas
2581 4509 2710 4562 dicit
2736 4525 2748 4560 :
2783 4506 2907 4562 Non
2948 4525 3036 4562 vos
3064 4510 3204 4573 estis,
3238 4509 3321 4578 qui
3352 4509 3433 4562 lo-

1853 4599 2090 4670 quimini,
2119 4598 2209 4651 sed
2237 4598 2448 4666 spiritus
2477 4596 2652 4651 Patris
2679 4599 2830 4651 vestri
2849 4637 2863 4662 ,
2893 4599 2978 4669 qui
3007 4597 3230 4668 loquitur
3261 4596 3314 4648 in
3344 4613 3435 4649 vo-

1855 4691 1929 4744 bis
1958 4688 2172 4761 (Matth.
2205 4704 2258 4754 χ,
2289 4687 2404 4758 20).
2435 4687 2589 4754 Quod
2610 4699 2665 4744 et
2696 4687 2892 4743 Paulus
2920 4689 3142 4756 probat,
3165 4703 3288 4741 cum
3312 4703 3440 4740 suos

1857 4781 2125 4835 auditores
2155 4780 2470 4848 interrogat,
2501 4779 2686 4833 dicens
2716 4797 2729 4832 :
2759 4779 2839 4831 Λη
2869 4780 3272 4849 experimentum
3296 4794 3426 4849 quae.

1855 4874 1970 4926 ritis
1999 4874 2131 4942 ejus,
2161 4873 2247 4942 qui
2276 4872 2331 4925 in
2353 4888 2432 4925 me
2455 4870 2651 4925 habitat
2675 4869 2910 4925 Christus
2941 4871 3024 4942 (ΙΙ
3048 4869 3166 4926 Cor.
3202 4885 3313 4939 xm,
3343 4872 3441 4942 '5)?

1858 4959 1993 5026 Quia
2021 4974 2149 5028 ergo
2180 4961 2232 5014 in
2263 4960 2464 5016 sanctis
2493 4960 2931 5030 pnndicatnribus
2959 4963 3221 5030 Christus,
3251 4973 3304 5019 et
3325 4964 3443 5034 ejus

1859 5050 2075 5120 Spiritus
2099 5050 2334 5119 loquitur
2356 5091 2372 5118 ,
2407 5051 2505 5121 ipsi
2534 5051 2914 5123 praedicatores
2946 5064 3093 5108 tanto
3122 5055 3316 5110 clarius
3359 5055 3442 5109 lo-

1861 5149 2113 5210 quentem
2144 5142 2384 5210 audiunt,
2413 5155 2438 5182 ει
2461 5152 2662 5213 quanto
2689 5145 2737 5199 ei
2769 5136 3058 5200 viciniores
3086 5156 3209 5202 sunt
3234 5189 3249 5214 ,
3293 5149 3445 5216 cujus

1861 5235 2018 5288 sedes
2056 5249 2176 5288 esse
2222 5242 2515 5289 merentur.
2569 5235 2740 5289 Tanto
2772 5249 2900 5303 ergo
2931 5236 3140 5305 plenius
3186 5237 3253 5292 de
3298 5237 3445 5291 verbi

1865 5327 2122 5383 alimento
2153 5336 2403 5394 poterunt
2436 5324 2530 5380 ri-li
2566 5326 2600 5391 i,
2627 5335 2828 5396 quanto
2855 5327 2966 5396 jam
2997 5327 3135 5381 intra
3163 5343 3223 5383 se
3249 5327 3450 5383 habent

1865 5419 2055 5472 cellam
2105 5417 2433 5471 refectionis.
2488 5418 2658 5474 Amici
2709 5420 2908 5474 etenim
2955 5420 3136 5491 sponsi
3181 5428 3346 5486 sunt,
3396 5428 3452 5475 et

1865 5518 2030 5572 stant,
2054 5517 2110 5564 et
2132 5508 2328 5578 gaudio
2357 5510 2591 5578 gaudent
2619 5519 2840 5582 propter
2871 5526 3056 5568 vocem
3087 5513 3294 5583 sponsi.
3319 5509 3452 5568 Cum

275 5628 296 5654 ⁸
319 5617 472 5678 Vatic.
502 5634 555 5678 et
583 5625 744 5680 Gilot.
773 5667 788 5691 ,
817 5639 1007 5707 quanto
1033 5635 1127 5687 eis.
1173 5633 1314 5691 Inlra
1353 5636 1516 5705 Gilot.
1551 5639 1713 5698 habet
1737 5652 2050 5714 meruerunt,
2079 5658 2178 5714 pro
2201 5653 2474 5722 merentur.

580 5720 845 5777 l‘nnoc.
888 5723 990 5781 LX
1005 5725 1049 5781 Χ
1068 5723 1175 5784 IX.

2983 5736 3020 5792 9
