3962 6294
566 219 665 274 267

1781 222 2022 277 SANCTI
2065 222 2100 273 Γ
2115 221 2396 282 REGORII
2440 228 2529 283 MA
2543 229 2650 284 {LVI

3710 245 3791 301 9.68

562 349 690 403 ergo
715 334 890 388 divina
919 333 1213 402 loquuntur
1242 333 1412 387 sancti
1445 331 1842 401 prccdicatores,
1884 336 2145 389 audiunt:
2177 341 2222 396 A
2256 355 2360 394 non
2384 340 2434 394 in
2466 357 2676 408 amore,
2721 344 2814 398 sed
2845 343 2897 398 in
2927 345 3179 412 scientia,
3221 346 3289 403 de
3329 349 3653 419 plenitudine
3677 361 3792 414 aeri.

561 427 652 477 sed
686 424 807 494 quia
837 433 983 478 certa
1012 423 1344 492 experientia
1374 431 1591 489 norunt,
1625 424 1841 491 quando
1872 424 1924 478 in
1952 425 2030 479 eis
2059 425 2142 479 lo-

560 519 742 586 quitur
769 517 1022 587 Spiritus,
1052 515 1278 570 audiunt
1305 529 1384 579 se,
1413 518 1509 569 sed
1554 531 1662 570 non
1712 516 1764 570 in
1806 531 1866 571 se
1888 555 1904 582 ,
1935 517 2060 586 quia
2090 527 2145 571 et

563 614 664 685 ipsi
711 614 1024 683 loquuntur,
1068 611 1163 666 scd
1202 611 1256 665 in
1304 625 1364 667 se
1392 611 1598 678 locuti,
1643 610 1949 680 loquentem
1979 613 2142 667 alium

559 711 900 760 venerantur.
927 702 986 757 In
1015 717 1081 756 eo
1104 702 1285 770 igitur,
1313 700 1458 770 quod
1498 700 1724 755 audiunt
1752 709 1807 755 et
1831 701 2142 771 loquuntur,

557 806 614 850 et
641 795 908 856 reficiunt,
937 802 993 847 et
1020 792 1354 848 reficiuntur.
1386 790 1655 846 Reliciunt
1683 791 1896 860 quidem
1928 791 2142 846 audito-

558 900 672 948 res,
721 883 848 936 dum
896 882 1118 935 verbum
1159 879 1443 950 proferunt
1468 895 1602 934 voce
1641 894 1738 934 sua
1771 897 1784 932 :
1833 878 2144 935 reficiuntur

555 976 676 1044 ipsi,
709 974 837 1028 dum
864 973 1108 1039 verbum,
1138 971 1282 1042 quod
1309 971 1625 1040 proferunt,
1658 969 1934 1041 profertur
1953 971 2030 1026 eis
2060 986 2145 1026 re-

551 1066 824 1120 velatione
848 1065 1047 1119 divina.
1079 1064 1183 1134 Ipsi
1214 1070 1394 1118 tamen
1425 1064 1671 1118 devotius
1699 1071 2030 1132 saturantur,
2052 1063 2142 1130 qui

554 1160 605 1211 in
653 1157 925 1212 locutione
954 1156 1214 1223 spiritus,
1255 1155 1450 1209 mentis
1481 1154 1698 1210 delicias
1740 1156 1952 1225 experti
1994 1164 2138 1210 sunt.

553 1250 746 1302 Annon
771 1246 1103 1314 experientia
1133 1244 1404 1314 loquentis
1425 1244 1648 1314 spiritus
1670 1252 1776 1309 est,
1809 1245 2143 1300 inconsultos

549 1349 602 1392 et
627 1336 1096 1404 imprzemeditatos
1137 1349 1195 1390 se
1224 1349 1446 1390 cernere
1468 1376 1483 1402 ,
1513 1335 1802 1404 subitoque
1824 1335 2100 1391 consultos
2123 1376 2138 1401 ,

550 1438 601 1481 et
634 1441 850 1499 paratos
896 1427 1051 1482 esse?
1098 1425 1284 1489 Scire,
1331 1440 1450 1494 quae
1496 1426 1798 1481 nescierant
1837 1445 1849 1480 :
1903 1427 2138 1494 habere,

553 1536 670 1589 qua:
699 1536 804 1575 non
832 1520 1136 1573 habuerant
1167 1534 1182 1571 :
1226 1525 1502 1585 torporem
1535 1517 1728 1572 mentis
1757 1518 2025 1582 amittere,
2056 1533 2143 1573 rc—

553 1621 715 1683 petth
745 1613 879 1667 mira
929 1611 1218 1666 devotione
1263 1608 1470 1664 fervere
1499 1625 1512 1662 :
1546 1610 1876 1678 pienitudine
1905 1610 2141 1665 scicntia:

2250 433 2344 499 pit,
2379 447 2484 486 non
2513 433 2659 487 verbi
2683 471 2696 495 ,
2729 434 2823 488 sed
2861 435 3000 489 libri.
3037 435 3099 490 Et
3127 437 3252 507 quia
3299 453 3416 492 rem
3447 450 3696 498 mortuam
3719 461 3792 502 ac-

2245 523 2395 590 cipit,
2429 539 2480 578 in
2507 523 2623 592 ejus
2648 526 2761 595 ipse
2789 529 3104 596 acceptione
3125 545 3233 583 non
3262 531 3411 585 vivit.
3437 532 3544 587 Sed
3564 534 3680 604 quid
3697 536 3794 594 dico

2246 611 2576 683 Scripturam
2603 619 2910 672 mortuam?
2937 618 3053 673 Non
3082 629 3166 674 est
3202 630 3416 676 mortua
3460 629 3684 690 tantum,
3721 630 3794 683 sed

2251 703 2598 759 interficiens.
2642 705 2774 759 Nam
2804 707 3060 774 scriptum
3091 716 3175 762 est
3206 726 3218 761 :
3263 708 3463 763 Littera
3485 712 3691 777 occidit,
3711 718 3798 783 api.

2244 793 2374 846 ritus
2415 802 2586 847 autem
2610 794 2830 864 vivificat
2861 793 2959 865 (II
2989 794 3108 850 Car.
3140 812 3216 860 lu,
3247 798 3322 867 6).
3358 795 3475 852 ΙΙοο
3501 799 3702 868 quidem
3727 803 3789 856 fa-

2245 882 2320 936 cit
2344 883 2519 938 omnis
2547 882 2727 936 divina
2754 883 2950 938 littera.
2982 883 3113 938 Nam
3148 885 3322 940 littera
3349 901 3550 956 corpus
3583 897 3692 956 est,
3719 891 3797 944 hu-

2241 973 2329 1042 jus
2355 987 2486 1028 vero
2512 974 2754 1043 corporis
2783 975 2892 1027 vita
2934 975 3178 1043 spiritus.
3229 974 3568 1032 Vivilicatum
3593 979 3794 1049 quippe,

2244 1078 2262 1115 (
2281 1072 2301 1115 t
2321 1061 2594 1122 vivificaris
2616 1077 2811 1132 corpus
2835 1065 3067 1133 accipit,
3093 1067 3183 1134 qui
3226 1065 3463 1120 litteram
3497 1067 3646 1135 legit,
3685 1072 3796 1126 etin

2245 1168 2483 1207 amorem
2515 1153 2878 1222 intelligentia:
2907 1165 3141 1210 mentem
3179 1157 3370 1212 relic-it.
3405 1157 3640 1226 Reprobi
3666 1176 3792 1229 ergo,

2244 1245 2336 1315 qui
2378 1243 2687 1313 Seripturas
2728 1244 3011 1313 rimantur,
3057 1260 3190 1314 quas
3221 1262 3328 1303 non
3359 1255 3579 1312 amant,
3610 1249 3692 1318 qui
3717 1267 3797 1304 au-

2245 1333 2430 1388 dacter
2455 1333 2586 1388 foris
2615 1334 2930 1404 loquuntur,
2961 1336 3112 1404 cujus
3139 1350 3388 1406 saporem
3419 1339 3563 1394 intus
3601 1356 3697 1394 nou
3733 1341 3799 1396 in-

2246 1423 2528 1492 telligunt;
2567 1423 2694 1478 dum
2724 1423 3074 1479 refectionem
3105 1424 3505 1494 Scripturarum
3527 1469 3543 1494 ,
3571 1444 3699 1498 quas
3722 1445 3799 1485 ex-

2246 1523 2450 1585 ponunt
2476 1555 2492 1581 ,
2524 1514 2616 1569 alii
2641 1514 2833 1570 devota
2863 1523 3042 1570 mente
3065 1517 3390 1586 percipiunt,
3421 1520 3576 1588 quasi
3617 1519 3680 1574 de
3707 1536 3763 1576 eo
3782 1564 3798 1590 ,

2243 1607 2385 1675 quod
2414 1606 2513 1676 ipsi
2540 1606 2689 1670 dant,
2730 1607 2819 1662 alii
2847 1617 3177 1674 saturantur,
3214 1625 3319 1664 non
3362 1611 3484 1678 ipsi.
3521 1611 3666 1666 Dicat
3687 1628 3798 1683 ergo

553 1707 734 1762 statim
767 1705 897 1760 etin
927 1712 1201 1758 momento
1230 1702 1547 1756 mirabiliter
1576 1702 1795 1772 repleri,
1821 1703 1956 1757 mira
1983 1702 2132 1756 verbi
2168 1709 2212 1766 Β
2239 1699 2457 1754 Samuel
2488 1715 2502 1752 :
2536 1699 2783 1766 Ascende,
2813 1708 2870 1753 ut
2904 1699 3144 1753 comedas
3165 1716 3359 1753 mecum
3381 1701 3534 1756 hodie
3561 1718 3580 1756 :
3609 1704 3721 1772 quia
3740 1721 3794 1759 ex

554 1798 798 1853 facundia
855 1795 1123 1850 intellecta
1173 1794 1464 1864 proferre?
1525 1793 1736 1848 Habent
1788 1808 1915 1864 ergo
1978 1793 2135 1849 electi

553 1888 928 1959 praedicatores
955 1886 1339 1955 experientiam
1369 1886 1588 1956 spiritus
1631 1886 1685 1940 in
1735 1900 1794 1940 se
1824 1885 2094 1954 loquentis
2117 1924 2133 1951 ,

552 1984 604 2036 in
633 1981 909 2055 repentina
942 1979 1271 2034 revelatione
1297 1979 1538 2033 verilatis
1564 1995 1576 2031 :
1619 1978 1816 2032 habent
1842 1977 2020 2033 subito
2047 1993 2132 2030 ar-

552 2076 738 2127 dorem
767 2071 1083 2133 eharitatis,
1141 2070 1344 2125 habent
1390 2070 1443 2124 in
1493 2069 1825 2140 plenitudine
1861 2070 2132 2136 scientius,

553 2165 755 2218 habent
784 2163 836 2216 in
869 2161 1248 2216 facundissima
1277 2161 1427 2216 verbi
1471 2161 1873 2231 prmdicatione.
1918 2160 2051 2215 Nam
2082 2171 2136 2216 et

553 2256 730 2311 subito
760 2255 1115 2322 instruuntur,
1147 2262 1203 2308 et
1245 2261 1466 2322 repente
1491 2252 1828 2319 fervescunt,
1859 2253 1986 2307 etin
2017 2269 2134 2307 mu-

551 2353 734 2399 mento
778 2342 1094 2412 rei-lentur,
1140 2351 1195 2398 et
1241 2342 1473 2396 mirabili
1504 2343 1701 2411 eloquii
1741 2350 2010 2411 potestate
2053 2342 2132 2397 di-

553 2444 750 2489 tantur.
783 2435 860 2489 De
893 2435 982 2488 illa
1011 2449 1244 2502 namque
1272 2434 1553 2502 repentina
1583 2433 1914 2502 experientia
1941 2433 2134 2486 Domi-

557 2541 655 2577 nus
683 2523 812 2578 dicit
838 2541 850 2575 :
897 2522 1119 2575 Dabitur
1148 2522 1286 2575 vobis
1312 2524 1365 2575 in
1402 2523 1494 2576 illa
1524 2523 1672 2587 hora,
1705 2522 1827 2592 quid
1852 2521 2132 2593 loquamini

554 2613 764 2680 (.llntth.
798 2629 849 2675 χ,
882 2611 966 2681 19)
1017 2611 1088 2665 De
1120 2611 1210 2664 illo
1239 2619 1418 2664 autem
1449 2611 1731 2666 subitaneo
1763 2612 1971 2666 fervore
1996 2612 2128 2666 cha-

552 2704 724 2758 ritatis
764 2701 1030 2771 Cleophas
1059 2703 1185 2756 dicit
1227 2721 1240 2756 :
1293 2699 1482 2756 Nouue
1527 2718 1615 2756 cor
1661 2710 1894 2756 nostrum
1940 2703 2131 2758 ardens

551 2806 661 2848 erat
688 2798 739 2849 iu
772 2797 874 2856 via;
905 2795 1027 2848 dum
1056 2795 1360 2866 loqueretur,
1394 2803 1441 2848 et
1466 2795 1691 2865 aperiret
1719 2793 1865 2848 nobis
1888 2793 2129 2863 Scriptu-

550 2904 632 2940 ras
662 2885 811 2957 (Luc.
838 2901 978 2945 sxw,
1001 2884 1132 2954 5'2)?
1162 2885 1235 2938 De
1264 2884 1577 2954 repletionis
1603 2899 1816 2955 quoque
1840 2894 1895 2939 et
1941 2885 2127 2940 facun-

547 2977 646 3030 diae
676 2977 1005 3045 experientia
1039 2975 1213 3030 Lucas
1257 2976 1529 3044 meminit,
1563 2975 1745 3031 dicens
1775 2994 1787 3030 :
1831 2974 2026 3032 Factus
2053 2989 2129 3032 est

2242 1806 2329 1858 eo,
2355 1791 2497 1861 quod
2519 1790 2746 1845 subditis
2767 1790 2836 1847 de
2875 1791 3042 1848 verbo
3072 1791 3229 1847 electi
3259 1792 3517 1848 doctores
3541 1794 3793 1864 tribuunt,

2238 1887 2293 1938 'et
2322 1883 2523 1953 pariter
2541 1883 2780 1949 audiunt,
2813 1891 2866 1938 et
2893 1884 3096 1954 pariter
3123 1892 3452 1938 saturantur.
3505 1884 3640 1941 Ecce
3671 1890 3794 1944 enim

2239 1971 2294 2026 in
2322 1969 2510 2026 eodem
2542 1972 2659 2043 ipso
2684 1973 2849 2028 verbo
2871 2013 2886 2037 ,
2919 1973 3062 2041 quod
3093 1972 3318 2028 dicimus
3342 2015 3358 2041 ,
3402 1975 3792 2033 demonstratur.

2236 2062 2370 2118 Nam
2399 2065 2518 2132 quis
2539 2063 2767 2128 dubitat,
2799 2063 2941 2132 quod
2985 2064 3124 2118 hanc
3152 2063 3506 2133 Scripturam,
3536 2080 3688 2134 quam
3711 2083 3794 2123 ex-

2237 2154 2524 2222 ponin.us,
2578 2153 2796 2209 Samuel
2843 2154 3155 2222 scripserit?
3191 2152 3256 2207 Et
3305 2162 3486 2208 tamen
3532 2156 3675 2226 ipse,
3718 2159 3794 2227 qui

2234 2245 2468 2315 scripsit,
2499 2245 2613 2300 lucc
2641 2246 2767 2300 dicit
2800 2263 2811 2301 :
2864 2243 3146 2314 Respondit
3171 2244 3428 2311 Samuel;
3476 2254 3536 2300 ut
3577 2247 3794 2316 profecto

2237 2335 2566 2400 ostenderet,
2593 2335 2716 2403 quia
2737 2334 2880 2403 quod
2911 2333 3026 2402 ipse
3054 2332 3346 2396 scribebat,
3381 2335 3517 2390 alius
3546 2337 3794 2407 iaipartie-

2233 2423 2409 2479 batur.
2437 2423 2572 2491 Quia
2595 2437 2722 2492 ergo
2743 2422 2972 2492 Spiritus
2993 2432 3227 2486 sanctus,
3259 2424 3348 2494 qui
3380 2440 3473 2494 per
3493 2440 3612 2480 eum
3641 2427 3794 2496 loqui-

2236 2526 2339 2583 tur,
2371 2530 2469 2586 per
2507 2531 2628 2570 eum
2653 2514 2720 2569 de
2749 2529 2815 2570 eo
2841 2515 2968 2569 dicit
3000 2533 3013 2568 :
3059 2515 3356 2586 Respondit
3381 2516 3597 2573 Samuel
3624 2518 3788 2574 Sauli:

2231 2607 2461 2660 Ascende
2488 2616 2609 2660 ante
2641 2623 2720 2660 me
2747 2607 2798 2660 in
2827 2606 3104 2675 excelsum,
3145 2616 3202 2660 ut
3227 2609 3475 2672 comedas
3495 2627 3680 2664 mecum
3704 2612 3790 2664 ho-

2232 2699 2334 2752 die.
2381 2698 2494 2754 lloc
2522 2699 2670 2765 dicit,
2696 2699 2838 2769 quod
2867 2698 3040 2762 audit;
3090 2707 3148 2754 et
3193 2700 3350 2754 simul
3381 2701 3550 2768 audit,
3579 2709 3631 2755 et
3658 2702 3788 2756 dicit.

2233 2789 2368 2844 Dum
2389 2803 2516 2857 ergo
2545 2805 2733 2860 magna
2763 2791 3109 2846 veneratione
3135 2792 3332 2846 amoris
3362 2793 3530 2859 audit,
3557 2802 3607 2848 et
3635 2794 3790 2862 loqui-

2233 2887 2320 2932 tur
2346 2880 2664 2948 przedit-ator
2703 2880 2938 2944 electus;
2994 2879 3183 2948 magna
3221 2879 3511 2936 devotione
3538 2882 3793 2937 auditores

2231 2969 2359 3024 boni
2386 2985 2504 3037 qua:
2530 2969 2801 3032 dicuntur,
2829 2969 3133 3040 excipiunt;
3182 2969 3307 3024 Saul
3337 2979 3392 3025 et
3419 2970 3628 3026 Samuel
3655 2975 3790 3042 pari-

488 3139 498 3146 ,
546 3079 751 3137 repente
779 3067 841 3121 de
870 3069 993 3121 rwlo
1023 3083 1180 3122 sonus
1212 3076 1453 3137 tanquam
1485 3066 1800 3121 advenientis
1826 3069 1986 3138 219
2021 3069 2125 3137 spi-
2153 3074 2201 3138 ο
2233 3067 2313 3114 ιον
2342 3060 2394 3114 in
2425 3060 2638 3115 excelso
2666 3060 2952 3114 ϐοτηεαοΐύ
2989 3061 3254 3116 dicuntur.
3293 3059 3425 3115 [lem
3454 3061 3576 3130 quia
3617 3063 3789 3131 [medie

545 3162 671 3212 ritus
700 3158 1023 3222 vehementis,
1057 3169 1105 3210 et
1133 3159 1341 3226 replevit
1370 3167 1528 3211 totout
1570 3157 1805 3222 domum,
1853 3157 1938 3210 ubi
1978 3169 2126 3212 erant

544 3248 774 3300 sedentes
802 3247 937 3314 (-Act.
978 3263 1034 3313 ιι,
1065 3247 1142 3316 2).
1175 3245 1230 3300 lu
1269 3246 1458 3302 eodem
1491 3247 1690 3317 quippe
1716 3247 1905 3316 spiritu
1937 3248 2124 3316 repleti

544 3345 599 3388 et
629 3335 791 3390 locuti
817 3346 960 3396 sunt,
997 3344 1053 3388 ut
1083 3338 1208 3403 hoc,
1235 3336 1376 3406 quod
1400 3336 1710 3402 asserimus,
1738 3336 2120 3405 designarent:

547 3425 672 3492 quia
701 3425 944 3479 videlicet
991 3424 1288 3494 loquendo,
1319 3425 1452 3480 alios
1481 3434 1706 3495 pascunt
1731 3467 1747 3496 ,
1794 3428 1886 3498 qui
1923 3428 1988 3483 de
2017 3444 2083 3484 eo
2106 3469 2122 3496 ,

545 3512 686 3582 quod
715 3514 912 3578 dicunt,
945 3515 1210 3569 audiendo
1235 3524 1547 3585 pascuntur.
1580 3514 1643 3568 Et
1672 3517 1794 3588 quia
1821 3532 2011 3572 sonum
2035 3533 2122 3573 ve-

545 3605 811 3659 hementis
838 3605 1057 3672 Spiritus
1084 3605 1352 3670 ardorem,
1383 3606 1496 3660 sive
1528 3606 1883 3686 locutionem,
1913 3615 2009 3662 aut
2033 3625 2120 3665 re-

544 3694 832 3763 pletionem
858 3702 1222 3762 cognoscunt,
1255 3703 1408 3749 tanto
1436 3695 1642 3750 dulcius
1685 3696 1740 3752 in
1781 3695 1936 3753 donis
1964 3698 2122 3767 spiri-

545 3791 774 3844 tualibus
801 3789 1104 3861 epulantur,
1137 3800 1340 3858 quanto
1366 3790 1431 3844 ad
1461 3790 1576 3860 ejus
1596 3791 1894 3847 recubitum
1914 3793 2122 3863 dignius

539 3882 797 3952 assumpli
818 3889 962 3936 sunt.
981 3881 1118 3936 Dicit
1139 3897 1268 3950 ergo
1293 3900 1305 3936 :
1327 3882 1648 3950 Ascende,ttt
1667 3885 1904 3940 comedas
1925 3903 2119 3940 mecum

541 3976 721 4041 hodie;
751 3977 875 4046 quia
914 3976 1088 4031 bonus
1123 3975 1332 4042 doctor,
1364 3975 1491 4030 dum
1519 3976 1764 4043 dulciter,
1796 3993 1914 4048 quae
1951 3980 2116 4047 dicit,

544 4068 597 4119 in
627 4065 964 4120 devotionem
995 4065 1190 4120 mentis
1219 4065 1430 4137 accipit,
1467 4081 1528 4122 se
1571 4075 1625 4122 et
1653 4082 1747 4123 eos
1780 4069 1872 4137 qui
1898 4069 2121 4125 audiunt

533 4153 696 4205 simul
727 4152 918 4221 pascit.

608 4254 700 4313 '49.
743 4256 860 4325 Quo
888 4266 1074 4325 contra
1095 4258 1345 4314 doctores
1370 4261 1605 4331 reprobi,
1629 4263 1753 4330 quia
1775 4279 1894 4333 qum
1915 4265 2114 4333 dicunt,

543 4366 648 4405 non
677 4359 878 4417 amant,
908 4367 1029 4408 eum
1052 4348 1186 4408 alios
1206 4354 1373 4409 verbo
1411 4364 1660 4424 pascunt,
1684 4357 1947 4426 jejunant.
1981 4359 2115 4413 Nam

2230 3157 2441 3202 catores
2469 3145 2800 3201 auditoribus
2840 3147 2890 3200 in
2923 3147 3160 3216 ejusdem
3208 3148 3355 3202 vet-bi
3398 3149 3685 3204 refectione
3724 3150 3786 3204 dio

2228 3240 2444 3308 gniorcs
2474 3248 2634 3309 atque
2679 3239 3031 3294 l'erventiores
3067 3247 3233 3306 Slllll;
3287 3255 3392 3294 non
3440 3240 3652 3296 Samuel
3681 3257 3785 3296 cum

2227 3331 2408 3396 Saule,
2439 3331 2531 3385 sed
2574 3330 2699 3385 Saul
2731 3346 2848 3386 cum
2879 3330 2946 3385 Sa
2973 3333 3126 3386 nuele
3157 3343 3494 3387 comesturus
3528 3333 3781 3388 asseritur.

2226 3420 2332 3476 Sed
2359 3431 2414 3476 et
2434 3421 2555 3490 quia
2585 3431 2694 3476 tam
2719 3420 2992 3490 Splendida
3017 3422 3212 3476 mentis
3241 3422 3489 3489 eruditio,
3525 3423 3577 3477 in
3606 3436 3785 3490 magna

2227 3511 2346 3567 luce
2375 3512 2665 3582 spiritualis
2694 3513 2814 3566 vita:
2843 3520 2946 3578 est,
2976 3529 3082 3568 non
3111 3513 3276 3568 dicit:
3311 3499 3660 3570 lit-comedas
3684 3529 3786 3569 me-

2225 3619 2347 3658 eum
2377 3604 2480 3660 hac
2507 3619 2698 3671 noce;
2729 3604 2822 3660 sed
2847 3605 3018 3659 hodie.
3052 3604 3221 3671 Quem
3245 3607 3407 3661 etiam
3440 3621 3596 3661 inane
3623 3606 3788 3662 dimit-

2227 3695 2310 3750 tit.
2343 3695 2500 3751 Mane
2529 3695 2656 3750 dicit
2689 3696 2898 3751 initium
2938 3696 3043 3768 diei
3073 3697 3364 3767 sequentis.
3398 3697 3638 3768 Sequens
3670 3713 3785 3754 vero

2226 3785 2342 3841 dies
2357 3828 2371 3852 ,
2395 3794 2478 3840 est
2493 3785 2783 3840 serenalux
2797 3764 3451 3842 sanctm‘conversationis.
3476 3786 3612 3843 Dicit
3633 3801 3784 3858 ergo:

2293 3902 2455 3972 230
2485 3899 2658 3971 (Vers.
2693 3897 2806 3969 l9.)
2845 3898 3116 3953 Dimittam
3146 3908 3193 3953 te
3216 3917 3385 3954 mane.

2294 3990 2380 4045 50.
2423 3991 2576 4045 Mane
2605 3991 2818 4059 quidem
2851 3990 2916 4045 ab
2945 3991 3160 4045 excelso
3201 3990 3517 4059 dimittitur,
3563 3990 3786 4061 quicum

2221 4084 2286 4138 ad
2317 4083 2518 4142 alt'oris
2543 4083 2781 4138 scientia:
2823 4082 3002 4137 lumen
3053 4081 3298 4152 prolicit,
3348 4082 3403 4137 in
3453 4095 3646 4152 magna
3684 4082 3789 4135 luce

2219 4175 2346 4229 boni
2372 4173 2551 4244 operis
2578 4188 2636 4228 se
2664 4173 2912 4243 proponit
2933 4171 3227 4226 immorari.
3259 4172 3356 4226 Vel
3393 4187 3551 4227 mane
3575 4173 3787 4227 dimitti-

2220 4275 2326 4333 tur,
2352 4264 2440 4335 qui
2473 4265 2694 4320 verbum
2727 4276 2931 4331 magna:
2958 4261 3228 4326 scientiae,
3266 4265 3409 4332 quod
3438 4263 3789 4333 praedicaturus

2218 4368 2313 4409 ore
2355 4352 2570 4418 didicit,
2612 4353 2902 4422 prazdicare
2946 4353 3064 4408 aliis
3110 4353 3359 4408 intendit.
3390 4352 3616 4420 Quando
3657 4353 3789 4407 enim

543 4457 663 4494 mm
691 4441 882 4495 anima:
926 4442 1274 4499 refectionem
1299 4443 1521 4498 verbum
1569 4443 1663 4500 Dei
1692 4460 1812 4502 esse
1856 4449 2113 4503 Dominus
2143 4442 2191 4500 D
2217 4443 2358 4498 bona
2387 4446 2736 4513 proponimus
2757 4484 2774 4512 ,
2801 4444 2953 4512 quasi
2981 4458 3139 4499 mane
3178 4445 3231 4498 iu
3262 4443 3414 4498 iuitio
3444 4442 3550 4499 diei
3575 4459 3782 4502 sumus:

538 4528 752 4595 dixerit,
782 4529 1000 4585 verbum
1021 4545 1151 4586 vero
1178 4531 1271 4586 Dei
1303 4532 1356 4586 in
1379 4541 1561 4588 mente
1583 4533 1740 4604 plena
1767 4535 1835 4590 sit
1861 4536 2113 4603 eruditio,

538 4620 691 4689 plena
721 4619 966 4684 devotio;
998 4623 1162 4676 verbo
1194 4623 1286 4677 Dei
1315 4639 1419 4676 non
1451 4633 1762 4693 pascuntur,
1787 4627 1876 4695 qui
1895 4627 2110 4695 devote,

535 4711 676 4776 quod
720 4714 1040 4782 loquuntur,
1091 4729 1196 4767 non
1236 4712 1476 4767 audiunt.
1523 4713 1811 4784 Apostolus
1857 4717 2109 4786 quilem,

535 4801 684 4870 quasi
708 4800 817 4870 jam
846 4801 936 4856 illa
965 4803 1114 4857 verbi
1141 4803 1423 4859 dulcedine
1451 4805 1710 4874 repletus,
1735 4807 1810 4860 ait
1841 4825 1854 4860 :
1900 4807 1980 4863 De
2000 4810 2112 4879 ple-

535 4891 767 4946 nitudine
784 4893 895 4963 ejus
919 4911 1094 4948 omnes
1123 4896 1408 4965 accepimus
1439 4895 1618 4965 (Joau.
1651 4914 1687 4958 ι,
1715 4897 1823 4967 16).
1851 4897 1964 4952 Alia
1989 4901 2109 4970 qui.

533 4982 654 5035 dem
686 4990 769 5038 est
813 4984 1087 5052 plenitudo
1117 4987 1284 5052 verbi,
1317 4987 1418 5040 alia
1473 4988 1613 5041 libri.
1664 4988 1737 5043 De
1781 4989 2111 5058 plenitudine

533 5073 750 5140 quidem
772 5074 919 5128 verbi
948 5077 1192 5146 accipere
1217 5079 1426 5131 nonnisi
1455 5079 1608 5132 electi
1641 5089 1885 5148 possunt,
1910 5081 1974 5134 de
1997 5082 2109 5151 plc-

532 5164 774 5218 nitudinc
804 5179 934 5220 vero
975 5164 1262 5236 Scriptura:
1305 5179 1528 5238 possunt
1573 5181 1626 5223 et
1672 5171 1907 5240 reprobi.
1949 5172 2110 5227 Liber

530 5265 764 5322 namque
803 5254 942 5309 beati
969 5251 1190 5313 Joannis
1219 5259 1446 5328 apostoli
1470 5300 1486 5324 ,
1527 5268 1583 5315 et
1612 5261 1746 5316 liber
1772 5263 1914 5317 beati
1953 5262 2104 5321 Pauli

531 5345 758 5414 apostoli
787 5346 1140 5415 plenitudines
1159 5350 1378 5418 quidem
1405 5359 1550 5417 sunt,
1571 5367 1691 5421 qum
1717 5353 1784 5406 de
1813 5354 1892 5408 eis
1914 5356 2114 5411 baben-

533 5443 636 5491 tur.
668 5436 868 5492 Eorum
899 5439 1148 5500 nimirum
1177 5441 1339 5494 verba
1367 5440 1562 5498 Paulus
1589 5445 1702 5498 sive
1722 5442 1957 5501 Joannes
1979 5449 2110 5501 seri-

533 5527 663 5594 psit,
691 5530 783 5581 sed
814 5529 954 5596 quod
983 5529 1210 5598 quisque
1229 5530 1462 5601 scripsit,
1493 5535 1719 5602 loquens
1769 5535 1819 5590 in
1861 5535 1940 5591 eis
1981 5553 2106 5591 ver-

531 5615 658 5671 bum
684 5618 978 5688 inspiravit.
1013 5619 1112 5684 Qui
1145 5633 1270 5689 ergo
1296 5621 1518 5677 verbum
1545 5622 1836 5694 Scriptura:
1869 5629 2104 5698 accipit,

2219 4531 2342 4601 quia
2367 4531 2494 4585 boni
2524 4531 2819 4586 claritatem
2864 4531 2975 4600 jam
3021 4533 3264 4602 aspicere
3292 4531 3590 4602 coepimus,
3637 4547 3787 4601 quam

2217 4636 2524 4690 sequamur.
2567 4622 2674 4678 Sed
2716 4622 2822 4677 hoc
2848 4637 3006 4677 mane
3041 4622 3096 4677 in
3142 4623 3358 4692 plenum
3389 4621 3531 4678 diem
3562 4624 3785 4688 crescit,

2216 4712 2431 4781 quando
2454 4713 2515 4780 is,
2546 4713 2637 4781 qui
2666 4726 2857 4781 magna
2887 4711 3029 4768 bona
3058 4726 3237 4780 agere,
3265 4721 3358 4767 aut
3385 4713 3496 4766 alta
3525 4712 3788 4768 a-temita-

2216 4803 2284 4858 tis
2311 4803 2501 4871 gaudia
2531 4803 2821 4873 praedicare
2849 4804 3164 4873 proposuit,
3214 4804 3267 4858 id
3303 4803 3448 4872 quod
3475 4803 3784 4874 proposuit,

2215 4893 2269 4948 in
2299 4907 2488 4962 magna
2519 4894 2736 4947 exhibet
2775 4893 2893 4946 luce
2928 4893 3158 4947 virtuti-.
3196 4893 3350 4947 Mane
3391 4908 3520 4962 ergo
3572 4891 3700 4948 Saul
3726 4893 3788 4947 ab

2215 4983 2428 5038 excelso
2449 4983 2766 5048 dimittitur;
2806 4983 2928 5050 quia
2962 4982 3233 5038 auditores
3261 4982 3672 5052 praedicatorum
3698 4984 3790 5035 bo-

2213 5090 2403 5129 norum
2429 5117 2444 5142 ,
2474 5077 2614 5142 quol
2644 5075 2711 5128 ab
2741 5076 2818 5128 eis
2854 5075 3081 5129 sublime
3109 5077 3370 5141 audiunt,
3412 5088 3668 5129 exercere
3698 5086 3787 5128 su-

2210 5165 2445 5219 blimiter
2487 5181 2593 5218 non
2637 5175 2931 5220 morantur.
2975 5166 3081 5220 Sed
3126 5166 3283 5221 electi
3329 5165 3460 5232 viri,
3510 5166 3651 5220 bona
3678 5176 3789 5231 quae

2211 5259 2427 5325 habent,
2457 5268 2509 5313 et
2536 5260 2864 5314 abscondere
2885 5298 2903 5326 ,
2951 5268 3006 5313 et
3035 5259 3380 5315 manifestare
3405 5260 3605 5315 sciunt.
3655 5259 3784 5312 Abs-

2213 5350 2451 5404 condunt
2479 5349 2704 5418 quippe,
2756 5363 2825 5402 ne
2865 5364 2962 5418 per
2990 5349 3275 5404 elationem
3315 5358 3562 5420 pereant,
3594 5349 3682 5404 sed
3725 5361 3787 5400 ne

2213 5438 2541 5494 infructuosa
2575 5447 2909 5505 remaneant,
2943 5438 3304 5494 manifestant.
3334 5439 3470 5493 Dum
3495 5439 3786 5494 absconde-

2212 5537 2350 5593 runt,
2383 5539 2509 5584 tunc
2535 5529 2876 5593 custodiunt;
2915 5529 3009 5582 sed
3039 5529 3164 5584 dum
3194 5529 3581 5597 manifestam,
3611 5527 3788 5599 profe-

2209 5630 2334 5676 runt
2361 5620 2609 5677 truetum.
2641 5617 2772 5674 Nam
2793 5620 3034 5691 sequitur
3062 5639 3076 5674 :
