3962 6334
142 267 223 324 εστ)
936 255 998 311 IN
1043 256 1303 313 PRIMUM
1345 255 1579 315 nucum
1619 250 2132 330 EXPOSITIONES.
2175 288 2240 300 -
2282 258 2405 316 uo.
2450 257 2534 316 tv.

3261 263 3367 339 970

197 378 354 449 (Veis.
385 372 474 438 {9,
502 370 620 442 20.)
659 369 728 425 Et
749 371 923 426 omnia
964 383 1080 440 qua:
1119 376 1239 422 sunt
1279 368 1333 422 in
1383 366 1556 422 animo
1603 377 1690 424 tuo
1721 373 1766 432 Α
1795 368 2206 438 absconderant,
2235 371 2300 426 ad
2333 372 2504 426 lucem
2529 372 2586 440 ju
2621 371 2749 426 tilia:
2778 370 3030 435 redirent,
3063 373 3114 426 in
3141 390 3245 444 qua
3268 377 3366 430 viri

144 469 344 530 indicabo
368 466 497 530 tibi;
534 475 584 520 et
613 465 678 518 de
715 463 898 528 asinis,
931 476 1058 532 quas
1098 461 1372 532 perdidisti
1399 461 1692 517 nudiuster-

145 565 237 627 tius,
263 574 322 612 ne
345 556 600 612 so’lieitus
624 555 715 615 sis,
740 553 858 624 quia
879 552 1097 606 inventa:
1121 561 1259 605 sunt.

196 651 270 706 5|.
305 647 499 703 Celare
543 659 605 700 se
647 645 864 713 quidem
898 656 1005 710 pra:
1029 640 1274 696 'ieatores
1297 640 1532 711 qualiter
1576 649 1688 697 stu-

145 743 294 804 deant,
332 735 580 802 superius
616 733 670 787 in
710 716 878 786 verbo
922 730 1187 784 Samuelis
1218 731 1548 798 ostenditur,
1600 732 1689 786 ubi

145 834 344 887 dicitur:
392 826 506 898 Ego
535 842 651 879 sum
687 823 900 878 Videas.
946 821 1098 877 Nunc
1137 829 1316 876 autem
1346 821 1470 891 quia
1518 822 1685 876 dicit:

146 922 298 976 Omnia
322 959 337 984 ,
366 933 481 988 quae
517 924 636 969 sunt
677 914 730 968 in
759 914 934 967 aninto
958 921 1042 967 tuo
1066 953 1082 978 ,
1125 913 1367 966 indicabo
1395 912 1522 977 tibi;
1562 911 1689 982 quid

144 1011 254 1067 aliud
278 1002 520 1062 tenemus
541 1044 557 1071 ,
591 1003 693 1058 nisi
723 1002 846 1073 quia
871 1015 1016 1071 saepe
1045 1001 1144 1055 viri
1186 1001 1386 1068 sancti,
1417 1001 1644 1055 virtutes
1669 1039 1684 1065 ,

143 1117 248 1176 quas
270 1098 484 1162 habent,
534 1102 591 1150 et
621 1093 960 1150 abscondunt
985 1099 1040 1146 et
1084 1091 1410 1161 proferunt?
1457 1090 1588 1157 Sed,
1629 1098 1689 1145 ut

144 1195 246 1252 dixi.
272 1187 604 1243 abscondunt
624 1225 639 1251 ,
671 1200 740 1240 ne
769 1185 822 1238 in
850 1182 1058 1251 magnis
1085 1181 1372 1236 virtutibus
1401 1181 1578 1249 magni
1607 1181 1688 1235 vi-

143 1287 362 1345 deantur;
392 1278 678 1348 proferunt
719 1289 829 1339 eas,
856 1280 914 1328 ut
959 1272 1118 1327 electi
1164 1272 1456 1327 imitentur.
1509 1271 1686 1327 Verbo

145 1378 286 1442 itaque
312 1369 609 1439 sapientiae,
638 1373 732 1419 aut
760 1361 1050 1433 prephetite
1076 1360 1266 1430 spiritu
1293 1375 1352 1415 se
1377 1359 1580 1430 pollere
1601 1374 1688 1415 as-

141 1473 310 1524 serunt,
340 1479 442 1517 non
471 1469 529 1514 ut
562 1464 904 1521 venerentur,
934 1456 1028 1510 sed
1060 1463 1118 1509 ut
1155 1455 1460 1509 audiantur.
1507 1453 1686 1522 Quare

143 1570 183 1612 et
209 1553 463 1608 l’salmista
486 1549 634 1602 verbi
661 1548 888 1616 gratiam
916 1559 976 1600 se
1004 1545 1206 1599 habere
1236 1544 1537 1612 insinuans,
1565 1545 1641 1599 ait
1666 1563 1680 1599 :

48 1641 56 1656 ’
144 1649 278 1715 Super
301 1658 474 1698 omnes
505 1641 742 1695 docentes
785 1655 866 1692 me
883 1637 1121 1692 intellexi
1150 1636 1322 1708 (l’sal.
1353 1651 1534 1704 cxvm,
1565 1635 1679 1693 99'.

1792 459 2019 515 inveniri
2048 463 2368 530 potuissent.
2423 464 2534 518 Cur
2560 478 2690 533 ergo
2738 463 2867 520 dicit
2897 481 2910 517 :
2969 463 3197 519 Inventa:
3225 475 3368 532 sunt,

1791 548 1894 603 nisi
1918 549 2044 617 quia
2071 564 2214 620 stepe
2236 551 2286 604 in
2311 551 2388 606 eis
2408 553 2601 606 summi
2631 551 2730 607 viri
2771 552 2961 607 salutis
2982 551 3184 608 bonum
3215 552 3371 610 facile

1793 637 2018 693 inveniri
2046 654 2206 708 posse
2235 641 2600 707 considerant,
2624 642 2692 696 de
2717 658 2945 712 quorum
2977 643 3085 696 vita
3117 643 3369 700 ineruditi

1791 729 2119 797 desperant?
2164 729 2296 783 Nam
2347 739 2404 784 et
2454 732 2611 800 periti
2643 732 2833 787 medici
2889 749 3199 803 corporum,
3248 735 3370 793 illos

1790 834 1933 890 saepe
1961 835 2154 876 curare
2185 823 2532 890 pne-sumunt,
2577 821 2646 876 de
2673 837 2899 892 quorum
2933 825 3106 879 salute
3134 826 3369 896 imperiti

1791 925 2114 980 prtesumere
2136 927 2244 966 non
2268 920 2510 980 possunt.
2572 911 2662 966 Sic
2685 912 2936 967 nimirum
2963 922 3020 968 et
3041 916 3110 969 ab
3138 916 3368 972 eruditis

1788 1000 2100 1056 doctoribus
2126 1016 2268 1070 stepe
2295 1007 2324 1037 ⁸
2351 999 2420 1054 ad
2451 1001 2840 1070 paenitentiam,
2868 1011 2923 1056 et
2949 1004 3365 1062 satisfactionem

1789 1101 2104 1163 peccatores
2133 1095 2438 1160 trahuntur,
2460 1093 2549 1162 qui
2575 1092 2712 1147 trahi
2742 1094 2810 1148 ab
2837 1095 3114 1151 ineruditis
3144 1097 3367 1155 rudibus

1788 1184 2166 1253 nequiverunt.
2218 1185 2354 1252 Quia
2409 1188 2570 1256 igitur
2614 1197 2721 1242 tam
2765 1190 3146 1260 prmdicatione
3200 1209 3365 1264 quam

1788 1275 2037 1344 exemplo
2092 1276 2448 1345 perlecturum
2502 1279 2576 1333 illi
2618 1279 2684 1334 ad
2728 1279 3008 1335 Dominum
3057 1284 3367 1352 ptenitendo

1787 1366 2032 1432 redeunt,
2065 1370 2155 1438 qui
2203 1371 2444 1426 converti
2491 1387 2586 1440 per
2626 1373 2852 1428 aliorum
2885 1375 3236 1431 ministerium
3266 1395 3366 1434 ne-

1786 1456 2100 1525 quiverunt;
2130 1460 2266 1515 bene
2286 1460 2503 1515 Samuel
2535 1463 2778 1519 inventas
2808 1465 2988 1520 asinas
3039 1466 3186 1533 dicit,
3211 1470 3367 1538 ‘quas

1786 1547 1914 1602 Saul
1941 1548 2181 1604 invenire
2232 1566 2336 1605 non
2369 1551 2561 1621 potuit.
2624 1551 2806 1607 Potest
2846 1553 3006 1608 etiam
3031 1556 3134 1610 hoc
3164 1557 3364 1612 dictum

1787 1655 1884 1709 pro
1909 1640 2149 1709 profectu
2173 1641 2456 1697 ordinandi
2481 1644 2705 1698 rectoris
2735 1645 2974 1712 intelligi.
3001 1645 3163 1712 Quasi
3183 1648 3360 1704 dicat:

141 1737 296 1791 Certus
310 1733 519 1802 ergode
540 1732 727 1798 peritia
750 1731 986 1800 spiritus,
1005 1729 1448 1785 conlidenternos
1469 1729 1679 1798 invitat,
1715 1740 1757 1800 Β
1785 1729 1919 1784 Dum
1949 1730 2248 1785 eruditione
2285 1738 2341 1785 et
2388 1732 2501 1786 vita
2549 1731 2782 1801 proﬁcis,
2816 1732 2935 1786 illos
2972 1735 3133 1788 etiam
3164 1736 3359 1793 lucrari

142 1827 315 1880 dicens:
347 1821 542 1885 Venite,
560 1822 682 1890 ﬁlii,
699 1821 873 1874 audite
891 1837 991 1886 me,
1009 1821 1242 1874 timorem
1268 1818 1475 1874 Domini
1491 1819 1680 1875 docebo

144 1936 208 1973 ros
229 1915 385 1988 (Psal.
408 1929 597 1976 χχχιιι,
624 1913 732 1981 Η).
758 1912 1024 1978 Propheta
1048 1926 1276 1981 namque
1305 1928 1363 1967 se
1379 1911 1682 1967 alﬁranabat
1714 1915 1723 1926 '

141 2011 381 2073 iliclneas,
423 2022 545 2062 cum
575 2005 814 2061 diceret:
853 2005 1063 2059 Utinam
1084 2020 1186 2060 non
1206 2021 1367 2058 essem
1390 2004 1468 2059 vir
1487 2003 1680 2060 habens

140 2105 367 2174 spiritum;
387 2109 438 2155 et
465 2101 787 2154 mendacium
811 2099 982 2167 potius
1017 2097 1250 2170 loquerer
1277 2095 1462 2169 (Mich,
1491 2112 1544 2160 II,
1565 2095 1676 2165 Η).

141 2195 248 2249 llinc
270 2184 518 2247 Ilelisteus
534 2190 602 2244 de
618 2189 854 2243 Naaman
871 2187 1007 2258 Syro
1028 2188 1180 2242 dicit:
1215 2187 1400 2241 Veniat
1425 2188 1495 2239 ad
1506 2203 1606 2254 me,
1629 2196 1679 2240 et

138 2285 244 2337 sciet
269 2281 575 2350 Prophetam
612 2296 723 2334 esse
767 2279 822 2332 in
869 2277 1040 2332 Israel
1067 2275 1176 2348 (IV
1199 2276 1328 2348 Reg.
1357 2291 1414 2342 v,
1439 2276 1519 2348 8).
1542 2276 1677 2332 Ilisc

140 2372 300 2427 i’attins
316 2373 425 2425 ait:
456 2368 670 2425 Hebrtci
696 2379 840 2433 sunt,
870 2377 918 2423 ct
943 2385 1034 2440 ego
1057 2385 1073 2432 ;
1099 2383 1266 2422 semen
1294 2366 1517 2423 Abrahae
1538 2376 1674 2435 sunt,

140 2473 297 2536 stega;
323 2463 547 2516 ministri
569 2460 760 2515 Christi
795 2468 934 2525 sunt,
958 2469 1006 2513 et
1032 2474 1161 2529 ego;
1190 2468 1246 2512 ut
1265 2459 1435 2512 minus
1468 2459 1676 2527 sapiens

138 2558 228 2610 dico
247 2595 260 2620 ,
285 2554 391 2624 plus
419 2569 516 2624 ego
557 2550 638 2624 (Il
668 2551 788 2606 Cor.
821 2566 893 2618 ιι,
921 2548 1023 2614 22,
1071 2549 1185 2620 25).
1215 2549 1254 2603 Ε
1281 2558 1466 2606 contra
1495 2559 1676 2606 autem

135 2647 270 2699 Amos
294 2645 419 2698 dicit
445 2660 460 2696 :
494 2641 548 2696 Ν
553 2659 620 2697 οη
647 2657 758 2696 sum
785 2641 1054 2712 prop/tcta,
1088 2639 1179 2694 sed
1210 2640 1552 2694 armcntarius
1574 2640 1678 2695 rel-

136 2738 270 2790 licans
290 2750 580 2806 sycomoros
617 2733 814 2803 (Amos.
838 2747 932 2796 vn,
965 2729 1076 2793 14).
1129 2729 1264 2786 liinc
1286 2732 1448 2786 etiam
1479 2729 1675 2785 Paulus

134 2845 232 2882 cum
254 2843 305 2881 se
330 2829 439 2881 vu't
467 2824 800 2879 abscondere
845 2822 913 2876 ad
945 2821 1243 2878 custodiam
1269 2861 1284 2887 ,
1337 2821 1467 2876 dicit
1499 2838 1512 2875 :
1549 2819 1674 2876 Non

136 2935 227 2970 sum
252 2919 425 2988 dignus
455 2917 630 2970 vocari
656 2915 940 2986 apostolus,
970 2915 1090 2984 quia
1118 2923 1406 2984 persecutus
1426 2930 1537 2968 sum
1566 2913 1673 2968 Ec-

132 3011 309 3062 clest'am
337 3008 431 3062 Dci
463 3007 517 3079 (ι
541 3007 660 3061 Cor.
686 3023 772 3070 xv,
803 3006 875 3074 9).
915 3004 1047 3060 Ilinc
1067 3006 1424 3074 interrogatus
1443 3005 1676 3062 Joannes

1785 1823 2012 1896 Domino
2043 1823 2263 1894 poteris,
2320 1838 2459 1894 quos
2496 1825 2731 1878 nondum
2771 1826 3012 1894 potui-ti.
3053 1827 3180 1882 Tam
3211 1839 3359 1885 certa

1783 1913 1997 1984 quidem
2019 1914 2187 1968 virtus
2209 1913 2556 1983 profectionis
2579 1923 2679 1978 est,
2729 1923 2787 1969 ut
2835 1915 3036 1972 fructus
3085 1919 3219 1988 ejus,
3269 1924 3361 1992 qui

1784 2007 2018 2062 nondum
2053 2013 2302 2061 constant
2327 2007 2378 2061 in
2409 2023 2490 2075 re,
2521 2017 2768 2063 constent
2791 2008 2841 2064 in
2871 2011 2984 2079 spei
3013 2013 3354 2070 certitudine.

1783 2096 1850 2152 Et
1878 2099 2003 2167 quia
2055 2099 2138 2154 his
2189 2100 2366 2155 verbis
2416 2100 2482 2154 ad
2514 2100 2860 2170 periri-enlos
2910 2103 3121 2161 labores
3159 2118 3358 2164 sancta:

1781 2190 2172 2260 prtedicationis
2185 2191 2456 2257 invitatur,
2473 2208 2589 2262 quzc
2602 2195 2861 2249 mercedis
2880 2195 3026 2252 lucra
3043 2209 3359 2268 exspectare

1780 2279 1992 2342 debeat,
2023 2281 2262 2350 exponit,
2287 2281 2470 2337 dicens
2500 2301 2512 2336 :

1855 2370 2029 2440 (Vers.
2063 2370 2177 2440 ΞΟ.)
2235 2370 2304 2424 Et
2358 2373 2438 2425 cui
2467 2383 2616 2427 erant
2663 2392 2876 2447 qumque
2922 2380 3115 2449 Optima
3163 2378 3357 2451 Israel,

1779 2475 1948 2513 nonne
1978 2458 2069 2512 tibi
2115 2467 2165 2513 et
2188 2461 2327 2515 ontni
2354 2460 2527 2515 domui
2549 2465 2712 2530 patris
2741 2465 2850 2518 Ini?

1849 2547 1937 2602 55.
1970 2547 2156 2616 Israel,
2187 2549 2278 2619 qui
2328 2534 2568 2616 dicitur,
2606 2552 2792 2608 videns
2828 2554 3012 2622 Deum,
3062 2571 3221 2626 quem
3270 2573 3359 2615 re-

1776 2639 1915 2693 etius
1944 2637 2049 2693 hoc
2077 2638 2194 2694 loco
2222 2639 2508 2710 signiﬁcat,
2568 2658 2728 2712 quam
2783 2652 3109 2700 aeternorum
3157 2647 3356 2703 civium

1779 2729 1922 2784 illam
1952 2731 2166 2785 beatam
2197 2732 2534 2799 societatem,
2593 2734 2684 2803 qui
2711 2749 2776 2789 ex
2805 2734 2989 2791 labore
3021 2738 3140 2792 titrc
3178 2738 3355 2808 hujus,

1778 2821 1844 2874 ad
1872 2836 1919 2875 te
1945 2837 2126 2875 eruam
2151 2823 2532 2892 omnipotentis
2561 2824 2654 2879 Dei
2678 2826 2937 2881 visionem
2959 2832 3356 2897 pervenerunt?

1777 2913 1908 2982 Quae
1956 2930 2085 2984 ergo
2114 2922 2238 2969 sunt
2267 2915 2426 2970 Israel
2475 2916 2695 2986 optima,
2753 2917 2852 2972 nisi
2879 2929 3092 2973 (eterna:
3126 2922 3358 2981 retribu-

1783 3006 1944 3060 tionis
2023 3007 2208 3060 dona?
2286 3005 2479 3060 Paulus
2547 3006 2761 3076 quidem
2816 3007 3004 3062 dicit.:
3067 3007 3356 3080 Unusquis-

136 3100 336 3168 liaptista
362 3101 478 3154 ait:
532 3097 658 3154 Non
685 3116 798 3152 sum
822 3098 1070 3169 prapheta
1114 3097 1292 3165 (Ioan.
1326 3113 1364 3166 t,
1402 3097 1517 3169 ει).
1557 3097 1674 3154 Νοη
1702 3104 1746 3166 C
1779 3113 1875 3168 que
1929 3098 2210 3152 mercedem
2259 3098 2474 3167 accipiet
2527 3113 2681 3151 secun
2695 3099 2806 3152 tum
2836 3098 3062 3154 laborent
3103 3116 3251 3155 suum
3297 3102 3354 3172 (Ι

131 3200 230 3246 erat
253 3194 440 3262 quippe
469 3193 534 3245 ad
559 3193 870 3257 elationem,
901 3190 995 3244 sed
1024 3198 1140 3243 erat
1172 3190 1354 3260 propin
1378 3199 1430 3245 ta
1451 3200 1505 3245 et
1531 3207 1543 3260 ι
1565 3189 1673 3246 Ius-

131 3297 264 3348 quam
294 3283 552 3351 propheta
581 3281 646 3334 ad
675 3279 1048 3334 ministerium.
1081 3279 1298 3334 Samuel
1333 3293 1494 3348 ergo,
1528 3287 1586 3334 ut
1614 3293 1674 3335 se

129 3371 386 3439 custodiat,
417 3372 496 3424 ait
523 3389 539 3424 :
582 3369 696 3441 Ego
717 3387 829 3424 sum
868 3370 1090 3436 Videns;
1120 3377 1174 3423 et
1203 3377 1261 3424 ut
1286 3384 1346 3424 se
1372 3370 1439 3423 ad
1467 3370 1671 3424 lucrum

128 3466 369 3530 exhibeat,
397 3465 529 3520 dicit
559 3481 574 3523 :
603 3463 794 3518 Omnia
822 3462 1060 3518 indicabo
1085 3464 1194 3518 tibi.
1226 3463 1380 3530 Quod
1407 3464 1451 3518 si
1481 3463 1674 3533 aliquis

128 3556 241 3618 vult,
267 3555 448 3609 eodem
477 3554 638 3610 modo
665 3554 956 3623 intelligere
977 3563 1152 3624 potest
1177 3569 1194 3621 ;
1225 3555 1348 3624 quia
1365 3569 1486 3610 cum
1506 3555 1633 3609 dicit
1656 3571 1672 3615 :

129 3642 225 3714 Ego
249 3661 354 3698 sunt
394 3645 603 3701 Videas.
632 3644 678 3698 si
706 3643 972 3698 videntem
1001 3658 1058 3697 se
1084 3644 1293 3708 asserit,
1322 3643 1387 3697 ad
1418 3644 1522 3698 hoc
1541 3644 1674 3700 dicit

131 3745 177 3786 ut
199 3734 405 3798 bonum,
431 3732 577 3804 quod
605 3731 800 3796 habet,
832 3748 954 3786 cum
980 3732 1169 3788 electis
1194 3733 1570 3788 communicet.
1604 3731 1673 3788 Ut

126 3836 235 3881 ergo
261 3825 396 3892 quod
423 3823 646 3885 asserit,
695 3823 913 3892 probet,
962 3823 1350 3892 subsequeniet'
1384 3824 1623 3893 adjungit
1654 3842 1671 3885 :

126 3910 293 3966 Oantia
330 3915 572 3968 indicabo
609 3912 717 3968 tibi.
747 3913 901 3981 Quod
926 3925 1126 3970 sancta:
1153 3913 1402 3971 Ecclesia;
1425 3915 1674 3971 doctores

122 4011 299 4069 agunt;
326 4003 451 4072 quia
481 4003 607 4058 dum
637 4004 858 4058 virtutes
886 4019 988 4058 met
1013 4005 1144 4058 t‘um
1174 4003 1466 4071 intuentur,
1506 4014 1562 4060 et
1589 4005 1672 4059 vi-

124 4092 183 4143 tia
203 4108 219 4158 ;
238 4101 288 4146 et
316 4093 518 4149 mederi
546 4094 705 4159 vitiis,
734 4103 790 4148 et
813 4107 1128 4164 promovere
1154 4097 1380 4150 virtutes
1399 4095 1674 4150 evidenter

119 4181 292 4235 sciunt.
330 4181 522 4236 Omnia
554 4196 682 4250 ergo
707 4223 722 4250 ,
763 4195 883 4252 quae
919 4191 1041 4236 sunt
1083 4181 1134 4236 in
1180 4183 1343 4237 corde
1369 4224 1384 4250 ,
1439 4183 1671 4252 indicat,

121 4272 310 4335 quando
338 4273 553 4327 virtutis
580 4273 738 4337 viam,
770 4287 926 4342 quam
967 4273 1136 4325 bonus
1176 4271 1388 4326 auditur
1416 4272 1559 4342 cupit
1589 4281 1670 4327 te-

120 4374 248 4423 nere,
278 4361 388 4431 ipse
417 4363 742 4416 documento
771 4362 1063 4416 manifestae
1087 4362 1401 4416 eruditionis
1424 4363 1672 4430 dignatur

1779 3186 1899 3241 Cor.
1933 3203 2011 3254 nt,
2033 3186 2111 3257 8).
2145 3186 2280 3242 Ilinc
2309 3188 2435 3242 item
2464 3188 2591 3243 dicit
2620 3205 2633 3241 :
2684 3189 2803 3242 Alia
2855 3198 2930 3243 cst
2981 3190 3149 3262 gloria
3203 3192 3348 3260 solis,

1775 3279 1882 3333 alia
1909 3279 2066 3344 lunae,
2098 3287 2148 3332 et
2175 3278 2460 3333 stellarum.
2486 3278 2650 3334 Stella
2672 3280 2806 3333 enim
2836 3281 2961 3348 tliﬂ'e
2992 3290 3009 3334 t
3037 3299 3069 3335 a
3098 3283 3250 3339 stella
3291 3285 3349 3340 in

1776 3370 2013 3423 claritate
2035 3368 2084 3440 (ι
2117 3367 2236 3423 Cor.
2272 3385 2360 3435 xv,
2387 3367 2501 3440 41).
2555 3368 2805 3424 Omnium
2839 3383 2968 3438 ergo
2998 3370 3230 3428 ﬁdelium
3262 3390 3350 3430 re-

1778 3457 2116 3523 tributiones,
2149 3465 2204 3512 et
2231 3459 2472 3528 praemia,
2493 3459 2635 3514 bona
2657 3467 2780 3514 sunt
2807 3458 2991 3514 Israel.
3056 3462 3191 3528 Quia
3219 3478 3349 3519 vero

1776 3549 2071 3603 electorum
2104 3548 2514 3618 praedicatorum
2549 3562 2758 3604 merces
2786 3564 2992 3603 summa
3025 3560 3131 3618 est,
3160 3566 3348 3607 eorum

1774 3640 2120 3708 ειιηιοριίιητι
2151 3638 2333 3693 Israel.
2383 3639 2458 3694 De
2499 3639 2582 3693 illi
2628 3639 2826 3710 quippe
2877 3639 3093 3696 Israelis
3133 3643 3352 3711 optimis

1777 3729 2036 3784 Dominus
2067 3728 2099 3780 Ii
2122 3728 2206 3782 teli
2235 3742 2392 3783 servo
2421 3744 2520 3784 suo
2548 3729 2895 3797 repromittit,
2934 3730 3117 3785 dicens
3144 3749 3158 3783 :
3185 3731 3348 3786 Amen

1774 3818 1890 3872 dico
1911 3818 2069 3883 vobis,
2097 3833 2252 3887 super
2274 3819 2449 3871 omnia
2469 3816 2602 3871 bona
2630 3833 2724 3871 sua
2743 3819 3012 3872 constituet
3031 3835 3144 3873 eum
3168 3819 3347 3891 (Hart.

1774 3924 1919 3972 xstv,
1950 3907 2064 3977 £7).
2092 3907 2191 3973 Qui
2215 3908 2355 3962 enim
2380 3923 2485 3962 non
2513 3908 2565 3962 in
2596 3908 2858 3972 ontnibus,
2898 3908 2992 3964 sed
3021 3923 3184 3979 super
3232 3925 3348 3966 ou:-

1773 3999 1862 4054 nia
1883 3998 2245 4061 constituitur,
2269 4012 2374 4050 non
2416 4005 2620 4051 tantum
2652 3997 2791 4051 bona
2817 3997 2999 4062 Israel,
3043 3998 3137 4052 sed
3182 3999 3344 4055 etiam

1775 4092 1974 4160 Optima
1997 4089 2196 4144 habere
2218 4089 2540 4143 declaratur.
2575 4088 2726 4142 Dent
2771 4103 2898 4156 ergo
2937 4089 3152 4144 Samuel
3183 4108 3197 4144 :
3253 4089 3348 4145 Cui

1773 4190 1920 4236 erunt
1947 4197 2154 4253 qumque
2175 4183 2367 4251 optima
2396 4178 2582 4243 Israel,
2615 4197 2784 4233 nonne
2806 4181 2897 4234 tibi
2923 4191 2972 4234 et
2997 4184 3136 4236 omni
3171 4185 3348 4237 domui

1772 4276 1933 4340 patris
1956 4273 2249 4338 tuiI’Quasi
2279 4271 2421 4326 dicat
2455 4289 2467 4324 :
2513 4269 2574 4323 Et
2602 4271 2645 4327 si
2671 4285 2894 4337 magnus
2922 4279 3003 4325 est
3032 4271 3181 4326 labor
3211 4288 3348 4342 pra:-

1773 4364 2072 4427 dication's,
2101 4369 2250 4417 tanto
2275 4363 2521 4417 devotius
2551 4360 2673 4416 ferri
2703 4361 2880 4426 debet,
2909 4370 3112 4431 quanto
3140 4361 3345 4432 majora

121 4464 384 4520 exponere.
413 4453 570 4521 Quod
598 4455 642 4508 si
684 4469 906 4522 magnus
934 4463 1032 4516 est,
1081 4462 1136 4508 et
1181 4453 1319 4506 bona
1350 4469 1456 4508 non
1495 4454 1668 4509 solum
1705 4474 1750 4532 ι)
1777 4454 1925 4508 iueta
1965 4453 2226 4508 mercedis
2269 4453 2447 4508 habet.
2506 4452 2744 4507 Sollicita
2787 4468 2915 4522 ergo
2954 4461 3133 4508 mente
3154 4453 3349 4509 doctor

119 4554 294 4610 agere,
319 4545 414 4600 sed
445 4545 609 4599 etiam
639 4542 932 4612 praedicare
973 4542 1252 4611 disposuit.
1299 4539 1518 4606 Omnia,
1550 4557 1669 4612 qua:

117 4641 223 4686 sunt
247 4635 300 4688 in
341 4633 462 4702 ejus
503 4632 669 4688 corde
693 4632 1097 4701 prmtI'it-atores,
1131 4631 1402 4696 indicant;
1452 4633 1666 4701 quando

114 4735 279 4777 eorum
320 4725 594 4778 mentibus
639 4723 923 4792 aperiunt,
970 4725 1125 4792 221
1164 4721 1418 4790 qui'quid
1448 4723 1669 4790 cupiunt

113 4814 170 4868 de
193 4813 452 4870 doctrina.
484 4815 618 4882 Quia
651 4830 777 4868 vero
806 4814 875 4876 ei,
916 4815 1000 4867 cui
1033 4814 1288 4881 loquitur,
1319 4825 1440 4866 eum
1469 4812 1666 4879 signiti-

110 4914 204 4970 cat,
230 4907 317 4976 qui
346 4907 414 4961 ad
449 4908 594 4961 lucra
625 4905 1015 4975 praedicationis
1044 4904 1305 4966 innititur,
1333 4903 1548 4969 subdit,
1588 4917 1667 4956 at-

107 5011 199 5062 que
225 4999 296 5050 ait
323 5016 340 5054 :
376 4998 446 5051 Et
486 4998 551 5050 de
588 4997 770 5060 asinis,
802 5013 929 5064 quas
954 4995 1223 5064 perdidisti
1263 4993 1631 5046 nudiustertius
1651 5033 1665 5058 ,

108 5099 162 5137 ne
189 5090 434 5142 sollicitus
462 5091 559 5154 sis,
587 5089 707 5158 quia
733 5089 950 5140 inventa:
974 5097 1110 5140 sunt.

165 5177 246 5230 Si.
289 5177 405 5231 Iloc
449 5179 700 5247 superius
723 5179 774 5231 in
805 5193 1031 5248 persona
1061 5175 1210 5240 Sani,
1250 5176 1484 5245 qualiter
1511 5175 1663 5230 rudi-

110 5262 196 5315 bus
224 5269 668 5332 prmdicatoribus
697 5268 999 5332 conveniat,
1051 5267 1354 5334 expositum
1385 5279 1486 5320 eSt.
1543 5266 1664 5321 Asi-

107 5371 190 5407 nas
213 5357 407 5425 quippe
441 5357 596 5425 perdi
617 5359 696 5416 lit,
729 5358 816 5424 qui
851 5365 1180 5425 peccatores,
1212 5356 1405 5424 quibus
1435 5357 1656 5410 veritam

108 5447 209 5498 vita:
238 5449 490 5515 praebuit,
553 5448 620 5501 ad
669 5448 1036 5515 paenitentiam
1089 5462 1428 5516 nequaquam
1477 5449 1659 5501 traxit.

104 5532 349 5592 inueniret
378 5538 626 5606 quidem,
679 5538 724 5591 si
770 5538 804 5590 ii
846 5538 933 5605 qui
981 5551 1039 5592 se
1087 5537 1138 5591 in
1185 5547 1344 5592 nocte
1383 5539 1663 5608 pravitatis

1773 4554 1968 4599 salltlll}
1989 4543 2243 4600 Ecclesia:
2271 4559 2496 4614 pensare
2519 4543 2680 4598 debet
2702 4560 2716 4595 :
2747 4543 2871 4613 quia
2892 4542 3053 4599 Israel
3077 4558 3182 4598 non
3203 4544 3344 4599 bona

1774 4644 2000 4700 tantum,
2051 4636 2143 4690 sed
2171 4636 2334 4690 etiam
2390 4634 2592 4704 optima
2634 4634 2750 4701 ejus
2777 4642 2925 4699 sunt,
2980 4641 3038 4687 ut
3060 4633 3263 4702 majora
3291 4644 3348 4688 et

1774 4725 2154 4780 excellentima
2186 4733 2310 4793 agat
2328 4739 2566 4792 semper,
2597 4723 2684 4791 qui
2713 4731 2819 4776 tam
2871 4738 3077 4777 summa
3123 4731 3179 4776 et
3199 4725 3344 4792 opti-

1773 4831 1858 4869 ma
1887 4821 2184 4884 exspectat.
2236 4812 2433 4866 Eadem
2464 4813 2660 4881 quippe
2701 4826 2927 4877 summa,
2979 4827 3086 4866 non
3132 4827 3344 4866 summo

1769 4906 1945 4960 ordini
1976 4905 2258 4968 debentur.
2286 4905 2378 4957 sed
2406 4918 2614 4956 summo
2645 4903 2836 4956 labori.
2901 4902 3032 4956 Nam
3059 4910 3114 4957 et
3155 4901 3344 4958 doctor

1770 4997 2016 5064 eg-egius
2042 5011 2146 5049 non
2179 4993 2349 5048 dixit:
2409 4992 2764 5061 Unusquisque
2807 4992 3088 5046 mercedem
3126 4994 3343 5061 accipiet

1761 5087 1916 5157 juxta
1959 5102 2108 5140 suam
2159 5085 2481 5155 dignitatem,
2531 5081 2650 5145 διά,
2699 5084 2852 5150 juxta
2902 5080 3148 5138 laborent.
3202 5082 3334 5138 Cum

1766 5191 1895 5244 ergo
1925 5175 2332 5244 prmdicatmum
2387 5184 2598 5227 aeterna:
2642 5172 2761 5225 vitae
2784 5171 2983 5239 Optima
3014 5173 3337 5232 rrl'eruutur.

1768 5279 1994 5333 magnus
2018 5265 2095 5319 eis
2121 5265 2173 5319 in
2205 5264 2307 5318 hac
2332 5263 2437 5316 vita
2468 5262 2618 5315 labor
2646 5260 2938 5328 iujungitur
2971 5279 2982 5315 :
3034 5263 3156 5331 quia
3182 5263 3338 5316 nimi-

1767 5371 1884 5408 rum
1913 5356 2132 5408 meliora
2157 5354 2363 5408 exteris
2390 5354 2586 5406 habere
2608 5367 2713 5406 non
2739 5351 3009 5421 prtevalet',
3039 5352 3127 5421 qui
3152 5353 3339 5408 melior

1768 5461 1887 5500 esse
1916 5460 2020 5499 non
2043 5447 2236 5500 studet.
2266 5445 2329 5499 Et
2355 5445 2479 5514 quia
2521 5443 2622 5498 hoc
2650 5443 2888 5497 omnium
2927 5445 3334 5514 pmdicatorum

1772 5541 1929 5607 222
1974 5545 2170 5591 sancta:
2219 5535 2468 5599 Ecclesia.
2517 5549 2801 5591 commune
2845 5543 2946 5602 est,
3000 5551 3105 5591 non
3159 5536 3333 5593 solum

161 5659 180 5684 ⁸
210 5651 390 5720 Aliter,
416 5654 493 5706 ad
513 5652 824 5724 μανύει-ναίω
850 5653 1272 5722 satisfactionem,
1313 5661 1369 5707 ut
1397 5653 1917 5710 observatGussanv.
