3962 6330
630 322 730 375 ⁸271

1817 328 2056 385 SANGTI
2096 325 2426 385 GREGORII
2465 323 2678 381 MAGNI
3772 333 3841 391 2ἷὲ

629 437 777 502 Saul,
818 435 912 490 sed
942 437 1088 491 omni
1115 436 1294 493 domui
1325 441 1490 509 patris
1517 443 1597 496 sui
1645 442 1806 498 Israel
1837 444 2042 512 optima
2096 456 2216 498 esse
2243 442 2298 500 Α-
2319 453 2566 508 ρυετιιιηο
2606 435 2770 503 Quasi
2793 435 2936 492 enim
2965 436 3083 491 Sine
3115 450 3282 507 βυθΓο
3303 437 3357 493 in
3389 438 3508 494 imis
3546 453 3842 516 remanserat,

631 527 955 581 referuntur.
1013 527 1175 594 Quasi
1227 531 1371 586 enim
1424 548 1492 587 ex
1531 542 1685 603 patre
1733 535 1827 588 lilii
1881 543 2212 602 nascuntur,

632 618 847 685 quando
877 617 930 672 in
960 619 1205 675 ordinem
1253 623 1664 690 praedicatorum
1693 627 1903 681 noviter
1932 626 2021 680 alii
2070 627 2210 690 aliis,

633 709 821 763 eadem
851 711 1134 766 nobilitate
1184 716 1486 770 sanctitatis
1536 716 1799 785 splendidi
1832 719 2212 786 subrogantur.

636 799 836 854 Domus
865 816 1080 868 quoque
1111 804 1475 871 praedicatoris
1496 813 1577 858 est
1617 806 1908 875 spiritualis
1934 807 2050 875 ejus
2078 823 2213 860 con—

637 893 893 946 versatio.
917 892 1071 947 Omni
1111 909 1240 962 ergo
1269 895 1450 950 domui
1485 897 1649 964 patris
1680 899 1795 965 ejus
1826 898 1990 952 Israel
2011 897 2212 966 optima

633 990 758 1034 sunt
786 999 798 1033 :
831 982 954 1050 quia
983 983 1305 1053 ubicumque
1333 985 1682 1038 sacerdotalis
1729 986 2068 1040 conversatio
2099 992 2201 1048 est,

634 1072 722 1124 illa
749 1072 997 1125 nimirum
1028 1081 1128 1137 est,
1161 1082 1215 1126 et
1236 1083 1343 1126 tant
1376 1091 1581 1128 summa
1630 1084 1736 1136 est,
1793 1085 1850 1128 ut
1879 1091 1946 1130 ex
1989 1077 2212 1130 celsitu-

633 1164 756 1216 dine
780 1164 974 1226 meriti,
1010 1164 1061 1217 in
1114 1171 1312 1218 mterna
1341 1166 1447 1217 vita
1482 1181 1576 1218 sua
1605 1166 1710 1218 sint
1745 1167 1947 1233 optima
1980 1166 2212 1219 retribu-

634 1252 810 1304 tionis.
843 1251 898 1304 In
933 1253 1034 1305 hoc
1062 1266 1190 1319 ergo
1219 1267 1277 1306 se
1325 1253 1590 1306 subtiliter
1639 1255 2017 1322 praedicatores
2064 1255 2212 1322 aspi-

631 1342 816 1395 ciant:
874 1342 999 1410 quia
1048 1357 1154 1395 non
1210 1343 1384 1396 solum
1415 1343 1533 1407 sibi,
1588 1343 1683 1396 sed
1716 1344 1861 1397 omni
1890 1344 2072 1397 domui
2097 1343 2211 1410 ejus

629 1433 829 1500 optima
862 1441 1018 1486 erunt
1045 1432 1206 1486 Israel
1240 1450 1252 1485 :
1286 1433 1410 1500 quia
1443 1433 1486 1486 si
1517 1433 1585 1488 de
1615 1433 1776 1488 domo
1797 1445 2017 1498 exeunt,
2070 1433 2212 1502 opti-

629 1536 717 1573 ma
738 1536 846 1574 non
870 1521 1161 1575 habebunt.
1190 1521 1322 1574 Nam
1347 1522 1392 1574 si
1420 1521 1586 1575 solam
1619 1522 2011 1589 praedicationis
2041 1522 2209 1576 subli-

628 1612 872 1666 mitatcm
902 1619 1103 1675 tenent,
1137 1612 1342 1679 optima
1370 1627 1478 1666 non
1505 1611 1778 1666 habebunt
1807 1628 1822 1665 :
1878 1613 2002 1681 quia
2028 1613 2210 1666 altitu-

628 1702 805 1756 dinem
828 1705 951 1755 vitae
979 1717 1086 1755 non
1113 1709 1321 1756 tenent.
1353 1703 1458 1755 Sed
1488 1702 1692 1757 electus
1712 1703 1954 1773 quisque,
1988 1703 2112 1757 dum
2142 1703 2208 1757 de

2320 525 2413 592 qui
2439 525 2652 580 dicebat
2678 542 2692 578 :
2724 524 2826 579 Cor
2844 541 3011 579 meum
3040 525 3309 598 dereliquit
3357 545 3437 582 me
3492 529 3661 600 (Psal.
3690 549 3842 604 xxxvii,

2320 613 2430 682 Η).
2463 613 2570 669 Cor
2594 613 2793 682 quippe
2820 621 3066 668 nostrum
3097 629 3194 669 nos
3219 614 3570 685 derelinquit,
3591 621 3780 686 quando
3792 627 3843 681 sic

2317 716 2350 754 a
2377 701 2829 770 concupiscentiis
2858 702 3165 756 carnalibus
3193 703 3480 768 vincimur,
3525 714 3590 760 ut
3637 705 3842 765 intentio-
3877 772 3879 774 η

2319 807 2441 846 nem
2471 793 2648 848 cordis
2677 793 2732 845 in
2776 792 3024 858 terrenis,
3057 803 3114 847 et
3157 794 3484 856 carnalibus,
3516 805 3676 866 atque
3698 815 3842 872 corpo-
3876 781 3884 868 ⁸,

2317 882 2441 945 reis,
2494 889 2549 934 et
2576 895 2682 934 non
2715 881 2767 933 in
2791 880 3122 942 cmlestibus,
3155 889 3211 935 et
3231 881 3599 950 spiritualibus
3628 887 3840 953 ponimus.
3884 877 3888 883 ’

2316 975 2470 1030 Ilunc
2523 991 2744 1043 puerum
2792 975 3056 1043 perditum
3111 975 3423 1040 invenerat,
3485 960 3590 1045 qui
3623 977 3842 1034 dicebat:

2316 1063 2518 1118 Invenit
2548 1081 2721 1118 servus
2748 1073 2862 1117 tuus
2910 1081 2999 1118 cor
3027 1081 3173 1118 suum
3231 1064 3322 1134 (II
3352 1065 3478 1135 Reg.
3512 1082 3604 1132 vti,
3627 1066 3732 1137 27).
3773 1071 3846 1124 Cor

2313 1156 2510 1225 quippe
2534 1166 2774 1210 nostrum
2798 1157 2956 1226 223
2993 1157 3313 1220 invenimus,
3350 1156 3566 1226 quando
3596 1171 3689 1224 per
3715 1158 3844 1212 inten-

2315 1247 2513 1301 tionem
2542 1248 2722 1302 cordis
2767 1249 3026 1317 spiritalia
3057 1249 3376 1316 quazrimus;
3429 1250 3646 1317 quando
3690 1249 3801 1303 hanc
3825 1270 3845 1305 a

2317 1339 2542 1393 terrenis
2571 1339 2871 1406 avellimus,
2901 1345 2960 1393 ut
2985 1337 3053 1392 ad
3078 1339 3318 1394 caelestia
3344 1339 3656 1408 dirigamus.
3681 1340 3848 1397 Electus

2312 1442 2440 1496 ergo
2484 1429 2801 1497 prmdicator
2843 1430 2926 1496 iis,
2973 1431 3061 1498 qui
3123 1430 3300 1486 adhuc
3345 1432 3590 1486 carnales
3618 1444 3847 1498 sunt,nec

2310 1517 2468 1572 fortia
2511 1519 2759 1587 imperat,
2817 1534 2920 1574 nec
2959 1519 3222 1589 spiritalia
3279 1521 3609 1576 manifestat.
3652 1521 3770 1576 Nam
3809 1536 3848 1579 et

2312 1607 2507 1663 Paulus
2535 1606 2828 1662 Corinthiis
2850 1609 2980 1663 dicit
3009 1626 3024 1662 :
3083 1608 3206 1663 Non
3231 1611 3372 1679 potui
3402 1609 3543 1664 vobis
3589 1612 3721 1682 loqui
3763 1625 3847 1668 tan-
3905 1636 3910 1642 ·

2309 1715 2460 1769 quant
2507 1697 2879 1768 spiritualibus,
2940 1699 3030 1753 sed
3079 1700 3225 1770 quasi
3273 1701 3592 1767 carnalibus,
3645 1711 3848 1773 tanquam

629 1809 688 1848 se
714 1808 905 1860 magna
935 1792 1100 1858 audit,
1123 1792 1343 1860 inﬁrma
1373 1808 1469 1847 sua
1516 1793 1584 1847 ad
1613 1795 1927 1849 memoriam
1953 1795 2115 1860 ducit,
2150 1802 2208 1849 ut
2236 1803 2285 1864 Β
2309 1787 2536 1856 parvulis
2577 1788 2633 1840 ἱη
2674 1785 2876 1842 Chrile
2905 1790 2986 1842 lac
3012 1787 3152 1842 vobis
3195 1798 3369 1858 ροιυηι
3408 1791 3549 1852 dedi,
3591 1808 3690 1845 non
3715 1811 3847 1849 escam

627 1897 687 1938 se
716 1882 782 1935 ab
804 1882 1038 1936 elatione
1066 1881 1355 1946 custodiat,
1388 1898 1455 1937 ne
1483 1883 1646 1948 bona,
1692 1899 1812 1954 quae
1841 1884 2023 1949 habet,
2054 1885 2207 1938 amit-

622 1980 726 2026 tat.
757 1971 834 2026 UII
858 1977 905 2025 ie
935 1981 990 2027 et
1013 1971 1255 2026 subditur
1287 1990 1300 2024 :

701 2062 876 2133 (Vers.
909 2061 1022 2130 2|.)
1076 2060 1413 2130 Respondeas
1439 2062 1592 2128 Saul,
1618 2063 1693 2116 ait
1743 2080 1760 2116 :
1818 2061 2068 2132 Nunquid
2103 2079 2206 2118 non

628 2151 768 2220 ﬁlius
799 2148 1002 2203 Gemini
1030 2167 1120 2222 ego
1161 2167 1271 2204 sum
1298 2153 1360 2203 de
1389 2151 1602 2203 minima
1645 2153 1776 2204 tribu
1809 2150 1998 2214 Israel,
2043 2163 2092 2205 et
2121 2169 2207 2207 co—

629 2243 805 2310 gnatio
837 2257 949 2294 utea
996 2243 1270 2294 novissima
1311 2245 1444 2294 inter
1491 2259 1662 2296 onmes
1713 2244 1942 2312 familias
1981 2245 2043 2298 de
2071 2245 2206 2297 tribu

627 2331 927 2401 Benj'imin?
947 2331 1118 2395 Quare
1129 2349 1248 2402 ergo
1273 2333 1469 2384 locutus
1493 2342 1565 2384 est
1579 2334 1703 2386 mihi
1724 2350 2007 2388 sermonem
2023 2335 2206 2387 istum?

700 2421 786 2475 iii.
817 2422 977 2487 Quasi
1002 2423 1142 2476 dicat
1171 2441 1183 2474 :
1213 2421 1389 2487 Quare
1414 2424 1538 2478 mihi
1565 2432 1671 2476 tam
1699 2440 1887 2492 magna
1917 2425 2200 2492 adscribis,

627 2526 748 2564 cum
776 2512 874 2564 sim
903 2512 1064 2564 nihil?
1119 2511 1326 2564 Gemini
1355 2512 1553 2580 quippe
1594 2512 1729 2566 ﬁlius
1758 2521 1861 2579 est,
1915 2515 2004 2583 qui
2031 2515 2201 2581 negli-

625 2611 814 2669 gentes
839 2602 1074 2655 imitatur
1100 2603 1149 2655 in
1180 2617 1307 2656 cura
1339 2604 1439 2668 sui,
1469 2612 1523 2656 et
1552 2603 1604 2656 in
1647 2602 1895 2672 exemplo
1945 2605 2198 2674 proximi.

618 2689 880 2744 Geminus
907 2690 1104 2760 quippe
1132 2699 1232 2755 est,
1285 2691 1406 2759 quia
1463 2690 1588 2745 dum
1620 2706 1801 2746 curam
1833 2693 1917 2747 sui
1960 2694 2197 2762 negligit,

621 2783 866 2852 exempla
915 2783 1042 2838 boni
1089 2783 1268 2852 operis
1296 2784 1414 2837 aliis
1442 2799 1548 2837 non
1606 2785 1885 2854 impendit.
1941 2785 2040 2851 Qui
2069 2800 2200 2854 ergo

625 2870 760 2925 tales
786 2871 1048 2942 imitatur,
1077 2871 1216 2927 filius
1237 2870 1446 2926 Gemini
1472 2870 1690 2926 dicitur.
1733 2871 1835 2940 Qui
1887 2873 1954 2928 de
1983 2875 2199 2952 minima

622 2961 760 3016 tribu
788 2961 950 3016 Israel
982 2977 1102 3017 esse
1125 2963 1320 3017 dicitur
1351 2980 1364 3016 :
1418 2965 1541 3034 quia
1569 2964 1787 3020 ultimus
1834 2964 1969 3020 ordo
1999 2977 2198 3020 sanctae

616 3051 872 3107 Ecclesiae
900 3068 1284 3108 conversorum
1325 3063 1671 3123 peccatorum
1699 3063 1801 3110 est.
1858 3056 2048 3112 Merito
2099 3058 2195 3126 igi-

2313 1874 2366 1944 (ι
2389 1875 2507 1929 Cor.
2541 1891 2616 1941 nt,
2648 1875 2724 1946 1).
2757 1874 2919 1942 Quasi
2943 1877 3026 1932 his
3047 1877 3225 1932 verbis
3249 1877 3390 1934 dicat
3424 1897 3438 1932 :
3466 1879 3670 1936 Idcirco
3697 1898 3782 1938 vos
3801 1887 3850 1938 ad

2309 1969 2580 2024 excelsum
2608 1985 2716 2024 non
2747 1969 2896 2036 duxi,
2953 1971 3077 2041 quia
3104 1971 3437 2042 spiritualem
3469 1990 3683 2030 sensum
3710 1979 3850 2032 vobis-

2307 2072 2448 2124 cum,
2499 2059 2646 2114 velut
2673 2058 2802 2114 Saul
2830 2075 3076 2129 puerum,
3120 2077 3227 2116 non
3280 2061 3578 2119 habebatis.
3631 2063 3791 2130 Quare
3810 2079 3851 2122 et

2307 2162 2526 2202 causam
2554 2149 2851 2214 insinuans,
2878 2150 2990 2204 ait:
3046 2151 3228 2204 Adhuc
3277 2153 3412 2206 enim
3457 2157 3580 2208 estis
3625 2158 3846 2211 carnales.

2309 2237 2456 2292 Bene
2479 2253 2608 2306 ergo
2639 2238 2856 2294 Samuel
2881 2239 3030 2304 Saul,
3092 2251 3148 2296 et
3169 2258 3395 2312 puerum
3425 2248 3768 2317 assumpsisse
3789 2251 3847 2303 di-

2307 2325 2446 2379 citur
2472 2342 2484 2378 :
2509 2326 2634 2395 quia
2665 2328 2914 2384 doctores
2938 2341 3138 2384 sancta:
3164 2329 3418 2387 Ecclesiae
3443 2334 3550 2389 illis
3578 2335 3728 2390 fortia
3769 2338 3844 2391 im-

2307 2424 2515 2484 perant,
2548 2416 2654 2471 illis
2699 2416 2804 2471 alta
2847 2418 3209 2485 manifestant,
3256 2437 3393 2491 quos
3432 2423 3734 2493 spirituales
3757 2443 3848 2482 esse

2305 2509 2670 2564 considerant.
2703 2511 2805 2577 Qui
2835 2511 2995 2566 etiam
3027 2513 3078 2566 in
3108 2513 3394 2568 triclinium
3428 2515 3844 2572 introducuntur:

2304 2602 2428 2670 quia
2450 2601 2528 2655 cis
2557 2603 2836 2658 charitatis
2886 2603 3110 2660 latitudo
3160 2616 3512 2664 monstratur.
3560 2609 3846 2664 Veluteuim

2303 2695 2611 2770 miriclinio
2631 2697 2870 2765 ponitur,
2893 2764 2895 2766 _
2918 2697 3010 2766 qui
3051 2713 3148 2767 per
3182 2700 3257 2767 id,
3307 2701 3454 2769 quod
3482 2700 3645 2756 altum
3674 2704 3844 2768 didicit,

2300 2795 2543 2842 moratur
2571 2787 2624 2840 in
2657 2786 2936 2842 latitudine
2961 2787 3258 2845 charitatis.
3315 2789 3410 2844 Vel
3461 2799 3607 2846 certe
3633 2792 3846 2848 introitus

2303 2887 2488 2933 noster
2517 2880 2582 2931 ad
2613 2878 2923 2942 triclinium,
2969 2894 3119 2934 amor
3161 2889 3276 2947 est;
3311 2883 3595 2937 triclinium
3642 2885 3846 2953 pulchri

2303 2969 2432 3025 tudo
2472 2979 2554 3024 est
2575 2970 2832 3039 spiritalis
2876 2970 3020 3024 vitae.
3055 2969 3205 3027 Unde
3249 2971 3492 3028 Joannes
3541 2975 3668 3029 dicit
3713 2993 3726 3029 :
3768 2976 3846 3039 Qui

2299 3077 2404 3114 non
2434 3060 2621 3130 diligit,
2654 3067 2826 3114 manet
2854 3061 2908 3114 in
2938 3070 3100 3115 morte
3130 3060 3184 3131 (Ι
3210 3061 3368 3116 Joan.
3395 3080 3469 3132 ut,
3495 3063 3604 3128 Η).
3624 3064 3681 3118 Si
3707 3068 3841 3128 cnim,

617 3150 722 3203 tur,
756 3143 843 3212 qui
877 3152 1214 3212 peccatorem
1244 3158 1302 3198 se
1324 3158 1367 3199 e;
1384 3159 1442 3198 se
1471 3143 1690 3211 fatetur,
1722 3145 1788 3199 de
1809 3147 2024 3201 minima
2057 3148 2194 3201 tribu
2221 3164 2269 3227 ο
2300 3151 2392 3220 qui
2429 3167 2537 3206 non
2563 3150 2754 3217 diligit,
2803 3158 2983 3206 manet
3009 3151 3058 3205 iu
3081 3161 3275 3217 morte,
3332 3154 3424 3207 ille
3453 3154 3542 3223 qui
3572 3155 3755 3222 diligit,
3803 3155 3840 3206 iu

613 3235 776 3289 Israel
807 3251 924 3289 esse
952 3237 1163 3289 dicitur.
1212 3235 1376 3303 Cujus
1402 3238 1563 3290 etiam
1615 3240 1866 3305 cognatio
1902 3241 2192 3294 novissima

615 3329 754 3382 inter
782 3328 912 3380 alias
951 3344 1069 3380 csse
1099 3329 1407 3396 perhibetur
1433 3347 1446 3380 :
1489 3329 1612 3398 quia
1635 3329 1786 3398 juxta
1818 3330 2068 3387 Veritatis
2101 3348 2192 3386 vo-

606 3435 731 3486 .ccnt
767 3436 778 3471 :
809 3419 908 3482 Qui
934 3421 1198 3473 min'mum
1230 3422 1531 3472 mandatum
1554 3422 1724 3485 solvit,
1767 3423 2010 3476 minimus
2038 3433 2112 3476 est
2138 3424 2191 3476 in

613 3523 773 3580 regno
798 3511 1034 3564 rectorum
1067 3510 1280 3582 (Matth.
1317 3527 1367 3573 v,
1406 3509 1514 3575 19).
1561 3511 1838 3581 Benjamin
1891 3513 2090 3582 quippe
2116 3515 2192 3568 di-

611 3603 752 3656 citur
777 3600 914 3656 ﬁlius
937 3601 1190 3656 dextcrtc.
1250 3601 1363 3667 Qua
1396 3604 1640 3670 profecto
1672 3603 2033 3672 appellatione
2065 3620 2188 3658 san-

610 3703 712 3749 cta:
740 3694 992 3750 Ecclesia:
1049 3696 1276 3764 populus
1331 3695 1639 3764 designatur
1667 3714 1680 3749 :
1740 3697 1831 3767 qui
1853 3697 1978 3752 dum
2011 3699 2062 3752 in
2089 3697 2190 3754 ﬁde

609 3787 986 3857 Redemptoris
1029 3789 1283 3853 nascitur,
1345 3803 1440 3858 per
1495 3789 1634 3843 bona
1660 3804 1824 3859 opera
1867 3790 1933 3844 ad
1957 3791 2190 3846 caelestis

607 3880 791 3949 patria:
828 3879 966 3935 bona
997 3889 1348 3950 prteparatur.
1402 3879 1635 3936 Dextera
1690 3881 1906 3951 quidem
1956 3883 2048 3937 Dei
2099 3884 2186 3937 illa

604 3981 819 4026 :eterua:
857 3974 974 4026 vitm
1004 3972 1262 4050 lorttudo
1292 3981 1393 4028 est.
1447 3971 1810 4042 Cognationes
1854 3976 2022 4030 tribus
2050 3976 2190 4031 Ben-

600 4063 772 4130 jamin
804 4099 818 4124 ,
888 4071 1015 4117 sunt
1071 4063 1296 4119 diversa:
1356 4065 1796 4119 conversationes
1866 4066 2184 4122 electorum.

605 4149 741 4207 Nam
788 4150 934 4203 velut
987 4151 1054 4204 ab
1094 4167 1200 4204 uno
1253 4152 1613 4218 generationis
1670 4154 1933 4223 principio
1963 4155 2189 4212 diversae

604 4240 962 4306 cognationes
989 4239 1206 4292 veniunt
1237 4257 1249 4292 :
1297 4240 1510 4307 quando
1532 4242 1598 4296 ab
1630 4259 1734 4296 una
1762 4245 1969 4312 origine
1994 4248 2184 4300 ortho-

606 4330 760 4382 doxa:
783 4328 928 4394 ﬁdei,
984 4328 1420 4383 conversationes
1449 4330 1684 4385 ﬁdelium
1708 4333 1888 4402 plures
1917 4335 2182 4391 oriuntur.

605 4419 787 4475 Sancti
811 4434 939 4486 ergo
969 4419 1084 4483 viri,
1137 4435 1257 4474 cum
1286 4434 1345 4473 se
1384 4434 1482 4488 per
1522 4420 2178 4492 humilitatemdejiciunt,

2297 3242 2408 3296 vita
2439 3249 2639 3295 manet.
2663 3239 2720 3294 Iu
2747 3241 3038 3296 triclinium
3067 3255 3195 3310 ergo
3225 3243 3634 3310 introducimur,
3659 3247 3844 3314 quando

2295 3334 2350 3388 in
2379 3331 2627 3387 affectum
2655 3346 2900 3402 superna:
2925 3332 3352 3387 conversationis
3374 3334 3641 3403 surgimus
3678 3339 3763 3405 per
3783 3333 3842 3386 sl-

2297 3422 2491 3477 fectum
2521 3423 2815 3477 charitatis.
2869 3421 2926 3475 In
2962 3423 3063 3476 hac
3087 3422 3336 3476 nimirum
3368 3424 3662 3480 mansionis
3691 3425 3842 3478 latitu-

2293 3515 2420 3571 dine
2446 3514 2780 3584 superiorem
2802 3513 2977 3569 locum
3002 3514 3172 3568 sancti
3200 3515 3578 3583 praedicatores
3608 3516 3842 3576 obtinent,

2291 3605 2417 3674 quia
2443 3606 2636 3660 beatus
2689 3602 2924 3658 Joannes
2975 3601 3314 3671 Evangelista
3369 3604 3541 3659 dicit:
3597 3603 3666 3657 Et
3688 3606 3738 3658 in
3762 3606 3845 3657 cir-

2292 3697 2430 3750 cuitu
2458 3696 2595 3749 sedis
2619 3694 2803 3748 sedilia
2831 3695 3010 3765 viginti
3037 3704 3273 3765 quatuor,
3331 3704 3382 3748 et
3426 3712 3580 3764 super
3622 3696 3761 3749 sedes
3783 3697 3843 3748 ri-

2290 3787 2419 3857 ginti
2447 3794 2663 3856 quatuor
2689 3783 2919 3837 seniores
2950 3783 3131 3853 (Apoc.
3164 3799 3236 3849 iv,
3263 3781 3336 3853 4).
3391 3783 3644 3838 Seniores
3673 3785 3845 3854 quippe

2290 3875 2460 3931 sancti
2488 3882 2613 3950 sunt
2636 3873 3017 3945 praedicatores
3045 3873 3238 3928 maturi
3278 3889 3456 3938 sensu,
3482 3875 3719 3928 moribus
3743 3889 3845 3942 gra-

2289 3981 2402 4030 ves,
2427 3967 2520 4038 qui
2542 3967 2792 4021 thronum
2820 3963 2916 4018 Dei
2940 3963 3092 4030 juxta
3123 3964 3311 4033 positis
3337 3964 3555 4019 sedibus
3576 3965 3805 4019 ambiunt
3832 3980 3844 4014 ε

2289 4058 2414 4126 quia
2444 4058 2534 4126 qui
2561 4071 2669 4126 pra:
2698 4054 2906 4110 caeteris
2933 4052 3283 4108 Conditorem
3311 4053 3558 4122 diligunt,
3589 4069 3687 4123 per
3718 4055 3848 4106 altis-

2289 4148 2478 4201 simam
2505 4151 2967 4201 convcrsationem
2996 4144 3046 4198 ei
3071 4144 3295 4199 vicinius
3323 4145 3696 4212 requiescunt.
3723 4145 3849 4196 Bene

2289 4243 2470 4311 itaque
2497 4239 2623 4295 Saul
2657 4255 2777 4293 cum
2809 4254 2975 4308 puero
3014 4253 3114 4292 suo
3159 4237 3334 4291 locum
3365 4238 3418 4291 in
3449 4237 3624 4306 capite
3656 4252 3848 4296 eorum,

2287 4332 2377 4402 qui
2408 4330 2615 4386 invitati
2645 4329 2874 4391 fuerant,
2934 4327 3156 4390 sortitur
3183 4343 3198 4392 ;
3246 4326 3370 4395 quia
3399 4327 3449 4381 in
3473 4328 3549 4380 eis
3591 4326 3849 4395 cligendo~

2287 4441 2404 4479 rum
2453 4433 2731 4494 pastorum
2765 4435 2919 4492 typus
2949 4422 3268 4475 ostenditur.
3324 4419 3381 4474 In
3430 4420 3619 4490 capite,
3650 4421 3851 4489 quidem

603 4514 725 4582 quia
775 4520 1086 4582 peccatores
1139 4527 1198 4565 se
1249 4525 1368 4566 esse
1419 4512 1676 4580 fatentur,
1730 4522 1786 4567 et
1815 4521 1992 4569 tamen
2037 4527 2181 4570 recte
2217 4525 2466 4596 Drcctor
2519 4513 2790 4578 statuitur,
2855 4511 3070 4580 quando
3123 4525 3220 4580 per
3276 4509 3380 4564 vim
3435 4511 3614 4578 magni
3669 4509 3854 4563 amoris

603 4611 655 4668 in
683 4607 847 4660 Dutm
878 4604 1117 4668 credere,
1147 4603 1298 4672 quasi
1331 4620 1390 4659 se
1418 4613 1474 4660 et
1501 4604 1712 4659 Gemini
1743 4603 1880 4660 ﬁlios
1911 4620 2180 4677 asserunt,

600 4711 654 4756 et
680 4701 746 4755 de
768 4699 1057 4754 novissima
1085 4697 1244 4752 Israel
1274 4699 1614 4765 cognatione.
1672 4698 1776 4754 Sed
1825 4701 1949 4770 quia
1979 4713 2181 4770 quanto

598 4792 718 4859 plus
746 4803 806 4842 se
847 4787 1149 4851 humiliant,
1195 4786 1345 4854 juxta
1397 4786 1652 4842 Veritatis
1690 4805 1901 4856 vocem,
1952 4792 2180 4860 amplius

597 4887 905 4942 exaltantur
935 4883 1082 4952 (Luc.
1115 4900 1222 4950 xxv,
1251 4885 1334 4951 10,
1368 4887 1475 4953 Η),
1506 4889 1750 4957 sequitur
1785 4908 1798 4942 :

669 4979 845 5047 (Vers.
877 4978 991 5046 22.)
1037 4976 1311 5031 Assumens
1340 4980 1510 5049 itaque
1551 4980 1766 5035 Samuel
1791 4980 1926 5036 Saul
1970 4993 2018 5036 et
2044 4999 2174 5052 pue-

597 5088 710 5125 rum
731 5073 862 5141 ejus,
895 5069 1182 5123 introduxit
1210 5085 1295 5123 eos
1316 5069 1369 5122 in
1413 5073 1713 5138 triclinium,
1763 5084 1811 5127 et
1840 5074 1978 5128 dedit
1999 5077 2072 5129 eis
2099 5077 2178 5130 lo-

593 5181 710 5218 cum
738 5165 790 5217 in
813 5163 981 5232 capite
1009 5177 1182 5214 eorum
1212 5161 1298 5230 qui
1324 5163 1529 5231 fuerant
1558 5165 1779 5218 invitati.

665 5253 752 5308 55.
805 5251 1021 5306 Samuel
1050 5251 1176 5305 Saul
1218 5253 1439 5305 assumit
1459 5253 1674 5321 quando
1702 5257 2023 5324 pnedicator
2050 5274 2176 5313 san-

595 5359 692 5404 ctze
746 5345 993 5400 Ecclesia:
1019 5345 1194 5398 electo
1221 5344 1451 5398 auditori
1489 5361 1596 5399 sua:
1642 5345 1748 5398 alta
1780 5349 2175 5414 praedicationis

595 5439 784 5510 aperit.
820 5437 1124 5492 Assumitur
1152 5435 1355 5504 quippe
1378 5436 1639 5504 subditus,
1688 5442 1902 5507 quando
1929 5455 2023 5507 per
2057 5456 2174 5494 ter-

591 5536 716 5584 bum
747 5529 986 5584 doctoris
1017 5528 1068 5580 in
1097 5528 1460 5594 cognitionem
1493 5531 1790 5583 ctelestium
1822 5533 2078 5585 eievatur.
2108 5531 2173 5585 Et

593 5623 716 5691 quia
741 5635 848 5674 non
877 5617 1075 5672 carnali
1100 5618 1396 5672 intrntione
1453 5620 1748 5689 spiritualia
1779 5622 1916 5676 scirc
1945 5623 2170 5692 appetit,

595 5727 706 5768 non
761 5709 933 5764 solum
976 5706 1147 5780 ipsum
1203 5707 1354 5776 Saul,
1405 5710 1496 5763 sel
1554 5710 1715 5765 etiam
1747 5713 1864 5779 ejus
1887 5716 2174 5784 assumpsit

2289 4620 2535 4676 supernae
2584 4605 2707 4658 vit-.e
2745 4603 3013 4672 singulare
3071 4602 3404 4671 propositum
3454 4603 3684 4671 accipit;
3742 4615 3854 4655 cum

2290 4696 2445 4750 ﬁdem
2495 4694 2812 4748 catholicam
2867 4708 2989 4746 cum
3036 4692 3245 4747 caeteris
3298 4707 3638 4746 communem
3698 4699 3853 4755 tenet,

2286 4787 2380 4842 sed
2419 4802 2528 4856 pra:
2576 4784 2782 4840 cmteris
2828 4785 3079 4837 virtutem
3117 4783 3421 4837 sublimem.
3479 4781 3632 4837 Unde
3685 4792 3742 4838 et
3785 4797 3838 4836 se

2284 4879 2466 4948 quitur
2497 4897 2510 4932 :

2359 4971 2532 5042 (Vers.
2563 4969 2676 5039 2‘2.)
2709 4969 2875 5022 Erant
2894 4969 3028 5021 enim
3052 4967 3200 5036 quasi
3228 4967 3444 5035 triginta
3473 4967 3588 5020 viri.

2357 5062 2446 5116 56.
2489 5061 2594 5115 Ter
2621 5060 2806 5114 decem
2840 5059 3054 5127 triginta
3085 5057 3239 5110 ﬁunt.
3266 5054 3561 5111 Ternarius
3590 5071 3722 5110 vero
3771 5071 3858 5108 nu-

2285 5171 2464 5210 merus
2488 5154 2643 5210 (idem
2672 5160 2876 5215 sanctae
2899 5159 2954 5206 et
2985 5149 3274 5205 individua}
3301 5149 3580 5202 Trinitatis
3611 5149 3858 5202 insinuat.

2283 5247 2543 5303 Denarius
2572 5261 2701 5300 vero
2733 5261 2829 5314 per
2855 5243 3039 5297 decem
3066 5250 3337 5310 praecepta
3361 5239 3510 5307 legis,
3545 5239 3670 5293 boni
3694 5241 3863 5307 operis~

2284 5336 2666 5408 perfectionem
2711 5334 2973 5398 designat.
3034 5331 3378 5385 Triccttarius
3429 5345 3562 5397 ergo
3611 5346 3862 5382 nntium

2283 5445 2377 5484 cos
2400 5429 2664 5496 designat,
2711 5426 2802 5493 qui
2843 5439 2962 5477 cam
3003 5421 3162 5474 ﬁdem
3209 5429 3414 5483 tenent,
3460 5435 3582 5488 quas
3610 5435 3711 5488 per
3740 5420 3858 5470 dit;-

2281 5520 2516 5575 ctionetn
2547 5526 2821 5586 operatur.
2874 5514 2930 5567 In
2984 5514 3174 5566 horum
3223 5511 3402 5582 capite
3452 5509 3580 5564 Saul
3624 5511 3860 5579 ponitur.

2280 5611 2495 5680 quando
2525 5625 2621 5677 per
2640 5607 2873 5660 divinam
2905 5605 3128 5672 gratiam
3162 5603 3225 5669 is,
3283 5603 3373 5672 qui
3404 5601 3608 5656 iuturus
3657 5612 3744 5656 est
3778 5617 3862 5668 pa-

2279 5715 2392 5758 stor
2424 5701 2690 5760 Ecc‘esia‘,
2723 5697 3001 5753 suh'imior
3021 5695 3078 5750 lit
3095 5697 3309 5760 merito,
3338 5696 3530 5762 quibus
3557 5695 3725 5748 debet
3755 5702 3863 5744 esse
