3962 6302
77 368 101 416 2
136 367 162 415 δ
875 361 937 413 tv
981 359 1236 415 primum
1281 359 1518 414 nanum
1560 355 2071 415 EXPOSITIONES.
2115 397 2181 404 -
2225 368 2348 424 LIB.
2395 372 2476 424 tv.
3212 376 3314 428 a2;

77 470 602 542 supr-riord'gnitate.
665 470 815 524 llunc
867 471 1148 526 sublimem
1208 474 1384 527 locum
1416 471 1704 528 SamuelA
1738 471 1810 523 lia
1830 481 2029 542 oportet
2068 485 2116 530 te
2143 496 2459 550 praeparare.
2519 486 2720 539 Similia
2777 486 2919 540 enitn
2969 484 3318 553 praeparando

79 567 240 621 tribuit
267 581 280 616 :
332 563 455 625 quia
483 563 574 630 qui
602 571 801 614 tantnn
834 562 955 615 vita:
985 572 1226 633 meretur~
1242 563 1636 632 celsitudinem,

79 661 129 711 al
155 671 264 710 eam
290 653 551 721 majorum
583 651 794 722 proficit
823 653 1176 708 institutione.
1233 653 1333 708 Cui
1387 656 1636 709 nimirum

79 749 182 815 quia
215 747 321 814 jam
357 758 574 810 magna,
607 759 725 811 qua:
747 751 890 811 agat,
916 751 972 796 et
1000 759 1106 798 non
1145 745 1365 799 minima
1413 745 1639 800 demon-

78 846 312 900 strantur,
342 835 590 888 subditur
621 853 634 887 ε

140 928 305 996 (Yers.
333 926 423 988 ‘23,
446 925 564 996 Ξῖ.)
623 924 773 979 Dixit
803 926 1018 980 Samuel
1052 944 1211 1000 coquo
1243 945 1260 982 :
1309 929 1388 982 Da
1418 940 1637 996 partem,

79 1040 208 1094 quant
235 1021 350 1073 dedi
380 1019 489 1084 tibi,
513 1029 560 1072 et
588 1021 828 1089 prtecepi,
853 1030 909 1072 ut
935 1038 1210 1089 reponeres
1237 1039 1466 1077 seorsum
1503 1026 1642 1093 apud

81 1128 133 1167 te.
186 1112 316 1165 Tulit
364 1128 486 1180 ergo
531 1128 724 1179 coquus
755 1129 976 1173 armum,
1027 1123 1075 1165 et
1126 1116 1293 1182 posuit
1323 1125 1443 1168 ante
1489 1115 1638 1169 Saul.

81 1204 302 1272 Dixitque
329 1200 582 1254 Samuel:
617 1200 753 1254 Ecce
777 1202 915 1271 quod
956 1206 1224 1269 remansit,
1269 1223 1402 1274 pone
1429 1217 1549 1259 ante
1574 1216 1638 1270 te,

80 1308 116 1346 et
141 1292 335 1345 comede
361 1309 379 1345 :
402 1293 523 1362 quia
552 1291 614 1344 de
638 1292 897 1345 industria
920 1305 1174 1347 servatura
1194 1305 1270 1348 est
1295 1296 1403 1358 tibi,
1435 1298 1642 1362 quando

80 1386 300 1454 populum
322 1384 494 1436 vocavi
517 1399 536 1436 :
567 1391 617 1435 et
643 1383 861 1437 comedit
892 1383 1024 1438 Saul
1051 1402 1165 1438 cum
1193 1386 1434 1440 Samuele
1477 1387 1530 1440 in
1561 1386 1644 1441 die

79 1477 177 1529 illa.

140 1564 220 1617 57.
265 1565 400 1630 Quid
427 1565 476 1618 in
501 1580 653 1618 armo
683 1565 940 1635 pectoris,
987 1567 1084 1620 nisi
1120 1568 1376 1622 fortitudo
1404 1571 1644 1637 signatur

83 1655 320 1708 actionis?
371 1653 504 1719 Qua:
558 1669 587 1707 a
619 1655 870 1709 Samuele
897 1673 1072 1724 coquo
1105 1658 1376 1726 tribuitur,
1428 1675 1568 1727 quan
1593 1661 1642 1712 lo

85 1761 107 1793 a
148 1743 357 1796 sunnnis
397 1743 836 1811 prmlicataribus
887 1745 1183 1800 minoribus
1223 1745 1638 1802 demonstratur.

1741 563 2159 633 manducamus;
2185 570 2308 638 quia
2332 571 2456 624 dum
2489 572 2668 641 fortia,
2700 591 2817 644 quin
2843 574 3105 637 audimus,
3133 588 3322 641 propo-

1741 653 1916 706 nimus
1945 668 2124 722 agcre,
2157 657 2304 710 velut
2324 662 2691 727 comedentes,
2718 662 2769 716 in
2799 663 2979 718 cordis
3011 671 3200 717 ventre
3230 677 3313 714 rc-

1742 746 1991 814 ponimus
2022 747 2170 801 cibos
2210 749 2353 804 vitm.
2414 751 2520 805 Sed
2572 753 2700 820 ipsis
2739 755 2962 807 summis
3005 753 3323 808 doctoribus

1743 851 1837 889 vas
1877 836 2157 892 electionis
2204 840 2302 893 sub
2355 842 2511 895 unius
2546 842 2791 912 discipuli
2822 844 3124 897 eruditione
3148 843 3320 911 impe-

1742 931 1842 988 rat,
1867 925 2052 981 dicens
2083 945 2095 978 :
2128 927 2346 981 Manum
2372 931 2471 984 cito
2503 932 2694 984 nemini
2723 933 2961 1002 imponas
3009 931 3063 1002 (Ι
3103 931 3238 984 Tim.
3270 947 3322 992 v,

1742 1014 1853 1082 22).
1897 1016 2030 1083 Quia
2061 1019 2202 1072 enim
2231 1035 2421 1088 magna
2449 1023 2830 1076 retractatione
2856 1023 3066 1078 consilii
3095 1022 3324 1089 eligendi

1742 1115 1884 1172 sunt,
1916 1109 2005 1177 qui
2055 1109 2106 1162 in
2137 1111 2370 1166 culmine
2416 1113 2790 1180 sublimcntur,
2846 1123 2971 1182 apte
3023 1115 3327 1182 subjectum

1743 1203 1825 1247 est
1856 1213 1866 1246 :
1900 1194 2033 1258 Quia
2063 1197 2125 1250 de
2151 1198 2411 1252 industria
2438 1213 2690 1255 serratum
2718 1214 2792 1255 est
2824 1203 2933 1269 tibi,
2971 1204 3178 1274 quando
3226 1222 3323 1274 po-

1744 1287 1918 1356 pulum
1954 1290 2145 1342 vocavi.
2182 1291 2342 1356 Quasi
2366 1293 2510 1346 dicat
2541 1287 2557 1346 Ξ
2591 1292 2736 1349 Pone
2765 1303 2890 1348 ante
2922 1303 2992 1358 te,
3050 1295 3194 1364 quod
3225 1311 3324 1348 an-

1746 1388 1959 1448 tequam
1991 1392 2372 1451 apponeretur,
2418 1400 2518 1453 ego
2549 1388 2702 1455 posui
2732 1396 2857 1441 ante
2880 1403 2997 1453 me;
3044 1387 3325 1442 considera

1744 1471 1886 1538 quod
1917 1485 2018 1539 ego
2041 1473 2397 1528 consideravi.
2429 1475 2501 1529 De
2530 1476 2790 1532 industria
2813 1479 3015 1548 quippe
3047 1494 3167 1548 pars
3189 1479 3328 1533 armi

1744 1556 2026 1622 servatur;
2059 1561 2184 1628 quia
2211 1561 2493 1615 fortissima
2528 1565 2892 1632 prmdicatoris
2914 1566 3059 1620 actio
3089 1566 3160 1619 illi
3189 1566 3326 1619 bene

1746 1651 2119 1720 committitur,
2143 1653 2232 1721 qni
2251 1669 2280 1706 a
2299 1655 2519 1708 summis
2541 1655 2667 1708 viris
2691 1670 2879 1723 n'tagna
2897 1657 3329 1710 consideratione.

1746 1741 1936 1809 dignus
1982 1749 2134 1795 tanto
2179 1743 2476 1797 ministerio
2531 1744 2821 1814 jndicatur.
2881 1745 2986 1799 Ista
3030 1761 3159 1799 vero
3206 1762 3328 1814 pa's

83 1834 234 1900 coqui
262 1834 461 1887 etenim
493 1835 804 1889 sacerdotes
829 1845 952 1891 sum
984 1853 996 1888 ;
1050 1838 1173 1903 quia
1197 1836 1322 1891 dum
1352 1839 1539 1894 electis
1581 1840 1643 1890 ti.
1680 1825 1723 1882 Β
1752 1841 1879 1886 tunc
1905 1842 2114 1886 servata
2140 1841 2221 1886 est
2247 1835 2313 1887 de
2339 1834 2621 1899 industria,
2665 1835 2880 1905 quando
2909 1836 3139 1903 populus
3166 1852 3328 1890 voca-

85 1923 272 1974 drlibus
312 1924 362 1974 in
417 1924 630 1978 fervore
656 1926 873 1994 spiritus
916 1927 1235 2004 loquuntur,
1258 1930 1407 1984 cibos
1432 1930 1645 1992 mentis,

85 2013 209 2066 velut
232 2029 324 2083 per
344 2015 519 2082 ignem
548 2024 806 2084 coquunt.
837 2016 941 2071 Sed
965 2034 1112 2087 pars,
1135 2035 1254 2088 qua:
1274 2020 1448 2084 datur,
1474 2022 1644 2090 posita

82 2119 304 2158 seorsum
336 2105 532 2158 dicitur
563 2121 576 2156 :
607 2106 731 2173 quia
759 2106 1176 2179 fortitudn‘bmti
1204 2111 1387 2181 operis
1415 2111 1467 2165 itt
1506 2127 1644 2180 [inc-

84 2197 307 2249 dicalore
353 2195 516 2248 debet
564 2209 686 2249 (δά)
733 2194 1037 2264 singularis.
1090 2198 1262 2264 Quam
1313 2201 1475 2272 224
1520 2212 1648 2256 ante

84 2286 193 2340 Saul
239 2286 406 2355 ponit,
450 2286 668 2356 quando
721 2287 1074 2342 ordinandum
1131 2299 1404 2358 pastorem
1447 2303 1647 2346 saneta:

86 2375 333 2440 Ecclesize,
363 2387 581 2444 quanta:
610 2377 935 2432 fortitudinis
955 2393 1075 2432 esse
1091 2378 1272 2446 debet,
1302 2381 1649 2442 considerare

86 2469 325 2537 paccipiI.
377 2467 486 2522 Sed
533 2477 590 2523 et
637 2471 703 2526 de
736 2484 821 2534 eo,
853 2469 998 2538 quod
1021 2485 1225 2539 coquus
1253 2472 1523 2542 apposuit,
1551 2471 1649 2526 Sa-

87 2561 206 2612 muel
238 2559 360 2613 Saul
390 2561 521 2614 dicit
548 2579 562 2614 :
601 2560 738 2616 Ecce
770 2563 907 2630 quod
931 2565 1196 2626 remansit,
1252 2579 1385 2632 pone
1429 2572 1550 2617 ante
1579 2574 1644 2616 te.

87 2649 340 2704 Remansit
377 2650 616 2719 quidem,
651 2654 773 2722 quia
828 2670 936 2706 non
965 2654 1144 2707 omnia
1176 2667 1358 2708 nostra
1407 2655 1649 2709 Christus

84 2740 317 2808 explevit,
369 2756 468 2809 per
497 2757 713 2796 crucem
743 2744 958 2812 quidem
1007 2760 1159 2798 suam
1183 2759 1371 2799 omnes
1402 2745 1649 2807 redemit,

83 2831 164 2883 sed
189 2831 462 2900 remansit,
515 2833 689 2900 utqui
721 2834 909 2888 redimi
947 2844 1003 2889 et
1027 2849 1250 2903 regnare
1276 2852 1395 2889 cuin
1425 2851 1490 2889 eo
1521 2837 1646 2890 niti-

85 2928 182 2985 tur,
228 2920 587 2989 crucitigatur.
647 2921 761 2976 l-loc
808 2922 1052 2992 profecto
1108 2924 1380 2978 residuum
1418 2924 1649 2991 viderat,

83 3012 161 3076 qui
184 3011 431 3065 dicebat:
494 3013 557 3066 Si
585 3014 945 3083 compatimur,
989 3023 1038 3068 et
1083 3016 1514 3085 conregnabimus
1561 3015 1646 3086 (ll

87 3102 205 3155 Tim.
238 3119 291 3165 n,
327 3103 434 3173 l2).
486 3105 650 3170 Quasi
681 3105 824 3160 dicat
857 3126 868 3159 :
929 3107 1083 3172 Quod
1115 3109 1350 3176 explevit
1381 3109 1644 3171 Christus,

1753 1934 1867 1988 tur;
1915 1925 2040 1993 quia
2068 1941 2189 1980 eum
2219 1925 2286 1979 ad
2315 1927 2712 1994 suscipiendum
2745 1927 3142 1996 praedicationis
3171 1930 3330 1982 mini-

1749 2014 1972 2067 sterinm
2002 2016 2197 2068 subditi
2228 2015 2410 2070 tideles
2436 2018 2676 2081 veniunt,
2704 2019 2859 2074 bonis
2889 2019 3329 2088 praedicatoribus

1751 2122 1856 2158 non
1883 2107 2102 2161 infirmis
2129 2107 2358 2165 infirma.
2394 2110 2486 2162 sed
2520 2108 2745 2164 fortibus
2775 2111 2931 2165 fortia
2961 2111 3326 2181 injungnntur.

1749 2194 1852 2247 Sed
1896 2197 1987 2264 qui
2024 2198 2170 2252 bene.
2213 2199 2521 2266 proficiunt,
2575 2200 2627 2254 in
2657 2201 2870 2255 sublimi
2901 2217 2994 2256 sua
3039 2217 3328 2258 conversa-

1753 2285 1895 2338 tione
1923 2295 2048 2339 ante
2097 2289 2277 2340 omnia
2308 2297 2492 2342 tenere.
2519 2288 2738 2343 Student
2766 2291 2965 2343 bonum
2988 2292 3325 2346 obedientim.

1753 2379 1895 2433 Bene
1923 2379 2101 2448 itaque
2122 2381 2461 2449 subjunctum
2492 2391 2576 2436 est
2610 2402 2620 2435 :
2689 2383 2758 2436 Et
2811 2385 3028 2438 comedit
3057 2384 3187 2438 Saul
3209 2402 3325 2438 cum

1751 2469 1992 2523 Samuele
2011 2471 2064 2523 in
2095 2471 2176 2523 die
2202 2471 2317 2525 illa.
2345 2471 2412 2525 Ut
2433 2472 2545 2539 jam
2571 2473 2702 2533 dixi,
2733 2473 3098 2542 promovendo
3120 2473 3327 2527 doctori

1749 2558 2057 2625 comedere,
2117 2569 2198 2615 est
2227 2562 2329 2615 hoc
2357 2562 2502 2630 quod
2525 2563 2623 2617 sibi
2661 2563 2728 2617 de
2769 2563 2966 2617 virtute
3003 2563 3330 2632 prazcipitur,

1749 2668 1807 2705 se
1837 2651 1903 2706 ad
1935 2651 2234 2706 faciendum
2276 2669 2600 2723 prmparare.
2654 2654 2797 2709 Bene
2846 2664 3024 2709 autem
3080 2672 3204 2709 cum
3231 2656 3325 2709 Sa-

1751 2741 1927 2796 muele
1978 2744 2276 2798 comedisse
2324 2744 2552 2809 dicitur;
2585 2747 2708 2815 quia
2738 2761 2858 2799 cum
2889 2746 2946 2811 ii,
2993 2746 3082 2813 qui
3125 2744 3330 2800 noviter

1751 2832 1992 2899 veniunt,
2051 2847 2244 2901 magna
2297 2849 2459 2902 agere
2499 2848 2833 2906 proponunt,
2887 2837 2938 2891 in
2979 2838 3176 2892 virtute
3205 2838 3329 2891 boni

1750 2922 1930 2992 operis
1954 2923 2148 2978 summi
2194 2923 2295 2977 viri
2335 2923 2691 2978 ferventiores
2729 2925 2881 2980 fiunt.
2936 2925 3123 2981 Potest
3168 2927 3329 2981 etiam

1751 3011 1804 3065 in
1842 3012 1946 3066 ista
1977 3011 2306 3067 comestione
2338 3013 2424 3066 illa
2453 3014 2674 3082 signari,
2726 3016 2792 3069 de
2821 3031 2922 3084 qua
2954 3017 3199 3086 superius
3243 3033 3331 3071 re-

1751 3103 2019 3172 promisit,
2043 3103 2225 3158 dicens
2252 3122 2264 3155 :
2315 3105 2545 3158 Ascende
2583 3116 2702 3159 ante
2733 3123 2830 3170 me,
2881 3114 2937 3159 ut
2966 3107 3202 3160 comedas
3227 3123 3330 3159 nte--

86 3208 177 3244 non
200 3191 282 3243 val
321 3201 359 3252 t,
393 3194 495 3246 ni-i
523 3194 595 3260 ei,
643 3195 731 3262 qui
761 3195 832 3260 id,
875 3196 1016 3263 quod
1041 3198 1318 3265 remansit,
1372 3198 1438 3252 ad
1461 3199 1644 3268 mplct.
1676 3188 1722 3248 C
1751 3209 1865 3246 cum
1889 3192 2058 3246 hodie.
2116 3192 2242 3246 Saul
2275 3209 2403 3262 ergo
2446 3210 2566 3248 cum
2599 3195 2848 3250 Samuele
2888 3196 3162 3260 comedit;
3206 3197 3334 3264 quia

88 3280 204 3334 Iliae
224 3283 411 3336 beatus
443 3282 634 3338 Petrus
661 3287 937 3352 apostolus
959 3288 1088 3340 dicit.
1119 3307 1130 3340 :
1183 3287 1417 3343 Christus
1464 3309 1649 3359 passus

85 3382 148 3422 cst
173 3390 264 3441 pro
287 3373 384 3425 uob
406 3390 452 3436 s,
477 3373 617 3428 vobis
641 3376 932 3446 relinquens
962 3379 1250 3448 exemplum
1278 3390 1333 3433 ut
1361 3383 1650 3451 sequamini

84 3463 280 3530 vestigia
303 3463 413 3531 ejus
445 3463 496 3532 (1
524 3463 639 3518 Pet.
675 3482 732 3530 tt,
760 3466 871 3531 21).
898 3467 1033 3522 Hinc
1065 3467 1259 3525 Paulus
1291 3471 1369 3524 ait
1401 3489 1414 3523 :
1466 3472 1648 3523 Adiut-

83 3553 182 3618 pleo
202 3569 284 3613 ea,
337 3571 449 3624 qua:
471 3555 655 3609 desunt
688 3559 920 3625 passioni
943 3558 1153 3623 Christi,
1212 3562 1267 3614 in
1297 3577 1512 3631 corpore
1538 3578 1649 3615 meo

83 3641 204 3709 (Col.
228 3660 265 3708 ι,
288 3644 402 3705 et).

142 3732 228 3785 58.
275 3734 382 3788 Sed
408 3737 704 3792 uelandum
733 3739 856 3807 quia
888 3758 1094 3795 armum
1123 3751 1249 3798 ante
1287 3744 1414 3800 Saul
1443 3762 1649 3816 coquus

82 3825 268 3891 posuit,
323 3835 378 3879 et
401 3836 582 3882 tamen
612 3830 828 3884 Samuel
855 3831 981 3886 Saul
1032 3835 1295 3904 przccipit,
1343 3847 1544 3893 utante
1589 3856 1648 3894 se

82 3936 189 3972 eum
218 3937 423 3990 potiere
452 3923 668 3980 debeat.
711 3926 847 3993 Quid
880 3939 962 3984 est
989 3929 1128 3985 hoc?
1157 3931 1262 3986 Sed
1291 3946 1494 4001 ponere
1521 3942 1649 3987 ante

78 4009 463 4069 discumbentes
489 4016 698 4085 dapifer
724 4017 777 4070 in
801 4034 982 4073 mensa
1007 4017 1264 4075 ferculum
1294 4022 1432 4077 solet
1465 4040 1478 4076 :
1503 4022 1649 4092 quod

78 4100 190 4154 dum
219 4104 283 4166 is,
314 4105 409 4172 qui
433 4106 739 4172 discumbit,
769 4111 928 4164 trahit
957 4110 1023 4164 ad
1052 4127 1131 4174 se,
1184 4111 1312 4166 illud
1342 4113 1496 4182 ponit
1520 4123 1647 4169 ante

77 4207 128 4244 se
156 4194 396 4259 vicinius,
425 4197 570 4265 quod
594 4199 753 4266 paulo
780 4199 992 4269 longius
1019 4210 1139 4256 erat
1165 4213 1291 4257 ante
1320 4219 1398 4258 se.
1429 4204 1650 4273 Coquus

77 4297 193 4350 ergo
218 4288 370 4354 ponit
394 4304 608 4341 armum
635 4299 762 4343 ante
787 4290 936 4357 Saul,
979 4291 1195 4348 Samuel
1221 4294 1350 4348 Saul
1379 4296 1641 4366 przccipit,

76 4382 130 4426 ut
152 4385 308 4444 ponat
329 4386 458 4433 ante
479 4394 538 4434 se
572 4397 585 4432 :
643 4381 769 4450 quia
808 4381 916 4437 hoc
941 4383 1083 4450 quod
1112 4400 1256 4439 novo
1303 4386 1646 4453 prardicatori

77 4463 357 4534 injungilttr
409 4469 480 4522 de
525 4468 839 4526 fortitudine
889 4473 1015 4526 boni
1047 4475 1246 4544 operis,
1279 4475 1427 4530 velut
1464 4477 1530 4530 ad
1586 4493 1644 4532 se

1754 3285 1910 3354 225
1933 3297 2051 3337 cum
2083 3283 2225 3338 intus
2246 3285 2568 3352 praedicator
2592 3285 2866 3340 caelestem
2897 3287 3044 3340 verbi
3078 3287 3168 3340 Dei
3200 3304 3322 3340 sua-

1753 3373 1970 3426 vitatem
2001 3372 2170 3437 audit,
2200 3378 2363 3441 quod,
2393 3374 2643 3444 loquente
2666 3375 2802 3444 ipso,
2843 3376 3038 3431 subditi
3071 3377 3199 3432 foris
3231 3394 3326 3431 au-

1750 3464 1923 3527 diunt,
1951 3464 2018 3519 de
2065 3464 2242 3518 divina
2291 3464 2586 3520 refectione
2610 3474 2633 3499 δι
2669 3465 2861 3536 utique
2890 3469 3174 3521 sat'antur.
3233 3467 3330 3522 Se-

1749 3558 1929 3626 quitur
1954 3576 1967 3610 :
3309 3545 3320 3555 ’

1818 3650 1994 3722 (Vers.
2029 3649 2140 3719 ‘25.)
2168 3649 2232 3704 Et
2258 3651 2625 3706 descenderunt
2656 3652 2718 3706 de
2742 3653 2943 3706 excelso
2969 3654 3022 3707 in
3057 3655 3330 3723 oppidum,

1747 3750 1796 3795 et
1825 3743 2022 3796 locutus
2065 3753 2140 3795 est
2162 3742 2374 3796 Samucl
2402 3759 2515 3796 cum
2547 3742 2677 3798 Saul
2705 3745 2759 3798 in
2798 3745 3009 3798 salario.
3036 3743 3328 3814 Slt‘avilque

1751 3833 1883 3887 Saul
1904 3834 1958 3887 in
1987 3835 2197 3895 salario,
2228 3844 2276 3887 et
2297 3835 2552 3888 dormivit.

1822 3923 1909 3978 59.
1961 3922 2275 3993 Quicunque
2321 3925 2389 3979 ad
2431 3925 2802 3980 celsitudinem
2850 3941 2992 3981 cum
3045 3927 3330 3997 pastoralis

1748 4018 2055 4079 assumitur,
2089 4016 2137 4068 in
2185 4013 2372 4069 eadem
2414 4016 2615 4070 ordinis
2659 4017 2742 4071 sui
2771 4017 3096 4070 sublimitate
3135 4017 3332 4069 habere.

1748 4104 1907 4159 debet
1934 4112 1989 4159 et
2015 4104 2136 4158 vitae
2163 4105 2392 4174 propria:
2414 4105 2745 4161 altitudinem
2765 4148 2780 4172 ,
2813 4114 2860 4160 et
2895 4107 3082 4160 alienzr
3112 4106 3330 4159 infirmi-

1750 4196 1876 4250 tatis
1909 4195 2360 4264 oompassioncm.
2408 4195 2673 4249 Ascendat
2719 4211 2846 4264 ergo
2889 4196 3016 4250 Saul
3063 4211 3182 4249 cum
3230 4196 3332 4248 Sa-

1750 4284 1944 4349 muele,
1970 4282 2260 4338 descendat
2283 4284 2334 4338 in
2365 4285 2639 4353 oppidum.
2671 4285 2817 4340 Sciat
2843 4293 3041 4351 rector,
3065 4301 3183 4353 quae
3210 4294 3334 4352 agat

1749 4375 1904 4428 alta:
1961 4375 2094 4430 sciat
2139 4391 2257 4444 qua:
2306 4377 2585 4446 disponat,
2632 4378 2957 4432 communia.
3009 4378 3160 4432 Dicat
3211 4394 3331 4431 cmn

1751 4464 1917 4518 Paulo
1943 4463 2174 4519 :Nostra
2195 4468 2510 4521 conversatio
2531 4468 2582 4520 in
2606 4468 2746 4520 caelis
2766 4477 2839 4520 est
2867 4467 3083 4537 (Philip.
3108 4483 3183 4530 ιη,
3207 4466 3295 4528 20)
3318 4485 3329 4518 :

77 4559 282 4626 propius
311 4560 475 4614 debet
514 4563 729 4617 trahere
759 4579 855 4632 per
899 4565 1131 4619 studium
1174 4567 1640 4625 considerationis.
1675 4559 1726 4618 Β
1755 4555 1900 4612 diei“
1925 4557 2208 4612 "Obiscum
2238 4576 2250 4610 ε
2279 4557 2474 4628 Infelix
2508 4576 2600 4628 900
2631 4559 2810 4624 ¹¹οη³⁰ν
2844 4561 2958 4628 θυῖε
2990 4576 3069 4612 ’πε
3097 4559 3332 4612 liberam

72 4645 212 4711 Quod
239 4652 403 4704 etiam
425 4660 714 4720 postquam
737 4654 803 4707 ad
829 4670 888 4709 se
914 4657 1157 4721 traxerit,
1183 4659 1420 4713 comedit
1449 4679 1461 4712 :
1515 4661 1642 4730 quia

71 4738 153 4791 diu
194 4741 602 4796 consideratum
654 4757 815 4812 agere
857 4745 1110 4816 disponit.
1181 4747 1403 4804 Armum
1443 4751 1642 4821 quippe

70 4829 407 4894 manducare,
459 4842 541 4887 est
568 4835 711 4903 quod
735 4837 972 4891 exterius
999 4839 1065 4892 de
1108 4838 1230 4893 forti
1261 4841 1474 4896 actione
1505 4858 1642 4911 pne-

68 4921 276 4988 cipitur,
332 4941 432 4993 per
453 4927 790 4995 propositum
821 4929 872 4982 in
906 4939 1086 4984 mente
1107 4933 1423 4986 recondere.
1476 4935 1637 5000 Quasi

66 5017 198 5070 enim
251 5033 462 5073 armum
511 5028 640 5075 ante
670 5036 728 5075 se
783 5037 988 5091 ponere
1036 5031 1093 5076 et
1116 5025 1441 5080 manducare
1468 5027 1642 5082 electo

67 5107 250 5176 cuique
278 5110 566 5177 suadebat,
609 5111 702 5180 qui
730 5111 983 5167 dicebat:
1041 5114 1104 5169 Si
1146 5114 1340 5170 sederis
1395 5115 1465 5169 ad
1500 5134 1643 5172 meu-

64 5216 168 5252 sam
186 5202 433 5268 potentis,
463 5203 728 5272 sapienter
750 5204 974 5270 attende,
1007 5222 1122 5276 qua?
1145 5217 1474 5276 apponuntur
1500 5209 1590 5264 tibi
1621 5225 1640 5264 :

69 5295 176 5359 quia
203 5295 399 5348 similia
420 5303 625 5364 oportet
665 5304 714 5348 te
739 5312 1036 5365 prteparare
1066 5297 1247 5368 (Prov.
1274 5315 1427 5360 xxnt,
1458 5301 1533 5370 l).
1581 5300 1640 5357 In

67 5399 240 5439 mensa
267 5387 473 5456 quippe
504 5385 739 5454 potentis
766 5387 1022 5444 virtutem
1057 5393 1193 5446 armi
1223 5393 1546 5463 designavit.
1576 5394 1644 5451 Et

67 5473 184 5528 dum
211 5475 348 5529 dixit
379 5493 393 5530 :
435 5476 719 5545 Sapienter
746 5481 972 5544 attende,
1009 5498 1124 5552 qua:
1151 5495 1482 5554 opponuntur
1507 5486 1595 5541 tibi
1619 5503 1639 5543 :

65 5582 264 5624 armum
310 5576 440 5623 ante
487 5583 549 5624 se
575 5583 720 5634 eum,
748 5571 834 5626 cui
878 5572 1260 5645 dixit,ponere
1279 5577 1483 5632 docuit.
1535 5578 1643 5635 Sed

59 5661 380 5718 manducare
401 5676 533 5719 eum
557 5661 757 5717 debere
781 5663 1084 5733 insinuavit,
1116 5666 1240 5737 quia
1273 5665 1410 5724 dixit
1440 5686 1452 5723 :
1482 5668 1642 5724 Simi-

126 5787 150 5814 ⁸
188 5776 380 5846 Gilot.,
411 5773 619 5847 utrique
636 5775 900 5833 satiantur.

1750 4648 1813 4700 de
1837 4663 2050 4716 corpore
2079 4649 2258 4700 mortis
2285 4648 2472 4717 hujus?
2507 4650 2646 4702 rideo
2674 4652 2830 4702 aliaat
2871 4650 3030 4719 legem
3066 4649 3329 4700 contradi-

1749 4746 1945 4791 centem
1973 4737 2073 4806 legi
2101 4736 2282 4790 mentis
2326 4753 2484 4798 mete,
2515 4747 2564 4788 et
2591 4739 2842 4804 captivum
2869 4753 2949 4789 me
2983 4737 3248 4788 ducentem
3276 4736 3328 4787 in

1747 4829 1858 4899 lege
1877 4830 2107 4900 peccati(
2121 4828 2272 4883 Rom.
2301 4844 2396 4895 vn,
2427 4827 2540 4897 24).
2569 4828 2626 4883 In
2647 4829 2860 4882 excelso
2891 4837 2971 4882 est
2990 4836 3186 4890 rector,
3208 4843 3328 4881 cum

1745 4920 2060 4988 sapientiam
2091 4919 2321 4982 lotiuitur
2354 4920 2492 4972 inter
2524 4919 2808 4987 perfectos.
2841 4918 3088 4970 Carnalia
3118 4917 3328 4984 quando

1745 5008 1801 5062 di
1832 5009 2003 5077 ponit,
2028 5009 2122 5063 des
2155 5010 2306 5064 endit
2334 5009 2384 5062 in
2414 5008 2689 5078 oppidum,
2721 5007 2936 5060 dicens:
2972 5006 3192 5075 Propter
3223 5009 3292 5075 [oi

1746 5101 2056 5154 nicationem
2090 5101 2435 5172 unusquisque
2462 5116 2676 5154 uxorem
2713 5097 2918 5166 habeat,
2946 5107 2992 5152 et
3016 5115 3328 5169 uuaqutt'q'r:

1745 5195 1908 5247 virum
1941 5195 2132 5248 :ua’ori
2180 5195 2256 5248 vir
2285 5193 2507 5247 debitum
2549 5192 2749 5256 reddat,
2773 5208 2906 5245 uxor
2933 5192 3042 5247 viro
3086 5192 3293 5245 similite
3308 5210 3329 5239 ι·

1751 5285 1770 5354 (
1789 5285 1817 5338 Ι
1849 5283 1969 5339 Cor.
2003 5300 2092 5350 vn,
2113 5284 2198 5352 2).
2246 5283 2304 5338 In
2333 5283 2548 5339 excelso
2573 5291 2684 5350 est,
2711 5282 2927 5352 quando
2955 5283 3083 5336 dicit
3115 5299 3126 5334 :
3163 5280 3273 5334 Νι]
3298 5300 3328 5333 ,τι

1747 5388 1981 5431 creatura
2007 5377 2192 5444 poterit
2217 5391 2309 5429 nos
2330 5391 2572 5446 separare
2594 5391 2626 5428 a
2652 5374 2902 5428 charitate
2926 5373 3118 5428 Christi
3148 5373 3323 5443 (Rom.

1746 5484 1856 5533 Vl",
1886 5467 2000 5538 '59).
2029 5466 2088 5520 ln
2125 5465 2376 5536 oppidum
2402 5480 2532 5521 vero
2565 5463 2880 5520 descendit:
2911 5465 3037 5533 quia
3064 5463 3287 5533 loquens
3310 5502 3324 5523 ,

1749 5563 1825 5616 ait
1855 5579 1868 5615 :
1900 5561 2097 5615 Factus
2124 5577 2237 5614 sum
2257 5559 2483 5629 inﬁrmis
2504 5559 2762 5629 inﬁrmus,
2783 5568 2838 5612 ut
2860 5559 3097 5629 inﬁrmos
3118 5557 3327 5626 lucrifa-

1747 5654 1916 5714 ciqm:
1948 5652 2123 5709 omnia
2166 5651 2398 5708 omnibus
2426 5653 2593 5724 {actus
2627 5667 2740 5707 sum
2759 5692 2774 5722 ,
2803 5659 2860 5706 ut
2905 5666 3079 5708 omnes
3108 5652 3326 5721 [acerem
