  <div class='ocr_page' id='page_1' title='image "/cluster/home/n/w/nwhite01/storage/ocr_20150623/79/uva.x000827091/147.png"; bbox 0 0 3962 6298; ppageno 0'>
   <div class='ocr_carea' id='block_1_1' title="bbox 634 380 3845 447">
    <p class='ocr_par' dir='ltr' id='par_1_1' title="bbox 634 380 3845 447">
     <span class='ocr_line' id='line_1_1' title="bbox 634 380 3845 447; baseline -0.004 -7"><span class='ocrx_word' id='word_1_1' title='bbox 634 384 743 439; x_wconf 80' lang='lat'><strong>275</strong></span> <span class='ocrx_word' id='word_1_2' title='bbox 1841 380 2082 435; x_wconf 63' lang='lat' dir='ltr'><strong>sucu</strong></span> <span class='ocrx_word' id='word_1_3' title='bbox 2123 380 2445 436; x_wconf 64' lang='lat' dir='ltr'><strong>cnaconn</strong></span> <span class='ocrx_word' id='word_1_4' title='bbox 2487 384 2693 439; x_wconf 71' lang='lat' dir='ltr'><strong>MAGNI</strong></span> <span class='ocrx_word' id='word_1_5' title='bbox 3763 389 3845 447; x_wconf 66' lang='grc' dir='ltr'><strong>ετδ</strong></span> 
     </span>
    </p>
   </div>
   <div class='ocr_carea' id='block_1_2' title="bbox 634 490 3848 572">
    <p class='ocr_par' dir='ltr' id='par_1_2' title="bbox 634 490 3848 572">
     <span class='ocr_line' id='line_1_2' title="bbox 634 490 3848 572; baseline -0.005 -23"><span class='ocrx_word' id='word_1_6' title='bbox 634 496 805 551; x_wconf 79' lang='lat' dir='ltr'><strong>salt-os</strong></span> <span class='ocrx_word' id='word_1_7' title='bbox 832 493 897 568; x_wconf 89' lang='grc'><strong>(1</strong></span> <span class='ocrx_word' id='word_1_8' title='bbox 926 493 1044 549; x_wconf 88' lang='lat' dir='ltr'><strong>Cor.</strong></span> <span class='ocrx_word' id='word_1_9' title='bbox 1089 509 1162 558; x_wconf 71' lang='grc' dir='ltr'><strong>ιι,</strong></span> <span class='ocrx_word' id='word_1_10' title='bbox 1193 492 1313 561; x_wconf 70' lang='lat'><strong>92).</strong></span> <span class='ocrx_word' id='word_1_11' title='bbox 1342 491 1558 547; x_wconf 81' lang='lat' dir='ltr'><strong>Samuel</strong></span> <span class='ocrx_word' id='word_1_12' title='bbox 1596 506 1725 561; x_wconf 88' lang='lat' dir='ltr'><strong>ergo</strong></span> <span class='ocrx_word' id='word_1_13' title='bbox 1761 490 1891 547; x_wconf 88' lang='lat' dir='ltr'><strong>Saul</strong></span> <span class='ocrx_word' id='word_1_14' title='bbox 1936 492 2004 546; x_wconf 88' lang='lat' dir='ltr'><strong>ad</strong></span> <span class='ocrx_word' id='word_1_15' title='bbox 2031 493 2212 547; x_wconf 73' lang='lat' dir='ltr'><strong>excel-</strong></span> <span class='ocrx_word' id='word_1_16' title='bbox 2244 495 2290 554; x_wconf 79' lang='grc' dir='ltr'><strong>Α</strong></span> <span class='ocrx_word' id='word_1_17' title='bbox 2317 496 2700 553; x_wconf 89' lang='lat' dir='ltr'><strong>siderationem</strong></span> <span class='ocrx_word' id='word_1_18' title='bbox 2728 499 3010 555; x_wconf 87' lang='lat' dir='ltr'><strong>ordinavit.</strong></span> <span class='ocrx_word' id='word_1_19' title='bbox 3043 499 3109 555; x_wconf 83' lang='lat' dir='ltr'><strong>Et</strong></span> <span class='ocrx_word' id='word_1_20' title='bbox 3136 500 3261 571; x_wconf 84' lang='lat' dir='ltr'><strong>quia</strong></span> <span class='ocrx_word' id='word_1_21' title='bbox 3302 500 3580 556; x_wconf 63' lang='lat' dir='ltr'><strong>ordinandi</strong></span> <span class='ocrx_word' id='word_1_22' title='bbox 3606 504 3734 572; x_wconf 42' lang='lat' dir='ltr'><strong>regis</strong></span> <span class='ocrx_word' id='word_1_23' title='bbox 3771 524 3848 561; x_wconf 50' lang='lat' dir='ltr'><strong>ne.</strong></span> 
     </span>
    </p>
   </div>
   <div class='ocr_carea' id='block_1_3' title="bbox 632 582 3847 661">
    <p class='ocr_par' dir='ltr' id='par_1_3' title="bbox 632 582 3847 661">
     <span class='ocr_line' id='line_1_3' title="bbox 632 582 3847 661; baseline 0.004 -20"><span class='ocrx_word' id='word_1_24' title='bbox 632 602 751 641; x_wconf 89' lang='lat' dir='ltr'><strong>sum</strong></span> <span class='ocrx_word' id='word_1_25' title='bbox 782 584 928 647; x_wconf 89' lang='lat' dir='ltr'><strong>tulit,</strong></span> <span class='ocrx_word' id='word_1_26' title='bbox 960 592 1014 638; x_wconf 94' lang='lat' dir='ltr'><strong>et</strong></span> <span class='ocrx_word' id='word_1_27' title='bbox 1044 583 1096 636; x_wconf 90' lang='lat' dir='ltr'><strong>in</strong></span> <span class='ocrx_word' id='word_1_28' title='bbox 1132 582 1385 652; x_wconf 89' lang='lat' dir='ltr'><strong>oppidum</strong></span> <span class='ocrx_word' id='word_1_29' title='bbox 1414 582 1665 653; x_wconf 90' lang='lat' dir='ltr'><strong>deposuit</strong></span> <span class='ocrx_word' id='word_1_30' title='bbox 1693 600 1709 636; x_wconf 89' lang='lat'><strong>:</strong></span> <span class='ocrx_word' id='word_1_31' title='bbox 1740 582 1866 652; x_wconf 91' lang='lat' dir='ltr'><strong>quia</strong></span> <span class='ocrx_word' id='word_1_32' title='bbox 1893 582 2086 637; x_wconf 89' lang='lat' dir='ltr'><strong>summi</strong></span> <span class='ocrx_word' id='word_1_33' title='bbox 2115 583 2213 637; x_wconf 75' lang='lat' dir='ltr'><strong>viri</strong></span> <span class='ocrx_word' id='word_1_34' title='bbox 2317 589 2520 656; x_wconf 88' lang='lat' dir='ltr'><strong>gotium</strong></span> <span class='ocrx_word' id='word_1_35' title='bbox 2573 591 2935 655; x_wconf 89' lang='lat' dir='ltr'><strong>tractabatur,</strong></span> <span class='ocrx_word' id='word_1_36' title='bbox 2981 592 3141 645; x_wconf 89' lang='lat' dir='ltr'><strong>ambo</strong></span> <span class='ocrx_word' id='word_1_37' title='bbox 3185 592 3481 647; x_wconf 79' lang='lat' dir='ltr'><strong>surrexisse</strong></span> <span class='ocrx_word' id='word_1_38' title='bbox 3526 594 3847 661; x_wconf 84' lang='lat' dir='ltr'><strong>perhibentur.</strong></span> 
     </span>
    </p>
   </div>
   <div class='ocr_carea' id='block_1_4' title="bbox 630 674 3847 751">
    <p class='ocr_par' dir='ltr' id='par_1_4' title="bbox 630 674 3847 751">
     <span class='ocr_line' id='line_1_4' title="bbox 630 674 3847 751; baseline 0.002 -20"><span class='ocrx_word' id='word_1_39' title='bbox 630 691 752 732; x_wconf 87' lang='lat' dir='ltr'><strong>cum</strong></span> <span class='ocrx_word' id='word_1_40' title='bbox 780 681 977 730; x_wconf 77' lang='lat' dir='ltr'><strong>sancta:</strong></span> <span class='ocrx_word' id='word_1_41' title='bbox 1008 674 1261 729; x_wconf 74' lang='lat' dir='ltr'><strong>Ecclesia:</strong></span> <span class='ocrx_word' id='word_1_42' title='bbox 1304 674 1515 730; x_wconf 87' lang='lat' dir='ltr'><strong>culmen</strong></span> <span class='ocrx_word' id='word_1_43' title='bbox 1544 674 1811 739; x_wconf 91' lang='lat' dir='ltr'><strong>ordinant,</strong></span> <span class='ocrx_word' id='word_1_44' title='bbox 1843 674 1963 730; x_wconf 92' lang='lat' dir='ltr'><strong>illos</strong></span> <span class='ocrx_word' id='word_1_45' title='bbox 1999 690 2135 743; x_wconf 91' lang='lat' dir='ltr'><strong>quos</strong></span> <span class='ocrx_word' id='word_1_46' title='bbox 2160 674 2213 728; x_wconf 91' lang='lat' dir='ltr'><strong>in</strong></span> <span class='ocrx_word' id='word_1_47' title='bbox 2314 677 2495 748; x_wconf 85' lang='lat' dir='ltr'><strong>Surgit</strong></span> <span class='ocrx_word' id='word_1_48' title='bbox 2545 680 2761 749; x_wconf 83' lang='lat' dir='ltr'><strong>quidem</strong></span> <span class='ocrx_word' id='word_1_49' title='bbox 2816 697 3055 735; x_wconf 88' lang='lat' dir='ltr'><strong>summus</strong></span> <span class='ocrx_word' id='word_1_50' title='bbox 3095 680 3438 751; x_wconf 64' lang='lat' dir='ltr'><strong>prardicator,</strong></span> <span class='ocrx_word' id='word_1_51' title='bbox 3484 692 3541 735; x_wconf 91' lang='lat' dir='ltr'><strong>ut</strong></span> <span class='ocrx_word' id='word_1_52' title='bbox 3592 684 3847 740; x_wconf 79' lang='lat' dir='ltr'><strong>auditorem</strong></span> 
     </span>
    </p>
   </div>
   <div class='ocr_carea' id='block_1_5' title="bbox 628 764 3849 837">
    <p class='ocr_par' dir='ltr' id='par_1_5' title="bbox 628 764 3849 837">
     <span class='ocr_line' id='line_1_5' title="bbox 628 764 3849 837; baseline 0.002 -16"><span class='ocrx_word' id='word_1_53' title='bbox 628 765 820 821; x_wconf 86' lang='lat' dir='ltr'><strong>eodem</strong></span> <span class='ocrx_word' id='word_1_54' title='bbox 865 764 1101 820; x_wconf 83' lang='lat' dir='ltr'><strong>culmine</strong></span> <span class='ocrx_word' id='word_1_55' title='bbox 1155 774 1365 835; x_wconf 88' lang='lat' dir='ltr'><strong>ponunt</strong></span> <span class='ocrx_word' id='word_1_56' title='bbox 1408 765 1607 820; x_wconf 89' lang='lat' dir='ltr'><strong>docent</strong></span> <span class='ocrx_word' id='word_1_57' title='bbox 1650 766 1949 821; x_wconf 87' lang='lat' dir='ltr'><strong>sublimiter</strong></span> <span class='ocrx_word' id='word_1_58' title='bbox 1994 765 2211 827; x_wconf 84' lang='lat' dir='ltr'><strong>vivere,</strong></span> <span class='ocrx_word' id='word_1_59' title='bbox 2314 781 2468 821; x_wconf 89' lang='lat' dir='ltr'><strong>suum</strong></span> <span class='ocrx_word' id='word_1_60' title='bbox 2492 766 2561 821; x_wconf 87' lang='lat' dir='ltr'><strong>ad</strong></span> <span class='ocrx_word' id='word_1_61' title='bbox 2590 768 2945 822; x_wconf 87' lang='lat' dir='ltr'><strong>ministerium</strong></span> <span class='ocrx_word' id='word_1_62' title='bbox 2972 767 3212 836; x_wconf 86' lang='lat' dir='ltr'><strong>ejusdem</strong></span> <span class='ocrx_word' id='word_1_63' title='bbox 3239 767 3628 837; x_wconf 79' lang='lat' dir='ltr'><strong>praedicationis</strong></span> <span class='ocrx_word' id='word_1_64' title='bbox 3650 770 3849 827; x_wconf 88' lang='lat' dir='ltr'><strong>ordinet.</strong></span> 
     </span>
    </p>
   </div>
   <div class='ocr_carea' id='block_1_6' title="bbox 629 855 3848 930">
    <p class='ocr_par' dir='ltr' id='par_1_6' title="bbox 629 855 3848 930">
     <span class='ocr_line' id='line_1_6' title="bbox 629 855 3848 930; baseline 0.002 -19"><span class='ocrx_word' id='word_1_65' title='bbox 629 856 786 926; x_wconf 89' lang='lat' dir='ltr'><strong>plana</strong></span> <span class='ocrx_word' id='word_1_66' title='bbox 815 856 1135 926; x_wconf 70' lang='lat' dir='ltr'><strong>prmdicare,</strong></span> <span class='ocrx_word' id='word_1_67' title='bbox 1162 857 1263 911; x_wconf 86' lang='lat' dir='ltr'><strong>sibi</strong></span> <span class='ocrx_word' id='word_1_68' title='bbox 1292 872 1411 913; x_wconf 85' lang='lat' dir='ltr'><strong>esse</strong></span> <span class='ocrx_word' id='word_1_69' title='bbox 1442 858 1662 930; x_wconf 67' lang='lat' dir='ltr'><strong>rigidos,</strong></span> <span class='ocrx_word' id='word_1_70' title='bbox 1700 857 1795 912; x_wconf 88' lang='lat' dir='ltr'><strong>sed</strong></span> <span class='ocrx_word' id='word_1_71' title='bbox 1827 857 2052 911; x_wconf 87' lang='lat' dir='ltr'><strong>subditis</strong></span> <span class='ocrx_word' id='word_1_72' title='bbox 2076 864 2213 910; x_wconf 86' lang='lat' dir='ltr'><strong>tem-</strong></span> <span class='ocrx_word' id='word_1_73' title='bbox 2313 855 2496 926; x_wconf 84' lang='lat' dir='ltr'><strong>Surgit</strong></span> <span class='ocrx_word' id='word_1_74' title='bbox 2519 858 2609 928; x_wconf 87' lang='lat' dir='ltr'><strong>qui</strong></span> <span class='ocrx_word' id='word_1_75' title='bbox 2636 858 2963 913; x_wconf 90' lang='lat' dir='ltr'><strong>ordinandus</strong></span> <span class='ocrx_word' id='word_1_76' title='bbox 2986 867 3088 925; x_wconf 89' lang='lat' dir='ltr'><strong>est,</strong></span> <span class='ocrx_word' id='word_1_77' title='bbox 3120 866 3178 911; x_wconf 88' lang='lat' dir='ltr'><strong>ut</strong></span> <span class='ocrx_word' id='word_1_78' title='bbox 3203 866 3312 912; x_wconf 89' lang='lat' dir='ltr'><strong>tam</strong></span> <span class='ocrx_word' id='word_1_79' title='bbox 3334 857 3615 911; x_wconf 84' lang='lat' dir='ltr'><strong>sublimem</strong></span> <span class='ocrx_word' id='word_1_80' title='bbox 3644 859 3848 916; x_wconf 87' lang='lat' dir='ltr'><strong>ordinem</strong></span> 
     </span>
    </p>
   </div>
   <div class='ocr_carea' id='block_1_7' title="bbox 628 945 3848 1017">
    <p class='ocr_par' dir='ltr' id='par_1_7' title="bbox 628 945 3848 1017">
     <span class='ocr_line' id='line_1_7' title="bbox 628 945 3848 1017; baseline 0.001 -18"><span class='ocrx_word' id='word_1_81' title='bbox 628 952 847 1015; x_wconf 85' lang='lat' dir='ltr'><strong>peratos</strong></span> <span class='ocrx_word' id='word_1_82' title='bbox 871 962 884 997; x_wconf 88' lang='lat'><strong>:</strong></span> <span class='ocrx_word' id='word_1_83' title='bbox 914 945 994 1000; x_wconf 92' lang='lat' dir='ltr'><strong>sic</strong></span> <span class='ocrx_word' id='word_1_84' title='bbox 1021 945 1300 999; x_wconf 88' lang='lat' dir='ltr'><strong>attendere</strong></span> <span class='ocrx_word' id='word_1_85' title='bbox 1325 946 1553 1015; x_wconf 70' lang='lat' dir='ltr'><strong>propria:</strong></span> <span class='ocrx_word' id='word_1_86' title='bbox 1595 947 1774 1011; x_wconf 88' lang='lat' dir='ltr'><strong>saluti,</strong></span> <span class='ocrx_word' id='word_1_87' title='bbox 1806 954 1865 1001; x_wconf 91' lang='lat' dir='ltr'><strong>ut</strong></span> <span class='ocrx_word' id='word_1_88' title='bbox 1892 962 2014 1001; x_wconf 89' lang='lat' dir='ltr'><strong>cum</strong></span> <span class='ocrx_word' id='word_1_89' title='bbox 2058 946 2211 1000; x_wconf 85' lang='lat' dir='ltr'><strong>iniir-</strong></span> <span class='ocrx_word' id='word_1_90' title='bbox 2312 946 2422 1001; x_wconf 86' lang='lat' dir='ltr'><strong>imo</strong></span> <span class='ocrx_word' id='word_1_91' title='bbox 2447 946 2626 1002; x_wconf 85' lang='lat' dir='ltr'><strong>cordis</strong></span> <span class='ocrx_word' id='word_1_92' title='bbox 2654 947 2849 1002; x_wconf 71' lang='lat' dir='ltr'><strong>allecto</strong></span> <span class='ocrx_word' id='word_1_93' title='bbox 2876 946 3241 1017; x_wconf 90' lang='lat' dir='ltr'><strong>recipiendum</strong></span> <span class='ocrx_word' id='word_1_94' title='bbox 3272 962 3393 1001; x_wconf 90' lang='lat' dir='ltr'><strong>esse</strong></span> <span class='ocrx_word' id='word_1_95' title='bbox 3433 962 3540 1001; x_wconf 92' lang='lat' dir='ltr'><strong>non</strong></span> <span class='ocrx_word' id='word_1_96' title='bbox 3565 958 3749 1016; x_wconf 89' lang='lat' dir='ltr'><strong>speret.</strong></span> <span class='ocrx_word' id='word_1_97' title='bbox 3772 948 3848 1003; x_wconf 81' lang='lat' dir='ltr'><strong>Pa-</strong></span> 
     </span>
    </p>
   </div>
   <div class='ocr_carea' id='block_1_8' title="bbox 629 1033 3851 1105">
    <p class='ocr_par' dir='ltr' id='par_1_8' title="bbox 629 1033 3851 1105">
     <span class='ocr_line' id='line_1_8' title="bbox 629 1033 3851 1105; baseline 0.001 -16"><span class='ocrx_word' id='word_1_98' title='bbox 629 1036 734 1090; x_wconf 89' lang='lat' dir='ltr'><strong>mis</strong></span> <span class='ocrx_word' id='word_1_99' title='bbox 753 1034 960 1104; x_wconf 87' lang='lat' dir='ltr'><strong>possint</strong></span> <span class='ocrx_word' id='word_1_100' title='bbox 981 1033 1239 1089; x_wconf 81' lang='lat' dir='ltr'><strong>inﬁrmari</strong></span> <span class='ocrx_word' id='word_1_101' title='bbox 1264 1053 1278 1089; x_wconf 87' lang='lat'><strong>:</strong></span> <span class='ocrx_word' id='word_1_102' title='bbox 1308 1036 1562 1090; x_wconf 73' lang='lat' dir='ltr'><strong>infirmari</strong></span> <span class='ocrx_word' id='word_1_103' title='bbox 1588 1036 1811 1091; x_wconf 81' lang='lat' dir='ltr'><strong>dixerim</strong></span> <span class='ocrx_word' id='word_1_104' title='bbox 1836 1051 1932 1105; x_wconf 90' lang='lat' dir='ltr'><strong>per</strong></span> <span class='ocrx_word' id='word_1_105' title='bbox 1955 1036 2207 1090; x_wconf 80' lang='lat' dir='ltr'><strong>allectum</strong></span> <span class='ocrx_word' id='word_1_106' title='bbox 2311 1034 2446 1090; x_wconf 89' lang='lat' dir='ltr'><strong>riter</strong></span> <span class='ocrx_word' id='word_1_107' title='bbox 2480 1036 2695 1105; x_wconf 88' lang='lat' dir='ltr'><strong>quidem</strong></span> <span class='ocrx_word' id='word_1_108' title='bbox 2726 1045 2984 1105; x_wconf 86' lang='lat' dir='ltr'><strong>surgunt,</strong></span> <span class='ocrx_word' id='word_1_109' title='bbox 3014 1036 3141 1105; x_wconf 84' lang='lat' dir='ltr'><strong>quia</strong></span> <span class='ocrx_word' id='word_1_110' title='bbox 3183 1036 3413 1090; x_wconf 82' lang='lat' dir='ltr'><strong>sublime</strong></span> <span class='ocrx_word' id='word_1_111' title='bbox 3440 1037 3666 1090; x_wconf 80' lang='lat' dir='ltr'><strong>oliicium</strong></span> <span class='ocrx_word' id='word_1_112' title='bbox 3706 1037 3851 1104; x_wconf 85' lang='lat' dir='ltr'><strong>datur,</strong></span> 
     </span>
    </p>
   </div>
   <div class='ocr_carea' id='block_1_9' title="bbox 629 1124 3851 1196">
    <p class='ocr_par' dir='ltr' id='par_1_9' title="bbox 629 1124 3851 1196">
     <span class='ocr_line' id='line_1_9' title="bbox 629 1124 3851 1196; baseline 0.001 -16"><span class='ocrx_word' id='word_1_113' title='bbox 629 1124 855 1190; x_wconf 87' lang='lat' dir='ltr'><strong>mentis,</strong></span> <span class='ocrx_word' id='word_1_114' title='bbox 879 1140 985 1179; x_wconf 91' lang='lat' dir='ltr'><strong>non</strong></span> <span class='ocrx_word' id='word_1_115' title='bbox 1007 1140 1104 1196; x_wconf 90' lang='lat' dir='ltr'><strong>per</strong></span> <span class='ocrx_word' id='word_1_116' title='bbox 1124 1125 1433 1193; x_wconf 80' lang='lat' dir='ltr'><strong>languorem</strong></span> <span class='ocrx_word' id='word_1_117' title='bbox 1461 1126 1682 1180; x_wconf 76' lang='lat' dir='ltr'><strong>interna:</strong></span> <span class='ocrx_word' id='word_1_118' title='bbox 1705 1126 2053 1194; x_wconf 69' lang='lat' dir='ltr'><strong>aegritudinis.</strong></span> <span class='ocrx_word' id='word_1_119' title='bbox 2077 1125 2209 1180; x_wconf 83' lang='lat' dir='ltr'><strong>Nam</strong></span> <span class='ocrx_word' id='word_1_120' title='bbox 2314 1125 2543 1181; x_wconf 88' lang='lat' dir='ltr'><strong>sublime</strong></span> <span class='ocrx_word' id='word_1_121' title='bbox 2566 1126 2843 1196; x_wconf 88' lang='lat' dir='ltr'><strong>recipitur.</strong></span> <span class='ocrx_word' id='word_1_122' title='bbox 2876 1126 2995 1193; x_wconf 89' lang='lat' dir='ltr'><strong>Quo</strong></span> <span class='ocrx_word' id='word_1_123' title='bbox 3021 1126 3073 1181; x_wconf 92' lang='lat' dir='ltr'><strong>in</strong></span> <span class='ocrx_word' id='word_1_124' title='bbox 3112 1125 3234 1182; x_wconf 92' lang='lat' dir='ltr'><strong>loco</strong></span> <span class='ocrx_word' id='word_1_125' title='bbox 3274 1135 3361 1183; x_wconf 89' lang='lat' dir='ltr'><strong>est</strong></span> <span class='ocrx_word' id='word_1_126' title='bbox 3388 1124 3529 1179; x_wconf 90' lang='lat' dir='ltr'><strong>aliud</strong></span> <span class='ocrx_word' id='word_1_127' title='bbox 3560 1126 3851 1182; x_wconf 85' lang='lat' dir='ltr'><strong>notandum:</strong></span> 
     </span>
    </p>
   </div>
   <div class='ocr_carea' id='block_1_10' title="bbox 630 1213 3851 1286">
    <p class='ocr_par' dir='ltr' id='par_1_10' title="bbox 630 1213 3851 1286">
     <span class='ocr_line' id='line_1_10' title="bbox 630 1213 3851 1286; baseline 0 -15"><span class='ocrx_word' id='word_1_128' title='bbox 630 1214 678 1267; x_wconf 80' lang='lat' dir='ltr'><strong>Si</strong></span> <span class='ocrx_word' id='word_1_129' title='bbox 702 1231 800 1286; x_wconf 86' lang='lat' dir='ltr'><strong>per</strong></span> <span class='ocrx_word' id='word_1_130' title='bbox 826 1218 1021 1271; x_wconf 89' lang='lat' dir='ltr'><strong>mentis</strong></span> <span class='ocrx_word' id='word_1_131' title='bbox 1066 1217 1375 1286; x_wconf 86' lang='lat' dir='ltr'><strong>languorem</strong></span> <span class='ocrx_word' id='word_1_132' title='bbox 1404 1217 1593 1271; x_wconf 86' lang='lat' dir='ltr'><strong>doctor</strong></span> <span class='ocrx_word' id='word_1_133' title='bbox 1616 1217 1795 1285; x_wconf 86' lang='lat' dir='ltr'><strong>jacet,</strong></span> <span class='ocrx_word' id='word_1_134' title='bbox 1824 1231 2014 1271; x_wconf 86' lang='lat' dir='ltr'><strong>curare</strong></span> <span class='ocrx_word' id='word_1_135' title='bbox 2039 1231 2211 1286; x_wconf 64' lang='lat' dir='ltr'><strong>aegros</strong></span> <span class='ocrx_word' id='word_1_136' title='bbox 2309 1215 2438 1283; x_wconf 88' lang='lat' dir='ltr'><strong>quia</strong></span> <span class='ocrx_word' id='word_1_137' title='bbox 2486 1214 2647 1270; x_wconf 86' lang='lat' dir='ltr'><strong>ambo</strong></span> <span class='ocrx_word' id='word_1_138' title='bbox 2690 1217 2839 1285; x_wconf 87' lang='lat' dir='ltr'><strong>prius</strong></span> <span class='ocrx_word' id='word_1_139' title='bbox 2871 1225 3241 1281; x_wconf 90' lang='lat' dir='ltr'><strong>surrexerunt,</strong></span> <span class='ocrx_word' id='word_1_140' title='bbox 3290 1214 3485 1269; x_wconf 87' lang='lat' dir='ltr'><strong>deinde</strong></span> <span class='ocrx_word' id='word_1_141' title='bbox 3520 1213 3728 1268; x_wconf 87' lang='lat' dir='ltr'><strong>Samuel</strong></span> <span class='ocrx_word' id='word_1_142' title='bbox 3752 1215 3851 1272; x_wconf 83' lang='lat' dir='ltr'><strong>Sani</strong></span> 
     </span>
    </p>
   </div>
   <div class='ocr_carea' id='block_1_11' title="bbox 632 1302 3853 1375">
    <p class='ocr_par' dir='ltr' id='par_1_11' title="bbox 632 1302 3853 1375">
     <span class='ocr_line' id='line_1_11' title="bbox 632 1302 3853 1375; baseline -0.001 -15"><span class='ocrx_word' id='word_1_143' title='bbox 632 1314 687 1360; x_wconf 89' lang='lat' dir='ltr'><strong>et</strong></span> <span class='ocrx_word' id='word_1_144' title='bbox 709 1304 950 1374; x_wconf 76' lang='lat' dir='ltr'><strong>iacentes</strong></span> <span class='ocrx_word' id='word_1_145' title='bbox 978 1306 1187 1374; x_wconf 87' lang='lat' dir='ltr'><strong>erigere</strong></span> <span class='ocrx_word' id='word_1_146' title='bbox 1227 1322 1329 1361; x_wconf 91' lang='lat' dir='ltr'><strong>non</strong></span> <span class='ocrx_word' id='word_1_147' title='bbox 1362 1314 1557 1375; x_wconf 89' lang='lat' dir='ltr'><strong>potest.</strong></span> <span class='ocrx_word' id='word_1_148' title='bbox 1586 1306 1731 1361; x_wconf 84' lang='lat' dir='ltr'><strong>Bene</strong></span> <span class='ocrx_word' id='word_1_149' title='bbox 1767 1320 1899 1375; x_wconf 88' lang='lat' dir='ltr'><strong>ergo</strong></span> <span class='ocrx_word' id='word_1_150' title='bbox 1936 1323 2060 1361; x_wconf 91' lang='lat' dir='ltr'><strong>cum</strong></span> <span class='ocrx_word' id='word_1_151' title='bbox 2105 1306 2210 1361; x_wconf 84' lang='lat' dir='ltr'><strong>Sa-</strong></span> <span class='ocrx_word' id='word_1_152' title='bbox 2308 1303 2546 1372; x_wconf 86' lang='lat' dir='ltr'><strong>vocavit,</strong></span> <span class='ocrx_word' id='word_1_153' title='bbox 2568 1303 2754 1359; x_wconf 87' lang='lat' dir='ltr'><strong>dicens</strong></span> <span class='ocrx_word' id='word_1_154' title='bbox 2780 1321 2795 1355; x_wconf 90' lang='lat'><strong>:</strong></span> <span class='ocrx_word' id='word_1_155' title='bbox 2823 1303 3009 1375; x_wconf 81' lang='lat' dir='ltr'><strong>Surge,</strong></span> <span class='ocrx_word' id='word_1_156' title='bbox 3039 1313 3090 1358; x_wconf 86' lang='lat' dir='ltr'><strong>et</strong></span> <span class='ocrx_word' id='word_1_157' title='bbox 3116 1304 3373 1358; x_wconf 80' lang='lat' dir='ltr'><strong>dimittam</strong></span> <span class='ocrx_word' id='word_1_158' title='bbox 3399 1311 3470 1358; x_wconf 78' lang='lat' dir='ltr'><strong>te.</strong></span> <span class='ocrx_word' id='word_1_159' title='bbox 3501 1302 3609 1358; x_wconf 89' lang='lat' dir='ltr'><strong>Sed</strong></span> <span class='ocrx_word' id='word_1_160' title='bbox 3628 1305 3691 1357; x_wconf 88' lang='lat' dir='ltr'><strong>ad</strong></span> <span class='ocrx_word' id='word_1_161' title='bbox 3717 1304 3853 1359; x_wconf 85' lang='lat' dir='ltr'><strong>histo-</strong></span> 
     </span>
    </p>
   </div>
   <div class='ocr_carea' id='block_1_12' title="bbox 628 1390 3853 1464">
    <p class='ocr_par' dir='ltr' id='par_1_12' title="bbox 628 1390 3853 1464">
     <span class='ocr_line' id='line_1_12' title="bbox 628 1390 3853 1464; baseline -0.001 -15"><span class='ocrx_word' id='word_1_162' title='bbox 628 1393 806 1449; x_wconf 85' lang='lat' dir='ltr'><strong>mnele</strong></span> <span class='ocrx_word' id='word_1_163' title='bbox 828 1390 959 1448; x_wconf 88' lang='lat' dir='ltr'><strong>Saul</strong></span> <span class='ocrx_word' id='word_1_164' title='bbox 985 1394 1039 1448; x_wconf 91' lang='lat' dir='ltr'><strong>in</strong></span> <span class='ocrx_word' id='word_1_165' title='bbox 1067 1392 1324 1464; x_wconf 86' lang='lat' dir='ltr'><strong>oppidum</strong></span> <span class='ocrx_word' id='word_1_166' title='bbox 1346 1394 1704 1461; x_wconf 80' lang='lat' dir='ltr'><strong>descendisse,</strong></span> <span class='ocrx_word' id='word_1_167' title='bbox 1728 1404 1784 1451; x_wconf 90' lang='lat' dir='ltr'><strong>et</strong></span> <span class='ocrx_word' id='word_1_168' title='bbox 1812 1395 1866 1450; x_wconf 94' lang='lat' dir='ltr'><strong>in</strong></span> <span class='ocrx_word' id='word_1_169' title='bbox 1895 1396 2092 1451; x_wconf 80' lang='lat' dir='ltr'><strong>salario</strong></span> <span class='ocrx_word' id='word_1_170' title='bbox 2122 1396 2206 1452; x_wconf 84' lang='lat' dir='ltr'><strong>lo-</strong></span> <span class='ocrx_word' id='word_1_171' title='bbox 2310 1392 2447 1447; x_wconf 89' lang='lat' dir='ltr'><strong>riam</strong></span> <span class='ocrx_word' id='word_1_172' title='bbox 2473 1393 2521 1448; x_wconf 87' lang='lat' dir='ltr'><strong>si</strong></span> <span class='ocrx_word' id='word_1_173' title='bbox 2547 1393 2707 1448; x_wconf 90' lang='lat' dir='ltr'><strong>ambo</strong></span> <span class='ocrx_word' id='word_1_174' title='bbox 2734 1400 3105 1456; x_wconf 84' lang='lat' dir='ltr'><strong>surrexerunt,</strong></span> <span class='ocrx_word' id='word_1_175' title='bbox 3135 1408 3167 1447; x_wconf 90' lang='lat' dir='ltr'><strong>a</strong></span> <span class='ocrx_word' id='word_1_176' title='bbox 3211 1407 3403 1448; x_wconf 89' lang='lat' dir='ltr'><strong>somno</strong></span> <span class='ocrx_word' id='word_1_177' title='bbox 3430 1391 3583 1459; x_wconf 87' lang='lat' dir='ltr'><strong>Saul,</strong></span> <span class='ocrx_word' id='word_1_178' title='bbox 3612 1392 3728 1460; x_wconf 85' lang='lat' dir='ltr'><strong>quia</strong></span> <span class='ocrx_word' id='word_1_179' title='bbox 3751 1409 3853 1447; x_wconf 87' lang='lat' dir='ltr'><strong>con-</strong></span> 
     </span>
    </p>
   </div>
   <div class='ocr_carea' id='block_1_13' title="bbox 627 1480 3852 1556">
    <p class='ocr_par' dir='ltr' id='par_1_13' title="bbox 627 1480 3852 1556">
     <span class='ocr_line' id='line_1_13' title="bbox 627 1480 3852 1556; baseline -0.002 -18"><span class='ocrx_word' id='word_1_180' title='bbox 627 1482 737 1538; x_wconf 88' lang='lat' dir='ltr'><strong>cuti</strong></span> <span class='ocrx_word' id='word_1_181' title='bbox 764 1496 883 1540; x_wconf 89' lang='lat' dir='ltr'><strong>esse</strong></span> <span class='ocrx_word' id='word_1_182' title='bbox 912 1481 1237 1539; x_wconf 76' lang='lat' dir='ltr'><strong>referuntur.</strong></span> <span class='ocrx_word' id='word_1_183' title='bbox 1278 1484 1541 1553; x_wconf 84' lang='lat' dir='ltr'><strong>Oppidum</strong></span> <span class='ocrx_word' id='word_1_184' title='bbox 1587 1484 1785 1555; x_wconf 90' lang='lat' dir='ltr'><strong>quippe</strong></span> <span class='ocrx_word' id='word_1_185' title='bbox 1823 1484 1876 1539; x_wconf 90' lang='lat' dir='ltr'><strong>in</strong></span> <span class='ocrx_word' id='word_1_186' title='bbox 1906 1485 2065 1556; x_wconf 91' lang='lat' dir='ltr'><strong>plano</strong></span> <span class='ocrx_word' id='word_1_187' title='bbox 2094 1496 2209 1555; x_wconf 86' lang='lat' dir='ltr'><strong>est,</strong></span> <span class='ocrx_word' id='word_1_188' title='bbox 2309 1494 2530 1550; x_wconf 76' lang='lat' dir='ltr'><strong>surgere</strong></span> <span class='ocrx_word' id='word_1_189' title='bbox 2568 1480 2897 1551; x_wconf 65' lang='lat' dir='ltr'><strong>praecipitur,</strong></span> <span class='ocrx_word' id='word_1_190' title='bbox 2927 1481 2995 1535; x_wconf 88' lang='lat' dir='ltr'><strong>ad</strong></span> <span class='ocrx_word' id='word_1_191' title='bbox 3044 1494 3184 1549; x_wconf 81' lang='lat' dir='ltr'><strong>opus</strong></span> <span class='ocrx_word' id='word_1_192' title='bbox 3211 1480 3504 1550; x_wconf 68' lang='lat' dir='ltr'><strong>praeparari</strong></span> <span class='ocrx_word' id='word_1_193' title='bbox 3552 1480 3852 1536; x_wconf 80' lang='lat' dir='ltr'><strong>admonetur.</strong></span> 
     </span>
    </p>
   </div>
   <div class='ocr_carea' id='block_1_14' title="bbox 626 1568 3854 1645">
    <p class='ocr_par' dir='ltr' id='par_1_14' title="bbox 626 1568 3854 1645">
     <span class='ocr_line' id='line_1_14' title="bbox 626 1568 3854 1645; baseline -0.002 -16"><span class='ocrx_word' id='word_1_194' title='bbox 626 1573 884 1629; x_wconf 81' lang='lat' dir='ltr'><strong>solarium</strong></span> <span class='ocrx_word' id='word_1_195' title='bbox 914 1589 1044 1629; x_wconf 86' lang='lat' dir='ltr'><strong>vero</strong></span> <span class='ocrx_word' id='word_1_196' title='bbox 1074 1575 1124 1628; x_wconf 91' lang='lat' dir='ltr'><strong>in</strong></span> <span class='ocrx_word' id='word_1_197' title='bbox 1148 1574 1277 1628; x_wconf 87' lang='lat' dir='ltr'><strong>alto.</strong></span> <span class='ocrx_word' id='word_1_198' title='bbox 1306 1574 1385 1627; x_wconf 84' lang='lat' dir='ltr'><strong>Ad</strong></span> <span class='ocrx_word' id='word_1_199' title='bbox 1415 1575 1690 1631; x_wconf 90' lang='lat' dir='ltr'><strong>excelsum</strong></span> <span class='ocrx_word' id='word_1_200' title='bbox 1717 1590 1932 1645; x_wconf 90' lang='lat' dir='ltr'><strong>quoque</strong></span> <span class='ocrx_word' id='word_1_201' title='bbox 1951 1576 2206 1631; x_wconf 89' lang='lat' dir='ltr'><strong>solarium</strong></span> <span class='ocrx_word' id='word_1_202' title='bbox 2308 1569 2442 1637; x_wconf 78' lang='lat' dir='ltr'><strong>Quia</strong></span> <span class='ocrx_word' id='word_1_203' title='bbox 2472 1585 2602 1626; x_wconf 76' lang='lat' dir='ltr'><strong>vero</strong></span> <span class='ocrx_word' id='word_1_204' title='bbox 2627 1578 2735 1625; x_wconf 85' lang='lat' dir='ltr'><strong>tam</strong></span> <span class='ocrx_word' id='word_1_205' title='bbox 2779 1569 2972 1626; x_wconf 75' lang='lat' dir='ltr'><strong>Summi</strong></span> <span class='ocrx_word' id='word_1_206' title='bbox 3002 1569 3335 1631; x_wconf 84' lang='lat' dir='ltr'><strong>sacerdotes,</strong></span> <span class='ocrx_word' id='word_1_207' title='bbox 3364 1583 3526 1637; x_wconf 87' lang='lat' dir='ltr'><strong>quam</strong></span> <span class='ocrx_word' id='word_1_208' title='bbox 3553 1568 3677 1635; x_wconf 74' lang='lat' dir='ltr'><strong>ille,</strong></span> <span class='ocrx_word' id='word_1_209' title='bbox 3700 1569 3780 1638; x_wconf 89' lang='lat' dir='ltr'><strong>qui</strong></span> <span class='ocrx_word' id='word_1_210' title='bbox 3803 1570 3854 1623; x_wconf 81' lang='lat' dir='ltr'><strong>ad</strong></span> 
     </span>
    </p>
   </div>
   <div class='ocr_carea' id='block_1_15' title="bbox 627 1655 3855 1735">
    <p class='ocr_par' dir='ltr' id='par_1_15' title="bbox 627 1655 3855 1735">
     <span class='ocr_line' id='line_1_15' title="bbox 627 1655 3855 1735; baseline -0.002 -18"><span class='ocrx_word' id='word_1_211' title='bbox 627 1663 847 1734; x_wconf 88' lang='lat' dir='ltr'><strong>planum</strong></span> <span class='ocrx_word' id='word_1_212' title='bbox 873 1672 979 1732; x_wconf 89' lang='lat' dir='ltr'><strong>est,</strong></span> <span class='ocrx_word' id='word_1_213' title='bbox 1004 1663 1071 1718; x_wconf 90' lang='lat' dir='ltr'><strong>ad</strong></span> <span class='ocrx_word' id='word_1_214' title='bbox 1097 1664 1352 1734; x_wconf 88' lang='lat' dir='ltr'><strong>oppidum</strong></span> <span class='ocrx_word' id='word_1_215' title='bbox 1379 1679 1485 1722; x_wconf 90' lang='lat' dir='ltr'><strong>non</strong></span> <span class='ocrx_word' id='word_1_216' title='bbox 1516 1664 1755 1735; x_wconf 84' lang='lat' dir='ltr'><strong>planum,</strong></span> <span class='ocrx_word' id='word_1_217' title='bbox 1780 1664 1874 1719; x_wconf 79' lang='lat' dir='ltr'><strong>sed</strong></span> <span class='ocrx_word' id='word_1_218' title='bbox 1898 1666 2091 1720; x_wconf 73' lang='lat' dir='ltr'><strong>altum.</strong></span> <span class='ocrx_word' id='word_1_219' title='bbox 2119 1666 2209 1721; x_wconf 85' lang='lat' dir='ltr'><strong>Sic</strong></span> <span class='ocrx_word' id='word_1_220' title='bbox 2306 1656 2549 1712; x_wconf 88' lang='lat' dir='ltr'><strong>ordinem</strong></span> <span class='ocrx_word' id='word_1_221' title='bbox 2601 1656 2997 1728; x_wconf 58' lang='lat' dir='ltr'><strong>praedicationis</strong></span> <span class='ocrx_word' id='word_1_222' title='bbox 3051 1655 3373 1723; x_wconf 88' lang='lat' dir='ltr'><strong>assumitur,</strong></span> <span class='ocrx_word' id='word_1_223' title='bbox 3420 1655 3561 1709; x_wconf 89' lang='lat' dir='ltr'><strong>tanti</strong></span> <span class='ocrx_word' id='word_1_224' title='bbox 3610 1656 3855 1710; x_wconf 72' lang='lat' dir='ltr'><strong>ministerii</strong></span> 
     </span>
    </p>
   </div>
   <div class='ocr_carea' id='block_1_16' title="bbox 628 1745 3859 1827">
    <p class='ocr_par' dir='ltr' id='par_1_16' title="bbox 628 1745 3859 1827">
     <span class='ocr_line' id='line_1_16' title="bbox 628 1745 3859 1827; baseline -0.005 -14"><span class='ocrx_word' id='word_1_225' title='bbox 628 1757 877 1813; x_wconf 87' lang='lat' dir='ltr'><strong>nimirum</strong></span> <span class='ocrx_word' id='word_1_226' title='bbox 898 1755 1054 1812; x_wconf 87' lang='lat' dir='ltr'><strong>electi</strong></span> <span class='ocrx_word' id='word_1_227' title='bbox 1079 1756 1471 1826; x_wconf 73' lang='lat' dir='ltr'><strong>prtedicatores.</strong></span> <span class='ocrx_word' id='word_1_228' title='bbox 1491 1756 1705 1827; x_wconf 88' lang='lat' dir='ltr'><strong>quando</strong></span> <span class='ocrx_word' id='word_1_229' title='bbox 1726 1756 2023 1812; x_wconf 85' lang='lat' dir='ltr'><strong>minoribus</strong></span> <span class='ocrx_word' id='word_1_230' title='bbox 2038 1774 2207 1812; x_wconf 85' lang='lat' dir='ltr'><strong>mem—</strong></span> <span class='ocrx_word' id='word_1_231' title='bbox 2308 1762 2445 1803; x_wconf 79' lang='lat' dir='ltr'><strong>onus</strong></span> <span class='ocrx_word' id='word_1_232' title='bbox 2469 1755 2675 1802; x_wconf 83' lang='lat' dir='ltr'><strong>attente</strong></span> <span class='ocrx_word' id='word_1_233' title='bbox 2693 1746 3055 1806; x_wconf 84' lang='lat' dir='ltr'><strong>considerant.</strong></span> <span class='ocrx_word' id='word_1_234' title='bbox 3078 1745 3232 1816; x_wconf 87' lang='lat' dir='ltr'><strong>quasi</strong></span> <span class='ocrx_word' id='word_1_235' title='bbox 3261 1745 3462 1816; x_wconf 83' lang='lat' dir='ltr'><strong>pariter</strong></span> <span class='ocrx_word' id='word_1_236' title='bbox 3481 1745 3764 1812; x_wconf 89' lang='lat' dir='ltr'><strong>dormiunt,</strong></span> <span class='ocrx_word' id='word_1_237' title='bbox 3784 1761 3859 1813; x_wconf 80' lang='lat' dir='ltr'><strong>pa-</strong></span> 
     </span>
    </p>
   </div>
   <div class='ocr_carea' id='block_1_17' title="bbox 628 1833 2192 1917">
    <p class='ocr_par' dir='ltr' id='par_1_17' title="bbox 628 1845 2192 1917">
     <span class='ocr_line' id='line_1_17' title="bbox 628 1845 2192 1917; baseline -0.002 -13"><span class='ocrx_word' id='word_1_238' title='bbox 628 1849 741 1904; x_wconf 80' lang='lat' dir='ltr'><strong>bris</strong></span> <span class='ocrx_word' id='word_1_239' title='bbox 766 1846 1182 1917; x_wconf 76' lang='lat' dir='ltr'><strong>compatiuntur,</strong></span> <span class='ocrx_word' id='word_1_240' title='bbox 1213 1845 1365 1915; x_wconf 89' lang='lat' dir='ltr'><strong>quasi</strong></span> <span class='ocrx_word' id='word_1_241' title='bbox 1394 1846 1663 1901; x_wconf 92' lang='lat' dir='ltr'><strong>excelsum</strong></span> <span class='ocrx_word' id='word_1_242' title='bbox 1692 1845 1950 1902; x_wconf 89' lang='lat' dir='ltr'><strong>deserunt</strong></span> <span class='ocrx_word' id='word_1_243' title='bbox 1979 1864 1993 1900; x_wconf 88' lang='lat'><strong>:</strong></span> <span class='ocrx_word' id='word_1_244' title='bbox 2028 1846 2121 1901; x_wconf 91' lang='lat' dir='ltr'><strong>sed</strong></span> <span class='ocrx_word' id='word_1_245' title='bbox 2154 1847 2192 1901; x_wconf 72' lang='lat' dir='ltr'><strong>in</strong></span> 
     </span>
    </p>
   </div>
   <div class='ocr_carea' id='block_1_18' title="bbox 2293 1833 3857 1917">
    <p class='ocr_par' dir='ltr' id='par_1_18' title="bbox 2312 1833 3857 1910">
     <span class='ocr_line' id='line_1_18' title="bbox 2312 1833 3857 1910; baseline -0.001 -20"><span class='ocrx_word' id='word_1_246' title='bbox 2312 1836 2445 1890; x_wconf 90' lang='lat' dir='ltr'><strong>riter</strong></span> <span class='ocrx_word' id='word_1_247' title='bbox 2483 1846 2731 1910; x_wconf 79' lang='lat' dir='ltr'><strong>surgunt.</strong></span> <span class='ocrx_word' id='word_1_248' title='bbox 2762 1835 2870 1891; x_wconf 88' lang='lat' dir='ltr'><strong>Sed</strong></span> <span class='ocrx_word' id='word_1_249' title='bbox 2904 1835 2997 1905; x_wconf 87' lang='lat' dir='ltr'><strong>qui</strong></span> <span class='ocrx_word' id='word_1_250' title='bbox 3044 1835 3255 1890; x_wconf 88' lang='lat' dir='ltr'><strong>noviter</strong></span> <span class='ocrx_word' id='word_1_251' title='bbox 3282 1833 3615 1888; x_wconf 86' lang='lat' dir='ltr'><strong>ordinandus</strong></span> <span class='ocrx_word' id='word_1_252' title='bbox 3638 1843 3734 1898; x_wconf 86' lang='lat' dir='ltr'><strong>est,</strong></span> <span class='ocrx_word' id='word_1_253' title='bbox 3758 1851 3857 1888; x_wconf 82' lang='lat' dir='ltr'><strong>sur-</strong></span> 
     </span>
    </p>
   </div>
   <div class='ocr_carea' id='block_1_19' title="bbox 629 1926 2193 2007">
    <p class='ocr_par' dir='ltr' id='par_1_19' title="bbox 629 1934 2193 2007">
     <span class='ocr_line' id='line_1_19' title="bbox 629 1934 2193 2007; baseline 0.001 -16"><span class='ocrx_word' id='word_1_254' title='bbox 629 1936 881 2007; x_wconf 91' lang='lat' dir='ltr'><strong>oppidnm</strong></span> <span class='ocrx_word' id='word_1_255' title='bbox 910 1934 1313 1999; x_wconf 88' lang='lat' dir='ltr'><strong>descendentes,</strong></span> <span class='ocrx_word' id='word_1_256' title='bbox 1342 1934 1395 1988; x_wconf 91' lang='lat' dir='ltr'><strong>in</strong></span> <span class='ocrx_word' id='word_1_257' title='bbox 1425 1936 1623 1989; x_wconf 87' lang='lat' dir='ltr'><strong>solario</strong></span> <span class='ocrx_word' id='word_1_258' title='bbox 1653 1943 1808 1999; x_wconf 89' lang='lat' dir='ltr'><strong>sunt;</strong></span> <span class='ocrx_word' id='word_1_259' title='bbox 1838 1936 1961 2004; x_wconf 88' lang='lat' dir='ltr'><strong>quia</strong></span> <span class='ocrx_word' id='word_1_260' title='bbox 1999 1936 2066 1991; x_wconf 89' lang='lat' dir='ltr'><strong>ab</strong></span> <span class='ocrx_word' id='word_1_261' title='bbox 2095 1937 2193 1993; x_wconf 85' lang='lat' dir='ltr'><strong>altc</strong></span> 
     </span>
    </p>
   </div>
   <div class='ocr_carea' id='block_1_20' title="bbox 2293 1926 3857 2007">
    <p class='ocr_par' dir='ltr' id='par_1_20' title="bbox 2308 1926 3857 1998">
     <span class='ocr_line' id='line_1_20' title="bbox 2308 1926 3857 1998; baseline -0.003 -15"><span class='ocrx_word' id='word_1_262' title='bbox 2308 1942 2441 1998; x_wconf 89' lang='lat' dir='ltr'><strong>gens</strong></span> <span class='ocrx_word' id='word_1_263' title='bbox 2468 1942 2499 1982; x_wconf 86' lang='lat' dir='ltr'><strong>a</strong></span> <span class='ocrx_word' id='word_1_264' title='bbox 2527 1943 2751 1994; x_wconf 88' lang='lat' dir='ltr'><strong>somno,</strong></span> <span class='ocrx_word' id='word_1_265' title='bbox 2798 1927 2865 1981; x_wconf 91' lang='lat' dir='ltr'><strong>ad</strong></span> <span class='ocrx_word' id='word_1_266' title='bbox 2910 1943 3045 1997; x_wconf 91' lang='lat' dir='ltr'><strong>opus</strong></span> <span class='ocrx_word' id='word_1_267' title='bbox 3073 1927 3199 1982; x_wconf 80' lang='lat' dir='ltr'><strong>item</strong></span> <span class='ocrx_word' id='word_1_268' title='bbox 3228 1941 3449 1995; x_wconf 86' lang='lat' dir='ltr'><strong>surgere</strong></span> <span class='ocrx_word' id='word_1_269' title='bbox 3474 1926 3693 1994; x_wconf 85' lang='lat' dir='ltr'><strong>jubctur</strong></span> <span class='ocrx_word' id='word_1_270' title='bbox 3717 1943 3730 1975; x_wconf 77' lang='grc' dir='ltr'><strong><em>τ</em></strong></span> <span class='ocrx_word' id='word_1_271' title='bbox 3757 1927 3857 1996; x_wconf 82' lang='lat' dir='ltr'><strong>quia</strong></span> 
     </span>
    </p>
   </div>
   <div class='ocr_carea' id='block_1_21' title="bbox 628 2016 3860 2097">
    <p class='ocr_par' dir='ltr' id='par_1_21' title="bbox 628 2016 3860 2097">
     <span class='ocr_line' id='line_1_21' title="bbox 628 2016 3860 2097; baseline -0.002 -16"><span class='ocrx_word' id='word_1_272' title='bbox 628 2024 845 2097; x_wconf 82' lang='lat' dir='ltr'><strong>quidem</strong></span> <span class='ocrx_word' id='word_1_273' title='bbox 884 2023 1257 2091; x_wconf 82' lang='lat' dir='ltr'><strong>veniunt,sed</strong></span> <span class='ocrx_word' id='word_1_274' title='bbox 1287 2021 1651 2078; x_wconf 83' lang='lat' dir='ltr'><strong>inﬁrmitatem</strong></span> <span class='ocrx_word' id='word_1_275' title='bbox 1679 2023 2010 2078; x_wconf 81' lang='lat' dir='ltr'><strong>subditorum</strong></span> <span class='ocrx_word' id='word_1_276' title='bbox 2042 2025 2206 2079; x_wconf 87' lang='lat' dir='ltr'><strong>mise-</strong></span> <span class='ocrx_word' id='word_1_277' title='bbox 2309 2018 2375 2070; x_wconf 82' lang='lat' dir='ltr'><strong>ad</strong></span> <span class='ocrx_word' id='word_1_278' title='bbox 2424 2016 2764 2070; x_wconf 79' lang='lat' dir='ltr'><strong>altitudinem</strong></span> <span class='ocrx_word' id='word_1_279' title='bbox 2815 2016 3021 2071; x_wconf 85' lang='lat' dir='ltr'><strong>ordinis</strong></span> <span class='ocrx_word' id='word_1_280' title='bbox 3076 2030 3383 2086; x_wconf 82' lang='lat' dir='ltr'><strong>quanquam</strong></span> <span class='ocrx_word' id='word_1_281' title='bbox 3439 2030 3667 2085; x_wconf 81' lang='lat' dir='ltr'><strong>pensare</strong></span> <span class='ocrx_word' id='word_1_282' title='bbox 3717 2017 3860 2068; x_wconf 66' lang='lat' dir='ltr'><strong>nnc-di-</strong></span> 
     </span>
    </p>
   </div>
   <div class='ocr_carea' id='block_1_22' title="bbox 630 2104 3858 2182">
    <p class='ocr_par' dir='ltr' id='par_1_22' title="bbox 630 2104 3858 2182">
     <span class='ocr_line' id='line_1_22' title="bbox 630 2104 3858 2182; baseline -0.005 -10"><span class='ocrx_word' id='word_1_283' title='bbox 630 2116 800 2173; x_wconf 90' lang='lat' dir='ltr'><strong>rando</strong></span> <span class='ocrx_word' id='word_1_284' title='bbox 820 2124 877 2172; x_wconf 89' lang='lat' dir='ltr'><strong>et</strong></span> <span class='ocrx_word' id='word_1_285' title='bbox 900 2113 1250 2180; x_wconf 84' lang='lat' dir='ltr'><strong>consulendo,</strong></span> <span class='ocrx_word' id='word_1_286' title='bbox 1278 2129 1383 2168; x_wconf 92' lang='lat' dir='ltr'><strong>non</strong></span> <span class='ocrx_word' id='word_1_287' title='bbox 1411 2114 1617 2182; x_wconf 90' lang='lat' dir='ltr'><strong>agendo</strong></span> <span class='ocrx_word' id='word_1_288' title='bbox 1638 2122 1693 2168; x_wconf 92' lang='lat' dir='ltr'><strong>et</strong></span> <span class='ocrx_word' id='word_1_289' title='bbox 1713 2112 2029 2168; x_wconf 82' lang='lat' dir='ltr'><strong>inﬁrmando</strong></span> <span class='ocrx_word' id='word_1_290' title='bbox 2058 2128 2209 2169; x_wconf 88' lang='lat' dir='ltr'><strong>assu—</strong></span> <span class='ocrx_word' id='word_1_291' title='bbox 2309 2104 2471 2162; x_wconf 76' lang='lat' dir='ltr'><strong>tando</strong></span> <span class='ocrx_word' id='word_1_292' title='bbox 2500 2105 2737 2174; x_wconf 85' lang='lat' dir='ltr'><strong>studuit,</strong></span> <span class='ocrx_word' id='word_1_293' title='bbox 2766 2106 3071 2175; x_wconf 82' lang='lat' dir='ltr'><strong>pertingere</strong></span> <span class='ocrx_word' id='word_1_294' title='bbox 3098 2105 3257 2159; x_wconf 88' lang='lat' dir='ltr'><strong>debet</strong></span> <span class='ocrx_word' id='word_1_295' title='bbox 3286 2113 3466 2159; x_wconf 88' lang='lat' dir='ltr'><strong>tamen</strong></span> <span class='ocrx_word' id='word_1_296' title='bbox 3510 2118 3608 2174; x_wconf 90' lang='lat' dir='ltr'><strong>per</strong></span> <span class='ocrx_word' id='word_1_297' title='bbox 3642 2104 3858 2157; x_wconf 82' lang='lat' dir='ltr'><strong>meritum</strong></span> 
     </span>
    </p>
   </div>
   <div class='ocr_carea' id='block_1_23' title="bbox 628 2191 2192 2273">
    <p class='ocr_par' dir='ltr' id='par_1_23' title="bbox 628 2204 2192 2273">
     <span class='ocr_line' id='line_1_23' title="bbox 628 2204 2192 2273; baseline 0.001 -12"><span class='ocrx_word' id='word_1_298' title='bbox 628 2216 800 2261; x_wconf 89' lang='lat' dir='ltr'><strong>munt.</strong></span> <span class='ocrx_word' id='word_1_299' title='bbox 825 2204 1051 2260; x_wconf 74' lang='lat' dir='ltr'><strong>infirmis</strong></span> <span class='ocrx_word' id='word_1_300' title='bbox 1074 2219 1303 2273; x_wconf 86' lang='lat' dir='ltr'><strong>namque</strong></span> <span class='ocrx_word' id='word_1_301' title='bbox 1333 2205 1742 2273; x_wconf 88' lang='lat' dir='ltr'><strong>compatientes,</strong></span> <span class='ocrx_word' id='word_1_302' title='bbox 1764 2220 1989 2260; x_wconf 88' lang='lat' dir='ltr'><strong>uxorem</strong></span> <span class='ocrx_word' id='word_1_303' title='bbox 2014 2206 2192 2262; x_wconf 86' lang='lat' dir='ltr'><strong>ducert</strong></span> 
     </span>
    </p>
   </div>
   <div class='ocr_carea' id='block_1_24' title="bbox 2294 2191 3858 2273">
    <p class='ocr_par' dir='ltr' id='par_1_24' title="bbox 2309 2191 3858 2263">
     <span class='ocr_line' id='line_1_24' title="bbox 2309 2191 3858 2263; baseline -0.005 -13"><span class='ocrx_word' id='word_1_304' title='bbox 2309 2195 2753 2250; x_wconf 83' lang='lat' dir='ltr'><strong>conversationis.</strong></span> <span class='ocrx_word' id='word_1_305' title='bbox 2786 2193 3022 2263; x_wconf 85' lang='lat' dir='ltr'><strong>Surgens</strong></span> <span class='ocrx_word' id='word_1_306' title='bbox 3048 2207 3179 2261; x_wconf 87' lang='lat' dir='ltr'><strong>ergo</strong></span> <span class='ocrx_word' id='word_1_307' title='bbox 3206 2206 3427 2262; x_wconf 88' lang='lat' dir='ltr'><strong>surgere</strong></span> <span class='ocrx_word' id='word_1_308' title='bbox 3447 2191 3688 2261; x_wconf 91' lang='lat' dir='ltr'><strong>jubetur,</strong></span> <span class='ocrx_word' id='word_1_309' title='bbox 3719 2200 3769 2244; x_wconf 90' lang='lat' dir='ltr'><strong>ut</strong></span> <span class='ocrx_word' id='word_1_310' title='bbox 3787 2207 3858 2244; x_wconf 76' lang='grc' dir='ltr'><strong>ευ-</strong></span> 
     </span>
    </p>
   </div>
   <div class='ocr_carea' id='block_1_25' title="bbox 628 2282 3859 2371">
    <p class='ocr_par' dir='ltr' id='par_1_25' title="bbox 628 2282 3859 2371">
     <span class='ocr_line' id='line_1_25' title="bbox 628 2282 3859 2371; baseline -0.005 -17"><span class='ocrx_word' id='word_1_311' title='bbox 628 2297 971 2371; x_wconf 79' lang='lat' dir='ltr'><strong>przecipiunt,</strong></span> <span class='ocrx_word' id='word_1_312' title='bbox 1000 2311 1101 2350; x_wconf 91' lang='lat' dir='ltr'><strong>nec</strong></span> <span class='ocrx_word' id='word_1_313' title='bbox 1142 2303 1319 2349; x_wconf 86' lang='lat' dir='ltr'><strong>tamen</strong></span> <span class='ocrx_word' id='word_1_314' title='bbox 1354 2294 1451 2364; x_wconf 89' lang='lat' dir='ltr'><strong>ipsi</strong></span> <span class='ocrx_word' id='word_1_315' title='bbox 1482 2294 1803 2349; x_wconf 88' lang='lat' dir='ltr'><strong>inlirmando</strong></span> <span class='ocrx_word' id='word_1_316' title='bbox 1848 2310 2069 2352; x_wconf 89' lang='lat' dir='ltr'><strong>uxorem</strong></span> <span class='ocrx_word' id='word_1_317' title='bbox 2111 2295 2202 2350; x_wconf 86' lang='lat' dir='ltr'><strong>du-</strong></span> <span class='ocrx_word' id='word_1_318' title='bbox 2309 2284 2527 2338; x_wconf 75' lang='lat' dir='ltr'><strong>blimem</strong></span> <span class='ocrx_word' id='word_1_319' title='bbox 2555 2284 2815 2347; x_wconf 64' lang='lat' dir='ltr'><strong>“minem.</strong></span> <span class='ocrx_word' id='word_1_320' title='bbox 2841 2298 3001 2354; x_wconf 86' lang='lat' dir='ltr'><strong>quem</strong></span> <span class='ocrx_word' id='word_1_321' title='bbox 3024 2283 3203 2338; x_wconf 79' lang='lat' dir='ltr'><strong>subire</strong></span> <span class='ocrx_word' id='word_1_322' title='bbox 3229 2282 3511 2345; x_wconf 79' lang='lat' dir='ltr'><strong>deliberat.</strong></span> <span class='ocrx_word' id='word_1_323' title='bbox 3536 2297 3744 2351; x_wconf 60' lang='lat' dir='ltr'><strong>aequare</strong></span> <span class='ocrx_word' id='word_1_324' title='bbox 3768 2298 3859 2371; x_wconf 54' lang='lat' dir='ltr'><strong>mcf</strong></span> 
     </span>
    </p>
   </div>
   <div class='ocr_carea' id='block_1_26' title="bbox 631 2370 2195 2457">
    <p class='ocr_par' dir='ltr' id='par_1_26' title="bbox 631 2370 2195 2457">
     <span class='ocr_line' id='line_1_26' title="bbox 631 2370 2195 2457; baseline -0.004 -12"><span class='ocrx_word' id='word_1_325' title='bbox 631 2370 779 2447; x_wconf 83' lang='lat' dir='ltr'><strong>cunt.</strong></span> <span class='ocrx_word' id='word_1_326' title='bbox 813 2389 865 2442; x_wconf 92' lang='lat' dir='ltr'><strong>In</strong></span> <span class='ocrx_word' id='word_1_327' title='bbox 888 2387 1139 2457; x_wconf 86' lang='lat' dir='ltr'><strong>oppidum</strong></span> <span class='ocrx_word' id='word_1_328' title='bbox 1164 2399 1292 2453; x_wconf 85' lang='lat' dir='ltr'><strong>ergo</strong></span> <span class='ocrx_word' id='word_1_329' title='bbox 1318 2384 1724 2449; x_wconf 78' lang='lat' dir='ltr'><strong>descendentes,</strong></span> <span class='ocrx_word' id='word_1_330' title='bbox 1748 2386 1799 2438; x_wconf 91' lang='lat' dir='ltr'><strong>in</strong></span> <span class='ocrx_word' id='word_1_331' title='bbox 1822 2385 2020 2440; x_wconf 90' lang='lat' dir='ltr'><strong>solario</strong></span> <span class='ocrx_word' id='word_1_332' title='bbox 2047 2399 2195 2440; x_wconf 87' lang='lat' dir='ltr'><strong>sunt:</strong></span> 
     </span>
    </p>
   </div>
   <div class='ocr_carea' id='block_1_27' title="bbox 2291 2370 3855 2457">
    <p class='ocr_par' dir='ltr' id='par_1_27' title="bbox 2310 2370 3855 2444">
     <span class='ocr_line' id='line_1_27' title="bbox 2310 2370 3855 2444; baseline -0.005 -15"><span class='ocrx_word' id='word_1_333' title='bbox 2310 2375 2429 2429; x_wconf 87' lang='lat' dir='ltr'><strong>ritis</strong></span> <span class='ocrx_word' id='word_1_334' title='bbox 2473 2382 2759 2444; x_wconf 78' lang='lat' dir='ltr'><strong>proponat.</strong></span> <span class='ocrx_word' id='word_1_335' title='bbox 2795 2372 2947 2428; x_wconf 85' lang='lat' dir='ltr'><strong>Unde</strong></span> <span class='ocrx_word' id='word_1_336' title='bbox 2972 2381 3028 2427; x_wconf 87' lang='lat' dir='ltr'><strong>et</strong></span> <span class='ocrx_word' id='word_1_337' title='bbox 3057 2373 3109 2426; x_wconf 92' lang='lat' dir='ltr'><strong>in</strong></span> <span class='ocrx_word' id='word_1_338' title='bbox 3137 2372 3337 2427; x_wconf 86' lang='lat' dir='ltr'><strong>solario</strong></span> <span class='ocrx_word' id='word_1_339' title='bbox 3366 2381 3593 2426; x_wconf 82' lang='lat' dir='ltr'><strong>vocatur</strong></span> <span class='ocrx_word' id='word_1_340' title='bbox 3624 2389 3639 2424; x_wconf 91' lang='lat'><strong>:</strong></span> <span class='ocrx_word' id='word_1_341' title='bbox 3670 2372 3781 2439; x_wconf 82' lang='lat' dir='ltr'><strong>quia</strong></span> <span class='ocrx_word' id='word_1_342' title='bbox 3806 2370 3855 2422; x_wconf 83' lang='lat' dir='ltr'><strong>ad</strong></span> 
     </span>
    </p>
   </div>
   <div class='ocr_carea' id='block_1_28' title="bbox 630 2464 2194 2551">
    <p class='ocr_par' dir='ltr' id='par_1_28' title="bbox 630 2476 2194 2551">
     <span class='ocr_line' id='line_1_28' title="bbox 630 2476 2194 2551; baseline -0.003 -16"><span class='ocrx_word' id='word_1_343' title='bbox 630 2482 756 2551; x_wconf 87' lang='lat' dir='ltr'><strong>quia</strong></span> <span class='ocrx_word' id='word_1_344' title='bbox 784 2480 882 2535; x_wconf 90' lang='lat' dir='ltr'><strong>etsi</strong></span> <span class='ocrx_word' id='word_1_345' title='bbox 915 2479 1069 2549; x_wconf 86' lang='lat' dir='ltr'><strong>plana</strong></span> <span class='ocrx_word' id='word_1_346' title='bbox 1095 2477 1317 2546; x_wconf 89' lang='lat' dir='ltr'><strong>jubent,</strong></span> <span class='ocrx_word' id='word_1_347' title='bbox 1353 2476 1406 2529; x_wconf 87' lang='lat' dir='ltr'><strong>in</strong></span> <span class='ocrx_word' id='word_1_348' title='bbox 1454 2492 1513 2529; x_wconf 90' lang='lat' dir='ltr'><strong>se</strong></span> <span class='ocrx_word' id='word_1_349' title='bbox 1542 2476 1640 2546; x_wconf 84' lang='lat' dir='ltr'><strong>ipsi</strong></span> <span class='ocrx_word' id='word_1_350' title='bbox 1686 2476 1892 2530; x_wconf 74' lang='lat' dir='ltr'><strong>infirma</strong></span> <span class='ocrx_word' id='word_1_351' title='bbox 1932 2492 2037 2531; x_wconf 92' lang='lat' dir='ltr'><strong>non</strong></span> <span class='ocrx_word' id='word_1_352' title='bbox 2078 2478 2194 2531; x_wconf 93' lang='lat' dir='ltr'><strong>reti-</strong></span> 
     </span>
    </p>
   </div>
   <div class='ocr_carea' id='block_1_29' title="bbox 2293 2464 3857 2551">
    <p class='ocr_par' dir='ltr' id='par_1_29' title="bbox 2310 2464 3857 2536">
     <span class='ocr_line' id='line_1_29' title="bbox 2310 2464 3857 2536; baseline -0.003 -17"><span class='ocrx_word' id='word_1_353' title='bbox 2310 2465 2417 2519; x_wconf 88' lang='lat' dir='ltr'><strong>alta</strong></span> <span class='ocrx_word' id='word_1_354' title='bbox 2440 2466 2625 2521; x_wconf 90' lang='lat' dir='ltr'><strong>conari</strong></span> <span class='ocrx_word' id='word_1_355' title='bbox 2656 2466 2979 2536; x_wconf 60' lang='lat' dir='ltr'><strong>praecipitur.</strong></span> <span class='ocrx_word' id='word_1_356' title='bbox 3011 2466 3112 2531; x_wconf 92' lang='lat' dir='ltr'><strong>Qui</strong></span> <span class='ocrx_word' id='word_1_357' title='bbox 3141 2466 3300 2520; x_wconf 90' lang='lat' dir='ltr'><strong>etiam</strong></span> <span class='ocrx_word' id='word_1_358' title='bbox 3329 2464 3458 2520; x_wconf 86' lang='lat' dir='ltr'><strong>dicit</strong></span> <span class='ocrx_word' id='word_1_359' title='bbox 3483 2482 3497 2517; x_wconf 75' lang='grc' dir='ltr'>ε</span> <span class='ocrx_word' id='word_1_360' title='bbox 3528 2464 3597 2518; x_wconf 81' lang='lat' dir='ltr'><strong>Et</strong></span> <span class='ocrx_word' id='word_1_361' title='bbox 3638 2465 3857 2517; x_wconf 76' lang='lat' dir='ltr'><strong>dimittam</strong></span> 
     </span>
    </p>
   </div>
   <div class='ocr_carea' id='block_1_30' title="bbox 630 2554 3860 2638">
    <p class='ocr_par' dir='ltr' id='par_1_30' title="bbox 630 2554 3860 2638">
     <span class='ocr_line' id='line_1_30' title="bbox 630 2554 3860 2638; baseline -0.004 -18"><span class='ocrx_word' id='word_1_362' title='bbox 630 2581 782 2629; x_wconf 76' lang='lat' dir='ltr'><strong>nent,</strong></span> <span class='ocrx_word' id='word_1_363' title='bbox 811 2570 947 2638; x_wconf 77' lang='lat' dir='ltr'><strong>Quia</strong></span> <span class='ocrx_word' id='word_1_364' title='bbox 973 2584 1103 2623; x_wconf 79' lang='lat' dir='ltr'><strong>vero</strong></span> <span class='ocrx_word' id='word_1_365' title='bbox 1134 2583 1238 2622; x_wconf 90' lang='lat' dir='ltr'><strong>non</strong></span> <span class='ocrx_word' id='word_1_366' title='bbox 1267 2582 1383 2622; x_wconf 79' lang='lat' dir='ltr'><strong>esse</strong></span> <span class='ocrx_word' id='word_1_367' title='bbox 1413 2568 1465 2621; x_wconf 90' lang='lat' dir='ltr'><strong>in</strong></span> <span class='ocrx_word' id='word_1_368' title='bbox 1496 2567 1694 2621; x_wconf 80' lang='lat' dir='ltr'><strong>solario</strong></span> <span class='ocrx_word' id='word_1_369' title='bbox 1713 2580 1747 2630; x_wconf 56' lang='grc' dir='ltr'><strong>,λ</strong></span> <span class='ocrx_word' id='word_1_370' title='bbox 1776 2566 1869 2621; x_wconf 79' lang='lat' dir='ltr'><strong>sed</strong></span> <span class='ocrx_word' id='word_1_371' title='bbox 1900 2567 2041 2638; x_wconf 80' lang='lat' dir='ltr'><strong>loqui</strong></span> <span class='ocrx_word' id='word_1_372' title='bbox 2087 2583 2208 2622; x_wconf 75' lang='lat' dir='ltr'><strong>cum</strong></span> <span class='ocrx_word' id='word_1_373' title='bbox 2310 2565 2377 2610; x_wconf 85' lang='lat' dir='ltr'><strong>te.</strong></span> <span class='ocrx_word' id='word_1_374' title='bbox 2401 2555 2584 2626; x_wconf 87' lang='lat' dir='ltr'><strong>Surgit</strong></span> <span class='ocrx_word' id='word_1_375' title='bbox 2627 2558 2822 2627; x_wconf 90' lang='lat' dir='ltr'><strong>quippe</strong></span> <span class='ocrx_word' id='word_1_376' title='bbox 2851 2565 2912 2611; x_wconf 91' lang='lat' dir='ltr'><strong>ut</strong></span> <span class='ocrx_word' id='word_1_377' title='bbox 2939 2557 3239 2611; x_wconf 87' lang='lat' dir='ltr'><strong>dimittatur</strong></span> <span class='ocrx_word' id='word_1_378' title='bbox 3265 2573 3280 2608; x_wconf 89' lang='lat'><strong>:</strong></span> <span class='ocrx_word' id='word_1_379' title='bbox 3312 2556 3436 2626; x_wconf 90' lang='lat' dir='ltr'><strong>quia</strong></span> <span class='ocrx_word' id='word_1_380' title='bbox 3477 2555 3570 2609; x_wconf 90' lang='lat' dir='ltr'><strong>ille</strong></span> <span class='ocrx_word' id='word_1_381' title='bbox 3614 2554 3741 2608; x_wconf 87' lang='lat' dir='ltr'><strong>liber</strong></span> <span class='ocrx_word' id='word_1_382' title='bbox 3764 2568 3860 2607; x_wconf 80' lang='lat' dir='ltr'><strong>esse</strong></span> 
     </span>
    </p>
   </div>
   <div class='ocr_carea' id='block_1_31' title="bbox 629 2646 3859 2726">
    <p class='ocr_par' dir='ltr' id='par_1_31' title="bbox 629 2646 3859 2726">
     <span class='ocr_line' id='line_1_31' title="bbox 629 2646 3859 2726; baseline -0.007 -8"><span class='ocrx_word' id='word_1_383' title='bbox 629 2661 761 2718; x_wconf 88' lang='lat' dir='ltr'><strong>Saul</strong></span> <span class='ocrx_word' id='word_1_384' title='bbox 787 2658 1004 2716; x_wconf 89' lang='lat' dir='ltr'><strong>Samuel</strong></span> <span class='ocrx_word' id='word_1_385' title='bbox 1029 2658 1243 2719; x_wconf 91' lang='lat' dir='ltr'><strong>dicitur,</strong></span> <span class='ocrx_word' id='word_1_386' title='bbox 1277 2657 1379 2711; x_wconf 91' lang='lat' dir='ltr'><strong>hoc</strong></span> <span class='ocrx_word' id='word_1_387' title='bbox 1406 2658 1646 2726; x_wconf 82' lang='lat' dir='ltr'><strong>profecto</strong></span> <span class='ocrx_word' id='word_1_388' title='bbox 1676 2656 1959 2723; x_wconf 84' lang='lat' dir='ltr'><strong>signitieat,</strong></span> <span class='ocrx_word' id='word_1_389' title='bbox 1984 2657 2106 2725; x_wconf 84' lang='lat' dir='ltr'><strong>quia</strong></span> <span class='ocrx_word' id='word_1_390' title='bbox 2130 2656 2211 2711; x_wconf 79' lang='lat' dir='ltr'><strong>ru-</strong></span> <span class='ocrx_word' id='word_1_391' title='bbox 2312 2646 2365 2702; x_wconf 90' lang='lat' dir='ltr'><strong>in</strong></span> <span class='ocrx_word' id='word_1_392' title='bbox 2396 2648 2693 2702; x_wconf 89' lang='lat' dir='ltr'><strong>ministerio</strong></span> <span class='ocrx_word' id='word_1_393' title='bbox 2717 2648 3113 2717; x_wconf 65' lang='lat' dir='ltr'><strong>praedicationis</strong></span> <span class='ocrx_word' id='word_1_394' title='bbox 3142 2647 3357 2718; x_wconf 88' lang='lat' dir='ltr'><strong>poterit,</strong></span> <span class='ocrx_word' id='word_1_395' title='bbox 3391 2646 3479 2717; x_wconf 91' lang='lat' dir='ltr'><strong>qui</strong></span> <span class='ocrx_word' id='word_1_396' title='bbox 3520 2647 3574 2701; x_wconf 89' lang='lat' dir='ltr'><strong>in</strong></span> <span class='ocrx_word' id='word_1_397' title='bbox 3615 2646 3859 2699; x_wconf 86' lang='lat' dir='ltr'><strong>altitudine</strong></span> 
     </span>
    </p>
   </div>
   <div class='ocr_carea' id='block_1_32' title="bbox 633 2737 3857 2808">
    <p class='ocr_par' dir='ltr' id='par_1_32' title="bbox 633 2737 3857 2808">
     <span class='ocr_line' id='line_1_32' title="bbox 633 2737 3857 2808; baseline -0.006 1"><span class='ocrx_word' id='word_1_398' title='bbox 633 2763 783 2808; x_wconf 91' lang='lat' dir='ltr'><strong>turus</strong></span> <span class='ocrx_word' id='word_1_399' title='bbox 812 2751 1000 2806; x_wconf 90' lang='lat' dir='ltr'><strong>doctor</strong></span> <span class='ocrx_word' id='word_1_400' title='bbox 1030 2748 1209 2803; x_wconf 88' lang='lat' dir='ltr'><strong>doceri</strong></span> <span class='ocrx_word' id='word_1_401' title='bbox 1246 2747 1404 2800; x_wconf 81' lang='lat' dir='ltr'><strong>debet</strong></span> <span class='ocrx_word' id='word_1_402' title='bbox 1433 2747 1511 2800; x_wconf 90' lang='lat' dir='ltr'><strong>sic</strong></span> <span class='ocrx_word' id='word_1_403' title='bbox 1558 2744 1779 2799; x_wconf 83' lang='lat' dir='ltr'><strong>inﬁrmis</strong></span> <span class='ocrx_word' id='word_1_404' title='bbox 1805 2746 2030 2800; x_wconf 89' lang='lat' dir='ltr'><strong>subditis</strong></span> <span class='ocrx_word' id='word_1_405' title='bbox 2057 2762 2209 2801; x_wconf 89' lang='lat' dir='ltr'><strong>com-</strong></span> <span class='ocrx_word' id='word_1_406' title='bbox 2311 2750 2515 2805; x_wconf 75' lang='lat' dir='ltr'><strong>magna:</strong></span> <span class='ocrx_word' id='word_1_407' title='bbox 2536 2740 2958 2793; x_wconf 77' lang='lat' dir='ltr'><strong>conversationis</strong></span> <span class='ocrx_word' id='word_1_408' title='bbox 2985 2739 3245 2793; x_wconf 80' lang='lat' dir='ltr'><strong>excrevit.</strong></span> <span class='ocrx_word' id='word_1_409' title='bbox 3274 2738 3521 2793; x_wconf 66' lang='lat' dir='ltr'><strong>Surrexit</strong></span> <span class='ocrx_word' id='word_1_410' title='bbox 3560 2737 3763 2804; x_wconf 83' lang='lat' dir='ltr'><strong>quidem</strong></span> <span class='ocrx_word' id='word_1_411' title='bbox 3787 2737 3857 2805; x_wconf 87' lang='lat' dir='ltr'><strong>qui</strong></span> 
     </span>
    </p>
   </div>
   <div class='ocr_carea' id='block_1_33' title="bbox 631 2826 3859 2915">
    <p class='ocr_par' dir='ltr' id='par_1_33' title="bbox 631 2826 3859 2915">
     <span class='ocr_line' id='line_1_33' title="bbox 631 2826 3859 2915; baseline -0.002 -28"><span class='ocrx_word' id='word_1_412' title='bbox 631 2843 762 2915; x_wconf 72' lang='lat' dir='ltr'><strong>pati,</strong></span> <span class='ocrx_word' id='word_1_413' title='bbox 790 2849 850 2896; x_wconf 81' lang='lat' dir='ltr'><strong>ut</strong></span> <span class='ocrx_word' id='word_1_414' title='bbox 879 2840 992 2910; x_wconf 76' lang='lat' dir='ltr'><strong>ipso</strong></span> <span class='ocrx_word' id='word_1_415' title='bbox 1020 2847 1197 2892; x_wconf 74' lang='lat' dir='ltr'><strong>tamen</strong></span> <span class='ocrx_word' id='word_1_416' title='bbox 1231 2845 1410 2891; x_wconf 76' lang='lat' dir='ltr'><strong>teneat</strong></span> <span class='ocrx_word' id='word_1_417' title='bbox 1438 2836 1545 2889; x_wconf 89' lang='lat' dir='ltr'><strong>alta</strong></span> <span class='ocrx_word' id='word_1_418' title='bbox 1576 2838 2020 2891; x_wconf 83' lang='lat' dir='ltr'><strong>conversationis.</strong></span> <span class='ocrx_word' id='word_1_419' title='bbox 2312 2834 2624 2882; x_wconf 86' lang='lat' dir='ltr'><strong>surrexerat</strong></span> <span class='ocrx_word' id='word_1_420' title='bbox 2660 2843 2675 2880; x_wconf 85' lang='lat'><strong>:</strong></span> <span class='ocrx_word' id='word_1_421' title='bbox 2707 2827 2831 2895; x_wconf 90' lang='lat' dir='ltr'><strong>quia</strong></span> <span class='ocrx_word' id='word_1_422' title='bbox 2868 2828 2960 2897; x_wconf 89' lang='lat' dir='ltr'><strong>qui</strong></span> <span class='ocrx_word' id='word_1_423' title='bbox 3008 2827 3399 2882; x_wconf 85' lang='lat' dir='ltr'><strong>considerando</strong></span> <span class='ocrx_word' id='word_1_424' title='bbox 3424 2827 3614 2881; x_wconf 85' lang='lat' dir='ltr'><strong>didicit</strong></span> <span class='ocrx_word' id='word_1_425' title='bbox 3654 2826 3859 2880; x_wconf 74' lang='lat' dir='ltr'><strong>altitudi-</strong></span> 
     </span>
    </p>
   </div>
   <div class='ocr_carea' id='block_1_34' title="bbox 702 2914 3859 3000">
    <p class='ocr_par' dir='ltr' id='par_1_34' title="bbox 702 2914 3859 3000">
     <span class='ocr_line' id='line_1_34' title="bbox 702 2914 3859 3000; baseline -0.006 -15"><span class='ocrx_word' id='word_1_426' title='bbox 702 2932 793 2989; x_wconf 83' lang='lat'><strong>60.</strong></span> <span class='ocrx_word' id='word_1_427' title='bbox 834 2929 899 2984; x_wconf 84' lang='lat' dir='ltr'><strong>Et</strong></span> <span class='ocrx_word' id='word_1_428' title='bbox 942 2930 1064 3000; x_wconf 87' lang='lat' dir='ltr'><strong>quia</strong></span> <span class='ocrx_word' id='word_1_429' title='bbox 1095 2928 1159 2982; x_wconf 88' lang='lat' dir='ltr'><strong>ad</strong></span> <span class='ocrx_word' id='word_1_430' title='bbox 1192 2928 1305 2981; x_wconf 76' lang='lat' dir='ltr'><strong>lucc</strong></span> <span class='ocrx_word' id='word_1_431' title='bbox 1346 2925 1547 2994; x_wconf 58' lang='lat' dir='ltr'><strong>agenda</strong></span> <span class='ocrx_word' id='word_1_432' title='bbox 1582 2925 1745 2978; x_wconf 81' lang='lat' dir='ltr'><strong>multa</strong></span> <span class='ocrx_word' id='word_1_433' title='bbox 1780 2924 2210 2981; x_wconf 75' lang='lat' dir='ltr'><strong>consideratione</strong></span> <span class='ocrx_word' id='word_1_434' title='bbox 2312 2933 2436 2973; x_wconf 89' lang='lat' dir='ltr'><strong>nem</strong></span> <span class='ocrx_word' id='word_1_435' title='bbox 2481 2917 2773 2987; x_wconf 70' lang='lat' dir='ltr'><strong>dignitatis,</strong></span> <span class='ocrx_word' id='word_1_436' title='bbox 2819 2916 2869 2971; x_wconf 90' lang='lat' dir='ltr'><strong>in</strong></span> <span class='ocrx_word' id='word_1_437' title='bbox 2928 2917 3116 2971; x_wconf 85' lang='lat' dir='ltr'><strong>eadem</strong></span> <span class='ocrx_word' id='word_1_438' title='bbox 3160 2916 3430 2984; x_wconf 83' lang='lat' dir='ltr'><strong>dignitatis</strong></span> <span class='ocrx_word' id='word_1_439' title='bbox 3475 2915 3748 2969; x_wconf 81' lang='lat' dir='ltr'><strong>altitudine</strong></span> <span class='ocrx_word' id='word_1_440' title='bbox 3780 2914 3859 2967; x_wconf 81' lang='lat' dir='ltr'><strong>eri-</strong></span> 
     </span>
    </p>
   </div>
   <div class='ocr_carea' id='block_1_35' title="bbox 631 3003 2195 3097">
    <p class='ocr_par' dir='ltr' id='par_1_35' title="bbox 631 3021 2195 3097">
     <span class='ocr_line' id='line_1_35' title="bbox 631 3021 2195 3097; baseline -0.003 -18"><span class='ocrx_word' id='word_1_441' title='bbox 631 3039 802 3080; x_wconf 89' lang='lat' dir='ltr'><strong>novus</strong></span> <span class='ocrx_word' id='word_1_442' title='bbox 833 3023 1150 3097; x_wconf 65' lang='lat' dir='ltr'><strong>praedicator</strong></span> <span class='ocrx_word' id='word_1_443' title='bbox 1179 3022 1393 3089; x_wconf 82' lang='lat' dir='ltr'><strong>indiget,</strong></span> <span class='ocrx_word' id='word_1_444' title='bbox 1422 3021 1673 3076; x_wconf 75' lang='lat' dir='ltr'><strong>stravisse</strong></span> <span class='ocrx_word' id='word_1_445' title='bbox 1700 3021 1798 3075; x_wconf 87' lang='lat' dir='ltr'><strong>sibi</strong></span> <span class='ocrx_word' id='word_1_446' title='bbox 1829 3021 1977 3089; x_wconf 84' lang='lat' dir='ltr'><strong>Saul,</strong></span> <span class='ocrx_word' id='word_1_447' title='bbox 2007 3030 2060 3075; x_wconf 92' lang='lat' dir='ltr'><strong>et</strong></span> <span class='ocrx_word' id='word_1_448' title='bbox 2085 3021 2195 3076; x_wconf 28' lang='lat' dir='ltr'><strong>dor!</strong></span> 
     </span>
    </p>
   </div>
   <div class='ocr_carea' id='block_1_36' title="bbox 2292 3003 3856 3097">
    <p class='ocr_par' dir='ltr' id='par_1_36' title="bbox 2312 3003 3856 3077">
     <span class='ocr_line' id='line_1_36' title="bbox 2312 3003 3856 3077; baseline -0.004 -16"><span class='ocrx_word' id='word_1_449' title='bbox 2312 3021 2438 3077; x_wconf 80' lang='lat' dir='ltr'><strong>gere</strong></span> <span class='ocrx_word' id='word_1_450' title='bbox 2458 3021 2518 3061; x_wconf 89' lang='lat' dir='ltr'><strong>se</strong></span> <span class='ocrx_word' id='word_1_451' title='bbox 2540 3008 2745 3062; x_wconf 83' lang='lat' dir='ltr'><strong>curavit</strong></span> <span class='ocrx_word' id='word_1_452' title='bbox 2767 3022 2863 3077; x_wconf 90' lang='lat' dir='ltr'><strong>per</strong></span> <span class='ocrx_word' id='word_1_453' title='bbox 2888 3007 3265 3063; x_wconf 87' lang='lat' dir='ltr'><strong>sublimitatem</strong></span> <span class='ocrx_word' id='word_1_454' title='bbox 3290 3007 3434 3060; x_wconf 75' lang='lat' dir='ltr'><strong>vitze.</strong></span> <span class='ocrx_word' id='word_1_455' title='bbox 3462 3003 3615 3060; x_wconf 89' lang='lat' dir='ltr'><strong>Unde</strong></span> <span class='ocrx_word' id='word_1_456' title='bbox 3635 3014 3689 3059; x_wconf 89' lang='lat' dir='ltr'><strong>et</strong></span> <span class='ocrx_word' id='word_1_457' title='bbox 3705 3004 3856 3059; x_wconf 82' lang='lat' dir='ltr'><strong>subdi-</strong></span> 
     </span>
    </p>
   </div>
   <div class='ocr_carea' id='block_1_37' title="bbox 631 3108 2438 3186">
    <p class='ocr_par' dir='ltr' id='par_1_37' title="bbox 631 3108 2438 3186">
     <span class='ocr_line' id='line_1_37' title="bbox 631 3108 2438 3186; baseline -0.002 -16"><span class='ocrx_word' id='word_1_458' title='bbox 631 3117 794 3171; x_wconf 89' lang='lat' dir='ltr'><strong>misse</strong></span> <span class='ocrx_word' id='word_1_459' title='bbox 821 3115 1151 3186; x_wconf 89' lang='lat' dir='ltr'><strong>perhibetur.</strong></span> <span class='ocrx_word' id='word_1_460' title='bbox 1194 3114 1433 3167; x_wconf 86' lang='lat' dir='ltr'><strong>Dormire</strong></span> <span class='ocrx_word' id='word_1_461' title='bbox 1469 3114 1519 3167; x_wconf 91' lang='lat' dir='ltr'><strong>in</strong></span> <span class='ocrx_word' id='word_1_462' title='bbox 1551 3114 1749 3168; x_wconf 84' lang='lat' dir='ltr'><strong>solario</strong></span> <span class='ocrx_word' id='word_1_463' title='bbox 1780 3128 1917 3167; x_wconf 80' lang='lat' dir='ltr'><strong>novo</strong></span> <span class='ocrx_word' id='word_1_464' title='bbox 1957 3113 2206 3182; x_wconf 62' lang='lat' dir='ltr'><strong>prceiica-</strong></span> <span class='ocrx_word' id='word_1_465' title='bbox 2311 3108 2438 3155; x_wconf 72' lang='grc' dir='ltr'><strong>ῑιπε</strong></span> 
     </span>
    </p>
   </div>
   <div class='ocr_carea' id='block_1_38' title="bbox 633 3205 3233 3281">
    <p class='ocr_par' dir='ltr' id='par_1_38' title="bbox 633 3205 3233 3281">
     <span class='ocr_line' id='line_1_38' title="bbox 633 3205 3233 3281; baseline 0 -18"><span class='ocrx_word' id='word_1_466' title='bbox 633 3208 756 3272; x_wconf 88' lang='lat' dir='ltr'><strong>tori,</strong></span> <span class='ocrx_word' id='word_1_467' title='bbox 788 3215 871 3262; x_wconf 86' lang='lat' dir='ltr'><strong>est</strong></span> <span class='ocrx_word' id='word_1_468' title='bbox 918 3207 970 3261; x_wconf 92' lang='lat' dir='ltr'><strong>in</strong></span> <span class='ocrx_word' id='word_1_469' title='bbox 1018 3207 1226 3260; x_wconf 89' lang='lat' dir='ltr'><strong>sublimi</strong></span> <span class='ocrx_word' id='word_1_470' title='bbox 1270 3221 1364 3260; x_wconf 89' lang='lat' dir='ltr'><strong>sua</strong></span> <span class='ocrx_word' id='word_1_471' title='bbox 1416 3205 1847 3260; x_wconf 83' lang='lat' dir='ltr'><strong>consideratione</strong></span> <span class='ocrx_word' id='word_1_472' title='bbox 1890 3205 2204 3273; x_wconf 63' lang='lat' dir='ltr'><strong>disponere,</strong></span> <span class='ocrx_word' id='word_1_473' title='bbox 2234 3219 2279 3279; x_wconf 74' lang='grc' dir='ltr'>ο</span> <span class='ocrx_word' id='word_1_474' title='bbox 2382 3210 2560 3280; x_wconf 80' lang='lat' dir='ltr'><strong>(vers.</strong></span> <span class='ocrx_word' id='word_1_475' title='bbox 2594 3210 2708 3281; x_wconf 73' lang='lat'><strong>26.)</strong></span> <span class='ocrx_word' id='word_1_476' title='bbox 2736 3210 2800 3263; x_wconf 84' lang='lat' dir='ltr'><strong>Et</strong></span> <span class='ocrx_word' id='word_1_477' title='bbox 2828 3216 3049 3265; x_wconf 76' lang='lat' dir='ltr'><strong>surrexit</strong></span> <span class='ocrx_word' id='word_1_478' title='bbox 3080 3208 3233 3265; x_wconf 79' lang='lat' dir='ltr'><strong>Suul.</strong></span> 
     </span>
    </p>
   </div>
   <div class='ocr_carea' id='block_1_39' title="bbox 634 3293 2896 3368">
    <p class='ocr_par' dir='ltr' id='par_1_39' title="bbox 634 3293 2896 3368">
     <span class='ocr_line' id='line_1_39' title="bbox 634 3293 2896 3368; baseline -0.001 -19"><span class='ocrx_word' id='word_1_479' title='bbox 634 3298 865 3368; x_wconf 88' lang='lat' dir='ltr'><strong>qualiter</strong></span> <span class='ocrx_word' id='word_1_480' title='bbox 885 3296 1215 3350; x_wconf 86' lang='lat' dir='ltr'><strong>subditorum</strong></span> <span class='ocrx_word' id='word_1_481' title='bbox 1244 3311 1404 3350; x_wconf 87' lang='lat' dir='ltr'><strong>onera</strong></span> <span class='ocrx_word' id='word_1_482' title='bbox 1436 3296 1629 3349; x_wconf 88' lang='lat' dir='ltr'><strong>debeat</strong></span> <span class='ocrx_word' id='word_1_483' title='bbox 1656 3304 1890 3364; x_wconf 83' lang='lat' dir='ltr'><strong>portare.</strong></span> <span class='ocrx_word' id='word_1_484' title='bbox 1918 3293 2046 3348; x_wconf 87' lang='lat' dir='ltr'><strong>Nam</strong></span> <span class='ocrx_word' id='word_1_485' title='bbox 2068 3295 2111 3348; x_wconf 92' lang='lat' dir='ltr'><strong>si</strong></span> <span class='ocrx_word' id='word_1_486' title='bbox 2143 3296 2209 3349; x_wconf 88' lang='lat' dir='ltr'><strong>ad</strong></span> <span class='ocrx_word' id='word_1_487' title='bbox 2386 3302 2587 3358; x_wconf 76' lang='lat' dir='ltr'><strong>Deinde</strong></span> <span class='ocrx_word' id='word_1_488' title='bbox 2614 3303 2857 3357; x_wconf 71' lang='lat' dir='ltr'><strong>subditur</strong></span> <span class='ocrx_word' id='word_1_489' title='bbox 2885 3321 2896 3355; x_wconf 75' lang='grc' dir='ltr'>ε</span> 
     </span>
    </p>
   </div>
   <div class='ocr_carea' id='block_1_40' title="bbox 635 3386 3863 3464">
    <p class='ocr_par' dir='ltr' id='par_1_40' title="bbox 635 3386 3863 3464">
     <span class='ocr_line' id='line_1_40' title="bbox 635 3386 3863 3464; baseline 0.001 -22"><span class='ocrx_word' id='word_1_490' title='bbox 635 3387 813 3443; x_wconf 51' lang='lat' dir='ltr'><strong>siculi</strong></span> <span class='ocrx_word' id='word_1_491' title='bbox 840 3386 1186 3441; x_wconf 88' lang='lat' dir='ltr'><strong>intentionem</strong></span> <span class='ocrx_word' id='word_1_492' title='bbox 1208 3386 1412 3453; x_wconf 85' lang='lat' dir='ltr'><strong>vigilat,</strong></span> <span class='ocrx_word' id='word_1_493' title='bbox 1434 3386 1539 3440; x_wconf 90' lang='lat' dir='ltr'><strong>hoc</strong></span> <span class='ocrx_word' id='word_1_494' title='bbox 1563 3386 1800 3454; x_wconf 81' lang='lat' dir='ltr'><strong>profecto</strong></span> <span class='ocrx_word' id='word_1_495' title='bbox 1821 3387 1950 3453; x_wconf 76' lang='lat' dir='ltr'><strong>agit,</strong></span> <span class='ocrx_word' id='word_1_496' title='bbox 1974 3396 2029 3439; x_wconf 94' lang='lat' dir='ltr'><strong>ut</strong></span> <span class='ocrx_word' id='word_1_497' title='bbox 2052 3395 2211 3441; x_wconf 79' lang='lat' dir='ltr'><strong>tantae</strong></span> <span class='ocrx_word' id='word_1_498' title='bbox 2384 3392 2562 3463; x_wconf 69' lang='grc' dir='ltr'><strong>(νοτε.</strong></span> <span class='ocrx_word' id='word_1_499' title='bbox 2605 3392 2718 3462; x_wconf 73' lang='lat'><strong>26.)</strong></span> <span class='ocrx_word' id='word_1_500' title='bbox 2750 3391 3056 3464; x_wconf 78' lang='lat' dir='ltr'><strong>Egressique</strong></span> <span class='ocrx_word' id='word_1_501' title='bbox 3084 3400 3201 3446; x_wconf 87' lang='lat' dir='ltr'><strong>sunt</strong></span> <span class='ocrx_word' id='word_1_502' title='bbox 3230 3389 3379 3445; x_wconf 87' lang='lat' dir='ltr'><strong>ambo</strong></span> <span class='ocrx_word' id='word_1_503' title='bbox 3395 3406 3417 3456; x_wconf 86' lang='lat'><strong><em>;</em></strong></span> <span class='ocrx_word' id='word_1_504' title='bbox 3445 3390 3556 3459; x_wconf 78' lang='lat' dir='ltr'><strong>ipse</strong></span> <span class='ocrx_word' id='word_1_505' title='bbox 3593 3387 3802 3442; x_wconf 73' lang='lat' dir='ltr'><strong>videlicet</strong></span> <span class='ocrx_word' id='word_1_506' title='bbox 3823 3393 3863 3439; x_wconf 66' lang='lat' dir='ltr'><strong>et</strong></span> 
     </span>
    </p>
   </div>
   <div class='ocr_carea' id='block_1_41' title="bbox 634 3476 2545 3545">
    <p class='ocr_par' dir='ltr' id='par_1_41' title="bbox 634 3476 2545 3545">
     <span class='ocr_line' id='line_1_41' title="bbox 634 3476 2545 3545; baseline -0.002 -12"><span class='ocrx_word' id='word_1_507' title='bbox 634 3476 973 3533; x_wconf 87' lang='lat' dir='ltr'><strong>discretionis</strong></span> <span class='ocrx_word' id='word_1_508' title='bbox 1002 3478 1198 3531; x_wconf 87' lang='lat' dir='ltr'><strong>bonum</strong></span> <span class='ocrx_word' id='word_1_509' title='bbox 1230 3476 1281 3529; x_wconf 92' lang='lat' dir='ltr'><strong>in</strong></span> <span class='ocrx_word' id='word_1_510' title='bbox 1314 3476 1511 3530; x_wconf 89' lang='lat' dir='ltr'><strong>intimis</strong></span> <span class='ocrx_word' id='word_1_511' title='bbox 1540 3491 1644 3529; x_wconf 92' lang='lat' dir='ltr'><strong>non</strong></span> <span class='ocrx_word' id='word_1_512' title='bbox 1683 3476 1935 3545; x_wconf 73' lang='lat' dir='ltr'><strong>requirat.</strong></span> <span class='ocrx_word' id='word_1_513' title='bbox 1970 3477 2213 3532; x_wconf 67' lang='lat' dir='ltr'><strong>Darm’re</strong></span> <span class='ocrx_word' id='word_1_514' title='bbox 2314 3482 2545 3538; x_wconf 83' lang='lat' dir='ltr'><strong>Samuel,</strong></span> 
     </span>
    </p>
   </div>
   <div class='ocr_carea' id='block_1_42' title="bbox 637 3566 3865 3643">
    <p class='ocr_par' dir='ltr' id='par_1_42' title="bbox 637 3566 3865 3643">
     <span class='ocr_line' id='line_1_42' title="bbox 637 3566 3865 3643; baseline -0.001 -21"><span class='ocrx_word' id='word_1_515' title='bbox 637 3567 798 3635; x_wconf 78' lang='lat' dir='ltr'><strong>igitur</strong></span> <span class='ocrx_word' id='word_1_516' title='bbox 824 3566 1003 3632; x_wconf 68' lang='lat' dir='ltr'><strong>debet,</strong></span> <span class='ocrx_word' id='word_1_517' title='bbox 1056 3574 1112 3619; x_wconf 93' lang='lat' dir='ltr'><strong>ut</strong></span> <span class='ocrx_word' id='word_1_518' title='bbox 1149 3566 1425 3620; x_wconf 65' lang='lat' dir='ltr'><strong>saecularia</strong></span> <span class='ocrx_word' id='word_1_519' title='bbox 1476 3566 1617 3619; x_wconf 88' lang='lat' dir='ltr'><strong>nulla</strong></span> <span class='ocrx_word' id='word_1_520' title='bbox 1656 3568 1855 3635; x_wconf 88' lang='lat' dir='ltr'><strong>cogitet</strong></span> <span class='ocrx_word' id='word_1_521' title='bbox 1884 3584 1897 3621; x_wconf 91' lang='lat'><strong>:</strong></span> <span class='ocrx_word' id='word_1_522' title='bbox 1930 3571 2053 3636; x_wconf 87' lang='lat' dir='ltr'><strong>quia</strong></span> <span class='ocrx_word' id='word_1_523' title='bbox 2100 3569 2210 3636; x_wconf 77' lang='lat' dir='ltr'><strong>spi-</strong></span> <span class='ocrx_word' id='word_1_524' title='bbox 2384 3575 2470 3629; x_wconf 73' lang='lat'><strong>(52.</strong></span> <span class='ocrx_word' id='word_1_525' title='bbox 2507 3576 2698 3630; x_wconf 78' lang='lat' dir='ltr'><strong>Pastor</strong></span> <span class='ocrx_word' id='word_1_526' title='bbox 2721 3574 3013 3643; x_wconf 77' lang='lat' dir='ltr'><strong>egreditur,</strong></span> <span class='ocrx_word' id='word_1_527' title='bbox 3046 3573 3258 3643; x_wconf 88' lang='lat' dir='ltr'><strong>quando</strong></span> <span class='ocrx_word' id='word_1_528' title='bbox 3280 3588 3311 3626; x_wconf 89' lang='lat' dir='ltr'><strong>a</strong></span> <span class='ocrx_word' id='word_1_529' title='bbox 3340 3579 3552 3627; x_wconf 89' lang='lat' dir='ltr'><strong>secreto</strong></span> <span class='ocrx_word' id='word_1_530' title='bbox 3592 3566 3865 3623; x_wconf 85' lang='lat' dir='ltr'><strong>meditatio-</strong></span> 
     </span>
    </p>
   </div>
   <div class='ocr_carea' id='block_1_43' title="bbox 636 3656 3864 3737">
    <p class='ocr_par' dir='ltr' id='par_1_43' title="bbox 636 3656 3864 3737">
     <span class='ocr_line' id='line_1_43' title="bbox 636 3656 3864 3737; baseline -0.002 -25"><span class='ocrx_word' id='word_1_531' title='bbox 636 3656 850 3712; x_wconf 86' lang='lat' dir='ltr'><strong>ntualia</strong></span> <span class='ocrx_word' id='word_1_532' title='bbox 905 3657 1190 3726; x_wconf 89' lang='lat' dir='ltr'><strong>disponere</strong></span> <span class='ocrx_word' id='word_1_533' title='bbox 1228 3672 1517 3726; x_wconf 70' lang='lat' dir='ltr'><strong>oppressus</strong></span> <span class='ocrx_word' id='word_1_534' title='bbox 1558 3658 1896 3712; x_wconf 78' lang='lat' dir='ltr'><strong>saecularibus</strong></span> <span class='ocrx_word' id='word_1_535' title='bbox 1940 3673 2209 3727; x_wconf 89' lang='lat' dir='ltr'><strong>nunquam</strong></span> <span class='ocrx_word' id='word_1_536' title='bbox 2313 3670 2397 3724; x_wconf 71' lang='lat' dir='ltr'><strong>nis</strong></span> <span class='ocrx_word' id='word_1_537' title='bbox 2423 3670 2572 3722; x_wconf 67' lang='lat' dir='ltr'><strong>venit</strong></span> <span class='ocrx_word' id='word_1_538' title='bbox 2597 3668 2662 3721; x_wconf 70' lang='lat' dir='ltr'><strong>ad</strong></span> <span class='ocrx_word' id='word_1_539' title='bbox 2690 3668 2960 3737; x_wconf 72' lang='lat' dir='ltr'><strong>publicum</strong></span> <span class='ocrx_word' id='word_1_540' title='bbox 2984 3669 3181 3735; x_wconf 68' lang='lat' dir='ltr'><strong>operis,</strong></span> <span class='ocrx_word' id='word_1_541' title='bbox 3208 3664 3434 3732; x_wconf 76' lang='lat' dir='ltr'><strong>Quando</strong></span> <span class='ocrx_word' id='word_1_542' title='bbox 3463 3664 3609 3717; x_wconf 78' lang='lat' dir='ltr'><strong>enim</strong></span> <span class='ocrx_word' id='word_1_543' title='bbox 3639 3659 3864 3727; x_wconf 81' lang='lat' dir='ltr'><strong>disponit,</strong></span> 
     </span>
    </p>
   </div>
   <div class='ocr_carea' id='block_1_44' title="bbox 636 3749 3865 3832">
    <p class='ocr_par' dir='ltr' id='par_1_44' title="bbox 636 3749 3865 3832">
     <span class='ocr_line' id='line_1_44' title="bbox 636 3749 3865 3832; baseline -0.001 -27"><span class='ocrx_word' id='word_1_544' title='bbox 636 3760 836 3822; x_wconf 82' lang='lat' dir='ltr'><strong>potest.</strong></span> <span class='ocrx_word' id='word_1_545' title='bbox 867 3749 972 3805; x_wconf 88' lang='lat' dir='ltr'><strong>Sed</strong></span> <span class='ocrx_word' id='word_1_546' title='bbox 994 3759 1049 3804; x_wconf 88' lang='lat' dir='ltr'><strong>ct</strong></span> <span class='ocrx_word' id='word_1_547' title='bbox 1074 3750 1307 3804; x_wconf 82' lang='lat' dir='ltr'><strong>dormire</strong></span> <span class='ocrx_word' id='word_1_548' title='bbox 1334 3766 1438 3805; x_wconf 87' lang='lat' dir='ltr'><strong>non</strong></span> <span class='ocrx_word' id='word_1_549' title='bbox 1471 3751 1684 3821; x_wconf 87' lang='lat' dir='ltr'><strong>poterit,</strong></span> <span class='ocrx_word' id='word_1_550' title='bbox 1709 3751 1797 3819; x_wconf 89' lang='lat' dir='ltr'><strong>qui</strong></span> <span class='ocrx_word' id='word_1_551' title='bbox 1819 3752 1915 3804; x_wconf 91' lang='lat' dir='ltr'><strong>sibi</strong></span> <span class='ocrx_word' id='word_1_552' title='bbox 1941 3766 2046 3803; x_wconf 89' lang='lat' dir='ltr'><strong>non</strong></span> <span class='ocrx_word' id='word_1_553' title='bbox 2075 3760 2215 3806; x_wconf 86' lang='lat' dir='ltr'><strong>ster-</strong></span> <span class='ocrx_word' id='word_1_554' title='bbox 2314 3777 2433 3832; x_wconf 58' lang='lat' dir='ltr'><strong>qua;</strong></span> <span class='ocrx_word' id='word_1_555' title='bbox 2458 3762 2571 3815; x_wconf 74' lang='lat' dir='ltr'><strong>vult</strong></span> <span class='ocrx_word' id='word_1_556' title='bbox 2599 3774 2776 3828; x_wconf 75' lang='lat' dir='ltr'><strong>agere,</strong></span> <span class='ocrx_word' id='word_1_557' title='bbox 2811 3759 2952 3813; x_wconf 82' lang='lat' dir='ltr'><strong>intus</strong></span> <span class='ocrx_word' id='word_1_558' title='bbox 2980 3770 3057 3813; x_wconf 81' lang='lat' dir='ltr'><strong>est</strong></span> <span class='ocrx_word' id='word_1_559' title='bbox 3086 3776 3099 3810; x_wconf 89' lang='lat'>:</span> <span class='ocrx_word' id='word_1_560' title='bbox 3129 3756 3342 3827; x_wconf 77' lang='lat' dir='ltr'><strong>quando</strong></span> <span class='ocrx_word' id='word_1_561' title='bbox 3371 3763 3552 3809; x_wconf 81' lang='lat' dir='ltr'><strong>autem</strong></span> <span class='ocrx_word' id='word_1_562' title='bbox 3586 3769 3653 3808; x_wconf 85' lang='lat' dir='ltr'><strong>ea</strong></span> <span class='ocrx_word' id='word_1_563' title='bbox 3684 3752 3781 3819; x_wconf 86' lang='lat' dir='ltr'><strong>agit</strong></span> <span class='ocrx_word' id='word_1_564' title='bbox 3804 3749 3865 3801; x_wconf 79' lang='lat' dir='ltr'><strong>i0-</strong></span> 
     </span>
    </p>
   </div>
   <div class='ocr_carea' id='block_1_45' title="bbox 638 3840 3865 3921">
    <p class='ocr_par' dir='ltr' id='par_1_45' title="bbox 638 3840 3865 3921">
     <span class='ocr_line' id='line_1_45' title="bbox 638 3840 3865 3921; baseline -0.001 -25"><span class='ocrx_word' id='word_1_565' title='bbox 638 3842 716 3896; x_wconf 91' lang='lat' dir='ltr'><strong>nit</strong></span> <span class='ocrx_word' id='word_1_566' title='bbox 744 3859 757 3895; x_wconf 89' lang='lat'><strong>:</strong></span> <span class='ocrx_word' id='word_1_567' title='bbox 790 3842 913 3910; x_wconf 81' lang='lat' dir='ltr'><strong>quia</strong></span> <span class='ocrx_word' id='word_1_568' title='bbox 946 3842 1194 3895; x_wconf 86' lang='lat' dir='ltr'><strong>nimirum</strong></span> <span class='ocrx_word' id='word_1_569' title='bbox 1226 3841 1268 3894; x_wconf 88' lang='lat' dir='ltr'><strong>si</strong></span> <span class='ocrx_word' id='word_1_570' title='bbox 1311 3842 1571 3899; x_wconf 88' lang='lat' dir='ltr'><strong>bonorum</strong></span> <span class='ocrx_word' id='word_1_571' title='bbox 1619 3842 1862 3910; x_wconf 74' lang='lat' dir='ltr'><strong>exempla</strong></span> <span class='ocrx_word' id='word_1_572' title='bbox 1884 3881 1899 3906; x_wconf 92' lang='lat'><strong>,</strong></span> <span class='ocrx_word' id='word_1_573' title='bbox 1930 3844 2042 3896; x_wconf 84' lang='lat' dir='ltr'><strong>sive</strong></span> <span class='ocrx_word' id='word_1_574' title='bbox 2072 3843 2211 3899; x_wconf 84' lang='lat' dir='ltr'><strong>dicta</strong></span> <span class='ocrx_word' id='word_1_575' title='bbox 2317 3855 2412 3921; x_wconf 62' lang='grc' dir='ltr'><strong>τίς,</strong></span> <span class='ocrx_word' id='word_1_576' title='bbox 2442 3867 2561 3921; x_wconf 63' lang='lat' dir='ltr'><strong>qum</strong></span> <span class='ocrx_word' id='word_1_577' title='bbox 2586 3850 2863 3919; x_wconf 63' lang='lat' dir='ltr'><strong>cogitavit,</strong></span> <span class='ocrx_word' id='word_1_578' title='bbox 2894 3848 3047 3919; x_wconf 76' lang='lat' dir='ltr'><strong>quasi</strong></span> <span class='ocrx_word' id='word_1_579' title='bbox 3077 3848 3208 3902; x_wconf 71' lang='lat' dir='ltr'><strong>exit.</strong></span> <span class='ocrx_word' id='word_1_580' title='bbox 3241 3845 3382 3899; x_wconf 75' lang='lat' dir='ltr'><strong>Exiit</strong></span> <span class='ocrx_word' id='word_1_581' title='bbox 3410 3846 3571 3899; x_wconf 80' lang='lat' dir='ltr'><strong>etiam</strong></span> <span class='ocrx_word' id='word_1_582' title='bbox 3598 3844 3741 3907; x_wconf 83' lang='lat' dir='ltr'><strong>Saul,</strong></span> <span class='ocrx_word' id='word_1_583' title='bbox 3766 3840 3865 3910; x_wconf 80' lang='lat' dir='ltr'><strong>quia</strong></span> 
     </span>
    </p>
   </div>
   <div class='ocr_carea' id='block_1_46' title="bbox 639 3930 3869 4009">
    <p class='ocr_par' dir='ltr' id='par_1_46' title="bbox 639 3930 3869 4009">
     <span class='ocr_line' id='line_1_46' title="bbox 639 3930 3869 4009; baseline -0.004 -11"><span class='ocrx_word' id='word_1_584' title='bbox 639 3944 748 3985; x_wconf 76' lang='lat' dir='ltr'><strong>&quot;0n</strong></span> <span class='ocrx_word' id='word_1_585' title='bbox 778 3930 1005 3998; x_wconf 68' lang='grc' dir='ltr'><strong>οοὲίιτιῑο</strong></span> <span class='ocrx_word' id='word_1_586' title='bbox 1039 3930 1211 3999; x_wconf 63' lang='lat' dir='ltr'><strong>i&quot;1‘03</strong></span> <span class='ocrx_word' id='word_1_587' title='bbox 1242 3930 1363 3983; x_wconf 56' lang='lat' dir='ltr'><strong>ibi&quot;?</strong></span> <span class='ocrx_word' id='word_1_588' title='bbox 1394 3940 1495 3992; x_wconf 64' lang='lat' dir='ltr'><strong>031a</strong></span> <span class='ocrx_word' id='word_1_589' title='bbox 1548 3941 1604 3983; x_wconf 80' lang='grc' dir='ltr'><strong>υι</strong></span> <span class='ocrx_word' id='word_1_590' title='bbox 1644 3931 1710 3984; x_wconf 67' lang='grc' dir='ltr'><strong>έῖῦ</strong></span> <span class='ocrx_word' id='word_1_591' title='bbox 1737 3932 2089 3985; x_wconf 59' lang='grc' dir='ltr'><strong>οἱῑρῖίυείυυε</strong></span> <span class='ocrx_word' id='word_1_592' title='bbox 2130 3947 2214 3985; x_wconf 65' lang='grc' dir='ltr'><strong>τε·</strong></span> <span class='ocrx_word' id='word_1_593' title='bbox 2315 3944 2367 3998; x_wconf 92' lang='lat' dir='ltr'><strong>in</strong></span> <span class='ocrx_word' id='word_1_594' title='bbox 2398 3942 2651 3997; x_wconf 78' lang='lat' dir='ltr'><strong>exteriori</strong></span> <span class='ocrx_word' id='word_1_595' title='bbox 2679 3941 2961 4009; x_wconf 87' lang='lat' dir='ltr'><strong>dignitate,</strong></span> <span class='ocrx_word' id='word_1_596' title='bbox 2993 3939 3039 3993; x_wconf 91' lang='lat' dir='ltr'><strong>is</strong></span> <span class='ocrx_word' id='word_1_597' title='bbox 3063 3939 3153 4007; x_wconf 91' lang='lat' dir='ltr'><strong>qui</strong></span> <span class='ocrx_word' id='word_1_598' title='bbox 3182 3944 3550 4007; x_wconf 87' lang='lat' dir='ltr'><strong>prom0vetur,</strong></span> <span class='ocrx_word' id='word_1_599' title='bbox 3581 3934 3709 3988; x_wconf 91' lang='lat' dir='ltr'><strong>illud</strong></span> <span class='ocrx_word' id='word_1_600' title='bbox 3729 3932 3869 3986; x_wconf 83' lang='lat' dir='ltr'><strong>susci-</strong></span> 
     </span>
    </p>
   </div>
   <div class='ocr_carea' id='block_1_47' title="bbox 639 4020 2203 4104">
    <p class='ocr_par' dir='ltr' id='par_1_47' title="bbox 639 4020 2203 4090">
     <span class='ocr_line' id='line_1_47' title="bbox 639 4020 2203 4090; baseline -0.003 -13"><span class='ocrx_word' id='word_1_601' title='bbox 639 4021 900 4088; x_wconf 83' lang='lat' dir='ltr'><strong>quiescat.</strong></span> <span class='ocrx_word' id='word_1_602' title='bbox 934 4021 1089 4074; x_wconf 80' lang='lat' dir='ltr'><strong>Velut</strong></span> <span class='ocrx_word' id='word_1_603' title='bbox 1136 4020 1317 4073; x_wconf 87' lang='lat' dir='ltr'><strong>mollia</strong></span> <span class='ocrx_word' id='word_1_604' title='bbox 1347 4021 1561 4088; x_wconf 88' lang='lat' dir='ltr'><strong>quidem</strong></span> <span class='ocrx_word' id='word_1_605' title='bbox 1602 4021 1753 4073; x_wconf 90' lang='lat' dir='ltr'><strong>nobis</strong></span> <span class='ocrx_word' id='word_1_606' title='bbox 1801 4023 1960 4090; x_wconf 75' lang='lat'><strong>226</strong></span> <span class='ocrx_word' id='word_1_607' title='bbox 1998 4021 2203 4088; x_wconf 69' lang='lat' dir='ltr'><strong>subjici</strong></span> 
     </span>
    </p>
   </div>
   <div class='ocr_carea' id='block_1_48' title="bbox 2305 4020 3869 4104">
    <p class='ocr_par' dir='ltr' id='par_1_48' title="bbox 2315 4024 3869 4104">
     <span class='ocr_line' id='line_1_48' title="bbox 2315 4024 3869 4104; baseline -0.006 -17"><span class='ocrx_word' id='word_1_608' title='bbox 2315 4035 2394 4104; x_wconf 92' lang='lat' dir='ltr'><strong>pit</strong></span> <span class='ocrx_word' id='word_1_609' title='bbox 2421 4036 2584 4102; x_wconf 89' lang='lat' dir='ltr'><strong>quod,</strong></span> <span class='ocrx_word' id='word_1_610' title='bbox 2617 4047 2685 4085; x_wconf 89' lang='lat' dir='ltr'><strong>an</strong></span> <span class='ocrx_word' id='word_1_611' title='bbox 2736 4039 2879 4085; x_wconf 89' lang='lat' dir='ltr'><strong>esset</strong></span> <span class='ocrx_word' id='word_1_612' title='bbox 2924 4029 3341 4100; x_wconf 81' lang='lat' dir='ltr'><strong>suscipiendum,</strong></span> <span class='ocrx_word' id='word_1_613' title='bbox 3385 4027 3585 4081; x_wconf 89' lang='lat' dir='ltr'><strong>diutius</strong></span> <span class='ocrx_word' id='word_1_614' title='bbox 3623 4024 3869 4093; x_wconf 78' lang='lat' dir='ltr'><strong>cogitavit.</strong></span> 
     </span>
    </p>
   </div>
   <div class='ocr_carea' id='block_1_49' title="bbox 641 4110 3872 4192">
    <p class='ocr_par' dir='ltr' id='par_1_49' title="bbox 641 4110 3872 4192">
     <span class='ocr_line' id='line_1_49' title="bbox 641 4110 3872 4192; baseline -0.002 -29"><span class='ocrx_word' id='word_1_615' title='bbox 641 4124 782 4177; x_wconf 89' lang='lat' dir='ltr'><strong>mus,</strong></span> <span class='ocrx_word' id='word_1_616' title='bbox 809 4110 1018 4183; x_wconf 88' lang='lat' dir='ltr'><strong>quando</strong></span> <span class='ocrx_word' id='word_1_617' title='bbox 1047 4110 1338 4163; x_wconf 87' lang='lat' dir='ltr'><strong>electorum</strong></span> <span class='ocrx_word' id='word_1_618' title='bbox 1362 4110 1680 4173; x_wconf 86' lang='lat' dir='ltr'><strong>doctrinam,</strong></span> <span class='ocrx_word' id='word_1_619' title='bbox 1712 4119 1802 4163; x_wconf 89' lang='lat' dir='ltr'><strong>aut</strong></span> <span class='ocrx_word' id='word_1_620' title='bbox 1828 4111 1988 4163; x_wconf 84' lang='lat' dir='ltr'><strong>vitam</strong></span> <span class='ocrx_word' id='word_1_621' title='bbox 2013 4110 2217 4177; x_wconf 84' lang='lat' dir='ltr'><strong>cogita-</strong></span> <span class='ocrx_word' id='word_1_622' title='bbox 2318 4124 2491 4179; x_wconf 63' lang='lat' dir='ltr'><strong>Ambo</strong></span> <span class='ocrx_word' id='word_1_623' title='bbox 2520 4123 2680 4192; x_wconf 73' lang='lat' dir='ltr'><strong>igitur</strong></span> <span class='ocrx_word' id='word_1_624' title='bbox 2703 4122 2951 4177; x_wconf 85' lang='lat' dir='ltr'><strong>dicuntur</strong></span> <span class='ocrx_word' id='word_1_625' title='bbox 2979 4118 3198 4190; x_wconf 79' lang='lat' dir='ltr'><strong>egressi,</strong></span> <span class='ocrx_word' id='word_1_626' title='bbox 3231 4118 3355 4187; x_wconf 89' lang='lat' dir='ltr'><strong>quia</strong></span> <span class='ocrx_word' id='word_1_627' title='bbox 3387 4119 3546 4171; x_wconf 85' lang='lat' dir='ltr'><strong>ambo</strong></span> <span class='ocrx_word' id='word_1_628' title='bbox 3578 4117 3783 4172; x_wconf 68' lang='grc' dir='ltr'>Γυριιωιι</span> <span class='ocrx_word' id='word_1_629' title='bbox 3808 4114 3872 4166; x_wconf 74' lang='lat' dir='ltr'><strong>in.</strong></span> 
     </span>
    </p>
   </div>
   <div class='ocr_carea' id='block_1_50' title="bbox 642 4200 3874 4278">
    <p class='ocr_par' dir='ltr' id='par_1_50' title="bbox 642 4200 3874 4278">
     <span class='ocr_line' id='line_1_50' title="bbox 642 4200 3874 4278; baseline -0.005 -8"><span class='ocrx_word' id='word_1_630' title='bbox 642 4216 782 4254; x_wconf 73' lang='lat'><strong>&quot;‘“5-</strong></span> <span class='ocrx_word' id='word_1_631' title='bbox 826 4200 881 4253; x_wconf 69' lang='grc' dir='ltr'><strong>Ῐη</strong></span> <span class='ocrx_word' id='word_1_632' title='bbox 911 4200 1110 4253; x_wconf 61' lang='grc' dir='ltr'><strong>αἱδί]οηῖ</strong></span> <span class='ocrx_word' id='word_1_633' title='bbox 1143 4215 1357 4269; x_wconf 73' lang='lat' dir='ltr'><strong>quoque</strong></span> <span class='ocrx_word' id='word_1_634' title='bbox 1387 4201 1693 4253; x_wconf 69' lang='grc' dir='ltr'><strong>εῑηυηθηιίδ</strong></span> <span class='ocrx_word' id='word_1_635' title='bbox 1730 4200 2057 4254; x_wconf 60' lang='lat' dir='ltr'><strong>dormimus:</strong></span> <span class='ocrx_word' id='word_1_636' title='bbox 2092 4201 2215 4268; x_wconf 71' lang='grc' dir='ltr'>(ἰυίει</span> <span class='ocrx_word' id='word_1_637' title='bbox 2317 4224 2447 4269; x_wconf 90' lang='lat' dir='ltr'><strong>tus:</strong></span> <span class='ocrx_word' id='word_1_638' title='bbox 2486 4214 2611 4268; x_wconf 91' lang='lat' dir='ltr'><strong>dum</strong></span> <span class='ocrx_word' id='word_1_639' title='bbox 2652 4214 2743 4267; x_wconf 92' lang='lat' dir='ltr'><strong>ille</strong></span> <span class='ocrx_word' id='word_1_640' title='bbox 2791 4212 3021 4267; x_wconf 84' lang='lat' dir='ltr'><strong>sollicita</strong></span> <span class='ocrx_word' id='word_1_641' title='bbox 3060 4218 3238 4265; x_wconf 90' lang='lat' dir='ltr'><strong>mente</strong></span> <span class='ocrx_word' id='word_1_642' title='bbox 3277 4210 3603 4278; x_wconf 62' lang='lat' dir='ltr'><strong>priet-idern,</strong></span> <span class='ocrx_word' id='word_1_643' title='bbox 3636 4206 3758 4276; x_wconf 88' lang='lat' dir='ltr'><strong>quid</strong></span> <span class='ocrx_word' id='word_1_644' title='bbox 3800 4215 3874 4256; x_wconf 85' lang='lat' dir='ltr'><strong>aut</strong></span> 
     </span>
    </p>
   </div>
   <div class='ocr_carea' id='block_1_51' title="bbox 643 4288 2207 4367">
    <p class='ocr_par' dir='ltr' id='par_1_51' title="bbox 643 4288 2207 4360">
     <span class='ocr_line' id='line_1_51' title="bbox 643 4288 2207 4360; baseline 0.002 -16"><span class='ocrx_word' id='word_1_645' title='bbox 643 4290 921 4358; x_wconf 87' lang='lat' dir='ltr'><strong>quiescere</strong></span> <span class='ocrx_word' id='word_1_646' title='bbox 943 4298 1069 4343; x_wconf 91' lang='lat' dir='ltr'><strong>tunc</strong></span> <span class='ocrx_word' id='word_1_647' title='bbox 1090 4289 1224 4342; x_wconf 87' lang='lat' dir='ltr'><strong>bene</strong></span> <span class='ocrx_word' id='word_1_648' title='bbox 1242 4288 1671 4343; x_wconf 86' lang='lat' dir='ltr'><strong>consideratione</strong></span> <span class='ocrx_word' id='word_1_649' title='bbox 1688 4304 1990 4359; x_wconf 87' lang='lat' dir='ltr'><strong>possumus,</strong></span> <span class='ocrx_word' id='word_1_650' title='bbox 2004 4290 2207 4360; x_wconf 84' lang='lat' dir='ltr'><strong>quando</strong></span> 
     </span>
    </p>
   </div>
   <div class='ocr_carea' id='block_1_52' title="bbox 2306 4288 3870 4367">
    <p class='ocr_par' dir='ltr' id='par_1_52' title="bbox 2317 4297 3870 4367">
     <span class='ocr_line' id='line_1_52' title="bbox 2317 4297 3870 4367; baseline -0.008 -11"><span class='ocrx_word' id='word_1_651' title='bbox 2317 4302 2403 4356; x_wconf 90' lang='lat' dir='ltr'><strong>cui</strong></span> <span class='ocrx_word' id='word_1_652' title='bbox 2432 4301 2612 4367; x_wconf 88' lang='lat' dir='ltr'><strong>daret;</strong></span> <span class='ocrx_word' id='word_1_653' title='bbox 2644 4300 2732 4354; x_wconf 89' lang='lat' dir='ltr'><strong>ille</strong></span> <span class='ocrx_word' id='word_1_654' title='bbox 2762 4301 2887 4354; x_wconf 90' lang='lat' dir='ltr'><strong>item</strong></span> <span class='ocrx_word' id='word_1_655' title='bbox 2919 4299 3173 4353; x_wconf 90' lang='lat' dir='ltr'><strong>attentius</strong></span> <span class='ocrx_word' id='word_1_656' title='bbox 3200 4299 3488 4366; x_wconf 85' lang='lat' dir='ltr'><strong>cogitaret,</strong></span> <span class='ocrx_word' id='word_1_657' title='bbox 3529 4297 3707 4363; x_wconf 87' lang='lat' dir='ltr'><strong>qualis</strong></span> <span class='ocrx_word' id='word_1_658' title='bbox 3733 4304 3870 4352; x_wconf 83' lang='lat' dir='ltr'><strong>esset,</strong></span> 
     </span>
    </p>
   </div>
   <div class='ocr_carea' id='block_1_53' title="bbox 644 4380 2208 4462">
    <p class='ocr_par' dir='ltr' id='par_1_53' title="bbox 644 4380 2208 4451">
     <span class='ocr_line' id='line_1_53' title="bbox 644 4380 2208 4451; baseline 0.002 -15"><span class='ocrx_word' id='word_1_659' title='bbox 644 4381 698 4436; x_wconf 92' lang='lat' dir='ltr'><strong>in</strong></span> <span class='ocrx_word' id='word_1_660' title='bbox 722 4381 881 4436; x_wconf 89' lang='lat' dir='ltr'><strong>rebus</strong></span> <span class='ocrx_word' id='word_1_661' title='bbox 905 4380 1265 4450; x_wconf 89' lang='lat' dir='ltr'><strong>spiritualibus</strong></span> <span class='ocrx_word' id='word_1_662' title='bbox 1290 4394 1633 4449; x_wconf 90' lang='lat' dir='ltr'><strong>occupamur.</strong></span> <span class='ocrx_word' id='word_1_663' title='bbox 1676 4380 1827 4435; x_wconf 89' lang='lat' dir='ltr'><strong>Dicat</strong></span> <span class='ocrx_word' id='word_1_664' title='bbox 1868 4395 1996 4451; x_wconf 83' lang='lat' dir='ltr'><strong>ergo</strong></span> <span class='ocrx_word' id='word_1_665' title='bbox 2032 4399 2045 4435; x_wconf 90' lang='lat'><strong>:</strong></span> <span class='ocrx_word' id='word_1_666' title='bbox 2083 4381 2208 4445; x_wconf 81' lang='lat' dir='ltr'><strong>Quia</strong></span> 
     </span>
    </p>
   </div>
   <div class='ocr_carea' id='block_1_54' title="bbox 2310 4380 3874 4462">
    <p class='ocr_par' dir='ltr' id='par_1_54' title="bbox 2317 4384 3874 4462">
     <span class='ocr_line' id='line_1_54' title="bbox 2317 4384 3874 4462; baseline -0.01 -15"><span class='ocrx_word' id='word_1_667' title='bbox 2317 4393 2410 4462; x_wconf 86' lang='lat' dir='ltr'><strong>qui</strong></span> <span class='ocrx_word' id='word_1_668' title='bbox 2460 4401 2566 4446; x_wconf 91' lang='lat' dir='ltr'><strong>tam</strong></span> <span class='ocrx_word' id='word_1_669' title='bbox 2607 4406 2813 4447; x_wconf 87' lang='lat' dir='ltr'><strong>summa</strong></span> <span class='ocrx_word' id='word_1_670' title='bbox 2843 4391 3163 4459; x_wconf 87' lang='lat' dir='ltr'><strong>perciperet.</strong></span> <span class='ocrx_word' id='word_1_671' title='bbox 3204 4386 3338 4453; x_wconf 85' lang='lat' dir='ltr'><strong>Quia</strong></span> <span class='ocrx_word' id='word_1_672' title='bbox 3385 4400 3515 4452; x_wconf 88' lang='lat' dir='ltr'><strong>ergo</strong></span> <span class='ocrx_word' id='word_1_673' title='bbox 3546 4384 3874 4439; x_wconf 85' lang='lat' dir='ltr'><strong>ministerium</strong></span> 
     </span>
    </p>
   </div>
   <div class='ocr_carea' id='block_1_55' title="bbox 643 4471 2207 4551">
    <p class='ocr_par' dir='ltr' id='par_1_55' title="bbox 643 4471 2207 4538">
     <span class='ocr_line' id='line_1_55' title="bbox 643 4471 2207 4538; baseline 0 -10"><span class='ocrx_word' id='word_1_674' title='bbox 643 4473 824 4528; x_wconf 77' lang='lat' dir='ltr'><strong>stravit</strong></span> <span class='ocrx_word' id='word_1_675' title='bbox 838 4472 933 4531; x_wconf 79' lang='lat' dir='ltr'><strong>sibi</strong></span> <span class='ocrx_word' id='word_1_676' title='bbox 955 4471 1104 4538; x_wconf 83' lang='lat' dir='ltr'><strong>Saul,</strong></span> <span class='ocrx_word' id='word_1_677' title='bbox 1128 4479 1176 4526; x_wconf 86' lang='lat' dir='ltr'><strong>et</strong></span> <span class='ocrx_word' id='word_1_678' title='bbox 1193 4472 1450 4536; x_wconf 84' lang='lat' dir='ltr'><strong>dormivit,</strong></span> <span class='ocrx_word' id='word_1_679' title='bbox 1475 4480 1533 4527; x_wconf 89' lang='lat' dir='ltr'><strong>ut</strong></span> <span class='ocrx_word' id='word_1_680' title='bbox 1553 4472 1738 4529; x_wconf 67' lang='lat' dir='ltr'><strong>electa:</strong></span> <span class='ocrx_word' id='word_1_681' title='bbox 1758 4472 1923 4527; x_wconf 86' lang='lat' dir='ltr'><strong>menti</strong></span> <span class='ocrx_word' id='word_1_682' title='bbox 1947 4473 2176 4529; x_wconf 90' lang='lat' dir='ltr'><strong>insinuet</strong></span> <span class='ocrx_word' id='word_1_683' title='bbox 2199 4492 2207 4528; x_wconf 88' lang='lat'><strong>:</strong></span> 
     </span>
    </p>
   </div>
   <div class='ocr_carea' id='block_1_56' title="bbox 2314 4471 3878 4551">
    <p class='ocr_par' dir='ltr' id='par_1_56' title="bbox 2318 4472 3878 4551">
     <span class='ocr_line' id='line_1_56' title="bbox 2318 4472 3878 4551; baseline -0.009 -14"><span class='ocrx_word' id='word_1_684' title='bbox 2318 4490 2519 4537; x_wconf 59' lang='lat' dir='ltr'><strong>sanctae</strong></span> <span class='ocrx_word' id='word_1_685' title='bbox 2573 4480 2966 4551; x_wconf 64' lang='lat' dir='ltr'><strong>praedicationis</strong></span> <span class='ocrx_word' id='word_1_686' title='bbox 3012 4495 3132 4534; x_wconf 89' lang='lat' dir='ltr'><strong>cum</strong></span> <span class='ocrx_word' id='word_1_687' title='bbox 3181 4494 3385 4533; x_wconf 87' lang='lat' dir='ltr'><strong>summa</strong></span> <span class='ocrx_word' id='word_1_688' title='bbox 3429 4477 3755 4530; x_wconf 75' lang='lat' dir='ltr'><strong>discretione</strong></span> <span class='ocrx_word' id='word_1_689' title='bbox 3798 4472 3878 4524; x_wconf 85' lang='lat' dir='ltr'><strong>tri-</strong></span> 
     </span>
    </p>
   </div>
   <div class='ocr_carea' id='block_1_57' title="bbox 645 4561 3883 4647">
    <p class='ocr_par' dir='ltr' id='par_1_57' title="bbox 645 4561 3883 4647">
     <span class='ocr_line' id='line_1_57' title="bbox 645 4561 3883 4647; baseline -0.001 -31"><span class='ocrx_word' id='word_1_690' title='bbox 645 4563 767 4632; x_wconf 87' lang='lat' dir='ltr'><strong>quia</strong></span> <span class='ocrx_word' id='word_1_691' title='bbox 796 4563 843 4618; x_wconf 92' lang='lat' dir='ltr'><strong>si</strong></span> <span class='ocrx_word' id='word_1_692' title='bbox 890 4563 1220 4632; x_wconf 84' lang='lat' dir='ltr'><strong>negligenter</strong></span> <span class='ocrx_word' id='word_1_693' title='bbox 1244 4561 1312 4617; x_wconf 92' lang='lat' dir='ltr'><strong>ad</strong></span> <span class='ocrx_word' id='word_1_694' title='bbox 1340 4563 1608 4617; x_wconf 83' lang='lat' dir='ltr'><strong>exteriora</strong></span> <span class='ocrx_word' id='word_1_695' title='bbox 1636 4578 1696 4617; x_wconf 91' lang='lat' dir='ltr'><strong>se</strong></span> <span class='ocrx_word' id='word_1_696' title='bbox 1731 4576 1981 4633; x_wconf 83' lang='lat' dir='ltr'><strong>occupat,</strong></span> <span class='ocrx_word' id='word_1_697' title='bbox 2016 4564 2215 4621; x_wconf 80' lang='lat' dir='ltr'><strong>intimze</strong></span> <span class='ocrx_word' id='word_1_698' title='bbox 2249 4589 2295 4647; x_wconf 75' lang='grc' dir='ltr'><strong>ί)</strong></span> <span class='ocrx_word' id='word_1_699' title='bbox 2320 4573 2584 4627; x_wconf 89' lang='lat' dir='ltr'><strong>buendum</strong></span> <span class='ocrx_word' id='word_1_700' title='bbox 2611 4579 2769 4641; x_wconf 88' lang='lat' dir='ltr'><strong>atque</strong></span> <span class='ocrx_word' id='word_1_701' title='bbox 2792 4569 3149 4639; x_wconf 86' lang='lat' dir='ltr'><strong>recipiendum</strong></span> <span class='ocrx_word' id='word_1_702' title='bbox 3170 4577 3269 4633; x_wconf 88' lang='lat' dir='ltr'><strong>est,</strong></span> <span class='ocrx_word' id='word_1_703' title='bbox 3298 4567 3421 4620; x_wconf 91' lang='lat' dir='ltr'><strong>dum</strong></span> <span class='ocrx_word' id='word_1_704' title='bbox 3446 4582 3539 4619; x_wconf 79' lang='lat' dir='ltr'><strong>rex</strong></span> <span class='ocrx_word' id='word_1_705' title='bbox 3568 4565 3781 4619; x_wconf 83' lang='lat' dir='ltr'><strong>Israelis</strong></span> <span class='ocrx_word' id='word_1_706' title='bbox 3800 4579 3883 4615; x_wconf 84' lang='lat' dir='ltr'><strong>un-</strong></span> 
     </span>
    </p>
   </div>
   <div class='ocr_carea' id='block_1_58' title="bbox 644 4653 3879 4729">
    <p class='ocr_par' dir='ltr' id='par_1_58' title="bbox 644 4653 3879 4729">
     <span class='ocr_line' id='line_1_58' title="bbox 644 4653 3879 4729; baseline -0.003 -20"><span class='ocrx_word' id='word_1_707' title='bbox 644 4654 840 4724; x_wconf 90' lang='lat' dir='ltr'><strong>quictis</strong></span> <span class='ocrx_word' id='word_1_708' title='bbox 862 4655 1086 4725; x_wconf 86' lang='lat' dir='ltr'><strong>gratiam</strong></span> <span class='ocrx_word' id='word_1_709' title='bbox 1110 4670 1214 4709; x_wconf 93' lang='lat' dir='ltr'><strong>non</strong></span> <span class='ocrx_word' id='word_1_710' title='bbox 1237 4655 1497 4723; x_wconf 89' lang='lat' dir='ltr'><strong>acquirat.</strong></span> <span class='ocrx_word' id='word_1_711' title='bbox 1525 4653 1630 4710; x_wconf 91' lang='lat' dir='ltr'><strong>Sed</strong></span> <span class='ocrx_word' id='word_1_712' title='bbox 1651 4656 1740 4723; x_wconf 89' lang='lat' dir='ltr'><strong>qui</strong></span> <span class='ocrx_word' id='word_1_713' title='bbox 1761 4656 2056 4726; x_wconf 87' lang='lat' dir='ltr'><strong>spiritualia</strong></span> <span class='ocrx_word' id='word_1_714' title='bbox 2081 4658 2219 4713; x_wconf 87' lang='lat' dir='ltr'><strong>bene</strong></span> <span class='ocrx_word' id='word_1_715' title='bbox 2321 4661 2482 4729; x_wconf 88' lang='lat' dir='ltr'><strong>gitur,</strong></span> <span class='ocrx_word' id='word_1_716' title='bbox 2510 4670 2566 4715; x_wconf 91' lang='lat' dir='ltr'><strong>et</strong></span> <span class='ocrx_word' id='word_1_717' title='bbox 2594 4674 2689 4714; x_wconf 86' lang='lat' dir='ltr'><strong>rex</strong></span> <span class='ocrx_word' id='word_1_718' title='bbox 2717 4668 2771 4712; x_wconf 90' lang='lat' dir='ltr'><strong>et</strong></span> <span class='ocrx_word' id='word_1_719' title='bbox 2800 4658 3061 4728; x_wconf 86' lang='lat' dir='ltr'><strong>prepheta</strong></span> <span class='ocrx_word' id='word_1_720' title='bbox 3093 4664 3346 4710; x_wconf 88' lang='lat' dir='ltr'><strong>unctnrus</strong></span> <span class='ocrx_word' id='word_1_721' title='bbox 3367 4670 3510 4717; x_wconf 90' lang='lat' dir='ltr'><strong>eum,</strong></span> <span class='ocrx_word' id='word_1_722' title='bbox 3543 4653 3746 4720; x_wconf 83' lang='lat' dir='ltr'><strong>egressi</strong></span> <span class='ocrx_word' id='word_1_723' title='bbox 3775 4665 3879 4718; x_wconf 86' lang='lat' dir='ltr'><strong>per-</strong></span> 
     </span>
    </p>
   </div>
   <div class='ocr_carea' id='block_1_59' title="bbox 644 4741 3881 4823">
    <p class='ocr_par' dir='ltr' id='par_1_59' title="bbox 644 4741 3881 4823">
     <span class='ocr_line' id='line_1_59' title="bbox 644 4741 3881 4823; baseline -0.004 -22"><span class='ocrx_word' id='word_1_724' title='bbox 644 4746 759 4803; x_wconf 87' lang='lat' dir='ltr'><strong>vult</strong></span> <span class='ocrx_word' id='word_1_725' title='bbox 781 4746 1169 4802; x_wconf 89' lang='lat' dir='ltr'><strong>considerando</strong></span> <span class='ocrx_word' id='word_1_726' title='bbox 1197 4746 1504 4816; x_wconf 88' lang='lat' dir='ltr'><strong>disponere,</strong></span> <span class='ocrx_word' id='word_1_727' title='bbox 1530 4745 1700 4803; x_wconf 91' lang='lat' dir='ltr'><strong>donec</strong></span> <span class='ocrx_word' id='word_1_728' title='bbox 1726 4761 1789 4800; x_wconf 89' lang='lat' dir='ltr'><strong>ea</strong></span> <span class='ocrx_word' id='word_1_729' title='bbox 1817 4747 1958 4803; x_wconf 92' lang='lat' dir='ltr'><strong>intus</strong></span> <span class='ocrx_word' id='word_1_730' title='bbox 1984 4747 2221 4823; x_wconf 84' lang='lat' dir='ltr'><strong>perfecte</strong></span> <span class='ocrx_word' id='word_1_731' title='bbox 2322 4750 2591 4805; x_wconf 83' lang='lat' dir='ltr'><strong>bibentur.</strong></span> <span class='ocrx_word' id='word_1_732' title='bbox 2647 4748 2892 4818; x_wconf 82' lang='lat' dir='ltr'><strong>Plerique</strong></span> <span class='ocrx_word' id='word_1_733' title='bbox 2943 4756 3118 4799; x_wconf 89' lang='lat' dir='ltr'><strong>autem</strong></span> <span class='ocrx_word' id='word_1_734' title='bbox 3174 4746 3330 4815; x_wconf 78' lang='lat'><strong>227</strong></span> <span class='ocrx_word' id='word_1_735' title='bbox 3388 4743 3603 4797; x_wconf 84' lang='lat' dir='ltr'><strong>colices</strong></span> <span class='ocrx_word' id='word_1_736' title='bbox 3658 4741 3881 4795; x_wconf 86' lang='lat' dir='ltr'><strong>habent:</strong></span> 
     </span>
    </p>
   </div>
   <div class='ocr_carea' id='block_1_60' title="bbox 646 4832 3882 4911">
    <p class='ocr_par' dir='ltr' id='par_1_60' title="bbox 646 4832 3882 4911">
     <span class='ocr_line' id='line_1_60' title="bbox 646 4832 3882 4911; baseline -0.004 -19"><span class='ocrx_word' id='word_1_737' title='bbox 646 4837 876 4904; x_wconf 86' lang='lat' dir='ltr'><strong>ordinet,</strong></span> <span class='ocrx_word' id='word_1_738' title='bbox 906 4837 972 4893; x_wconf 90' lang='lat' dir='ltr'><strong>ad</strong></span> <span class='ocrx_word' id='word_1_739' title='bbox 998 4853 1060 4893; x_wconf 88' lang='lat' dir='ltr'><strong>ea</strong></span> <span class='ocrx_word' id='word_1_740' title='bbox 1100 4853 1221 4908; x_wconf 74' lang='lat' dir='ltr'><strong>qua:</strong></span> <span class='ocrx_word' id='word_1_741' title='bbox 1250 4837 1377 4893; x_wconf 80' lang='lat' dir='ltr'><strong>foris</strong></span> <span class='ocrx_word' id='word_1_742' title='bbox 1417 4847 1564 4904; x_wconf 88' lang='lat' dir='ltr'><strong>sunt,</strong></span> <span class='ocrx_word' id='word_1_743' title='bbox 1604 4838 1859 4907; x_wconf 83' lang='lat' dir='ltr'><strong>evigilare</strong></span> <span class='ocrx_word' id='word_1_744' title='bbox 1888 4855 1995 4894; x_wconf 91' lang='lat' dir='ltr'><strong>non</strong></span> <span class='ocrx_word' id='word_1_745' title='bbox 2039 4838 2218 4895; x_wconf 77' lang='lat' dir='ltr'><strong>debet.</strong></span> <span class='ocrx_word' id='word_1_746' title='bbox 2325 4840 2547 4911; x_wconf 79' lang='lat' dir='ltr'><strong>Cumque</strong></span> <span class='ocrx_word' id='word_1_747' title='bbox 2587 4854 2737 4891; x_wconf 86' lang='lat' dir='ltr'><strong>mane</strong></span> <span class='ocrx_word' id='word_1_748' title='bbox 2779 4836 3147 4901; x_wconf 75' lang='lat' dir='ltr'><strong>surrexissent,</strong></span> <span class='ocrx_word' id='word_1_749' title='bbox 3196 4843 3471 4903; x_wconf 86' lang='lat' dir='ltr'><strong>antequam</strong></span> <span class='ocrx_word' id='word_1_750' title='bbox 3527 4832 3882 4886; x_wconf 72' lang='lat' dir='ltr'><strong>dilucesceret:</strong></span> 
     </span>
    </p>
   </div>
   <div class='ocr_carea' id='block_1_61' title="bbox 648 4918 3883 4996">
    <p class='ocr_par' dir='ltr' id='par_1_61' title="bbox 648 4918 3883 4996">
     <span class='ocr_line' id='line_1_61' title="bbox 648 4918 3883 4996; baseline -0.005 -11"><span class='ocrx_word' id='word_1_751' title='bbox 648 4926 787 4996; x_wconf 72' lang='lat' dir='ltr'><strong>Apte</strong></span> <span class='ocrx_word' id='word_1_752' title='bbox 814 4941 942 4996; x_wconf 86' lang='lat' dir='ltr'><strong>ergo</strong></span> <span class='ocrx_word' id='word_1_753' title='bbox 969 4928 1307 4996; x_wconf 89' lang='lat' dir='ltr'><strong>subjungitur</strong></span> <span class='ocrx_word' id='word_1_754' title='bbox 1333 4945 1348 4982; x_wconf 87' lang='lat'><strong>:</strong></span> <span class='ocrx_word' id='word_1_755' title='bbox 2324 4928 2465 4996; x_wconf 84' lang='lat' dir='ltr'><strong>quod</strong></span> <span class='ocrx_word' id='word_1_756' title='bbox 2488 4926 2735 4980; x_wconf 90' lang='lat' dir='ltr'><strong>nimirum</strong></span> <span class='ocrx_word' id='word_1_757' title='bbox 2760 4924 2978 4990; x_wconf 84' lang='lat' dir='ltr'><strong>intelligi</strong></span> <span class='ocrx_word' id='word_1_758' title='bbox 3004 4923 3386 4977; x_wconf 76' lang='lat' dir='ltr'><strong>convenienter</strong></span> <span class='ocrx_word' id='word_1_759' title='bbox 3417 4928 3613 4989; x_wconf 82' lang='lat' dir='ltr'><strong>potest.</strong></span> <span class='ocrx_word' id='word_1_760' title='bbox 3650 4918 3883 4971; x_wconf 80' lang='lat' dir='ltr'><strong>Maneest</strong></span> 
     </span>
    </p>
   </div>
   <div class='ocr_carea' id='block_1_62' title="bbox 723 5006 3885 5094">
    <p class='ocr_par' dir='ltr' id='par_1_62' title="bbox 723 5006 3885 5094">
     <span class='ocr_line' id='line_1_62' title="bbox 723 5006 3885 5094; baseline -0.004 -23"><span class='ocrx_word' id='word_1_761' title='bbox 723 5014 898 5089; x_wconf 70' lang='lat' dir='ltr'><strong>(Vere.</strong></span> <span class='ocrx_word' id='word_1_762' title='bbox 928 5018 1044 5088; x_wconf 71' lang='lat'><strong>26.)</strong></span> <span class='ocrx_word' id='word_1_763' title='bbox 1075 5018 1301 5093; x_wconf 86' lang='lat' dir='ltr'><strong>Cumque</strong></span> <span class='ocrx_word' id='word_1_764' title='bbox 1319 5036 1470 5073; x_wconf 86' lang='lat' dir='ltr'><strong>mane</strong></span> <span class='ocrx_word' id='word_1_765' title='bbox 1493 5020 1854 5085; x_wconf 70' lang='lat' dir='ltr'><strong>surrexissent,</strong></span> <span class='ocrx_word' id='word_1_766' title='bbox 1881 5028 1929 5073; x_wconf 87' lang='lat' dir='ltr'><strong>et</strong></span> <span class='ocrx_word' id='word_1_767' title='bbox 1946 5021 2057 5094; x_wconf 85' lang='lat' dir='ltr'><strong>jam</strong></span> <span class='ocrx_word' id='word_1_768' title='bbox 2088 5020 2225 5073; x_wconf 80' lang='lat' dir='ltr'><strong>dilu-</strong></span> <span class='ocrx_word' id='word_1_769' title='bbox 2325 5019 2559 5088; x_wconf 88' lang='lat' dir='ltr'><strong>quidem,</strong></span> <span class='ocrx_word' id='word_1_770' title='bbox 2593 5025 2879 5085; x_wconf 88' lang='lat' dir='ltr'><strong>antequam</strong></span> <span class='ocrx_word' id='word_1_771' title='bbox 2920 5015 3236 5077; x_wconf 84' lang='lat' dir='ltr'><strong>dilueescat,</strong></span> <span class='ocrx_word' id='word_1_772' title='bbox 3268 5010 3481 5080; x_wconf 85' lang='lat' dir='ltr'><strong>quando</strong></span> <span class='ocrx_word' id='word_1_773' title='bbox 3510 5006 3885 5080; x_wconf 86' lang='lat' dir='ltr'><strong>quodammodo</strong></span> 
     </span>
    </p>
   </div>
   <div class='ocr_carea' id='block_1_63' title="bbox 649 5098 3883 5180">
    <p class='ocr_par' dir='ltr' id='par_1_63' title="bbox 649 5098 3883 5180">
     <span class='ocr_line' id='line_1_63' title="bbox 649 5098 3883 5180; baseline -0.005 -18"><span class='ocrx_word' id='word_1_774' title='bbox 649 5115 890 5172; x_wconf 63' lang='lat' dir='ltr'><strong>“sceret,</strong></span> <span class='ocrx_word' id='word_1_775' title='bbox 909 5108 1098 5161; x_wconf 83' lang='lat' dir='ltr'><strong>vocavit</strong></span> <span class='ocrx_word' id='word_1_776' title='bbox 1116 5108 1327 5165; x_wconf 82' lang='lat' dir='ltr'><strong>Samuel</strong></span> <span class='ocrx_word' id='word_1_777' title='bbox 1348 5108 1483 5163; x_wconf 78' lang='lat' dir='ltr'><strong>Saul</strong></span> <span class='ocrx_word' id='word_1_778' title='bbox 1501 5109 1553 5163; x_wconf 87' lang='lat' dir='ltr'><strong>in</strong></span> <span class='ocrx_word' id='word_1_779' title='bbox 1573 5109 1973 5176; x_wconf 79' lang='lat' dir='ltr'><strong>solario,dicens</strong></span> <span class='ocrx_word' id='word_1_780' title='bbox 1993 5124 2012 5164; x_wconf 89' lang='lat'><strong><em>:</em></strong></span> <span class='ocrx_word' id='word_1_781' title='bbox 2033 5108 2221 5180; x_wconf 87' lang='lat' dir='ltr'><strong>Surge,</strong></span> <span class='ocrx_word' id='word_1_782' title='bbox 2326 5107 2564 5175; x_wconf 87' lang='lat' dir='ltr'><strong>aspirare</strong></span> <span class='ocrx_word' id='word_1_783' title='bbox 2586 5104 2699 5158; x_wconf 92' lang='lat' dir='ltr'><strong>dies</strong></span> <span class='ocrx_word' id='word_1_784' title='bbox 2724 5103 2928 5172; x_wconf 88' lang='lat' dir='ltr'><strong>incipit,</strong></span> <span class='ocrx_word' id='word_1_785' title='bbox 2960 5110 3012 5157; x_wconf 92' lang='lat' dir='ltr'><strong>et</strong></span> <span class='ocrx_word' id='word_1_786' title='bbox 3036 5112 3212 5155; x_wconf 83' lang='lat' dir='ltr'><strong>tamen</strong></span> <span class='ocrx_word' id='word_1_787' title='bbox 3237 5100 3393 5168; x_wconf 89' lang='lat' dir='ltr'><strong>plena</strong></span> <span class='ocrx_word' id='word_1_788' title='bbox 3421 5100 3511 5151; x_wconf 78' lang='lat' dir='ltr'><strong>lux</strong></span> <span class='ocrx_word' id='word_1_789' title='bbox 3534 5098 3644 5151; x_wconf 89' lang='lat' dir='ltr'><strong>diei</strong></span> <span class='ocrx_word' id='word_1_790' title='bbox 3670 5112 3775 5152; x_wconf 89' lang='lat' dir='ltr'><strong>non</strong></span> <span class='ocrx_word' id='word_1_791' title='bbox 3797 5105 3883 5149; x_wconf 86' lang='lat' dir='ltr'><strong>est.</strong></span> 
     </span>
    </p>
   </div>
   <div class='ocr_carea' id='block_1_64' title="bbox 649 5188 3888 5250">
    <p class='ocr_par' dir='ltr' id='par_1_64' title="bbox 649 5188 3888 5250">
     <span class='ocr_line' id='line_1_64' title="bbox 649 5188 3888 5250; baseline -0.005 0"><span class='ocrx_word' id='word_1_792' title='bbox 649 5204 701 5250; x_wconf 80' lang='lat' dir='ltr'><strong>et</strong></span> <span class='ocrx_word' id='word_1_793' title='bbox 728 5195 982 5250; x_wconf 82' lang='lat' dir='ltr'><strong>dimittam</strong></span> <span class='ocrx_word' id='word_1_794' title='bbox 1008 5206 1072 5249; x_wconf 91' lang='lat' dir='ltr'><strong>te.</strong></span> <span class='ocrx_word' id='word_1_795' title='bbox 1134 5219 1139 5225; x_wconf 66' lang='grc' dir='ltr'>ι</span> <span class='ocrx_word' id='word_1_796' title='bbox 2330 5194 2711 5249; x_wconf 73' lang='lat' dir='ltr'><strong>Prtedicatores</strong></span> <span class='ocrx_word' id='word_1_797' title='bbox 2750 5202 2927 5246; x_wconf 86' lang='lat' dir='ltr'><strong>autem</strong></span> <span class='ocrx_word' id='word_1_798' title='bbox 2977 5201 3174 5245; x_wconf 69' lang='lat' dir='ltr'><strong>sancite</strong></span> <span class='ocrx_word' id='word_1_799' title='bbox 3219 5189 3507 5250; x_wconf 71' lang='lat' dir='ltr'><strong>Ecclesize,</strong></span> <span class='ocrx_word' id='word_1_800' title='bbox 3547 5188 3679 5241; x_wconf 88' lang='lat' dir='ltr'><strong>dum</strong></span> <span class='ocrx_word' id='word_1_801' title='bbox 3721 5199 3888 5241; x_wconf 87' lang='lat' dir='ltr'><strong>eorum</strong></span> 
     </span>
    </p>
   </div>
   <div class='ocr_carea' id='block_1_65' title="bbox 721 5277 3888 5357">
    <p class='ocr_par' dir='ltr' id='par_1_65' title="bbox 721 5277 3888 5357">
     <span class='ocr_line' id='line_1_65' title="bbox 721 5277 3888 5357; baseline -0.004 -17"><span class='ocrx_word' id='word_1_802' title='bbox 721 5285 811 5340; x_wconf 83' lang='lat' dir='ltr'><strong>Gl.</strong></span> <span class='ocrx_word' id='word_1_803' title='bbox 859 5286 1011 5341; x_wconf 78' lang='lat' dir='ltr'><strong>Mane</strong></span> <span class='ocrx_word' id='word_1_804' title='bbox 1041 5288 1257 5356; x_wconf 84' lang='lat' dir='ltr'><strong>quidem</strong></span> <span class='ocrx_word' id='word_1_805' title='bbox 1303 5288 1550 5351; x_wconf 88' lang='lat' dir='ltr'><strong>lucescit,</strong></span> <span class='ocrx_word' id='word_1_806' title='bbox 1582 5287 1796 5357; x_wconf 89' lang='lat' dir='ltr'><strong>quando</strong></span> <span class='ocrx_word' id='word_1_807' title='bbox 1826 5288 2020 5356; x_wconf 77' lang='lat' dir='ltr'><strong>quieta:</strong></span> <span class='ocrx_word' id='word_1_808' title='bbox 2059 5290 2222 5343; x_wconf 85' lang='lat' dir='ltr'><strong>menti</strong></span> <span class='ocrx_word' id='word_1_809' title='bbox 2329 5286 2523 5339; x_wconf 82' lang='lat' dir='ltr'><strong>bonam</strong></span> <span class='ocrx_word' id='word_1_810' title='bbox 2574 5282 3035 5337; x_wconf 80' lang='lat' dir='ltr'><strong>conversationem</strong></span> <span class='ocrx_word' id='word_1_811' title='bbox 3082 5282 3427 5335; x_wconf 77' lang='lat' dir='ltr'><strong>considerant</strong></span> <span class='ocrx_word' id='word_1_812' title='bbox 3472 5293 3611 5348; x_wconf 89' lang='lat' dir='ltr'><strong>quos</strong></span> <span class='ocrx_word' id='word_1_813' title='bbox 3659 5277 3888 5332; x_wconf 80' lang='lat' dir='ltr'><strong>oniinare</strong></span> 
     </span>
    </p>
   </div>
   <div class='ocr_carea' id='block_1_66' title="bbox 651 5365 3887 5447">
    <p class='ocr_par' dir='ltr' id='par_1_66' title="bbox 651 5365 3887 5447">
     <span class='ocr_line' id='line_1_66' title="bbox 651 5365 3887 5447; baseline -0.005 -17"><span class='ocrx_word' id='word_1_814' title='bbox 651 5378 893 5432; x_wconf 85' lang='lat' dir='ltr'><strong>veritatis</strong></span> <span class='ocrx_word' id='word_1_815' title='bbox 927 5377 1183 5446; x_wconf 87' lang='lat' dir='ltr'><strong>splendor</strong></span> <span class='ocrx_word' id='word_1_816' title='bbox 1222 5393 1281 5433; x_wconf 88' lang='lat' dir='ltr'><strong>se</strong></span> <span class='ocrx_word' id='word_1_817' title='bbox 1309 5379 1499 5447; x_wconf 89' lang='lat' dir='ltr'><strong>aperit.</strong></span> <span class='ocrx_word' id='word_1_818' title='bbox 1548 5378 1791 5432; x_wconf 87' lang='lat' dir='ltr'><strong>llumana</strong></span> <span class='ocrx_word' id='word_1_819' title='bbox 1828 5371 2025 5431; x_wconf 73' lang='lat' dir='ltr'><strong>etenim</strong></span> <span class='ocrx_word' id='word_1_820' title='bbox 2070 5394 2223 5433; x_wconf 89' lang='lat' dir='ltr'><strong>mens</strong></span> <span class='ocrx_word' id='word_1_821' title='bbox 2324 5374 2637 5443; x_wconf 85' lang='lat' dir='ltr'><strong>disponunt,</strong></span> <span class='ocrx_word' id='word_1_822' title='bbox 2666 5372 2817 5440; x_wconf 83' lang='lat' dir='ltr'><strong>quasi</strong></span> <span class='ocrx_word' id='word_1_823' title='bbox 2869 5388 3024 5424; x_wconf 76' lang='lat' dir='ltr'><strong>omne</strong></span> <span class='ocrx_word' id='word_1_824' title='bbox 3053 5379 3154 5426; x_wconf 89' lang='lat' dir='ltr'><strong>est.</strong></span> <span class='ocrx_word' id='word_1_825' title='bbox 3193 5370 3297 5424; x_wconf 84' lang='lat' dir='ltr'><strong>Sed</strong></span> <span class='ocrx_word' id='word_1_826' title='bbox 3327 5370 3450 5438; x_wconf 87' lang='lat' dir='ltr'><strong>quia</strong></span> <span class='ocrx_word' id='word_1_827' title='bbox 3494 5383 3686 5422; x_wconf 90' lang='lat' dir='ltr'><strong>eorum</strong></span> <span class='ocrx_word' id='word_1_828' title='bbox 3733 5365 3887 5418; x_wconf 80' lang='lat' dir='ltr'><strong>futura</strong></span> 
     </span>
    </p>
   </div>
   <div class='ocr_carea' id='block_1_67' title="bbox 651 5457 3885 5537">
    <p class='ocr_par' dir='ltr' id='par_1_67' title="bbox 651 5457 3885 5537">
     <span class='ocr_line' id='line_1_67' title="bbox 651 5457 3885 5537; baseline -0.004 -16"><span class='ocrx_word' id='word_1_829' title='bbox 651 5483 750 5537; x_wconf 80' lang='lat' dir='ltr'><strong>per</strong></span> <span class='ocrx_word' id='word_1_830' title='bbox 780 5467 1131 5533; x_wconf 84' lang='lat' dir='ltr'><strong>ignorantiam</strong></span> <span class='ocrx_word' id='word_1_831' title='bbox 1162 5467 1462 5531; x_wconf 84' lang='lat' dir='ltr'><strong>tenebrosa,</strong></span> <span class='ocrx_word' id='word_1_832' title='bbox 1489 5476 1543 5520; x_wconf 91' lang='lat' dir='ltr'><strong>et</strong></span> <span class='ocrx_word' id='word_1_833' title='bbox 1572 5482 1665 5533; x_wconf 91' lang='lat' dir='ltr'><strong>per</strong></span> <span class='ocrx_word' id='word_1_834' title='bbox 1692 5467 2098 5520; x_wconf 85' lang='lat' dir='ltr'><strong>illustrationem</strong></span> <span class='ocrx_word' id='word_1_835' title='bbox 2133 5483 2224 5521; x_wconf 83' lang='lat' dir='ltr'><strong>ve-</strong></span> <span class='ocrx_word' id='word_1_836' title='bbox 2324 5465 2583 5518; x_wconf 76' lang='lat' dir='ltr'><strong>scirenoi</strong></span> <span class='ocrx_word' id='word_1_837' title='bbox 2606 5470 2848 5532; x_wconf 84' lang='lat' dir='ltr'><strong>possunt,</strong></span> <span class='ocrx_word' id='word_1_838' title='bbox 2868 5478 2989 5515; x_wconf 88' lang='lat' dir='ltr'><strong>man</strong></span> <span class='ocrx_word' id='word_1_839' title='bbox 3014 5484 3024 5498; x_wconf 88' lang='lat'><strong>-</strong></span> <span class='ocrx_word' id='word_1_840' title='bbox 3046 5477 3076 5515; x_wconf 92' lang='lat' dir='ltr'><strong>e</strong></span> <span class='ocrx_word' id='word_1_841' title='bbox 3109 5471 3145 5525; x_wconf 89' lang='lat' dir='ltr'><strong>t,</strong></span> <span class='ocrx_word' id='word_1_842' title='bbox 3172 5462 3263 5515; x_wconf 89' lang='lat' dir='ltr'><strong>sed</strong></span> <span class='ocrx_word' id='word_1_843' title='bbox 3286 5470 3572 5528; x_wconf 89' lang='lat' dir='ltr'><strong>antequam</strong></span> <span class='ocrx_word' id='word_1_844' title='bbox 3590 5457 3885 5511; x_wconf 71' lang='lat' dir='ltr'><strong>diluceswl.</strong></span> 
     </span>
    </p>
   </div>
   <div class='ocr_carea' id='block_1_68' title="bbox 653 5546 3887 5622">
    <p class='ocr_par' dir='ltr' id='par_1_68' title="bbox 653 5546 3887 5622">
     <span class='ocr_line' id='line_1_68' title="bbox 653 5546 3887 5622; baseline -0.004 -14"><span class='ocrx_word' id='word_1_845' title='bbox 653 5556 829 5608; x_wconf 83' lang='lat' dir='ltr'><strong>ritatis</strong></span> <span class='ocrx_word' id='word_1_846' title='bbox 856 5554 1029 5608; x_wconf 84' lang='lat' dir='ltr'><strong>lucida</strong></span> <span class='ocrx_word' id='word_1_847' title='bbox 1064 5554 1139 5605; x_wconf 72' lang='lat' dir='ltr'><strong>lit.</strong></span> <span class='ocrx_word' id='word_1_848' title='bbox 1170 5554 1425 5621; x_wconf 83' lang='lat' dir='ltr'><strong>ignorans</strong></span> <span class='ocrx_word' id='word_1_849' title='bbox 1460 5569 1607 5622; x_wconf 84' lang='lat' dir='ltr'><strong>ergo,</strong></span> <span class='ocrx_word' id='word_1_850' title='bbox 1642 5557 1692 5608; x_wconf 89' lang='lat' dir='ltr'><strong>in</strong></span> <span class='ocrx_word' id='word_1_851' title='bbox 1741 5566 1898 5610; x_wconf 88' lang='lat' dir='ltr'><strong>nocte</strong></span> <span class='ocrx_word' id='word_1_852' title='bbox 1946 5567 2055 5620; x_wconf 86' lang='lat' dir='ltr'><strong>est;</strong></span> <span class='ocrx_word' id='word_1_853' title='bbox 2102 5573 2222 5611; x_wconf 91' lang='lat' dir='ltr'><strong>cum</strong></span> <span class='ocrx_word' id='word_1_854' title='bbox 2327 5554 2478 5619; x_wconf 83' lang='lat' dir='ltr'><strong>Quod</strong></span> <span class='ocrx_word' id='word_1_855' title='bbox 2512 5555 2646 5608; x_wconf 85' lang='lat' dir='ltr'><strong>bene</strong></span> <span class='ocrx_word' id='word_1_856' title='bbox 2674 5554 2723 5606; x_wconf 86' lang='lat' dir='ltr'><strong>in</strong></span> <span class='ocrx_word' id='word_1_857' title='bbox 2768 5554 2882 5620; x_wconf 84' lang='lat' dir='ltr'><strong>ejus</strong></span> <span class='ocrx_word' id='word_1_858' title='bbox 2913 5553 3250 5605; x_wconf 86' lang='lat' dir='ltr'><strong>ordinatione</strong></span> <span class='ocrx_word' id='word_1_859' title='bbox 3279 5551 3490 5614; x_wconf 89' lang='lat' dir='ltr'><strong>dicitur,</strong></span> <span class='ocrx_word' id='word_1_860' title='bbox 3536 5550 3625 5619; x_wconf 90' lang='lat' dir='ltr'><strong>qui</strong></span> <span class='ocrx_word' id='word_1_861' title='bbox 3660 5546 3887 5611; x_wconf 70' lang='lat' dir='ltr'><strong>omnipw</strong></span> 
     </span>
    </p>
   </div>
   <div class='ocr_carea' id='block_1_69' title="bbox 657 5632 3891 5716">
    <p class='ocr_par' dir='ltr' id='par_1_69' title="bbox 657 5632 3891 5716">
     <span class='ocr_line' id='line_1_69' title="bbox 657 5632 3891 5716; baseline -0.005 -17"><span class='ocrx_word' id='word_1_862' title='bbox 657 5647 973 5706; x_wconf 68' lang='lat' dir='ltr'><strong>illustratur,</strong></span> <span class='ocrx_word' id='word_1_863' title='bbox 1021 5646 1071 5698; x_wconf 90' lang='lat' dir='ltr'><strong>in</strong></span> <span class='ocrx_word' id='word_1_864' title='bbox 1116 5646 1221 5699; x_wconf 86' lang='lat' dir='ltr'><strong>die.</strong></span> <span class='ocrx_word' id='word_1_865' title='bbox 1268 5644 1422 5698; x_wconf 83' lang='lat' dir='ltr'><strong>Mane</strong></span> <span class='ocrx_word' id='word_1_866' title='bbox 1469 5655 1645 5699; x_wconf 83' lang='lat' dir='ltr'><strong>autem</strong></span> <span class='ocrx_word' id='word_1_867' title='bbox 1688 5647 1856 5715; x_wconf 85' lang='lat' dir='ltr'><strong>surgit</strong></span> <span class='ocrx_word' id='word_1_868' title='bbox 1901 5649 1990 5716; x_wconf 89' lang='lat' dir='ltr'><strong>qui</strong></span> <span class='ocrx_word' id='word_1_869' title='bbox 2030 5649 2228 5701; x_wconf 88' lang='lat' dir='ltr'><strong>dormit</strong></span> <span class='ocrx_word' id='word_1_870' title='bbox 2328 5644 2459 5697; x_wconf 86' lang='lat' dir='ltr'><strong>lenti</strong></span> <span class='ocrx_word' id='word_1_871' title='bbox 2490 5644 2599 5696; x_wconf 70' lang='lat' dir='ltr'><strong>Deo</strong></span> <span class='ocrx_word' id='word_1_872' title='bbox 2625 5652 2812 5712; x_wconf 61' lang='lat' dir='ltr'><strong>postea</strong></span> <span class='ocrx_word' id='word_1_873' title='bbox 2842 5643 3171 5711; x_wconf 68' lang='lat' dir='ltr'><strong>displcuisse</strong></span> <span class='ocrx_word' id='word_1_874' title='bbox 3199 5648 3547 5693; x_wconf 80' lang='lat' dir='ltr'><strong>memoratur.</strong></span> <span class='ocrx_word' id='word_1_875' title='bbox 3581 5632 3891 5702; x_wconf 70' lang='lat' dir='ltr'><strong>Quasicniilt</strong></span> 
     </span>
    </p>
   </div>
   <div class='ocr_carea' id='block_1_70' title="bbox 660 5728 3887 5808">
    <p class='ocr_par' dir='ltr' id='par_1_70' title="bbox 660 5728 3887 5808">
     <span class='ocr_line' id='line_1_70' title="bbox 660 5728 3887 5808; baseline -0.003 -13"><span class='ocrx_word' id='word_1_876' title='bbox 660 5743 854 5796; x_wconf 73' lang='lat' dir='ltr'><strong>nocte:</strong></span> <span class='ocrx_word' id='word_1_877' title='bbox 887 5734 1098 5808; x_wconf 85' lang='lat' dir='ltr'><strong>quando</strong></span> <span class='ocrx_word' id='word_1_878' title='bbox 1128 5735 1192 5792; x_wconf 83' lang='lat' dir='ltr'><strong>ad</strong></span> <span class='ocrx_word' id='word_1_879' title='bbox 1222 5734 1422 5806; x_wconf 75' lang='lat' dir='ltr'><strong>agenda</strong></span> <span class='ocrx_word' id='word_1_880' title='bbox 1456 5750 1512 5789; x_wconf 88' lang='lat' dir='ltr'><strong>sc</strong></span> <span class='ocrx_word' id='word_1_881' title='bbox 1541 5735 1694 5805; x_wconf 82' lang='lat' dir='ltr'><strong>erigit</strong></span> <span class='ocrx_word' id='word_1_882' title='bbox 1720 5750 1810 5799; x_wconf 87' lang='lat' dir='ltr'><strong>ca,</strong></span> <span class='ocrx_word' id='word_1_883' title='bbox 1836 5752 1953 5806; x_wconf 70' lang='lat' dir='ltr'><strong>qua:</strong></span> <span class='ocrx_word' id='word_1_884' title='bbox 1982 5752 2077 5808; x_wconf 86' lang='lat' dir='ltr'><strong>per</strong></span> <span class='ocrx_word' id='word_1_885' title='bbox 2097 5754 2223 5793; x_wconf 91' lang='lat' dir='ltr'><strong>con-</strong></span> <span class='ocrx_word' id='word_1_886' title='bbox 2330 5752 2508 5806; x_wconf 83' lang='lat' dir='ltr'><strong>mane,</strong></span> <span class='ocrx_word' id='word_1_887' title='bbox 2547 5747 2831 5805; x_wconf 61' lang='lat' dir='ltr'><strong>antequam</strong></span> <span class='ocrx_word' id='word_1_888' title='bbox 2875 5736 3016 5790; x_wconf 83' lang='lat' dir='ltr'><strong>dilue</strong></span> <span class='ocrx_word' id='word_1_889' title='bbox 3040 5742 3260 5802; x_wconf 54' lang='lat' dir='ltr'><strong>sceret,</strong></span> <span class='ocrx_word' id='word_1_890' title='bbox 3286 5732 3553 5802; x_wconf 76' lang='lat' dir='ltr'><strong>propheta</strong></span> <span class='ocrx_word' id='word_1_891' title='bbox 3580 5728 3712 5783; x_wconf 73' lang='lat' dir='ltr'><strong>\idit</strong></span> <span class='ocrx_word' id='word_1_892' title='bbox 3740 5728 3887 5784; x_wconf 53' lang='lat' dir='ltr'><strong>bunt-</strong></span> 
     </span>
    </p>
   </div>
  </div>
