3962 6320
105 400 197 454 277

918 392 982 446 IN
1023 389 1286 447 PRIMUM
1329 389 1567 447 REGUM
1611 388 2129 446 EXPOSITIONES.
2171 421 2240 432 —
2283 391 2413 447 LIB.
2456 392 2541 448 IV.
3268 402 3374 456 27:8

107 513 184 585 qui
219 511 268 566 ei
319 511 375 570 in
414 510 538 565 luce
589 507 745 562 bona:
791 505 1220 562 conversationis
1266 504 1534 574 apparuit.
1581 501 1686 557 Sed
1714 504 1767 564 Α
1790 501 2013 556 dicatori
2043 503 2296 558 convenit
2327 522 2340 557 :
2372 519 2496 558 nam
2533 503 2662 559 dum
2693 505 2902 575 pondus
2932 507 3211 574 pastoralis
3241 525 3385 564 curae

107 605 249 673 plena
281 601 390 656 dici
438 600 660 655 claritas
689 596 925 652 nondum
972 604 1110 660 erat,
1143 596 1267 664 quia
1299 595 1349 648 in
1380 610 1447 648 eo
1490 595 1697 647 futuras

109 691 347 746 tenebras
367 705 468 760 per
492 696 812 759 praesentem
831 686 1156 756 cognitionis
1179 687 1352 741 lucem
1377 684 1561 740 videre
1584 699 1695 739 non

109 790 329 852 poterat.
355 779 514 846 Quod
542 779 794 832 nimirum
818 777 982 832 toties
1002 784 1203 831 sancta:
1224 774 1474 830 Ecclesiae
1498 775 1695 844 agitur,

108 872 306 942 quoties
333 871 461 924 boni
490 878 646 934 sunt,
693 869 784 937 qui
813 867 1087 934 eliguntur
1116 867 1168 920 in
1198 867 1482 936 praesenti,
1513 864 1606 920 sed
1642 865 1694 919 in

108 962 281 1018 eodem
303 961 452 1017 bono
474 959 868 1031 perseveratnri
891 974 997 1012 non
1018 965 1163 1013 sunt.
1179 956 1342 1028 Quasi
1356 957 1498 1012 enim
1513 970 1691 1024 mane,

108 1062 155 1108 et
178 1060 305 1107 ante
331 1052 513 1107 lucem
544 1050 840 1120 egrulitur,
871 1051 963 1119 qui
995 1050 1168 1104 lucem
1192 1050 1315 1105 boni
1344 1049 1525 1119 operis
1553 1065 1698 1120 prm-

107 1153 298 1200 sentem
320 1150 611 1206 monstrat,
661 1142 947 1210 caliginem
978 1141 1103 1196 vitae
1131 1139 1361 1196 futuram
1387 1141 1550 1197 celat.
1585 1140 1695 1197 Sed

107 1233 218 1303 quid
247 1231 378 1287 inde
401 1241 586 1286 actum
617 1231 709 1294 sit,
740 1230 985 1298 sequitur
1013 1248 1026 1282 :

164 1324 350 1394 (Vers.
408 1322 501 1385 27,
547 1325 704 1391 seq.)
730 1321 954 1394 Cumque
980 1322 1346 1376 descenderant
1370 1321 1424 1375 in
1462 1332 1692 1375 extrema

109 1425 241 1488 parte
265 1416 515 1477 ciuitatis,
543 1412 758 1469 Samuel
777 1411 914 1466 dixit
936 1412 1004 1464 ad
1025 1412 1189 1466 Saul:
1219 1411 1314 1466 Dic
1333 1429 1492 1482 puero
1515 1422 1568 1465 ut
1597 1429 1694 1466 an-

111 1508 294 1562 tecedat
331 1523 449 1570 nos,
480 1514 531 1559 et
558 1512 794 1558 transeat
817 1521 836 1558 :
862 1513 938 1556 tu~
960 1514 1131 1557 autem
1157 1502 1378 1558 subsiste
1407 1506 1690 1575 paulisper,

111 1612 156 1655 ut
181 1600 396 1655 indicem
428 1600 517 1656 tibi
547 1596 755 1652 verbum
798 1596 1030 1652 Domini.
1073 1595 1213 1650 Tulit
1258 1605 1430 1649 autem
1478 1597 1692 1654 Samuel

110 1690 392 1748 lenticulam
423 1690 546 1754 olei,
575 1697 626 1742 et
652 1687 836 1756 eﬁ‘udit
872 1703 1027 1756 super
1056 1694 1209 1757 caput
1233 1686 1376 1756 ejus,
1416 1694 1464 1739 et
1490 1687 1694 1741 osculu-

118 1795 185 1835 tus
213 1791 290 1834 εει
319 1797 456 1834 etim.

1802 591 2107 647 considerat
2133 600 2187 648 et
2224 592 2587 648 inﬁrmitatem
2617 611 2790 664 suam,
2821 596 2925 652 hoc
2956 596 3059 650 sibi
3098 612 3158 651 se
3183 614 3383 667 pmice-

1799 682 1932 738 dens
1961 685 2180 754 spiritus
2224 685 2390 741 dicit:
2421 687 2545 754 quia
2588 697 2794 742 tantum
2822 705 2959 744 onus
3003 697 3111 743 tam
3143 690 3382 746 inﬁrmus

1800 775 2014 844 indigne
2060 777 2301 846 suscipit.
2341 777 2722 834 Prmtermittat
2749 796 2877 848 ergo
2907 797 3016 836 non
3044 782 3256 849 solum,
3288 784 3382 838 sed

1798 865 2026 920 transire
2053 866 2218 922 faciat
2261 883 2485 937 puerum
2511 886 2524 921 :
2559 878 2618 923 ut
2646 886 2754 924 non
2801 871 3081 926 arbitrium
3109 887 3266 928 suum
3295 889 3383 928 sc-

1797 967 2013 1028 quatur,
2055 961 2149 1015 sed
2179 961 2308 1016 illud
2347 961 2622 1032 suscipiat,
2655 963 2798 1032 quod
2843 964 2891 1018 ei
2923 965 3157 1020 melioris
3200 967 3384 1035 provi-

1796 1047 1950 1105 sione
1982 1049 2307 1107 decernitur.
2333 1051 2402 1107 Et
2429 1051 2496 1108 de
2521 1053 2845 1108 subsistente
2866 1055 3124 1124 protinus
3144 1057 3378 1113 additur.

2419 1141 2648 1198 CAPUT
2696 1143 2755 1196 V.

1867 1231 1916 1300 (l
1950 1231 2082 1301 Reg.
2113 1251 2167 1299 Χ,
2195 1232 2271 1302 1.)
2307 1232 2443 1290 Tulit
2469 1243 2638 1287 autent
2669 1235 2882 1290 Samuel
2911 1235 3210 1290 lenticulam
3246 1235 3373 1300 olei,

1794 1329 1842 1375 et
1867 1321 2048 1390 e/j'udlt
2074 1340 2227 1393 super
2252 1333 2404 1395 caput
2431 1324 2564 1394 ejus.

1869 1410 1918 1464 1.
1951 1411 2067 1466 lloc
2098 1412 2337 1481 profecto
2367 1415 2470 1468 hac
2492 1415 2744 1471 unctione
2770 1416 3105 1486 exprimitur,
3148 1417 3292 1487 quod
3325 1418 3376 1470 in

1793 1513 1978 1557 sancta
2010 1503 2244 1559 Ecclesia
2276 1522 2420 1562 nunc
2447 1508 2608 1562 etiam
2652 1509 3004 1562 materialiter
3049 1510 3335 1564 exhibetur
3362 1529 3372 1561 :

1793 1594 1917 1662 quia
1960 1596 2050 1664 qui
2101 1596 2153 1649 in
2201 1597 2436 1652 culmine
2483 1598 2728 1667 ponitur,
2767 1607 3100 1653 sacramenta
3154 1600 3376 1668 suscipit

1795 1684 2078 1739 unctionis.
2109 1684 2243 1750 Quia
2267 1701 2395 1740 vero
2416 1687 2527 1756 ipsa
2559 1689 2740 1742 unctio
2764 1695 3158 1742 sacramentum
3193 1697 3297 1752 est,
3332 1690 3376 1741 is

1793 1772 1883 1840 qui
1913 1783 2282 1842 promovetur,
2315 1776 2453 1830 bene
2483 1776 2610 1830 foris
2655 1777 2898 1846 ungitur,
2926 1777 2972 1830 si
3003 1778 3145 1830 intus
3181 1777 3376 1830 virtute

171 1872 260 1925 63.
288 1870 429 1936 Quid
455 1877 544 1924 est
563 1869 727 1934 enim,
755 1867 898 1939 quod
920 1867 974 1922 in
1002 1877 1245 1924 extrema
1275 1877 1430 1940 parte
1457 1868 1687 1924 civitatis
1718 1874 1764 1934 Β
1791 1864 2118 1926 sacramenti
2146 1865 2449 1920 roboretur.
2481 1865 2629 1935 lpsas
2656 1881 2785 1935 ergo
2813 1866 2920 1922 olei
2965 1867 3189 1922 virtutes
3229 1867 3375 1936 prius

113 1980 194 2018 rex
223 1962 453 2026 ducitur,
483 1970 540 2015 et
567 1961 826 2029 ungitur?
870 1959 980 2016 Sed
1021 1970 1261 2014 extrema
1301 1975 1428 2029 pars
1455 1960 1686 2015 civitatis

110 2065 184 2112 at
207 2055 390 2110 ultima
416 2069 542 2123 pars
563 2053 746 2124 populi
773 2053 1022 2121 subjecti.
1055 2052 1160 2119 Qui
1179 2066 1309 2120 ergo
1331 2052 1575 2107 ultimum
1600 2051 1682 2106 lo-

111 2162 218 2202 cum
238 2154 426 2200 tenent
447 2146 501 2199 in
525 2153 713 2199 sancta
735 2143 996 2208 Ecclesia,
1020 2144 1168 2198 velut
1194 2143 1246 2197 in
1270 2156 1508 2198 extrema
1532 2153 1684 2214 parte

110 2237 324 2292 civitatis
345 2243 490 2290 sunt.
525 2235 698 2304 Ipsius
721 2243 902 2290 autem
931 2233 1184 2290 Ecclesiae
1210 2235 1263 2289 in
1294 2236 1479 2290 ultima
1508 2244 1628 2305 part
1645 2253 1682 2302 ',

111 2325 338 2379 conversi
366 2330 687 2392 peccatores
712 2338 834 2378 esse
859 2323 1130 2378 videntur.
1171 2324 1305 2378 Nam
1328 2324 1455 2393 justi
1484 2325 1684 2393 quique

112 2417 157 2468 in
181 2414 444 2483 superiori
487 2413 574 2468 vel
616 2414 787 2482 prima
817 2420 945 2468 sunt
969 2420 1142 2483 parte.
1173 2413 1281 2468 Aut
1315 2413 1482 2468 tortas
1511 2428 1542 2468 e
1570 2417 1682 2484 pri-

112 2521 241 2561 mum
271 2506 450 2560 locum
480 2505 757 2574 virginitas
792 2513 961 2574 tenet,
989 2506 1282 2561 secundum
1318 2505 1646 2560 continentia
1665 2547 1682 2573 ,

117 2596 312 2649 tertium
345 2593 647 2662 conjugalis
673 2595 803 2659 vita,
846 2595 1093 2649 ultimum
1123 2597 1405 2650 conversio
1429 2603 1682 2665 peccato-

114 2701 236 2739 rum.
269 2683 326 2737 ln
355 2695 600 2738 extrema
632 2685 794 2754 igitur
833 2685 1064 2740 civitatis
1089 2696 1243 2754 parte
1283 2701 1376 2740 rex
1424 2684 1638 2753 ungitur
1666 2703 1678 2738 :

115 2775 226 2840 quia
246 2782 446 2829 sancta:
475 2773 728 2830 Ecclesia
765 2784 941 2830 rector
963 2775 1266 2840 ordinatur,
1299 2791 1396 2844 pro
1431 2783 1684 2844 peccato-

116 2865 266 2929 ribus,
294 2881 402 2918 non
429 2879 528 2934 pro
553 2864 732 2934 justis.
765 2863 901 2919 llinc
927 2865 1068 2919 enim
1090 2880 1188 2933 per
1211 2864 1558 2934 semetipsum
1581 2863 1681 2918 Ve-

117 2955 234 3007 ritas
256 2953 386 3009 dicit
411 2971 428 3008 :
461 2953 585 3008 Non
615 2956 729 3008 veni
772 2971 952 3008 uocare
974 2955 1162 3023 justas,
1190 2954 1280 3007 sed
1305 2961 1593 3022 peccatores
1615 2953 1684 3006 ad

115 3047 452 3109 pmritentiam
477 3044 699 3114 (Hutth.
727 3061 798 3108 ix,
829 3045 942 3114 15).
974 3043 1110 3099 llinc
1137 3045 1329 3111 iterum
1359 3043 1488 3098 dicit
1513 3061 1525 3096 :
1558 3042 1682 3097 Non

113 3153 226 3203 opus
253 3136 444 3191 habent
470 3139 589 3190 sani
613 3137 831 3202 medico,
848 3137 937 3189 sed
955 3136 1090 3189 male
1109 3136 1349 3190 habentes
1366 3135 1552 3205 (lbid.,
1569 3136 1679 3204 15).

1787 1953 2062 2010 videamus
2106 1955 2384 2010 attentius.
2435 1953 2626 2010 Oleum
2671 1957 2872 2027 quippe
2917 1956 3215 2026 liquoribus
3255 1958 3374 2013 aliis

1783 2045 2134 2116 superfertur,
2164 2047 2342 2103 oleum
2370 2047 2549 2118 ignem
2592 2048 2764 2112 fovet,
2796 2049 2976 2104 oleum
3005 2049 3227 2104 vulnera
3267 2066 3366 2105 cu-

1783 2153 1905 2193 rare
1941 2139 2242 2194 consuevit.
2284 2138 2389 2194 Per
2415 2139 2544 2194 illud
2586 2155 2716 2210 ergo
2745 2140 3128 2195 misericordiae
3166 2141 3366 2196 bonum

1782 2228 2067 2296 signiﬁcat,
2097 2229 2222 2297 quia
2267 2229 2526 2298 scriptum
2554 2227 2622 2283 de
2653 2228 2877 2284 Domino
2909 2238 2992 2284 est
3018 2251 3032 2286 :
3073 2228 3371 2286 Miseratio-

1783 2338 1872 2376 nes
1902 2322 2012 2390 ejus
2035 2337 2189 2390 super
2208 2323 2383 2375 omnia
2405 2337 2564 2391 opera
2591 2321 2702 2390 ejus
2727 2321 2899 2392 (Psal.
2927 2339 3105 2387 cxuv,
3131 2322 3209 2394 9).
3235 2322 3368 2389 Quia

1785 2411 1960 2477 ignem
2006 2410 2172 2479 fovet,
2219 2411 2616 2481 praedicationis
2658 2414 2882 2481 gratiam
2929 2415 3197 2482 designat,
3250 2431 3369 2483 qua:

1783 2506 2076 2560 electorum
2122 2514 2333 2562 mentes
2360 2505 2644 2560 illuminat.
2676 2506 2811 2572 Quia
2859 2523 2988 2562 vero
3023 2508 3241 2562 vulnera
3271 2524 3365 2575 ιιι-ι’

1783 2598 1960 2652 Oleum
1992 2605 2251 2650 curantur
2274 2636 2289 2661 ,
2327 2598 2431 2651 hoc
2461 2597 2704 2666 profecto
2733 2597 2988 2662 insinuat,
3021 2597 3161 2667 quod
3192 2597 3370 2652 deter-

1783 2685 1954 2753 genda
1981 2693 2106 2739 sunt
2133 2686 2350 2740 vulnera
2383 2694 2748 2754 peccatorum.
2788 2683 3028 2754 Ungatur
3053 2701 3182 2756 ergo
3205 2696 3366 2755 caput

1786 2772 1944 2839 regis,
1975 2773 2098 2839 quia
2134 2773 2397 2842 spirituali
2428 2774 2598 2842 gratia
2639 2789 2792 2828 mens
2831 2783 2915 2828 est
2944 2774 3195 2844 replenda
3242 2775 3368 2828 doc-

1786 2864 1933 2917 toris.
1965 2862 2173 2917 llabeat
2203 2864 2254 2917 in
2283 2864 2539 2919 unctione
2563 2879 2660 2918 sua
2699 2865 2898 2930 oleum,
2933 2866 3127 2919 habeat
3162 2867 3369 2920 miseri-

1783 2954 2020 3008 cordiam
2047 2954 2433 3022 abundantem,
2463 2970 2581 3024 qua:
2608 2954 2708 3010 sibi
2734 2955 3016 3009 virtutibus
3037 2955 3156 3009 aliis
3178 2955 3368 3024 prurie—

1785 3054 1955 3100 ratur.
1981 3045 2189 3100 Habeat
2211 3046 2412 3110 oleum,
2438 3055 2496 3100 ut
2519 3046 2644 3100 dum
2672 3046 2918 3100 ardorem
2941 3046 3109 3099 sancti
3140 3045 3370 3114 Spiritus

1787 3137 1841 3192 in
1887 3153 1945 3192 se
1987 3137 2185 3204 nutrit,
2222 3137 2402 3191 lucere
2445 3138 2792 3192 vehementer
2837 3138 2955 3192 aliis
3003 3153 3100 3206 per
3147 3138 3364 3192 verbum

173 3225 259 3279 6t.
287 3225 395 3280 Sed
441 3240 670 3295 puerum
707 3226 883 3280 Saulis
911 3225 1243 3294 spinilualcm
1284 3241 1500 3280 sensum
1538 3227 1678 3281 desi-
1705 3231 1755 3292 ρ
1788 3232 1975 3303 possit.
2008 3231 2212 3287 Habeat
2241 3232 2582 3287 nihilominus
2628 3231 2806 3286 oleum
2848 3230 3145 3295 medicina,
3177 3238 3233 3283 ut
3279 3247 3365 3284 sa-

113 3329 265 3378 gnare
293 3313 551 3369 diximus.
607 3314 744 3380 Quid
775 3323 858 3368 est
905 3329 1053 3382 ergo,
1084 3315 1228 3382 quod
1277 3315 1580 3385 przecedcre
1628 3326 1684 3371 et

112 3403 333 3459 transire
377 3420 409 3458 a
446 3403 698 3458 Samuele
735 3405 1065 3472 imperatur?
1093 3405 1197 3459 Sed
1227 3405 1480 3474 prmcedit
1520 3422 1679 3476 puer,

108 3495 318 3562 quando
371 3495 477 3550 hoc
518 3497 712 3564 agitur,
754 3496 898 3565 quod
944 3511 974 3550 a
1024 3496 1288 3565 spirituali
1331 3513 1492 3552 sensu
1531 3499 1684 3552 nobis

109 3584 428 3654 suggeritur,
468 3602 575 3640 non
604 3586 745 3655 quod
772 3602 804 3640 a
833 3597 978 3641 motu
1011 3590 1209 3643 carnali
1241 3591 1550 3659 imperatur.
1580 3589 1683 3644 Sed

108 3673 362 3741 quosdam
402 3676 658 3745 prmeedit
700 3683 756 3729 ct
796 3677 1005 3738 transit.
1047 3678 1307 3746 quosdam
1354 3679 1602 3750 praecedit
1633 3687 1688 3733 et

109 3783 207 3822 non
235 3770 449 3822 transit.
481 3767 597 3822 Non
626 3768 819 3822 transit
844 3768 1059 3836 quidem
1089 3769 1397 3838 prmccdens
1425 3785 1557 3838 puer
1599 3785 1686 3823 ar-

110 3865 379 3926 rogantes,
412 3858 604 3912 transit
627 3857 856 3912 humiles
887 3873 901 3911 :
934 3873 1057 3912 nam
1083 3859 1206 3912 dum
1236 3874 1393 3928 arrog
1427 3868 1484 3912 nt
1519 3874 1545 3913 s
1572 3874 1685 3911 ma-

109 3963 202 4015 gna
242 3959 299 4004 et
325 3950 634 4020 spiritualia
663 3958 848 4021 agunt,
890 3951 943 4005 in
972 3951 1142 4005 oculis
1179 3952 1288 4006 suis
1317 3951 1492 4018 magni
1540 3959 1688 4005 sunt.

109 4039 262 4104 Quasi
296 4041 445 4096 enim
470 4057 654 4096 secum
687 4040 887 4095 habent
908 4057 1155 4110 puerum,
1181 4055 1342 4109 quem
1371 4049 1689 4110 sequuntur,

109 4132 193 4198 qui
234 4131 289 4185 in
319 4132 722 4202 spiritualibus,
752 4147 875 4200 qua:
922 4141 1105 4200 agunt,
1134 4133 1440 4202 spirituales
1466 4149 1527 4188 se
1573 4149 1692 4189 esse

108 4222 423 4286 gloriantur.
454 4221 662 4286 Quibus
687 4221 864 4291 protei
877 4230 930 4276 to
957 4223 1215 4292 propheta
1256 4223 1566 4291 exprobrat,
1613 4224 1693 4277 di-

107 4324 227 4364 cens
249 4328 264 4363 :
300 4310 392 4366 Va:
411 4313 501 4380 qui
528 4313 788 4383 sapientes
815 4315 936 4366 estis
960 4315 1015 4368 in
1041 4313 1200 4368 oculis
1229 4315 1422 4379 vestris,
1449 4322 1496 4367 et
1518 4331 1690 4368 eorum

108 4401 486 4472 robismetipsis
521 4403 797 4472 prudentes
841 4402 984 4474 (Isa.
1028 4420 1078 4470 ν,
1109 4403 1222 4474 21).
1255 4404 1424 4459 Electi
1464 4419 1594 4473 ergo
1641 4406 1692 4459 in

109 4490 353 4546 omnibus
382 4507 509 4561 qua:
529 4501 731 4560 agunt,
762 4508 880 4548 esse
903 4494 1117 4562 quidem
1147 4495 1448 4563 spirituales
1485 4505 1693 4560 curant,

1786 3324 1997 3393 pienter
2022 3323 2289 3392 disponat,
2312 3323 2541 3393 qualiter
2561 3331 2751 3392 peccat
2773 3337 2902 3375 trum
2924 3321 3140 3375 fmtorcs
3169 3329 3360 3388 letgut,

1787 3423 1842 3468 et
1867 3427 2039 3481 aegras
2066 3422 2273 3468 mentes
2301 3413 2462 3467 saluti
2500 3413 2765 3466 restituat.
2809 3409 2914 3465 Sed
2948 3409 3200 3464 lenticula
3239 3410 3366 3463 Saul

1790 3501 2022 3569 ungitur,
2055 3517 2160 3556 non
2205 3516 2302 3570 pro
2345 3499 2711 3570 prmsignanda
2741 3499 3006 3563 doctzina,
3043 3498 3136 3552 sel
3180 3497 3244 3551 ad
3275 3513 3367 3552 ex-

1791 3591 2067 3660 primenda
2097 3591 2292 3645 futura.
2327 3590 2602 3645 Lcnticula
2630 3589 2844 3658 quidem
2868 3603 3086 3656 parvum
3129 3597 3209 3640 est
3238 3601 3328 3638 vas
3355 3605 3366 3636 :

1787 3681 1878 3748 qui
1900 3681 1914 3732 l
1938 3694 2066 3748 ergo
2093 3688 2205 3743 est,
2241 3680 2384 3748 quod
2414 3679 2666 3734 lenticula
2697 3679 2802 3733 olei
2830 3678 2956 3732 Saul
2997 3678 3229 3744 ungitur,
3267 3676 3366 3727 nisi

1787 3771 1910 3838 quia
1941 3771 1994 3824 in
2026 3769 2130 3823 line
2159 3769 2516 3838 reprobatur?
2544 3768 2676 3822 Nam
2700 3768 2824 3836 quia
2867 3765 3090 3821 obedire
3125 3767 3233 3819 Deo
3264 3779 3367 3833 po-

1789 3871 1902 3916 stea
1937 3861 2126 3924 noluit,
2163 3875 2194 3913 a
2230 3860 2482 3914 Samuele
2512 3858 2750 3912 audivit:
2791 3856 2924 3921 Quia
2953 3856 3215 3926 projccisti
3261 3871 3367 3908 ser-

1791 3967 1988 4004 monem
2011 3949 2240 4016 Domini,
2264 3949 2476 4020 projecit
2500 3958 2546 4002 te
2575 3948 2846 4008 Dominus,
2871 3964 2934 4000 ne
2958 3947 3029 4000 sis
3051 3963 3142 3999 rex
3163 3943 3215 4016 (Ι
3245 3944 3368 4014 Reg.

1791 4058 1880 4104 xv,
1905 4041 2020 4106 26).
2050 4039 2205 4094 Velut
2233 4041 2374 4094 enim
2404 4040 2653 4094 lenticula
2679 4039 2782 4093 olei
2808 4053 2997 4109 parum
3037 4038 3248 4100 habuit,
3281 4037 3369 4103 qui

1791 4131 2121 4201 Spiritnalem
2167 4131 2391 4197 gratiam
2432 4129 2794 4198 projiciendus
2848 4129 3076 4197 accepit.
3126 4127 3278 4193 Quod
3323 4127 3375 4180 in

1793 4222 2091 4277 rectoribus
2112 4236 2327 4290 quoque
2346 4231 2542 4276 sancta:
2563 4220 2814 4276 Ecclesia:
2836 4222 3220 4276 cotwcnienter
3238 4223 3375 4274 acci-

1793 4313 1953 4383 pitur.
1986 4311 2308 4380 Plvrnmque
2330 4312 2468 4364 enim
2493 4312 2704 4367 culmen
2729 4313 3052 4381 pt‘mlationis
3075 4312 3341 4380 accipiunt
3364 4354 3374 4372 ,

1794 4407 1884 4472 qui
1916 4406 1968 4459 in
2015 4404 2277 4460 charitate
2306 4406 2398 4459 Dei
2439 4413 2495 4459 et
2537 4406 2769 4474 proximi
2809 4406 2971 4474 perl'e.
2991 4407 3030 4458 ti
3077 4422 3181 4459 non
3228 4415 3373 4459 sunt.

1797 4496 2092 4562 Quemdam
2143 4512 2373 4565 namque
2420 4497 2668 4551 allectum
2705 4497 2986 4552 charieatis
3032 4498 3250 4558 habent,
3281 4498 3376 4550 sed

105 4586 157 4631 et
197 4587 387 4635 tenere
415 4597 479 4636 se
527 4582 832 4650 Spiritualcs
871 4585 1059 4638 vitant.
1098 4583 1275 4654 Magni
1315 4585 1528 4653 quidem
1570 4593 1694 4638 sunt
1723 4606 1770 4664 ο
1799 4585 2180 4654 plenitudinem
2204 4585 2319 4652 ejus
2351 4601 2456 4638 non
2487 4587 2703 4640 habent.
2735 4587 2827 4640 llla
2866 4601 2999 4653 ergo
3027 4604 3085 4640 ru
3109 4588 3171 4640 lis
3200 4595 3254 4640 et
3283 4587 3381 4638 im-

109 4673 313 4739 merito,
369 4674 609 4728 humiles
649 4675 1046 4731 :estimatione:
1075 4677 1201 4744 quia
1249 4691 1463 4746 semper
1504 4692 1694 4746 magna

105 4770 296 4828 agunt,
327 4763 430 4818 sed
480 4764 537 4817 in
578 4764 780 4818 eisdem
823 4765 1025 4834 magnis
1069 4780 1130 4821 se
1173 4781 1397 4834 magnos
1423 4782 1693 4835 nunquam

105 4851 393 4917 aspiciunt.
447 4853 615 4920 Quasi
660 4869 791 4924 ergo
837 4871 1097 4924 puerum,
1137 4871 1297 4925 quem
1341 4857 1692 4925 praunittunt,

106 4943 336 4998 transire
366 4944 601 5014 faciunt,
629 4962 748 5002 cum
777 4947 1108 5016 spiritualem
1137 4963 1348 5002 sensum
1378 4957 1694 5017 prmsentem

106 5031 303 5087 habent
325 5034 384 5088 in
408 5049 602 5106 opere,
630 5036 722 5091 sed
745 5036 905 5105 longe
929 5037 997 5092 ab
1017 5038 1390 5093 aestimatione.
1410 5036 1546 5104 Quid
1570 5052 1697 5092 vero

103 5128 202 5187 est,
221 5123 374 5193 quod
405 5125 682 5195 paulisper
707 5127 1000 5182 subsistere
1028 5127 1363 5198 praecipitur,
1401 5136 1458 5181 ut
1483 5129 1532 5182 ei
1575 5144 1698 5181 vcr-

105 5214 226 5270 bum
254 5217 483 5272 Domini
510 5218 816 5274 indicetur?
842 5220 948 5275 Sed
976 5221 1244 5290 paulisper
1276 5220 1538 5287 subsistit,
1565 5235 1700 5289 pra:-

106 5304 264 5361 niisso
291 5322 496 5376 puero,
521 5309 613 5376 qui
655 5310 723 5363 ad
751 5309 940 5365 horam
970 5325 1030 5365 se
1058 5311 1276 5378 preprio
1317 5309 1537 5364 arbitrio
1569 5311 1698 5364 sub-

106 5399 283 5462 trahit,
327 5408 392 5455 et
433 5400 668 5455 alienam
709 5404 1042 5457 voluntatem
1082 5403 1228 5458 facit.
1277 5402 1381 5457 Tra
1421 5403 1529 5458 sire
1570 5416 1698 5470 ergo

106 5487 225 5542 facit
254 5506 518 5560 puerum,
553 5501 611 5547 et
655 5496 816 5564 228
856 5495 1126 5565 paulisper
1172 5494 1442 5557 subsistit,
1492 5494 1585 5563 qui
1633 5496 1698 5548 ad

107 5592 438 5651 pmcepttim
475 5585 695 5653 majoris
726 5587 811 5639 illa
843 5587 1024 5650 etiam,
1049 5601 1171 5656 qua:
1199 5594 1351 5655 putat
1378 5585 1694 5654 spiritualia,

105 5671 302 5726 deserit
330 5691 346 5725 :
391 5673 625 5734 deserit,
659 5682 717 5729 ut
758 5691 818 5728 ea
841 5717 855 5736 .
883 5692 1003 5746 quat
1031 5676 1132 5730 sibi
1172 5676 1536 5742 injungnutnr,
1584 5673 1700 5727 clli-

102 5777 223 5817 εει-ρ
248 5766 648 5821 convenienter
678 5783 775 5838 pos
807 5769 862 5821 it.
888 5768 1040 5833 Quod
1070 5777 1215 5823 certe
1239 5765 1536 5822 oalinanda
1567 5782 1698 5834 pra:-

1804 4680 2034 4748 perl'ecta
2063 4679 2256 4731 tuentis
2284 4677 2517 4742 allectio,
2540 4679 2664 4747 quil
2696 4687 2779 4732 est
2805 4679 2911 4732 nisi
2954 4678 3204 4732 lenticula
3243 4678 3379 4730 o‘ci?

1801 4769 1933 4824 Nam
1965 4769 2092 4822 dum
2124 4768 2272 4835 ungit
2308 4775 2486 4836 caput,
2529 4774 2584 4819 ct
2613 4782 2719 4820 non
2762 4767 2935 4833 replet
2968 4783 2980 4818 :
3015 4773 3126 4818 toia
3163 4765 3378 4832 quidrm

1801 4859 2114 4925 cll'unditur,
2144 4858 2236 4912 sed
2263 4873 2449 4926 parum
2475 4855 2710 4910 exhibet.
2741 4855 2780 4906 E
2818 4862 3003 4909 contra
3034 4862 3216 4907 autem
3254 4869 3376 4907 cum

1798 4951 2003 5005 eisetus
2045 4964 2172 5015 rex,
2204 4947 2329 5016 ungi
2367 4946 2704 5016 pnncipitur,
2749 4945 3241 5014 eidem-propheta
3285 4944 3381 4996 Do.

1802 5040 1982 5095 minus
2021 5039 2139 5093 ait:
2194 5036 2360 5107 Imple
2389 5053 2546 5090 cornu
2577 5044 2718 5089 tuum
2759 5035 2900 5101 oleo,
2941 5043 2990 5087 et
3036 5035 3148 5087 ι·εηὶ
3185 5035 3386 5087 mittant

1805 5138 1852 5182 te
1880 5128 1948 5181 ad
1977 5125 2089 5181 Isai
2124 5125 2538 5179 Bethlehemitem
2569 5140 2586 5177 :
2628 5124 2825 5190 providi
2853 5124 2988 5176 enim
3030 5124 3084 5177 in
3118 5124 3241 5193 [iliis
3271 5123 3382 5194 ejus

1803 5219 1927 5272 milii
1951 5233 2122 5286 regem
2143 5215 2196 5286 (I
2219 5215 2348 5286 Reg.
2381 5230 2486 5277 μοι,
2517 5213 2592 5284 1).
2625 5213 2761 5268 llinc
2787 5224 2890 5278 est,
2915 5212 3055 5281 quod
3075 5213 3218 5266 idem
3241 5213 3382 5266 elec-

1803 5317 1886 5364 tus
1911 5323 2001 5362 rex
2031 5305 2413 5377 plenitudinem
2446 5321 2531 5358 unt
2552 5305 2713 5359 tionis
2750 5320 2861 5360 sua:
2898 5305 2991 5358 Dei
3013 5305 3263 5358 laudibus
3294 5303 3382 5355 im-

1802 5406 2014 5468 putans,
2043 5397 2118 5450 ait
2149 5413 2161 5450 :
2196 5394 2540 5464 Impinguasti
2569 5397 2620 5448 in
2658 5395 2768 5448 olto
2797 5402 2949 5464 caput
2978 5410 3172 5455 meum,
3204 5401 3251 5446 et
3281 5410 3375 5460 pu-

1801 5489 1968 5542 culum
1989 5501 2154 5540 meum
2170 5485 2431 5538 inebrians
2469 5500 2622 5555 quam
2641 5484 2944 5551 prwclarum
2961 5492 3036 5536 est
3054 5482 3224 5552 (l’sul.
3252 5495 3381 5542 xm,

1802 5578 1892 5648 5).
1925 5578 2024 5644 Qui
2054 5592 2184 5646 ergo
2225 5575 2452 5645 gratiam
2488 5575 2756 5630 unctionis
2797 5591 2904 5628 non
2943 5579 3380 5644 perseveraturus

1802 5669 2030 5737 accepit,
2063 5667 2405 5737 dispen=ante
2449 5666 2591 5729 lico,
2630 5680 2724 5734 per
2769 5666 2908 5718 il‘ius
2939 5665 3077 5717 vasis
3117 5662 3384 5730 liquorem

1805 5761 2035 5826 ungitur,
2065 5774 2172 5827 quo
2203 5758 2347 5812 uncti
2371 5756 2598 5813 deiectio
2629 5758 2952 5824 signaretur.
2979 5754 3228 5822 Sequitur
3254 5767 3268 5804 :
