3962 6318
592 365 697 424 ἳῖθ

1807 368 2050 428 ssnon
2091 367 2416 425 GllEGOllll
2456 370 2666 426 suum
3692 338 3695 341 ’
3745 382 3831 436 ego

664 478 843 549 (Vcrs.
868 479 944 551 l.)
975 480 1046 535 Et
1074 482 1329 536 osculatus
1358 490 1433 536 est
1470 498 1583 537 eum
1603 522 1619 549 ,
1648 492 1696 538 et
1723 484 1797 538 ait
1823 499 1841 539 :
1870 483 2006 540 Ecce
2033 488 2183 540 unxit
2215 488 2254 541 Α
2288 482 2339 536 id
2381 483 2527 551 quod
2556 484 2815 542 Dominus
2855 503 2961 542 non
2992 491 3203 559 qumrit,
3236 500 3347 547 tota
3375 492 3725 551 sollicitudine
3762 499 3832 555 in-

594 579 642 623 te
671 569 808 623 Deus
839 588 993 641 super
1017 572 1366 626 Ira'reditatem
1397 590 1545 627 suam
1570 576 1622 628 in
1652 576 1954 645 principem,
1986 586 2035 631 et
2063 578 2180 631 lbe-

591 658 731 713 rnbis
768 661 1011 730 populum
1038 665 1149 734 ejus
1188 663 1251 717 de
1288 681 1444 718 manu
1490 666 1813 721 inimicorum
1840 670 1982 739 ejus,
2014 670 2099 738 qui
2124 671 2177 723 in

589 748 805 802 circuitu
832 752 946 821 ejus
967 761 1104 806 sunt.

662 842 823 912 229
866 841 918 895 2.
960 842 1041 896 Ad
1072 844 1283 899 culmen
1305 854 1507 901 sanctzre
1535 846 1790 904 Ecclesiae
1821 856 2000 904 rector
2024 849 2177 903 duci-

593 943 698 997 tur,
724 944 781 989 ut
807 936 909 991 boc
937 937 1173 992 ofﬁcium
1203 939 1420 1005 habeat,
1450 956 1558 1010 quo
1582 942 1723 996 inter
1744 941 1911 997 Deum
1934 949 1989 997 et
2011 942 2181 995 immi-

593 1044 689 1083 nes
714 1044 899 1099 pacem
922 1039 1107 1100 ponat.
1141 1029 1423 1088 Peccando
1447 1033 1668 1098 etenim,
1699 1032 2005 1088 inimicitias
2025 1032 2181 1088 Crea-

594 1119 728 1174 toris
761 1120 1104 1175 incurrimus.
1160 1122 1295 1175 Dum
1334 1136 1463 1191 ergo
1493 1122 1559 1176 ad
1604 1130 1948 1191 peccatorum
1992 1138 2177 1178 corre-

596 1211 831 1280 ptionem
864 1220 1046 1266 rector
1074 1213 1314 1280 ponitur,
1360 1212 1490 1267 illud
1520 1212 1587 1268 de
1616 1213 1796 1267 medio
1840 1213 1996 1277 tollit,
2034 1213 2177 1285 quod

592 1303 685 1356 Dei
719 1319 816 1357 nos
848 1303 1090 1360 inimicos
1120 1303 1268 1359 fecit.
1298 1305 1444 1360 Bene
1467 1320 1597 1375 ergo
1625 1305 1842 1360 Samuel
1866 1304 1995 1360 Saul
2018 1313 2180 1376 caput

592 1393 867 1447 osculatus
900 1392 1059 1449 fuisse
1082 1396 1413 1464 perhibetur.
1448 1395 1733 1465 Propheta:
1761 1411 1994 1465 namque
2019 1413 2179 1453 oscu-

592 1482 703 1537 lum
731 1482 964 1537 deﬁxum
990 1485 1078 1539 ille
1102 1494 1281 1554 portat
1302 1486 1353 1541 in
1377 1487 1575 1557 capite,
1603 1486 1691 1555 qui
1725 1486 2181 1542 reconciliationis

594 1581 788 1629 nostra:
815 1573 1127 1642 suilragium
1155 1584 1334 1644 portat
1363 1576 1416 1631 in
1443 1584 1625 1631 mente
1654 1595 1664 1628 :
1697 1592 1819 1630 cum
1847 1575 2095 1631 videlicet
2126 1576 2177 1631 in

593 1678 654 1719 se
675 1662 819 1718 nulla
846 1664 985 1733 gerit
1005 1664 1240 1720 fomenta
1269 1665 1463 1721 divinae
1484 1666 1786 1734 discordiae,
1811 1668 1900 1738 qui
1923 1667 1975 1720 in
1998 1674 2179 1723 mente

538 1812 562 1826 λ
592 1753 714 1825 paci
739 1752 964 1809 reddere
1011 1754 1285 1809 discordes
1322 1755 1521 1810 studet.
1574 1755 1831 1812 Osculato
1861 1770 1990 1825 ergo
2030 1756 2176 1826 prin-

2286 573 2541 640 tendunt;
2579 583 2633 628 et
2661 576 2806 645 quod
2831 578 3005 632 solum
3033 581 3247 649 quaerit,
3276 595 3522 652 qurerere
3562 585 3828 654 negligant.

2284 660 2487 716 Dicitur
2515 677 2664 732 ergo,
2685 667 2737 719 in
2760 680 2868 735 quo
2890 682 2949 722 se
2970 670 3303 739 negligentes
3316 672 3588 741 aspiciant
3606 689 3621 739 ;
3642 673 3834 742 dicitur,

2282 750 2334 803 in
2357 765 2464 818 quo
2492 751 2617 806 boni
2647 753 2900 810 meliores
2921 754 3092 811 ﬁant:
3126 757 3291 813 Unxit
3319 768 3390 828 te,
3420 760 3612 831 inquit,
3646 760 3769 818 Deus
3791 767 3834 819 in

2281 842 2582 907 hereditate
2609 861 2703 898 sua
2732 847 2786 900 in
2815 849 3120 919 principem.
3149 848 3317 916 Quasi
3350 849 3492 904 dicat
3517 867 3531 903 :
3572 849 3837 907 [heredita-

2283 942 2390 989 tem
2409 950 2560 989 suam
2591 945 2737 990 tuam
2769 936 2926 1007 fecit,
2958 940 3080 995 vide
3108 949 3168 995 ut
3194 950 3249 995 tu
3278 941 3332 995 in
3361 956 3427 996 ea
3457 942 3617 997 aliter
3643 958 3742 997 non
3767 962 3837 999 re-

2281 1043 2432 1097 gnes.
2466 1027 2743 1085 Liberabis
2772 1045 2904 1100 ergo
2932 1033 3187 1104 populum
3216 1033 3285 1089 de
3308 1048 3473 1089 manu
3503 1032 3839 1103 inimicorum,

2281 1118 2374 1187 qui
2402 1118 2455 1174 in
2487 1118 2713 1175 circuitu
2742 1120 2861 1190 ejus
2887 1130 3034 1177 sunt.
3082 1122 3317 1179 Grandis
3342 1123 3501 1179 labor
3528 1123 3842 1193 prmdicatori

2281 1207 2594 1276 prmcipitur
2622 1224 2719 1278 per
2746 1210 2875 1270 hoc.
2899 1212 3042 1280 quod
3073 1210 3275 1268 inimici
3304 1213 3617 1274 incircuitu
3643 1229 3754 1270 esse
3779 1231 3843 1267 re-

2280 1298 2543 1352 feruntur.
2591 1298 2736 1354 Satis
2762 1300 2908 1355 enim
2946 1316 3113 1371 grave
3137 1302 3380 1372 pmlium
3418 1311 3589 1371 esset,
3611 1303 3655 1358 si
3684 1304 3735 1357 in
3758 1320 3843 1358 una

2281 1399 2434 1460 parte
2487 1391 2842 1460 malignorum
2883 1394 3167 1463 spirituum
3216 1396 3479 1450 srevitiam
3538 1396 3835 1451 tolerarent.

2281 1480 2417 1537 llinc
2441 1496 2540 1551 per
2570 1482 2890 1554 prophetam
2911 1485 3253 1552 denuntians,
3282 1489 3444 1558 230
3471 1489 3606 1544 dicit
3631 1506 3645 1543 :
3680 1489 3742 1543 In
3766 1493 3846 1543 cir-

2280 1573 2418 1626 cuitu
2437 1573 2584 1643 impii
2605 1571 2873 1628 ambulant
2902 1574 3078 1645 (Psal.
3103 1592 3180 1643 xr,
3211 1576 3289 1647 9).
3314 1576 3451 1633 Hinc
3469 1578 3663 1634 beatus
3681 1578 3845 1634 Petrus

2281 1663 2598 1730 exhortans,
2631 1664 2706 1718 ait
2734 1682 2747 1718 :
2775 1665 3118 1722 Adversarius
3147 1677 3312 1723 uester
3334 1668 3598 1737 diabolus,
3628 1678 3845 1741 tauquam

2281 1752 2360 1808 leo
2384 1754 2613 1825 rugiens,
2641 1756 2825 1809 circuit
2850 1773 3086 1827 quarens
3112 1775 3263 1828 quem
3286 1759 3512 1823 devoret,
3544 1761 3631 1814 cui
3655 1762 3847 1815 resistite

520 1820 734 1914 $cipe,
749 1843 943 1900 dicitur
972 1861 985 1897 :
1014 1843 1177 1899 Unxit
1211 1855 1258 1898 te
1287 1844 1424 1900 Deus
1447 1847 1500 1899 in
1529 1847 1811 1916 principem
1837 1820 1991 1915 super
2015 1820 2179 1901 Iiwre—
2211 1855 2255 1913 Β
2283 1820 2532 1915 [ortesvin
2562 1846 2667 1916 [ide
2707 1844 2761 1918 (Ι
2788 1820 2933 1902 Ρείν.
2959 1864 3012 1913 v,
3044 1820 3137 1919 8)..
3170 1839 3376 1905 Inimici
3408 1820 3575 1919 igitur
3617 1852 3777 1906 nostri
3804 1853 3846 1907 in

591 1937 805 1990 ditatem
832 1952 1000 1990 suam.
1052 1935 1214 2003 Quasi
1251 1938 1411 1993 rebus
1443 1953 1566 1993 eum
1604 1939 1913 2007 a-lmoneat,
1951 1940 2173 1995 dicens:

593 2027 692 2092 Qui
724 2036 777 2081 te
806 2025 873 2079 ad
903 2026 1007 2081 hoc
1036 2027 1269 2095 positum
1312 2026 1474 2096 nosti,
1523 2036 1581 2082 ιιι
1617 2029 1825 2098 peccati
1870 2029 2178 2084 inimicitias

592 2116 624 2167 d
664 2116 789 2169 bcas
809 2115 1042 2184 solvere,
1066 2117 1208 2186 quod
1232 2117 1283 2171 in
1316 2117 1435 2171 aliis
1455 2118 1711 2185 destrnis,
1742 2118 1796 2173 in
1817 2125 1872 2173 te
1893 2134 1997 2172 non
2015 2118 2179 2174 debes

594 2203 846 2257 retinere.
895 2202 1145 2259 Nonnulli
1171 2206 1369 2261 etenim
1413 2214 1469 2261 et
1489 2215 1784 2276 unguntur,
1833 2216 1889 2262 et
1933 2209 2176 2263 osculum

593 2310 700 2351 non
729 2294 1032 2367 accipiunt;
1076 2297 1305 2353 liberare
1341 2297 1596 2368 populum
1643 2298 1856 2353 Domini
1902 2296 2176 2370 satagunt,

593 2388 687 2443 sed
714 2403 773 2443 se
801 2388 1139 2443 inimicorum
1157 2389 1288 2459 jugo
1301 2389 1567 2459 subjicere
1583 2406 1690 2446 non
1710 2399 2021 2458 pavescunt.
2046 2391 2177 2446 Nam

596 2477 685 2545 qui
716 2478 834 2531 aliis
858 2480 998 2532 bona
1024 2479 1299 2547 praedicat,
1327 2495 1446 2549 qua:
1474 2495 1581 2533 non
1604 2480 1731 2547 agit,
1761 2481 1912 2548 quasi
1936 2482 2176 2536 osculum

596 2567 706 2629 dat,
747 2566 890 2634 quod
922 2582 1029 2621 non
1062 2569 1276 2636 accipit.
1319 2566 1535 2624 Amicos
1564 2570 1760 2623 etenim
1794 2570 1889 2623 Dei
1918 2570 2054 2626 alios
2093 2569 2177 2625 fa-

595 2669 721 2710 cere
748 2657 958 2724 quaerit,
989 2665 1043 2710 et
1066 2657 1181 2727 ipse
1212 2658 1460 2714 inimicus
1489 2674 1530 2713 e-
1549 2674 1607 2713 se
1630 2674 1736 2713 non
1762 2659 1975 2715 desinit.
1997 2658 2180 2715 Inimi-

594 2744 751 2800 citias
790 2746 999 2815 peccati
1029 2747 1081 2801 in
1110 2761 1169 2801 se
1208 2747 1454 2813 aediﬁcat,
1487 2763 1621 2818 quas
1658 2747 1709 2801 in
1751 2747 1872 2803 aliis
1899 2748 2179 2803 destruere

596 2848 696 2903 per
724 2835 944 2890 verbum
976 2843 1165 2890 tentat.
1211 2835 1346 2903 Qu‘a
1372 2851 1499 2904 ergo
1540 2837 1627 2891 ille
1656 2837 1829 2892 solum
1867 2838 2178 2907 prmeminet

594 2923 813 2988 utiliter,
841 2925 929 2993 qui
956 2941 1053 2998 per
1080 2925 1329 2981 aifcc'nm
1357 2941 1556 2995 mage-:e
1570 2927 1949 2982 cbaritatisDci
1973 2929 2179 2983 amicus

595 3024 696 3080 est,
726 3016 941 3071 Samuel
971 3028 1131 3087 caput
1153 3024 1290 3087 regis
1316 3020 1587 3073 o;~culatus
1617 3019 1778 3075 fuisse
1800 3018 2015 3074 dicitur.
2042 3018 2179 3076 Hinc

593 3106 709 3175 ipsa
740 3105 948 3163 Veritas
977 3109 1124 3178 prius
1160 3108 1454 3173 osculatur,
1504 3123 1641 3178 quos
1680 3109 1929 3163 ordinat:
1980 3108 2176 3164 deinde

594 3201 661 3255 ad
690 3202 997 3257 liberandos
1027 3203 1163 3259 alios
1190 3203 1369 3257 mittit.
1426 3202 1560 3271 Vos,
1591 3203 1697 3267 ait,
1720 3202 1876 3257 amici
1903 3205 1999 3257 mei
2027 3203 2171 3269 estis;
2203 3226 2249 3290 ρ

595 3291 789 3347 deinde
810 3293 1030 3359 addidit,
1058 3294 1242 3348 dicens
1270 3312 1283 3347 :
1316 3293 1475 3348 Posui
1496 3309 1602 3359 vos,
1626 3303 1681 3346 ut
1704 3294 1856 3361 eatis,
1875 3302 1922 3348 et
1950 3296 2174 3364 fructum

596 3382 851 3451 aﬁ‘eratis,
875 3391 924 3436 et
953 3385 1147 3454 {ructus
1168 3392 1333 3438 uester
1353 3393 1563 3437 maneat
1583 3382 1764 3452 (Joan.
1788 3399 1875 3448 xv,
1905 3383 2013 3453 M).
2039 3383 2175 3440 Hinc

601 3472 730 3526 item
760 3486 1046 3539 resurgens
1084 3487 1114 3526 a
1143 3472 1368 3527 mortuis
1397 3472 1525 3526 dicit
1551 3488 1563 3524 :
1614 3471 1732 3526 Pax
1760 3472 1901 3527 uobfs
1919 3490 1937 3538 ;
1980 3473 2175 3528 deinde

598 3561 816 3617 subdit:
850 3561 1080 3626 Quorum
1106 3563 1406 3617 remiseritis
1434 3572 1672 3633 peccata,
1714 3564 2036 3617 remittantur
2056 3565 2171 3618 eis:

593 3662 642 3708 et
671 3670 885 3726 quorum
914 3655 1248 3724 retinueritis,
1275 3663 1469 3709 retenta
1495 3664 1613 3708 sunt
1643 3654 1822 3727 (Joan.
1851 3672 1939 3722 xx,
1969 3655 2084 3722 25).
2105 3655 2176 3711 Ut

597 3745 745 3800 velut
786 3746 1027 3802 osculum
1058 3746 1206 3816 pacis
1236 3746 1287 3801 in
1336 3762 1522 3802 eorum
1569 3756 1751 3801 mente
1798 3745 2006 3816 ﬁgeret,
2039 3762 2175 3818 quos

594 3837 800 3909 peccati
832 3838 953 3893 odia
982 3838 1191 3893 solvere
1218 3837 1579 3908 praecepisset.
1604 3834 1887 3892 Osculatus
1916 3851 2047 3904 ergo
2076 3852 2174 3893 rex

592 3943 753 3999 super
782 3929 1097 3983 haereditate
1126 3927 1336 3983 Domini
1386 3926 1748 3992 constituitur,
1799 3927 1923 3996 quia
1970 3928 2176 3984 electus

592 4020 783 4074 doctor
811 4020 1051 4088 eligitur,
1090 4028 1148 4072 ut
1178 4017 1421 4073 ﬁdelibus
1470 4018 1696 4073 subditis
1729 4018 1988 4087 dignitate
2033 4034 2173 4089 prm-

594 4108 846 4171 enrincat,
864 4108 958 4161 sed
978 4108 1045 4162 de
1073 4108 1387 4176 prtelatione
1402 4122 1498 4162 sua
1522 4122 1627 4161 non
1649 4123 1825 4173 suum,
1848 4108 1941 4162 sed
1963 4106 2174 4162 Domini

596 4199 803 4253 lucrum
834 4208 1057 4265 quaerat.
1100 4198 1280 4265 Quare
1306 4198 1374 4252 ad
1404 4202 1506 4254 hoc
1534 4200 1858 4254 constitutus
1894 4201 2170 4265 asseritur,

597 4297 655 4342 ut
684 4290 773 4358 qni
805 4291 903 4341 sub
928 4304 994 4343 eo
1021 4296 1167 4354 sunt,
1195 4288 1265 4343 de
1294 4288 1633 4344 inimicorum
1662 4290 1908 4345 manibus
1940 4291 2175 4346 liberen-

596 4391 701 4435 tur.
735 4380 1025 4435 Hazreditas
1047 4380 1258 4435 Domini
1288 4380 1571 4435 multitudo
1596 4380 1830 4435 ﬁdelium
1860 4390 1962 4437 est.
1987 4380 2173 4439 Omnis

592 4484 723 4539 ergo
772 4472 1043 4528 surcularis
1088 4473 1313 4529 intentio
1354 4482 1681 4540 removetur,
1729 4489 1850 4529 cum
1879 4493 1975 4531 rex
2010 4491 2173 4547 super

2281 1933 2508 1988 circuitu
2541 1943 2729 1991 nostro
2766 1944 2925 2005 sunt,
2963 1938 3089 2006 quia
3113 1938 3370 1994 immundi
3403 1941 3632 2007 spiritus
3666 1942 3846 2009 cogita-

2281 2023 2414 2077 tioni
2444 2033 2661 2089 nostra).
2696 2026 2861 2081 verbo
2883 2033 2939 2081 et
2965 2030 3269 2097 operationi
3292 2044 3507 2098 semper
3526 2030 3843 2085 insidiantur.

2278 2112 2411 2167 Nam
2443 2113 2569 2168 dum
2601 2130 2764 2184 prava
2792 2117 2948 2173 nobis
2993 2132 3281 2187 suggerere
3323 2126 3612 2189 appetunt,
3658 2120 3725 2175 ab
3758 2135 3846 2174 una

2281 2213 2433 2272 parte
2461 2212 2623 2258 sunt:
2655 2220 2779 2259 cum
2812 2206 2880 2260 ad
2907 2207 3048 2260 mala
3079 2208 3426 2276 pertrahunt,
3458 2224 3651 2264 eorum
3680 2210 3843 2279 prrelio

2280 2295 2348 2349 ab
2374 2295 2477 2349 alia
2509 2304 2664 2365 parte
2688 2296 2964 2366 pulsamur
2988 2314 3002 2349 :
3026 2312 3148 2353 cum
3170 2297 3238 2352 ad
3263 2298 3404 2353 mala
3425 2313 3597 2370 opera
3618 2298 3845 2368 invitant,

2280 2401 2346 2439 ex
2374 2394 2528 2456 parte
2556 2387 2764 2455 reliqua
2812 2387 3013 2443 bellum
3041 2390 3299 2444 excitant.
3357 2387 3415 2443 ln
3460 2388 3691 2444 circuitu
3734 2402 3845 2456 ergo

2282 2474 2469 2528 hostes
2495 2474 2780 2545 habemus,
2807 2476 2898 2547 qui
2921 2477 2975 2532 in
2998 2478 3164 2542 omni,
3188 2477 3330 2548 quod
3350 2476 3675 2546 cogitamus,
3701 2478 3847 2548 loqui-

2282 2578 2400 2617 mur
2426 2571 2481 2618 et
2509 2580 2819 2634 operamur,
2852 2568 3208 2636 malignorum
3230 2568 3516 2636 spirituum
3554 2568 3701 2624 bella
3727 2568 3845 2637 pati-

2281 2668 2419 2707 mur.
2453 2655 2560 2709 Sed
2590 2656 2716 2725 quia
2739 2670 2847 2711 non
2875 2672 2905 2711 a
2932 2657 3101 2726 bello,
3133 2658 3225 2712 sed
3251 2656 3319 2713 de
3348 2658 3599 2712 manibus
3626 2657 3844 2712 inimico-

2282 2761 2397 2801 rum
2423 2746 2655 2801 liberare
2674 2748 2930 2818 pupulum
2947 2749 3161 2816 dicitur,
3186 2763 3378 2819 magna
3401 2750 3619 2804 virtutis
3642 2749 3842 2817 insignia

2281 2836 2716 2907 praedicatoribus
2744 2839 3159 2894 adscribuntur:
3195 2840 3321 2908 quia
3361 2852 3472 2894 non
3515 2844 3690 2897 solum
3722 2841 3838 2894 tibe-

2283 2940 2394 2990 ros,
2418 2942 2487 2979 ne
2509 2926 2810 2995 capiantur,
2833 2926 3030 2981 debent
3052 2936 3357 2997 protegere,
3376 2928 3473 2982 sed
3495 2930 3659 2983 etiam
3679 2937 3842 2995 raptos

2280 3016 2349 3070 de
2377 3030 2564 3071 eorum
2597 3016 2859 3079 servitute
2887 3016 3135 3073 liberare.
3168 3017 3284 3073 Hoc
3312 3028 3496 3074 autem
3520 3029 3648 3073 tunc
3666 3035 3693 3072 a
3721 3021 3839 3085 regi-

2279 3106 2379 3162 bus
2408 3107 2833 3175 nostris'agitur,
2880 3107 3097 3178 quando
3143 3108 3217 3162 illi
3250 3124 3348 3178 per
3375 3124 3567 3165 eorum
3611 3109 3838 3178 praefici-

2281 3198 2480 3251 tionem
2512 3198 2850 3267 resipiscunt,
2880 3198 2970 3267 qui
2997 3213 3093 3267 per
3120 3199 3398 3253 audaciam
3427 3198 3837 3268 transgressionis

2277 3287 2504 3358 subjecti
2540 3296 2669 3344 sunt
2690 3288 2822 3359 jugo
2851 3290 3132 3346 diabolicae
3174 3293 3477 3362 potestatis.
3528 3291 3686 3359 Quod
3730 3308 3838 3363 pro~

2275 3379 2420 3434 tecto
2448 3393 2610 3448 agere
2637 3379 2715 3434 illi
2738 3379 3077 3435 solummodo
3100 3382 3484 3451 praedicatores
3509 3391 3746 3453 possunt,
3766 3381 3841 3451 qui

2275 3468 2344 3523 ad
2372 3469 2586 3524 culmen
2615 3470 2895 3538 regiminis
2923 3470 3103 3525 divina
3133 3471 3475 3527 ordinatione
3514 3474 3836 3542 perveniunt.

2275 3559 2409 3615 Nam
2452 3575 2590 3631 quos
2629 3561 2975 3632 omnipotens
3019 3562 3162 3619 Deus
3209 3563 3442 3628 ordinat,
3473 3562 3542 3617 ad
3585 3562 3838 3618 toleranda

2275 3650 2459 3720 przelia
2488 3650 2695 3721 antiqui
2732 3651 2902 3707 hostis
2930 3652 3127 3720 mittit,
3154 3653 3248 3708 sed
3279 3668 3374 3708 eos
3402 3652 3542 3707 inter
3582 3653 3696 3721 ipsa
3724 3653 3841 3706 bella

2275 3757 2384 3796 non
2429 3743 2650 3811 deserit,
2693 3742 2820 3812 quia
2849 3743 3049 3799 milites
3074 3759 3203 3800 suos
3250 3744 3505 3813 protegit,
3555 3753 3612 3797 et
3636 3744 3844 3798 victores

2275 3829 2423 3888 facit.
2448 3831 2553 3888 Sed
2585 3848 2704 3888 cum
2737 3834 2911 3889 sancti
2934 3833 3033 3889 viri
3055 3834 3122 3889 ad
3143 3835 3431 3904 primatum
3452 3846 3655 3889 sancta:
3678 3832 3847 3888 Eccle-

2282 3924 2376 3978 sia:
2418 3924 2798 3991 sustolluntur,
2826 3924 3175 3980 vehementer
3200 3932 3588 3994 expavescunt,
3634 3938 3703 3978 ne
3727 3936 3845 3977 onus

2278 4016 2411 4070 tanti
2437 4015 2642 4069 ordinis
2670 4015 2771 4071 sibi
2790 4013 2995 4083 judicio
3017 4015 3296 4070 hominum
3314 4014 3386 4068 sit
3407 4014 3736 4084 impositum,
3754 4025 3847 4065 non

2274 4104 2616 4159 ordinatione
2640 4103 2971 4160 Conditoris.
2995 4105 3075 4159 Ad
3100 4106 3265 4160 robur
3284 4118 3415 4173 ergo
3436 4105 3717 4159 humilium
3738 4105 3849 4157 dan-

2275 4207 2360 4251 tur
2387 4197 2555 4264 sigua,
2587 4198 2781 4267 quibus
2808 4213 2867 4253 se
2896 4214 2925 4251 a
2954 4197 3066 4252 Deo
3087 4239 3102 4264 ,
3134 4213 3241 4252 non
3271 4198 3338 4251 ab
3378 4197 3722 4256 horninibus.
3752 4195 3849 4249 ele-

2278 4295 2398 4342 ctos
2426 4288 2617 4342 Sciant.
2652 4287 2832 4354 Quare
2859 4296 2916 4342 et
2941 4287 3158 4342 Samuel
3191 4286 3362 4354 subju:
3388 4301 3544 4356 gens,
3575 4288 3647 4339 ait
3675 4305 3688 4338 :

2346 4380 2523 4452 (Vers.
2551 4380 2633 4453 2.)
2673 4380 2743 4434 Et
2784 4382 2880 4436 Itoc
2912 4381 3002 4435 tibi
3043 4383 3271 4452 signant,
3302 4383 3423 4453 quia
3463 4379 3615 4432 unxit
3655 4388 3702 4429 te
3733 4376 3851 4429 Deus

2272 4475 2327 4527 in
2349 4474 2654 4543 principem.
2708 4472 2836 4527 Cum
2861 4475 3049 4528 obieris
3077 4491 3108 4526 α
3135 4490 3217 4528 me
3256 4473 3410 4527 hodie
3427 4512 3441 4537 ,
3484 4471 3711 4523 invenies
3738 4468 3851 4520 duos

593 4562 905 4617 haereditate
930 4563 1142 4618 Domini
1174 4571 1369 4620 unctus
1399 4564 1675 4618 asseritur.
1731 4563 2009 4621 Unctionis
2041 4581 2170 4635 ergo
2203 4592 2255 4652 D
2277 4564 2410 4617 viros
2424 4564 2580 4633 juxta
2601 4563 2893 4633 sepulcrum
2925 4562 3138 4627 Rachel,
3170 4563 3223 4615 in
3251 4561 3441 4631 ﬁnibus
3475 4558 3852 4652 Benj'ttlllu,-lll

593 4654 797 4710 fructus
822 4664 927 4722 est,
950 4655 1125 4711 cultus
1152 4656 1346 4711 divina:
1376 4655 1724 4711 haereditatis.
1757 4656 1851 4712 Ille
1880 4672 2008 4727 ergo
2050 4658 2172 4712 oili-

592 4743 732 4796 cium
765 4744 1036 4799 unt-tionis
1064 4745 1398 4816 exsequitur,
1430 4745 1521 4813 qui
1546 4746 1657 4800 sola
1678 4738 1859 4814 quaerit
1890 4746 2036 4801 lucra
2060 4748 2174 4801 ani-

592 4845 824 4886 marum.
861 4831 1036 4903 Super
1060 4833 1376 4890 haereditate
1411 4835 1610 4904 quippe
1638 4834 1850 4890 Domini
1879 4836 1931 4890 in
1971 4837 2172 4906 princi-

591 4934 714 4988 pem
753 4936 812 4975 se
840 4932 1061 4978 unctum
1092 4923 1370 4988 meminit,
1399 4923 1491 4993 qui
1520 4922 1625 4979 hoc
1663 4924 1836 4978 solum
1864 4925 1933 4979 de
1961 4933 2172 4981 terrena

590 5008 849 5077 dignitate
877 5012 1089 5080 qumrit,
1119 5013 1262 5081 quoi
1304 5028 1403 5083 per
1429 5027 1585 5068 suum
1623 5012 1976 5069 ministerium
2019 5013 2173 5068 Chri-

590 5108 705 5155 stus
743 5101 1006 5169 qumsivit.
1038 5100 1154 5157 Hoc
1185 5104 1345 5172 igitur
1375 5104 1542 5159 verbo
1583 5102 1971 5171 negligentium
2001 5112 2175 5159 recto-

591 5206 707 5246 rum
736 5191 963 5248 intentio
991 5193 1330 5262 reprobatur.

660 5281 714 5335 3.
755 5282 991 5337 Audiunt
1016 5298 1265 5352 namque,
1289 5282 1415 5351 quia
1437 5298 1601 5352 super
1620 5282 1939 5337 Increditate
1963 5282 2172 5338 Domini

590 5374 737 5427 uncti
772 5384 935 5429 sunt:
983 5376 1109 5443 quia
1139 5377 1209 5430 de
1249 5384 1392 5430 terra
1423 5376 1682 5431 Dominus
1712 5377 1927 5431 nonnisi
1966 5378 2168 5434 electos

588 5462 815 5528 qumrit;
870 5473 1070 5519 norunt
1114 5467 1258 5535 quod
1306 5483 1413 5521 non
1460 5475 1621 5522 terra:
1667 5467 2031 5530 latitudinem,
2063 5486 2167 5523 non

591 5550 707 5604 auri
738 5553 972 5623 copiam,
1004 5571 1109 5610 non
1140 5557 1447 5610 divitiarum
1476 5555 1830 5625 afﬂuentiam,
1861 5559 1956 5614 sed
1986 5559 2171 5615 ﬁdeles

589 5656 718 5696 suos
761 5642 1127 5700 btereditatern
1178 5661 1327 5701 snam
1374 5647 1520 5712 dicit,
1569 5657 1622 5701 et
1662 5656 1841 5703 tamen
1892 5658 2165 5704 terrenum

590 5749 849 5807 qumz'erc,
876 5745 928 5792 ct
957 5738 1099 5807 quod
1124 5740 1261 5809 parit
1284 5752 1614 5808 congregare
1646 5757 1754 5793 non
1786 5739 2053 5795 desinunt.
2088 5742 2165 5796 Ad

2277 4653 2492 4706 meridie
2518 4652 2761 4707 salientes
2790 4670 3006 4724 magnus
3048 4654 3255 4721 foveas,
3289 4650 3560 4717 diccntque
3604 4647 3729 4699 tibi:
3772 4642 3854 4696 ln-

2277 4752 2440 4798 ventte
2466 4755 2584 4798 sunt
2618 4744 2817 4809 asina,
2841 4743 2910 4797 ad
2935 4759 3063 4815 quas
3094 4743 3228 4796 ieras
3257 4737 3662 4809 perquirendas,
3696 4744 3743 4788 et
3779 4733 3853 4785 iu-

2278 4838 2549 4901 termfssis,
2574 4847 2723 4905 pater
2745 4846 2880 4903 tuus,
2901 4836 3086 4899 asinis,
3114 4834 3364 4888 sollicitus
3396 4841 3469 4884 est
3489 4847 3582 4899 pro
3614 4828 3782 4891 vobis,
3811 4836 3853 4878 et

2277 4923 2403 4980 dicit
2425 4943 2442 4980 :
2474 4925 2610 4990 Quid
2639 4926 2830 4996 faciam
2856 4925 2919 4978 de
2946 4925 3057 4995 filio
3076 4940 3190 4978 meo
3214 4925 3237 4975 1’

2348 5016 2401 5072 4.
2444 5017 2608 5083 Quasi
2653 5017 2796 5070 enim
2836 5016 3024 5070 humili
3060 5013 3284 5084 pastori,
3328 5020 3384 5066 et
3416 5010 3484 5063 de
3514 5018 3668 5062 tanto
3709 5004 3853 5058 mini-

2276 5110 2441 5165 sterio
2466 5109 2752 5179 trepidanti
2782 5109 2966 5165 dicat:
2999 5107 3081 5162 Tu
3112 5107 3315 5161 idcirco
3347 5104 3605 5172 trepidas,
3644 5100 3767 5169 quia
3795 5112 3853 5147 an

2276 5198 2347 5253 sit
2374 5213 2443 5253 ex
2473 5198 2584 5252 Deo
2630 5198 2752 5262 hoc,
2782 5196 2929 5267 quod
2968 5196 3035 5250 de
3066 5203 3121 5249 te
3148 5203 3329 5249 actum
3371 5199 3477 5256 est,
3511 5189 3725 5249 nescis;
3768 5184 3853 5237 sed

2275 5288 2400 5357 quia
2431 5287 2533 5342 hoc
2556 5288 2697 5342 scire
2724 5297 2904 5358 potes,
2935 5285 3203 5354 trepidare
3224 5298 3294 5337 no
3318 5303 3331 5333 ι
3353 5281 3538 5336 debes.
3564 5279 3680 5332 ηδε
3704 5277 3854 5344 igitur

2277 5379 2373 5434 tibi
2399 5377 2606 5447 signum
2628 5420 2646 5446 ,
2673 5378 2799 5447 quia
2830 5386 2883 5431 te
2914 5392 3020 5431 non
3054 5376 3245 5438 homo,
3278 5373 3373 5426 sed
3406 5372 3547 5425 Deus
3577 5371 3632 5423 in
3658 5366 3854 5437 princi-

2273 5486 2395 5540 pem
2426 5469 2679 5536 unxerit:
2711 5470 2818 5523 duo
2845 5466 3097 5521 videlicet
3126 5464 3224 5519 viri
3255 5464 3331 5517 illi
3364 5461 3453 5516 tibi
3496 5461 3674 5515 dicent
3701 5474 3715 5509 :
3769 5453 3853 5507 leo

2271 5571 2435 5617 uentre
2460 5572 2578 5615 sunt
2620 5562 2803 5624 asinaz,
2836 5558 2906 5611 ad
2932 5574 3061 5630 quas
3089 5558 3223 5610 ieras
3259 5550 3652 5625 perquirendns.
3698 5550 3745 5613 ρ
3769 5544 3852 5597 .asi

2272 5653 2416 5707 dicat
2441 5669 2453 5705 :
2487 5651 2541 5705 Si
2573 5651 2693 5705 illos
2714 5651 2851 5704 duos
2877 5649 3020 5703 viros
3050 5645 3339 5709 inveneris,
3365 5652 3420 5697 et
3447 5642 3551 5696 huc
3582 5640 3676 5694 tibi
3709 5638 3853 5691 dixe.-

2274 5743 2398 5810 rint,
2426 5741 2587 5809 scito,
2609 5741 2734 5811 quia
2767 5748 2819 5795 te
2849 5739 2992 5795 Deus
3021 5736 3338 5808 principem,
3365 5748 3473 5788 non
3518 5744 3621 5800 ego
3653 5725 3851 5785 consti-
