3962 6350
228 364 333 422 281

1059 368 1121 423 ΙΝ
1162 368 1425 427 PRIMUM
1466 371 1702 429 REGUM
1748 373 2265 437 EXPOSITIONES.
2308 415 2377 425 —
2417 385 2545 441 LIB.
2591 388 2677 443 IV'.

3400 402 3512 460 “2‘3

228 480 331 534 tui.
384 477 527 545 Quid
576 491 711 547 ergo
758 476 1135 577 dqm_viritisti
1180 482 1357 577 nobis,
1401 483 1502 539 nisi
1550 484 1822 555 perfectos
1849 490 1899 549 Α
1925 487 2007 544 lus
2037 498 2165 549 tunc
2192 497 2463 564 quaesivit,
2503 501 2717 569 quando
2763 484 3197 563 viderel’etrum
3236 511 3503 577 Jeu-usnlv.

227 583 482 638 quosque
519 577 723 622 sanctae
771 565 1025 625 Ecclesiae
1068 571 1449 638 praedicatores
1496 576 1823 645 designant?

226 659 347 712 Duo
376 658 598 726 quidem
623 666 770 722 sunt,
799 659 923 728 quia
952 658 1179 730 perfecti
1208 663 1261 717 in
1292 670 1524 734 utroque
1549 678 1822 739 praecepto

224 750 551 816 rliaritatis;
582 751 703 816 viri,
727 751 851 820 quia
876 751 928 806 in
951 761 1138 807 sancta
1158 757 1569 813 conversatione
1590 760 1818 816 robusti.

216 841 335 907 Qui
378 840 536 908 juxta
579 841 881 911 sepulcrum
930 841 1134 898 Rachel
1179 844 1404 902 inveniri
1445 849 1819 918 perhibentur,

224 934 358 1000 quia
389 949 492 1003 per
520 933 952 1002 contemplativa:
990 936 1113 989 vita!
1140 937 1375 993 studium
1416 939 1569 995 divisi
1597 951 1723 996 sunt
1750 943 1818 997 ab

225 1025 537 1081 intentione
564 1026 783 1092 stecnli;
810 1034 865 1080 et
888 1027 1015 1081 dum
1045 1027 1346 1083 animarum
1375 1030 1520 1085 lucra
1544 1043 1813 1102 quaerunt,

223 1134 339 1172 non
364 1127 497 1173 sunt
514 1119 730 1187 sepulti.
766 1119 868 1173 Per
898 1118 1101 1174 Rachel
1139 1123 1341 1191 quippe
1384 1126 1817 1195 contemplativte

224 1210 353 1262 vitae
380 1209 783 1278 speciositatem
824 1209 1023 1278 signari
1054 1212 1438 1267 venerabilium
1480 1224 1691 1284 patrum
1730 1219 1816 1272 in-

221 1298 474 1353 dubitata
504 1300 771 1353 sententia
802 1308 907 1355 est.
936 1299 1098 1355 Juxta
1116 1302 1418 1371 sepulcrum
1445 1319 1575 1374 ergo
1616 1307 1817 1364 Rachel
1853 1334 1858 1339 -

220 1398 378 1444 stant
404 1390 503 1444 viri
522 1429 539 1454 ,
564 1390 692 1458 quia
719 1390 799 1446 sic
824 1405 1072 1458 supernae
1111 1394 1555 1463 contemplationi
1594 1397 1814 1466 perfecti

221 1479 485 1535 doctores
528 1491 751 1544 vacant,
794 1490 852 1535 ut
878 1490 1080 1540 sanctae
1107 1480 1355 1538 Ecclesiae
1400 1485 1813 1542 sol'icitudinetn

220 1579 443 1639 gerant.
485 1569 649 1626 Juxta
687 1573 989 1641 sepulcrum
1024 1573 1226 1629 Rachel
1252 1583 1431 1640 stant,
1463 1578 1587 1646 quia
1616 1587 1813 1635 statum

220 1659 355 1713 boni
389 1661 574 1728 operis
612 1660 849 1729 dirigunt
876 1676 972 1730 per
1000 1661 1254 1717 virtutem
1296 1667 1810 1736 contemplationis:

224 1765 283 1809 et
302 1756 429 1824 quia
455 1756 586 1808 nihil
607 1764 801 1822 gerunt
824 1756 876 1809 in
898 1770 1085 1824 apere,
1109 1755 1211 1811 nisi
1232 1759 1373 1825 quod
1396 1762 1812 1831 contemplanda

1928 595 2070 634 mam
2096 584 2272 651 venit,
2302 594 2499 643 etcum
2530 606 2623 657 eo,
2654 600 2709 648 et
2733 597 2942 651 cteteris
2964 601 3221 667 apostolis
3261 584 3506 670 Evange~

1924 671 2065 765 lium
2105 676 2351 730 contulit.
2430 678 2545 734 Non
2597 683 2739 736 enim
2795 686 2863 740 ab
2917 686 3135 742 homine
3192 705 3365 760 neque
3410 711 3504 765 per

1923 761 2215 831 hominem,
2246 767 2340 821 sed
2371 784 2401 822 a
2425 771 2585 833 caelo,
2612 784 2842 830 vocante
2871 775 3097 832 Domino
3117 778 3261 846 Jesu,
3286 761 3507 852 aposto-

1922 850 2088 906 latum
2133 864 2445 926 susceperat
2496 858 2639 929 (Gal.
2692 864 2763 929 ι);
2814 871 2869 918 et
2921 874 3094 921 tamen
3148 850 3502 932 ministerium

1921 946 2191 1002 unctionis
2218 964 2327 1003 sua:
2348 965 2443 1019 per
2462 954 2893 1022 coapostolorutn
2918 972 3136 1013 suorum
3159 963 3500 1020 collationem

1920 1037 2201 1104 probabat.
2234 1038 2366 1093 Nam
2395 1040 2462 1095 de
2490 1042 2670 1112 seipso
2699 1044 2773 1098 ait
2799 1063 2811 1098 :
2847 1044 3182 1104 Contulirum
3206 1053 3312 1106 illis
3331 1053 3504 1110 Evan-

1917 1141 1950 1194 g
1979 1126 2125 1194 lium,
2156 1144 2220 1180 ne
2242 1129 2296 1182 in
2325 1146 2537 1184 vacuum
2564 1148 2838 1202 cunerem,
2870 1146 2961 1190 aut
2987 1142 3325 1195 cucurrissem
3355 1143 3498 1212 (Gal.

1916 1231 1975 1282 II,
2006 1216 2083 1287 9.).
2131 1217 2438 1276 Prtecursor
2467 1223 2629 1277 etiam
2661 1224 3042 1298 Redemptoris
3076 1229 3366 1301 discipulos
3397 1251 3499 1289 un-

1916 1316 2094 1376 xerat,
2119 1309 2216 1363 sed
2247 1318 2304 1364 ut
2325 1312 2475 1381 signa
2506 1329 2614 1369 sure
2644 1318 2912 1374 unctionis
2941 1332 3315 1390 agnoscerent,
3344 1328 3497 1393 quasi

1916 1397 1981 1451 ad
2002 1399 2282 1455 salientem
2311 1416 2531 1472 magnas
2559 1404 2744 1462 foveas
2784 1409 3047 1474 mittebat,
3080 1410 3264 1468 dicens
3290 1430 3303 1467 :
3336 1414 3410 1467 Tu
3437 1433 3491 1470 es

1914 1491 2000 1559 qui
2020 1500 2257 1546 venturus
2283 1511 2355 1559 es,
2384 1511 2451 1548 an
2490 1496 2650 1549 alium
2681 1508 3035 1566 exspectamus
3062 1500 3277 1572 (Matth.
3302 1520 3375 1569 χι,
3402 1504 3501 1576 5)?

1915 1577 2133 1633 Sciebat
2178 1583 2322 1635 enim
2367 1582 2625 1649 Joannes,
2673 1601 2833 1655 quem
2879 1588 3287 1656 praedicaverat,
3334 1608 3494 1663 quem

1913 1666 2310 1737 baptizaverat;
2333 1673 2428 1726 sed
2454 1673 2745 1742 discipulos
2774 1675 3045 1745 mittebat,
3076 1684 3136 1731 ut
3156 1678 3282 1735 visis
3308 1682 3492 1749 signis,

1913 1772 2023 1827 quo
2061 1757 2267 1815 ﬁrmius
2294 1762 2597 1827 crederent,
2640 1765 2921 1820 electionis
2963 1781 3073 1820 suae
3104 1767 3296 1823 indicia
3336 1786 3490 1827 secu-

223 1846 540 1915 disponunt.
581 1844 647 1898 Et
686 1845 811 1914 quia
842 1845 894 1899 in
921 1846 1036 1914 ipsa
1064 1846 1348 1904 altitudine
1385 1863 1632 1920 superna:
1674 1867 1807 1907 con-
1839 1842 1881 1901 Β
1908 1846 2021 1901 rius
2051 1848 2366 1903 tenuissent.
2414 1849 2512 1915 Qui
2554 1865 2683 1920 ergo
2716 1852 2782 1906 ad
2811 1854 3207 1922 praedicationis
3247 1859 3489 1914 ordinem

224 1935 599 2005 templationis
618 1951 727 1990 non
748 1936 1218 2006 pmsumptionem
1232 1953 1406 2006 suam,
1430 1940 1524 1994 sed
1547 1941 1810 1998 rationem

222 2033 428 2080 sanctae
455 2023 712 2081 Ecclesia:
762 2032 944 2081 tenere
972 2025 1221 2091 student,
1250 2028 1560 2098 sepulcrum
1608 2030 1811 2087 Rachel

222 2115 279 2169 in
323 2114 521 2168 ﬁnibus
555 2113 835 2183 Benjamin
873 2129 994 2170 esse
1032 2115 1377 2172 describitur.
1427 2117 1496 2174 Ut
1535 2118 1648 2189 jam
1676 2120 1806 2189 dixi,

222 2205 385 2276 231
410 2205 464 2258 in
490 2204 903 2274 Benjamin,.qui
931 2205 1069 2261 lilius
1090 2206 1325 2262 dexterae
1344 2208 1557 2273 dicitur,
1586 2209 1813 2266 Redem-

226 2305 357 2365 ptor
398 2295 620 2349 humani
650 2296 865 2364 generis
905 2295 1234 2365 designatur.
1284 2298 1446 2355 Fines
1487 2315 1617 2369 ergo
1665 2302 1808 2357 Ben-

217 2386 391 2456 iamin
416 2387 615 2454 regulae
642 2394 947 2441 sanctarum
977 2386 1375 2457 Scripturarum
1402 2400 1527 2445 sunt
1552 2408 1564 2444 :
1595 2391 1662 2447 de
1689 2395 1810 2463 qui-

219 2478 322 2533 bus
350 2476 596 2548 profecto
618 2478 812 2534 ﬁnibus
833 2478 1091 2549 scriptum
1122 2488 1242 2535 est:
1292 2479 1378 2536 Ne
1405 2485 1807 2550 transgrediart's

219 2571 495 2636 terminos,
524 2587 649 2642 quos
674 2582 951 2640 posuerunt
978 2581 1152 2641 patres
1194 2575 1271 2627 tui
1299 2573 1485 2645 (Prov.
1516 2592 1645 2642 χχιι,
1672 2577 1743 2631 28
1761 2579 1800 2647 ).

220 2661 358 2729 Quia
386 2677 522 2730 ergo
549 2663 720 2717 sancti
752 2663 1146 2733 pmiicatores,
1176 2679 1296 2719 cum
1322 2680 1527 2720 summa
1557 2676 1803 2722 contem-

222 2753 421 2824 plando
450 2754 656 2816 vident,
682 2769 711 2806 a
744 2753 864 2807 ﬁdei
890 2753 1071 2821 regula
1100 2769 1207 2807 non
1241 2755 1588 2820 discordant;
1618 2758 1831 2834 sepul-.

222 2862 394 2912 crum,
438 2845 595 2915 juxta
641 2845 784 2914 quod
829 2855 993 2910 stant,
1027 2862 1147 2901 esse
1186 2846 1247 2901 in
1299 2848 1492 2903 ﬁnibus
1523 2850 1800 2919 Benjamin

224 2944 370 2992 recte
397 2937 615 2992 dicitur.
667 2936 767 3002 Qui
813 2938 1060 3006 proiecto
1088 2938 1188 2992 viri
1237 2939 1289 2993 in
1332 2940 1554 2995 meridie
1580 2956 1802 3010 magnas

225 3024 405 3081 foveas
432 3026 653 3091 saliunt,
679 3026 803 3095 quia
826 3042 923 3095 per
944 3027 1208 3082 fervorem
1231 3029 1478 3098 perfecta:
1498 3031 1798 3101 cliaritat‘s,

224 3116 276 3171 ln
305 3131 410 3186 qua
453 3118 713 3187 assumpti
743 3126 886 3180 sunt,
917 3128 1127 3183 cuncta,
1167 3135 1286 3189 quae
1320 3120 1587 3186 videntur,
1616 3126 1797 3179 smculi

1915 1936 2093 1992 idonei
2118 1939 2495 2008 providentur,
2526 1942 2581 1996 in
2610 1943 2819 2011 signum
2858 1958 2969 1998 sua:
2995 1945 3278 2002 electionis
3304 1949 3490 2003 inven-

1914 2036 1996 2082 tas
2036 2043 2157 2084 esse
2186 2042 2552 2100 peccatorum,
2603 2048 2740 2103 quas
2779 2046 3043 2104 quaerunt,
3093 2042 3299 2096 animas
3336 2058 3491 2098 recc--

1911 2129 2191 2185 gnoscunt.
2225 2119 2290 2175 Et
2316 2123 2444 2191 quia
2477 2112 2820 2195 omnipotens
2843 2127 2983 2181 Deus
3011 2143 3116 2182 non
3148 2130 3321 2184 solum
3351 2146 3491 2200 prte-

1910 2206 2198 2276 dicatione,
2242 2211 2337 2266 sed
2385 2213 2549 2267 etiam
2595 2217 3008 2271 conversatione
3052 2218 3209 2273 electi
3254 2219 3494 2275 doctoris

1909 2299 2123 2367 gaudet,
2148 2302 2347 2369 subdit,
2373 2312 2537 2373 atque
2583 2307 2691 2360 ait:
2723 2306 2792 2360 Et
2822 2309 3147 2374 intermissis,
3174 2319 3322 2380 pater
3347 2323 3482 2378 tuus,

1907 2390 2106 2457 asinis,
2137 2392 2388 2446 sollicitus
2410 2403 2488 2446 est
2515 2412 2608 2462 pro
2649 2396 2808 2460 vobis,
2837 2408 2886 2451 et
2914 2398 3078 2453 dicit:
3130 2396 3268 2463 Quid
3293 2404 3484 2472 faciant

1906 2481 1970 2535 de
1989 2482 2101 2552 ﬁlio
2124 2486 2272 2538 meo?
2301 2484 2516 2541 Patrem
2545 2488 2674 2543 Saul
2697 2490 2804 2554 Cis,
2837 2492 2928 2559 qui
2964 2492 3129 2547 durus
3155 2502 3343 2549 nostro
3367 2497 3485 2550 elo-

1905 2570 2032 2639 quio
2072 2571 2292 2640 dicitur,
2338 2588 2432 2629 eos
2480 2574 2763 2644 designare
2793 2578 3044 2645 diximus,
3086 2581 3179 2649 qui
3225 2582 3394 2636 verbo
3431 2594 3487 2637 ct

1904 2661 2153 2730 exemplo
2182 2662 2379 2718 docent
2422 2673 2633 2720 terrena
2661 2666 2970 2736 despicere,
3000 2678 3057 2724 et
3102 2670 3168 2723 ad
3206 2672 3480 2726 caelestem

1904 2752 2131 2821 patriam
2162 2767 2261 2821 per
2286 2754 2475 2808 duram
2505 2763 2561 2810 et
2588 2771 2833 2826 asperam
2856 2761 3321 2816 conversationem
3345 2760 3488 2816 festi-

1904 2855 2054 2895 nare.
2096 2838 2247 2897 Hanc
2290 2857 2508 2912 quoque
2536 2846 2772 2900 ca-lcstis
2817 2848 2939 2901 vita:
2964 2848 3216 2902 duritiam
3269 2858 3379 2903 tam
3428 2851 3481 2904 in

1902 2929 2103 2998 verbo,
2129 2946 2288 2999 quam
2319 2934 2371 2987 in
2401 2935 2509 2989 vita
2540 2937 2711 2989 nostri
2737 2936 3115 3008 Redemptoris
3145 2940 3481 3010 agnovimus.

1902 3021 2060 3091 232
2103 3020 2160 3076 Si
2198 3036 2328 3091 ergo
2367 3023 2437 3077 ad
2464 3039 2726 3078 summam
2760 3037 2957 3080 nostra:
2996 3027 3311 3083 eruditionis
3340 3031 3486 3098 aspi-

1902 3114 2105 3176 cimus,
2151 3110 2245 3166 ﬁlii
2284 3111 2660 3182 Redemptoris
2684 3130 2888 3169 sumus.
2922 3114 3085 3169 Pater
3113 3131 3242 3184 ergo
3278 3127 3482 3183 noster,

222 3211 326 3265 alta
351 3210 676 3279 desgniciunt.
725 3208 991 3279 Quidquil
1024 3213 1165 3266 enim
1192 3212 1247 3266 in
1278 3212 1602 3269 hocszeculo
1630 3215 1798 3270 altum

1908 3199 2137 3256 dimissis
2163 3200 2346 3267 asinis,
2375 3201 2635 3258 sollicitus
2663 3212 2746 3257 est
2768 3219 2866 3273 pro
2898 3205 3085 3271 nobis;
3113 3205 3235 3273 quia
3255 3205 3489 3261 Redem-

222 3301 483 3366 cernitur,
512 3316 619 3355 non
650 3308 733 3356 est
758 3316 885 3356 vera
914 3301 1160 3367 altitudo,
1191 3302 1286 3357 sed
1328 3303 1504 3369 fovea,
1532 3319 1652 3373 quae
1684 3321 1803 3360 om-

223 3407 337 3457 nes,
364 3408 504 3461 quos
532 3392 586 3445 in
613 3406 709 3446 sua
739 3392 1032 3446 ambitione
1055 3393 1264 3459 recipit,
1298 3393 1364 3446 ad
1395 3394 1602 3449 inferna
1631 3395 1802 3466 depo-

222 3483 321 3537 nit.
348 3481 470 3536 Alta
500 3496 630 3550 ergo
658 3481 837 3536 saeculi
867 3482 996 3536 viris
1024 3482 1391 3551 spiritualibus
1423 3484 1661 3550 vitanda,
1692 3499 1800 3540 non

221 3572 521 3643 appetenda
547 3581 702 3642 sunt,
730 3572 855 3643 quia
877 3587 945 3627 ex
965 3573 1181 3628 occulto
1207 3588 1267 3628 se
1293 3574 1562 3642 aperiunt,
1587 3582 1643 3630 et
1664 3588 1803 3643 quos

220 3662 558 3717 absorbendo
598 3663 886 3732 recipiunt,
935 3661 1003 3717 ad
1058 3661 1265 3717 inferna
1321 3664 1639 3733 perducunt.
1688 3660 1802 3720 Viri

220 3767 347 3821 ergo
370 3752 679 3823 spirituales
706 3752 889 3807 foveas
925 3752 1161 3816 saliunt;
1188 3752 1312 3822 quia
1339 3752 1464 3807 dum
1488 3767 1547 3808 se
1575 3768 1674 3823 per
1698 3768 1803 3809 cm-

221 3843 353 3899 leste
380 3844 712 3899 desiderium
738 3845 968 3912 erigunt,
1002 3851 1214 3898 terrena
1241 3852 1612 3899 contemnunt.
1647 3844 1802 3899 Velut

220 3935 361 3989 enim
399 3936 530 3990 visis
578 3934 748 3991 foveis
792 3936 989 3989 saltum
1018 3935 1167 4000 dant,
1217 3934 1433 4005 quando
1481 3943 1541 3991 ut
1585 3945 1801 3992 terrena

218 4036 605 4093 contemnant,
639 4027 705 4081 ad
733 4034 936 4081 acterna
972 4027 1111 4082 bona
1148 4027 1576 4097 concupiscenda
1605 4042 1666 4084 se
1692 4027 1803 4083 ele-

218 4126 362 4172 vant.
407 4116 469 4172 ln
500 4118 725 4172 meridie
753 4132 882 4187 ergo
912 4116 1094 4173 foveas
1122 4118 1350 4182 saliunt;
1396 4118 1520 4186 quia
1546 4120 1799 4174 sarculum

222 4224 323 4262 non
356 4215 587 4277 possunt
629 4216 1001 4273 contemnere,
1048 4208 1145 4262 nisi
1176 4208 1266 4277 qui
1307 4209 1514 4277 plenam
1545 4209 1716 4264 lucem
1746 4218 1805 4265 et

220 4300 468 4354 ardorem
498 4315 746 4369 superna:
769 4300 1048 4356 citari-alis
1080 4300 1300 4354 habent.
1343 4300 1492 4355 Tunc
1515 4314 1644 4369 ergo
1673 4301 1802 4355 Saul

221 4405 308 4443 unt
323 4398 439 4444 tum
463 4404 493 4443 a
527 4388 753 4444 Domino
782 4389 836 4444 in
867 4389 1161 4459 principem
1189 4404 1248 4443 se
1270 4389 1554 4458 intelligat,
1584 4390 1801 4459 quando

220 4480 302 4535 isti
331 4481 433 4536 sibi
461 4480 681 4535 dicent:
713 4478 945 4534 Iuventa:
978 4488 1095 4533 sunt
1127 4481 1322 4544 asinae,
1360 4496 1484 4550 quas
1511 4478 1797 4550 quwrebas.

1906 3299 2030 3359 ptor
2051 3298 2237 3345 noster
2258 3291 2339 3345 sic
2364 3292 2477 3346 vult
2496 3308 2593 3347 nos
2622 3307 2864 3363 qumrere
2890 3294 3116 3348 salutem
3141 3295 3395 3362 alienam,
3428 3306 3489 3352 nt

1906 3396 2015 3435 non
2045 3380 2375 3450 negligamus
2396 3390 2659 3437 nostram.
2691 3382 2838 3450 Vult,
2870 3393 2929 3437 ut
2950 3394 3210 3438 vocentur
3237 3397 3491 3454 peccato-

1906 3484 1994 3524 res
2022 3468 2090 3524 ad
2118 3470 2516 3540 paenitentiam,
2544 3470 2638 3525 sed
2674 3485 2780 3524 non
2810 3469 2925 3524 vult
2971 3479 3031 3525 ut
3057 3481 3281 3540 pereant
3318 3473 3352 3526 ii
3390 3475 3487 3544 qui

1906 3558 2052 3627 ipsos
2072 3567 2389 3629 peccatores
2411 3568 2628 3616 vocant.
2660 3560 2803 3626 Vult,
2834 3567 2895 3615 ut
2913 3575 3208 3616 conversus
3232 3575 3498 3631 peccator

1900 3648 2187 3718 justitiam,
2208 3664 2369 3719 quam
2398 3665 2506 3705 non
2535 3649 2744 3717 habuit,
2770 3650 3000 3715 habeat;
3022 3650 3115 3705 sed
3140 3666 3247 3704 non
3275 3651 3411 3719 vult,
3429 3662 3498 3706 ut

1899 3738 2078 3807 justus
2105 3754 2227 3794 eam
2254 3755 2416 3810 quam
2447 3739 2631 3806 habet,
2654 3738 2878 3808 justitiae
2901 3740 3133 3809 palmam
3161 3740 3371 3809 perdat.
3396 3739 3485 3794 ln-

1908 3832 2172 3890 termissis
2193 3848 2324 3903 ergo
2351 3834 2519 3890 asinis
2538 3850 2638 3906 pro
2660 3834 2770 3889 lilio
2796 3835 3061 3891 sollicitus
3083 3845 3187 3904 est,
3208 3838 3334 3905 quia
3360 3853 3501 3906 ιιι-ωσι

1906 3925 2177 3979 dicatores
2218 3938 2347 3979 suos
2394 3923 2509 3978 vult
2552 3923 2620 3977 ad
2670 3924 2859 3978 horam
2888 3923 2958 3978 ab
2989 3923 3217 3979 aliorum
3257 3925 3496 3982 sollicita

1905 4013 2207 4069 intentione
2227 4012 2527 4082 quiescere,
2550 4020 2609 4067 ut
2636 4013 2735 4068 sibi
2753 4013 2882 4083 ipsis
2909 4028 3005 4083 per
3019 4014 3255 4083 quietem
3272 4015 3490 4070 valeant

1905 4104 2095 4159 melius
2118 4103 2419 4175 providere.
2451 4103 2519 4158 Et
2538 4104 2659 4174 quia
2685 4105 2799 4172 ipsa
2825 4104 3135 4160 sollicitudo
3163 4115 3363 4160 sancta:
3393 4105 3494 4161 Εε-

1907 4196 2085 4251 clesite
2112 4212 2142 4250 a
2180 4196 2326 4251 bono
2352 4205 2565 4251 rectore
2613 4196 2933 4252 resumenla
2969 4203 3072 4262 est,
3116 4196 3493 4251 intermittitur

1904 4286 2058 4355 quies
2098 4294 2313 4350 nostra;
2350 4285 2475 4355 quia
2514 4286 2770 4354 praevenit
2802 4286 2939 4340 hanc
2979 4284 3284 4340 sollicitudo
3320 4286 3499 4355 prior.

1906 4377 2198 4429 comitatur
2238 4374 2527 4444 posterior.
2557 4373 2772 4429 Electus
2811 4388 2943 4441 ergo
2970 4373 3291 4443 prtedicator
3334 4381 3498 4428 vacet

1906 4465 2124 4519 utilitati
2169 4464 2506 4519 subditorum
2527 4506 2540 4529 ,
2586 4472 2741 4518 vacet
2776 4478 2915 4529 sum;
2941 4463 3034 4517 sed
3064 4464 3142 4517 sic
3165 4478 3275 4517 sua:
3302 4478 3499 4517 curam.

218 4568 465 4628 Inventas
491 4572 691 4641 quippe
719 4570 899 4627 “in”
927 4568 1054 4624 sa“.
1084 4569 1293 4636 dicunt,
1316 4570 1531 4638 quando
1561 4569 1626 4623 ad
1656 4570 1802 4623 com.
1832 4558 1879 4619 D
1907 4555 2123 4620 habeat,
2154 4562 2213 4607 ut
2233 4554 2415 4608 statim
2445 4554 2511 4607 ad
2543 4569 2681 4615 eam,
2706 4569 2865 4621 quam
2896 4552 3117 4618 deserit,
3148 4552 3377 4607 alienam
3410 4568 3497 4607 re»

220 4661 386 4729 genda
410 4661 712 4714 animarum
740 4661 884 4713 lucra
914 4660 1164 4714 idoneum
1189 4669 1433 4714 cernunt.
1458 4658 1619 4726 Quasi
1645 4660 1802 4715 aliter

222 4751 352 4804 dirat
386 4770 399 4804 :
435 4749 675 4805 Electum
701 4760 752 4805 te
772 4767 801 4804 a
823 4751 933 4805 Deo
957 4752 1008 4804 in
1033 4751 1383 4804 ministerium
1410 4749 1803 4817 praedicationis

222 4856 321 4894 non
351 4841 420 4894 ab
452 4840 758 4894 hominibus
783 4840 1004 4905 credas,
1031 4840 1076 4893 si
1106 4840 1180 4893 illi
1217 4839 1321 4894 hoc
1349 4838 1415 4893 de
1447 4847 1500 4894 te
1537 4839 1797 4904 indicant,

222 4933 305 5001 qui
331 4933 458 4985 dum
488 4931 585 4985 Dei
615 4932 806 5001 spiritu
830 4931 974 5001 pleni
997 4940 1142 4995 sunt,
1166 4948 1283 5001 qtttn
1311 4932 1519 4994 dicunt,
1558 4947 1666 4985 non
1697 4931 1800 4985 hu-

222 5039 393 5087 mana,
426 5022 524 5079 sed
549 5024 729 5077 divina
757 5038 878 5079 esse
903 5024 1225 5078 sentiuntur.
1250 5022 1382 5089 Quia
1405 5039 1532 5093 ergo
1555 5024 1622 5080 de
1644 5025 1801 5079 nobis

222 5132 321 5168 tton
370 5115 562 5182 nobis,
610 5114 709 5169 sed
752 5115 906 5169 nobis
944 5115 1257 5169 melioribus
1304 5115 1633 5170 credendum
1687 5124 1797 5182 est,

219 5215 335 5277 apte
374 5206 505 5260 Saul
543 5222 571 5258 a
604 5206 733 5260 viris
762 5207 815 5260 in
860 5208 1083 5262 meridie
1114 5222 1336 5276 magnas
1381 5206 1564 5262 foveas
1602 5208 1800 5264 salien-

221 5295 372 5360 tibus,
404 5311 463 5349 se
484 5312 514 5348 a
549 5295 777 5348 Domino
801 5305 1018 5351 unctum
1044 5296 1092 5350 in
1118 5297 1415 5366 principem
1438 5297 1795 5365 recognoscit.

220 5386 314 5441 Sed
345 5389 482 5443 alius
504 5397 589 5442 est
616 5404 645 5441 a
667 5404 776 5457 quo
805 5391 1040 5458 ungitur,
1063 5390 1152 5443 alii
1175 5392 1264 5457 qui
1291 5391 1461 5459 ipsam
1486 5390 1795 5444 unctionem

221 5493 248 5530 a
289 5479 517 5535 Domino
565 5496 688 5536 esse
734 5488 1090 5547 attestantur;
1140 5482 1265 5550 quia
1314 5497 1474 5537 omne
1522 5483 1796 5552 negotium

220 5581 410 5626 sancta:
441 5571 725 5637 Ecclesiae,
758 5573 898 5627 sicut
917 5572 1207 5629 collatione
1243 5582 1550 5628 sanctorum
1580 5582 1794 5643 patrum

221 5665 380 5732 magis
406 5664 693 5733 probatur,
724 5663 795 5716 ita
827 5672 882 5716 et
904 5663 1073 5730 magis
1102 5663 1383 5717 robustum
1414 5672 1513 5718 est.

284 5756 331 5812 5.
373 5757 542 5825 Quasi
581 5756 725 5811 enim
754 5758 961 5827 signum
994 5772 1103 5813 sua:
1136 5755 1398 5812 unctionis
1430 5756 1616 5813 bca'us
1656 5756 1795 5813 l’au-

1906 4655 2125 4712 Currat;
2153 4645 2278 4713 quia
2308 4652 2435 4699 tunc
2471 4643 2733 4698 Conditor
2770 4652 2957 4698 noster
2992 4659 3115 4709 nos,
3165 4644 3318 4713 quasi
3348 4644 3491 4698 lilios

1904 4734 2094 4803 diligit,
2144 4750 2264 4789 cum
2314 4743 2368 4788 et
2405 4733 2649 4790 subditos
2693 4742 2944 4794 nostros,
2996 4742 3250 4800 tanquam
3297 4731 3492 4786 fratres

1905 4825 2195 4893 diligimus,
2228 4832 2283 4877 et
2311 4822 2483 4893 ipsum
2512 4824 2666 4891 quasi
2698 4832 2905 4892 patrem
2939 4838 3202 4887 amamus,
3235 4824 3360 4875 dum
3390 4836 3491 4890 per

1904 4913 2154 4969 affectum
2185 4912 2563 4968 sollicitudinis
2584 4912 2698 4967 istis
2721 4912 3013 4981 jungimur,
3038 4919 3094 4966 et
3123 4912 3189 4965 ad
3219 4912 3366 4965 illum
3390 4927 3487 4980 per

1903 5005 2138 5075 quietem
2180 5013 2440 5069 nostram,
2490 5018 2654 5073 quam
2711 5001 2902 5070 diligit,
2955 5001 3108 5070 quasi
3159 5000 3226 5055 ad
3281 5008 3490 5071 patrem

1904 5096 2237 5151 festinamus.
2272 5095 2396 5150 llaec
2425 5110 2657 5164 namque
2684 5094 2904 5149 dilectio
2939 5092 3141 5163 quietis
3172 5101 3369 5148 nostin:
3394 5107 3490 5147 ex-

1904 5189 2151 5260 primitur
2180 5188 2232 5242 in
2271 5187 2376 5242 hoc
2400 5225 2414 5250 ,
2447 5185 2589 5256 quod
2620 5186 2848 5241 dicitur:
2884 5182 3022 5249 Quid
3057 5184 3248 5255 faciam
3282 5184 3345 5237 de
3376 5182 3490 5255 ﬁlio

1904 5281 2054 5337 meo?
2080 5280 2195 5335 lloc
2219 5280 2464 5351 profecto
2495 5288 2648 5349 pater
2674 5280 2826 5348 dicit,
2847 5280 2938 5348 qui
2963 5287 3152 5334 tenere
3176 5278 3341 5331 lilium
3367 5276 3491 5333 dili-

1904 5383 2001 5453 git.
2032 5382 2148 5437 lloc
2172 5382 2333 5451 igitur
2358 5396 2464 5435 non
2493 5381 2688 5435 dicitur
2713 5370 2783 5434 de
2810 5378 3074 5450 praeacuto
3102 5379 3233 5444 lilio.
3263 5377 3357 5435 sed
3387 5378 3484 5432 ab-

1902 5484 2077 5531 sente.
2099 5475 2206 5531 Sed
2231 5475 2354 5545 quia
2383 5475 2620 5546 perditas
2642 5475 2823 5530 asinas
2843 5474 3010 5545 patris
3028 5473 3239 5543 quaerit,
3261 5472 3313 5528 ei
3334 5471 3490 5528 valde

1901 5569 2128 5625 dilectus
2157 5577 2272 5636 est;
2302 5568 2427 5639 quia
2454 5566 2548 5638 qui
2571 5575 2916 5636 peccatorum
2944 5566 3151 5621 animas
3170 5571 3490 5621 convertere

1902 5652 2244 5731 praedicando
2288 5660 2497 5733 nititur,
2530 5657 2879 5729 Redemptori
2916 5664 3104 5713 nostro
3128 5657 3238 5726 jam
3269 5656 3323 5711 in
3370 5671 3488 5710 ma-

1899 5767 2003 5824 gna
2029 5753 2290 5809 cbaritate
2320 5751 2626 5825 copu'atur.
2657 5749 2760 5820 Qui
2788 5758 2937 5809 cette
2957 5764 3055 5822 per
3079 5748 3308 5805 aliorum
3330 5746 3483 5805 solli-
