3962 6350
225 364 373 428 285
1105 376 1172 434 IN
1214 378 1474 439 PRIMUM
1515 382 1749 439 REGE}!
1791 386 1847 441 EI

1954 388 2302 450 )SITIONES.
2342 426 2411 436 —-
2451 396 2576 454 LIB.
2618 397 2705 457 IV.
3446 410 3552 466 286

234 484 401 586 fect
447 486 563 542 dies
609 495 731 586 octo
766 488 975 586 iterum-
998 499 1150 586 erant
1191 492 1431 586 discipuli
1469 495 1579 566 ejus
1622 498 1792 562 intus,
1820 507 1871 552 et
1899 506 1941 561 Α
1975 508 2063 553 tur
2089 510 2268 557 autem
2315 504 2454 561 Deus
2482 523 2580 578 per
2614 510 2889 579 speculum
2914 552 2929 578 ,
2971 514 3315 582 cognoscitur
3343 533 3438 586 per
3466 536 3555 575 sc-

236 574 496 632 Thomas
526 596 641 632 cum
663 582 759 643 eis,
783 580 917 634 renit
941 580 1093 635 Jews
1118 583 1300 653 jnnuis
1325 586 1519 641 clausis
1569 597 1619 641 et
1647 590 1786 642 stetit
1811 590 1865 643 in
1966 589 2163 657 ipsum.
2196 591 2300 648 Per
2341 574 2621 666 speculum
2644 574 2770 663 hic,
2802 616 2897 671 per
2916 574 3269 671 semetipsum
3302 574 3356 659 iri
3385 574 3547 665 emlo.

231 668 459 767 medio,
493 678 545 722 et
576 670 710 723 dixit
734 669 810 767 ξε
838 687 857 725 :
893 670 1012 725 Pax
1037 672 1194 767 vobis.
1237 672 1313 727 De
1356 675 1463 767 alio
1491 676 1620 767 item
1653 687 1865 734 secreto
1966 682 2257 753 Speculum
2283 701 2411 742 vero
2441 698 2524 742 est
2553 690 2643 744 illa
2672 668 2979 762 lux,vquam
3011 668 3216 747 habitat
3244 694 3412 761 Deus;
3440 701 3555 767 ipse

232 758 533 827 scriptum
572 768 707 858 est
736 760 893 858 Dum“
914 763 1294 858 complerentur
1317 766 1449 858 dies
1497 765 1861 835 Pentecostes,
1965 784 2147 829 autem
2178 776 2269 830 lux
2294 776 2401 840 illa,
2431 794 2550 848 quae
2579 780 2693 849 ipse
2718 789 2800 836 est
2830 758 2883 852 (1
2905 781 3025 837 Cor.
3054 799 3169 850 xm,
3194 784 3305 854 η).
3338 758 3549 858 Moyses

232 860 417 903 eram
444 868 625 905 omnes
651 853 893 923 discipuli
920 854 1118 924 pariter
1142 857 1199 909 in
1227 856 1405 911 eodem
1446 858 1587 921 loco,
1620 867 1668 913 et
1697 862 1865 932 factus
1965 875 2142 920 autem
2174 869 2263 938 qui
2310 868 2447 923 facie
2476 870 2543 923 ad
2587 870 2778 925 faciem
2818 872 2983 926 Deum
3013 874 3195 928 videre
3230 853 3454 942 dicitur,
3495 887 3551 932 et

233 952 331 995 est
361 953 580 1011 repente
625 945 689 997 de
734 946 859 999 calo
906 962 1063 1000 sonus
1113 947 1433 1003 advenientis
1472 951 1683 1019 spiritus
1710 951 1862 1005 vehe-
1964 954 2082 1023 ejus
2102 954 2291 1011 faciem
2310 956 2377 1011 ad
2397 958 2683 1013 videndum
2708 960 2981 1029 postulare
3010 962 3205 1032 (Exod.
3229 980 3412 1031 xxxut,
3433 966 3547 1034 i5),

232 1036 487 1099 mentis,
528 1043 578 1088 et
604 1035 815 1105 replevit
857 1044 1017 1089 totum
1046 1035 1274 1101 domum,
1303 1038 1389 1091 ubi
1412 1048 1562 1092 erant
1607 1040 1859 1093 sedentes.
1963 1046 2088 1115 quid
2110 1049 2308 1104 rectius
2334 1048 2597 1118 designat,
2621 1065 2782 1119 quam
2814 1053 3199 1122 perfectionem
3227 1042 3545 1116 electorum.

238 1122 328 1177 Et
358 1144 658 1197 apparuere
691 1130 796 1183 illis
837 1129 1121 1200 dispertita:
1166 1131 1386 1203 linguw,
1420 1142 1662 1203 tanquam
1689 1135 1823 1203 ignis
1843 1177 1859 1203 ,

238 1219 505 1289 seditque
533 1238 688 1291 super
730 1223 959 1292 singulos
1000 1240 1195 1288 eorum,
1223 1237 1270 1278 et
1301 1225 1485 1295 repleti
1528 1235 1647 1280 sunt
1684 1245 1862 1281 omnes

246 1306 475 1377 Spiritu
505 1322 685 1365 sancto
721 1314 857 1380 (Act.
882 1329 940 1377 tt,
967 1312 1041 1385 l).
1070 1312 1295 1370 Clausas
1318 1315 1533 1384 quidem
1552 1316 1746 1385 januas
1773 1318 1864 1372 ha-

241 1394 427 1461 bent.
461 1400 555 1467 qui
585 1401 1022 1456 contra-humani
1056 1402 1236 1472 lapsus
1277 1405 1652 1475 negligentiam
1683 1406 1859 1462 ofﬁcia

242 1490 548 1559 corporis,
588 1492 689 1546 sub
727 1491 850 1547 forti
879 1492 1119 1548 custodia
1176 1495 1362 1549 stricta
1412 1496 1665 1551 retinent.
1714 1497 1861 1553 [ntus

243 1580 429 1634 etiam
456 1590 617 1647 sunt;
644 1582 769 1651 quia
799 1583 852 1636 in
882 1582 1093 1637 interna
1122 1583 1413 1640 dilectione
1453 1600 1700 1654 superna:
1736 1587 1859 1641 vita:

241 1670 632 1740 requiescunt.
667 1672 871 1737 Quibus
899 1670 1142 1741 profecto
1164 1688 1452 1744 resurgens
1487 1673 1745 1730 Dominus
1770 1690 1863 1747 ap-

244 1770 453 1832 paret,
488 1765 613 1832 quia
661 1766 782 1833 ejus
835 1765 1061 1835 gloriam
1116 1774 1269 1823 tanto
1311 1768 1511 1825 clarius
1564 1768 1856 1840 aspiciunt,

1962 1136 2052 1203 qui
2076 1134 2187 1205 jam
2218 1138 2496 1207 speculum
2532 1138 2676 1193 illius
2703 1154 2927 1193 summa:
2957 1139 3090 1194 lucis
3118 1141 3425 1206 intuentur,
3452 1142 3549 1197 sed

1965 1236 2142 1283 tamen
2172 1230 2239 1283 ad
2271 1230 2440 1298 ipsam
2470 1230 2603 1285 lucis
2627 1230 2909 1285 veritatem
2933 1231 3239 1301 pertingere
3258 1232 3547 1286 vehemen-

1964 1328 2046 1373 ter
2074 1319 2329 1388 eupiunt?
2373 1318 2479 1376 lsta
2522 1318 2735 1391 quidem
2777 1320 3013 1389 cognitio
3067 1320 3202 1375 lucis
3247 1320 3546 1375 electorum

1961 1409 2225 1463 desideria
2268 1409 2468 1464 satiare
2503 1425 2610 1464 non
2652 1409 2834 1475 novit,
2866 1410 2961 1466 sed
2995 1412 3264 1476 excitare;
3296 1410 3383 1463 illa
3415 1425 3544 1465 vero

1962 1508 2019 1555 et
2043 1500 2266 1564 satiare,
2296 1508 2352 1555 et
2379 1490 2637 1555 excitare.
2668 1499 2801 1553 Nam
2833 1509 2941 1553 tam
2960 1499 3197 1569 jucunda
3227 1515 3314 1555 res
3342 1508 3454 1563 est,
3485 1507 3545 1553 ut

1962 1589 2304 1647 inel'fabiliter
2333 1592 2780 1662 concupiscatur;
2803 1600 2861 1647 et
2889 1601 2997 1647 tam
3026 1594 3203 1663 plena,
3230 1601 3289 1647 nt
3316 1593 3408 1663 qui
3432 1594 3542 1662 jam

1959 1699 2177 1755 semper
2202 1686 2342 1742 hanc
2379 1686 2431 1740 in
2479 1700 2676 1755 magno
2715 1686 2985 1741 desiderio
3018 1687 3301 1755 viderunt,
3330 1701 3547 1755 semper

1960 1774 2217 1830 ineffabili
2262 1775 2597 1846 plenitudine
2641 1776 2926 1831 satientur.
2975 1775 3090 1830 Viri
3136 1789 3298 1845 ergo,
3341 1776 3431 1846 qui
3474 1775 3544 1829 ad

247 1864 469 1923 quanto
501 1873 601 1926 per
623 1857 804 1912 mundi
831 1866 1199 1929 contemptum
1230 1861 1497 1930 passionis
1518 1861 1635 1931 ejus
1663 1871 1856 1934 myslc-
1888 1882 1935 1942 Β
1961 1865 2245 1921 Dominum
2275 1867 2597 1932 ascendunt,
2626 1865 2680 1921 in
2714 1865 2902 1923 Bethel
2939 1866 3231 1921 ascendere
3258 1865 3539 1927 dicuntur;

244 1945 402 2017 rium
444 1947 687 2001 strictius
730 1958 1045 2017 sequuntur.
1098 1948 1165 2004 Hi
1210 1950 1372 2006 etiam
1403 1952 1599 2023 repleri
1650 1952 1853 2024 Spiritu

248 2044 475 2098 saneto,
507 2036 660 2103 quasi
691 2037 742 2091 in
774 2037 935 2091 domo
969 2048 1227 2108 possunt;
1279 2041 1406 2109 quia
1448 2041 1522 2096 illi
1557 2043 1856 2113 percipiunt

249 2125 610 2179 abundanter
636 2128 927 2194 gratiarum
975 2129 1094 2199 ejus
1137 2130 1309 2197 dona,
1356 2116 1449 2201 qui
1490 2132 1557 2187 ad
1588 2149 1650 2187 ea
1679 2133 1852 2203 perci—

248 2216 461 2287 pii-uda
492 2234 634 2283 sese,
658 2219 886 2274 visibilia
915 2223 1331 2290 contemnendo,
1361 2233 1712 2295 paraverunt.

324 2345 387 2399 8.
433 2345 533 2413 Qui
566 2348 701 2403 bene
730 2347 797 2402 ad
829 2348 1113 2407 Dominum
1142 2352 1193 2407 in
1223 2352 1412 2409 Bethcl
1441 2356 1738 2411 ascendere
1766 2357 1851 2412 di-

249 2445 479 2491 cuntur.
539 2436 724 2491 Bethel
767 2438 966 2509 quippe
1012 2440 1207 2496 dicitur
1249 2442 1443 2499 domus
1486 2445 1603 2500 Dei.
1650 2446 1852 2503 Domus

249 2540 392 2579 vero
449 2525 543 2581 Dei
594 2543 712 2599 qua:
742 2536 844 2593 est,
874 2530 973 2586 nisi
1004 2530 1199 2587 domus
1227 2532 1315 2587 illa
1335 2574 1351 2601 ,
1394 2549 1554 2603 quam
1587 2535 1849 2591 inhabitat

250 2615 348 2670 lux
382 2617 802 2674 iz-aecessibilist
831 2619 944 2674 Lux
971 2623 1131 2676 etiam
1178 2622 1563 2680 inaccessibilis
1611 2635 1727 2695 est,
1774 2644 1853 2684 re-

250 2709 459 2763 velatio
513 2710 805 2767 divinitatis
858 2713 995 2781 ejus.
1048 2713 1161 2768 Lux
1214 2715 1414 2786 quippe
1466 2726 1585 2783 est;
1642 2719 1766 2787 quia
1818 2735 1846 2773 a

254 2801 480 2855 mundis
519 2803 774 2858 cordibus
814 2805 1257 2876 qualitereunque
1297 2808 1465 2863 videri
1496 2817 1694 2879 potest.
1731 2810 1849 2865 lle-

250 2891 479 2946 nissima
537 2895 754 2962 quidem
809 2895 861 2949 in
914 2897 1205 2966 semetipsa
1257 2898 1430 2970 replet
1480 2899 1696 2965 omnia,
1753 2901 1848 2955 sed

250 2982 599 3038 abundanter
626 2986 838 3054 replens
866 2985 1114 3041 universa
1138 3028 1154 3053 ,
1203 3004 1308 3042 non
1355 2990 1584 3059 capitur.
1628 2989 1851 3061 Capitur

249 3072 501 3141 quidem,
535 3084 594 3128 ut
630 3076 868 3145 repleat,
898 3078 994 3133 sed
1036 3079 1250 3149 replens
1289 3095 1395 3134 non
1437 3081 1678 3150 capitur,
1729 3097 1849 3152 qua:

252 3163 480 3232 replrtis
527 3166 811 3232 onmibus,
858 3183 964 3221 non
1025 3169 1294 3239 expletur.
1346 3170 1624 3226 Revelatio
1671 3171 1851 3240 itaque

1956 1958 2082 2028 quia
2130 1974 2253 2013 cum
2305 1958 2534 2013 multum
2587 1958 2642 2013 in
2693 1958 2794 2013 ista
2825 1959 2934 2013 vita
2990 1957 3325 2028 proficimus,
3355 1956 3541 2011 videre

1955 2048 2124 2118 ipsam
2154 2049 2329 2104 lucem
2350 2047 2661 2104 Conditoris
2697 2063 2793 2119 per
2827 2048 3107 2119 speculum
3137 2063 3455 2119 possumus,
3482 2048 3535 2100 in

1952 2140 2183 2211 selpsam
2214 2150 2395 2195 autem
2435 2141 2653 2195 minime
2677 2141 2937 2197 valemus.

2030 2274 2081 2329 9.
2125 2272 2190 2329 Et
2230 2276 2356 2343 quia
2399 2274 2466 2329 ad
2512 2274 2651 2329 hanc
2702 2273 2982 2329 sublimem
3016 2272 3278 2328 vi.-ionem
3324 2270 3537 2326 nonnisi

1956 2365 2187 2422 humiles
2214 2365 2551 2428 exaltantur,
2584 2366 2723 2421 bene
2763 2364 2831 2419 de
2874 2364 3075 2420 eisdem
3114 2361 3244 2419 viris
3291 2361 3530 2416 dicitur:

1958 2454 2094 2520 Quia
2115 2472 2246 2509 unus
2280 2464 2383 2510 tres
2410 2454 2615 2523 Irwdos,
2647 2455 2782 2508 alius
2811 2463 2913 2507 tres
2939 2462 3102 2506 tortas
3131 2453 3283 2523 panis
3317 2449 3536 2522 ferebat.

1954 2546 2089 2602 Tres
2117 2545 2350 2615 denique
2378 2545 2564 2601 btedos
2591 2553 2789 2616 portat,
2820 2543 2912 2613 qui
2937 2559 3054 2611 ore,
3077 2542 3261 2607 corde,
3286 2550 3342 2596 et
3367 2555 3532 2610 opere

1953 2650 2012 2691 se
2040 2634 2333 2704 deliquisse
2372 2633 2684 2704 pmnitendo
2726 2632 3047 2688 considerat.
3081 2631 3216 2696 Quia
3261 2631 3403 2684 enim
3441 2644 3555 2703 per»

1957 2724 2172 2788 limdos,
2204 2732 2517 2795 peccatores
2545 2724 2951 2792 signiﬁcantur,
2988 2722 3022 2776 ii
3058 2722 3149 2791 qui
3192 2722 3245 2775 in
3290 2729 3534 2775 extremo

1956 2815 2202 2871 examine
2228 2815 2295 2870 ad
2334 2815 2607 2871 sinistram
2636 2815 2823 2869 interni
2859 2812 3054 2883 judicis
3081 2812 3350 2867 statuendi
3378 2824 3497 2866 sunt
3519 2853 3534 2876 ,

1957 2903 2233 2958 hardorum
2265 2903 2483 2958 nomine
2509 2902 2901 2972 exprimuntur.
2932 2899 3065 2955 'l'res
3095 2913 3222 2967 ergo
3253 2898 3434 2952 haedos
3466 2898 3533 2950 ad

1958 2995 2248 3049 Dominum
2275 3001 2479 3064 portat,
2509 2994 2600 3063 qui
2629 3002 2848 3063 peccata
2878 2991 3076 3063 operis,
3104 2990 3271 3054 verbi,
3305 2997 3359 3043 et
3383 2989 3532 3056 cogi-

1957 3083 2176 3138 tationis
2210 3082 2524 3154 paruitendo
2564 3081 2907 3138 considerare
2950 3097 3057 3135 non
3094 3079 3306 3134 desinit.
3354 3077 3417 3130 Et
3456 3078 3537 3131 vir

1957 3177 2173 3248 quidem
2202 3184 2303 3241 est,
2336 3183 2391 3230 et
2435 3184 2610 3229 tamen
2657 3175 2840 3229 haedos
2882 3178 3091 3243 portat;
3133 3171 3257 3240 quia
3309 3184 3533 3240 peccare

255 3256 585 3321 Conditoris,
610 3260 736 3329 quia
768 3269 913 3314 tanta
939 3260 1269 3317 immensitas
1290 3262 1425 3318 lucis
1447 3270 1550 3333 est,
1574 3271 1630 3318 ut
1652 3263 1846 3319 illumi-
1877 3248 1922 3306 (ἶ
1958 3268 2168 3322 fortiter
2192 3274 2366 3330 cavet,
2399 3264 2491 3320 sed
2520 3264 2672 3333 quasi
2713 3270 2966 3333 peccator
3000 3278 3106 3315 non
3146 3260 3341 3315 desinit
3377 3259 3536 3313 satis-

262 3360 353 3405 net
388 3353 604 3416 omnia,
634 3361 689 3407 et
729 3362 1044 3421 angustetur
1082 3354 1133 3408 in
1182 3356 1358 3420 nul'o;
1403 3354 1529 3411 dum
1563 3354 1770 3409 videtur
1796 3364 1851 3411 et

260 3455 367 3495 non
393 3441 893 3511 comprehenditur,
924 3443 1014 3496 lux
1037 3451 1118 3498 est
1140 3443 1542 3499 inaccesiibilis.
1577 3442 1689 3498 Viri
1719 3458 1848 3512 (rgo

258 3529 316 3584 hi
350 3542 457 3584 tres
484 3533 548 3583 al
585 3530 868 3586 Dominum
910 3532 1250 3599 ascendunt;
1297 3533 1422 3602 quia
1450 3533 1538 3603 qui
1585 3548 1645 3588 se
1676 3532 1730 3586 in
1759 3548 1846 3587 se-

259 3621 477 3674 cretiori
505 3621 615 3675 vita
647 3622 983 3686 custodiunt,
1017 3622 1069 3676 in
1114 3622 1306 3676 divinae
1347 3623 1479 3678 lucis
1508 3623 1845 3693 contempla-

259 3711 404 3765 tione
435 3712 817 3767 sublimantur.
848 3712 956 3767 Sed
995 3713 1119 3782 quia
1157 3714 1225 3768 ad
1259 3715 1429 3785 ipsam
1468 3713 1560 3768 Dei
1599 3714 1848 3781 omnipo-

262 3804 422 3859 tentis
451 3805 689 3873 speciem
722 3806 897 3861 adhuc
917 3807 1221 3875 pertingere
1248 3822 1353 3860 non
1386 3814 1637 3877 possunt,
1663 3807 1715 3860 in
1740 3805 1815 3861 Be

258 3896 367 3950 thel
394 3898 686 3952 ascendere
715 3899 981 3955 dicuntur.
1012 3899 1277 3969 Quidquid
1309 3904 1452 3955 enim
1491 3900 1558 3955 de
1588 3900 1841 3969 omnipo-

258 3996 403 4042 tente
439 3989 551 4044 Deo
597 3992 832 4044 humana
877 4006 1027 4045 mens
1072 3999 1251 4061 potest
1278 3992 1538 4059 cogitare,
1572 3991 1710 4046 Deus
1736 4008 1844 4045 non

255 4089 355 4133 est.
399 4080 506 4135 Sed
551 4082 677 4134 dum
723 4081 1012 4149 cogitando
1059 4090 1254 4137 cuneta
1307 4082 1670 4147 transcendit,
1717 4081 1844 4136 dum

254 4172 507 4243 quidquid
540 4182 722 4242 potest
750 4173 952 4227 intima:
975 4173 1140 4239 lucis,
1170 4172 1427 4243 quidquid
1464 4173 1689 4226 interna:
1722 4188 1846 4227 sua-

252 4264 431 4320 vitatis
457 4274 513 4318 et
552 4264 876 4329 dulcedinis,
916 4264 1171 4335 quidquid
1208 4265 1499 4335 spi‘ritualis
1527 4265 1844 4320 delectatio-

254 4356 337 4410 nis
362 4356 465 4409 sibi
500 4353 737 4421 fingere,
763 4356 937 4409 minus
964 4356 1052 4409 illa
1096 4370 1216 4411 esse
1254 4356 1521 4419 creditur,
1554 4355 1621 4410 ad
1651 4370 1844 4423 quam-

251 4446 372 4499 dam
402 4447 577 4500 lucem
610 4453 788 4500 tamen
828 4446 1103 4515 pervenit,
1142 4459 1264 4514 qna:
1294 4462 1399 4500 non
1436 4453 1518 4500 est
1548 4445 1718 4510 Deus,
1749 4444 1845 4500 scd

250 4551 410 4605 quam
441 4537 710 4591 inhabitat
737 4537 899 4591 Deus.
934 4536 998 4590 Et
1022 4537 1145 4607 quia
1186 4545 1313 4591 tunc
1344 4536 1502 4591 electi
1533 4536 1710 4590 animt:
1744 4535 1844 4589 mi-

1959 3357 2159 3413 facere.
2203 3356 2334 3411 Nam
2376 3356 2457 3409 vir
2483 3364 2617 3420 erat,
2652 3363 2705 3409 et
2750 3352 2931 3408 haedos
2973 3351 3240 3422 portabat,
3270 3350 3359 3419 qui
3389 3349 3532 3403 dicc-

1954 3448 2046 3503 bat
2075 3466 2088 3502 :
2122 3446 2186 3501 In
2236 3447 2407 3502 mult's
2455 3446 2763 3516 o/I'endimus
2809 3460 2985 3499 omnes
3028 3442 3165 3515 (Jac.
3209 3458 3297 3509 ιιι,
3339 3441 3417 3510 2).
3469 3439 3535 3494 Et

1951 3542 2077 3611 quia
2101 3548 2342 3611 peccata,
2367 3554 2485 3609 quae
2509 3538 2854 3601 confitentur,
2871 3535 3051 3589 delere
3081 3533 3388 3603 pmuitcndo
3416 3540 3529 3586 sat-

1952 3639 2117 3700 agunt
2150 3649 2164 3685 :
2200 3647 2340 3686 unus
2384 3640 2494 3685 tres
2522 3627 2726 3693 bardos,
2760 3628 2896 3682 alius
2925 3642 3054 3681 vero
3085 3635 3192 3682 tres
3226 3634 3394 3680 tortas
3429 3641 3528 3694 pa-

1953 3722 2037 3777 nis
2062 3729 2263 3792 portat.
2294 3720 2488 3776 Tortas
2516 3719 2713 3789 quippe
2734 3718 2886 3787 panis
2914 3718 3159 3785 superius
3189 3716 3255 3769 ad
3285 3713 3535 3787 aﬂlietio-

1949 3829 2073 3869 nem
2104 3813 2432 3884 pmnitentia:
2472 3810 2782 3875 retulimus;
2822 3809 2945 3877 quia
2985 3807 3027 3861 si
3060 3805 3212 3876 panis
3241 3805 3529 3874 aliquando

1948 3904 2362 3960 delectationem
2384 3900 2664 3972 praesentis
2692 3899 2811 3953 vitae
2838 3895 3290 3966 significat,panis
3313 3904 3531 3964 torque-

1950 4002 2070 4058 tur,
2105 4008 2227 4048 cum
2275 4007 2373 4061 pro
2414 3989 2683 4060 praeterita
2722 3987 2900 4042 carnis
2930 3985 3285 4040 delectatione
3322 3983 3528 4037 crucia—

1949 4100 2090 4139 mur.
2150 4080 2304 4137 Unde
2354 4090 2409 4135 et
2459 4096 2554 4135 rex
2600 4078 2852 4134 Ezechias
2893 4092 3012 4132 cum
3052 4074 3357 4144 pmnitcudo
3387 4090 3529 4128 corn-

1947 4173 2217 4244 pungitur,
2242 4169 2629 4226 delectationes
2652 4167 2825 4236 regias
2845 4182 2904 4222 se
2934 4174 3198 4220 tortorum
3232 4163 3518 4233 promittit,

1946 4265 2131 4322 dicens
2163 4281 2175 4318 :
2205 4260 2520 4334 Recogitabo
2550 4275 2722 4315 omnes
2766 4257 2873 4311 dies
2902 4272 3039 4311 meos
3082 4257 3133 4310 in
3184 4253 3463 4308 amaritudi
3501 4269 3530 4307 θ

1946 4358 2137 4411 animos
2164 4370 2291 4410 mea:
2321 4352 2478 4425 (lsai.
2509 4366 2728 4415 xxxvut,
2761 4348 2872 4417 15).
2920 4347 3146 4415 Quando
3181 4346 3378 4401 etenim
3408 4361 3527 4400 car-

1950 4449 2087 4505 nalis
2115 4462 2267 4502 mens
2308 4446 2361 4500 in
2396 4446 2566 4514 cn‘pa:
2603 4441 2992 4497 delectationes
3028 4438 3343 4502 resolvitur,
3376 4438 3528 4506 quasi

1946 4539 2086 4594 diem
2137 4538 2329 4604 habet;
2379 4535 2505 4604 quia
2552 4533 2656 4589 hoc
2700 4531 2847 4602 quod
2895 4531 3034 4600 agit,
3074 4530 3317 4584 lzetanter
3360 4528 3527 4582 videt.

250 4625 494 4679 rabiliter
523 4623 916 4691 iollanunatur,
957 4626 1271 4681 mirabiliter
1310 4624 1574 4689 reficitur,
1607 4624 1851 4679 int-llabi-
1881 4632 1926 4689 υ
1957 4628 2079 4683 Dies
2106 4641 2236 4696 ergo
2259 4626 2453 4681 mentis
2482 4623 2725 4694 reprobat
2770 4630 2897 4676 sunt
2924 4620 3309 4676 delectationes
3352 4619 3524 4672 malm.

252 4714 376 4769 liter
402 4716 766 4771 delectatione
802 4717 1017 4783 fruitur,
1046 4717 1286 4786 cogitare
1312 4717 1657 4786 compellitur
1684 4731 1845 4786 quam

250 4806 535 4864 inetfabilis
583 4807 707 4873 lux,
746 4808 1001 4873 dulcedo,
1040 4816 1095 4862 et
1122 4806 1411 4863 delectatio
1436 4807 1535 4869 sit,
1575 4821 1695 4875 qua:
1732 4805 1848 4875 ipse

250 4907 349 4962 est,
380 4898 427 4954 si
461 4907 573 4952 tam
612 4898 874 4953 immensa
904 4899 994 4952 lux
1016 4907 1098 4953 est
1126 4898 1240 4965 illa,
1271 4912 1432 4966 quam
1461 4896 1757 4963 inhabitat,
1785 4905 1841 4950 et

255 5003 359 5042 non
386 4997 471 5044 est
496 4988 636 5056 ipse.
665 4988 741 5041 Ad
778 4988 1060 5042 Dominum
1092 4988 1291 5058 quippe
1315 4988 1368 5041 in
1399 4986 1588 5041 Bethel
1630 4986 1839 5057 Moyses

254 5080 606 5144 ascenderat,
640 5078 855 5149 quando
884 5095 1005 5134 cum
1047 5094 1115 5134 eo
1157 5079 1211 5133 in
1264 5086 1450 5133 monte
1497 5077 1834 5147 loquebatur.

255 5168 356 5224 Sed
382 5169 472 5240 qui
498 5170 564 5223 ad
597 5171 768 5224 lucem
801 5178 1153 5239 pervenerat,
1185 5185 1347 5240 quam
1379 5169 1640 5223 inhabitat
1668 5168 1839 5233 Deus,

254 5261 462 5323 lucem,
496 5277 619 5331 quan
671 5262 787 5331 ipse
848 5261 988 5316 Deus
1041 5270 1192 5326 erat,
1244 5261 1556 5329 qnterebat,
1610 5260 1834 5315 dicens:

261 5351 486 5409 Ostende
507 5353 634 5410 mihi
668 5354 851 5423 [aciem
882 5363 1019 5405 luant
1052 5350 1248 5421 (Exod.
1281 5348 1598 5418 xxxttt,13).
1633 5350 1706 5404 De
1732 5365 1840 5418 quo

258 5442 413 5494 etiam
462 5442 726 5510 scriptum
771 5451 886 5506 est,
916 5443 1074 5511 quia,
1122 5442 1442 5514 Loquebatur
1469 5442 1641 5511 Moysi
1679 5442 1837 5511 235

265 5528 520 5586 Dominus
550 5532 687 5601 [acie
710 5532 779 5583 ad
800 5534 986 5602 [aciem
1017 5530 1227 5600 (Ibid)
1268 5531 1401 5597 Quid
1433 5548 1462 5585 e
1497 5539 1514 5583 t
1540 5573 1554 5596 ,
1584 5531 1728 5599 quod
1759 5529 1833 5582 la—

258 5621 336 5675 cie
357 5620 425 5673 ad
461 5620 652 5675 faciem
693 5620 904 5691 Moyses
938 5638 1060 5675 cum
1105 5622 1332 5677 Domino
1377 5622 1639 5692 loquitur,
1672 5631 1726 5675 ct
1759 5632 1839 5674 ta-

264 5726 383 5766 men
421 5711 713 5767 Dominum
750 5713 1028 5777 obsecrat,
1069 5719 1129 5766 ut
1171 5712 1360 5767 faciem
1397 5727 1545 5767 suam
1586 5711 1841 5765 Dominus

264 5803 553 5860 ostendat?
583 5802 690 5859 Sed
722 5801 881 5858 facies
909 5801 1001 5858 Dei
1024 5802 1260 5873 cognitio
1280 5802 1392 5872 ejus
1424 5810 1522 5859 est.
1556 5800 1840 5872 Cognosci-

1034 6046 1067 6066 Χ

1948 4717 2146 4773 Omnes
2173 4730 2303 4784 ergo
2334 4716 2451 4771 dies
2476 4730 2605 4770 suos
2648 4724 2901 4783 peccator
2928 4712 3224 4778 recogitat;
3254 4711 3376 4778 quia
3406 4725 3527 4763 enm

1949 4824 2049 4879 per
2078 4808 2309 4863 divinam
2350 4807 2576 4876 gratiam
2606 4804 2908 4873 resipiscit,
2939 4800 3250 4857 satisfacere
3279 4816 3376 4869 pro
3407 4799 3527 4853 uni-

1948 4898 2117 4954 versis
2145 4897 2297 4951 malis
2328 4911 2436 4950 non
2480 4893 2698 4949 desinit.
2756 4891 2914 4945 Prius
2958 4890 3101 4944 enim
3149 4889 3344 4944 dicitur
3383 4903 3527 4941 unus

1945 4997 2162 5059 portare
2190 4996 2300 5042 tres
2328 4985 2544 5048 bardos,
2578 4981 2771 5038 deinde
2816 4981 2950 5035 alius
3000 4989 3111 5035 tres
3142 4987 3310 5033 tortas
3338 4979 3525 5049 panis;

1946 5087 2005 5133 ut
2042 5078 2199 5133 electi
2230 5076 2490 5146 cujusque
2517 5075 2687 5129 virtus
2731 5079 3021 5143 appareat,
3063 5071 3154 5141 qui
3182 5069 3335 5125 fortis
3361 5078 3443 5124 est
3472 5070 3524 5124 iu

1945 5172 2088 5225 bono
2117 5185 2302 5240 opere,
2332 5168 2547 5223 humiiis
2578 5182 2673 5235 per
2697 5164 3105 5220 aestimationem
3129 5202 3146 5229 ,
3175 5160 3404 5216 alllietus
3430 5176 3527 5232 per

1944 5265 2324 5318 contritionem
2357 5260 2701 5331 pwuitcntiae.
2733 5256 2800 5311 Et
2827 5256 2955 5328 quia
2984 5264 3145 5311 tanta:
3174 5254 3521 5323 perfectionis

1947 5370 2065 5409 esse
2089 5360 2379 5422 nequeunt,
2414 5350 2515 5403 nisi
2545 5348 2633 5418 qui
2664 5364 2849 5403 amore
2886 5355 3208 5401 teternormn
3235 5345 3339 5398 bon
3380 5360 3528 5410 rum,

1948 5444 2323 5511 temporalium
2356 5441 2506 5495 obliti
2550 5446 2704 5502 sunt,
2736 5438 2927 5492 tertius
2965 5438 3206 5506 lagenam
3238 5437 3343 5490 vini
3393 5453 3522 5505 por-

1946 5543 2059 5587 tare
2081 5534 2289 5587 dicitur.
2327 5531 2591 5600 Lagcnam
2625 5532 2824 5601 quippe
2854 5531 2959 5583 vini
3001 5539 3207 5598 portat,
3238 5530 3325 5595 qui
3372 5546 3522 5582 men-

1945 5632 2050 5677 tem
2088 5624 2311 5691 rcplevit
2337 5624 2514 5676 calore
2541 5620 2770 5691 Spiritus
2797 5620 2995 5674 sancti.
3027 5634 3133 5686 quo
3163 5628 3214 5673 et
3252 5616 3522 5673 anteriora

1944 5715 2151 5767 fortiter
2175 5713 2440 5767 currendo
2468 5720 2720 5781 appetat,
2751 5719 2805 5764 et
2833 5726 2895 5764 ea
2922 5725 3039 5779 quae
3066 5718 3210 5762 retro
3249 5719 3391 5768 sunt,
3428 5724 3520 5760 ve-

1946 5801 2023 5857 lut
2051 5803 2101 5857 in
2132 5816 2323 5873 magna
2352 5801 2632 5858 ebsietatis
2671 5800 2940 5857 obiivione
2983 5797 3340 5866 derelinquat.
3390 5797 3522 5850 Nam
