3962 6306
417 317 514 366 ινλςῖ
1603 304 1681 359 SA
1693 301 1841 355 NCTI
1878 300 2006 356 Olli".

2115 300 2199 353 iill
2242 301 2282 353 Μ
2307 299 2448 352 \GNI

3545 297 3650 348 (ἰδὲ

415 429 592 484 uanius
628 426 898 497 portabat,
925 424 1015 494 qui
1043 421 1249 477 dicebat
1281 437 1295 472 :
1355 419 1501 473 Venit
1540 417 1770 470 Christus
1811 428 1989 467 rocarc
2018 417 2058 470 Α
2091 394 2219 465 sexu
2250 410 2495 465 ftecuuda
2531 419 2614 464 est
2642 408 2947 479 panitentis
2982 407 3232 474 afﬂictio;
3277 408 3401 477 quia
3430 424 3536 478 quo
3558 424 3658 460 ste-

415 527 724 588 percntores,
748 530 960 585 quorum
989 513 1184 582 primus
1213 526 1305 580 ego
1327 525 1439 562 sum
1468 504 1521 576 (1
1549 506 1683 559 Tim.
1709 520 1743 562 ι.
1781 501 1890 572 i5).
1921 499 1984 554 Et

413 608 538 675 quia
559 608 721 660 etiam
754 613 946 658 tortam
977 601 1129 670 panis
1151 599 1418 668 portabat.
1449 597 1576 651 dicit
1602 594 1842 663 :Castigo
1871 609 1984 646 eor-

417 715 508 762 pus
533 713 718 760 meum,
741 706 789 748 et
813 696 867 746 in
895 694 1180 746 servitutem
1210 691 1387 761 redigo
1417 690 1467 759 (Ι
1500 688 1619 744 Cor.
1646 704 1719 751 rx,
1745 687 1858 754 27).
1880 684 1985 738 Sed

416 786 568 852 quasi
617 784 888 850 amphora:
927 781 1052 836 vino
1090 780 1273 835 ebrius
1295 820 1309 844 ,
1363 778 1488 833 dicit
1519 796 1532 831 :
1561 777 1686 842 Quae
1714 788 1846 830 retro
1870 784 1988 828 sunt

416 875 731 938 obliuiscens,
757 872 827 925 ad
854 889 917 925 ea
954 888 1106 937 vero,
1138 887 1252 941 qua:
1295 879 1413 923 sunt
1459 870 1664 938 priora,
1709 866 1987 920 extendens

417 966 687 1031 meipsum,
714 963 781 1016 ad
810 963 1124 1016 destinatum
1149 979 1424 1032 persequor
1451 962 1612 1031 236
1647 960 1873 1013 brevium
1904 975 1990 1010 su-

417 1068 595 1122 perna:
626 1053 906 1107 vocationis
935 1050 1052 1115 Dei,
1084 1053 1136 1104 in
1170 1050 1372 1104 Christo
1415 1049 1543 1104 Jesu
1575 1049 1739 1120 (Phil.
1770 1066 1848 1113 Ill,
1878 1050 1987 1118 15).

422 1145 535 1199 Viri
564 1159 691 1212 ergo
718 1155 825 1198 tres
845 1143 908 1196 ad
936 1143 1216 1196 Dominum
1237 1142 1553 1206 ascendunt,
1578 1151 1632 1195 et
1656 1151 1761 1195 tres
1789 1142 1989 1203 haedos,

417 1241 480 1286 et
509 1241 618 1286 tres
647 1232 799 1302 panis
839 1239 1038 1295 tortas,
1071 1239 1124 1284 et
1148 1232 1253 1284 viui
1289 1233 1528 1298 lagenam
1558 1231 1804 1285 deferunt
1833 1249 1843 1281 :
1868 1231 1991 1299 quia

421 1323 730 1377 remotioris
755 1323 876 1376 vita:
911 1323 1100 1376 studiis
1128 1321 1326 1386 dediti,
1371 1322 1436 1374 al
1483 1321 1992 1390 contemplationem

430 1415 541 1467 veri
569 1413 782 1466 luminis
812 1420 1038 1480 surgunt
1064 1427 1131 1466 ex
1159 1413 1350 1466 merito
1374 1411 1707 1466 humilitatis.
1739 1410 1842 1465 Sed
1863 1426 1996 1480 qua-

420 1492 501 1556 les
524 1511 648 1560 sunt
674 1503 726 1557 in
754 1517 836 1568 se,
859 1505 1043 1570 quales
1062 1517 1190 1557 vero
1217 1503 1324 1556 sint
1351 1503 1469 1556 aliis
1496 1503 1740 1572 exponit,
1770 1503 1953 1556 dicens
1978 1517 1992 1554 :

424 1595 646 1666 Cumque
669 1603 718 1647 te
742 1594 1104 1658 salutaverint,
1141 1593 1335 1646 dabunt
1371 1592 1461 1646 tibi
1490 1602 1590 1647 tres
1621 1601 1783 1647 tortas
1813 1591 1993 1662 panis,

429 1692 476 1735 et
498 1685 719 1752 accipies
748 1682 812 1736 de
843 1700 1001 1736 manu
1023 1699 1220 1738 eorum.
1256 1682 1502 1736 Salutant
1539 1697 1638 1736 nos
1663 1681 1763 1736 viri
1793 1681 1994 1742 sancti,

2088 501 2205 570 pius
2241 501 2468 572 quisque
2505 500 2878 568 compungitur
2900 540 2916 564 ,
2945 512 3012 552 eo
3045 508 3103 552 et
3149 498 3379 566 largiora
3408 499 3457 552 ei
3487 498 3655 567 lacry-

2081 604 2291 643 marum
2314 588 2509 641 fluenta
2531 588 2916 641 ministrautur.
2948 585 3075 640 Saul
3106 600 3234 653 ergo
3264 603 3372 640 non
3402 603 3537 640 unus
3568 604 3661 655 pa-

2088 681 2189 741 uis,
2223 678 2316 734 sed
2345 678 2450 732 duo
2496 678 2722 740 dantur,
2749 677 2874 744 quia
2915 674 3045 731 ﬂere
3089 676 3427 745 prtedicatori
3465 693 3565 746 pro
3603 693 3660 731 se

2086 771 2203 824 solo
2228 785 2334 823 non
2364 767 2575 823 sufficit.
2615 767 2858 836 Accipiat
2892 782 3021 836 ergo
3061 767 3129 821 de
3155 767 3391 821 virorum
3421 767 3664 821 manibus

2088 859 2220 912 duos
2261 873 2453 927 panes;
2485 866 2544 911 ut
2570 857 2818 912 videlicet
2854 855 2984 911 flere
3024 857 3271 926 exemplo
3301 856 3665 925 perfectorum

2089 949 2278 1008 discat,
2311 947 2403 1000 sed
2447 945 2627 998 ﬂetum
2654 946 3013 1000 necessarium
3043 945 3162 1009 sibi,
3187 956 3242 1000 et
3271 962 3368 1014 pro
3397 963 3456 1001 se
3485 947 3668 1001 subdi-

2093 1039 2160 1090 tis
2189 1043 2558 1104 recognoscat.
2586 1034 2650 1087 Et
2689 1035 2810 1104 quia
2839 1035 2893 1089 in
2922 1051 3082 1090 manu
3111 1034 3398 1103 aliquando
3427 1044 3671 1105 potestas

2093 1129 2372 1196 accipitur,
2403 1126 2501 1180 viri
2533 1135 2641 1180 tres
2670 1141 2836 1195 panes
2863 1126 3064 1180 habent
3111 1125 3164 1178 in
3209 1140 3401 1191 manu;
3427 1124 3550 1192 quia
3580 1126 3672 1193 qui

2096 1217 2332 1284 provecti
2364 1222 2486 1269 sunt
2516 1215 2568 1268 in
2609 1223 2786 1269 arcem
2817 1214 3286 1282 contemplationis
3310 1254 3323 1275 ,
3358 1213 3537 1267 ﬂetum
3569 1213 3670 1266 ha-

2097 1307 2224 1360 bent
2271 1306 2320 1358 in
2351 1306 2545 1358 virtute
2593 1305 2892 1374 potestatis.
2943 1303 3078 1369 Quia
3125 1305 3266 1358 enim
3312 1304 3501 1357 nolunt
3529 1319 3671 1356 vana

2099 1395 2278 1449 lzctitia
2322 1394 2538 1448 dissolvi
2588 1409 2712 1448 cum
2760 1402 3016 1462 possunt,
3045 1402 3266 1462 possunt
3309 1393 3499 1447 merito
3543 1391 3674 1445 flere

2098 1503 2218 1540 cum
2244 1487 2449 1541 volunt.
2482 1485 2592 1540 Nos
2618 1485 2816 1555 quippe
2838 1483 3032 1538 infirmi
3061 1493 3115 1538 et
3149 1485 3442 1540 custodiam
3473 1485 3675 1539 mentis

2099 1586 2295 1631 nostra:
2317 1575 2673 1645 negligentes,
2698 1575 2857 1629 etiam
2882 1591 3001 1630 cum
3033 1577 3315 1644 compungi
3339 1585 3393 1629 et
3421 1575 3550 1630 flere
3578 1593 3676 1645 pro

2099 1666 2330 1737 peccatis
2371 1666 2568 1720 nostris
2595 1665 2842 1719 volumus
2865 1706 2882 1732 ,
2925 1681 3034 1719 non
3064 1665 3303 1718 valemus
3368 1665 3500 1731 Quia
3531 1666 3672 1720 enim

429 1771 646 1839 quando
673 1771 827 1826 nobis
874 1771 1015 1827 bona
1054 1780 1255 1826 mterna
1307 1771 1491 1827 salutis
1529 1773 1865 1826 annuntiant.
1898 1771 1998 1838 Qui

2112 1773 2168 1812 ex
2196 1770 2390 1825 magno
2417 1755 2628 1810 fervore
2648 1755 2886 1825 spiritus,
2907 1754 3210 1821 spirituales
3238 1757 3391 1826 237
3424 1757 3676 1826 lacryma:

433 1879 560 1918 vero
590 1878 688 1918 uos
711 1878 809 1934 per
831 1877 1027 1931 corpus
1053 1863 1310 1927 salutant,
1335 1872 1496 1930 caput
1517 1863 1807 1926 inclinant,
1832 1870 1890 1916 ut
1919 1878 2003 1916 rc-

434 1952 730 2006 vcrentiam
760 1952 1006 2008 salutatis
1041 1952 1348 2006 exhibeant.
1380 1951 1522 2006 Viris
1550 1962 1727 2004 autem
1755 1950 2004 2020 spiritua-

431 2040 570 2093 libus
591 2046 752 2108 caput
779 2039 1057 2104 inclinare,
1080 2046 1165 2094 est
1195 2047 1430 2094 mentem
1461 2054 1491 2092 a
1523 2054 1732 2094 summa
1772 2047 2007 2092 conteru-

433 2128 669 2196 platione
721 2127 1007 2197 deponere.
1063 2126 1193 2181 Nam
1246 2128 1292 2182 si
1346 2136 1507 2195 caput
1553 2143 1658 2182 non
1715 2126 2002 2192 inclinant,

432 2215 668 2270 salutare
713 2231 819 2271 non
862 2225 1087 2287 possunt
1118 2234 1131 2270 :
1165 2217 1288 2286 quia
1315 2233 1415 2271 nos
1451 2217 1672 2272 salutari
1705 2217 2006 2271 eruditione

435 2320 542 2357 non
568 2305 867 2367 instruunt,
897 2306 941 2359 si
972 2315 1205 2359 mentem
1237 2320 1268 2358 a
1304 2320 1511 2358 summa
1550 2305 2006 2373 contemplatione

435 2390 732 2445 cmlestium
757 2407 861 2446 non
885 2390 1179 2460 deponunt.
1211 2391 1359 2446 Tunc
1396 2393 1540 2446 enim
1577 2393 1730 2448 nobis
1757 2407 2004 2460 magnam

437 2479 793 2534 reverentiam
842 2478 1099 2533 exhibent
1139 2495 1154 2532 :
1192 2479 1317 2547 quia
1362 2494 1488 2542 eos,
1543 2495 1640 2548 pro
1693 2481 1885 2548 quibus
1936 2480 2007 2533 ah

439 2569 550 2622 alto
570 2583 668 2622 suo
696 2567 929 2624 culmine
955 2568 1280 2624 descendere
1307 2568 1624 2638 dignantur,
1657 2585 1855 2640 parvos
1889 2584 2009 2626 esse

439 2672 547 2712 IIOII
579 2665 784 2712 tenent.

511 2793 599 2847 10.
637 2792 746 2848 Sed
775 2791 900 2847 dum
930 2791 1137 2848 futurus
1173 2809 1266 2848 rex
1311 2793 1601 2859 salutatur,
1635 2793 1740 2849 duo
1765 2793 1815 2849 ei
1842 2809 2008 2864 panes

441 2885 764 2940 tribuuntur.
809 2884 924 2939 Duo
957 2884 1098 2938 enim
1128 2900 1294 2955 panes
1339 2886 1633 2940 ordinando
1673 2885 2008 2956 prmdicalori

435 2975 652 3041 dantur,
675 2974 892 3044 quando
920 2975 1050 3030 ﬂere
1068 2975 1291 3030 docetur
1317 2986 1535 3046 peccata
1559 2993 1664 3032 non
1692 2977 1865 3032 solum
1889 2993 2004 3043 sua,

435 3068 534 3121 sed
553 3067 742 3121 aliena.
773 3065 946 3121 liabet
974 3081 1101 3134 ergo
1125 3083 1315 3136 panem
1357 3082 1518 3120 unum
1549 3075 1770 3133 tortum,
1793 3067 2008 3136 quando

2105 1847 2499 1916 producuntur,
2527 1845 2618 1914 qui
2665 1846 2998 1914 negligentiae
3049 1856 3247 1901 nostra:
3299 1846 3491 1914 frigore
3539 1863 3675 1900 cou-

2105 1936 2453 2004 stringimur,
2498 1935 2821 1990 incalescere
2867 1936 2974 1990 cito
3011 1935 3077 1989 ad
3127 1937 3387 2006 lacrymas
3427 1937 3679 2007 prohibt»

2106 2042 2243 2079 mur.
2287 2023 2430 2079 Bene
2459 2039 2588 2094 ergo
2615 2040 2784 2094 panes
2813 2025 2863 2078 in
2892 2026 3136 2080 manibus
3175 2025 3372 2080 habere
3411 2027 3678 2089 dicuntur,

2107 2119 2194 2185 qui
2219 2115 2285 2169 ad
2311 2131 2568 2186 quercum
2611 2114 2827 2169 Thabor
2852 2115 3030 2169 futuro
3058 2115 3171 2184 regi
3211 2131 3472 2184 apparere
3499 2117 3679 2184 perhi-

2108 2207 2330 2270 bentur;
2381 2205 2504 2272 quia
2557 2204 2646 2272 qui
2695 2204 2748 2257 in
2792 2203 3244 2272 contemplatione
3291 2205 3411 2258 vita:
3459 2204 3677 2272 privata:

2109 2296 2332 2366 perfecti
2361 2304 2504 2361 sunt,
2528 2295 2734 2349 lucrum
2777 2294 2976 2350 habent
3001 2294 3333 2349 subditorum
3365 2312 3463 2365 pro
3491 2295 3679 2348 obser-

2108 2385 2326 2439 vatione
2353 2385 2629 2438 virtutum.

2181 2507 2266 2561 Η.
2309 2506 2372 2560 Et
2419 2507 2733 2574 notandum,
2762 2506 2888 2575 quia
2917 2515 3079 2563 uncto
3109 2509 3219 2576 regi
3247 2508 3467 2564 Samuel
3498 2511 3683 2579 ρι’ωοὶ-

2109 2601 2207 2672 pit,
2237 2603 2422 2656 dicens
2447 2619 2460 2655 :
2489 2599 2559 2654 Et
2585 2602 2803 2671 accipies
2833 2600 2895 2655 de
2921 2617 3074 2654 manu
3101 2617 3294 2655 eorum.
3326 2601 3492 2669 Cujus
3519 2602 3682 2666 verbi,

2108 2707 2229 2761 qua:
2258 2692 2446 2746 melior
2483 2691 2623 2745 ratio
2653 2690 2830 2761 colligi
2859 2698 3055 2760 potest,
3084 2705 3244 2758 quam
3273 2705 3334 2744 ea
3364 2706 3483 2760 qua:
3512 2691 3683 2760 palam

2109 2781 2530 2849 cerniturzquia
2573 2781 2823 2835 videlicet
2866 2781 2918 2834 in
2961 2781 3160 2835 sanctis
3186 2781 3312 2835 viris
3344 2781 3686 2836 amictiouem

2110 2887 2218 2926 non
2266 2871 2498 2926 libenter
2541 2871 2892 2924 mmulamur?
2925 2869 3052 2923 Nam
3082 2869 3174 2938 qui
3204 2871 3464 2925 honorem
3507 2871 3688 2940 pracla-

2112 2961 2295 3028 tionis,
2345 2969 2401 3016 et
2446 2960 2758 3029 dignitatem
2807 2961 3066 3026 ambiant,
3113 2961 3376 3015 innumeri
3414 2961 3685 3022 sunt:«;ui

2111 3065 2241 3106 vero
2289 3050 2528 3104 laborem
2577 3048 2876 3112 ministerii,
2922 3056 2976 3102 et
3003 3048 3344 3102 aﬂlictionem
3397 3049 3575 3102 carnis
3620 3049 3687 3102 dc

443 3173 541 3226 pro
569 3158 802 3226 peccatis
829 3156 939 3210 suis
960 3131 1228 3225 affligitur,
1262 3155 1294 3209 h
1331 3156 1422 3210 bet
1445 3156 1626 3220 alium,
1650 3131 1863 3224 quando
1884 3158 2006 3209 sul»-

2112 3156 2174 3195 ea
2197 3141 2298 3194 lem
2329 3140 2634 3210 prmlat'one
2662 3145 2934 3208 appetant,
2969 3139 3144 3206 pauci.
3180 3138 3432 3192 Libenter
3475 3138 3686 3207 quidem

443 3245 674 3298 ditorum
703 3252 925 3313 peccata
951 3243 1203 3312 plangere
1233 3251 1476 3297 conatur.
1517 3242 1622 3296 Sed
1650 3251 1706 3295 et
1741 3243 1883 3295 hunc
1914 3257 2009 3310 pa-

449 3349 571 3388 nem
611 3333 890 3387 Psalmista
921 3332 1115 3386 clarius
1144 3332 1438 3394 insinuans,
1471 3332 1546 3384 ait
1575 3349 1588 3384 :
1615 3331 1842 3400 Surgite,
1875 3340 2014 3400 post-

440 3439 596 3493 quam
625 3423 887 3485 sederitis,
915 3421 1002 3492 qui
1043 3421 1367 3474 manducatis
1394 3439 1579 3488 panem
1621 3421 1812 3475 dolori:
1842 3421 2013 3487 (Psal.

438 3525 625 3574 .cxxvr,
650 3509 726 3578 2).
778 3508 911 3563 Hinc
954 3509 1180 3563 Domino
1229 3508 1534 3573 conﬁtetur,
1557 3509 1742 3564 dicens
1773 3508 2014 3564 :Cibabis

437 3618 542 3655 .nos
567 3617 700 3670 pane
719 3599 1061 3670 lacrymarum
1078 3638 1093 3662 ,
1123 3607 1171 3652 et
1195 3609 1372 3670 potum
1409 3598 1553 3652 dabis
1581 3597 1725 3652 nobis
1752 3599 1808 3652 in
1841 3601 2012 3669 lacry-

435 3689 542 3743 suis
569 3705 683 3742 cum
709 3704 946 3742 mensura
977 3687 1340 3759 (Psul.r.xxrx,
1365 3685 1442 3757 9).
1483 3685 1644 3742 Panis
1682 3703 1812 3756 ergo
1850 3697 1919 3742 to:
1938 3697 2011 3751 ta,

447 3779 597 3848 panis
619 3787 702 3833 est
730 3779 958 3844 doloris,
987 3787 1042 3833 et
1079 3779 1232 3849 panis
1269 3778 1645 3849 lacrymarum.
1685 3777 1753 3833 Et
1788 3779 2017 3835 fortasse

438 3872 644 3928 ideirco
665 3872 754 3927 ille
780 3873 862 3926 vir
885 3887 1018 3926 unus
1049 3880 1157 3926 tres
1185 3871 1339 3942 panis
1369 3879 1538 3926 tortas
1570 3871 1818 3941 portabat
1848 3889 1861 3924 :
1891 3872 2014 3940 quia

437 3969 556 4015 tres
587 3969 771 4026 erant,
803 3960 892 4030 qui
922 3960 1076 4014 simul
1103 3959 1412 4030 pergebant,
1441 3967 1497 4013 ut
1523 3975 1644 4015 cum
1679 3959 1818 4014 inter
1835 3975 1895 4015 se
1922 3975 2014 4014 eos

435 4051 781 4118 dividerent,
817 4051 1007 4119 singuli
1045 4051 1282 4118 singulos
1324 4066 1491 4120 panes
1537 4052 1816 4106 haberent.
1863 4053 2015 4118 Quod

437 4142 610 4194 etiam
637 4140 704 4194 de
729 4140 891 4193 laedis
931 4140 1148 4207 intelligi
1176 4141 1558 4195 convenienter
1588 4149 1783 4206 potest.
1816 4142 1931 4207 Qua
1961 4143 2014 4196 in

433 4249 504 4286 ire
532 4231 661 4302 quid
693 4231 979 4284 notandum
1006 4238 1118 4292 est,
1150 4231 1248 4283 nisi
1289 4231 1411 4299 quia
1441 4230 1744 4284 remotioris
1772 4232 1894 4284 vita:
1920 4232 2016 4286 viri

429 4322 570 4374 ilum
601 4320 919 4387 singularem
952 4320 1410 4374 conversationem
1446 4328 1627 4376 tenent
1652 4362 1668 4388 ,
1697 4323 2016 4380 sollicitudi-

433 4423 568 4463 siem
601 4407 824 4462 aliorum
871 4423 976 4461 non
1019 4408 1254 4462 habent?
1289 4408 1462 4463 Unum
1514 4425 1642 4479 ergo
1689 4413 1932 4478 hazdum,
1963 4423 2016 4468 et

2112 3227 2360 3281 volumus
2387 3242 2550 3294 super
2593 3226 2728 3280 alios
2773 3225 3070 3293 sublimari,
3101 3225 3192 3280 sed
3220 3241 3407 3280 eorum
3438 3227 3690 3294 plangere

2115 3325 2336 3384 peccata
2383 3316 2635 3370 vitamus.
2685 3314 2834 3369 Tunc
2879 3315 3020 3369 enim
3069 3330 3235 3384 panes
3281 3315 3434 3369 nobis
3484 3316 3691 3368 oblatos

2114 3406 2374 3471 videmus,
2403 3407 2497 3462 sed
2525 3405 2592 3462 de
2621 3406 2866 3461 manibus
2906 3405 3242 3461 offerentium
3272 3407 3512 3476 recipere
3541 3407 3692 3458 nolu-

2113 3513 2235 3552 mus
2265 3513 2280 3552 :
2309 3498 2434 3566 quia
2487 3498 2540 3552 in
2589 3497 2776 3552 electis
2820 3497 2947 3551 viris
2993 3495 3333 3552 alﬂietiouem
3383 3499 3689 3560 cernimus,

2114 3603 2276 3656 quam
2324 3603 2429 3642 non
2481 3587 2770 3641 imitamur.
2823 3586 3100 3656 Praecipitat
3126 3603 3253 3657 ergo
3298 3588 3577 3658 prOpItela,
3610 3588 3687 3640 di-

2115 3691 2244 3731 cens
2269 3693 2282 3730 :
2305 3677 2536 3745 Accipies
2565 3677 2628 3728 de
2667 3693 2822 3730 manu
2851 3692 3046 3729 eorum.
3093 3674 3162 3730 Ut
3206 3677 3295 3743 qui
3325 3676 3546 3730 idoneus
3575 3691 3690 3729 esse

2115 3765 2320 3836 appetit
2347 3775 2525 3819 rector
2554 3763 2825 3828 Ecclesiae,
2856 3763 3000 3834 quod
3030 3764 3231 3818 dictum
3278 3773 3378 3826 e-t,
3419 3780 3691 3818 assumere

2115 3871 2453 3926 nequaquam
2483 3855 2634 3908 vitet.
2668 3855 2813 3908 Bene
2851 3870 3066 3923 quoque
3109 3855 3235 3909 Saul
3284 3855 3430 3923 prius
3457 3855 3523 3908 ad
3552 3854 3693 3907 viros

2114 3945 2369 3999 salientes
2397 3958 2616 4013 magnas
2644 3945 2827 3997 foveas
2853 3943 3082 4009 ducitur,
3127 3944 3320 3998 deinde
3349 3944 3416 3998 ad
3445 3961 3560 4004 eos,
3605 3946 3694 4011 qui

2115 4053 2302 4107 panes,
2330 4037 2530 4097 hmdos,
2578 4045 2632 4090 ct
2674 4037 2855 4089 viuum
2885 4043 3101 4104 portant
3129 4053 3142 4088 :
3179 4045 3234 4089 ut
3262 4036 3408 4090 rudis
3439 4035 3689 4104 praedira-

2116 4133 2202 4179 tor
2228 4126 2279 4178 iu
2310 4125 2426 4178 aliis
2453 4124 2641 4187 discat,
2692 4124 2875 4177 srcculi
2924 4125 3030 4177 alta
3076 4124 3369 4195 despicere,
3401 4135 3452 4176 et
3495 4126 3545 4176 iu
3577 4125 3690 4176 aliis

2116 4214 2292 4267 carnis
2320 4213 2658 4268 aﬂlictiouem
2682 4253 2697 4278 ,
2749 4223 2804 4267 ct
2855 4215 3209 4284 lacrymarum
3258 4215 3458 4269 hostias
3488 4231 3584 4283 pro
3611 4230 3690 4280 se,

2116 4309 2171 4355 et
2219 4302 2444 4356 subditis
2481 4303 2833 4371 omnipotenti
2866 4301 2973 4357 Deo
3003 4304 3214 4358 offerre.
3263 4304 3367 4356 Svd
3419 4313 3474 4356 ct
3522 4304 3691 4356 athuc

2116 4390 2389 4460 profectus
2417 4391 2535 4459 ejus
2561 4407 2824 4446 summam
2857 4392 3128 4448 insinuans
3157 4395 3441 4464 propheta,
3471 4395 3690 4462 subjun-

435 4513 610 4553 amum
642 4513 833 4567 panem
863 4498 1079 4563 habent,
1110 4499 1199 4567 qui
1223 4515 1318 4568 pro
1337 4499 1465 4554 solis
1490 4502 1600 4556 suis
1623 4504 1854 4572 peccatis
1875 4520 2018 4558 com-
2044 4476 2097 4536 Β
2119 4479 2216 4548 δίεν
2245 4479 2427 4548 dicens
2456 4497 2469 4533 ³

437 4596 774 4658 panguntur,
807 4595 861 4640 ct
881 4587 1066 4642 alienis
1097 4604 1191 4656 per
1210 4590 1478 4658 pastorale
1503 4589 1735 4646 officium
1767 4609 1872 4648 non
1897 4609 2017 4665 gra-

439 4687 662 4733 vantur.
713 4677 777 4731 Et
801 4679 954 4748 quia,
983 4680 1074 4748 qui
1103 4679 1344 4748 ejusdem
1373 4682 1621 4751 perfectas
1648 4687 2014 4740 conversatio-

438 4768 530 4822 υἷε
559 4776 716 4836 sunt,
748 4768 799 4822 iu
841 4768 1029 4838 seipsis
1061 4769 1404 4825 amiclionem
1447 4773 1624 4828 carnis
1668 4775 2013 4842 aemulantur;

440 4858 586 4914 bene
617 4869 722 4913 tres
748 4875 912 4929 panes
935 4874 1088 4924 unus,
1114 4868 1169 4913 et
1189 4860 1325 4915 alius
1354 4868 1461 4916 tres
1501 4861 1714 4930 haedos,
1745 4872 1799 4917 et
1829 4865 2016 4919 tertius

451 4948 556 5001 sini
603 4949 845 5015 lagenam
888 4957 1086 5018 portat.
1118 4948 1274 5004 Velut
1303 4951 1443 5004 enim
1470 4967 1605 5006 unus
1634 4961 1845 5021 portat,
1875 4969 1959 5022 qu:
1983 4954 2015 5009 d

442 5037 678 5091 oblaturi
697 5079 713 5105 ,
743 5044 834 5090 aut
852 5038 1138 5093 comesturi
1173 5048 1297 5093 sunt
1323 5055 1536 5106 omnes;
1573 5049 1627 5094 et
1656 5057 1840 5096 omnes
1867 5059 2018 5097 man-

449 5129 647 5204 ducant
675 5128 755 5182 vel
798 5127 1045 5194 oﬂcrunt,
1073 5130 1214 5199 quod
1263 5140 1440 5200 portat
1469 5148 1638 5197 unus,
1672 5132 1886 5201 quando
1930 5133 2014 5202 pia

449 5219 788 5274 aemulatione
835 5234 1020 5274 eorum
1063 5220 1289 5289 quisque
1331 5237 1651 5287 succensus,
1683 5223 1734 5278 in
1765 5239 1822 5278 se
1858 5224 2018 5279 habet

452 5309 591 5362 bona
635 5308 876 5378 exempla
907 5324 1003 5377 pro
1030 5309 1180 5378 aliis,
1211 5320 1266 5364 et
1309 5311 1479 5378 bona,
1523 5327 1642 5381 qua:
1681 5313 1880 5368 habent
1906 5314 2014 5380 alii,

455 5415 560 5453 non
592 5400 806 5468 negligrt
835 5401 1047 5454 imitari.
1079 5399 1143 5454 Et
1169 5401 1293 5471 quia
1315 5401 1570 5458 feminino
1598 5417 1796 5472 genere
1826 5404 2017 5459 dicun-

452 5495 541 5541 tur
561 5494 710 5541 torta;
735 5488 922 5558 panis,
951 5489 1056 5544 hoc
1094 5491 1336 5559 profecto
1375 5491 1639 5558 insinuat;
1683 5493 1806 5562 quia
1831 5494 1920 5562 qui
1951 5508 2019 5549 ex

443 5578 837 5633 consuetudine
861 5578 1263 5648 compungitur,
1300 5580 1350 5634 ei
1389 5580 1638 5636 nimirum
1664 5597 1728 5637 ex
1769 5584 2018 5655 lacrymis

446 5665 573 5720 aliis
616 5665 733 5722 alia:
779 5666 958 5738 plures
995 5667 1256 5726 oriuntur.
1307 5667 1466 5737 Quasi
1508 5672 1650 5728 enim
1695 5673 1747 5728 in
1787 5674 2018 5732 femineo

2190 4589 2380 4660 (Vers.
2428 4589 2478 4655 5,
2511 4591 2562 4643 6.
2589 4589 2607 4660 )
2650 4589 2773 4644 Post
2801 4591 2909 4645 lucc
2937 4593 3104 4644 venies
3143 4592 3214 4644 ad
3249 4591 3431 4645 collem
3465 4590 3686 4654 Domini,

2117 4677 2205 4732 ubi
2232 4689 2306 4733 est
2334 4681 2487 4733 statio
2521 4679 2945 4733 I‘Itilistlriuorum
2969 4720 2984 4745 ,
3033 4689 3081 4732 et
3107 4697 3218 4733 cum
3251 4681 3507 4750 ingressus
3537 4680 3688 4746 [ueris

2117 4769 2314 4832 urbem,
2363 4770 2560 4823 obvium
2600 4769 2804 4823 [rubebis
2829 4786 3034 4841 gregem
3059 4771 3439 4839 prophetarum,
3485 4770 3573 4822 des
3602 4785 3684 4820 en-

2118 4861 2317 4915 dentem
2346 4861 2408 4914 de
2455 4860 2655 4914 excelso
2680 4898 2696 4924 ,
2743 4869 2793 4912 et
2819 4867 2938 4911 ante
2962 4875 3045 4912 eos
3074 4858 3390 4928 psalterium,
3417 4868 3466 4912 et
3495 4867 3685 4926 tympa-

2117 4968 2238 5004 num
2256 4992 2270 5016 ,
2318 4961 2366 5003 et
2397 4949 2572 5004 tibiam
2595 4990 2609 5013 ,
2659 4959 2708 5002 et
2736 4949 3020 5011 citharam;
3049 4949 3283 5016 ipsosque
3309 4949 3683 5015 prophctuuu-s.

2117 5041 2186 5094 Et
2215 5041 2404 5094 iusiliet
2444 5042 2498 5093 in
2529 5051 2576 5094 te
2615 5041 2824 5110 spiritus
2873 5038 3106 5102 Domini,
3155 5050 3204 5091 et
3227 5037 3552 5108 proptretubis
3581 5055 3687 5091 cum

2114 5131 2209 5196 eis,
2239 5140 2286 5183 et
2311 5128 2584 5183 mutaberis
2609 5130 2661 5182 in
2691 5130 2849 5182 virum
2877 5131 3053 5182 alium.

2189 5227 2275 5282 12.
2315 5227 2499 5293 Collis,
2527 5227 2755 5283 altitudo
2797 5236 2880 5282 est
2905 5227 3122 5282 montis.
3155 5225 3294 5292 Quid
3322 5239 3448 5280 vero
3463 5207 3532 5279 in
3558 5223 3690 5279 colle

2121 5318 2226 5374 hoc
2252 5318 2450 5372 rectius
2476 5317 2750 5387 accipitur,
2804 5333 2963 5387 quam
2993 5325 3174 5372 sancta
3205 5316 3430 5370 intentio
3456 5314 3689 5385 Scriptu-
3729 5357 3734 5360 .

2121 5409 2346 5463 rarum?
2391 5406 2628 5464 Altitudo
2657 5409 2869 5478 quidem
2897 5407 3094 5463 montis
3121 5413 3203 5462 est
3228 5424 3240 5460 :
3267 5406 3391 5478 quia
3419 5422 3526 5461 non
3552 5405 3690 5474 jacet

2122 5498 2175 5553 in
2205 5499 2363 5568 plano
2395 5498 2601 5563 littem,
2630 5498 2725 5553 sed
2754 5499 2909 5553 nimis
2937 5507 3115 5553 erecta
3143 5508 3224 5552 est
3251 5497 3303 5552 in
3339 5495 3688 5565 spiritualium

2123 5601 2376 5642 sensuum
2421 5587 2767 5641 sublimitate.
2819 5586 2986 5642 Recto
3033 5586 3193 5654 igitur
3229 5585 3484 5639 virtutum
3520 5581 3688 5636 itineri

2123 5677 2268 5735 rudis
2319 5677 2562 5734 innititur
2615 5676 2969 5749 przcdicator,
3022 5675 3065 5733 si
3117 5683 3402 5748 postquam
3449 5672 3688 5746 publicos
