3962 6270
231 282 335 335 9.89

1049 285 1114 340 IN
1156 286 1415 343 PRIMUM
1455 287 1689 345 REGUM
1730 288 2243 350 EXPOSITIO'NES.
2281 323 2350 335 —
2387 297 2515 355 LIB.
2560 301 2642 356 iV.

3377 313 3481 372 298

231 394 613 465 praedicatores
640 404 696 451 et
724 408 957 453 remotos
995 400 1346 457 anachoretas
1385 402 1598 472 viderit,
1627 401 1806 472 Scrip-
1833 406 1877 462 A
1910 403 1986 458 tio
2027 404 2487 479 Philislhinorum,
2535 415 2869 472 ascendunt:
2898 419 2990 473 sed
3035 422 3158 489 quia
3198 423 3486 496 propheta;

225 494 365 538 tura:
409 483 744 539 altitudinem
789 486 969 540 videat
995 495 1051 541 et
1075 501 1348 556 agnoscat.
1380 490 1494 555 Qua
1523 491 1574 544 in
1605 506 1664 545 re
1703 507 1804 546 no-

226 573 452 627 tandum
499 581 604 637 est,
653 576 780 643 quia
825 573 954 629 Saul
1001 575 1054 629 in
1103 591 1169 631 eo
1218 577 1363 646 quod
1405 580 1473 633 ab
1498 579 1724 634 humero
1752 588 1807 634 ct

226 676 442 716 sursum
488 675 652 731 supra
699 677 912 716 omnem
941 664 1198 733 populum
1247 667 1462 732 eminet,
1514 667 1804 735 eruditum,

227 759 284 804 et
309 763 518 818 magnse
545 751 968 806 conversationis
986 753 1158 807 virum
1181 755 1392 823 signare
1421 755 1670 811 diximus.
1699 757 1806 812 Cur

226 860 356 912 ergo
384 845 452 899 ad
478 845 671 899 collem
699 845 907 900 Domini
934 845 1192 912 ascendit,
1224 854 1284 901 ut
1311 849 1379 902 ad
1406 848 1801 918 Scripturarum

225 935 564 990 altitudinem
593 936 792 1003 veniat,
817 951 978 1005 quam
999 939 1308 1006 cognoscit?
1335 938 1439 993 Sed
1463 940 1618 994 simili
1644 941 1802 996 modo

223 1025 296 1079 de
324 1041 392 1080 eo
421 1026 588 1096 quazri
611 1027 803 1096 potuit,
830 1028 977 1096 quod
1003 1029 1070 1082 ad
1097 1029 1354 1084 videndos
1379 1031 1525 1085 viros
1548 1033 1803 1086 salientes

227 1131 451 1184 magnas
487 1117 669 1172 foveas
696 1118 835 1184 ierit,
866 1118 956 1188 qui
985 1133 1191 1189 magna:
1219 1122 1646 1176 conversationis
1684 1138 1801 1177 esse

225 1207 526 1261 dicebatur.
575 1206 656 1261 Ad
703 1207 846 1277 quod
892 1208 1176 1278 dicendum
1206 1227 1220 1262 :
1245 1211 1370 1280 quia
1400 1227 1621 1280 magnos
1659 1214 1803 1267 viros

223 1301 504 1367 designare
533 1308 778 1356 ostensus
808 1303 964 1357 estin
991 1304 1418 1372 conversatione,
1444 1305 1537 1360 sed
1568 1305 1801 1360 ministe-

224 1393 304 1442 rio
351 1391 746 1460 prtedicationis
793 1393 977 1448 rudes.
1011 1393 1112 1460 Qui
1141 1407 1268 1462 ergo
1294 1410 1392 1464 per
1415 1396 1656 1464 exempla
1689 1410 1800 1448 me-

220 1481 418 1533 linrum
464 1481 742 1549 proﬁcere,
788 1489 843 1536 et
885 1481 937 1535 in
983 1483 1450 1551 contemplationis
1494 1486 1724 1553 puritate
1746 1491 1801 1538 et

219 1567 401 1624 ofﬁcio
449 1570 841 1639 praedicationis
884 1580 1082 1641 potest,
1129 1573 1304 1626 redire
1350 1573 1415 1626 ad
1464 1573 1796 1627 altitudinem

217 1659 616 1728 Scripturarum
661 1659 1004 1730 debet:quia
1051 1676 1158 1731 quo
1202 1662 1378 1716 altiori
1409 1662 1514 1716 vita
1563 1663 1794 1731 prolicit,

1909 506 2024 545 rum
2061 507 2276 565 gregem
2321 500 2521 556 habent
2556 503 2792 572 obvium,
2832 507 2976 577 ipsos
3015 509 3348 572 Philisthzcos
3390 534 3485 574 ne-

1907 594 2173 649 quaquam
2202 594 2466 642 metuunt.
2497 589 2598 656 Qui
2626 607 2755 647 vero
2781 603 2907 649 sunt
2950 597 3004 650 hi
3043 600 3337 670 prophetas,
3379 608 3482 662 nisi

1907 671 2084 740 magni
2147 675 2530 742 pradicatores
2592 692 2792 736 sanctae
2849 685 3144 742 Ecclesiae?
3201 690 3483 762 Prophetai

1907 773 2138 828 namque
2165 763 2518 821 ministerium
2548 777 2628 823 est
2657 773 2866 826 occulta
2898 777 3136 832 revelare
3157 817 3174 843 ,
3224 789 3274 833 et
3304 782 3480 838 futura

1904 849 2215 915 praedicere.
2269 851 2528 908 Doctores
2574 866 2752 911 autem
2805 871 3002 916 sanctas
3057 863 3305 922 Ecclesia:
3356 871 3480 925 dum

1902 939 2145 994 occultos
2190 941 2584 1012 Scriptutarum
2623 965 2812 1005 sensus
2838 954 2904 1007 ad
2932 971 3270 1014 communem
3301 963 3479 1017 scicn-

1903 1025 2030 1080 tiam
2063 1030 2316 1095 trahunt,
2365 1045 2594 1100 secreta,
2641 1055 2758 1108 qua:
2799 1045 3142 1111 nesciuntur,
3192 1053 3477 1119 aperiunt:

1900 1125 1956 1170 et
1993 1117 2116 1171 dum
2160 1132 2360 1176 asterna
2403 1125 2595 1190 gaudia
2637 1130 2960 1198 pmdicant,
3003 1136 3176 1192 l'ulura
3216 1117 3476 1198 revelant.

1901 1201 2178 1274 Propheta:
2206 1223 2333 1276 ergo
2361 1213 2515 1266 nobis
2557 1216 2766 1271 obviam
2801 1223 3014 1276 veniunt
3039 1241 3053 1276 :
3077 1226 3199 1293 quia
3227 1228 3479 1286 doctores

1899 1305 2095 1348 sancta:
2124 1295 2396 1364 Ecclesire,
2445 1302 2732 1372 S.rip:ura:
2778 1319 2975 1363 sancta:
3005 1315 3281 1370 veritatem
3323 1321 3477 1375 nobis

1899 1386 2207 1441 ostendunt.
2261 1390 2394 1445 Dum
2441 1396 2581 1446 enim
2630 1411 2734 1462 ea,
2780 1411 2900 1466 qua:
2949 1403 3016 1455 de
3058 1419 3213 1460 sacro
3261 1409 3476 1479 eloquio

1899 1476 2037 1530 scire
2065 1479 2328 1546 volumus,
2378 1482 2534 1540 nobis
2580 1485 2784 1554 dicunt,
2833 1503 2932 1559 per
2957 1492 3114 1558 viam,
3143 1510 3245 1562 qua
3275 1498 3340 1551 ad
3365 1476 3478 1555 col-

1897 1563 2002 1617 lem
2053 1564 2263 1620 Domini
2314 1570 2556 1639 pergitur
2576 1611 2592 1636 ,
2624 1576 2872 1631 euntibus
2902 1591 3210 1637 occurrunt.
3241 1583 3315 1638 lbi
3346 1601 3476 1656 ergo

1899 1667 1996 1721 per
2024 1669 2307 1711 occursum
2351 1662 2730 1731 prophetarum
2774 1669 2947 1723 securi
2984 1685 3204 1741 sumus,
3233 1678 3320 1731 ubi
3350 1677 3477 1732 Phi-

217 1749 600 1804 sublimitatem
648 1751 784 1805 sacri
825 1751 1019 1820 eloquii
1065 1751 1219 1806 valde
1260 1752 1511 1806 subtilius
1548 1752 1792 1807 attendit.
1834 1753 1872 1807 Β
1901 1743 2090 1800 "sumi
2117 1753 2424 1820 ευιιιείιυίε
2464 1769 2561 1822 Per
2586 1759 2960 1816 δυοιοτῖιθιθιη
3002 1775 3309 1822 sanetorum
3339 1787 3474 1841 prm-

219 1839 372 1896 Dicat
399 1854 530 1909 ergo
560 1843 818 1910 propheta
844 1859 856 1894 :
883 1842 1009 1897 Post
1052 1843 1160 1898 hac
1185 1845 1352 1898 venies
1380 1846 1450 1898 ad
1476 1845 1653 1898 collem
1687 1844 1794 1900 Do-

215 1930 362 1982 mini.
394 1928 560 1996 Quasi
590 1929 768 1984 dicat:
792 1931 925 1984 Cum
970 1931 1351 2001 perfectionem
1379 1942 1684 1989 sanctorum
1715 1936 1808 2002 vi-_

214 2030 395 2071 rorum
439 2017 677 2087 perfecta
723 2019 1018 2075 imitatione
1045 2023 1470 2091 compreliendis,
1505 2024 1556 2078 in
1589 2031 1792 2078 tantam

212 2107 500 2178 Scriptura:
527 2125 692 2165 sacra:
721 2110 1122 2180 intelligentiam
1153 2113 1428 2185 proﬁcies;
1476 2123 1538 2170 ut
1575 2115 1790 2184 planum

208 2195 320 2262 jam
348 2211 470 2252 esse
501 2195 700 2262 videas,
732 2198 872 2267 quod
913 2199 966 2257 in
995 2214 1057 2254 ea
1087 2208 1140 2256 te
1167 2202 1466 2257 sublimiter
1494 2203 1674 2260 videre
1699 2218 1792 2258 co-

210 2285 442 2351 gitabas.

283 2391 368 2445 l5.
407 2391 486 2448 lbi
510 2401 593 2448 est
617 2395 778 2448 statio
800 2394 1196 2453 Philistinorum
1224 2417 1238 2453 :
1261 2400 1385 2469 quia
1411 2401 1501 2471 qui
1528 2403 1788 2470 superbia:

210 2489 342 2546 potu
371 2481 438 2536 de
465 2483 602 2538 cmlo
629 2485 955 2552 ceciderunt,
983 2485 1049 2540 Ju
1073 2489 1178 2542 mis
1207 2498 1367 2558 atque
1397 2491 1661 2547 haereticis
1693 2508 1789 2562 per

209 2570 519 2640 Scripturas
559 2573 805 2629 illudunt.
855 2577 1012 2631 Stant
1037 2593 1164 2648 ergo
1194 2581 1245 2633 in
1275 2581 1410 2635 colle
1438 2599 1451 2634 :
1477 2584 1635 2654 238
1661 2584 1784 2652 quia

207 2673 401 2714 eorum
428 2662 614 2730 corda,
644 2678 764 2732 quae
791 2665 1085 2735 possident,
1115 2668 1167 2722 in
1194 2668 1485 2737 Scripturis
1515 2672 1788 2741 decipiunt

210 2747 573 2817 intelligentia:
596 2749 846 2808 falsitate.
878 2753 1098 2820 Quoties
1125 2770 1252 2826 ergo
1280 2757 1444 2814 Judaei
1482 2761 1547 2814 ad
1593 2762 1784 2817 collem

211 2836 420 2892 Domini
477 2841 767 2897 ascendere
825 2854 1191 2914 praesumunt,
1253 2863 1284 2902 a
1343 2847 1660 2906 Philisthaeis
1713 2853 1784 2908 ibi

208 2931 473 2987 stantibus
515 2934 870 3004 captivantur.
915 2937 1051 2993 Dum
1081 2940 1223 2995 enim
1249 2941 1541 3012 Scriptum:
1566 2960 1782 3002 sensum

207 3032 264 3073 se
287 3019 590 3076 sublimiter
616 3023 910 3093 intelligere
937 3028 1219 3095 aistimant,
1253 3030 1332 3085 eis
1358 3031 1411 3084 in
1432 3048 1656 3088 ascensu
1681 3050 1778 3091 suo

1897 1837 2194 1896 dicatorum
2221 1842 2510 1914 Scriptum
2538 1847 2867 1906 intellectum
2898 1858 3253 1926 agnoscimus,
3287 1837 3472 1934 in—qua

1893 1927 2082 1998 Judaei,
2113 1941 2167 1986 et
2196 1934 2433 1992 haeretici
2460 1954 2706 1996 errorum
2751 1959 2968 1999 suorum
3008 1947 3187 2016 gladio
3215 1966 3246 2004 a
3273 1927 3472 2008 dmino-

1895 2021 2049 2076 nibus
2094 2025 2448 2093 perimuntur.
2500 2029 2641 2086 Ecce
2666 2034 2808 2088 enim
2857 2037 2901 2090 si
2945 2039 3011 2092 ad
3060 2039 3252 2109 Legem
3301 2042 3470 2116 Moysi

1892 2116 2238 2184 recurrimus,
2277 2120 2469 2176 collem
2519 2123 2761 2192 profecto
2807 2127 3014 2184 Domini
3046 2132 3363 2191 invenimus.
3393 2136 3468 2192 lbi

1891 2212 2038 2258 certe
2067 2205 2133 2260 de
2163 2209 2528 2279 tabernaculo,
2559 2214 2629 2268 ibi
2658 2214 2724 2268 de
2751 2231 2943 2286 magno
2974 2222 3222 2288 pontiﬁce
3245 2266 3260 2289 ,
3302 2226 3370 2280 ibi
3401 2227 3470 2282 de

1890 2292 2158 2350 hircorum
2187 2307 2242 2351 et
2268 2299 2556 2356 vitulorum
2587 2304 2766 2372 simul,
2793 2315 2847 2360 et
2878 2309 3009 2377 Agni
3044 2314 3310 2379 paschalis
3339 2331 3464 2370 san-

1888 2387 2044 2454 guine
2072 2389 2315 2456 legimus.
2348 2391 2512 2447 Indici
2555 2394 2676 2450 hoc'
2707 2413 2804 2451 suo
2836 2401 3023 2468 spiritu
3049 2401 3199 2470 juxta
3230 2406 3284 2458 lit
3317 2425 3461 2461 cram

1887 2476 2207 2546 intelligunt,
2257 2481 2308 2540 in
2337 2496 2442 2550 quo
2471 2484 2594 2552 quia
2621 2486 2822 2540 nul'um
2856 2491 3235 2558 praphetarum
3282 2512 3462 2551 serum

1887 2569 2102 2638 habent,
2157 2575 2474 2630 moriuntur.
2531 2576 2639 2646 Ego
2667 2583 2710 2635 si
2739 2583 2804 2635 ad
2835 2584 2975 2640 hunc
3012 2598 3246 2643 montem
3278 2607 3466 2647 ascen-

1883 2661 2013 2717 dere
2053 2663 2214 2732 volo,
2251 2673 2377 2720 ante
2421 2663 2807 2726 descendentes
2844 2675 3132 2744 prophetas
3175 2679 3361 2745 viden,
3411 2691 3463 2735 rt

1884 2767 2105 2810 securus
2129 2756 2384 2812 ascendo.
2409 2757 2477 2812 Et
2500 2769 2555 2813 ut
2575 2777 2746 2817 novos
2766 2764 2976 2818 interim
3006 2766 3270 2833 deseram,
3305 2771 3466 2827 Isaias

1882 2845 2188 2900 ascendenti
2219 2847 2362 2916 prius
2390 2851 2642 2916 occurrit,
2670 2851 2854 2907 dicens
2881 2871 2894 2907 :
2921 2853 3082 2918 Quasi
3103 2859 3209 2912 ovis
3237 2860 3307 2913 ad
3332 2864 3467 2915 orci-

1881 2935 2076 2989 sionem
2117 2936 2363 3001 ducetur,
2402 2947 2452 2991 et
2489 2941 2636 3011 quasi
2675 2958 2840 3010 agnus
2885 2932 3060 2997 eorum
3107 2948 3346 3002 tondente
3386 2968 3459 3016 se,

1883 3039 1984 3078 non
2013 3027 2206 3094 aperiet
2233 3043 2292 3079 os
2318 3044 2465 3081 suum
2496 3027 2651 3094 (Isai.
2685 3046 2792 3093 LIII,
2826 3032 2900 3100 7).
2942 3033 3077 3088 Hinc
3106 3035 3302 3092 Paulus
3346 3041 3459 3093 ait:

204 3108 478 3166 daamones
524 3112 784 3181 obviant,
840 3125 895 3172 et
946 3117 1270 3189 decipientcs
1317 3133 1532 3179 necant.
1588 3125 1778 3182 Merito

1885 3109 2112 3167 Christus
2156 3115 2402 3168 assistens
2450 3120 2683 3188 pontifex
2724 3095 3012 3190 futurorum
3057 3124 3322 3190 bonorum,
3371 3147 3464 3199 per

204 3213 332 3269 ergo
369 3200 503 3257 Saul
537 3219 643 3259 non
685 3207 862 3262 statim
888 3249 904 3275 ,
951 3211 1043 3265 sed
1085 3212 1262 3282 prius,
1307 3215 1434 3271 visis
1469 3217 1783 3275 salientibus

206 3293 408 3359 loveas,
455 3303 511 3350 et
549 3311 714 3365 panes
749 3309 803 3353 et
847 3301 1026 3355 vinum
1075 3305 1446 3374 portantibus,
1485 3308 1551 3362 ad
1589 3310 1780 3365 collem

208 3381 417 3438 Domini
462 3384 539 3440 ire
567 3387 1076 3459 .prtecipilurzquia
1120 3392 1220 3447 viri
1268 3392 1452 3450 ﬁdeles
1487 3411 1676 3464 magna
1727 3406 1782 3453 et

206 3471 464 3527 doctrina:
510 3475 789 3531 meliorum
819 3486 874 3534 et
901 3481 1268 3550 exemplorum
1318 3485 1480 3539 tutela
1531 3488 1782 3542 muniun-

208 3573 315 3617 tur.
366 3561 518 3619 Unde
559 3573 614 3620 et
660 3566 837 3623 eidem
881 3569 1010 3626 Saul
1058 3571 1252 3627 dicitur
1280 3590 1292 3626 :
1322 3573 1536 3628 Obviam
1574 3577 1779 3632 habebis

204 3670 407 3724 gregem
465 3655 826 3725 prophetarum
876 3661 1181 3716 venientium
1228 3663 1292 3716 de
1337 3666 1556 3719 excelso.
1617 3666 1778 3733 Quasi

204 3742 346 3796 dicat
373 3760 386 3796 :
412 3741 848 3802 Philistbinorum
878 3749 1164 3805 stationem
1211 3753 1396 3809 timere
1427 3759 1778 3816 tantomiinus

207 3832 448 3898 poteris,
497 3842 699 3901 quanto
748 3835 815 3890 ad
867 3840 1207 3896 securitatem
1255 3842 1440 3899 obvios
1484 3847 1780 3916 prophetas

205 3919 442 3976 habebis.
489 3919 552 3975 Et
589 3925 711 3992 quia
748 3940 876 3994 grex
915 3929 1294 3998 prophetarum
1343 3932 1552 4001 dicitur,
1586 3952 1773 4006 magna

203 4009 541 4066 delensorum
588 4023 892 4071 nostrorum
938 4019 1219 4076 multitudo
1261 4023 1518 4092 signatur.
1568 4026 1776 4082 Timeat

175 4133 178 4136 ~
203 4115 330 4171 ergo
355 4101 608 4159 Judacus:
636 4106 759 4174 quia
791 4107 916 4162 dum
946 4114 1090 4166 solus
1116 4114 1376 4184 ascendit,
1409 4117 1609 4172 interit.
1637 4117 1773 4186 Quid

203 4191 343 4246 enim
387 4192 552 4248 iidem
598 4196 874 4266 propheta:
920 4199 1072 4254 nobis
1117 4202 1327 4258 obviam
1370 4205 1648 4262 venientes
1687 4209 1770 4263 di-

201 4282 368 4335 cunt?
413 4281 506 4338 Va:
539 4284 654 4350 soli,
694 4287 813 4357 quia
853 4289 898 4342 si
942 4290 1198 4359 ceciderit,
1246 4311 1348 4349 non
1387 4304 1462 4349 est
1500 4300 1583 4367 qui
1609 4300 1772 4370 erigat

199 4387 310 4424 eum
355 4372 553 4440 (Eccte.
584 4391 654 4441 tv,
685 4376 797 4447 10).
845 4379 1002 4436 Solus
1028 4397 1262 4452 namque
1297 4393 1398 4450 est,
1445 4389 1535 4456 qui
1580 4404 1610 4443 a
1655 4390 1766 4447 Deo

202 4461 536 4530 relinquitur.
567 4463 718 4520 Hunc
746 4481 824 4522 cei
839 4476 890 4523 te
917 4469 1196 4526 cadentem
1225 4475 1399 4530 nullus
1427 4477 1601 4545 erigit,
1643 4481 1764 4549 quia

201 4548 442 4605 relictura
476 4567 505 4605 a
535 4551 644 4607 Deo
673 4564 979 4612 sanctorum
1024 4559 1213 4631 aliquis
1243 4579 1347 4618 non
1377 4569 1618 4621 assumit.
1650 4548 1770 4624 Ele-

201 4646 318 4692 ctus
360 4654 489 4707 ergo
533 4642 760 4712 quisque
785 4659 1008 4700 securus
1038 4651 1279 4704 ascendit
1304 4669 1316 4704 :
1341 4653 1465 4720 quia
1490 4655 1634 4709 solus
1665 4673 1769 4711 non

203 4736 300 4780 est.
329 4726 430 4792 Qui
459 4729 600 4784 enim
630 4747 726 4802 per
752 4749 851 4789 nos
875 4735 1130 4804 loquitur,
1163 4739 1439 4794 nobiscum
1485 4751 1586 4797 est.
1635 4745 1765 4800 Nam

202 4823 256 4868 et
296 4818 640 4886 repromittit,
664 4820 846 4879 dicens
870 4841 883 4878 :
907 4823 1043 4879 Ecce
1065 4843 1160 4897 ego
1184 4828 1574 4885 vobiscumsum
1603 4836 1770 4888 omni-

203 4904 292 4959 bus
320 4907 511 4975 diebus,
543 4926 700 4980 usque
727 4914 796 4966 ad
837 4920 1320 4974 consummationem
1350 4923 1524 4976 saeculi
1556 4923 1767 4994 (Matth.

203 5008 386 5062 xxvm,
430 4996 540 5066 20).
590 4999 750 5057 Solus
793 5004 990 5074 quippe
1035 5023 1141 5061 non
1188 5020 1328 5076 erat,
1381 5012 1469 5080 qui
1517 5013 1768 5070 dicebat:

203 5080 355 5135 Solus
381 5101 481 5140 non
508 5104 642 5153 sum,
667 5091 759 5145 sed
784 5095 869 5162 qui
899 5096 1038 5148 misit
1064 5113 1145 5150 me
1163 5139 1180 5166 ,
1216 5116 1409 5154 mecum
1450 5111 1525 5155 est
1573 5103 1770 5173 (Joan.

203 5185 324 5238 vnt,
366 5173 484 5242 l6).
530 5176 687 5234 Solus
724 5181 851 5234 item
890 5199 996 5239 non
1031 5195 1165 5251 erat,
1196 5193 1284 5256 qui
1317 5192 1651 5258 exquirebat,
1686 5195 1770 5247 di-

203 5274 328 5313 cens
353 5279 364 5312 :
385 5263 462 5317 An
491 5269 890 5336 experimentum
914 5275 1024 5343 ejus
1044 5277 1290 5344 quaeritis,
1315 5281 1399 5347 qui
1426 5281 1480 5333 in
1507 5299 1587 5334 me
1609 5282 1772 5352 loqui-

205 5357 285 5401 tur
308 5349 537 5409 Christus
566 5356 652 5427 (II
697 5358 818 5414 Cor.
866 5379 979 5428 xm,
1025 5365 1124 5436 5)?
1173 5367 1326 5434 Quod
1355 5384 1460 5425 non
1501 5349 1770 5429 solum'dc

207 5438 411 5498 Domini
445 5449 668 5515 spzritali
709 5455 1007 5520 pucsenlia,
1053 5460 1142 5511 sel
1181 5467 1236 5512 et
1275 5462 1536 5516 matiriali
1566 5463 1766 5519 electo-

207 5545 320 5585 rum
361 5534 598 5592 doctrina
648 5541 863 5613 intelligi
910 5551 1296 5606 convenienter
1340 5564 1533 5624 potest.
1585 5557 1766 5612 Sancti

206 5623 415 5690 quidem
461 5631 832 5698 praedicatores
861 5636 914 5691 in
943 5639 1134 5695 collem
1165 5623 1398 5713 Domini,
1435 5645 1520 5700 ubi
1552 5656 1630 5701 cst
1658 5661 1768 5701 sta-

1795 4440 1842 4497 D

1881 3203 2100 3269 amplius
2127 3211 2176 3256 et
2202 3206 2475 3273 perfectius
2505 3206 2905 3274 tabernaculum,
2937 3228 3036 3265 non
3062 3230 3216 3267 manu
3245 3217 3458 3286 factum,

1878 3289 1935 3341 id
1956 3299 2028 3343 ist
2059 3307 2158 3344 non
2183 3291 2337 3363 hujus
2363 3296 2638 3350 creationis
2663 3338 2679 3363 ,
2710 3315 2868 3370 neque
2894 3318 2984 3369 per
3011 3306 3309 3375 sanguinem
3348 3310 3460 3363 hir-

1878 3397 2052 3434 corum
2095 3392 2184 3435 aut
2227 3385 2498 3438 vitulorum
2523 3428 2540 3454 ,
2588 3388 2679 3441 sed
2720 3406 2810 3457 per
2849 3394 3113 3462 praprium
3157 3401 3459 3468 sanguinem

1877 3473 2102 3528 introivit
2139 3476 2297 3530 semel
2325 3477 2379 3530 in
2407 3487 2588 3534 sancta
2607 3520 2624 3545 ,
2657 3489 2853 3536 (eterna
2881 3486 3227 3557 redemptione
3254 3493 3458 3548 inventa

1879 3561 2065 3632 (Hebr.
2099 3581 2174 3633 ix,
2209 3565 2296 3634 ll,
2327 3567 2436 3637 12).
2480 3571 2640 3641 239
2665 3572 2770 3626 Sed
2799 3574 2840 3629 si
2873 3576 3050 3643 plures
3081 3580 3279 3637 habere
3307 3585 3460 3640 Volu-

1878 3668 1998 3708 mus
2041 3656 2092 3710 in
2142 3656 2246 3712 isto
2295 3661 2458 3728 colle,
2489 3677 2678 3717 omnes
2705 3667 2991 3734 praphetas
3019 3675 3349 3740 requirentes
3377 3677 3462 3732 in-

1875 3746 2116 3801 venimus
2149 3763 2163 3800 :
2191 3749 2314 3816 quia
2356 3750 2500 3818 quod
2539 3760 2748 3808 veteres
2782 3754 3034 3814 doctores
3077 3763 3459 3831 promiserant,

1877 3833 1980 3888 hoc
2008 3835 2062 3888 in
2093 3834 2456 3906 Redemptore
2483 3849 2670 3896 nostro
2702 3844 2823 3897 novi
2854 3861 2962 3915 pra:
2982 3849 3230 3908 licatores
3263 3854 3460 3924 imple-

1877 3930 1987 3975 tum
2014 3938 2133 3978 csse
2165 3924 2554 3983 demonstrant.

1947 4034 2033 4088 id.
2089 4035 2266 4102 Quare
2311 4046 2366 4092 et
2413 4042 2566 4096 collis
2615 4045 2828 4100 nomine
2867 4046 3192 4119 Redemptor
3233 4052 3456 4110 humani

1874 4119 2084 4186 generis
2127 4124 2515 4178 convenienter
2558 4126 2825 4195 designari
2869 4140 3064 4200 potest.
3111 4133 3260 4191 Unde
3288 4138 3454 4195 lsaias

1872 4209 2169 4264 vaticinans
2192 4249 2206 4272 ,
2237 4211 2402 4267 dicit:
2431 4213 2546 4268 Erit
2574 4217 2625 4268 in
2657 4220 2943 4274 novissimis
2971 4222 3146 4277 diebus
3182 4243 3452 4297 prwpara-

1873 4307 1952 4352 tus
1980 4315 2127 4354 mons
2157 4301 2336 4355 domus
2369 4303 2576 4358 Domini
2617 4307 2668 4360 in
2714 4310 2895 4362 vertice
2931 4314 3178 4367 montium
3205 4315 3360 4387 (Isai.
3394 4335 3448 4380 It,

1872 4389 1949 4460 2).
1981 4389 2146 4446 Collis
2174 4394 2387 4460 quidem
2419 4397 2611 4451 dicitur
2632 4413 2729 4468 pro
2756 4401 3082 4458 sublimitate
3110 4409 3408 4462 sanctitatis
3433 4429 3449 4464 :

1870 4478 2079 4533 Domini
2106 4496 2254 4545 vero,
2281 4483 2407 4550 quia
2437 4487 2630 4539 Summi
2658 4496 2743 4541 est
2773 4488 2911 4544 ﬁlius
2933 4489 3226 4547 Genitoris.
3254 4495 3311 4548 In
3343 4515 3451 4565 quo

1869 4569 2118 4624 nimirum
2165 4572 2301 4626 colle
2347 4575 2508 4628 statio
2553 4574 2987 4633 Philislhinorum
3039 4597 3157 4636 esse
3207 4584 3404 4639 dicitur
3432 4605 3449 4640 :

1869 4658 1992 4724 quia
2023 4657 2152 4712 etin
2183 4659 2388 4726 signum
2421 4672 2576 4715 natus
2603 4671 2707 4728 est,
2752 4665 2838 4719 cui
2867 4669 3280 4724 contradicatur.
3320 4673 3446 4728 Sta-

1869 4746 1945 4800 tio
1990 4746 2202 4816 quidem
2241 4747 2678 4805 Philisthinorum
2715 4761 2798 4808 est
2833 4759 3187 4812 contrarietas
3234 4761 3451 4816 haereti-

1868 4851 2072 4891 corum.
2106 4837 2261 4892 Velut
2291 4838 2431 4892 enim
2462 4840 2514 4893 in
2540 4840 2678 4896 colle
2701 4849 2925 4909 stantes,
2949 4845 3015 4898 ad
3047 4847 3237 4902 collem
3266 4865 3450 4905 ascen-

1870 4926 2119 4982 dentibus
2150 4928 2464 4983 insidiantur
2491 4947 2506 4982 :
2533 4937 2587 4984 et
2615 4929 2739 4985 dum
2769 4933 3073 5004 Scripturas
3101 4952 3282 4993 sacras
3307 4942 3451 4996 male

1870 5017 2190 5085 exponendo
2217 5027 2545 5087 pervertunt,
2574 5019 2640 5074 ad
2671 5022 3098 5088 cognoscendum
3119 5024 3448 5098 Redempto-

1872 5120 1984 5160 rem
2013 5107 2344 5176 negligenter
2370 5110 2720 5164 ascendentes
2748 5111 3032 5180 perimunt.
3077 5114 3290 5172 Electus
3317 5134 3448 5188 ergo

1872 5213 1941 5252 ne
1970 5197 2215 5268 trepidet,
2247 5212 2461 5267 gregem
2490 5201 2874 5269 prophetamm
2903 5204 3199 5260 ascendens
3228 5208 3447 5263 obvium

1872 5289 2033 5343 habet
2057 5306 2067 5338 :
2093 5289 2216 5357 quia
2245 5288 2293 5342 ei
2322 5289 2495 5358 ipsum
2547 5289 2958 5361 Redemptorem
2988 5297 3304 5351 annuntiant
3329 5315 3445 5354 om-

1875 5394 1969 5434 nes
2012 5380 2384 5448 prmlicatores
2429 5380 2756 5436 Testautenti
2808 5386 3004 5442 veteris
3050 5396 3105 5442 ct
3153 5389 3273 5443 novi
3343 5390 3448 5455 Qui

1873 5470 2119 5525 nimirum
2167 5470 2235 5524 de
2281 5471 2494 5526 excelso
2542 5472 2762 5526 veniunt
2808 5491 2821 5526 :
2865 5475 2989 5544 quia
3038 5492 3156 5546 qua:
3194 5478 3245 5531 in
3302 5487 3446 5533 tersa

1871 5560 2195 5632 pradicant,
2247 5561 2298 5614 in
2347 5563 2482 5617 (mlo
2523 5564 2722 5619 vident.
2774 5563 2927 5620 Unde
2964 5575 3020 5621 et
3063 5566 3253 5621 Joanni
3294 5571 3446 5636 quasi

1870 5665 1998 5706 vero
2035 5665 2098 5706 ex
2139 5653 2312 5706 eiecto
2351 5665 2510 5721 grege
2548 5654 2927 5724 prophetarum
2966 5672 2994 5711 a
3032 5657 3168 5714 (oc-lo
3206 5659 3309 5714 dici
3336 5676 3441 5715 ur:
