3962 6302
553 274 648 327 2’"

1752 262 1835 317 S.-\
1847 261 1995 316 .VCTI
2033 262 2355 317 CRECORI!
2405 263 2617 320 MAGNI

3699 269 3789 328 29!

555 387 784 441 Ast-code
812 386 928 449 huc,
955 393 1003 439 ct
1031 381 1294 437 os'cudam
1345 380 1433 433 tibi
1462 378 1585 450 quid
1611 386 1843 447 oporteat
1871 378 1987 445 fieri
2014 385 2128 446 post
2162 383 2194 435 λ
2231 376 2283 431 in
2332 387 2663 433 mortuorum
2711 378 2986 433 hominum
3035 377 3279 447 exequiis
3313 378 3497 433 haberi
3525 379 3706 447 so'cat,
3738 384 3794 442 de

558 478 661 529 lucc
695 476 874 545 (Apoc.
909 488 977 530 Iv.
1014 471 1087 541 l).
1116 470 1355 537 Quicum
1385 467 1730 531 ascendisset,
1760 480 1952 533 agnum
1974 479 2131 534 quem

556 564 766 630 Moyses
805 559 1151 615 occidendum
1199 558 1556 625 liguraverat,
1607 562 1661 608 et
1712 554 1825 622 ipse
1874 555 1925 605 in
1976 566 2135 607 cruce

542 648 793 702 oblatum
829 648 1054 712 viderat,
1096 646 1200 713 jam
1242 654 1549 711 regnantem
1579 643 1859 711 conspexit
1886 652 1940 696 et
1971 655 2136 708 agno-

556 745 756 796 vit:et
801 747 1030 807 quantas
1088 738 1286 804 gratias
1342 743 1559 802 agerent
1611 734 1659 787 ei
1713 734 1746 787 ii
1800 749 1896 801 pro
1942 734 2135 801 quibus

555 832 761 888 occisus
785 832 973 891 fuerat,
1004 827 1207 880 didicit.
1234 826 1307 879 De
1335 825 1547 880 excelso
1575 824 1734 890 igitur
1759 822 2134 890 pnndicatores

555 921 774 974 veniunt
800 936 812 971 :
836 918 956 985 quia
992 916 1134 984 quod
1165 915 1457 968 minoribus
1487 913 1778 982 pranlicant
1798 949 1813 974 ,
1847 911 1898 964 in
1928 910 2134 966 cmlesti

556 1010 1007 1076 contemplatione
1038 1008 1359 1061 didicerunt.

628 1099 714 1154 15.
758 1100 899 1153 Bene
927 1098 1087 1151 etiam
1117 1111 1244 1165 grex
1291 1095 1669 1163 prophetarum
1719 1091 1844 1146 Saul
1878 1107 2135 1146 occursus

558 1193 609 1245 iu
660 1191 897 1255 ingressu
944 1186 1086 1239 urbis
1134 1184 1423 1246 asserilur;
1460 1182 1580 1250 quia
1611 1196 1848 1235 summos
1878 1181 2134 1249 prtedica-

560 1294 700 1335 to:es
747 1287 945 1330 sancta:
990 1274 1241 1327 Ecclesia:
1289 1272 1395 1324 ilch
1442 1270 1623 1323 videre
1673 1286 1990 1338 possumus,
2044 1269 2131 1323 ubi

553 1366 904 1429 descendunt,
921 1381 1028 1419 non
1049 1363 1135 1417 ubi
1164 1362 1537 1414 sublimantur.
1572 1359 1642 1413 Ea
1665 1361 1825 1421 enim,
1845 1375 1962 1429 qua:
1979 1360 2132 1414 nobis

553 1459 788 1529 parvulis
834 1457 1054 1519 dicunt,
1107 1453 1354 1507 audimus
1399 1452 1537 1505 :sed
1589 1466 1650 1505 ca
1696 1466 1813 1517 qua:
1862 1451 2040 1505 vident
2079 1452 2129 1505 in

551 1548 894 1611 coelestibus,
924 1545 1191 1615 quomodo
1221 1545 1467 1608 videant,
1517 1551 1609 1595 aut
1654 1542 1881 1596 dulciter
1926 1550 2127 1603 ament,

552 1657 660 1695 non
698 1640 956 1693 videmus.
999 1636 1194 1690 Paulus
1234 1648 1463 1703 namque
1505 1632 1779 1702 apostolus
1820 1640 2002 1700 raptus
2049 1638 2132 1685 est

2240 465 2529 535 Evangelio
2556 468 2874 523 didicimus:
2901 468 3025 537 quia
3069 466 3194 521 dum
3227 465 3483 523 Dominus
3513 470 3796 542 archisyna—

2233 560 2354 628 gogi
2406 561 2566 614 tiliam
2597 562 2921 615 resuscitare
2947 559 3127 624 vellet,
3181 558 3249 614 de
3278 559 3441 614 domo
3472 559 3607 616 illius
3635 561 3791 621 tibici-

2235 666 2329 703 nes
2358 648 2537 717 ejccit,
2583 658 2637 704 et
2667 649 2874 703 turbam
2907 649 3317 703 tumultuantem
3347 650 3556 718 expulit
3585 649 3793 721 (Matth.

2233 756 2308 805 tx,
2339 739 2451 806 25).
2505 739 2640 805 Quid
2689 754 2818 810 ergo
2867 739 2920 793 in
2971 739 3119 801 tibia,
3155 739 3253 794 nisi
3292 747 3598 794 sanctorum
3646 742 3795 799 luctus

2234 829 2583 898 exprimitur?
2628 828 2761 883 Nam
2790 828 2916 882 dum
2945 844 3005 883 se
3034 829 3102 881 ab
3132 829 3220 883 illa
3261 830 3366 883 vita
3398 838 3618 892 aeterna,
3658 847 3793 900 quam

2233 924 2535 987 aspetuut.
2596 909 2862 986 projectos
2925 918 3232 985 aspiciunt,
3294 919 3615 987 semetipsos
3668 925 3795 990 quasi

2235 1016 2475 1062 mortuos
2501 1008 2780 1077 plangunt.
2812 1007 3026 1061 Cithara
3057 1016 3234 1062 autem
3267 1008 3423 1062 valde
3450 1008 3629 1063 lmtum
3656 1015 3798 1066 musi-

2233 1113 2352 1151 cum
2398 1106 2480 1152 et
2530 1098 2961 1152 instrumentum.
3013 1098 3129 1164 Qun
3177 1100 3423 1153 nimirum
3466 1100 3797 1155 instrumento

2232 1187 2450 1241 verbum
2482 1187 2655 1241 solatii
2687 1187 2983 1241 electorum
3035 1197 3160 1257 apte
3207 1188 3464 1256 ﬁguratur
3487 1208 3502 1242 :
3528 1192 3647 1259 quia
3676 1191 3798 1246 velut

2233 1276 2299 1330 ad
2338 1292 2527 1331 sonum
2569 1278 2783 1331 citharte
2828 1277 3227 1344 hilarescimus,
3267 1280 3483 1348 quando
3526 1295 3625 1336 nos
3663 1280 3799 1335 electi

2234 1367 2612 1435 prmnlicatores
2644 1368 2783 1421 inter
2808 1383 3071 1421 :erumnas
3116 1370 3393 1438 praesentis
3422 1369 3597 1423 exsilii
3626 1385 3800 1425 conso-

2234 1457 2429 1511 lantur.
2494 1456 2811 1511 Psalterium
2870 1473 3001 1526 ergo
3058 1461 3287 1531 primum
3353 1462 3405 1514 in
3465 1462 3801 1530 promissione

2234 1547 2638 1616 praedicatorum
2692 1547 2908 1616 ponitur
2956 1549 3124 1617 :qnia
3180 1558 3303 1604 ante
3354 1551 3535 1604 omnia
3588 1552 3801 1607 caelestis

2232 1637 2381 1704 regni
2414 1636 2581 1703 gloria
2613 1636 2944 1707 prtedicanda
2973 1648 3049 1692 est
3073 1655 3087 1701 ;
3118 1647 3178 1692 ut
3204 1640 3327 1692 dum
3351 1639 3551 1694 bonum
3576 1644 3800 1711 agnosci-

552 1732 606 1785 in
638 1730 972 1800 paradisum,
1012 1736 1066 1783 et
1105 1733 1405 1794 assumptus
1442 1733 1524 1777 est
1551 1723 1615 1776 ad
1649 1723 1860 1775 tertium
1904 1721 2129 1784 malum,
2167 1738 2210 1797 Β
2237 1740 2353 1779 mus
2382 1725 2526 1792 quod
2556 1741 2816 1792 amemus,
2850 1726 3097 1784 laborare
3148 1745 3245 1797 pro
3292 1728 3483 1783 eodem
3530 1731 3673 1790 houo
3698 1733 3795 1787 adi-

551 1822 753 1874 audivit
792 1820 954 1873 etiam
1001 1832 1191 1872 arcana
1225 1815 1414 1877 verba,
1459 1828 1577 1882 qum
1625 1828 1729 1865 non
1777 1812 1902 1865 licet
1932 1811 2131 1865 homini

549 1912 694 1979 loqui
747 1908 833 1980 (11
882 1908 998 1962 Cor.
1056 1924 1148 1971 xu,
1195 1906 1278 1972 4).
1326 1904 1456 1970 Quis
1504 1917 1630 1970 ergo
1664 1902 1900 1955 invenire
1931 1910 2134 1954 tantum

551 2001 954 2069 prmdicatorem
992 1999 1163 2067 possit
1190 1997 1241 2050 in
1272 1994 1577 2065 paradisum
1628 2000 1837 2061 raptum
1868 2029 1882 2053 ,
1930 1998 2023 2043 aut
2068 1990 2134 2043 ad

552 2090 766 2142 tertium
815 2092 1007 2143 coelum
1041 2086 1414 2155 assumptum?
1459 2083 1565 2142 Sed
1595 2083 1693 2138 ista
1732 2084 1797 2138 de
1827 2098 1883 2137 se
1913 2092 2134 2137 coactus

548 2181 739 2235 beatus
766 2177 961 2233 Paulus
1006 2178 1157 2232 dixit.
1191 2175 1342 2231 Unde
1369 2184 1424 2230 et
1472 2176 1523 2229 in
1556 2175 1659 2229 line
1686 2175 1943 2243 exposita:
1970 2172 2134 2228 subli-

550 2269 749 2325 mitatis
776 2284 835 2323 se
864 2267 1178 2331 humilians,
1218 2267 1294 2319 ait
1319 2283 1332 2318 :
1359 2264 1551 2318 Factus
1588 2281 1699 2318 sum
1737 2264 2015 2330 insipiens,
2046 2279 2134 2317 vos

550 2378 630 2414 me
658 2360 892 2430 coegist’s
938 2357 1025 2428 (II
1055 2357 1174 2412 Cor.
1216 2372 1309 2420 ιιι,
1340 2355 1448 2423 Η).
1483 2355 1693 2421 Quanta
1743 2368 1872 2421 ergo
1917 2354 2134 2408 fuerunt

549 2452 658 2513 illa,
688 2465 807 2518 qua:
833 2449 1012 2503 dicere
1041 2447 1232 2513 noluit,
1259 2446 1303 2500 si
1330 2446 1395 2499 ad
1426 2446 1541 2499 haec
1562 2444 1946 2499 manifestanda
1977 2460 2135 2500 coac-

554 2551 641 2595 tus
670 2539 850 2593 venit?
885 2536 1016 2590 Nam
1062 2544 1119 2590 et
1161 2536 1252 2604 qui
1283 2533 1488 2588 audivit
1515 2542 1569 2589 ct
1612 2549 1732 2603 qua:
1777 2534 1979 2588 homini
2024 2550 2131 2589 non

550 2631 674 2686 licet
704 2630 883 2699 loqui,
928 2628 1059 2682 vidit
1087 2642 1206 2697 quae
1235 2626 1437 2688 homini
1470 2641 1575 2681 non
1605 2626 1731 2681 licet
1770 2627 1931 2681 scire.
1975 2626 2132 2680 Dicas

548 2720 813 2774 fortasse:
839 2717 893 2771 Si
942 2715 1123 2781 vellet,
1165 2716 1398 2771 humana
1430 2724 1613 2770 tamen
1655 2715 1925 2784 quomodo
1954 2714 2132 2770 dicere

546 2820 728 2882 posset
758 2810 1063 2871 locutione,
1116 2809 1258 2865 illius
1305 2810 1445 2863 tertii
1483 2808 1604 2864 caeli
1653 2808 2126 2878 pulchritudinem,

547 2902 749 2955 intima:
796 2900 937 2955 illius
985 2899 1244 2954 claritatis
1293 2897 1467 2953 lucem
1521 2898 1765 2963 reh-rre,
1815 2898 2126 2965 angelorum

544 2994 802 3061 fulgorem
834 2990 1266 3053 inenarrabilem,
1288 2998 1343 3043 et
1363 2988 1777 3043 inaccessibilcm
1802 2986 2121 3051 claritatem,

2236 1814 2491 1883 piscendo
2520 1816 2820 1884 cupiamus.
2854 1816 2987 1871 Hinc
3015 1826 3099 1872 est
3125 1819 3266 1886 quod
3296 1835 3417 1873 cum
3450 1821 3501 1873 in
3531 1819 3800 1891 Evangelia

2236 1902 2516 1957 Matthrcus
2564 1905 2820 1973 principia
2859 1905 3145 1960 Dominica:
3192 1904 3589 1964 lncarnationis
3613 1925 3798 1964 assere-

2234 2004 2335 2059 ret,
2367 1995 2499 2050 dixit
2526 2013 2539 2048 :
2567 1993 2728 2065 Coepit
2757 1995 2929 2050 Joann
2962 2014 2984 2051 s
3013 1999 3313 2065 prwdicare,
3345 2009 3393 2053 ct
3419 2001 3625 2054 dicere:
3652 2001 3799 2055 Posui-

2236 2088 2448 2140 tentiam
2469 2088 2626 2157 agite,
2653 2087 3081 2158 approyiuquabil
3106 2105 3315 2160 regnum
3338 2092 3584 2145 caelorum
3607 2091 3795 2160 (Matth.

2233 2194 2307 2245 tv,
2341 2180 2450 2247 l7).
2502 2178 2607 2233 Sed
2651 2181 2774 2248 quia
2807 2195 2927 2235 cum
2957 2181 3194 2236 caalestia
3222 2184 3498 2239 noscimus
3526 2226 3540 2246 .
3591 2184 3633 2237 si
3661 2185 3720 2238 ad
3745 2200 3799 2238 ea

2234 2268 2515 2337 pervenire
2544 2266 2812 2332 volumus,
2840 2284 3060 2324 necesse
3088 2279 3190 2336 est,
3236 2279 3297 2325 ut
3339 2274 3620 2341 passiones
3646 2275 3800 2329 carnis

2235 2356 2657 2417 mortilicemus,
2709 2357 3085 2425 przedicatores
3129 2370 3328 2415 sancta:
3376 2360 3634 2417 Ecclesia:
3672 2362 3798 2417 velut

2232 2454 2353 2514 post
2381 2446 2718 2515 psalterium,
2748 2462 2936 2502 sonum
2970 2450 3206 2519 tympani
3236 2451 3457 2505 iaciunt.
3489 2452 3611 2522 Ipsa
3640 2461 3796 2507 autem

2234 2534 2575 2587 tuortilicatio
2603 2535 2845 2603 Corporis
2869 2536 2994 2603 quid
3016 2546 3095 2591 est
3117 2537 3276 2603 aliud,
3307 2553 3468 2607 quam
3501 2540 3797 2608 prmparalio

2231 2631 2445 2677 (eterna:
2474 2624 2853 2679 beatitudinis?
2880 2625 3127 2681 leestia
3154 2642 3280 2697 ergo
3308 2630 3602 2699 praeparari
3647 2630 3798 2697 diligi-

2231 2730 2371 2782 mus,
2409 2724 2461 2770 et
2502 2716 2886 2772 ardentissimis
2912 2717 3123 2773 ﬂetibus
3151 2735 3214 2774 ea
3245 2723 3517 2789 postulare
3546 2722 3795 2791 jobemur.

2231 2804 2395 2870 Quasi
2424 2805 2564 2858 enim
2617 2806 2740 2859 tibia
2791 2816 3031 2863 mortuos
3059 2809 3380 2878 plangimus,
3412 2810 3628 2876 quando
3655 2811 3797 2866 vehe-

2229 2902 2437 2948 menter
2467 2893 2730 2960 dolemus,
2780 2896 2903 2964 quia
2941 2897 3116 2953 adhuc
3144 2899 3194 2953 in
3226 2899 3312 2952 illa
3341 2910 3542 2953 aeterna
3576 2900 3681 2953 vita
3706 2915 3797 2953 non

2228 2981 2474 3037 vivimus.
2509 2981 2632 3038 Post
2660 2990 2970 3055 tympanum
3003 3001 3131 3055 ergo
3153 3028 3167 3052 ,
3218 2987 3603 3057 praedicatores
3649 2989 3796 3043 nostri

544 3098 704 3150 quam
732 3081 960 3135 dulciter
988 3079 1055 3135 de
1084 3078 1412 3148 plenitudine
1442 3078 1580 3131 illius
1610 3077 1765 3132 clecri
1794 3084 1848 3130 et
1878 3076 2017 3130 beati
2047 3076 2121 3130 illi
2150 3100 2198 3164 ο
2229 3074 2413 3128 tibiam
2447 3075 2665 3140 habent,
2695 3077 2909 3143 quando
2933 3086 2986 3131 et
3008 3080 3244 3133 membra
3278 3095 3361 3133 no-
3381 3088 3459 3133 tra
3490 3096 3595 3134 nos
3622 3079 3798 3133 docent

543 3170 728 3225 teterni
778 3170 922 3224 cives
967 3183 1154 3222 omnes
1202 3167 1493 3233 accipiant,
1546 3179 1707 3233 quam
1757 3164 2124 3219 desideranter

544 3271 786 3324 sumant,
822 3275 979 3327 quam
1021 3258 1250 3326 pleniter
1285 3256 1594 3325 repleantur
1619 3295 1638 3322 ,
1683 3269 1842 3323 quam
1888 3254 2125 3308 suaviter

542 3351 735 3404 divinae
766 3347 1019 3402 bonitatis
1064 3345 1395 3400 dulcedinem
1424 3350 1657 3412 gustent,
1704 3358 1863 3412 quam
1890 3342 2124 3396 delecta-

541 3439 633 3494 bili
664 3437 992 3509 plenitudinc
1028 3431 1440 3501 salienturzqui
1486 3430 1798 3502 splendores
1843 3438 1968 3484 sunt
2012 3429 2123 3483 sin—

546 3530 685 3599 gulis
713 3531 781 3584 de
811 3543 915 3581 una
944 3525 1196 3581 incliabili
1247 3523 1334 3578 illa
1381 3522 1501 3577 luce
1546 3521 1872 3589 Conditoris,
1899 3536 2018 3593 quae
2043 3520 2119 3576 si-

542 3621 653 3676 mul
700 3618 937 3677 omnium
984 3617 1052 3671 de
1098 3630 1205 3669 una
1254 3614 1343 3669 illa
1392 3613 1559 3683 gloria
1610 3612 2118 3683 pu'chritudo:qua

540 3709 857 3766 excellentia
903 3705 1175 3775 dignitatis
1224 3704 1314 3758 alii
1366 3702 1749 3773 praeemineant
1799 3702 1958 3771 aliis,
2011 3718 2120 3773 qua

540 3808 665 3855 sunt
712 3798 837 3854 boni
880 3794 1191 3853 melioribus
1221 3792 1502 3850 ineﬂ’abilis
1524 3791 1744 3862 justitizc
1782 3792 2119 3863 jucunditate

540 3889 767 3959 subjecti
780 3891 802 3943 ?

612 3979 700 4032 16.
759 3977 838 4033 Ad
882 3978 988 4033 hoc
1039 3990 1167 4046 ergo
1220 3974 1492 4030 excelsum
1540 3973 1761 4028 Paulum
1807 3971 1958 4042 sequi
2010 3988 2116 4027 non

542 4080 844 4135 possumus,
888 4064 983 4120 sed
1027 4065 1213 4118 urbem
1244 4064 1590 4132 ingredimur,
1638 4063 1691 4116 in
1739 4077 1844 4130 qua
1874 4062 2018 4117 velut
2047 4063 2115 4116 ab

545 4158 655 4210 alto
685 4152 1037 4219 descendens,
1068 4153 1218 4207 nobis
1247 4153 1458 4207 obviam
1485 4152 1649 4207 venit.
1684 4150 1814 4204 Nam
1859 4152 1949 4221 qui
1991 4166 2112 4207 cer-

541 4260 671 4301 nere
722 4259 825 4297 non
872 4258 1152 4312 possumus
1197 4242 1304 4294 alta
1348 4256 1465 4309 qua:
1510 4241 1887 4309 prmdicatores
1911 4242 2113 4307 vident,

543 4332 915 4386 venerabiliter
962 4329 1146 4383 audire
1191 4329 1445 4384 debemus
1490 4330 1678 4399 plana,
1727 4344 1846 4398 qua:
1891 4329 2107 4385 docent.

540 4423 701 4494 2&0
727 4420 830 4476 Sed
859 4436 977 4474 cum
1008 4418 1355 4485 descendunt,
1386 4431 1509 4473 ante
1532 4435 1589 4474 se
1616 4421 1946 4489 psa'terium,
1972 4428 2110 4491 tym-

541 4527 778 4583 panum,
828 4512 1027 4575 tibiam,
1079 4518 1133 4565 ct
1179 4510 1437 4564 citharam
1482 4509 1745 4565 deferunt.
1792 4509 2110 4566 Psalterium

537 4604 734 4672 quippe
764 4602 976 4665 habent,
1029 4601 1153 4671 quia
1204 4614 1421 4669 regnum
1465 4599 1720 4654 collorum
1749 4600 2109 4655 annuntiant:

536 4704 841 4766 tympanum
881 4693 1099 4761 habent,
1147 4692 1269 4762 q--ia
1314 4691 1607 4762 prmdicant
1648 4689 2110 4747 mortificationem

537 4787 713 4841 carnis
738 4804 750 4837 :
782 4786 961 4839 tibiam
990 4785 1209 4852 habent,
1240 4786 1361 4853 quia
1387 4784 1516 4840 ﬂere
1542 4784 1785 4841 subditos
1803 4784 1989 4854 jubent
2010 4801 2110 4857 pro

535 4877 887 4945 acquisitione
931 4885 1144 4931 ictorum
1192 4876 1387 4931 lmtitia:
1417 4876 1709 4932 :citharam
1740 4881 1961 4947 ‘quoque
2007 4877 2108 4931 ha-

537 4967 681 5029 bent,
716 4968 834 5035 quia
864 4967 1093 5036 gaudere
1134 4969 1249 5036 pios
1289 4984 1386 5038 pro
1429 4970 1745 5025 certitudine
1782 4981 2102 5026 internarum

536 5058 795 5110 bonorum
826 5058 1067 5113 edocent.
1100 5058 1413 5114 Psalterium
1458 5062 1693 5128 quidem,
1738 5061 1828 5131 qui
1872 5078 1903 5116 a
1949 5078 2107 5132 supe-

536 5147 661 5200 riori
719 5154 869 5216 parte
914 5155 1170 5214 resonat,
1220 5150 1379 5204 etiam
1428 5159 1748 5203 :eternomm
1799 5151 2106 5220 gaudiorum

536 5236 963 5305 praedicationem
1011 5238 1437 5309 designatzquia
1484 5241 1608 5294 dum
1656 5257 1883 5310 superna
1929 5257 2110 5299 amare

534 5325 791 5393 soggcrit,
838 5327 988 5395 quasi
1019 5342 1049 5381 a
1079 5329 1338 5396 superiori
1385 5337 1535 5399 parte
1566 5345 1672 5383 sua}
1701 5330 1993 5385 dulcedinis
2022 5347 2110 5385 so-

538 5432 662 5468 num
692 5416 812 5469 mitt
834 5425 874 5470 t.
904 5416 1232 5488 Tympanum
1263 5435 1411 5486 vero,
1441 5420 1563 5489 quia
1587 5420 1653 5475 de
1679 5421 1871 5475 mortui
1899 5421 2107 5475 anima-

540 5505 603 5558 lis
632 5506 777 5559 corio
824 5506 1095 5573 tenditur,
1147 5509 1198 5562 in
1230 5525 1293 5563 eo
1339 5526 1444 5566 non
1471 5512 1907 5566 inconvenientcr
1933 5514 2108 5569 carnis

542 5601 734 5647 nostrre
783 5594 1122 5651 mortiﬁcatio
1170 5596 1443 5669 ﬁguratur.
1490 5600 1693 5656 Tibiam
1734 5610 1933 5671 autem,
1981 5604 2105 5674 quia

2138 4467 2187 4526 D

2227 3161 2572 3226 mortiiicare,
2606 3172 2661 3216 et
2691 3178 2788 3231 pro
2819 3180 3002 3219 amore
3030 3175 3243 3220 :eterna:
3269 3167 3393 3221 vita:
3435 3168 3793 3235 ingemiscere.

2224 3254 2494 3309 Citharam
2533 3268 2746 3324 quoque
2781 3266 2902 3325 post
2946 3258 3129 3311 tibiam
3168 3258 3369 3314 ducunt
3410 3276 3424 3311 :
3466 3260 3592 3328 quia
3631 3259 3795 3327 placci-

2221 3345 2372 3414 piunt
2398 3345 2477 3400 sic
2501 3344 2699 3403 deﬂere
2724 3362 2989 3402 mrumnas
3017 3350 3296 3418 priesentis
3326 3349 3497 3404 exsilii
3521 3391 3539 3416 ,
3598 3359 3655 3403 ut
3682 3363 3795 3417 gau-

2220 3432 2442 3489 deamus
2489 3436 2556 3490 de
2609 3437 2965 3505 promissione
3004 3448 3226 3503 aeterna;
3278 3439 3627 3493 lncreditatis.
3679 3436 3793 3492 Nam

2221 3522 2533 3593 psalterium
2579 3524 2865 3580 insonabat
2911 3527 3173 3596 protiheta
3214 3542 3459 3611 magnus,
3490 3543 3617 3583 cum
3666 3525 3796 3581 dioe-

2220 3613 2316 3668 bat
2339 3630 2353 3668 :
2378 3610 2508 3668 Oves
2535 3630 2662 3669 mea!
2704 3633 2872 3670 vocem
2916 3634 3083 3672 meam
3128 3610 3364 3685 audiunt,
3393 3626 3443 3672 et
3469 3618 3627 3671 vitam
3658 3626 3793 3670 etcr-

2219 3719 2343 3757 nam
2365 3704 2429 3758 do
2452 3705 2526 3758 eis
2551 3704 2730 3775 (Joan.
2764 3721 2816 3771 x,
2842 3705 2955 3773 27).
2982 3705 3294 3760 Psalterium
3322 3706 3448 3759 item
3474 3704 3795 3776 percutiens,

2218 3792 2600 3848 aitzExaltari
2640 3805 2839 3864 oportet
2884 3796 3051 3865 ﬁlium
3098 3796 3359 3860 hominis,
3403 3805 3461 3848 ut
3505 3794 3679 3848 omnis
3722 3792 3795 3857 qui

2218 3884 2377 3937 credit
2406 3885 2459 3938 in
2488 3902 2635 3945 eum.
2679 3902 2781 3939 non
2811 3895 3008 3954 pereat,
3038 3886 3127 3939 sed
3156 3884 3342 3939 habeat
3370 3886 3531 3939 vitam
3559 3893 3794 3938 retemqu

2220 3972 2408 4044 (Joan.
2453 3990 2542 4038 tu,
2584 3972 2710 4045 M).
2744 3975 3077 4047 Tympanum
3119 3975 3377 4042 sonabat,
3416 3973 3507 4044 qui
3550 3972 3801 4029 dicebat:

2217 4064 2535 4136 Mortiﬁcate
2571 4067 2799 4120 membra
2841 4075 3040 4133 vestra,
3079 4081 3193 4136 qua:
3227 4074 3347 4118 sunt
3388 4078 3547 4133 super
3578 4072 3757 4115 tesraut
3786 4080 3797 4116 :

2219 4156 2644 4227 fornicationem,
2672 4156 3081 4221 immunditiam,
3112 4154 3374 4208 libidinem
3394 4195 3408 4218 ,
3438 4151 3791 4220 concupiscen-

2217 4245 2342 4297 tiam
2374 4243 2609 4316 (Coloss.
2641 4261 2724 4308 tn.
2770 4242 2858 4314 5).
2888 4243 3092 4299 Tibiam
3132 4244 3379 4307 sonabat,
3420 4242 3511 4310 qui
3540 4242 3791 4296 dicebat:

2215 4332 2395 4388 Miseri
2423 4343 2600 4396 estote,
2630 4337 2813 4406 lugete,
2839 4337 2973 4388 risus
2998 4344 3157 4389 vester
3184 4342 3411 4387 vertatur
3435 4334 3489 4385 in
3515 4332 3731 4393 luctum,
3751 4338 3795 4383 ct

2216 4421 2457 4493 gaudium
2487 4424 2539 4476 in
2567 4438 2833 4475 rumorem
2863 4420 2999 4493 (Jac.
3028 4436 3100 4485 tv,
3133 4421 3209 4489 9).
3258 4420 3596 4491 Tympanum
3643 4432 3796 4472 sona-

2220 4514 2335 4580 bat,
2379 4514 2470 4582 qui
2517 4513 2765 4568 dicebat:
2794 4513 3014 4582 Propter
3057 4521 3105 4565 te
3148 4511 3524 4580 mortiﬁcamur
3563 4518 3673 4562 tota
3699 4506 3794 4570 die,

2220 4605 2461 4659 cestimati
2488 4621 2683 4669 sumus,
2713 4606 2843 4659 sicut
2862 4622 2976 4659 oves
3005 4603 3274 4659 occisionis
3301 4601 3474 4673 (Psal.
3504 4616 3658 4661 thtt,
3689 4598 3793 4666 ες).

2218 4693 2425 4748 Tibiam
2476 4709 2602 4749 vero
2646 4704 2771 4748 ante
2811 4710 2871 4749 se
2908 4694 3090 4760 habet,
3120 4693 3210 4761 qui
3241 4693 3369 4747 item
3398 4691 3510 4744 Deo
3541 4690 3793 4756 loquitur,

2215 4785 2437 4841 dicens:
2461 4782 2665 4838 Cibabis
2692 4801 2786 4839 nos
2811 4800 2944 4853 pane
2970 4782 3334 4852 lacrymarum.
3365 4790 3413 4834 et
3441 4788 3620 4849 potum
3657 4776 3795 4830 dalis

2214 4873 2360 4927 nobis
2388 4873 2443 4926 in
2473 4889 2709 4926 mensura
2757 4870 2927 4941 (Psal.
2970 4886 3158 4933 uxnx,
3209 4868 3284 4939 6).
3335 4868 3542 4922 Tibiam
3584 4875 3795 4920 autese

2211 4962 2445 5017 habebat
2487 4962 2779 5023 Dominus,
2824 4975 2947 5014 cum
2993 4957 3423 5014 dicebatzAmen
3471 4956 3589 5009 dico
3635 4952 3792 5013 vobis,

2211 5052 2332 5123 quia
2358 5049 2626 5121 plorabitis
2653 5058 2700 5103 et
2728 5048 2915 5118 ﬂebitis
2953 5064 3056 5110 vos,
3088 5046 3305 5101 mundus
3334 5055 3501 5098 autem
3530 5042 3790 5121 gaudebit.

2213 5157 2300 5195 vos
2326 5156 2444 5195 vero
2486 5138 2914 5193 contristabimiui
2944 5138 3120 5209 (Joan.
3174 5151 3281 5200 xvt,
3328 5134 3442 5202 ΞΟ).
3490 5133 3599 5187 Sed
3653 5132 3796 5189 velut

2215 5230 2435 5284 cithara:
2463 5244 2653 5284 sonum
2681 5230 2919 5297 subjung-
2942 5244 3023 5290 ns,
3070 5228 3145 5282 ait
3173 5246 3185 5279 :
3219 5226 3453 5279 Tristitia
3481 5232 3654 5277 vestra
3684 5238 3793 5275 cer-

2218 5330 2348 5374 tetur
2374 5321 2427 5374 in
2447 5321 2692 5391 gaudium
2725 5319 2935 5391 (Ibid)
2968 5319 3127 5385 Quasi
3155 5319 3414 5373 citharam
3448 5316 3604 5368 nobis
3634 5327 3791 5366 sonao

2212 5409 2326 5477 bat,
2375 5411 2466 5480 qui
2512 5410 2723 5465 dicebat
2751 5428 2765 5463 :
2791 5409 3019 5463 Gaudete
3050 5409 3205 5479 241
3238 5409 3289 5461 in
3320 5405 3544 5459 Domino
3572 5417 3792 5462 semper,

2212 5499 2392 5555 iterum
2439 5502 2574 5567 dico,
2596 5502 2809 5572 gaudete
2837 5518 2854 5555 :
2883 5501 3131 5554 modestia
3179 5508 3341 5553 vestra
3381 5508 3503 5550 uota
3532 5497 3599 5550 sit
3628 5491 3795 5548 omni-

2211 5588 2302 5645 bus
2331 5590 2655 5659 hominibus;
2688 5591 2934 5647 Dominus
2961 5607 3122 5662 prope
3148 5599 3223 5647 est
3248 5589 3465 5662 (Philip.
3496 5604 3567 5657 tv,
3597 5584 3681 5657 4).
3710 5582 3793 5638 Ci-
