3962 6342
131 299 225 353 (393

947 296 1008 351 ΙΝ
1050 295 1312 351 PRIMUM
1356 295 1589 350 REGUM
1633 291 2150 348 EXPOSITIONES.
2193 323 2258 334 ——
2299 293 2427 349 LIB.
2473 294 2560 350 IV.

3295 297 3403 356 294

129 416 315 466 diarum
351 410 511 463 nubis
539 417 717 472 sonat,
768 409 857 476 qui
909 407 1142 464 civitatis
1196 415 1392 462 nostra:
1439 407 1581 463 bona
1611 421 1712 460 an-
1742 407 1790 464 A
1818 404 1986 458 dixit:
2025 405 2370 476 llegnaterne
2385 416 2590 461 cautam
2614 405 2741 472 Deo,
2761 409 2847 479 qui
2869 409 3099 462 ascendit
3116 427 3271 479 super
3297 428 3402 466 εω-

128 504 385 566 uumiaus,
438 502 512 554 ait
541 518 555 553 :
583 499 840 553 Gaudium
887 510 936 552 et
977 500 1158 553 Itetitia
1197 500 1484 553 invenietur
1527 501 1583 552 in
1625 515 1707 562 ea,

129 595 402 663 gratiarum
434 592 571 644 actio
616 599 666 641 et
697 605 791 642 πως
817 589 986 641 laudis
1017 587 1153 658 (lsn.
1183 605 1254 652 LI,
1301 587 1379 658 5).
1420 587 1556 654 Quia
1581 600 1710 656 ergo

130 681 500 748 prnlicatnrcs
545 687 747 734 sancta:
793 677 1048 733 Ecclesia:
1095 679 1316 734 cmleste
1353 691 1578 748 regnum
1615 694 1713 732 an-

131 773 392 832 nuntiant,
442 781 497 825 et
547 786 645 839 pro
675 770 864 824 eodem
895 784 1063 838 regno
1089 769 1456 840 adipiscendo,
1485 768 1713 824 mortifi-

131 877 245 915 rare
272 877 520 927 carnem,
553 860 683 915 ﬂere
703 860 1091 930 captivitatem,
1123 861 1175 914 in
1204 876 1298 930 spe
1323 860 1512 915 futura:
1541 859 1714 914 beati-

131 954 318 1008 tudinis
365 969 464 1008 nos
511 953 782 1008 exsultare
826 954 1142 1023 praecipiunt
1168 971 1180 1006 :
1209 954 1484 1022 prophetze
1511 952 1577 1006 ab
1616 967 1714 1006 ex-

130 1047 269 1100 celso
294 1046 710 1113 descendentes,
759 1055 884 1099 ante
925 1060 984 1098 se
1013 1045 1346 1114 psalterium,
1381 1053 1711 1115 tympanum,

131 1138 334 1203 tibiam,
389 1145 446 1190 et
495 1137 756 1191 citharam
808 1136 1009 1190 habere
1063 1135 1430 1204 perhibentur.
1484 1133 1550 1186 Et
1585 1147 1712 1200 grex

131 1227 341 1294 quidem
377 1227 766 1297 prophetarum
796 1226 1014 1294 dicitur,
1042 1225 1166 1294 quia
1197 1225 1347 1278 multi
1378 1233 1502 1279 sunt
1529 1232 1716 1294 pasto-

133 1332 214 1370 res
239 1324 442 1370 sancta:
471 1315 744 1381 Ecclesiae,
791 1323 846 1370 et
893 1324 1162 1388 plSlOl’Cﬂl
1193 1329 1356 1369 unum
1386 1313 1588 1368 habent
1615 1312 1720 1366 Do-

133 1408 332 1461 iuinum
359 1406 544 1461 Iesum
574 1408 862 1462 Christum.

201 1496 293 1549 1³1.
325 1494 390 1550 Ει
417 1497 712 1550 notandum
750 1496 875 1564 quia
914 1496 1247 1566 psalterium,
1273 1504 1604 1567 tympanum,
1648 1494 1718 1548 ti-

133 1586 299 1651 biam,
339 1594 395 1640 et
431 1585 692 1640 citharam
731 1595 858 1640 ante
901 1601 961 1640 se
1000 1587 1198 1640 habere
1224 1585 1496 1656 propheta:
1536 1584 1718 1653 perhi-

135 1677 353 1742 bentur,
384 1683 444 1729 nt
488 1677 783 1729 electorqu
821 1677 1228 1748 praedicatorum
1259 1677 1427 1730 forma
1456 1675 1716 1729 videatur.

1813 493 1891 547 los
1916 494 2158 548 cartorum
2193 497 2263 548 ad
2297 498 2543 550 orientem
2585 496 2756 568 (Psat.
2789 514 2949 563 LXVII,
2983 499 2998 545 ῖ
3017 497 3083 560 3,
3108 497 3224 568 34).
3267 498 3402 555 Pro-

1814 584 1988 653 pheta:
2024 599 2154 654 ergo
2200 585 2268 642 de
2313 588 2534 643 excelso
2579 588 2932 655 descendunt,
2975 588 3194 658 quando
3227 592 3402 648 sancti

1815 673 2198 744 prtedicatores
2244 675 2335 730 illa
2365 685 2698 732 sacramenta
2726 678 2882 732 nobis
2920 677 3259 744 aununtiant,
3285 693 3404 748 quas

1815 764 1923 817 alta
1949 764 2406 833 contemplatione
2434 765 2686 820 didicere.
2712 765 2778 818 Et
2806 766 3148 835 psalterium,
3194 766 3405 831 tibiam,

1815 862 1869 908 et
1917 854 2181 909 citharam
2233 854 2419 909 dicunt
2460 872 2474 907 :
2525 855 2650 923 quia
2701 854 3118 922 Redemptorcm
3163 863 3406 910 nostrum

1816 944 2000 997 aeterni
2051 943 2199 1010 regni
2249 942 2532 996 Dominqu
2571 949 2837 1008 asserunt,
2885 950 2941 998 et
2979 958 3074 1012 per
3115 943 3406 997 humanam

1818 1032 2180 1088 conditionem
2211 1032 2570 1095 humiliatum,
2609 1039 2664 1086 et
2692 1041 2869 1086 morte
2899 1047 2993 1086 sua
3023 1031 3280 1087 mundum
3319 1047 3410 1086 re-

1819 1127 2043 1192 dimere,
2075 1136 2130 1180 et
2157 1125 2486 1194 resurgendo
2509 1125 2747 1181 cm’cstia
2773 1140 3044 1194 reparare.
3079 1126 3207 1192 Qua:
3246 1123 3408 1178 nimi-

1820 1233 1941 1272 rum
1986 1215 2157 1271 lau=lis
2197 1217 2547 1270 instrumenta
2576 1224 2701 1270 ante
2727 1231 2787 1272 se
2823 1214 2982 1286 242
3008 1215 3244 1269 habent:
3279 1213 3405 1282 quis

1822 1320 1906 1371 ea,
1941 1319 2061 1374 quae
2097 1304 2301 1369 dicunt,
2342 1304 2665 1373 intelligunt.
2707 1302 2751 1357 E
2797 1312 2986 1358 contra
3013 1317 3144 1358 vero
3172 1301 3407 1372 Caiphas

1823 1393 2147 1464 prophetare
2170 1393 2364 1447 dicitur
2395 1392 2575 1464 (toan.
2601 1391 2701 1463 ιι),
2725 1399 2781 1447 et
2807 1407 2872 1448 ea
2901 1392 3203 1463 quaa'dixit,
3252 1392 3408 1460 igno-

1823 1496 1972 1547 rare;
1997 1497 2120 1536 cum
2150 1481 2333 1536 tibiam
2357 1482 2647 1537 Dominica:
2683 1483 2902 1548 niortis,
2930 1497 3091 1552 quam
3115 1481 3322 1550 tetigit,
3349 1490 3409 1538 et

1824 1587 1930 1626 non
1955 1579 2014 1627 ut
2036 1572 2239 1626 electus
2266 1572 2524 1642 propheta
2553 1572 2780 1626 haberet
2799 1579 2928 1627 ante
2952 1587 3034 1638 se,
3050 1570 3144 1627 sed
3173 1579 3296 1641 post
3324 1587 3408 1627 se.

1827 1661 1972 1716 Bene
1990 1675 2118 1729 ergo
2147 1659 2217 1715 de
2244 1661 2430 1715 electis
2453 1661 2730 1731 pr0plietis
2757 1660 3093 1736 subjungitur
3117 1677 3131 1714 :
3161 1659 3409 1732 Ipsosque

138 1766 372 1836 nem-01,3
418 1782 652 1836 namque
699 1777 822 1836 post
864 1783 944 1836 se,
973 1783 1092 1838 qua,
1117 1768 1426 1836 medicam,
1478 1767 1677 1821 habent
1707 1785 1721 1820 ε
1755 1783 1800 1842 Β
1826 1750 2206 1820 prophetantes.
2234 1749 2364 1815 Quia
2383 1748 2508 1803 dum
2537 1750 2717 1804 vident
2747 1765 2866 1819 quae
2893 1751 3095 1812 dicant,
3118 1750 3265 1842 velut
3282 1759 3410 1806 ante

138 1857 259 1926 quia
289 1857 475 1911 dicunt
519 1867 574 1912 et
616 1872 722 1911 non
777 1857 1016 1922 faciunt,
1054 1859 1328 1926 negligant
1364 1858 1501 1912 bona
1542 1871 1721 1925 agere,

137 1960 256 2013 quae
285 1953 643 2013 cognoscunt.
681 1943 830 2000 Unde
871 1955 928 2000 et
955 1947 1131 2002 adhuc
1157 1948 1270 2017 regi
1298 1946 1456 2012 Saul,
1479 1946 1589 2016 jam
1617 1946 1724 2001 Do-

140 2037 269 2090 mini
290 2038 545 2090 mandata
587 2038 977 2105 contemnenti,
1005 2038 1242 2093 dicitur:
1287 2038 1422 2103 Quia
1466 2038 1726 2109 proiecisti

140 2145 423 2180 sermonem
461 2126 692 2193 Domini,
721 2130 939 2200 projecit
966 2139 1014 2182 te
1031 2128 1316 2193 Dominus,
1342 2147 1407 2184 ne
1439 2131 1510 2184 sis
1541 2146 1632 2184 rea:
1671 2128 1725 2199 (Ι

142 2216 268 2287 Reg.
297 2234 390 2285 xv,
413 2217 525 2289 2'5).
551 2218 687 2274 llinc
717 2235 813 2289 per
832 2221 1149 2290 prophetam
1173 2220 1240 2276 de
1259 2219 1454 2275 ludatis
1469 2220 1728 2275 Dominus

141 2310 414 2375 queritur,
445 2311 632 2366 dicens
661 2329 674 2363 :
721 2311 1061 2388 Projecerunt
1085 2328 1166 2367 me
1203 2321 1319 2384 post
1359 2329 1542 2383 corpus
1578 2329 1726 2367 suum

144 2397 260 2470 (111
297 2399 429 2471 Reg.
463 2418 572 2465 xiv,
596 2401 673 2473 9).
710 2400 891 2457 Sancti
919 2416 1049 2471 ergo
1063 2403 1329 2468 doctores,
1359 2405 1484 2472 quia
1513 2404 1615 2457 iter
1636 2419 1728 2460 su-

142 2508 322 2567 perna:
351 2493 801 2559 conversationis,
841 2495 982 2563 quod
1008 2494 1326 2564 praedicant,
1348 2495 1604 2550 continuo
1642 2496 1726 2550 in-

146 2605 295 2646 erss‘u
338 2584 466 2642 boni
513 2585 695 2654 operis
738 2595 988 2658 servant,
1021 2586 1074 2647 in
1121 2608 1308 2648 eorum
1346 2605 1474 2665 ty,o
1512 2587 1724 2660 dicitur,

144 2683 263 2751 quia
296 2676 576 2753 prophetae
604 2683 937 2754 jealterium,
970 2693 1302 2756 tympanum,
1333 2686 1536 2752 tibiam,
1567 2696 1622 2741 et
1649 2687 1728 2742 ci-

147 2773 353 2826 tharam
401 2783 528 2829 ante
587 2791 647 2830 se
693 2775 1080 2831 descendentes
1126 2777 1448 2832 habuerunt.
1497 2777 1728 2832 Possunt
1777 2843 1783 2846 Α

147 2862 283 2915 enim
309 2863 426 2918 inec
449 2863 800 2920 instrumenta
829 2868 892 2920 ad
920 2866 1348 2936 prtedicationem
1370 2867 1727 2937 redemptoris

145 2953 353 3007 referri.
385 2953 449 3006 Et
471 2957 596 3024 quia
639 2971 747 3010 non
775 2955 929 3010 valde
967 2957 1213 3026 superius
1241 2996 1258 3022 ,
1291 2957 1484 3012 collem
1513 2956 1726 3011 Domini

145 3043 316 3111 ipsum
355 3059 476 3105 esse
506 3043 924 3115 Redemptorem
951 3046 1198 3113 diximus,
1239 3061 1564 3116 organorum
1593 3064 1726 3103 cou-

144 3133 468 3187 venientiam
497 3135 826 3189 intueamur.
857 3136 959 3201 Qui
991 3137 1137 3204 regni
1165 3138 1352 3192 :eterni
1390 3152 1511 3192 eum
1539 3153 1722 3208 regem

143 3224 425 3289 norninat,
467 3225 622 3280 nobis
663 3225 906 3294 profecto
951 3229 1261 3296 psalterium
1302 3238 1478 3283 sonat.
1528 3227 1596 3281 Et
1640 3229 1731 3298 qui

143 3311 484 3382 disciptinam
516 3314 940 3370 mortiﬁcationis
969 3327 1162 3372 nostra:
1184 3317 1234 3370 ia
1259 3332 1325 3372 eo
1353 3318 1562 3383 asserit,
1586 3319 1733 3374 velut

140 3413 459 3473 tympanum
490 3405 630 3459 terit.
659 3405 864 3459 Tibiam
893 3416 1068 3469 sonat,
1095 3409 1185 3477 qui
1207 3417 1475 3462 mortuum
1510 3408 1732 3464 Redem-

138 3503 358 3564 ptorem
401 3512 499 3565 pro
525 3498 703 3553 salute
723 3498 908 3552 mundi
952 3499 1250 3556 denuntiat.
1301 3499 1575 3554 Citharam
1603 3516 1731 3570 per-

136 3587 298 3650 cutit,
343 3588 436 3656 qui
482 3603 605 3643 eum
644 3603 676 3644 a
726 3591 952 3644 mortuis
996 3591 1316 3657 surrexisse,
1359 3599 1414 3646 et
1449 3591 1516 3646 ad
1567 3592 1732 3647 cmlos

136 3680 454 3733 ascendisse
480 3679 645 3734 dicat.
677 3678 784 3734 Sed
806 3679 870 3733 ad
895 3688 1166 3735 tantorum
1196 3695 1516 3748 organorum
1539 3681 1732 3750 jucun-

134 3765 371 3822 ditatem
399 3768 788 3834 hilarescimus,
822 3770 866 3824 si
892 3770 1062 3839 ipsum
1107 3772 1486 3840 prophetarum
1515 3784 1730 3841 gregem

135 3856 490 3913 insonantem
518 3859 817 3914 audiamus.
841 3859 1006 3914 David
1031 3875 1260 3930 namque
1287 3860 1441 3917 dicit:
1465 3861 1507 3914 A
1531 3878 1730 3915 summa

133 3948 262 4001 uelo
284 3950 523 4017 egressio
549 3950 684 4018 ejus,
707 3957 755 4003 et
775 3967 1013 4004 occursus
1033 3967 1189 4022 usque
1203 3953 1272 4004 ad
1292 3968 1542 4005 summum
1557 3952 1729 4022 (Psal.

133 4051 290 4103 mil,
320 4038 402 4109 7).
435 4038 575 4094 llinc
593 4039 722 4094 item
750 4039 878 4094 dicit
910 4058 923 4093 :
953 4039 1258 4094 Adorabant
1285 4057 1402 4094 eum
1430 4058 1604 4096 omnes
1649 4057 1732 4095 re-

135 4146 220 4198 nes
241 4139 431 4197 terrm,
460 4147 637 4185 omnes
666 4142 839 4202 gentes
881 4133 1100 4186 servient
1137 4134 1182 4187 ei
1221 4133 1394 4202 (Psal.
1427 4149 1573 4197 Lxxl,
1619 4133 1728 4204 il).

139 4223 296 4276 Velut
347 4224 503 4278 enim
555 4224 866 4292 psalterium
913 4225 965 4278 in
1017 4225 1228 4279 laudem
1262 4225 1634 4296 Redemptoris
1660 4236 1734 4281 tc-

132 4314 272 4377 nuit,
298 4314 402 4383 qui
431 4313 767 4382 superiorem
792 4323 996 4385 partem
1036 4314 1207 4369 laudis
1235 4313 1496 4380 obtinuit,
1540 4324 1596 4370 et
1625 4315 1731 4369 Rc-

129 4403 445 4474 demptoris
497 4403 787 4458 adventum
841 4419 872 4458 a
930 4420 1140 4460 summo
1193 4406 1332 4460 etclo
1399 4407 1728 4476 pratdicavit.

1827 1857 1886 1896 se
1899 1842 2096 1896 habent
2109 1842 2611 1910 instrumenta,qu:n
2629 1851 2866 1910 tangant;
2881 1849 2937 1896 et
2950 1842 3072 1896 dum
3096 1841 3411 1911 praedicant,

1828 1931 1960 1987 illud
1986 1931 2281 2002 proferunt,
2313 1932 2456 2002 quod
2483 1933 2825 2002 prtevidendo
2855 1939 3244 2002 cognoverunt.
3280 1931 3410 1987 Saul

1828 2037 1958 2090 ergo
1978 2021 2046 2077 ad
2071 2023 2262 2078 collem
2290 2023 2498 2078 Domini
2520 2023 2686 2090 venit,
2715 2024 2931 2092 quando
2952 2024 3154 2080 electus
3182 2032 3237 2079 et
3260 2022 3412 2078 rudis
3465 2059 3482 2070 κ

1829 2111 2148 2180 praedicator
2174 2103 2440 2183 Spirituali
2479 2113 2700 2167 scientia
2731 2113 2974 2183 prolicit,
3001 2123 3057 2168 et
3085 2111 3412 2182 Redempto-

1828 2216 1944 2255 rem
1974 2201 2190 2256 humani
2221 2203 2434 2269 generis
2473 2219 2580 2258 non
2608 2203 2661 2256 in
2711 2206 2874 2272 plano
2922 2203 3291 2272 humanitatis,
3315 2204 3412 2259 sed

1830 2290 1880 2343 iu
1910 2290 2018 2344 alta
2042 2289 2337 2347 divmitatis
2357 2291 2475 2360 ejus
2495 2290 2776 2358 majestate
2805 2292 3100 2359 cognoscit.
3128 2291 3281 2346 Tunc
3297 2294 3414 2359 qui-

1828 2380 1949 2434 dem
1971 2381 2356 2449 prophetarum
2408 2380 2606 2435 choros
2652 2380 3003 2435 concinentes
3045 2379 3238 2434 audit:
3284 2379 3408 2448 quia

1829 2483 2018 2524 omnes
2041 2470 2370 2541 Scripturas,
2392 2485 2514 2540 quae
2542 2470 2609 2527 de
2637 2471 2757 2541 ipso
2794 2479 2942 2536 sunt,
2989 2470 3229 2540 perfecte
3256 2470 3414 2526 intel-

1829 2562 1965 2633 ligit.
1997 2564 2101 2636 Qui
2131 2566 2293 2635 igitur
2320 2567 2466 2628 viros
2494 2583 2713 2642 magnas
2742 2566 2929 2622 foveas
2965 2567 3219 2622 salientes
3255 2566 3410 2630 vidit,

1827 2659 1921 2731 qui
1949 2664 2151 2730 hmdos,
2191 2672 2247 2718 et
2297 2673 2466 2720 tortas
2495 2665 2671 2734 panis,
2702 2672 2758 2719 et
2785 2659 3102 2734 amphoram
3140 2659 3248 2718 viui
3281 2672 3414 2734 por-

1829 2763 2004 2812 tantes
2031 2759 2272 2827 aspexit,
2302 2757 2369 2811 ad
2399 2757 2593 2812 collem
2627 2757 2838 2811 Domini
2877 2756 3148 2826 pervenit;
3197 2755 3414 2826 quando

1828 2845 1892 2913 is,
1943 2850 2034 2918 qui
2085 2864 2182 2918 per
2210 2849 2508 2903 electorum
2539 2847 2784 2916 exempla
2814 2847 3108 2917 profecisse
3135 2849 3417 2917 cognosci-

1829 2947 1934 3005 tur,
1969 2939 2035 2992 ad
2065 2939 2278 2993 culmen
2325 2939 2564 2993 scientia:
2589 2939 2925 3006 sublimatur,
2971 2947 3028 2994 et
3076 2937 3411 3010 Redempto-

1827 3045 1941 3085 rem
1987 3029 2288 3084 sublimiter
2334 3029 2532 3095 sciens,
2584 3027 2928 3083 ineﬂ‘abiliter
2963 3029 3173 3098 diligit,
3219 3044 3258 3084 va
3304 3045 3416 3100 quo

1754 3151 1799 3214 ο
1827 3123 1970 3192 quod
2000 3123 2127 3214 item
2153 3123 2292 3177 seire
2319 3121 2388 3177 de
2437 3135 2503 3177 eo
2529 3120 2754 3192 appetit,
2780 3120 2934 3191 quasi
2960 3119 3241 3177 familiaris
3266 3121 3410 3176 ami-

1832 3227 1928 3267 cus
1957 3211 2148 3282 possit.

1904 3329 1992 3384 18.
2027 3329 2171 3383 Bene
2202 3339 2228 3366 ει
2254 3327 2542 3383 subditur:
2577 3327 2642 3382 Et
2681 3327 2873 3382 insiliat
2910 3328 2963 3382 in
3006 3336 3054 3382 te.
3073 3328 3283 3398 spiritus
3304 3327 3418 3383 Do-

1831 3424 1976 3486 mini,
2014 3433 2062 3475 et
2081 3419 2407 3492 prophetabis
2436 3436 2549 3474 cum
2577 3421 2669 3473 eis.
2697 3418 2757 3472 In
2792 3419 2910 3474 ilire
2949 3419 3167 3488 spiritus
3197 3418 3412 3474 Domini

1831 3513 2043 3578 dicitur,
2076 3511 2200 3580 quia
2247 3511 2544 3565 electorum
2575 3511 2736 3565 corda
2767 3510 2922 3564 donis
2969 3510 3084 3577 ejus
3109 3510 3289 3565 subito
3335 3525 3418 3565 re-

1833 3604 2063 3673 plentur.
2098 3600 2199 3667 Qui
2247 3602 2426 3654 statim
2456 3601 2785 3672 prophetare
2833 3600 3091 3669 incipiunt
3118 3617 3131 3652 :
3163 3600 3290 3669 quia
3322 3600 3414 3670 qui

1831 3693 2012 3747 divino
2060 3691 2252 3760 Spiritu
2298 3690 2440 3761 pleni
2461 3698 2606 3755 sunt,
2642 3689 2734 3744 Dei
2782 3689 3046 3756 magnalia
3079 3697 3260 3744 tacere
3303 3705 3415 3752 non

1829 3787 2076 3852 possunt.
2109 3779 2208 3835 Vel
2235 3779 2651 3851 prophetaturus
2673 3779 2949 3843 asscritur,
2983 3778 3069 3833 cui
3095 3776 3309 3856 Samuel
3336 3779 3419 3835 di-

1830 3868 1942 3926 vini
1980 3867 2130 3923 verbi
2174 3868 2398 3938 gratiam
2427 3867 2723 3936 pollicetur.
2757 3865 2912 3933 Quod
2953 3865 3060 3921 tale
3109 3873 3224 3932 est,
3256 3880 3321 3924 ac
3369 3867 3417 3921 si

1832 3959 2022 4015 dicat:
2066 3957 2165 4026 Qui
2196 3957 2358 4012 modo
2410 3958 2462 4012 in
2507 3957 2596 4012 illa
2639 3956 2968 4012 abundantia
3011 3956 3065 4010 in
3121 3963 3174 4011 te
3225 3971 3419 4027 super-

1832 4049 2097 4105 venientis
2124 4049 2516 4119 spiritusloqui
2534 4062 2640 4103 non
2669 4056 2844 4118 potes,
2877 4047 3092 4118 quando
3121 4047 3208 4101 illa
3237 4063 3297 4103 se
3323 4048 3419 4103 tibi

1835 4140 2108 4211 plenitudo
2142 4138 2419 4204 infuderit,
2450 4139 2701 4209 loquendi
2731 4138 2886 4207 c0pia
2909 4135 3222 4191 abundabis.
3266 4135 3420 4193 Hunc

1833 4229 2032 4298 quippe
2056 4227 2376 4282 insilientem
2399 4226 2644 4296 spiritum
2676 4225 2954 4296 discipulis
2975 4224 3294 4295 promittens
3320 4225 3423 4281 Do-

1834 4321 2033 4384 minus,
2058 4320 2173 4378 ait:
2204 4318 2330 4374 Cum
2355 4320 2544 4373 renerit
2565 4318 2652 4372 ille
2680 4317 2892 4388 spiritus
2923 4317 3173 4384 veritatis,
3218 4315 3422 4372 docebit

1835 4429 1922 4468 t'os
1946 4429 2146 4467 omnem
2170 4414 2456 4480 veritatem,
2486 4420 2534 4465 et
2579 4426 2693 4478 qua:
2714 4412 2925 4465 uentura
2962 4416 3102 4475 sunt,
3149 4408 3426 4463 annuntia-

131 4493 484 4563 Tympauum
515 4493 942 4550 mortificatiouis
967 4494 1081 4564 ejus
1103 4495 1268 4554 Isaias
1298 4497 1490 4565 tetigit,
1513 4497 1726 4552 dicens:
1767 4529 1814 4589 υ
1839 4503 1910 4558 bit
1933 4504 2071 4558 vobis
2097 4503 2277 4574 (Joan.
2307 4519 2418 4570 xvr,
2448 4501 2559 4572 15).
2587 4500 2642 4555 1η
2671 4516 2765 4556 eos
2793 4499 3008 4571 quidem
3039 4498 3427 4569 superveniens

128 4585 193 4638 Et
214 4587 456 4640 vidimus
482 4602 620 4648 eum,
653 4595 702 4640 et
727 4603 830 4641 non
849 4597 960 4641 erat
987 4597 1243 4656 aspectus,
1265 4598 1315 4642 et
1335 4589 1734 4645 desiderauimus

127 4694 262 4742 eum,
297 4679 638 4747 despectum,
664 4687 714 4729 et
741 4679 1069 4732 novissimum
1098 4679 1326 4733 virorum
1346 4720 1362 4747 ,
1393 4681 1555 4733 virum
1585 4681 1732 4734 dolo-

124 4787 262 4834 rum,
313 4781 371 4825 et
424 4771 671 4823 scientem
707 4771 1060 4840 inﬁrmitatem
1085 4787 1104 4826 :
1132 4781 1180 4824 et
1210 4773 1356 4844 quasi
1406 4771 1734 4828 absconditus

123 4863 297 4914 rullus
327 4861 456 4930 ejus
487 4869 536 4913 et
574 4859 881 4930 despectus;
922 4863 1058 4915 unde
1099 4880 1191 4917 nec
1235 4865 1582 4934 reputavimus
1619 4882 1731 4919 eum

126 4950 266 5012 Usa.
298 4969 423 5016 uti,
455 4949 534 5021 5).
568 4953 777 5007 Tibiam
817 4954 1003 5007 mortis
1034 4955 1150 5022 ejus
1199 4956 1324 5009 item
1357 4972 1575 5022 sonans,
1617 4959 1692 5011 ait
1719 4977 1732 5011 :

125 5044 414 5112 Tanquam
449 5045 557 5097 oris
586 5045 656 5097 ad
696 5047 1004 5100 occisionem
1033 5047 1266 5113 ducetur,
1307 5059 1357 5102 et
1380 5051 1528 5120 quasi
1571 5067 1738 5121 agnus

1839 4603 2058 4674 spiritus
2100 4602 2283 4667 insilit,
2317 4616 2545 4670 quorum
2577 4601 2737 4655 corda
2768 4606 2990 4669 repente
3017 4600 3276 4664 veniens,
3306 4595 3427 4650 illu-

1840 4693 2032 4747 stravit
2061 4693 2200 4761 (Act.
2232 4708 2288 4758 ιι,
2320 4691 2398 4762 2).
2448 4690 2515 4744 Et
2556 4689 2806 4745 illustrati
2839 4689 3251 4760 prophetavere,
3301 4686 3426 4757 quia

1845 4780 2259 4849 llederuptorem
2317 4779 2532 4833 humani
2587 4777 2799 4847 generis
2854 4775 3001 4831 omni
3059 4775 3233 4843 lingua
3289 4789 3426 4843 pra:-

1839 4872 2174 4926 dicaveruut.
2231 4870 2383 4938 Quod
2435 4877 2583 4925 certe
2624 4871 2676 4924 in
2733 4877 2918 4923 sancta
2974 4866 3214 4922 Ecclesia
3262 4865 3425 4922 etiam

1842 4981 1982 5020 nunc
2014 4965 2124 5018 lieri
2157 4964 2464 5019 cernimus:
2498 4963 2620 5032 quia
2653 4976 2794 5030 stupe
2822 4961 2912 5032 qui
2943 4961 3120 5015 divina
3143 4957 3289 5029 loqui
3335 4973 3430 5028 ap-

1842 5063 2052 5122 petunt,
2082 5055 2147 5108 ab
2191 5053 2378 5108 eodem
2406 5053 2597 5122 spiritu
2642 5051 2822 5106 subito
2855 5051 3138 5116 docentur,
3180 5056 3235 5103 et
3281 5047 3428 5116 loqui

113 5135 388 5190 obmutuit
446 5134 639 5205 (Ibid.,
669 5137 748 5204 '7).
797 5137 1069 5192 Citharam
1118 5140 1524 5195 resurrectionis
1571 5141 1738 5196 David

114 5223 500 5292 increpitans,
532 5224 648 5277 ait:
685 5225 1072 5281 Commoveatur
1119 5244 1152 5279 a
1198 5229 1332 5298 facie
1359 5229 1472 5298 ejus
1506 5231 1741 5286 universa

1841 5143 2042 5213 optime
2071 5157 2134 5196 ea
2165 5142 2327 5196 etiam
2354 5150 2598 5212 possunt,
2632 5156 2751 5211 qum
2783 5136 3244 5215 prtntueditatioue
3285 5139 3429 5192 nulla

1844 5232 2101 5286 didicere.
2137 5230 2240 5286 Pro
2267 5232 2508 5287 custodia
2531 5235 2732 5303 quippe
2756 5233 3130 5286 mandatorum
3163 5230 3276 5294 Dei,
3307 5244 3431 5298 pcr-

120 5322 284 5378 terra,
317 5313 498 5366 dicite
513 5314 568 5366 in
597 5311 852 5384 gentibus,
875 5317 990 5384 quia
1011 5313 1264 5368 Dominus
1280 5318 1506 5386 regnarit
1523 5318 1739 5388 aligno:

126 5405 316 5454 etenim
366 5404 615 5471 firmarit
657 5401 831 5475 orbem
860 5412 1037 5469 terrae,
1071 5405 1156 5475 qui
1200 5420 1303 5458 non
1345 5405 1742 5460 commovebitur

128 5490 302 5562 (Psal.
343 5509 486 5561 xcv,
517 5491 621 5564 l0).
646 5473 921 5550 Cithaiam
947 5473 1276 5551 ascensionis
1303 5496 1464 5554 etiam
1495 5506 1735 5569 tangens,

193 5739 227 5767 ³
245 5728 445 5785 «τεαῖς.
469 5734 545 5782 -ct
568 5725 762 5794 Gilot.,
793 5726 908 5783 bene
926 5727 1115 5799 itaque.

1843 5325 2045 5394 cipiunt
2073 5327 2299 5393 gratiam
2330 5327 2479 5380 verbi
2512 5327 2564 5380 in
2595 5327 2808 5382 sublimi
2839 5327 3170 5380 revelatione
3207 5322 3430 5375 Redem-

1845 5415 2033 5482 ptoris.
2085 5412 2223 5479 Quid
2259 5414 2402 5469 enim
2432 5416 2656 5478 mirum,
2677 5416 2722 5469 si
2763 5415 2936 5468 lucem
2967 5411 3204 5468 scientia:
3252 5409 3432 5479 perci-

1847 5518 1979 5576 pere
2023 5503 2201 5560 subito
2243 5511 2489 5574 possunt,
2533 5505 2623 5574 qui
2653 5519 2750 5575 per
2774 5505 2896 5560 vita:
2937 5504 3225 5575 puritatem
3273 5499 3430 5554 sedes
