3962 6308
628 272 734 325 295
948 379 956 381 ᾗ
1176 318 1214 381 ἃ

1817 249 2057 307 SANCTI
2097 249 2423 307 eneconu
2462 248 2675 305 usam
3753 263 3827 321 Ἀθ

627 386 797 443 sancti
824 379 1050 451 Spiritus
1077 364 1288 445 semper
1317 374 1485 428 sunt?
1534 370 1639 426 Sed
1669 368 1825 439 quale
1846 376 1993 422 esset
2034 368 2206 422 sancti
2242 374 2283 427 Α
2312 380 2504 433 magna
2533 365 2808 421 charitatis
2855 364 3186 422 abundantia
3224 367 3474 424 virtutem
3518 374 3723 444 suscipit
3741 377 3830 451 spi.

629 473 858 546 Spiritus
878 470 1100 534 donum,
1127 468 1169 521 si
1200 464 1476 519 scientiam
1508 462 1684 526 daret,
1730 468 1787 514 et
1818 458 2067 513 affectum
2098 474 2211 511 ma-

629 581 747 637 gna:
772 560 1049 618 charitatis
1079 573 1188 613 uou
1214 556 1415 612 daret?
1443 554 1545 621 Qui
1574 553 1717 608 enim
1764 550 1858 606 illo
1912 549 2101 620 spiritu
2121 563 2213 604 re-

630 658 875 728 plentur,
928 649 1167 707 caelestia
1218 646 1530 717 prtedicant,
1585 643 1680 699 sed
1728 657 1848 712 qua:
1898 641 2211 710 loquuntur,

630 755 833 804 amant.
886 744 1024 813 Apte
1058 757 1187 811 ergo
1217 738 1525 808 subiungit:
1557 735 1627 790 Et
1655 732 1934 789 mutaberis
1959 734 2015 787 in
2050 733 2214 786 uirum

631 843 810 896 alium.
845 838 1009 891 Amor
1029 835 1215 889 electa:
1236 832 1430 887 mentis
1456 829 1583 899 quid
1611 834 1696 882 est
1720 825 1883 892 aliud,
1924 837 2087 891 quam
2114 822 2216 877 im-

631 930 859 986 mutatio
887 925 1215 982 vetustatis?
1243 922 1442 977 Natura
1472 919 1615 976 enim
1658 925 1838 972 nostra
1880 928 1980 983 per
2007 914 2213 983 lapsum

630 1021 790 1091 primi
810 1018 1042 1075 hominis
1068 1016 1154 1069 sic
1176 1014 1430 1067 damnata
1478 1018 1581 1074 est,
1624 1016 1682 1061 ut
1721 1005 1963 1076 quotidie
1986 1003 2216 1059 labendo

630 1112 865 1174 deficiat,
888 1118 942 1163 et
968 1105 1264 1162 deiiciendo
1310 1108 1631 1158 veterascat.
1659 1098 1768 1153 Sed
1803 1098 1895 1166 qui
1938 1096 1992 1151 in
2031 1095 2217 1151 nobis-

632 1201 873 1271 metipsis
918 1198 1213 1262 deﬁcimus,
1260 1210 1379 1250 cum
1410 1193 1463 1246 in
1492 1206 1593 1246 nos
1621 1189 1712 1244 ille
1757 1187 1978 1259 spiritus
2026 1185 2216 1251 insilit,

631 1304 1000 1348 renovamur:
1050 1288 1176 1356 quia
1225 1284 1407 1338 statim
1457 1283 1601 1350 quod
1656 1294 1764 1334 non
1817 1290 2051 1342 eramus,
2102 1272 2220 1331 effl-

631 1387 823 1443 cimur.
851 1381 1085 1453 Tepidus
1113 1387 1231 1435 erat
1257 1377 1397 1447 quis,
1420 1376 1515 1432 sed
1546 1382 1769 1446 repente
1790 1372 2038 1427 visitatus
2065 1384 2097 1423 a
2116 1368 2222 1439 spi-

630 1475 757 1537 ritu,
790 1473 1005 1528 fervens
1024 1469 1276 1525 eflicitur.
1302 1466 1495 1535 incipit
1518 1466 1711 1520 ardere
1732 1479 1829 1534 per
1850 1460 2216 1524 devotionem,

631 1563 842 1618 fortiter
871 1560 1111 1615 exerceri
1144 1560 1195 1612 in
1218 1559 1361 1612 bono
1385 1571 1570 1626 opere.
1602 1555 1658 1608 In
1692 1556 1862 1608 virum
1901 1566 2029 1618 ergo
2057 1551 2219 1604 alium

630 1659 867 1707 mutatus
893 1656 976 1704 est
1002 1663 1029 1723 ξ
1049 1648 1171 1718 quia
1201 1660 1320 1701 esse
1346 1645 1534 1715 etrapit,
1563 1643 1706 1713 quod
1734 1653 1861 1697 ante
1896 1638 2219 1695 insilientem

631 1741 878 1813 spiritum
903 1739 955 1794 in
977 1753 1061 1805 se,
1089 1750 1208 1793 esse
1232 1751 1342 1791 non
1367 1734 1562 1804 potuit.
1595 1732 1712 1787 Jam
1733 1733 1889 1786 bona:
1926 1743 2217 1786 conversa-
2247 1726 2296 1786 B

634 1834 794 1889 tionis
818 1839 902 1887 est
939 1829 1153 1900 aliquis,
1196 1826 1437 1885 ctelestia
1484 1832 1648 1891 amat,
1697 1830 1909 1878 terrena
1956 1818 2216 1891 despicit,

632 1926 727 1982 sed
758 1940 855 1995 pro
896 1923 983 1986 iis,
1032 1935 1154 1991 qua:
1180 1934 1393 1976 sursum
1419 1915 1611 1986 diligit,
1640 1922 1697 1970 et
1725 1929 1824 1985 pro
1847 1912 1932 1981 iis,
1961 1926 2081 1981 quas
2107 1909 2222 1967 odit

633 2016 688 2070 in
718 2013 932 2079 inlimis,
970 2011 1100 2067 flere
1141 2026 1249 2066 non
1276 2008 1549 2080 prtevalet.
1585 2004 1745 2075 Saepe
1778 2018 1911 2059 vero
1951 2002 2081 2057 flere
2126 2015 2221 2071 ap-

634 2112 770 2182 petit
783 2119 839 2167 et
866 2124 973 2165 non
1003 2107 1160 2179 2&3
1186 2113 1367 2178 potest
1392 2103 1485 2173 qui
1502 2102 1676 2172 plura,
1702 2114 1821 2170 qua:
1848 2098 1979 2153 flere
2004 2095 2221 2163 debeat,

636 2202 970 2259 commisisse
994 2198 1230 2255 recolit:
1273 2195 1367 2252 sed
1398 2208 1520 2250 cum
1557 2191 1735 2246 subito
1763 2190 1853 2243 ille
1890 2186 2111 2258 spiritus
2138 2184 2223 2239 in-

633 2296 744 2350 silit
765 2334 782 2360 ,
814 2294 868 2348 in
897 2293 1255 2361 lacrymarum
1283 2286 1461 2342 fontes
1488 2283 1741 2353 erumpit.
1770 2280 1831 2335 In
1877 2280 2052 2335 virum
2094 2290 2224 2347 ergo

636 2385 799 2440 alium
827 2389 1088 2445 mutatur,
1113 2379 1204 2450 qui
1233 2374 1664 2446 compunctionis
1692 2372 1920 2441 gratiam
1941 2383 2039 2440 per
2065 2367 2226 2423 adve-

638 2476 871 2530 nientem
899 2470 1147 2542 spiritum
1172 2467 1421 2537 suscipit,
1441 2479 1604 2533 quam
1634 2471 1760 2518 ante
1775 2462 2064 2517 adventum
2085 2457 2228 2527 ejus-

637 2566 761 2618 dem
788 2562 1007 2631 spiritus
1032 2574 1140 2614 non
1167 2555 1426 2612 habebat.
1459 2553 1752 2608 Puritatem
1778 2550 1957 2607 cordis
1981 2548 2102 2618 quis
2130 2549 2226 2605 ob-

640 2658 813 2713 tinere
833 2652 1057 2723 appeti',
1079 2650 1318 2705 cwlestia
1348 2647 1586 2714 cogitare
1610 2687 1625 2712 ,
1662 2643 1821 2699 nullis
1848 2657 2098 2698 curarum
2126 2655 2228 2697 sae-

641 2747 899 2803 cularium
926 2740 1328 2797 occursionihus
1357 2735 1628 2806 impediri;
1660 2733 1753 2789 sed
1774 2731 1841 2786 ad
1866 2731 1937 2795 id,
1958 2730 2102 2802 quod
2129 2745 2227 2800 per

640 2836 982 2892 devotionem
1032 2831 1262 2901 appetit,
1296 2842 1575 2896 assurgere
1603 2824 1787 2893 nequit
1830 2836 1929 2892 per
1972 2819 2224 2876 affectum

641 2924 910 2999 puritatis.
957 2921 1199 2992 Repente
1238 2925 1418 2972 autem
1467 2924 1653 2974 raptus
1697 2913 1751 2967 in
1794 2912 1997 2966 virtute
2039 2924 2225 2980 super—

645 3019 909 3074 venientis
932 3015 1150 3086 spiritus
1177 3028 1297 3069 esse
1324 3020 1557 3067 carnalis
1605 3005 1820 3071 desiuit,
1850 3011 2098 3073 potenter
2121 3016 2225 3056 sae-

643 3108 749 3163 culi
778 3121 934 3163 curas
953 3104 1167 3172 abiicit,
1199 3109 1254 3156 et
1282 3100 1336 3156 in
1366 3110 1689 3154 aeternorum
1718 3091 2227 3165 contemplationem
2257 3090 2303 3153 C

650 3199 788 3251 mira
811 3196 1049 3267 puritate
1074 3190 1370 3259 consurgit.
1402 3189 1623 3243 Miratur
1650 3203 1709 3241 se
1735 3194 1861 3242 tunc
1884 3200 2005 3241 esse
2025 3224 2042 3251 ,
2087 3183 2232 3253 quod

648 3299 757 3340 non
804 3291 923 3339 erat
969 3281 1240 3336 :miratur
1281 3293 1340 3333 se
1379 3286 1507 3332 tunc
1552 3292 1659 3330 non
1706 3273 1886 3341 fuisse,
1937 3272 2081 3342 quod
2125 3280 2227 3328 est.

647 3371 781 3427 Nam
801 3386 923 3425 cum
944 3370 997 3423 in
1018 3368 1387 3438 spiritualibus
1408 3366 1568 3421 talem
1588 3379 1647 3420 se
1672 3364 1838 3430 vidit,
1890 3364 2114 3417 miratur
2140 3362 2231 3431 qui

650 3460 773 3515 talis
802 3469 903 3521 est,
928 3458 1071 3526 quod
1102 3457 1222 3511 talis
1250 3456 1413 3511 fuisse
1438 3470 1545 3510 non
1568 3454 1761 3523 potuit.
1808 3452 1867 3507 in
1897 3454 2071 3506 v?rum
2104 3465 2232 3520 ergo

654 3549 817 3603 alium
841 3553 1094 3608 mutatur,
1116 3546 1204 3612 qui
1227 3543 1377 3611 illud,
1401 3542 1544 3612 quod
1569 3558 1672 3596 non
1701 3540 1818 3609 fuit,
1841 3556 1900 3597 se
1928 3540 2072 3594 videt
2091 3554 2231 3605 esse,

650 3647 706 3693 et
732 3636 882 3701 illud,
912 3634 1057 3704 quod
1094 3634 1286 3697 fuerat,
1321 3647 1429 3686 non
1471 3646 1608 3687 esse.
1641 3631 1784 3687 Bene
1809 3646 1939 3701 ergo
1966 3629 2034 3685 de
2062 3629 2188 3688 Saul
2213 3646 2227 3683 :

647 3725 934 3782 Mutaberis
967 3725 1025 3779 in
1054 3725 1220 3779 uirum
1250 3721 1432 3776 alium.
1458 3719 1591 3787 Quia
1633 3720 2010 3791 praedicatores
2034 3728 2233 3775 sancta:

648 3814 903 3871 Ecclesia:
946 3828 1070 3870 cum
1121 3811 1353 3881 gratiam
1405 3809 1599 3866 divinas
1642 3808 2038 3880 praedicationis
2083 3808 2233 3864 acci-

647 3905 824 3977 piunt,
847 3919 956 3961 non
984 3902 1257 3973 accipiunt
1279 3899 1452 3956 solam
1479 3899 1761 3955 scientiam
1785 3898 1957 3966 verbi,
1988 3896 2083 3954 sed
2123 3898 2234 3953 vir-

650 4005 822 4053 tutem
842 3995 1072 4051 amoris:
1100 4001 1160 4049 ut
1187 4007 1285 4063 per
1307 3992 1530 4069 verbum
1558 3991 1677 4047 aliis
1703 3989 1960 4062 prodesse
1994 3989 2231 4054 valeant,

650 4096 709 4145 et
752 4102 850 4157 per
878 4087 1028 4141 verbi
1075 4098 1315 4140 amorem
1364 4083 1464 4153 ipsi
1512 4082 1764 4137 meliores
1813 4080 1961 4136 fiant.
2009 4079 2233 4148 Quando

651 4174 853 4231 etenim
898 4173 1188 4241 loquuntur
1209 4209 1226 4237 ,
1276 4178 1551 4225 mutantur
1578 4170 1634 4225 in
1671 4170 1845 4225 virum
1872 4169 2034 4225 alium
2065 4188 2078 4224 :
2107 4172 2233 4240 quia

651 4278 776 4320 cum
814 4273 913 4334 per
936 4276 1030 4319 eos
1071 4261 1289 4331 spiritus
1330 4260 1588 4329 loquitur,
1636 4259 1737 4330 ipsi
1781 4262 1918 4315 mira
1970 4261 2234 4317 charitate

652 4354 832 4411 eidem
856 4353 1063 4425 spiritui
1083 4350 1496 4422 conjunguntur,
1507 4360 1563 4409 et
1586 4352 1654 4407 ab
1679 4352 1795 4422 ejus
1815 4354 2094 4411 voluntate
2117 4357 2230 4426 jam

655 4460 758 4502 nec
783 4444 950 4501 verbo
979 4442 1430 4513 nec’operatione
1480 4442 1819 4500 dissentiunt.
1851 4443 2035 4500 Talem
2077 4461 2231 4500 nam—
2263 4448 2310 4508 D

653 4551 762 4606 que
808 4535 977 4590 virum
1019 4549 1172 4590 sacra
1221 4532 1493 4602 Scriptura
1533 4532 1859 4601 collaudans,
1909 4534 2077 4591 dicit:
2132 4537 2234 4603 Qui

653 4624 882 4679 adliceret
922 4623 1064 4688 Deo,
1094 4640 1227 4677 unus
1269 4622 1480 4693 spiritus
1507 4634 1583 4679 est
1624 4623 1675 4696 (Ι
1707 4624 1826 4680 Cor.
1860 4642 1933 4694 vt,
1968 4627 2077 4697 Π).
2122 4628 2234 4684 Deo

655 4728 887 4783 namque
930 4713 1283 4780 adliceremus,
1312 4714 1525 4783 quando
1544 4714 1773 4785 Spiritus
1802 4718 1974 4771 sancti
2008 4719 2235 4788 gratiam

654 4804 992 4859 abundanter
1019 4804 1346 4874 accipimus;
1375 4813 1432 4860 et
1460 4821 1597 4860 unus
1624 4806 1840 4876 spiritus
1862 4823 1984 4861 cum
2026 4824 2093 4864 eo
2120 4809 2238 4864 effi-

655 4896 844 4961 cimur,
871 4894 1084 4965 quando
1113 4894 1305 4950 divina:
1341 4894 1604 4950 voluntati
1623 4905 1823 4963 mente,
1850 4912 1967 4966 ore,
1990 4905 2045 4952 et
2066 4912 2233 4967 opere

656 4984 1058 5041 concordamus.
1091 4985 1237 5042 Bene
1265 4999 1394 5056 ergo
1418 4986 1678 5056 propheta
1706 4985 1920 5043 Samuel
1936 4989 2232 5059 subjunxit,

655 5078 840 5136 dicens
862 5098 876 5134 :

731 5189 907 5259 (Vers.
952 5190 1031 5263 7.)
1078 5190 1297 5256 Quando
1335 5193 1473 5247 enim
1495 5192 1723 5247 uenerint
1764 5190 1856 5246 tibi
1883 5192 2057 5247 omnia
2086 5193 2235 5263 signa

658 5278 797 5347 lucc,
842 5282 927 5352 fac
972 5280 1306 5353 quodcunque
1342 5282 1535 5336 invenit
1576 5297 1759 5336 manus
1807 5291 1935 5336 tua:
1963 5283 2085 5353 quia
2126 5280 2237 5338 Do-

657 5371 829 5428 minus
860 5382 1019 5427 tecum
1048 5380 1144 5427 est.

737 5488 823 5543 l9.
853 5487 979 5542 llam
1001 5488 1219 5555 quidem
1245 5488 1394 5554 signa
1423 5494 1547 5541 sunt
1575 5485 1629 5540 in
1657 5486 1848 5554 quibus
1888 5499 1948 5541 se
1974 5485 2233 5555 praedica-

662 5588 749 5633 tor
800 5593 865 5647 ag
906 5587 1076 5645 oscat,
1107 5586 1161 5632 et
1211 5586 1339 5631 tunc
1379 5590 1557 5637 omne,
1589 5575 1733 5643 quod
1770 5576 2007 5646 disponit
2052 5590 2231 5645 agere,

663 5662 857 5719 audeat
884 5702 899 5731 ,
958 5678 1078 5716 cum
1129 5671 1273 5719 certa
1319 5660 1651 5733 experientia
1701 5663 1952 5732 noverit;
2000 5664 2125 5738 quia
2181 5664 2234 5719 in

2315 454 2451 508 ritus
2471 454 2661 508 sancti.
2708 454 2816 508 Sed
2861 453 3059 510 docere
3088 470 3153 510 ea
3196 455 3359 512 debet
3404 461 3829 537 prmdica'lor,qna

2315 548 2444 615 agit,
2471 547 2611 600 sicut
2637 545 2706 600 de
2739 544 2966 601 Domino
2994 545 3167 601 Lucas
3196 547 3362 602 dicit:
3405 548 3536 612 Quia
3562 556 3698 622 erepit
3718 555 3832 615 Iesus

2316 640 2486 709 facere
2512 647 2561 691 et
2588 637 2787 701 docere,
2812 654 2971 708 usque
2992 638 3047 691 in
3078 638 3212 691 diem
3227 655 3326 708 qua
3356 643 3645 711 praecipiens
3669 660 3833 713 aposto.

2314 727 2379 780 iis
2424 743 2516 793 per
2558 724 2812 795 Spiritum
2839 736 3094 793 sanctum,
3123 743 3250 797 quos
3269 727 3436 799 elegit,
3486 743 3749 802 assumptus
3780 751 3837 792 est

2318 815 2452 885 (Act.
2487 830 2521 874 ι,
2555 813 2606 880 i,
2638 813 2718 883 2).
2751 812 2886 867 Hinc
2914 814 3109 870 Paulus
3146 817 3222 870 ait
3252 834 3266 870 :
3300 815 3424 871 Non
3464 820 3621 874 audeo
3642 824 3757 890 loqui
3774 845 3832 889 ea,

2316 923 2429 976 qua:
2468 922 2558 973 per
2594 922 2672 958 me
2710 921 2813 959 non
2858 905 3026 974 e/fecit
3068 904 3230 974 Deus,
3261 907 3316 960 in
3344 906 3626 961 obedientia
3660 916 3836 980 gentium

2318 998 2467 1052 verbo
2495 1006 2544 1051 et
2587 998 2738 1070 factis
2781 996 2961 1066 (Rom.
2990 1013 3075 1062 xv,
3118 996 3228 1067 18).
3260 997 3480 1053 Samuel
3529 1000 3694 1069 itaque
3716 1017 3837 1059 uncta

2316 1089 2429 1158 regi
2452 1088 2710 1158 pmcipit,
2740 1087 2923 1143 dicens
2942 1100 2965 1142 :
2994 1085 3107 1141 Fac
3145 1088 3475 1158 quodcunque
3501 1090 3680 1143 inuenit
3702 1109 3839 1147 manus

2319 1190 2427 1235 tua.
2457 1179 2620 1247 Quasi
2665 1179 2846 1235 dicat:
2897 1178 3030 1233 Cum
3072 1186 3127 1232 te
3152 1178 3331 1233 divina
3378 1179 3547 1247 gratia
3576 1179 3762 1249 plenum
3786 1185 3841 1237 vi-

2318 1272 2484 1339 deris,
2510 1273 2643 1326 doce
2668 1271 2804 1325 alios
2831 1269 3092 1339 quidquid
3119 1269 3249 1324 facis
3274 1309 3290 1335 ,
3331 1269 3457 1340 quia
3486 1285 3552 1325 ex
3580 1273 3840 1340 przesidcnte

2320 1364 2415 1418 tibi
2445 1362 2634 1417 eadem
2667 1360 2847 1415 divina
2890 1359 3063 1426 gratia
3096 1358 3261 1413 habes
3306 1368 3363 1413 et
3386 1357 3586 1428 optime
3610 1360 3781 1427 virere,
3804 1372 3842 1417 et

2320 1452 2523 1507 utiliter
2552 1449 2863 1520 praedicare.
2914 1446 3020 1503 Sed
3052 1456 3230 1502 tamen
3259 1448 3387 1517 quid
3431 1458 3559 1505 ante
3586 1451 3690 1506 lucc
3706 1455 3841 1507 omnia

2320 1541 2611 1597 observare
2640 1539 2834 1594 debeat
2863 1538 3153 1607 subjungit,
3187 1538 3371 1594 dicens
3394 1554 3415 1595 :

2372 1656 2566 1729 »(Vers.
2606 1654 2686 1726 8.)
2717 1654 2784 1708 Et
2826 1654 3104 1709 descendes
3131 1664 3252 1708 ante
3285 1669 3366 1707 me
3408 1655 3467 1707 in
3518 1652 3737 1723 (ἰαιραία.
3762 1652 3845 1725 Ego

2321 1748 2507 1818 quippe
2527 1746 2833 1800 descendam
2857 1745 2928 1799 ad
2957 1754 3023 1811 te,
3065 1755 3122 1798 ut
3157 1746 3348 1814 offeras
3376 1745 3694 1813 oblationem,
3714 1750 3844 1800 etim-

2320 1835 2732 1905 moteqyictimas
2746 1834 3011 1905 paciﬁcos.
3042 1834 3249 1904 Septem
3271 1834 3448 1887 diebus
3468 1836 3757 1903 exs;:ectabis
3773 1853 3845 1899 me,

2322 1925 2483 1979 donec
2511 1925 2712 1978 veniam
2741 1933 2790 1978 et
2816 1924 3081 1978 ostendam
3110 1924 3202 1977 tibi
3226 1938 3341 1994 qua:
3370 1924 3558 1994 facias.

2392 2024 2482 2078 20.
2516 2022 2653 2089 Quid
2678 2032 2781 2087 est,
2804 2023 2947 2092 quod
2976 2022 3121 2091 prius
3147 2021 3275 2076 dicit
3299 2039 3312 2074 :
3337 2020 3451 2075 Fac
3469 2021 3768 2093 quodcunque
3787 2025 3847 2075 in-

2324 2115 2456 2170 venit
2492 2131 2677 2168 manus
2718 2123 2827 2180 tua,
2875 2113 3070 2168 deinde
3113 2112 3336 2169 subdit:
3367 2112 3576 2183 Septem
3613 2112 3764 2165 diebus
3784 2131 3849 2165 ex-

2324 2205 2577 2277 spectabis
2621 2220 2721 2271 me,
2754 2205 2914 2259 donec
2958 2204 3182 2270 ueniam,
3226 2211 3275 2256 et
3316 2202 3584 2256 ostendam
3622 2202 3735 2267 tibi,
3766 2218 3848 2272 qua

2327 2298 2513 2368 facias.
2556 2294 2663 2351 Sed
2687 2296 2776 2364 qui
2809 2296 2960 2363 signa
3002 2302 3336 2365 perceperat,
3364 2294 3559 2362 quibus
3600 2309 3654 2348 se
3680 2303 3847 2348 unctum

2326 2400 2507 2455 regem
2530 2401 2561 2440 a
2587 2385 2815 2440 Domino
2835 2385 3015 2453 sciret,
3046 2384 3354 2454 probandus
3376 2390 3497 2437 erat
3524 2399 3589 2437 an
3619 2386 3714 2454 ipsa
3735 2385 3847 2453 signa

2327 2485 2693 2546 cognosceret.
2747 2475 2897 2543 Quod
2935 2477 3150 2546 quidem
3201 2477 3369 2545 magis
3410 2476 3686 2546 spirituali,
3730 2490 3848 2543 quam

2327 2567 2594 2622 historica:
2622 2566 2985 2636 explanationi
3029 2567 3297 2623 convenit.
3333 2566 3467 2620 Nam
3498 2566 3671 2620 venire
3695 2566 3737 2618 iu
3772 2564 3849 2617 eol-

2329 2657 2435 2711 lem
2473 2656 2721 2722 Domini,
2767 2657 2836 2711 ad
2870 2656 3159 2725 iczfcctam
3190 2656 3553 2725 cognitionem
3581 2663 3632 2709 et
3662 2668 3848 2707 amorem

2329 2748 2704 2818 Redemptoris
2747 2748 3021 2818 pertinere
3079 2746 3310 2801 diximus
3347 2765 3361 2801 :
3421 2746 3704 2816 prophetia:
3744 2744 3849 2798 dono

2328 2838 2562 2908 repleri,
2612 2840 2678 2892 ad
2727 2838 2976 2892 virtutem
3032 2837 3265 2906 Spiritus
3321 2836 3517 2891 sancti.
3560 2835 3689 2889 Dicit
3722 2848 3848 2903 ergo:

2332 2926 2553 2991 Quando
2605 2926 2696 2981 tibi
2746 2928 2920 2981 omnia
2970 2926 3080 2980 lucc
3127 2927 3278 2996 signa
3330 2926 3580 2990 venerint,
3624 2922 3762 2994 244
3793 2924 3851 2991 fac

2328 3018 2663 3091 quodcunque
2699 3032 2884 3070 manus
2911 3023 2998 3069 tua
3021 3016 3232 3069 invenit.
3281 3012 3413 3080 Quia
3455 3013 3688 3085 quisquis
3720 3021 3853 3067 certus

2332 3116 2415 3163 est
2433 3107 2498 3162 de
2525 3106 2709 3161 intima
2739 3104 3086 3175 inspiratione
3114 3104 3285 3159 sancti
3306 3103 3562 3173 Spiritus,
3589 3116 3853 3175 prtcsumrre

2332 3208 2514 3276 ροιθςῑ
2532 3208 2643 3257 tam
2672 3197 2741 3257 de
2762 3197 3040 3272 pnquxsito
3066 3197 3193 3254 boni
3220 3196 3416 3271 operis,
3450 3213 3607 3270 quam
3635 3196 3695 3255 de
3718 3196 3835 3267 ἁίέρο

2332 3292 2528 3347 sitione
2584 3289 2997 3360 praedicationis.
3045 3288 3191 3343 Dixit
3238 3292 3413 3344 item:
3473 3289 3674 3360 Septem
3722 3290 3853 3341 diebus

2331 3378 2651 3448 exspectabis
2676 3394 2775 3443 me,
2808 3378 2969 3432 donec
2993 3380 3193 3432 veniam
3214 3394 3234 3443 ;
3284 3388 3333 3432 et
3360 3380 3629 3432 ostendam
3659 3379 3751 3439 tibi,
3774 3392 3855 3447 qtae

2333 3470 2518 3541 facias.
2548 3468 2683 3534 Quia
2727 3467 2921 3523 summi
2948 3478 3194 3538 pastores
3242 3481 3440 3523 sancite
3488 3466 3726 3523 Ecclesia:
3765 3469 3856 3521 dum

2332 3561 2398 3611 de
2418 3558 2683 3612 minorum
2710 3557 3044 3628 profectione
3067 3557 3332 3621 dubitant,
3354 3558 3573 3612 solliciti
3595 3559 3732 3612 valde
3750 3567 3856 3615 sunt,

2334 3655 2391 3700 ut
2436 3647 2573 3701 hanc
2620 3647 2674 3700 in
2720 3647 2799 3701 eis
2842 3648 3006 3702 certis
3061 3645 3275 3703 indiciis
3322 3657 3722 3718 recognoscant.
3761 3647 3855 3711 Qua

2333 3746 2513 3791 autem
2567 3745 2694 3791 sunt
2724 3737 2915 3791 indicia
2958 3736 3209 3808 spiritus,
3261 3737 3363 3792 nisi
3408 3737 3715 3792 excellentia
3756 3736 3857 3789 dona

2335 3828 2672 3882 humilitatis.
2725 3826 2953 3882 Sanetus
2974 3827 3117 3881 enim
3143 3826 3394 3896 Spiritus,
3422 3842 3536 3896 quo
3569 3828 3741 3895 majori
3773 3827 3859 3877 lucc

2335 3921 2589 3975 virtutqu
2627 3918 2921 3974 electorum
2947 3919 3110 3973 corda
3140 3918 3380 3983 irradiat,
3428 3933 3501 3972 eo
3545 3927 3600 3972 et
3640 3916 3863 3970 abundau-

2334 4010 2458 4066 tiori
2488 4010 2632 4065 dono
2659 4010 2974 4064 humilitatis
2999 4009 3151 4064 ditat.
3184 4008 3303 4075 Quo
3329 4010 3475 4063 enim
3505 4010 3745 4064 celsiores
3768 4014 3860 4060 sunt

2333 4101 2562 4168 metitis,
2584 4100 2856 4170 planiores
2882 4107 3007 4154 sunt
3034 4113 3131 4169 per
3157 4100 3405 4154 virtutem
3443 4099 3764 4153 humilitatis.
3788 4094 3861 4162 Qui

2333 4206 2462 4262 ergo
2491 4201 2617 4247 ante
2644 4193 2968 4262 prophetam
2996 4192 3051 4246 in
3095 4190 3313 4259 Galgala
3341 4190 3671 4245 descendere
3706 4198 3754 4242 et
3798 4201 3865 4239 ex-

2331 4293 2577 4353 spectare
2593 4281 2834 4351 iubetur,
2864 4281 2915 4335 ei
2943 4280 3191 4334 nimirum
3209 4294 3309 4348 pro
3335 4277 3708 4346 cognoscenda
3732 4274 3868 4329 humi-

2336 4372 2520 4442 litate,
2566 4372 2887 4428 obedientiae
2932 4386 3067 4425 onus
3095 4370 3408 4440 injungitur.
3462 4370 3663 4425 Rectus
3698 4381 3870 4437 quoque

2334 4462 2470 4518 ordo
2494 4463 2681 4518 electa:
2726 4460 3149 4517 conversationis
3178 4468 3281 4526 est,
3328 4467 3389 4513 ut
3414 4458 3761 4514 obedientiam
3787 4471 3868 4508 non

2334 4551 2577 4621 injungat
2603 4538 2926 4622 aiii-‘squam
2947 4551 3063 4620 ipse
3082 4549 3199 4605 aliis
3220 4549 3539 4619 impendere
3561 4564 3666 4603 non
3685 4548 3868 4603 curavit.

2335 4641 2661 4713 Exspectare
2684 4655 2815 4711 ergo
2843 4640 3167 4711 praecipitur,
3198 4646 3280 4706 ut,
3306 4653 3377 4691 an
3404 4639 3478 4694 sit
3505 4653 3633 4694 vere
3674 4635 3866 4693 humilis,

2335 4741 2680 4802 agnoscatur.
2708 4729 2765 4785 Si
2787 4743 2916 4799 ergo
2943 4730 3153 4798 signum
3178 4727 3404 4798 perlecti
3431 4728 3787 4798 prmdicatoris
3810 4734 3871 4779 e51

2338 4823 2567 4894 repletio
2605 4822 2776 4877 sancti
2803 4819 3053 4891 Spiritus,
3081 4826 3137 4873 et
3160 4818 3330 4875 virtus
3355 4819 3677 4873 humilitatis
3703 4818 3869 4885 signum

2333 4916 2476 4974 illius
2503 4912 2867 4986 plenitudinis,
2911 4909 3039 4982 quid
3067 4910 3121 4964 in
3161 4910 3319 4964 laude
3357 4911 3676 4965 humilitatis
3700 4909 3872 4969 dicitur,

2335 5007 2437 5063 nisi
2465 5005 2591 5075 quia
2618 5004 2733 5073 ejus
2754 5004 2897 5059 dona
2928 5012 3053 5058 sunt
3076 5003 3226 5071 signa
3254 5003 3527 5071 signorum
3551 5003 3575 5053 ?

2405 5119 2497 5173 21.
2528 5119 2636 5175 Sed
2662 5119 2787 5190 quia
2807 5117 3177 5175 immolaturus
3202 5133 3300 5173 rex
3327 5133 3425 5189 per
3450 5119 3761 5188 prephctam
3783 5125 3875 5179 επρ-

2341 5211 2420 5266 it'e
2440 5210 2677 5279 iubetur,
2699 5223 2783 5275 ea,
2814 5225 2932 5279 qum
2950 5209 3219 5274 dicuntur,
3250 5209 3441 5264 melius
3462 5210 3748 5266 cernimus,
3774 5202 3810 5253 si
3828 5214 3875 5249 rx

2340 5302 2527 5358 ordine
2545 5301 2844 5357 videantur.
2879 5300 3098 5371 Galgala
3129 5301 3341 5371 quidem
3366 5301 3746 5369 interpretatur
3769 5304 3875 5348 rm.

2340 5390 2477 5459 Quid
2506 5406 2634 5447 vero
2657 5400 2774 5446 rota
2807 5393 2858 5445 in
2891 5392 2992 5446 isto
3021 5391 3145 5445 loco
3169 5391 3451 5459 signiﬁcat,
3480 5391 3582 5443 nisi
3606 5391 3755 5441 vitam
3782 5384 3879 5435 012c-

2338 5483 2639 5537 dientium‘!
2665 5482 2803 5538 Rota
2832 5483 3045 5550 quidem
3077 5481 3339 5537 volvendo
3380 5481 3643 5551 graditur,
3680 5487 3731 5532 ct
3756 5472 3880 5528 modo

2337 5573 2443 5627 alta
2476 5576 2627 5643 petit,
2654 5573 2813 5628 modo
2839 5572 3111 5627 inferiora.
3138 5572 3229 5627 Sic
3250 5571 3501 5626 nimirum
3532 5580 3641 5624 vna
3666 5566 3876 5623 obedien-

2340 5663 2491 5730 tium,
2522 5664 2646 5733 quia
2696 5663 2916 5719 inferius
2964 5664 3077 5732 agit
3111 5663 3255 5735 quod
3284 5677 3497 5719 sursum
3530 5658 3802 5732 pertraliit,
3842 5658 3882 5706 et
