3962 6322
97 345 184 401 297
919 346 984 400 IN
1025 346 1289 403 PRIMUM
1332 347 1569 405 REGUM
1616 348 2127 405 EXI’OSITIUNES.
2169 381 2239 392 -—
2270 353 2398 408 LIB.
2445 356 2523 411 ιγ.

3271 365 3381 427 3‘38

100 475 299 518 sursum
354 458 506 514 videt
542 458 688 528 quod
734 458 953 512 inferius
1003 457 1241 525 exhibet,
1269 458 1420 529 quasi
1471 458 1536 512 ad
1576 458 1682 512 alta
1711 467 1759 519 Α
1788 475 1975 517 mones
2013 464 2418 537 impugnamus,
2451 487 2549 540 per
2577 473 2938 528 obedientiam
2969 476 3251 531 vincimus.
3283 478 3377 533 Vi-

102 553 424 619 sublevatur,
454 562 511 605 rt
534 551 600 604 ad
636 552 739 605 ima
771 550 1076 620 deponitur.
1111 551 1240 605 Nam
1269 552 1412 620 quod
1439 552 1691 607 obedien-

106 654 175 699 tes
218 640 445 697 infrrius
492 651 695 709 agunt,
737 657 948 698 sursim
998 642 1235 709 tollunt;
1294 643 1419 712 quia
1470 643 1689 712 quando

104 735 436 805 perlaturum
463 732 915 802 jussis'obedtunt
942 774 955 796 ,
992 742 1205 786 terrena
1235 742 1361 787 sunt
1388 749 1459 802 qu
1479 750 1508 786 c
1554 749 1688 804 ope-

105 833 312 890 rantur;
352 822 445 877 sed
478 824 544 877 de
595 823 843 887 terrenis,
872 837 992 891 que
1035 821 1258 887 faciunt,
1290 837 1519 887 superna
1547 839 1687 892 pra:-

104 916 199 969 mia
250 914 649 984 prmstolantur.
710 914 843 968 Item
900 914 1041 982 quol
1088 929 1303 967 sursum
1344 914 1565 983 habent,
1621 917 1689 971 ad

104 1017 136 1058 ιν
153 1021 291 1059 rram
314 1004 567 1070 ﬂectunt,
588 1004 712 1073 quia
742 1012 799 1056 ut
820 1003 959 1057 bene
988 1012 1201 1057 terrena
1224 1014 1383 1071 agant
1401 1045 1415 1069 ,
1448 1006 1687 1061 cmlestia

104 1096 550 1166 contemplantur,
582 1104 637 1149 et
666 1093 795 1148 illud
823 1093 1164 1148 solummodo
1186 1103 1499 1164 cperant-.r,
1544 1096 1689 1163 quod

103 1202 319 1242 summa:
358 1186 431 1240 illi
474 1185 716 1240 felicitati
772 1186 1063 1240 convenire
1126 1186 1480 1253 conspiciunt.
1540 1186 1690 1243 llanc

104 1277 339 1348 profecto
369 1290 542 1331 rotam
573 1278 792 1330 tlectere
840 1274 1009 1346 Moysi
1054 1276 1311 1330 Dominus
1349 1276 1686 1346 praecipiens,

102 1371 203 1426 ait:
232 1370 424 1423 Omnia
452 1372 538 1441 [ac
553 1370 685 1422 sicut
706 1381 966 1422 os‘ensum
992 1378 1069 1421 est
1097 1368 1189 1421 tibi
1217 1369 1270 1422 in
1293 1378 1465 1422 monte
1487 1367 1686 1439 (Exod.

102 1476 221 1529 xxv,
248 1459 363 1528 40).
394 1460 496 1527 Qui
522 1460 667 1513 enim
698 1459 751 1512 in
774 1458 998 1513 summis
1026 1459 1179 1523 valit,
1201 1456 1346 1527 quod
1369 1456 1494 1513 fecit
1519 1458 1572 1512 in
1600 1460 1686 1513 in—

102 1548 261 1614 limis;
308 1548 560 1603 nimirum
608 1548 940 1618 superiorem
992 1556 1126 1601 ret-.e
1154 1556 1361 1617 partem
1390 1547 1459 1602 ad
1487 1556 1686 1604 terram

99 1638 260 1692 ﬂexit.
304 1637 623 1692 inferiorem
671 1651 889 1707 quoque
925 1646 1129 1706 partem
1169 1636 1236 1690 ad
1289 1638 1568 1707 superiora
1601 1654 1689 1695 ex-

98 1728 319 1793 tulerat,
351 1727 444 1797 qni
493 1727 745 1782 dicebat:
788 1727 921 1780 Vivit
972 1728 1219 1781 Dominus
1263 1729 1318 1781 in
1366 1729 1512 1799 cujus
1563 1746 1687 1785 con-

1793 560 1971 608 ctores
2000 570 2130 623 ergo
2177 569 2329 628 sunt,
2359 562 2449 629 qui
2480 564 2767 629 obediunt,
2798 565 2921 636 quia
2960 565 3090 621 dum
3131 569 3385 623 volunta-

1792 652 1898 700 tem
1938 663 2088 702 suam
2140 651 2258 705 aliis
2308 654 2544 721 perfecte
2573 657 2884 724 subjiciunt,
2917 659 3017 728 ipsi
3064 660 3231 730 lapsis
3285 678 3386 732 per

1791 736 2150 793 obedientiam
2181 741 2397 809 Angelis
2423 743 2787 800 dominantur.

1860 827 1948 881 22.
1990 829 2095 884 Sed
2124 832 2415 886 notandum
2458 842 2542 888 est
2580 836 2705 902 quia
2735 835 2955 891 Samuel
3000 847 3128 903 ante
3165 856 3224 895 se
3250 841 3386 896 Saul

1790 919 1844 973 in
1872 918 2089 989 Calgala
2125 921 2454 978 dcscenlere
2483 925 2748 994 prtecipit,
2789 928 2906 982 sine
2934 944 2993 983 se
3031 939 3214 985 autem
3254 949 3381 987 eutn

1790 1008 1986 1064 offerre
2028 1012 2355 1068 oblationem
2396 1023 2452 1070 et
2502 1016 2747 1071 victimas
2784 1019 2975 1074 noluit.
3020 1020 3151 1075 Nam
3199 1022 3380 1079 dixit:

1788 1098 1903 1170 Ego
1943 1102 2146 1170 quidem
2198 1106 2506 1159 descendam
2545 1108 2615 1159 ad
2655 1117 2702 1160 te
2734 1119 2790 1160 ut
2818 1111 3015 1179 offeras
3045 1110 3384 1177 oblatoacm,

1788 1199 1838 1243 et
1877 1192 2109 1247 immolas
2140 1195 2371 1250 victimas
2401 1198 2667 1266 paciﬁcas.
2694 1200 2905 1269 Septem
2943 1200 3124 1255 diebus
3170 1220 3387 1273 exspec-

1790 1283 1922 1338 tabis
1962 1303 2059 1349 me,
2111 1288 2270 1341 donec
2319 1291 2516 1343 veniam
2562 1292 2630 1343 ad
2662 1300 2726 1354 te,
2761 1302 2810 1344 et
2848 1293 3116 1346 ostendam
3148 1295 3238 1347 tibi
3268 1311 3386 1365 qua:

1790 1376 1974 1445 facias.
2007 1376 2144 1443 Quid
2186 1386 2265 1431 est
2296 1378 2399 1433 hoc
2460 1380 2513 1432 ni
2547 1379 2561 1433 i
2608 1382 2733 1447 qu'a
2767 1381 2877 1449 ipsa
2926 1381 3067 1436 bona
3116 1392 3297 1437 nostra
3328 1393 3387 1439 et

1789 1467 2039 1534 ignorare
2063 1467 2353 1537 sapienter,
2400 1478 2453 1522 et
2475 1469 2616 1524 scire
2662 1470 2954 1540 aliquando
2987 1472 3188 1526 ntditer
3217 1473 3382 1528 deb:-

1787 1560 1941 1612 mus?
1990 1558 2286 1627 Ignorantia
2340 1561 2554 1630 quidem
2612 1574 2773 1629 sunt,
2826 1579 2892 1617 ne
2944 1565 3171 1620 inlirmis
3226 1568 3386 1623 nobis

1788 1649 2076 1704 elationem
2112 1652 2384 1720 prtebeaut
2431 1671 2443 1705 :
2489 1650 2584 1705 sed
2628 1668 2659 1706 a
2699 1654 3109 1722 pt'rfectiot'ibus
3164 1658 3384 1713 scienda

1787 1750 1932 1806 sunt,
1988 1751 2049 1797 ut
2086 1758 2182 1813 per
2220 1744 2565 1798 devotionem
2619 1753 2890 1800 crescant.
2944 1744 3094 1801 Unde
3143 1758 3197 1801 ct
3244 1750 3386 1804 bene

98 1827 263 1886 φεεω
294 1826 375 1871 διο
401 1815 528 1887 (ῘῙῘ
558 1815 689 1887 Βεςο
722 1832 855 1884 ινιίν
886 1817 958 1887 1)·
994 1817 1049 1870 1η
1100 1818 1207 1872 imo
1247 1818 1469 1887 quidem
1509 1822 1687 1876 ειέὼίιι
1720 1826 1764 1885 Β
1791 1832 1845 1886 in
1872 1832 2173 1901 Evangelia
2202 1834 2268 1888 de
2288 1834 2558 1888 Elisabeth
2590 1846 2902 1904 praegnante
2930 1837 3129 1892 dicitur
3159 1856 3172 1891 :
3199 1837 3266 1893 Et
3296 1858 3386 1895 oc-

101 1924 191 1977 per
224 1909 581 1964 humilitatem
611 1910 950 1978 obedirntir,
979 1910 1103 1965 dum
1127 1912 1236 1981 regi
1269 1913 1471 1982 perlido
1492 1930 1688 1986 expro-

99 2000 271 2053 braret
300 2017 317 2065 ;
345 2000 439 2053 sed
473 2002 747 2070 planitiem
796 2003 975 2071 operis
1027 2003 1081 2057 in
1132 2004 1460 2061 sublimitate
1499 2008 1690 2062 extuiit

96 2091 282 2145 dirinze
323 2093 793 2162 contemplationis
816 2133 830 2157 ,
883 2102 941 2147 ut
976 2094 1121 2149 velut
1174 2104 1479 2152 currentem
1511 2106 1687 2153 rotam

93 2184 291 2253 optime
320 2183 583 2251 volveret,
614 2185 739 2239 dum
770 2185 821 2239 in
855 2195 1068 2242 terreno
1091 2203 1277 2257 opere,
1304 2189 1432 2260 quid
1466 2190 1689 2247 etelcste

90 2285 412 2344 mereretur,
435 2278 723 2346 aspiceret.
754 2277 879 2335 Hice
906 2279 1147 2350 profecto
1173 2279 1345 2336 forma
1391 2290 1473 2337 est
1501 2283 1688 2338 electa:

95 2364 442 2432 obedientige;
470 2375 527 2419 ut
553 2367 605 2420 in
629 2368 795 2432 omni,
816 2368 960 2438 quod
989 2367 1119 2424 foris
1146 2369 1376 2438 agimus,
1404 2371 1474 2425 ad
1496 2380 1687 2442 poten-

94 2455 221 2508 tiam
261 2454 574 2511 ConJitoris
621 2456 819 2526 ubique
842 2466 1163 2528 praesentem
1196 2461 1563 2531 reSpiciamus.
1597 2462 1687 2519 Sic

95 2544 343 2600 nimirum
399 2546 452 2600 in
495 2546 801 2603 subditione
856 2548 1176 2604 obedientia:
1232 2560 1429 2607 nostrae
1485 2552 1688 2611 habere

93 2650 379 2705 possumus
421 2644 476 2691 et
498 2638 870 2693 rectitudinem
918 2640 1118 2710 operis,
1151 2651 1205 2696 et
1233 2641 1560 2699 incrementa
1589 2646 1685 2701 de-

93 2725 347 2781 votionis.
402 2725 558 2782 Ricti
584 2726 804 2797 quidem
835 2738 962 2784 tunc
986 2745 1173 2787 sumus
1200 2747 1384 2803 opere,
1429 2735 1555 2804 quia
1584 2751 1685 2806 pro

88 2837 171 2887 eo,
203 2837 368 2893 quem
414 2824 709 2889 cernimus,
742 2839 841 2878 nos
869 2823 924 2879 in
972 2824 1158 2882 labore
1179 2826 1500 2883 obedientie
1528 2844 1686 2885 exer-

90 2928 296 2971 cemus.
346 2915 538 2971 Devoti
586 2917 750 2972 etiam
794 2933 998 2985 sumus,
1056 2920 1180 2989 quia
1230 2921 1281 2976 ei
1323 2938 1423 2979 nos
1469 2924 1686 2994 placere

89 3005 394 3071 credimus,
453 3024 615 3080 quem
652 3009 1011 3080 inspectoreni
1067 3021 1379 3068 nostrorum
1437 3014 1683 3071 laborum

88 3101 435 3167 attendimus,
488 3109 544 3156 et
576 3100 884 3172 largitorem
931 3111 1148 3159 aeterna:
1195 3104 1584 3160 retributionis.
1616 3104 1686 3161 Et

1790 1923 2020 1977 cultabat
2044 1941 2099 1978 se
2135 1925 2392 1979 mensibus
2435 1928 2655 1997 quinque
2703 1926 2836 1997 (Luc
2890 1944 2927 1992 ι,
2958 1928 3070 1999 24).
3107 1930 3209 1996 Qui
3239 1932 3385 1989 enim

1790 2012 2096 2081 Spirituale.
2124 2031 2188 2068 ac
2219 2014 2385 2068 let-tes
2415 2030 2534 2069 esse
2553 2024 2827 2081 nequeunt
2855 2017 3163 2087 adliuc,pcr
3190 2019 3385 2089 quina-

1789 2104 1928 2158 rium
1958 2121 2239 2159 numerum
2263 2105 2629 2174 designantur.
2655 2106 2783 2172 ριτιῐξ
2813 2118 2992 2163 autem
3024 2112 3234 2165 noviter
3253 2127 3383 2167 con-

1789 2194 1940 2265 cipit,
1991 2197 2231 2264 quinque
2277 2212 2335 2250 se
2383 2198 2660 2252 mensibus
2690 2199 2831 2252 celat
2863 2216 2876 2252 :
2909 2200 3033 2269 quia
3058 2216 3156 2270 per
3191 2215 3385 2258 sensus

1788 2284 2036 2351 corporis
2076 2283 2217 2337 bona
2244 2284 2351 2353 agit
2382 2303 2394 2337 :
2420 2285 2516 2340 sed
2542 2287 2671 2354 quia
2707 2287 3000 2357 spiritualis
3040 2304 3104 2343 ac
3140 2288 3293 2345 fortis
3326 2291 3383 2347 in

1789 2372 1895 2428 boc
1924 2371 2068 2428 bono
2098 2388 2263 2443 opere
2302 2373 2539 2429 nondum
2566 2383 2667 2442 est,
2712 2391 2775 2431 ea
2812 2392 2931 2445 quae
2972 2380 3083 2447 agit
3110 2380 3386 2449 sapienter

1789 2463 2092 2520 abscondit.
2148 2464 2242 2521 Ille
2290 2481 2421 2535 ergo
2460 2466 2707 2523 victimas
2761 2467 2894 2535 Deo,
2936 2469 3025 2524 illc
3050 2470 3381 2528 oblationem

1789 2556 1971 2623 offert,
2001 2557 2092 2627 qui
2114 2568 2324 2626 septem
2354 2558 2543 2614 diebus
2570 2568 2897 2630 exspectans
2926 2562 3230 2618 venientem
3255 2579 3387 2634 pro-

1788 2649 2006 2721 phetam
2037 2651 2229 2720 incipit
2262 2668 2275 2704 :
2300 2651 2424 2721 quia
2453 2658 2579 2707 tunc
2603 2651 2714 2707 Deo
2745 2651 2964 2722 dignum
2991 2662 3076 2709 est
3102 2654 3248 2725 quod
3276 2656 3385 2710 int-

1789 2740 1992 2811 pendit,
2017 2757 2137 2795 cutn
2161 2742 2481 2810 impertiens
2505 2740 2682 2810 justus
2706 2751 2790 2797 est
2811 2743 3008 2799 virtute
3037 2745 3382 2813 obedit'ntim,

1788 2836 1846 2884 et
1894 2829 2088 2884 divina:
2138 2830 2515 2885 intuit-usitatis
2578 2831 3011 2889 consideratione
3061 2834 3383 2904 timnratus;

1789 2934 1911 2975 cum
1952 2935 2013 2975 se
2055 2919 2197 2974 aliud
2226 2935 2347 2976 esse
2375 2936 2485 2976 non
2532 2922 2733 2988 credit,
2787 2921 2888 2976 nisi
2917 2922 3063 2992 quod
3114 2924 3385 2993 majorum

1789 3010 2110 3081 probatione
2125 3012 2419 3081 cognoscit.
2438 3009 2605 3079 Quasi
2627 3012 2793 3077 enim,
2810 3023 3073 3082 prtesente
3096 3015 3381 3085 propheta,

1788 3102 2085 3167 offerimus,
2111 3102 2327 3172 quando
2349 3103 2438 3158 illa
2461 3102 2800 3157 solummodo
2823 3117 2989 3173 opera
3010 3112 3195 3158 nostra
3217 3104 3382 3174 digna

86 3194 207 3264 quia
235 3193 501 3262 majorum
522 3194 743 3264 imperia
761 3194 996 3265 perfecta
1025 3195 1324 3250 humilitate
1344 3194 1679 3253 observanda
1709 3206 1755 3270 ο
1786 3212 1904 3253 esse
1952 3196 2129 3251 d.vina
2181 3197 2525 3266 susceptione
2575 3195 2864 3262 credimus,
2920 3213 3039 3267 qua:
3068 3206 3384 3253 sanctomm

87 3294 236 3354 sunt,
267 3287 406 3340 bene
427 3284 556 3340 Saul
598 3284 797 3342 dicitur
825 3304 837 3338 :
882 3285 1093 3356 Septem
1121 3285 1301 3341 diebus
1338 3288 1680 3359 exspectabis.

87 3376 444 3446 Septenarins
465 3376 663 3446 quippe
680 3391 933 3432 numerus
961 3384 1183 3447 propter
1200 3379 1340 3432 dona
1355 3377 1683 3447 septiformis

83 3468 323 3538 Spiritus
350 3479 450 3524 est.
496 3469 713 3538 Septem
748 3470 937 3525 diebus
980 3471 1234 3527 ductores
1263 3471 1517 3529 Ecclesiae
1555 3490 1679 3529 cxs-

84 3569 388 3630 pectamus,
417 3561 631 3631 quando
661 3578 757 3632 per
787 3564 1042 3619 virtutem
1073 3564 1402 3634 septifurmis
1426 3566 1678 3637 Spiritus,

83 3662 294 3707 tantam
314 3653 512 3708 intima:
531 3654 833 3710 devotionis
848 3655 1145 3711 claritatem
1159 3657 1499 3726 suscipimus,
1523 3668 1681 3715 utco-

82 3759 198 3799 rum
217 3754 491 3814 praecepta
508 3745 807 3801 nullatenus
824 3747 1172 3818 ncgligamus.
1189 3749 1346 3819 2&5
1359 3749 1477 3817 Quo
1489 3751 1540 3805 in
1555 3753 1678 3807 loco

82 3833 384 3888 notandum
412 3843 518 3902 est,
547 3836 671 3903 quia
700 3852 807 3890 non
830 3837 962 3891 dixit
994 3854 1006 3889 :
1040 3838 1258 3907 Septem
1282 3839 1470 3894 diebus
1496 3841 1602 3895 eris
1623 3841 1679 3895 in

80 3923 328 3993 Galgala,
383 3925 477 3979 sed
508 3942 523 3979 :
553 3925 758 3991 Septem
804 3926 979 3981 diebus
1029 3928 1348 3997 exspectabis
1398 3946 1503 3995 me,
1535 3940 1675 4001 post-

78 4032 237 4083 quam
280 4013 609 4069 descenderis
655 4026 775 4070 ante
819 4033 919 4070 me.
951 4018 1102 4087 Ante
1138 4019 1543 4088 praedicatorem
1581 4021 1676 4077 dc-

78 4111 416 4178 scendimus,
445 4109 662 4180 quando
698 4110 802 4164 boc
825 4110 1051 4178 agimus,
1081 4112 1224 4182 quod
1251 4113 1366 4182 ejus
1404 4114 1559 4169 nobis
1590 4113 1677 4184 ju-

74 4199 218 4253 dicio
246 4200 571 4268 imperatur.
604 4198 751 4254 Tunc
790 4199 1007 4269 quilem
1050 4200 1378 4258 descenlere
1426 4203 1672 4269 dicimur,

74 4286 201 4356 quia
248 4296 463 4343 mentes
521 4296 733 4343 no:tras
786 4305 974 4344 corum
1023 4290 1249 4361 imperio
1307 4293 1673 4362 subjugamus.

71 4376 299 4451 Septem
326 4394 464 4434 vero
495 4379 681 4434 diebus
708 4389 1024 4451 exspectare
1051 4390 1134 4437 est
1174 4382 1375 4438 bonum
1419 4384 1675 4439 obedien-

75 4468 161 4522 ὼε
205 4471 361 4525 omni
407 4470 526 4524 luce
552 4470 737 4524 cordis
768 4471 1011 4541 implere.
1045 4472 1198 4539 Quod
1231 4482 1357 4528 tunc
1385 4483 1534 4529 certe
1562 4476 1675 4544 agi-

1787 3286 2197 3357 prmdicaturum
2243 3285 2450 3355 judicio
2486 3287 2927 3356 comprobantur.
2960 3285 3023 3340 Et
3049 3287 3173 3356 quia
3196 3302 3383 3342 coram

1784 3379 2048 3449 propheta
2082 3379 2361 3433 immolare
2383 3378 2600 3445 dicitur,
2624 3378 2727 3432 boc
2753 3378 2995 3446 proiecto
3026 3379 3203 3448 signat
3222 3399 3233 3432 :
3251 3380 3383 3450 quia

1784 3469 2039 3539 operibus
2062 3468 2247 3542 [Forte
2276 3470 2330 3522 in
2353 3468 2610 3539 operibus]
2641 3470 2838 3524 nostris
2859 3470 3192 3538 sapientibus
3215 3478 3385 3541 atque

1783 3561 2153 3631 spiritualibus
2189 3561 2317 3617 viris
2360 3561 2582 3616 credere
2611 3561 2890 3617 debemus.
2928 3561 3063 3629 Quia
3094 3563 3110 3618 i
3136 3579 3222 3619 em
3254 3580 3383 3635 sep-

1784 3664 1891 3709 tem
1919 3654 2105 3709 diebus
2131 3663 2409 3723 cxs;icc:at
2436 3654 2582 3719 Saul,
2617 3655 2936 3724 prmdicator
2962 3665 3161 3710 sancta:
3191 3655 3384 3713 Eccle—

1783 3748 1875 3803 siae
1905 3748 2158 3803 virtutem
2199 3747 2736 3816 subjectidisponerc
2772 3748 3045 3815 sapit-nter
3088 3746 3274 3815 debet,
3318 3757 3383 3804 ut

1781 3855 1965 3893 coram
2010 3854 2077 3893 co
2106 3838 2249 3892 bona
2279 3837 2395 3904 ejus
2441 3853 2546 3890 non
2595 3836 2777 3891 laudet
2808 3838 2909 3890 nisi
2938 3842 3154 3904 quando
3198 3836 3377 3893 laudis

1780 3944 1890 3982 suae
1936 3936 2285 3982 contemnere
2334 3926 2571 3981 favorem
2623 3934 2821 3995 potest.
2884 3924 3035 3980 Unde
3084 3934 3139 3980 ct
3182 3928 3380 3981 eadem

1780 4017 1984 4073 oblatio
2015 4026 2071 4071 et
2098 4017 2328 4071 victimae
2364 4016 2475 4070 Deo
2499 4026 2520 4049 ει
2548 4015 2732 4070 offerri
2763 4031 2792 4069 a
2824 4015 2949 4069 Saul
2990 4015 3380 4084 ptiedicuntur,

1781 4116 1836 4163 ct
1862 4123 1967 4163 non
1995 4107 2115 4162 sibi.
2144 4106 2469 4176 Deoquippc
2500 4105 2743 4161 victimas
2763 4104 2944 4172 θίγωσι,
2969 4106 3058 4175 qui
3086 4105 3153 4160 dc
3174 4106 3376 4162 virtute

1779 4213 1939 4267 quant
1969 4198 2130 4252 liabet
2158 4197 2392 4251 inaniter
2438 4213 2546 4253 non
2584 4196 2879 4262 extollitur,
2912 4197 3006 4251 sed
3037 4214 3199 4253 omne
3227 4197 3377 4269 quod

1780 4288 1991 4360 perlicit
2045 4289 2230 4358 gratia:
2278 4288 2464 4342 tribuit
2502 4288 2820 4343 conditoris.
2872 4286 2986 4343 lloc
3027 4288 3211 4356 ctiam,
3244 4290 3373 4359 quia

1781 4380 2064 4433 doctorum
2096 4379 2407 4448 magisterio
2431 4375 2705 4445 discimiis,
2736 4379 2872 4433 bene
2901 4377 3118 4434 Samuel
3157 4395 3373 4434 sermo-

1779 4486 1901 4525 nem
1941 4470 2383 4536 conc'udens,ait
2419 4488 2433 4524 :
2469 4469 2538 4523 Et
2582 4470 2854 4526 ostendam
2897 4469 2988 4523 tibi
3026 4486 3141 4542 qua’
3184 4470 3374 4541 facias.

73 4577 193 4617 mus
246 4561 471 4632 quando
520 4562 782 4630 majorum
826 4563 1077 4618 mandata
1103 4579 1203 4619 nec
1228 4564 1360 4619 dura
1391 4579 1491 4619 nec
1536 4565 1673 4621 levia
1706 4574 1759 4634 Ῑ)
1786 4561 2553 4633 Εκδρευιειηιὶίιυίιιιοιηξάϐ
2571 4576 2689 4631 quae
2713 4562 3376 4633 faciat,indicatzquando

73 4669 164 4721 ιω
184 4654 442 4708 terimus.
477 4651 686 4706 Nullam
715 4653 914 4721 quippe
940 4654 1148 4707 dictum
1194 4654 1260 4708 ab
1308 4655 1407 4708 bac
1437 4654 1557 4710 luce
1582 4671 1678 4709 va-

70 4754 292 4799 cantem
324 4742 589 4799 Dominus
622 4758 739 4798 esse
768 4744 1003 4812 volebat,
1034 4745 1249 4813 quando
1287 4746 1500 4801 diccbat
1526 4763 1541 4801 :
1577 4746 1677 4810 Qui

67 4838 291 4892 ωιτη-ξι
315 4852 477 4900 unum
499 4835 561 4890 de
574 4836 841 4889 mandatis
859 4837 970 4889 istis
991 4835 1238 4898 minimis,
1270 4845 1316 4889 ct
1345 4838 1572 4891 docuerit
1603 4840 1676 4891 sic

66 4925 600 4990 honrinesmiinimus
629 4924 886 4979 racabtur
916 4926 970 4978 in
998 4943 1154 4997 regno
1185 4926 1427 4980 cwlorum
1455 4926 1672 4995 (Matth.

65 5036 117 5080 ν,
156 5012 284 5089 19).
318 5017 388 5071 Et
415 5019 537 5087 quia
565 5018 689 5088 peri
717 5027 800 5073 cti
831 5018 1137 5073 obedient‘a
1168 5034 1327 5087 quam
1367 5020 1675 5077 hominibus

66 5110 409 5165 exhibemus
436 5125 629 5164 munus
658 5118 740 5167 est
774 5110 1046 5165 Creatoris
1074 5127 1088 5175 ;
1131 5111 1222 5179 qui
1253 5127 1330 5179 se]
1353 5119 1461 5165 tem
1488 5112 1677 5166 diebus

68 5208 370 5272 exspectat
399 5200 731 5256 oblationem
753 5200 951 5256 oﬂerre
975 5200 1168 5256 dicitur
1197 5211 1251 5257 et
1281 5202 1532 5270 pacilicas
1559 5203 1673 5257 vic-

67 5295 234 5346 timas
256 5292 566 5348 immolare.
597 5292 808 5348 Oblatio
838 5292 1050 5363 quidem
1082 5292 1291 5349 Domini
1321 5309 1354 5349 c
1385 5302 1404 5346 t
1432 5294 1556 5360 quia
1586 5293 1679 5349 bo-

67 5383 319 5436 minibns
364 5397 466 5451 pro
514 5382 625 5437 Deo
669 5381 911 5445 oll‘ertur,
944 5382 1038 5437 scd
1079 5382 1258 5438 oblata
1314 5383 1618 5439 hominibus
1645 5401 1676 5438 a

68 5473 184 5527 Deo
214 5475 539 5544 suscipitur.
574 5474 813 5531 \‘ictimuc
840 5486 965 5531 sunt
1003 5475 1261 5545 obsequia
1285 5475 1671 5543 obedientium,

67 5566 195 5635 quia
249 5581 384 5620 eum
430 5566 738 5621 hominibus
766 5582 863 5636 pro
895 5565 1006 5621 Deo
1035 5565 1369 5635 subjiciatur,
1415 5565 1677 5636 snperbos

62 5658 306 5726 spiritus
350 5672 689 5726 superamus.
727 5656 946 5712 Caeteris
990 5657 1208 5726 quidem
1237 5655 1520 5714 virtutibus
1560 5655 1673 5711 da}-

136 5812 164 5840 ⁸
193 5798 376 5855 Cilut.
396 5838 411 5864 ,
442 5800 698 5868 oﬂiu're...
732 5800 1054 5861 pra-dicetur.

368 5893 641 5956 Pn'noe.
691 5886 980 5950 LXXIX.

1783 4654 1849 4719 is,
1876 4654 1971 4723 qui
2010 4651 2251 4723 perfecte
2277 4652 2499 4707 obedire
2541 4653 2909 4720 cognoscitur,
2940 4652 3171 4721 qualiter
3200 4653 3375 4721 impe-

1782 4760 1907 4801 rare
1948 4743 2067 4798 aliis
2110 4742 2322 4808 debeat,
2354 4742 2630 4797 educetur.
2669 4742 2777 4796 Sed
2834 4741 2975 4794 istud
3021 4740 3151 4795 Saul
3195 4741 3378 4795 adhuc

1781 4851 1888 4891 non
1912 4835 2213 4898 exhibetur,
2238 4834 2330 4888 sed
2351 4832 2703 4903 promittitur.
2737 4831 2853 4887 Non
2877 4834 3021 4886 enim
3051 4832 3281 4887 mittitur
3302 4830 3377 4889 ad
3458 4818 3464 4822 ’

1785 4926 2190 4991 inunolandum,
2215 4925 2308 4980 sed
2337 4924 2404 4979 ad
2430 4922 2874 4993 exspeCtandum.
2902 4922 2967 4977 Et
2990 4925 3113 4993 quia
3143 4934 3368 4979 sancto-

1782 5035 1900 5073 rum
1931 5017 2292 5074 co'locutione
2316 5016 2640 5086 proﬁcimus,
2672 5024 2798 5085 apte
2828 5015 3033 5069 illatum
3055 5023 3159 5071 cst.

1857 5109 2014 5177 (Vcrs
2044 5109 2122 5178 9.)
2152 5108 2352 5178 Itaque,
2384 5124 2498 5161 cum
2524 5107 2790 5160 avertisset
2812 5109 3080 5160 humerum
3105 5123 3276 5173 suum,
3314 5116 3373 5161 ut

1783 5199 1948 5254 abiret
1975 5217 2007 5252 a
2042 5200 2304 5261 Samuele,
2328 5198 2613 5251 inmutauit
2639 5198 2687 5251 ei
2720 5194 2861 5251 Deus
2890 5211 2980 5250 cor
3008 5196 3174 5251 aliud.

1854 5290 1944 5345 25.
1976 5290 2081 5345 Cor
2119 5291 2265 5344 enim
2311 5287 2455 5342 aliud
2479 5288 2812 5349 immaniter,
2840 5288 3055 5357 quando
3084 5290 3150 5341 ad
3200 5303 3368 5357 appe-

1784 5385 1942 5440 tenda
2000 5383 2223 5438 meliora
2275 5381 2550 5449 dirigitur;
2603 5396 2699 5436 cor
2771 5380 2935 5434 etiam
3006 5380 3364 5445 immolatur;

1781 5476 1994 5547 quando
2018 5474 2085 5529 ad
2116 5474 2311 5531 malum
2337 5472 2620 5528 deseritur.
2645 5470 2703 5526 In
2732 5470 2860 5526 Saul
2889 5478 3066 5524 autem
3095 5468 3185 5540 qui
3217 5469 3369 5538 prius

1779 5567 1974 5632 bonus,
2003 5574 2191 5636 postea
2242 5564 2417 5619 malus
2457 5563 2576 5630 fuit,
2625 5562 2897 5631 quomodo
2931 5561 3108 5631 potius
3140 5559 3363 5627 inteiligi

1779 5657 1845 5712 ad
1877 5657 2111 5715 litteram
2150 5655 2339 5713 debeat
2379 5669 2483 5710 non
2515 5654 2668 5710 valde
2705 5654 2910 5709 clarum
2937 5659 3040 5707 est.
3069 5648 3175 5704 Sed
3198 5649 3242 5703 si
3264 5664 3368 5720 pro

2810 5877 2883 5936 10
3228 5830 3422 5943 ἐδ
