3962 6318
589 313 696 370 299

1831 305 1908 359 Sit
1920 302 2070 358 NCTI
2109 301 2148 356 (ἶ
2161 300 2435 356 llECOllll
2480 300 2690 357 MACNI

3757 301 3780 351 ἶ
3790 304 3844 354 bl)

591 425 832 493 “nfecta
865 421 979 490 ejus
1009 421 1218 481 dicitur,
1252 433 1342 472 cor
1381 418 1718 471 immutatum
1761 416 2013 481 habebat,
2047 415 2172 483 qu’a
2208 427 2246 476 Α
2284 413 2473 467 viderit
2503 414 2555 466 in
2587 414 2788 467 virtute
2827 412 3194 481 perfectionis.
3229 413 3468 469 Primum
3499 428 3630 483 ergo
3657 414 3846 482 signum

590 516 680 585 qui
745 514 923 568 asinas
981 510 1285 581 qmcsierat,
1340 507 1451 577 jam
1504 508 1572 564 de
1628 508 1775 576 regni
1827 508 2178 577 dispositione

619 606 881 674 ogitabat.
913 602 968 656 Si
993 619 1037 655 vi
1059 616 1119 656 ro
1152 599 1348 654 malum
1380 615 1474 652 cor
1504 607 1628 653 tunc
1655 599 1919 668 recrpisse
1946 612 2176 666 cognos-

620 698 746 762 itur,
798 709 978 749 coram
1028 691 1290 761 propheta
1333 689 1549 744 humilis
1597 690 1693 743 fuit
1725 709 1736 742 :
1771 688 1865 742 sed
1917 696 1974 741 ut
2014 687 2180 754 carpit

565 789 887 854 discedere,
919 783 1121 853 pariter
1151 782 1315 851 carpit
1357 790 1410 836 ct
1449 782 1747 851 superbire.
1782 781 1841 835 ln
1873 787 2053 833 mente
2081 793 2178 831 sua

589 880 694 946 iam
721 893 826 932 non
858 890 976 932 esse
1009 866 1288 944 parvulum
1334 873 1426 926 sed
1460 888 1639 941 regem
1668 871 1958 940 Cogitabat.
1991 869 2180 923 Adhuc

590 986 692 1021 non
721 975 837 1022 erat
857 966 1099 1020 sublimis
1129 965 1336 1030 ordine,
1372 964 1464 1018 sel
1497 972 1614 1018 erat
1642 963 1887 1017 sublimis
1932 961 2174 1016 mstima-

590 1060 756 1112 tione.
782 1056 890 1111 Sed
921 1041 1044 1124 quia
1075 1070 1170 1124 per
1201 1054 1337 1108 hanc
1365 1069 1572 1108 sacram
1599 1053 1877 1108 historiam
1908 1051 2085 1106 adhuc
2114 1050 2180 1105 de

586 1150 711 1215 ejus
755 1147 1006 1217 superb'a
1055 1152 1241 1214 aperte
1271 1143 1404 1196 nihil
1434 1143 1647 1208 dicitur,
1683 1144 1881 1197 rectius
1923 1157 2020 1196 IZOS
2044 1156 2188 1210 quo—

584 1253 692 1305 que
717 1237 939 1304 agimus,
971 1234 1016 1288 si
1049 1234 1259 1287 interim
1288 1232 1432 1301 quod
1478 1233 1545 1285 de
1590 1249 1656 1287 eo
1695 1232 1971 1286 sinistrum
2011 1229 2181 1283 videri

591 1338 769 1402 potest
799 1328 1106 1383 relicen:us.
1137 1325 1291 1392 Quod
1331 1341 1461 1380 vero
1490 1324 1664 1379 adhuc
1695 1323 1932 1378 manenti
1957 1322 2073 1391 ejus
2101 1323 2181 1377 in-

592 1419 854 1474 nocentia:
896 1417 1178 1484 suffragari
1223 1425 1424 1485 potest.
1477 1415 1531 1469 in
1557 1414 1907 1483 srqucntibus
1935 1413 2132 1468 dicitur
2163 1431 2176 1466 :

592 1510 721 1572 Quia
745 1501 884 1578 ﬁlius
907 1510 1058 1562 unius
1087 1509 1214 1562 anni
1238 1517 1348 1562 erat
1371 1506 1523 1571 Saul,
1552 1523 1666 1559 cum
1685 1523 1903 1577 regnare
1923 1506 2180 1575 coepisset,

591 1617 634 1661 et
671 1603 867 1658 duobus
897 1603 1053 1657 annis
1083 1604 1315 1673 regnarit
1344 1617 1497 1672 super
1515 1599 1685 1654 Israel
1717 1598 1769 1671 (I
1802 1598 1930 1670 (leg.
1962 1614 2075 1663 xm,
2101 1597 2176 1667 1).

593 1697 650 1750 Si
678 1693 821 1748 enim
851 1692 1062 1747 duobus
1097 1691 1253 1746 annis
1301 1691 1519 1745 humilis
1546 1706 1642 1744 rex
1685 1689 1805 1750 fuit.
1838 1690 2180 1744 immutatum

565 1791 635 1850 ei
660 1799 754 1839 cor
767 1782 1027 1837 asseritur
1049 1797 1145 1852 pro
1165 1781 1352 1850 vigore
1369 1765 1658 1850 propositi,
1683 1795 1793 1833 non
1815 1793 1913 1851 pro
1941 1779 2091 1832 novit
2108 1787 2180 1833 ite

589 1871 834 1927 tumoris.
865 1869 922 1923 lu
942 1885 1008 1924 eo
1025 1885 1153 1939 ergo
1176 1869 1318 1939 quod
1338 1870 1675 1922 immutatum
1707 1885 1802 1922 cor
1829 1867 1956 1923 Saul
1980 1867 2099 1920 hahi
2121 1883 2182 1923 re

579 1939 807 2032 dicitur,
838 1960 990 2015 novis
1021 1959 1458 2030 prmdicaloribus
1474 1967 1674 2014 sanctae
1706 1957 1957 2013 Ecclesia:
1977 1958 2179 2012 simila-

589 2066 690 2114 lllr,
735 2049 825 2119 qui
855 2065 924 2104 cu
945 2065 977 2102 ιι
1024 2049 1266 2104 ordinem
1306 2048 1703 2118 przedicationis
1751 2048 2042 2118 accipiunt,
2085 2062 2182 2116 per

571 2141 816 2196 divinam
845 2140 1069 2208 gratiam
1102 2139 1356 2194 meliores
1388 2137 1539 2192 fiunt.
1571 2137 1786 2192 Samuel
1820 2139 2018 2208 quippe
2047 2137 2177 2192 Saul

579 2235 636 2286 :iu
669 2231 964 2300 principem
1016 2230 1190 2300 unxit,
1221 2230 1364 2286 Deus
1391 2238 1569 2285 autem
1600 2231 1649 2285 ei
1692 2246 1787 2286 cor
1814 2231 1956 2284 aliut
1989 2232 2179 2283 imum-

593 2324 740 2384 tavit,
773 2323 897 2391 quia
928 2337 1204 2378 sacrorum
1236 2323 1490 2377 ordinum
1540 2332 1877 2378 sacramenta
1905 2319 1972 2376 ab
1999 2321 2180 2378 Ecl-lc-

586 2415 681 2467 size
727 2415 1046 2469 docto:ibus’
1079 2414 1210 2470 foris
1238 2414 1550 2484 accipimus,
1583 2414 1674 2468 sed
1719 2420 2177 2469 sacramentorum

587 2503 786 2556 virtu'c
815 2503 883 2556 ab
904 2502 1278 2572 omnipotente
1308 2503 1420 2558 Deo
1449 2501 1674 2558 interius
1703 2502 2039 2556 roborantur.
2067 2501 2182 2556 Vir-

585 2605 671 2670 tus
713 2608 842 2648 vero
871 2594 1200 2648 sacramenti
1245 2594 1418 2664 gratia
1447 2602 1531 2648 est.
1566 2593 1785 2663 Spiritus
1825 2591 2175 2662 scptiformis.

577 2685 752 2751 Quam
774 2691 922 2739 certe
950 2684 1178 2754 gratiam
1208 2684 1298 2753 qui
1322 2684 1609 2754 accipiu-it,
1640 2682 1794 2752 quasi
1817 2681 1924 2735 alio
1951 2691 2176 2751 accepto

578 2775 744 2829 corde
772 2774 1142 2839 immutantur,
1175 2774 1299 2844 quia
1329 2789 1464 2843 quos
1493 2773 1665 2842 gratia
1691 2789 1786 2826 sua
1811 2780 2027 2827 sanctus
2056 2771 2178 2842 Spi-

588 2865 724 2919 titus
753 2865 991 2930 roborat,
1023 2880 1142 2921 esse
1156 2880 1249 2920 eos
1271 2863 1396 2919 facit
1421 2863 1662 2933 protinus
1686 2862 1831 2933 quod
1863 2878 1971 2917 non
1995 2871 2172 2918 erant.

575 2954 674 3012 Sic
689 2955 938 3010 nimirum
962 2963 1016 3010 et
1032 2953 1404 3024 Redemptoris
1420 2953 1668 3023 discipuli
1691 2962 1816 3007 ante
1840 2952 2173 3019 metuebant;

582 3040 678 3100 sed
709 3046 796 3102 ubi
819 3061 916 3115 per
946 3045 1233 3100 adventum
1251 3043 1422 3099 sancti
1443 3043 1672 3112 Spiritus
1695 3058 1791 3098 cor
1812 3041 1953 3096 aliud
1971 3041 2050 3095 eis
2073 3042 2173 3095 im-

2285 503 2434 572 piius
2463 511 2669 556 attente
2699 504 3014 572 conspiciat,
3055 503 3306 559 videlicet
3351 505 3397 558 si
3443 505 3691 575 exemplo
3719 507 3846 562 viro-

2283 606 2400 648 rum
2424 594 2585 648 salire
2629 593 2740 662 jatn
2769 609 2989 664 magnas
3028 594 3213 649 foveas
3251 595 3404 650 sciat.
3439 595 3684 665 Sequens
3705 599 3850 652 etiam

2281 685 2490 753 signum
2531 693 2845 754 cognoscat,
2888 685 2934 739 si
2976 685 3043 740 ad
3065 700 3320 754 quercum
3350 685 3573 742 Thabor
3603 697 3705 742 tres
3724 690 3852 743 viros

2282 776 2472 832 obvios
2499 777 2707 844 habuit,
2738 792 2876 847 quos
2903 777 3088 833 bardos
3117 785 3169 832 et
3199 779 3352 848 panis
3376 786 3546 833 tortas
3574 788 3780 848 portare
3805 782 3850 835 in

2282 867 2466 922 Bcthel
2507 867 2575 922 ad
2626 867 2846 922 domum
2898 868 3109 923 Domini
3163 869 3312 935 vidit,
3359 870 3403 923 si
3449 886 3619 939 panes
3647 870 3771 924 duos
3799 873 3853 926 de

2282 971 2467 1011 eorum
2494 957 2743 1012 manibus
2765 960 2992 1029 accepit.
3027 958 3269 1013 Tertium
3302 960 3651 1015 nihilominus
3675 962 3851 1026 tideat,

2281 1048 2324 1104 si
2371 1047 2440 1102 ad
2487 1049 2680 1103 collem
2711 1047 2922 1102 Domini
2953 1050 3099 1104 venit
3121 1090 3136 1113 ,
3173 1050 3218 1103 si
3247 1051 3643 1120 prophetantes
3671 1068 3854 1108 cuneos

2282 1138 2520 1209 aspexit,
2552 1139 2596 1193 si
2624 1139 2676 1193 in
2709 1156 2830 1193 eum
2861 1140 3082 1209 spiritus
3121 1141 3332 1196 Domini
3363 1142 3590 1196 insilivit
3616 1151 3672 1197 et
3698 1143 3750 1199 in
3776 1160 3856 1198 eo-

2283 1243 2401 1282 rum
2436 1229 2612 1284 mcdio
2643 1229 2971 1299 prophetare
3005 1229 3117 1298 jam
3168 1231 3355 1300 p05sit.
3389 1230 3460 1285 Et
3485 1232 3632 1287 viros
3659 1233 3858 1301 quidem

2281 1325 2535 1380 salientes
2562 1324 2745 1380 foveas
2777 1325 2926 1392 vidit,
2952 1326 2996 1380 si
3027 1327 3384 1395 perfectorum
3408 1328 3664 1398 exemplo
3693 1331 3858 1383 omnia

2286 1416 2469 1471 saeculi
2507 1416 2787 1471 c0ufutare
2817 1415 2934 1485 jam
2964 1417 3171 1472 didicit.
3215 1418 3293 1471 Ad
3340 1434 3600 1487 quercum
3661 1419 3861 1474 Thahor

2284 1507 2467 1571 venit,
2523 1506 2567 1561 si
2625 1507 3058 1576 contemplativa:
3119 1508 3242 1562 vita:
3290 1509 3664 1564 fortitudinem
3713 1523 3862 1580 atque

2282 1598 2648 1653 atnmnitatcm
2677 1599 2909 1668 experiri
2945 1599 3060 1668 jam
3092 1601 3258 1655 novit.
3286 1600 3341 1656 lu
3385 1619 3493 1672 qua
3521 1612 3576 1657 et
3608 1602 3790 1658 hmdos
3816 1614 3865 1658 ct

2280 1690 2436 1760 panis
2472 1698 2643 1744 tortas
2681 1698 2736 1744 et
2783 1691 2965 1745 vinum
3019 1690 3085 1746 ad
3139 1692 3420 1749 Dominu:n
3461 1703 3744 1764 portantes
3786 1711 3866 1750 as-

2214 1808 2259 1867 Β
2287 1780 2454 1850 perit,
2481 1780 2606 1849 quia
2653 1779 2720 1834 ab
2765 1781 3097 1835 amatoribus
3141 1782 3265 1837 vita:
3293 1785 3730 1852 contemplativa}
3761 1785 3863 1854 jam

2285 1871 2490 1937 didicit,
2519 1879 2571 1925 et
2600 1878 2946 1940 peccatorem
2986 1888 3045 1926 se
3072 1872 3438 1927 indesinenter
3460 1889 3776 1943 agnoscere,
3815 1886 3865 1932 et

2284 1975 2382 2029 pro
2411 1959 2611 2014 eisdem
2645 1961 2878 2030 peccatis
2908 1977 3126 2017 carnem
3166 1961 3429 2032 affligere,
3462 1973 3520 2019 et.
3566 1966 3865 2023 afflictionis

2283 2065 2394 2104 sum
2425 2050 2668 2105 dolorem
2698 2052 3055 2122 omnipotenti
3085 2053 3196 2108 Deo
3225 2063 3501 2122 gratanter
3541 2056 3759 2113 offerre.
3791 2061 3864 2112 Ad

2282 2142 2367 2197 col
2389 2157 2474 2196 em
2526 2142 2736 2196 Domini
2783 2146 2952 2212 venit,
2981 2145 3026 2200 si
3064 2145 3131 2199 ad
3161 2147 3454 2201 revelatam
3486 2148 3730 2204 intimam
3765 2149 3863 2205 Re-

2282 2231 2578 2301 demptoris
2607 2231 2836 2301 gloriam
2885 2243 2980 2289 aut
3024 2234 3426 2306 Scripturarum
3457 2239 3742 2294 sublimem
3789 2242 3865 2295 in-

2283 2322 2373 2376 tell
2411 2331 2556 2376 ctum
2608 2323 2940 2393 protieicndo
2983 2327 3319 2382 conscindit.
3378 2329 3607 2383 Ubvium
3660 2345 3868 2400 gregem

2282 2412 2666 2480 prophetarum
2690 2412 2898 2478 habuit,
2931 2415 2974 2469 si
3005 2417 3416 2486 prtedscatorum
3454 2431 3661 2476 sancta:
3687 2421 3869 2478 Eccle-

2281 2503 2375 2560 sire
2403 2505 2726 2560 concordem
2749 2507 3026 2562 scientiam
3047 2508 3330 2564 intellexit.
3353 2509 3411 2565 In
3434 2528 3668 2582 quorum
3695 2519 3869 2572 medio

2281 2593 2607 2650 insilientem
2657 2597 2710 2651 in
2757 2612 2818 2653 se
2863 2599 3110 2668 spiritum
3157 2601 3369 2656 Domini
3417 2605 3610 2668 servit,
3645 2616 3667 2640 δ’
3700 2607 3752 2662 in
3784 2608 3866 2663 illa

2278 2686 2539 2743 ineffabili
2589 2691 2857 2746 suavitate
2908 2693 3135 2748 internre
3179 2697 3530 2765 experientia:
3575 2700 3631 2754 in
3686 2715 3748 2756 se
3774 2703 3866 2756 do-

2279 2791 2409 2831 num
2453 2780 2884 2849 supervenientis
2912 2781 3209 2838 divi..itatis
3235 2786 3473 2853 agnovit,
3506 2796 3564 2842 ct
3585 2798 3729 2844 nota:
3755 2805 3872 2859 gra-

2280 2868 2366 2922 tiae
2414 2868 2798 2925 abundantiam
2869 2872 3136 2941 loquendo
3200 2874 3406 2930 effudit.
3463 2877 3594 2935 lliec
3661 2884 3869 2950 quoties

2279 2961 2447 3014 sancti
2473 2961 2855 3030 pncdicatores
2884 2964 3215 3035 imperfectis
3246 2969 3403 3024 nobis
3428 2972 3741 3039 ostendunt,
3778 2990 3869 3042 per

2280 3051 2601 3117 doctrinam,
2653 3071 2760 3125 qua
2802 3071 2900 3111 nos
2923 3057 3263 3126 illuminant,
3307 3062 3461 3130 quasi
3508 3063 3866 3118 clarissimum

574 3147 844 3192 mutatum
884 3146 995 3202 est,
1053 3137 1278 3191 verbum
1307 3135 1406 3189 Dei
1440 3150 1560 3189 cum
1589 3132 1780 3188 tilucia
1812 3131 2176 3201 praedicabant
2205 3163 2250 3224 ρ
2281 3145 2420 3200 diem
2460 3147 2712 3217 produnt.
2747 3148 2814 3203 Et,
2857 3150 2955 3205 ista
3005 3151 3224 3220 quidem
3255 3156 3436 3208 omn'a
3488 3153 3600 3223 jam
3638 3159 3866 3227 promoti

575 3233 718 3295 μοι.
751 3246 831 3294 tv,
859 3230 970 3299 ⁸51).
1029 3227 1188 3282 Aliud
1216 3229 1415 3298 quippe
1445 3227 1584 3280 Deus
1611 3241 1705 3280 cor
1739 3226 1818 3280 eis
1848 3225 2170 3291 immutavit,

581 3319 774 3388 quibus
804 3319 1104 3388 linguarum
1155 3317 1393 3372 omnium
1430 3314 1680 3386 peritiam
1726 3315 1910 3368 tribuit
1947 3315 2083 3384 (Act.
2115 3331 2170 3379 ιι,

570 3411 658 3478 6).
692 3409 848 3464 Aliud
877 3410 1076 3478 quippe
1113 3425 1209 3464 cor
1237 3409 1315 3464 eis
1346 3409 1644 3463 immulavit
1683 3424 1820 3478 quos
1859 3409 1992 3463 mira
2039 3410 2172 3463 cha-

582 3500 746 3551 ritatc
773 3497 944 3551 induit
973 3505 1030 3552 et
1059 3499 1108 3552 vi
1141 3507 1311 3552 tutrnn
1345 3498 1584 3552 omnium
1620 3497 1996 3568 splendoribus
2026 3500 2174 3554 illus-

572 3570 757 3643 travit.
776 3589 843 3643 Et
872 3589 1184 3657 notandum,
1216 3591 1340 3660 quia
1375 3600 1500 3646 tunc
1528 3591 1577 3646 ei
1609 3592 1749 3647 Deus
1775 3609 1871 3648 cor
1901 3593 2046 3648 aliud
2070 3595 2170 3648 im-

572 3681 826 3745 mutavit,
852 3680 1068 3750 qaando
1093 3689 1147 3734 ut
1172 3681 1345 3735 abiret
1375 3697 1404 3734 a
1427 3682 1688 3751 prOpheta
1712 3683 1992 3738 humerum
2019 3701 2174 3739 aver-

579 3771 662 3824 tit.
691 3769 808 3836 Qua
843 3770 855 3824 i
882 3770 1026 3826 enim
1055 3780 1112 3826 ut
1142 3772 1316 3836 abeat,
1345 3772 1630 3826 humerum
1659 3773 1871 3840 avertit,
1891 3775 2107 3844 quando
2130 3775 2174 3830 is

577 3861 669 3930 qui
685 3861 1081 3930 prmdieationis
1095 3863 1336 3917 ordinem
1351 3863 1598 3933 suscip't,
1623 3863 1671 3918 id
1690 3863 1831 3932 quod
1847 3865 1945 3920 sibi
1959 3865 2025 3920 de
2047 3882 2171 3936 pas-

575 3951 733 4004 torah
775 3952 954 4007 otlicio
977 3953 1280 4023 prmcipitur
1315 3968 1475 4022 agere
1497 3953 1754 4023 disponit.
1781 3954 2026 4025 Disponit
2052 3957 2174 4027 qui-

577 4042 725 4110 dem,
744 4044 837 4099 sed
853 4061 959 4099 non
985 4050 1262 4114 prteva'et,
1286 4047 1326 4100 si
1349 4046 1492 4100 Deus
1509 4046 1558 4101 ei
1583 4062 1678 4100 cor
1694 4045 1838 4100 aliud
1863 4063 1968 4101 non
1982 4048 2175 4102 intutu-

576 4139 674 4197 tet,
708 4134 832 4202 quia
856 4148 1096 4192 summus
1116 4135 1265 4188 locus
1293 4136 1428 4189 bene
1451 4150 1555 4189 non
1575 4135 1800 4202 regitur,
1825 4135 1925 4189 nisi
1946 4139 2172 4192 rectoris

579 4235 733 4276 mens
764 4221 928 4275 divini
959 4223 1196 4277 muneris
1237 4238 1444 4277 sumuta
1496 4223 1666 4290 gratia
1713 4223 2004 4292 repleatur.
2046 4225 2172 4280 Haec

585 4319 787 4385 autem,
807 4311 931 4380 quia
949 4312 998 4367 ei
1018 4313 1068 4366 in
1089 4314 1267 4367 l'uturo
1299 4311 1652 4382 promittitur,
1678 4312 2020 4383 subjunctum
2052 4324 2130 4372 est
2158 4336 2170 4371 :

606 4484 613 4491 _
654 4422 832 4493 (Vt'r.'.
855 4423 968 4494 10.)
989 4423 1055 4478 Et
1078 4435 1320 4479 venerunt
1341 4425 1388 4479 ei
1403 4425 1576 4479 omnia
1590 4426 1740 4498 signa
1762 4427 1871 4482 haec
1893 4429 1944 4481 in
1961 4430 2042 4484 die
2059 4432 2169 4488 il'a.

2279 3239 2686 3308 prastlicatores,
2728 3256 2812 3310 ex.
2835 3244 3124 3299 cinent'bus
3153 3244 3577 3317 ordinatoribus,
3597 3251 3800 3305 sciunt.

2347 3327 2438 3383 25.
2481 3331 2614 3397 Quia
2658 3347 2786 3401 ergo
2828 3333 2967 3388 diem
3017 3336 3291 3404 signorum
3327 3338 3546 3402 habent,
3581 3343 3866 3397 salubriter

2277 3420 2560 3475 attendant
2594 3423 2640 3477 si
2687 3425 2950 3492 promissa
2997 3427 3146 3495 signa
3179 3425 3289 3495 jam
3338 3429 3571 3484 videant.
3613 3431 3744 3486 Nam
3779 3434 3867 3503 qui

2277 3511 2462 3566 mundi
2501 3513 2727 3582 gloriam
2759 3525 3110 3572 contemnere
3131 3520 3367 3574 nondum
3399 3520 3585 3575 didicit
3612 3526 3865 3593 primum

2276 3601 2487 3670 signum
2517 3603 2703 3658 audire
2734 3605 3057 3674 promissum
3088 3608 3292 3676 potuit,
3334 3606 3427 3660 sed
3466 3625 3571 3664 non
3601 3612 3738 3666 vidit
3780 3629 3862 3670 os-

2279 3699 2510 3765 tensum.
2546 3691 2603 3747 Si
2625 3696 3059 3765 contemplativa:
3087 3697 3210 3752 vita:
3255 3700 3422 3754 robur
3446 3709 3501 3755 et
3525 3701 3863 3760 du‘cedineru

2278 3783 2472 3852 nescit,
2514 3786 2792 3854 sequentis
2823 3787 2956 3854 signi
2985 3788 3184 3844 bonum
3214 3790 3396 3845 videre
3419 3807 3526 3846 non
3557 3794 3774 3848 meruit.
3812 3797 3867 3850 Si

2277 3875 2327 3927 al
2353 3875 2614 3931 itudiuem
2637 3876 3037 3948 Seripturarum
3061 3896 3158 3951 per
3188 3881 3388 3936 intima:
3416 3883 3739 3940 erudtianis
3768 3902 3867 3940 na-

2280 3968 2453 4022 titiam
2484 3986 2592 4024 non
2641 3971 2974 4038 conscendit,
3013 3973 3081 4028 ad
3115 3974 3308 4029 collem
3358 3973 3568 4030 Domini
3627 3979 3870 4034 nondum

2277 4063 2445 4117 venit.
2491 4062 2549 4118 Si
2576 4066 3009 4134 supervenientis
3037 4066 3091 4120 in
3122 4081 3181 4121 se
3213 4066 3448 4136 Spiritus
3492 4070 3668 4124 sancti
3697 4072 3871 4126 virtu-

2277 4161 2385 4208 tem
2416 4155 2650 4210 nonduai
2677 4157 2859 4221 habet,
2895 4157 3224 4228 prophetare
3253 4174 3360 4212 non
3391 4167 3591 4228 potest.
3619 4159 3752 4217 Sine
3777 4163 3872 4217 illo

2276 4247 2474 4300 etenim
2505 4247 2694 4316 spiritu
2718 4257 2903 4318 pastor
2936 4249 3167 4303 carnalis
3197 4257 3296 4314 est,
3341 4260 3397 4304 et
3433 4252 3575 4319 quod
3604 4252 3874 4322 loquitur,

2276 4353 2386 4392 non
2416 4339 2482 4392 ad
2507 4339 2821 4407 dignitatem
2869 4340 3267 4409 prazdieationis
3305 4341 3497 4396 referri
3537 4353 3739 4412 potest,
3775 4349 3874 4400 sel

2278 4429 2344 4482 ad
2374 4444 2561 4483 ausum
2587 4429 2926 4484 temeritat's.
2952 4430 3067 4497 Qua
3095 4445 3225 4500 ergo
3253 4430 3536 4487 formidine
3559 4449 3660 4489 nos
3686 4451 3738 4489 ιιι
3764 4453 3811 4491 ει
3830 4439 3875 4490 ri

647 4521 735 4576 εί,
771 4523 1024 4579 Doctrina
1055 4525 1256 4579 ειρηῑηι
1302 4525 1458 4580 electi
1493 4527 1878 4596 ρνωιιίοεηοτεε,
1929 4531 2058 4598 quid
2086 4542 2168 4588 ρει
2204 4542 2250 4600 ι)
2279 4521 2466 4575 terreri
2496 4523 2818 4590 possumus?
2853 4521 2996 4577 Ecce
3028 4523 3172 4577 enim
3203 4522 3429 4576 aliorum
3464 4525 3722 4580 duratum
3751 4544 3880 4580 su--

579 4613 742 4680 aliud,
775 4629 938 4684 quam
971 4616 1088 4671 dies
1136 4616 1329 4670 eruditi
1374 4617 1658 4686 discipu‘i?
1706 4618 1837 4673 Nam
1868 4622 1956 4689 qui
1989 4623 2040 4676 in
2082 4623 2170 4678 die

576 4705 834 4770 ambulat,
869 4706 1014 4762 videt
1053 4715 1109 4762 et
1137 4707 1297 4777 plana
1345 4723 1464 4778 quae
1493 4711 1752 4776 ambulet,
1787 4719 1842 4766 et
1871 4715 2166 4783 praecipitia

576 4803 695 4864 quae
722 4795 975 4852 declinet.
1003 4797 1093 4853 Sic
1115 4799 1384 4864 nimirum,
1408 4800 1534 4855 dum
1562 4811 1873 4858 sanctorum
1903 4805 2164 4874 prasdica-

579 4895 756 4943 torum
770 4888 1030 4947 doctrinis
1057 4891 1448 4961 illuminamnr,
1468 4893 1615 4962 quod
1647 4895 1915 4962 agendum
1939 4908 1994 4951 et
2018 4899 2173 4966 quod.

577 4977 850 5033 vitandum
895 4988 978 5036 est
1032 4987 1281 5050 patenter
1323 4982 1630 5052 aspicimus.
1675 4983 1734 5040 ιιι
1764 4985 1854 5040 illa
1906 5001 2035 5056 ergo
2078 4989 2166 5044 die

578 5089 684 5145 qua
718 5077 978 5145 propheta
1007 5079 1284 5148 prtedicat,
1309 5080 1484 5136 bonus
1505 5081 1722 5137 auditor
1749 5098 1862 5138 sua:
1890 5086 2170 5144 electionis

578 5166 730 5231 signa
759 5167 1008 5238 percipit,
1048 5169 1140 5237 qui
1187 5171 1241 5224 in
1295 5185 1356 5226 se
1394 5188 1457 5226 ea
1507 5172 1767 5226 virtutum
1823 5173 1966 5230 dona
2007 5177 2165 5248 247

577 5257 845 5327 conspicit
890 5274 1010 5330 qua:
1037 5269 1162 5314 ante
1186 5261 1236 5316 ei
1273 5259 1504 5316 allatura
1551 5278 1682 5318 suus
1727 5265 2052 5334 praidieator
2078 5283 2168 5322 os-

579 5347 770 5403 tendit.
803 5346 964 5417 Signa
1013 5350 1229 5419 quidem
1277 5358 1420 5416 sunt,
1456 5352 1581 5421 quia
1615 5368 1711 5422 per
1757 5355 1872 5410 lucc
1899 5370 1957 5410 se
1995 5371 2025 5410 a
2055 5356 2166 5413 Deo

535 5435 538 5438 ’
579 5438 783 5494 electos
812 5438 1117 5510 intelligunt
1139 5442 1230 5510 qui
1261 5444 1326 5497 ad
1349 5443 1746 5511 praedicationis
1766 5445 2011 5501 ordinem
2035 5463 2160 5516 pro-

579 5540 882 5588 moventur.
918 5521 1147 5588 Unétum
1173 5547 1302 5602 ergo
1331 5549 1391 5588 se
1428 5535 1622 5605 aliquis
1652 5537 1717 5589 ad
1739 5535 1991 5592 Ecclesiae
2015 5540 2162 5608 prin-

579 5620 814 5690 cipatum
843 5637 952 5678 non
983 5632 1181 5690 teneat,
1222 5624 1313 5693 qui
1342 5623 1447 5679 diei
1479 5625 1618 5680 illius
1652 5627 1802 5697 signa
1833 5628 2021 5684 adesse
2049 5645 2161 5685 non

651 5759 678 5788 ⁸
721 5749 889 5811 Vatic.
921 5760 977 5809 et
1001 5749 1189 5822 Gilot.,
1213 5753 1258 5808 si
1278 5752 1369 5807 illa
1395 5754 1646 5824 ἱιιςῙῙαθὶιὶ
1673 5757 1946 5825 sttaritate,
1974 5764 2079 5811 etc.

2277 4610 2540 4685 cepimus,
2575 4613 2666 4681 qui
2698 4612 2949 4685 virtutem
2980 4613 3215 4682 suscepti
3241 4613 3513 4682 regiininis
3535 4633 3664 4682 non
3698 4618 3876 4674 habe-

2275 4714 2414 4754 mus.
2444 4698 2606 4769 Signa
2647 4701 2941 4771 spiritualis
2969 4702 3294 4772 prmlationis
3341 4704 3647 4762 audivimus
3672 4725 3796 4773 «μιν
3823 4711 3877 4763 in

2275 4791 2428 4846 nobis
2451 4794 2741 4861 perlucent
2769 4795 3118 4863 experientize
3165 4810 3274 4848 non
3315 4795 3579 4863 videmus.
3627 4797 3875 4855 Terrena

2271 4884 2736 4952 concupiscimus,
2790 4886 2934 4940 curis
2986 4886 3346 4942 exterioribus
3393 4903 3766 4957 occtpatnur,
3821 4905 3875 4944 «ι

2273 4981 2422 5029 tanto
2452 4975 2662 5044 longius
2693 4992 2722 5030 a
2765 4979 2970 5034 caelesti
3016 4981 3477 5049 contemplatione
3528 4984 3880 5052 rcpe'limur,

2271 5075 2475 5136 quanto
2527 5076 2862 5123 terrenarum
2901 5078 3115 5125 actuum
3157 5071 3523 5126 sollicitudine
3555 5089 3877 5142 praegrava-

2269 5171 2410 5210 mur.
2432 5156 2544 5213 Hac
2557 5173 2775 5228 quoque
2804 5169 3031 5217 terrena:
3053 5161 3171 5217 vita!
3194 5162 3336 5216 mole
3359 5163 3624 5233 depressi,
3649 5169 3883 5234 quando

2272 5245 2422 5301 illum
2452 5249 2796 5318 splendorem
2826 5252 3027 5306 intima:
3073 5252 3257 5321 gloriae
3291 5252 3674 5324 Redemptoris
3703 5258 3882 5311 attin-

2271 5361 2419 5418 gere,
2450 5350 2666 5420 quando
2692 5353 2760 5408 ad
2791 5353 3083 5409 altissimos
3107 5363 3419 5410 sanctarum
3460 5354 3880 5426 Seriptmarum

2271 5465 2462 5506 sensus
2488 5467 2774 5523 possumus
2808 5456 3133 5525 pervenire?
3185 5456 3294 5512 Sed
3327 5466 3383 5510 et
3429 5459 3694 5523 cmlestia,
3747 5476 3880 5529 qua:

2269 5543 2560 5614 nescimus,
2609 5545 2756 5617 loqui
2800 5547 2953 5616 quasi
3001 5557 3128 5602 nota
3176 5550 3880 5620 non,possumus.l-Itqni

2269 5646 2366 5702 per
2398 5635 2633 5704 quietem
2695 5637 2868 5693 amori
2907 5637 3133 5694 internae
3181 5638 3306 5694 vitae
3350 5654 3551 5696 vacare
3591 5641 3879 5708 nolumus,
