3962 6328
76 348 139 400 50
150 349 164 399 l

898 335 960 388 IN
1005 332 1258 388 PRIMUM
1303 327 1541 384 REGUM
1585 324 2095 383 EXPOSlTlUNES.
2139 358 2210 368 —
2251 329 2374 384 Llll.
2421 331 2507 384 IV.

3239 337 3342 391 30']

77 453 387 512 insilientem
411 450 465 504 in
486 448 842 518 nosspithum
869 446 1076 500 Domini
1102 439 1653 498 nonsentimus.NoIa
1686 437 1733 498 A
1764 435 1811 491 Ι.
1847 438 1966 493 Cor.
2001 456 2076 500 ut.
2123 441 2198 510 7).
2253 441 2396 497 Talis
2424 451 2560 499 erat.
2613 443 2703 514 qui
2735 444 3084 513 gloriabatur,
3116 449 3299 507 dicens
3328 470 3346 506 :

77 561 193 614 ergo
213 553 267 599 et
291 558 400 597 non
430 541 613 594 habita
642 541 791 604 signa
824 553 922 591 nos
953 547 1192 591 terreant
1225 553 1238 588 :
1264 542 1322 590 ut
1347 549 1471 589 cum
1495 532 1658 604 248

77 652 164 707 pro
216 632 562 701 negligentia:
606 637 804 684 008"".1!
834 628 1194 682 immensitate
1224 625 1653 696 compungimur,

76 730 312 780 \irtutcm
342 721 580 790 suscepti
610 719 811 775 ordinis
837 734 935 789 per
956 717 990 770 fl
1028 728 1113 771 tus
1136 725 1191 770 et
1213 717 1446 771 lamenta
1474 714 1657 783 requi-

78 830 266 870 ramus.
299 811 439 866 Hinc
470 810 754 864 Psalmisla
783 823 918 862 voce
949 807 1282 860 infirmorum
1309 803 1556 874 deplorat
1578 804 1657 858 di-

77 903 407 975 cens:Signa
437 911 622 956 nostra
642 917 746 954 non
787 899 1023 962 uidimus,
1043 898 1156 968 jam
1177 913 1281 951 non
1301 905 1377 950 est
1406 895 1658 965 propheta

81 995 238 1050 lPsal.
266 1010 451 1058 usui,
485 992 564 1062 9).
608 991 739 1046 Nam
775 991 1040 1061 propheta
1080 996 1183 1055 est,
1231 1001 1351 1042 cum
1375 985 1484 1055 jam
1511 985 1656 1039 dicta

75 1091 177 1144 lucc
195 1087 493 1159 prophetiae
513 1086 661 1154 signa
673 1084 723 1138 ei
745 1083 936 1138 adesse
956 1080 1334 1151 praevidentur.
1353 1080 1410 1134 Si
1431 1093 1559 1147 ergo
1589 1077 1657 1133 ad

75 1178 274 1233 culmen
295 1175 626 1246 prarlationis
647 1173 956 1240 assumitur,
980 1187 1087 1228 non
1109 1187 1170 1227 se
1196 1171 1552 1240 teneat,quod
1577 1177 1660 1224 est

75 1269 349 1324 altiudinc
377 1265 600 1331 ordinis,
643 1265 736 1320 sed
759 1265 904 1334 quod
951 1271 1034 1317 cst
1061 1263 1257 1318 virtute
1287 1262 1420 1333 pert.
1439 1262 1652 1316 clionis.

74 1360 216 1414 Dicat
231 1373 357 1428 ergo
375 1377 387 1410 :
404 1357 572 1428 Signa
592 1364 772 1411 nostra
792 1370 895 1408 non
913 1354 1153 1417 vidimus,
1174 1354 1290 1422 jam
1311 1369 1414 1406 non
1440 1360 1515 1406 est
1535 1369 1652 1422 pro-

73 1453 234 1520 pheta.
260 1450 424 1518 Qnasi
452 1451 632 1504 dicat:
657 1448 788 1504 Esse
820 1463 961 1503 nunc
982 1448 1303 1518 prophetam
1333 1446 1589 1514 dicerem,
1611 1447 1656 1502 si

72 1546 206 1598 dona
225 1545 446 1614 Spiritus
471 1557 774 1607 cernerem,
796 1541 988 1610 quibus
1011 1541 1287 1610 propheta:
1307 1555 1538 1610 persona
1558 1539 1658 1594 ful-

72 1651 190 1704 gere
227 1635 348 1689 debt
368 1643 408 1690 t.
433 1633 533 1700 Qni
569 1646 697 1700 ergo
726 1632 957 1701 suscepti
987 1630 1190 1685 ordinis
1212 1630 1500 1700 pastoralis
1528 1645 1656 1700 per-

73 1723 352 1778 fectionem
374 1723 579 1777 audivit
603 1737 764 1791 quam
794 1721 848 1775 in
896 1736 956 1776 se
993 1721 1238 1777 obtinere
1286 1721 1518 1777 vivendo
1549 1737 1655 1776 non

1761 528 1875 585 Nos
1897 542 2065 587 autem
2109 535 2329 589 revelata
2359 538 2388 607 f
2402 537 2493 589 .cie
2535 538 2754 608 gloriam
2787 537 2885 593 Dei
2910 542 3254 609 speculantes,
3296 548 3351 599 in

1759 624 1990 677 eamdem
2043 625 2322 695 imaginem
2373 631 2822 699 transformamur,
2877 638 3123 702 tanquam
3175 650 3208 686 a
3240 632 3350 686 Do-

1761 714 1889 767 mini
1923 717 2108 786 spiritu
2135 716 2188 787 (l
2219 715 2337 771 Cor.
2371 734 2445 780 Ill,
2483 719 2594 790 l8).
2627 719 2784 774 Tales
2807 721 2993 791 utique
3014 731 3352 793 erant,quas
3397 725 3401 731 ’

1762 806 1994 875 Spiritus
2038 817 2256 863 Sanctus
2298 813 2620 879 repleverat.
2658 809 2810 866 Unde
2838 819 2894 867 et
2933 814 3025 882 qui
3057 814 3107 868 in
3135 814 3355 871 Jerusa-

1763 905 1866 958 lem
1922 910 2306 966 convcneranl,
2364 902 2930 959 admiranteSCdicunt
2967 923 2980 958 :
3023 905 3217 961 Nonne
3243 907 3352 968 isti,

1760 995 1845 1064 qui
1875 993 2168 1060 loquuntur,
2194 993 2400 1048 (ἔτιιὶΙωὶ
2425 1003 2544 1047 sunt
2575 994 2712 1064 (Act.
2740 1011 2799 1057 ll,
2825 995 2918 1064 7)?
2945 995 3353 1066 [interrogabant

1760 1085 1978 1156 quippe,
2007 1094 2062 1139 ul
2092 1085 2296 1140 scirent
2323 1085 2470 1155 quod
2499 1086 2810 1150 audiebant,
2839 1097 2894 1139 et
2921 1087 3064 1141 scire
3106 1104 3212 1141 non
3255 1103 3354 1156 p0-

1762 1185 1955 1232 terant.
1986 1176 2087 1241 Qui
2110 1183 2290 1231 autcm
2321 1187 2583 1231 noverant
2609 1176 2760 1241 Saul,
2792 1180 2858 1233 dc
2888 1194 2947 1233 re
2969 1195 3088 1248 qua:
3116 1180 3166 1234 ei
3198 1181 3348 1236 acci-

1761 1269 1839 1324 dit
1868 1270 2196 1324 admirantes
2242 1269 2604 1338 interrogant;
2655 1270 2781 1337 quia
2827 1285 2923 1324 eos
2960 1271 3250 1339 aliquando
3297 1272 3352 1326 in

1763 1359 2035 1414 humiliori
2061 1359 2250 1414 ordine
2274 1365 2476 1413 sancta:
2506 1357 2762 1412 Ecclesia:
2790 1358 3022 1414 humiles
3045 1369 3100 1412 et
3125 1359 3351 1429 despec-

1765 1457 1848 1504 tos
1871 1449 2160 1510 cernimus,
2194 1448 2354 1520 25,9
2390 1462 2528 1519 quos
2575 1448 2700 1503 dum
2747 1454 2969 1502 sanctus
3014 1448 3244 1518 Spiritus
3282 1450 3351 1503 ad

1761 1540 2004 1596 ordinem
2036 1539 2430 1610 prtedicationis
2481 1539 2725 1602 assumit,
2782 1539 3075 1606 gratiarum
3129 1554 3350 1594 suarum

1759 1631 2138 1702 splendoribus
2188 1630 2360 1684 induit
2385 1637 2442 1684 ct
2471 1630 2523 1684 in
2552 1628 2760 1684 eisdem
2789 1629 3166 1700 splendoribus
3193 1630 3358 1684 mira-

1761 1723 1898 1778 biles
1931 1721 2186 1777 ostendit.
2210 1721 2316 1776 Sed
2346 1722 2483 1776 bene
2511 1729 2819 1776 sanctorum
2841 1721 3069 1775 virtutes
3109 1719 3349 1776 admira-

74 1814 292 1880 meruit,
333 1814 561 1869 idoneus
589 1820 790 1868 sancta:
818 1809 1069 1866 Ecclesia:
1095 1811 1288 1868 doctor
1313 1828 1418 1865 non
1462 1822 1564 1867 est.
1598 1812 1656 1865 lu
1689 1814 1735 1876 Β
1764 1827 1902 1876 mur,
1934 1827 2056 1866 cum
2079 1827 2173 1868 eas
2199 1811 2426 1866 bonitati
2451 1811 2750 1866 conditoris
2795 1811 3131 1866 sset-ibimus.
3174 1813 3354 1878 Quare

74 1902 238 1972 primo
259 1903 424 1972 igitur
443 1917 590 1972 rege,
609 1910 886 1972 pastorum
913 1903 1151 1959 om:.ium
1173 1910 1374 1958 sancta:
1406 1901 1659 1956 Ecclesia:

73 1996 338 2063 proiectus
369 1995 687 2060 ostenditur,
739 1997 866 2053 dum
895 1998 1088 2053 dicitur
1120 2013 1133 2049 :
1176 1996 1432 2049 Venerunt
1472 1995 1518 2048 ei
1548 2008 1653 2045 om-

71 2091 155 2143 nia
183 2090 334 2159 signa
373 2089 483 2142 lucc
533 2090 587 2142 in
619 2089 702 2143 die
748 2089 862 2143 illa.
918 2088 987 2142 Et
1041 2088 1164 2158 quia
1195 2087 1336 2141 idem
1384 2072 1659 2156 profectus

72 2184 359 2252 electorum
389 2180 803 2250 praedicatorum
834 2181 1093 2235 mirabilis
1121 2188 1231 2244 est,
1263 2177 1542 2248 sequitur:

136 2271 308 2342 {Ven-5.
345 2271 457 2342 ll.)
491 2271 731 2325 Videntes
761 2281 931 2324 autem
962 2287 1095 2333 eum,
1126 2271 1212 2340 qui
1255 2276 1503 2323 nouerant
1534 2283 1646 2320 eum

77 2364 174 2416 heri
193 2370 241 2415 et
263 2361 653 2425 nudiustertius,
685 2361 822 2431 quod
851 2369 985 2415 esset
1009 2377 1125 2413 cum
1153 2359 1439 2430 prophetis,
1471 2367 1517 2411 et
1538 2374 1659 2428 pro-

72 2453 315 2521 phetaret,
348 2452 592 2506 dixerunt
631 2453 700 2505 ad
738 2453 954 2506 invicem
983 2468 1002 2507 :
1033 2452 1281 2519 Qttwnam
1311 2467 1392 2506 res
1421 2460 1518 2517 est,
1547 2462 1662 2521 qua?

73 2545 250 2598 accidit
273 2544 384 2612 ﬁlio
405 2542 494 2598 Ci:
509 2545 534 2597 1’
561 2541 703 2596 Num
735 2544 866 2597 Saul
888 2545 1025 2597 inter
1049 2542 1365 2613 praphelas?
1549 2549 1554 2554 '

139 2635 222 2689 26.
250 2633 388 2702 Quid
417 2645 520 2700 est,
553 2634 698 2704 quod
725 2633 908 2689 dicunt
939 2652 953 2687 :
984 2635 1113 2702 Qua:
1138 2651 1220 2688 res
1248 2644 1343 2699 est,
1377 2651 1495 2705 qua:
1522 2635 1662 2688 acci-

79 2729 171 2793 dit,
212 2727 313 2782 nisi
360 2726 520 2782 Valde
567 2725 843 2791 admirari,
873 2725 1015 2795 quod
1062 2721 1130 2781 ab
1167 2727 1247 2781 eis
1291 2743 1396 2781 non
1449 2735 1665 2797 poterat

73 2819 482 2891 comprehendi?
535 2817 818 2873 llominem
866 2817 1103 2872 hominis
1152 2817 1318 2872 filium
1372 2826 1657 2884 noverant,

75 2913 341 2982 pmphetis
387 2911 655 2967 sociatum
703 2910 956 2966 videbant
990 2928 1003 2963 :
1036 2909 1311 2964 carnalem
1362 2918 1658 2976 noverant,

73 3003 397 3072 spiritualcm
428 3000 685 3056 videbant
719 3017 732 3053 :
761 2999 1062 3070 simplicem
1103 3007 1384 3065 noverant,
1427 2998 1662 3069 prophe-

75 3102 177 3146 tam
204 3092 478 3146 videbant.
521 3089 716 3144 Dicunt
737 3102 866 3157 ergo
896 3105 909 3143 :
945 3088 1192 3155 Quianam
1216 3104 1298 3142 res
1327 3088 1516 3141 accidit
1545 3088 1657 3156 ﬁlio

1761 1915 1818 1962 et
1856 1909 2064 1977 Moyses
2089 1905 2317 1962 Domino
2356 1905 2620 1960 conlitens
2643 1905 2719 1959 ait
2752 1922 2765 1958 :
2798 1902 2923 1968 Quis
2952 1905 3136 1958 similis
3168 1905 3258 1959 tibi
3294 1906 3353 1958 in

1759 1997 1880 2063 diis,
1907 1997 2142 2060 Domine,
2162 1998 2274 2067 quis
2291 1996 2475 2050 similis
2494 1995 2583 2049 tibi
2605 1996 2860 2067 gloriosus
2875 1995 2927 2048 iu
2951 1996 3167 2062 sanctis,
3190 1995 3324 2048 mira
3340 2023 3355 2032 ο

1762 2090 1880 2144 bilis
1907 2092 1962 2144 in
1994 2091 2294 2160 majestate,
2349 2091 2546 2160 faciens
2595 2088 2833 2158 prodigia
2887 2087 3081 2160 (Exod.
3118 2105 3207 2155 xv,
3238 2087 3353 2156 ll).

1763 2179 1900 2234 llinc
1924 2179 2205 2235 Psalmista
2236 2179 2368 2234 dicit
2395 2195 2411 2235 ε
2441 2178 2704 2234 Mirabilis
2748 2178 2886 2233 Deus
2912 2180 2969 2233 in
3005 2181 3202 2233 sanctis
3224 2180 3353 2240 suis,

1767 2274 1881 2343 ipse
1907 2273 2054 2326 dabit
2091 2274 2350 2337 virtutem,
2391 2279 2439 2326 el
2471 2271 2827 2344 fortitudinem
2855 2270 2992 2340 plebi
3030 2286 3140 2324 sua:
3181 2268 3356 2338 (Psal.

1765 2379 1933 2431 van,
1973 2365 2099 2434 56)?
2138 2364 2284 2418 Bene
2311 2363 2691 2432 subiungitur:

1849 2456 2026 2525 (Vers.
2057 2456 2170 2524 12.)
2218 2454 2500 2525 Respondit
2526 2455 2658 2508 alter
2685 2456 2753 2507 ad
2783 2454 3024 2518 alterum,
3055 2453 3227 2506 dicens
3251 2468 3268 2505 :
3293 2449 3363 2503 Et

1764 2550 1876 2620 quis
1904 2559 2051 2618 pater
2078 2548 2296 2602 eorum?
2370 2554 2374 2557 '

1833 2638 1924 2693 9.7.
1962 2637 2100 2706 Quid
2126 2651 2208 2692 ea
2236 2636 2378 2706 quod
2412 2637 2692 2708 hucusque
2729 2637 2797 2692 de
2839 2636 2958 2692 solo
2983 2635 3112 2691 Saul
3141 2635 3361 2691 diccba-

1764 2741 1853 2788 tur
1881 2751 1893 2787 :
1921 2732 2172 2798 Qua'nam
2209 2749 2288 2786 res
2327 2733 2519 2786 accidit
2553 2732 2665 2803 ﬁlio
2692 2731 2815 2786 Cis?
2845 2731 2914 2786 Et
2944 2748 3088 2787 nunc
3114 2736 3267 2803 quasi
3289 2725 3360 2789 de

1761 2825 1945 2880 multis
1972 2823 2306 2894 repondelur
2338 2839 2350 2876 ε
2386 2821 2452 2875 Et
2480 2823 2595 2892 quis
2637 2830 2788 2893 pater
2830 2823 3044 2876 eorum?
3071 2822 3178 2878 Sed
3215 2824 3263 2880 si
3293 2823 3360 2878 ad

1763 2915 2040 2970 historiam
2066 2913 2411 2982 intelligatur,
2442 2918 2587 2965 stare
2618 2910 2766 2965 nullo
2795 2911 2956 2965 modo
2997 2919 3193 2980 potest.
3225 2911 3364 2965 Res-

1766 3012 1844 3060 tat
1880 3019 2009 3074 ergo
2053 3012 2111 3059 ut
2146 3018 2340 3059 sensus
2380 3003 2472 3072 qui
2512 3002 2709 3056 litera:
2737 3001 2972 3056 demitur
3007 3003 3060 3056 in
3090 3001 3360 3070 spirituali

1763 3097 2160 3167 significatione
2208 3095 2536 3166 requiratur.
2583 3092 2718 3147 Cum
2764 3107 2897 3162 ergo
2953 3093 3148 3148 dicitur
3182 3111 3197 3146 :
3231 3090 3362 3157 Quis

75 3181 195 3238 Cis?
242 3183 343 3249 Qui
397 3196 560 3237 nosse
585 3180 729 3250 quod
760 3178 936 3235 fuerat
980 3187 1231 3250 poterant
1275 3179 1466 3249 :qnod
1517 3186 1656 3244 erat,

1771 3202 1914 3260 pater
1934 3178 2145 3244 eorum?
2173 3187 2288 3242 Non
2313 3186 2489 3242 solum
2515 3185 2643 3240 Saul
2685 3185 3015 3255 prophetans
3038 3185 3356 3246 attenditur,

75 3272 298 3332 qualiter
325 3287 357 3326 e
387 3284 446 3326 se
476 3277 660 3340 posset
685 3269 1023 3339 ignorabant.
1059 3267 1158 3324 llic
1185 3269 1418 3340 denique
1444 3268 1658 3338 profec-

77 3372 159 3417 tus
183 3361 477 3431 spiritualis
525 3360 895 3430 priedicatoris
928 3367 1028 3424 est,
1079 3367 1138 3414 ut
1166 3360 1256 3429 qui
1300 3360 1354 3414 in
1384 3360 1658 3416 communi

79 3456 179 3508 vita
211 3453 504 3524 aliquando
530 3461 689 3508 notus
713 3459 820 3518 est,
852 3452 905 3507 in
932 3468 1013 3520 sui
1033 3451 1195 3508 eriori
1225 3452 1414 3506 ordine
1440 3451 1656 3513 habeat,

76 3548 213 3617 quol
243 3551 540 3615 ignoretur.
572 3543 705 3600 Tres
725 3543 941 3614 quidem
967 3543 1165 3612 gradus
1192 3543 1542 3613 perfectionis
1570 3558 1660 3598 os-

79 3640 218 3695 teusi‘
231 3648 382 3701 sunt,
411 3639 535 3709 quia
561 3637 690 3693 dicit
716 3655 730 3691 :
760 3636 912 3702 fleri,
934 3645 984 3691 et
1014 3638 1408 3691 nudiustertius.
1431 3635 1489 3691 ln
1520 3636 1659 3691 duo-

77 3733 168 3786 bus
190 3731 410 3800 quidem
422 3730 525 3784 diel
549 3746 611 3784 us
632 3730 952 3800 praedicator
963 3731 1292 3800 agnoscitur,
1317 3731 1369 3785 in
1390 3731 1547 3785 tertio
1564 3731 1662 3784 ha-

77 3821 327 3891 betquod
343 3821 504 3877 etiam
527 3821 582 3884 ii,
606 3822 696 3892 qui
719 3830 1002 3886 noverant,
1035 3837 1142 3878 non
1173 3830 1516 3890 cognoscant.
1547 3819 1663 3876 Pri-

80 3929 190 3968 mus
209 3927 448 3982 namque
463 3913 576 3968 dies
589 3911 923 3967 auditoribus
936 3913 1187 3983 pertinet,
1213 3911 1482 3968 secundus
1504 3913 1654 3968 soda.

78 4006 431 4072 libus,tertius
456 4019 538 4060 e.t
569 4006 986 4076 pradicationis.
1004 4005 1238 4061 Primum
1263 4023 1494 4076 namque
1521 4007 1662 4062 diem

77 4109 256 4166 pastor
276 4097 488 4161 habuit,
509 4098 724 4166 quando
754 4097 990 4167 praelatis
1010 4097 1120 4152 suis
1148 4107 1173 4134 α
1202 4097 1495 4167 discipulus
1533 4097 1664 4153 obe-

77 4189 221 4242 divit.
251 4188 414 4255 Quasi
440 4189 582 4242 enim
608 4188 658 4242 in
687 4203 881 4257 magna
913 4187 1034 4242 luce
1074 4188 1334 4253 cernitur,
1366 4190 1455 4256 qui
1487 4189 1537 4243 in
1556 4189 1665 4242 vir-

83 4288 190 4333 tute
219 4279 547 4332 obedientim
568 4277 795 4332 devotus
817 4287 917 4332 εει.
950 4276 1256 4332 Secundqu
1286 4279 1426 4332 diem
1454 4279 1664 4342 habuit,

82 4369 292 4436 quando
340 4370 628 4423 meliorum
675 4368 960 4437 coadjutur
1007 4377 1126 4424 8:86
1170 4368 1280 4437 jun
1329 4370 1511 4439 coepit.
1561 4369 1666 4424 Ista

82 4462 278 4531 quippe
303 4462 523 4517 c'aritas
545 4473 750 4528 magna:
787 4462 1238 4524 conversationis,
1287 4462 1339 4516 in
1369 4464 1666 4516 electorum

1766 3282 1859 3336 sed
1909 3280 2084 3335 omnis
2127 3280 2216 3333 ille
2261 3292 2471 3333 cuneus
2519 3276 2925 3346 prophetarum.
2967 3274 3069 3342 Qui
3107 3275 3360 3330 nimirum

1767 3369 2042 3440 propheta:
2081 3382 2298 3432 omnes,
2337 3366 2463 3437 quia
2499 3364 2661 3420 valde
2689 3365 2998 3435 spirituales
3031 3374 3216 3431 erant,
3250 3381 3358 3420 non

1765 3475 1831 3514 ex
1862 3459 2064 3514 carna'i
2095 3458 2371 3528 progenie,
2395 3455 2488 3511 sed
2516 3469 2581 3511 ex
2605 3455 2809 3528 caelesti
2833 3456 3041 3526 origine
3063 3456 3361 3512 censeban-

1768 3559 1875 3605 tur.
1911 3551 2068 3604 l‘ati-r
2097 3550 2188 3618 qui
2211 3551 2314 3602 lem
2352 3547 2737 3617 proiihetarum
2765 3545 2854 3600 ille
2877 3553 2990 3611 est,
3013 3546 3104 3615 qui
3126 3561 3222 3616 per
3243 3545 3359 3598 Ma-a

1770 3641 1996 3696 lachiam
2037 3639 2304 3708 exquirit,
2335 3638 2522 3691 dicens
2556 3654 2566 3688 :
2602 3637 2661 3690 Si
2704 3635 2958 3690 Dominus
2993 3651 3136 3697 sunt,
3169 3635 3257 3688 ubi
3283 3644 3362 3688 est

1769 3735 1922 3786 timor
1959 3733 2142 3784 meus?
2181 3729 2249 3782 Et
2298 3730 2344 3783 si
2385 3738 2532 3798 pater
2569 3743 2714 3792 sum,
2766 3725 2853 3780 ubi
2900 3737 2975 3780 est
3021 3743 3169 3781 amor
3217 3743 3363 3779 meus

1770 3822 2022 3892 (illalac’t.
2056 3819 2212 3889 1,6)?
2242 3819 2377 3886 Qui.)
2411 3817 2554 3872 enim
2577 3815 2934 3886 omnipotenti
2958 3815 3068 3869 Deo
3091 3815 3142 3868 in
3163 3816 3358 3884 magna

1769 3915 2034 3972 charilate
2063 3911 2336 3980 conjnmti
2361 3917 2503 3974 sunt,
2530 3909 2668 3978 ejus,
2691 3923 2850 3977 quem
2873 3908 3024 3976 quasi
3047 3915 3256 3976 patrem
3285 3907 3369 3960 die

1773 4009 1961 4077 ligant,
1997 4005 2089 4058 lilii
2120 4003 2488 4059 nominantur.
2517 4000 2671 4067 Quod
2701 4014 2855 4054 ama:
2890 3997 3142 4053 Eccles'a:
3173 3997 3366 4067 przcdi-

1770 4097 2048 4155 catoribus
2086 4103 2240 4150 tanto
2279 4092 2562 4149 decentius
2607 4090 2861 4147 convenit
2897 4098 3102 4159 quanto
3139 4089 3229 4144 ille
3267 4103 3370 4143 eos

1775 4192 1825 4244 in
1856 4188 2134 4244 caelestem
2175 4185 2508 4240 nobilitatem
2539 4182 2696 4236 altius
2725 4181 2936 4248 extulit,
2971 4180 3060 4251 qui
3090 4180 3169 4234 cis
3198 4178 3364 4234 clari-

1776 4292 1940 4336 tatem
1972 4280 2103 4334 lanti
2144 4277 2354 4345 generis
2402 4276 2452 4329 in
2484 4274 2654 4329 forma
2686 4273 2890 4327 detexit
2927 4270 3207 4326 orationis.
3247 4271 3363 4332 Sic,

1775 4374 1975 4444 inquit,
2011 4371 2224 4426 orabitis
2249 4386 2266 4424 :
2302 4369 2461 4421 Pater
2487 4378 2662 4422 noster
2691 4366 2777 4435 qui
2805 4382 2856 4418 es
2887 4366 2942 4418 in
2976 4365 3114 4418 caelis
3143 4361 3360 4434 (Matth.

1774 4485 1857 4533 vr,
1891 4467 1966 4535 9).
2019 4465 2174 4532 Quod
2226 4463 2331 4519 tale
2376 4468 2476 4525 est,
2511 4477 2573 4513 ac
2611 4459 2654 4513 si
2698 4459 2881 4513 dicat:
2909 4457 3133 4511 Mirandi
3182 4463 3367 4511 essent

82 4555 324 4623 exemplo
355 4571 386 4606 n
409 4555 648 4608 aximum
675 4554 816 4609 diem
865 4553 1010 4609 facit.
1047 4553 1198 4609 l'lanc
1221 4555 1361 4610 diem
1411 4554 1670 4611 Dominus
1699 4565 1750 4626 1)
1777 4577 1872 4616 san
1911 4561 1947 4613 ti
1981 4558 2381 4629 praedicatores,
2415 4554 2459 4608 si
2500 4552 2634 4606 mira
2664 4567 2785 4620 qua:
2813 4558 3010 4617 agunt,
3043 4563 3138 4602 sua
3165 4548 3366 4600 virtute

85 4646 130 4697 in
161 4649 377 4709 iuuans,
427 4646 506 4700 ait
537 4665 549 4698 :
584 4646 674 4701 Sic
704 4647 868 4700 luceat
909 4646 1000 4700 lux
1026 4656 1196 4700 castra
1235 4662 1410 4700 coram
1447 4647 1663 4700 homini-

85 4739 189 4802 bus,
215 4751 272 4791 ut
295 4741 501 4792 rideant
525 4750 691 4792 uestra
708 4739 840 4793 bona
869 4757 1047 4809 opera,
1069 4750 1118 4794 et
1140 4740 1427 4810 gloriﬁcent
1453 4739 1666 4794 Patrem

84 4845 317 4892 rutrum,
348 4831 434 4901 qui
472 4832 528 4884 in
559 4831 701 4884 (telis
729 4841 804 4884 est
827 4829 1044 4900 (Matth.
1069 4848 1120 4896 v,
1158 4830 1266 4900 lli).
1298 4830 1510 4885 Tertius
1536 4846 1668 4886 vero

84 4923 194 4977 dies
223 4923 511 4978 insilientis
553 4923 774 4991 spiritus
808 4932 912 4991 est,
955 4932 1008 4977 et
1059 4925 1373 4994 prophetias.
1423 4924 1478 4977 lu
1511 4925 1670 4978 tertio

81 5017 281 5085 quippe
324 5017 412 5070 die
465 5024 652 5086 pastor
693 5015 968 5086 aspicillt",
1016 5016 1232 5085 quando
1288 5015 1670 5070 sublimitatem

84 5104 354 5173 dignitatis
407 5114 520 5159 εικῖε
574 5104 822 5174 adaaquat
866 5106 1156 5179 splendore
1223 5105 1668 5170 conversationis,

87 5197 295 5263 quando
333 5199 544 5255 ccclesti
574 5199 772 5253 virtute
811 5200 1053 5267 indutus,
1097 5215 1161 5254 ea
1191 5201 1300 5254 vita
1337 5214 1512 5270 eaque
1539 5199 1673 5255 doc-

92 5289 217 5343 trina
239 5291 472 5344 subditis
498 5290 663 5356 lucet,
699 5299 756 5344 ut
782 5290 952 5345 videri
1006 5293 1074 5345 ab
1115 5292 1192 5345 eis
1235 5293 1426 5362 possit,
1458 5291 1670 5357 discuti,

94 5379 384 5448 ctjndicari
433 5396 543 5435 non
589 5383 778 5450 possit.
827 5380 970 5435 Talis
1016 5381 1236 5452 quidem
1292 5390 1409 5437 erat
1444 5383 1673 5454 Moyses,

97 5471 296 5535 quando
354 5470 691 5526 lucidissime
737 5472 886 5526 vultu
913 5489 942 5527 a
975 5481 1159 5528 monte
1191 5473 1486 5540 descendit,
1523 5476 1676 5544 cujus

98 5560 282 5615 subditi
315 5562 584 5632 fulgorem
625 5562 897 5628 videbant,
931 5564 1026 5619 sed
1059 5565 1110 5619 in
1141 5565 1432 5634 fulgentem
1464 5567 1684 5623 clarita-

101 5657 195 5708 tem
218 5655 502 5716 in'endere
529 5659 704 5713 visum
732 5674 836 5714 non
862 5667 1116 5731 poterant
1140 5659 1338 5732 (Exod.
1369 5678 1556 5730 xxxuv,
1574 5662 1678 5729 55;

1778 4650 2100 4720 perficerent
2133 4664 2144 4698 :
2182 4660 2323 4698 nunc
2371 4643 2562 4696 mirum
2614 4649 2851 4726 non.cst
2895 4639 3036 4707 quod
3090 4637 3368 4696 cernitur;

1776 4743 1900 4812 quia
1932 4755 2027 4810 per
2049 4753 2143 4793 cos
2172 4737 2260 4790 ille
2289 4736 2392 4789 hoc
2421 4734 2532 4802 agit
2560 4732 2644 4787 cui
2672 4725 2868 4799 aliquid
2899 4728 3113 4784 diflicilc
3147 4742 3254 4782 non
3284 4725 3367 4780 vi-

1775 4837 1954 4892 detur.
1988 4835 2139 4888 Dicat
2164 4845 2293 4899 ergo
2320 4829 2458 4882 alter
2484 4827 2550 4882 ad
2578 4827 2804 4881 alterum
2834 4842 2846 4876 :
2879 4824 2946 4878 Et
2966 4825 3080 4895 quis
3107 4830 3256 4892 pater
3281 4839 3370 4875 eo-

1776 4928 1927 4983 rum?
1971 4925 2134 4993 Quasi
2175 4925 2358 4977 dicat:
2392 4920 2530 4987 Quid
2575 4919 2768 4973 mirum
2821 4925 2934 4983 est,
2965 4917 3011 4970 si
3051 4914 3369 4969 mirabiliter

1779 5019 2009 5073 doceant
2046 5031 2165 5070 cum
2195 5029 2304 5067 non
2343 5011 2441 5081 ipsi
2479 5011 2615 5071 sint,
2655 5007 2747 5076 qui
2787 5007 3107 5074 loquuntur:
3132 5003 3226 5058 sed
3261 5003 3367 5072 spi-

1779 5109 1911 5162 ritus
1957 5098 2140 5177 patris
2181 5100 2511 5169 corumqui
2553 5097 2791 5166 loquitur
2846 5097 2898 5150 in
2941 5095 3054 5149 eis?
3081 5094 3196 5148 Non
3238 5107 3370 5162 ergo

1777 5200 1971 5254 dicitur
1999 5179 2179 5260 'E'Quis
2229 5203 2376 5264 pater
2419 5193 2530 5262 ejus
2564 5189 2746 5261 (Joan.
2779 5203 2859 5253 VI,
2910 5185 3035 5256 42)?
3072 5185 3183 5246 Ne,
3222 5184 3369 5253 quod

1779 5291 2021 5363 pluribus
2069 5286 2325 5342 convenit
2355 5284 2504 5348 liiiis,
2533 5282 2694 5336 unico
2738 5277 3067 5334 conferatur.
3098 5276 3258 5330 Solus
3288 5281 3373 5329 ct—

1781 5383 2066 5447 enimille,
2093 5379 2186 5449 qui
2215 5386 2404 5431 natura
2435 5375 2600 5430 Filius
2629 5380 2734 5438 est,
2765 5371 2945 5427 dicere
2980 5367 3181 5423 audet:
3213 5366 3373 5420 Pater

1783 5494 1924 5531 mens
1962 5490 2121 5544 usque
2157 5470 2308 5525 modo
2359 5477 2602 5539 operatur
2633 5465 2815 5536 (Joan.
2851 5479 2905 5528 v,
2938 5463 3047 5530 l7).
3094 5459 3160 5514 Et
3189 5460 3317 5514 item
3353 5474 3369 5510 :

1785 5570 2039 5623 Dominus
2068 5563 2198 5619 diuit
2242 5562 2310 5615 ad
2339 5578 2449 5627 me,
2501 5558 2673 5613 Filius
2703 5573 2845 5612 meus
2887 5573 2941 5609 es
2968 5564 3018 5607 tu
3039 5594 3055 5621 ,
3093 5570 3186 5622 ego
3215 5549 3370 5605 hodie

1786 5665 1937 5735 genui
1968 5670 2016 5713 te
2050 5657 2222 5729 (l’sal.
2268 5672 2331 5723 ιι,
2374 5655 2450 5725 7).
2493 5653 2627 5707 Nam
2675 5659 2734 5708 ut
2781 5649 3061 5718 utriusque
3101 5643 3374 5715 dignitatis

168 5821 189 5847 ⁸
220 5810 276 5865 lu
299 5813 414 5868 aliis
443 5811 618 5868 Editis
646 5813 858 5883 legitur,
888 5817 1177 5892 discipulis;
1211 5819 1352 5890 quod
1379 5819 1774 5877 emendandum
1801 5819 1856 5888 jn
1881 5818 2177 5873 licat'imus.
