3962 6302
650 309 758 366 503

1866 290 2109 347 SANCTI
2146 286 2471 345 GREGOBII
2514 286 2726 342 mea:
3760 296 3825 347 ειη

646 422 1006 481 diu-utentia...
1051 422 1358 486 promeret,
1414 410 1590 465 Mariae
1614 404 1938 475 Magdalenze
1981 402 2239 473 loquitur,
2273 404 2315 461 Λ
2346 398 2878 469 principatum.Dnm
2906 411 3007 466 ego
3030 406 3137 451 tam
3161 408 3407 465 magnum
3429 408 3721 467 peceatorem
3738 420 3827 463 an.

646 512 1119 572 dicenszdsrendo
1165 509 1231 560 ad
1280 506 1483 560 Putrem
1540 517 1736 561 meum,
1778 508 1825 552 et
1884 495 2091 549 Putrem
2130 510 2238 548 res-

650 617 813 673 trum;
852 607 1011 660 Deum
1042 619 1241 665 meum,
1274 610 1321 655 et
1352 597 1516 651 Deunt
1547 604 1766 649 vestrum
1799 589 2056 662 (Icarum
2076 628 2090 651 ,
2123 586 2233 655 l7).

649 701 871 769 Quoties
926 712 1054 764 ergo
1120 709 1259 749 unus
1317 690 1637 760 praedicator
1692 682 1925 738 mirabili
1985 680 2095 733 vita
2148 686 2241 731 aut

650 788 1032 861 praedicatione
1082 784 1257 839 clarus
1318 778 1615 850 aspicitur,
1674 774 1727 829 in
1784 786 2020 841 superna
2077 782 2240 837 gene-

648 860 861 937 ratione
882 896 988 934 non
1019 877 1197 939 solus,
1226 873 1319 929 sed
1361 887 1483 927 cum
1511 869 1630 923 aliis
1669 863 1966 921 innumeris
1994 860 2236 925 videtur;

647 977 774 1044 quia
807 972 1147 1041 onmipotcns
1184 968 1324 1021 Deus
1348 964 1435 1034 qui
1468 959 1725 1015 mirabilis
1763 958 1814 1011 in
1852 971 1961 1010 uno
1988 952 2238 1009 ostendi—

651 1081 737 1122 tur
772 1064 1151 1121 mirabiliorem
1196 1056 1351 1111 valde
1383 1054 1663 1109 hominum
1702 1047 2113 1103 admirationem
2158 1044 2240 1095 fa-

647 1160 719 1212 cit
738 1199 755 1225 ,
785 1171 905 1210 cum
935 1148 1350 1207 innumerabiles
1379 1141 1758 1205 attenduntur,
1784 1137 1879 1206 qui
1910 1137 1982 1200 id,
2013 1132 2157 1203 quod
2186 1133 2238 1186 in

650 1268 757 1305 uno
784 1250 1062 1309 mirantur,
1093 1244 1415 1299 habuerunt.
1441 1237 1598 1304 Quod
1630 1245 1806 1289 tamen
1831 1232 1899 1286 ad
1937 1230 2234 1285 detractio-

650 1359 773 1397 nem
819 1338 1111 1394 carnalium
1162 1332 1351 1387 referri
1398 1327 1789 1384 convenienter
1836 1330 2017 1393 potest
2063 1338 2075 1373 :
2116 1334 2238 1373 nam

650 1449 775 1487 cum
816 1427 1175 1500 spiritualium
1204 1424 1443 1477 virorum
1485 1418 1682 1472 famam
1710 1416 1956 1469 minuere
1995 1418 2238 1477 tentant,

650 1539 839 1579 eorum
869 1520 1104 1579 carnalia
1135 1517 1418 1588 explorant
1443 1528 1562 1585 qurc
1588 1511 1653 1565 ad
1680 1507 2086 1578 derogationem
2110 1519 2239 1575 pro-

650 1619 850 1673 ferant.
878 1616 945 1671 Et
972 1616 1291 1686 plerumque
1314 1611 1366 1664 in
1390 1616 1575 1663 sancta
1605 1604 1843 1660 Ecclesia
1872 1602 2064 1657 miram
2086 1614 2244 1654 sane-

653 1709 825 1763 titat’s
884 1706 1079 1761 famam
1144 1703 1346 1757 habent
1391 1700 1483 1768 qui
1540 1695 1856 1752 smeularem
1907 1690 2240 1746 altitudinem

2343 506 2576 551 versmu,
2611 499 2720 543 tam
2748 488 2960 543 sublimi
2991 488 3251 554 dignitate
3286 503 3316 540 a
3348 486 3560 544 Domino
3588 491 3829 553 honoratum

2341 583 2734 651 conspiciauts,
2784 592 3131 651 peccatorum
3184 589 3484 634 nostrorum
3531 583 3733 643 invenire
3767 609 3831 648 nos

2341 689 2500 745 posse
2538 674 2910 728 remissionem
2957 686 3361 742 praesumamus.
3406 670 3710 732 Proverbium
3744 696 3830 751 ergo

2342 772 2586 819 nostrum
2631 763 2684 817 id
2713 771 2798 818 est
2824 762 2971 832 quod
3003 762 3070 815 ad
3111 760 3572 831 evangelizan'lum
3599 779 3831 834 perscrutor

2342 852 2651 917 assumitur,
2678 851 2822 920 quod
2853 852 2958 904 hoc
3000 848 3314 920 mysterium
3346 849 3599 916 continet;
3624 855 3720 922 quit
3742 873 3832 912 con.

2341 958 2526 997 versus
2574 950 2827 1012 peccator
2867 956 2975 993 non
3018 941 3194 993 solum
3243 954 3458 1009 sperare
3495 955 3522 992 a
3565 940 3748 999 Dumino
3773 963 3832 1002 rc-

2343 1032 2486 1087 niam
2506 1072 2522 1099 ,
2565 1031 2660 1087 sed
2686 1030 2831 1101 quod
2858 1030 3083 1084 viriliter
3124 1028 3384 1083 certando
3420 1029 3689 1100 pertingere
3711 1036 3832 1089 valeat

2343 1124 2409 1177 ad
2438 1138 2712 1178 coronam.
2744 1120 2850 1177 Sed
2880 1120 2983 1175 hoc
3010 1120 3212 1174 dlstare
3239 1119 3377 1173 inter
3404 1121 3629 1174 carnales
3658 1131 3701 1177 et
3722 1126 3830 1194 spiri-

2345 1218 2521 1266 tua'cs
2560 1210 2940 1281 prmdicatores
2986 1209 3157 1275 solet,
3194 1209 3320 1278 qu'a
3363 1211 3591 1265 carnales
3630 1222 3729 1281 post
3763 1216 3837 1271 alta

2343 1309 2507 1363 verba
2532 1306 2947 1377 prasdicationis,
2972 1305 3039 1359 ad
3067 1305 3171 1359 ima
3196 1303 3521 1359 descendunt
3545 1308 3673 1375 pravi
3691 1311 3834 1379 operis,

2346 1400 2651 1470 Spirituales
2678 1414 2806 1453 vero
2850 1407 2973 1468 post
2999 1397 3250 1452 sublimia
3291 1411 3409 1465 qua:
3439 1397 3696 1467 loquuntur
3718 1402 3757 1456 in
3785 1406 3837 1456 al-

2348 1492 2484 1549 tiora
2535 1491 2690 1545 valde
2740 1490 2977 1545 cmlestis
3012 1489 3201 1559 patria:
3236 1488 3498 1544 desideria
3526 1506 3580 1547 se
3605 1494 3836 1549 sustollant.

2352 1585 2501 1640 Unde
2530 1594 2584 1639 et
2611 1584 2861 1639 subditur
2887 1600 2900 1635 :

2420 1678 2594 1749 (Vers.
2627 1676 2736 1745 15.)
2762 1674 2986 1730 Cessavit
3027 1684 3196 1728 autem
3218 1674 3521 1745 prapltetare
3542 1718 3558 1744 ,
3585 1686 3627 1729 et
3651 1680 3755 1731 venit
3792 1681 3838 1732 ctl

649 1799 852 1852 nullam
881 1795 1100 1850 habent.
1149 1790 1283 1846 Cum
1318 1803 1447 1858 ergo
1484 1785 1729 1842 carnales
1768 1783 1967 1852 quique
1997 1788 2090 1835 aut
2118 1795 2240 1835 car-
2271 1768 2319 1829 Β
2345 1775 2621 1829 excelsum.

652 1887 736 1946 stis
774 1884 1034 1954 originem
1066 1889 1159 1935 aut
1189 1885 1564 1950 paupertatem
1610 1876 1663 1928 in
1708 1872 1788 1927 eis
1817 1869 2242 1940 reprehendunt,

661 1977 742 2044 qui
774 1974 955 2029 divina
999 1970 1349 2042 generatione
1377 1968 1489 2035 jam
1536 1962 1719 2032 magni
1762 1970 1818 2016 et
1862 1958 2055 2015 divites
2085 1966 2242 2021 sunt,

630 2065 807 2135 quasi
837 2058 1214 2118 subsannando
1242 2056 1309 2112 de
1349 2054 1739 2125 prophetarum
1771 2057 1924 2119 patre
1954 2046 2246 2101 sciscitan-

643 2168 768 2211 tur.
803 2154 870 2209 Et
896 2154 1021 2225 quia
1062 2166 1162 2221 pro
1201 2164 1261 2204 re
1293 2147 1448 2201 valde
1488 2157 1629 2199 nova
1676 2141 1875 2196 habent
1922 2138 2067 2208 quod
2094 2135 2245 2207 parvi

640 2247 903 2302 homines
923 2242 1100 2299 saeculi
1114 2250 1222 2296 tam
1241 2237 1419 2307 magni
1439 2234 1606 2291 videri
1630 2228 2241 2303 possunt,subjungitur:

729 2330 1180 2408 25οη41ὺὶςίειη.)
1196 2330 1484 2398 Propterea
1500 2340 1701 2380 versum
1727 2329 1803 2376 est
1826 2322 1882 2375 itt
1903 2317 2243 2391 proverbium:

657 2426 802 2480 Nunt
836 2424 966 2480 Saul
992 2424 1126 2476 inter
1144 2416 1465 2489 prophetas?

729 2514 817 2567 28.
859 2510 1013 2580 Quod
1052 2509 1303 2563 nimirum
1342 2506 1386 2560 si
1418 2505 1588 2560 oculis
1618 2503 1840 2559 cordisa
1885 2501 2244 2570 inspicerent,

656 2621 755 2677 pro
797 2617 936 2657 nova
997 2614 1057 2653 re
1093 2612 1201 2653 non
1230 2596 1513 2650 haberent.
1558 2591 1709 2647 More
1754 2590 1954 2646 etenim
1990 2602 2089 2642 suo
2136 2587 2247 2654 agit

655 2694 891 2765 Spiritus
920 2698 1155 2752 sanctus,
1192 2700 1315 2743 cum
1345 2684 1413 2739 ad
1438 2683 1697 2738 virtutum
1724 2680 1936 2736 culmen
1958 2691 2242 2748 pauperes,

656 2786 908 2850 humiles,
939 2792 1103 2852 atque
1131 2778 1401 2851 simplices
1429 2775 1604 2845 erigit.
1635 2773 1769 2829 Nam
1798 2772 1866 2827 de
1892 2787 1959 2826 co
1986 2770 2245 2840 scriptum

654 2889 740 2936 est
772 2899 783 2932 :
812 2879 910 2946 Qui
950 2871 1336 2947 ponit’ltumiles
1365 2871 1419 2924 in
1446 2868 1681 2932 sublime,
1710 2875 1759 2921 et
1787 2874 2058 2920 maerentes
2090 2862 2243 2933 erigit

654 2971 906 3043 sospitate
939 2965 1081 3038 (Job.
1114 2981 1165 3030 γ,
1196 2962 1307 3033 ll).
1338 2960 1474 3015 Hinc
1502 2959 1847 3028 omnipotens
1867 2956 2028 3010 Pater
2050 2954 2117 3009 de
2145 2968 2243 3008 eo-

655 3068 779 3120 dem
816 3061 1189 3130 omnipotente
1218 3070 1316 3111 suo
1346 3052 1550 3124 Spiritu
1590 3067 1688 3122 per
1716 3049 2033 3121 prophetam
2064 3045 2195 3101 dicit
2227 3064 2239 3099 :

2416 1863 2505 1917 29.
2539 1863 2617 1916 Al
2648 1861 2919 1917 excelsum
2948 1869 3070 1930 post
3117 1860 3413 1931 prepbetiae
3458 1860 3759 1916 ministerium
3778 1879 3840 1918 vc-

2349 1956 2444 2019 nit,
2471 1954 2560 2024 qui
2591 1954 2659 2007 ad
2688 1952 2926 2008 (mlestia
2957 1966 3060 2020 gau
3081 1952 3148 2005 lia
3168 1993 3183 2017 ,
3231 1967 3353 2021 qua:
3397 1953 3651 2021 pta-dicat,
3675 1964 3841 2009 mentun

2348 2045 2503 2113 erigit
2536 2062 2547 2096 :
2579 2051 2636 2098 et
2664 2042 2729 2096 ad
2757 2058 2819 2097 ea
2849 2041 3080 2097 amando
3110 2058 3169 2097 sc
3202 2042 3477 2102 sublevat.
3517 2059 3623 2113 quae
3645 2045 3840 2113 loquenlo

2348 2143 2633 2191 monstrat.
2684 2134 2944 2190 Doctores
2988 2133 3210 2203 quidem
3254 2149 3381 2188 cum
3431 2134 3692 2191 minoribus
3729 2137 3838 2205 phus

2350 2231 2674 2301 pnedimnt,
2720 2245 2840 2283 cum
2886 2228 2964 2283 eis
3010 2243 3147 2297 quos
3203 2226 3465 2294 docent”,
3494 2228 3631 2298 quai
3667 2230 3708 2284 in
3732 2230 3842 2299 pluo

2349 2329 2500 2377 sunt.
2547 2320 2615 2373 Et
2654 2319 2779 2388 quia
2809 2326 2931 2389 post
2977 2320 3139 2372 verba
3180 2318 3563 2388 praedicationis
3597 2319 3653 2374 ad
3692 2335 3842 2390 promc-

2348 2412 2515 2468 renda
2544 2427 2605 2465 ea
2636 2426 2755 2482 qua:
2804 2409 3098 2480 prtelieant
3138 2423 3198 2464 se
3243 2409 3404 2464 bonis
3438 2410 3664 2478 operibus
3695 2425 3841 2479 pra-pa-

2349 2515 2500 2568 rant,
2545 2504 2613 2558 ad
2670 2502 2939 2558 excelsum
2986 2501 3173 2556 venire
3223 2501 3584 2571 perhibentur.
3623 2500 3704 2568 Qui
3740 2510 3842 2555 certe

2349 2595 2603 2649 sublimes
2632 2591 2800 2646 verbo
2844 2600 2903 2645 et
2940 2604 3106 2659 opere
3134 2599 3293 2655 sunt,
3327 2590 3635 2658 cogitagioae
3658 2589 3838 2644 elationis

2350 2701 2459 2740 non
2486 2694 2631 2738 sunt.
2663 2682 2850 2751 Magna
2880 2680 3097 2750 quidem
3142 2695 3359 2750 semper
3386 2689 3560 2750 agunt,
3602 2678 3682 2733 sed
3719 2680 3841 2748 magni

2350 2774 2521 2829 viJeri
2563 2788 2841 2842 nunquam
2867 2778 3152 2841 appetunt.
3188 2770 3336 2825 Bene
3357 2785 3482 2839 ergo
3507 2769 3805 2839 subiungitur:

2422 2866 2510 2935 (Vt
2525 2882 2598 2921 rs.
2635 2864 2720 2931 14,
2748 2862 2813 2916 l5
2840 2872 2894 2919 et
2926 2862 3037 2930 lli.)
3084 2861 3236 2916 Dixit
3265 2872 3436 2916 autem
3464 2872 3658 2932 patruus
3680 2861 3779 2916 Saul
3800 2860 3842 2912 ad

2348 2973 2499 3023 eum,
2526 2965 2575 3009 et
2604 2954 2675 3008 ad
2702 2971 2915 3022 puerum
2955 2954 3068 3026 ejus
3102 2970 3121 3008 :
3164 2951 3277 3017 Quo
3336 2951 3547 3007 abistis?
3582 2950 3667 3015 Qui
3691 2967 3841 3019 respou-

2350 3052 2469 3104 dere
2493 3066 2511 3103 :
2545 3049 2789 3114 Qttterere
2825 3050 3001 3102 asinus
3024 3092 3037 3114 ,
3082 3065 3209 3121 quas
3254 3063 3372 3100 cum
3411 3062 3509 3100 non
3537 3045 3843 3113 reperissemat.

655 3160 825 3228 Super
852 3170 997 3225 quem
1026 3146 1297 3220 requiescit
1317 3147 1525 3215 spiritus
1551 3160 1723 3206 meus,
1752 3143 1852 3195 nisi
1881 3152 2035 3210 super
2060 3140 2240 3192 ltumi-
2274 3148 2322 3210 ο
2350 3141 2578 3195 venimus
2608 3139 2676 3192 ad
2706 3138 3021 3194 Samuelem.
3057 3138 3125 3193 Et
3162 3138 3298 3193 dixit
3330 3138 3377 3191 ei
3403 3146 3604 3208 patruus
3642 3129 3845 3188 Ματιη-

645 3248 785 3309 ριειι,
814 3255 863 3298 et
890 3243 1147 3313 quietum,
1191 3248 1241 3292 et
1282 3244 1581 3291 trementem
1625 3249 1885 3287 sermones
1928 3248 2068 3287 meos
2099 3230 2239 3300 (Isa.

630 3354 805 3401 τιιγι,
825 3334 920 3403 9.)?
945 3332 1082 3386 Hinc
1110 3330 1306 3384 Paulus
1334 3329 1411 3381 ait
1436 3344 1447 3378 :
1470 3324 1592 3379 Non
1616 3324 1762 3378 ntulti
1789 3325 2045 3392 sapientes
2067 3339 2248 3376 secun-

653 3428 777 3483 dum
805 3439 1040 3486 carnem,
1086 3437 1189 3473 non
1231 3417 1378 3472 multi
1407 3415 1603 3470 nobiles
1626 3456 1642 3483 ,
1672 3413 1763 3468 sed
1788 3429 1903 3485 qua:
1943 3414 2097 3466 stulta
2128 3422 2248 3465 sunt

660 3516 840 3571 mundi
877 3514 1028 3584 elegit
1074 3511 1250 3576 Deus,
1281 3498 1349 3563 ut.
1375 3507 1660 3578 ronfundat
1690 3507 1846 3578 fortia
1876 3517 1962 3559 :et
2002 3502 2249 3575 ignobilia

659 3604 837 3659 mundi
862 3601 1016 3673 elegit
1044 3599 1202 3666 Deus,
1227 3607 1282 3651 ut
1309 3614 1390 3662 ea,
1422 3612 1536 3667 qua:
1556 3604 1694 3659 sunt,
1719 3595 2027 3657 destrueret;
2058 3601 2113 3645 ut
2144 3610 2248 3647 non

656 3695 911 3765 glorietur
966 3691 1133 3746 omnis
1183 3705 1309 3743 caro
1353 3687 1408 3741 in
1455 3694 1730 3756 conspectu
1773 3685 1884 3757 ejus
1928 3683 1981 3755 (I
2037 3683 2156 3739 Cor.
2199 3701 2246 3756 t,

657 3786 756 3849 :16,
818 3782 958 3855 etc.)
1012 3781 1167 3849 Quod
1235 3786 1384 3834 certe
1438 3776 1782 3848 proverbium
1833 3776 1994 3830 etiam
2063 3776 2250 3831 electis

654 3894 684 3928 ει
717 3875 849 3930 cribi
878 3880 1074 3944 potest.
1106 3870 1223 3926 Non
1249 3870 1393 3926 enim
1416 3869 1592 3924 minor
1620 3867 1903 3922 admiratio
1932 3867 2115 3922 habita
2166 3874 2250 3922 est

655 3968 723 4021 de
750 3967 910 4021 beato
932 3962 1101 4019 Paulo
1121 3962 1392 4032 apostolo,
1424 3959 1642 4030 quando
1671 3959 1911 4014 auditum
1942 3969 2025 4014 est
2054 3959 2120 4012 ab
2149 3958 2247 4014 Ec-

653 4058 819 4112 clesia
850 4057 977 4125 quia
1007 4056 1097 4110 ille
1121 4053 1548 4122 evangelisaret,
1583 4069 1618 4123 q
1640 4052 1672 4106 ii
1706 4051 2004 4107 Ecelesiam
2035 4053 2245 4106 minan-

656 4146 725 4198 do
749 4151 804 4197 et
832 4141 1087 4197 ctedendo
1116 4155 1426 4210 expugnare
1465 4141 1695 4205 solebat,
1727 4157 1868 4195 nunc
1908 4140 2247 4211 prmdicando

659 4232 996 4318 delettderet.
1022 4230 1173 4284 Tunc
1201 4230 1419 4298 quidem
1449 4229 1485 4283 ii
1506 4230 1598 4298 qui
1622 4231 1913 4285 audiebant
1935 4231 2117 4286 dicere
2145 4248 2245 4302 po-

661 4334 884 4381 terant:
917 4323 1053 4377 Num
1107 4322 1301 4377 Saulus
1342 4323 1482 4377 inter
1520 4323 1831 4394 apostolos?
1860 4323 2109 4393 Nunan
2158 4326 2247 4380 ille

652 4415 839 4474 Jesnm
877 4414 1161 4485 pratdicat,
1208 4413 1299 4481 qui
1346 4412 1527 4467 Jesum
1571 4414 1819 4483 persequi
1856 4414 2244 4471 solebat?Scd

2350 3234 2468 3287 dica
2497 3233 2642 3298 nti/ti,
2675 3231 2799 3303 quid
2828 3232 3019 3286 dixerit
3058 3231 3296 3288 Samuel.
3330 3232 3481 3301 231
3517 3227 3577 3281 Et
3601 3228 3664 3280 ait
3687 3223 3845 3279 Saularl

2349 3335 2589 3395 patruum
2626 3341 2774 3378 suum
2804 3340 2820 3375 :
2847 3322 3107 3377 Iudicavi!
3156 3322 3336 3387 nobis,
3388 3323 3503 3394 quia
3546 3321 3732 3374 inventa!
3766 3323 3845 3369 uti!

2352 3422 2535 3474 asinte.
2571 3420 2875 3473 Sermonem
2905 3428 3075 3473 autent
3106 3421 3249 3490 regni
3281 3436 3387 3474 non
3424 3418 3646 3472 indicarit
3669 3416 3722 3482 ei,
3745 3428 3845 3480 qtmn

2349 3510 2545 3564 locutus
2569 3511 2613 3563 ei
2644 3509 2856 3564 Samuel
2882 3511 3073 3581 fuerat.

2423 3599 2512 3654 '50.
2538 3598 2731 3654 Sernto
2770 3599 2923 3668 regni
2953 3608 3037 3655 est
3065 3598 3403 3655 honorabilis
3430 3598 3641 3668 dignitas
3668 3604 3845 3665 pastora-

2351 3688 2438 3745 lis.
2482 3688 2601 3758 lpsa
2650 3690 2793 3744 enim
2841 3690 3325 3760 repraesentatimre
3373 3705 3467 3745 sua
3504 3684 3849 3757 loquiturzquia

2351 3791 2574 3851 patruus
2594 3798 2703 3837 non
2726 3790 2811 3838 est
2831 3782 2922 3853 qui
2951 3792 3102 3838 tanto
3131 3783 3324 3838 ordine
3342 3782 3657 3839 sublimatur.
3687 3776 3849 3832 Vezbum

2349 3886 2479 3942 ergo
2526 3872 2676 3940 regni
2715 3888 2811 3926 r.x
2855 3888 2965 3928 non
3010 3872 3214 3927 indicat
3247 3891 3259 3926 :
3290 3872 3415 3944 quia
3457 3880 3629 3942 pastor
3668 3862 3851 3922 Ecclesia

2350 3977 2546 4033 magno
2593 3963 2884 4018 divini‘atis
2927 3962 3217 4032 splendore
3267 3963 3523 4035 loquitur,
3560 3958 3645 4015 sed
3684 3957 3853 4011 elatinne

2350 4069 2458 4109 non
2486 4052 2743 4123 loquitur.
2776 4054 2878 4120 Qui
2910 4069 3038 4108 vero
3069 4054 3300 4109 verbum
3332 4070 3438 4108 non
3470 4052 3651 4106 indicat
3676 4046 3775 4103 illud
3796 4057 3855 4098 cc-

2348 4144 2425 4199 lat
2470 4145 2615 4214 quo]
2659 4145 2914 4213 loquitur.
2972 4144 3205 4199 Verbum
3248 4144 3397 4199 enim
3442 4157 3644 4214 semper
3679 4137 3853 4207 loqnitur

2348 4236 2435 4292 cui
2464 4236 2685 4291 verbum
2706 4243 2806 4301 est,
2827 4235 3066 4303 alioquin
3092 4236 3316 4290 verbum
3346 4251 3455 4289 non
3483 4243 3578 4289 est.
3601 4230 3793 4286 Verbum
3806 4240 3859 4278 cr-

2347 4339 2416 4394 go
2463 4326 2613 4395 regni
2661 4324 2825 4380 habet
2853 4326 2946 4394 qui
3001 4340 3064 4379 ea
3119 4326 3532 4382 conversatione
3571 4321 3743 4390 fulget,
3777 4329 3859 4386 qua!

2348 4417 2596 4485 exempla
2637 4416 2875 4471 ccelcstis
2914 4416 3120 4471 itineris
3160 4416 3282 4472 aliis
3322 4416 3475 4486 quasi
3501 4410 3735 4485 loquendo
3765 4419 3861 4477 ιπωο

656 4508 764 4561 hoc
785 4505 893 4574 jam
923 4505 974 4559 in
1004 4504 1301 4559 electorum
1346 4503 1689 4573 proverbium
1718 4519 1933 4561 versum
1973 4515 2072 4561 est.
2108 4505 2239 4561 Pro-
2269 4511 2322 4569 D
2346 4508 2456 4564 bet.
2487 4508 2720 4564 Verbum
2772 4522 2902 4577 ergo
2953 4525 3060 4564 non
3115 4510 3319 4564 indicat
3372 4509 3465 4579 qui
3514 4501 3861 4575 magnitudinem

656 4597 902 4653 verbium
942 4594 1159 4664 quidem
1203 4603 1320 4658 est,
1372 4594 1587 4664 quando
1616 4595 1669 4648 in
1700 4609 1790 4663 eo,
1830 4595 1975 4664 quod
2025 4596 2243 4665 dicitur,

658 4690 803 4747 aliud
837 4687 1165 4745 occu'tatur.
1192 4686 1487 4741 Conversio
1517 4696 1697 4742 autem
1726 4688 1871 4743 beati
1902 4686 2055 4743 Pauli
2083 4706 2244 4759 apos-

655 4785 751 4838 toli
777 4827 789 4851 ,
822 4782 960 4837 [icta
991 4789 1073 4836 est
1122 4780 1466 4851 proverbium
1522 4782 1843 4849 peccatoris.
1887 4780 2085 4836 Audiat
2113 4795 2242 4851 ergo

657 4879 1023 4948 unusquisque
1052 4886 1313 4948 peccator
1350 4879 1495 4932 beati
1526 4877 1679 4932 Pauli
1708 4879 2138 4944 conversionem,
2188 4888 2244 4934 et

657 4982 765 5019 nou
790 4966 1044 5036 desperet
1070 4968 1137 5022 de
1166 4969 1450 5023 criminum
1474 4968 1839 5023 multitudine.
1873 4967 2069 5025 Saulus
2098 4971 2241 5025 enim

654 5058 868 5127 spirans
896 5060 1162 5115 minarum
1186 5070 1240 5116 et
1266 5059 1427 5116 caesiis
1451 5061 1504 5114 in
1533 5058 1827 5130 discipulos
1858 5060 2096 5129 Domini,
2119 5061 2240 5116 ubi-

653 5166 762 5220 que
802 5149 1005 5206 clectos
1041 5150 1342 5219 alliigebat,
1389 5150 1746 5221 lapidantium
1787 5160 2240 5224 protomartyrem

655 5238 992 5309 Stephanum
1036 5241 1356 5296 vestimenta
1395 5242 1678 5305 servabat,
1724 5251 1779 5297 et
1825 5226 1973 5297 velut
2001 5244 2241 5297 omnium

652 5328 902 5383 manibus
928 5328 1221 5395 lapidabat,
1244 5329 1335 5400 qui
1358 5330 1638 5400 expeditos
1663 5330 1730 5385 ad
1751 5330 2094 5401 lapidandum
2126 5348 2241 5387 om-

656 5434 752 5474 nes
772 5418 1029 5474 reddebat
1050 5419 1200 5491 (Λα.
1229 5437 1284 5476 ιι
1304 5461 1319 5487 ,
1350 5419 1373 5473 ι
1408 5424 1571 5491 seq.).
1618 5419 1724 5474 Sed
1753 5421 1845 5489 qui
1895 5421 2015 5476 talis
2034 5422 2241 5477 exstitit

653 5506 926 5562 Christum
955 5522 1303 5577 persequens,
1335 5509 1403 5563 ad
1430 5508 1704 5563 Christum
1735 5525 2046 5571 conversus,
2079 5520 2240 5580 caput

656 5599 881 5654 eliectus
904 5608 990 5654 est
1038 5600 1336 5665 nationum,
1363 5601 1491 5669 quia
1513 5600 1745 5657 obtinuit
1794 5602 1956 5658 totius
1985 5600 2239 5661 Ecclesim

728 5784 756 5817 ⁸
779 5773 947 5835 Gilot.
976 5780 1459 5853 recteriiuspirerent.

2345 4602 2645 4657 sanctitatis
2687 4616 2783 4670 per
2831 4616 3026 4655 vanam
3075 4601 3302 4670 gloriam
3354 4617 3461 4656 non
3497 4597 3702 4654 revelat.
3734 4591 3863 4647 Habet

2345 4692 2561 4761 quidem
2589 4690 2735 4760 quod
2783 4692 3006 4758 indicet,
3037 4692 3131 4747 sed
3161 4693 3306 4761 quod
3338 4708 3436 4762 per
3476 4690 3694 4761 seipsum
3730 4694 3863 4740 osten-

2344 4784 2486 4838 dtur
2526 4784 2769 4840 indicare
2815 4800 2923 4840 non
2974 4785 3109 4840 vult.
3146 4785 3279 4838 Nam
3311 4785 3403 4856 qui
3447 4798 3628 4852 magna
3666 4778 3865 4846 dignitate

2347 4890 2649 4945 magnaque
2677 4877 2964 4931 sanctitate
2992 4876 3206 4942 radiat,
3241 4876 3409 4931 multa
3440 4873 3657 4931 νίκη-ηδ’)
3682 4864 3866 4927 ostendit

2346 4983 2466 5037 qua:
2495 4967 2769 5037 loquendo
2796 4983 2903 5022 non
2929 4968 3079 5022 dicit.
3114 4966 3231 5023 Hoc
3260 4968 3505 5038 profecto
3534 4964 3675 5033 regni
3696 4960 3864 5015 verbum

2346 5060 2549 5114 habere
2591 5059 2849 5113 Dominus
2893 5059 3304 5129 praedicatorem
3352 5059 3555 5123 voluit,
3608 5051 3789 5125 quando
3829 5048 3864 5098 it

2349 5159 2500 5205 veste
2549 5149 2820 5219 pontilieis
2850 5149 3209 5204 tintinnabula
3251 5152 3379 5220 poni
3411 5146 3672 5204 mandavit
3714 5139 3860 5212 (Exod.

2345 5259 2545 5309 xxvm,
2576 5243 2688 5313 '54,.
2722 5241 2899 5298 Vestis
2928 5243 3146 5313 quidem
3170 5243 3442 5314 pontilicis
3470 5251 3549 5297 est
3579 5235 3784 5295 ostensio
3802 5231 3865 5283 b0-

2345 5350 2426 5388 na:
2464 5332 2915 5388 conversationis.
2966 5332 3097 5399 Quae
3136 5334 3293 5402 quasi
3333 5329 3691 5386 tintinnabulis
3732 5320 3863 5378 multis

2348 5424 2624 5491 inseritur,
2646 5421 2861 5492 quando
2887 5437 3052 5491 Opera
3084 5422 3222 5476 bona
3258 5420 3574 5490 multiplicat
3594 5431 3701 5487 qua:
3725 5414 3776 5466 al
3795 5406 3863 5460 mi-

2347 5528 2541 5568 norutn
2577 5510 2885 5580 exemplum
2917 5511 3171 5565 clamant.
3215 5510 3321 5565 Sed
3368 5510 3607 5564 iudicare
3649 5521 3732 5561 rex
3757 5495 3863 5564 regni

2349 5605 2568 5661 verbum
2593 5617 2700 5656 non
2733 5603 2894 5656 audet
2916 5619 2928 5653 :
2951 5600 3079 5670 quia
3108 5610 3433 5675 praeceptum
3464 5608 3545 5658 est
3565 5588 3865 5656 sacerdotibus

2415 5784 2443 5823 δ
2473 5782 2599 5853 [huc
2625 5782 2817 5840 desunt
2846 5782 2899 5840 in
2929 5781 3197 5843 Gussanv.
