3962 6316
80 364 173 421 305

887 361 952 416 IN
992 360 1253 420 PRIMUM
1295 364 1536 422 REGUM
1578 361 2097 421 EXPOSlTlONES.
2137 394 2203 404 —-
2245 366 2373 422 LIB.
2416 366 2503 421 IV.

3223 365 3323 418 506

82 491 133 536 ut
165 493 346 536 coram
394 476 624 532 Domino
670 474 834 531 vestis
875 476 1127 533 decorem
1175 489 1412 549 portent.
1462 480 1659 537 Coram
1686 482 1736 540 Α
1764 480 2070 549 afﬂigebaut
2096 499 2199 536 ros.
2230 482 2329 537 Vos
2360 496 2532 540 autem
2570 484 2723 541 hodie
2747 484 3363 558 projecistisDominum-

84 571 297 628 Damiao
345 567 567 639 quidem
609 568 773 622 vestis
801 567 1056 624 decorem
1106 580 1288 641 portat
1315 580 1371 627 et
1397 573 1487 643 qui
1522 574 1661 628 bona

84 661 323 725 ostendit,
356 670 413 716 et
440 659 507 715 de
534 660 845 715 ostensione
875 660 1140 716 bonorum
1172 678 1396 733 operum
1425 681 1533 721 non
1564 666 1665 720 ho-

84 754 303 809 minibus
333 769 431 823 per
449 752 743 806 vanitatem
770 753 919 814 foris,
943 753 1037 807 sed
1062 754 1177 808 Deo
1200 756 1341 809 intus
1365 773 1460 825 per
1506 774 1660 812 amo-

84 859 186 897 rem
214 842 427 911 placere
449 841 677 911 appetit.
709 840 859 896 Tunc
885 850 1036 896 certe
1081 844 1335 899 sacerdos
1364 853 1539 913 tacet,
1567 848 1663 903 sed

83 934 199 987 dum
240 933 442 987 incedit
470 933 614 1001 quod
644 942 826 1003 portat
863 933 1060 988 clamat
1088 952 1103 1001 ;
1133 936 1259 1005 quia
1289 938 1494 995 electus
1523 955 1662 1010 prte-

84 1025 283 1078 dicator
309 1039 369 1077 se
392 1022 649 1091 jactando
701 1039 809 1077 non
855 1024 1087 1090 indicat,
1134 1026 1229 1080 sed
1270 1026 1409 1083 bene
1433 1029 1664 1085 vivendo

85 1114 218 1183 loqui
251 1128 590 1182 nequaquam
620 1121 820 1168 cessat.
853 1114 1072 1169 Dicatur
1099 1131 1230 1187 ergo
1261 1118 1329 1173 de
1354 1117 1514 1185 Saul,
1542 1121 1663 1190 quia

84 1213 268 1274 patruo
322 1220 423 1259 suo
475 1219 786 1272 sermonem
844 1206 998 1273 regni
1056 1222 1164 1261 non
1216 1208 1470 1264 indicavit
1502 1212 1665 1280 :quia

84 1294 232 1349 electi
263 1295 382 1360 viri,
411 1310 533 1350 cum
556 1294 903 1364 splendorem
934 1296 1212 1365 dignitatis
1234 1307 1327 1353 aut
1364 1299 1521 1355 bona:
1542 1303 1667 1356 vita:

85 1388 409 1441 incrementa
454 1388 786 1457 pe‘cipiunt,
824 1402 923 1456 per
968 1389 1216 1459 exempla
1257 1405 1316 1445 se
1365 1391 1665 1461 proferunt,

84 1478 169 1531 sed
213 1478 433 1532 silentio
474 1479 769 1532 occultant.
804 1477 870 1531 Et
901 1480 1027 1549 quia
1066 1480 1186 1534 aliis
1221 1482 1406 1537 electis
1451 1499 1510 1539 se
1548 1500 1668 1539 esse

86 1570 280 1623 meritis
309 1570 545 1624 minores
574 1570 830 1633 credunt,
862 1570 952 1626 ille
994 1572 1079 1626 cui
1109 1588 1417 1630 sermonem
1449 1591 1555 1631 non
1583 1578 1667 1632 in-

86 1659 220 1714 dicat
244 1660 361 1727 ejus
391 1668 614 1730 patruus
642 1675 762 1716 esse
787 1660 1004 1716 dicitur.
1038 1661 1268 1717 Patruus
1298 1665 1501 1736 quippe
1530 1668 1667 1722 dici-

85 1762 164 1806 tur
190 1751 355 1807 frater
384 1753 572 1822 patris.
614 1752 949 1823 Redemptor
982 1764 1165 1809 autem
1195 1760 1409 1827 generis
1450 1759 1670 1815 humani

1766 570 1929 624 Deum
1952 581 2190 637 vestrum,
2213 575 2298 644 qui
2322 575 2465 628 solus
2493 577 2706 631 salvarit
2725 593 2812 631 eos
2834 577 2897 632 de
2917 578 3169 632 universis
3197 597 3244 632 m
3266 584 3350 633 .lis

1763 670 1811 715 et
1833 661 2249 717 tribulationibus
2271 666 2474 733 vestris,
2505 676 2553 720 et
2576 665 2784 721 dixistis
2810 666 3225 739 :Nequaquam,
3254 671 3347 722 sed

1762 769 1856 806 rex
1884 755 1983 807 erit
2008 770 2162 822 super
2190 771 2304 809 nos.

1836 844 1924 899 '52.
1972 847 2191 900 Attente
2237 846 2453 915 quidem
2493 847 2735 902 ostendit
2752 849 2830 903 eis
2859 856 2914 903 et
2956 848 3099 903 bona
3126 863 3242 917 qur
3273 848 3358 902 eis

1766 936 2023 1007 impendit
2072 936 2329 992 Dominus
2375 948 2431 994 et
2480 941 2617 994 mala
2666 956 2787 1009 quae
2834 940 3066 996 Domino
3107 942 3353 996 fecerunt

1766 1025 1866 1095 ipsi
1914 1034 1971 1080 ut
2016 1034 2165 1082 tanto
2204 1029 2417 1097 gravius
2475 1045 2534 1084 se
2582 1030 2870 1099 deliquisse
2919 1039 3348 1100 cognoscerent,

1766 1124 1967 1185 quanto
2014 1116 2161 1170 illum
2212 1118 2483 1187 peccando
2524 1119 2799 1175 offendere
2854 1122 2966 1176 ausi
2999 1129 3141 1183 sunt,
3185 1136 3355 1190 aquo

1770 1214 1917 1260 tanta
1941 1208 2080 1262 bona
2109 1219 2482 1279 perceperant.
2511 1208 2647 1276 Quid
2694 1227 2824 1266 vero
2868 1211 2940 1265 sit
2971 1211 3207 1280 abjicere
3245 1212 3354 1266 Do-

1768 1298 1970 1352 mimun
1994 1338 2013 1365 ,
2044 1308 2100 1354 et
2128 1300 2359 1370 qualiter
2388 1302 2683 1356 secundum
2716 1302 2950 1356 litteram
2975 1311 3029 1358 et
3058 1303 3357 1359 secundum

1767 1389 2103 1458 spiritualem
2124 1407 2337 1446 sensum
2368 1393 2588 1462 intelligi
2613 1393 2828 1462 dbeat,
2860 1396 3110 1465 superius
3135 1396 3240 1450 late
3264 1412 3361 1451 ex-

1770 1482 2015 1548 positum'
2047 1490 2127 1537 cst
2156 1482 2353 1554 (Supra
2382 1486 2434 1537 in
2459 1487 2679 1552 exposit.
2715 1502 2844 1540 vers.
2872 1486 2923 1553 7,
2949 1503 3065 1557 cap.
3098 1490 3232 1558 vm),
3269 1489 3357 1542 ubi

1771 1568 1839 1624 ad
1866 1570 2170 1625 Samuelem
2212 1570 2469 1625 Dominus
2506 1573 2581 1627 ait
2614 1591 2626 1625 :
2656 1571 2782 1627 Non
2821 1583 2867 1628 te
2903 1575 3239 1643 abiecerunt,
3269 1577 3360 1629 sed

1774 1677 1873 1727 me,
1898 1661 2052 1731 juxta
2101 1663 2276 1715 omnia
2303 1680 2459 1733 opera
2500 1680 2613 1727 sua,
2645 1680 2758 1735 qua:
2798 1666 3027 1736 fecerunt
3055 1683 3087 1719 a
3108 1667 3221 1731 die,
3260 1685 3360 1737 qua

1774 1752 1930 1805 eduxi
1973 1769 2060 1806 eos
2101 1753 2164 1805 de
2210 1762 2347 1805 terra
2391 1752 2631 1824 rEgypti.
2684 1752 2792 1808 Sed
2832 1755 2956 1822 quia
3001 1757 3173 1810 sancti
3219 1772 3359 1825 pra)-

86 1851 344 1913 quotquot
374 1842 501 1899 ﬁdei
532 1859 644 1911 sua:
672 1852 728 1898 et
755 1843 1016 1901 doctrinae
1041 1850 1397 1905 sacramentis
1417 1850 1668 1920 in.~tituit,

1783 1842 2040 1898 dicamies
2074 1858 2169 1898 eos
2197 1860 2334 1913 quos
2380 1844 2657 1915 arguendo
2704 1855 3091 1916 compungunt,
3118 1847 3361 1903 docendo

86 1931 143 1984 ad
172 1933 681 1988 immarcescibilem
716 1943 933 1990 aeterna:
980 1936 1311 1993 haireditatis
1334 1940 1559 2009 gloriam
1592 1951 1671 1998 tot

91 2024 222 2079 titius
250 2023 407 2079 facit.
442 2024 543 2091 Qui
571 2025 715 2080 enim
746 2025 1101 2084 instituuntur
1140 2030 1192 2085 in
1221 2030 1482 2101 Ecclesia,
1516 2036 1670 2104 quasi

84 2114 286 2183 parvuli
318 2114 493 2171 adhzc
525 2116 616 2170 lilii
655 2126 801 2171 sunt.
850 2116 975 2185 Sed,
1010 2121 1101 2190 qui
1133 2124 1341 2191 magnis
1386 2127 1592 2180 meritis
1618 2128 1669 2181 ei

79 2206 179 2274 jam
195 2205 250 2259 in
282 2204 453 2259 virum
479 2205 777 2276 perfectum
799 2211 1058 2279 occurrit,
1076 2211 1241 2268 frater
1260 2224 1341 2269 est
1360 2215 1670 2287 redempto-

82 2295 336 2352 ris.Ta!es
354 2297 602 2351 nimirum
622 2299 814 2354 beatus
828 2298 1024 2357 Paulus
1043 2305 1667 2376 ap0stoluscollaudans,

83 2388 149 2441 ait
182 2406 195 2440 :
233 2388 487 2443 "credes
518 2387 614 2444 Dei
630 2431 645 2455 ,
670 2391 961 2447 colia’redes
986 2392 1177 2450 Christi
1203 2398 1222 2469 (
1239 2395 1389 2451 Rom.
1416 2415 1527 2466 vtn,
1555 2399 1665 2471 1ῖ).

84 2478 213 2544 Quia
260 2495 391 2549 ergo
432 2480 656 2551 perfecti
696 2484 1079 2553 prcedicatorcs
1125 2486 1331 2545 electos
1378 2490 1514 2545 alios
1555 2507 1671 2562 per-

84 2568 249 2623 lectos
278 2578 468 2624 tenent
498 2579 553 2625 et
581 2586 642 2627 se
672 2571 1041 2642 imperfectos,
1072 2571 1294 2645 patruus
1318 2579 1673 2636 Sauldicitur

82 2662 163 2729 qui
208 2661 276 2717 de
303 2665 456 2733 regni
486 2680 743 2721 sermone
782 2681 905 2721 eum
950 2667 1310 2737 interrogasse
1337 2671 1668 2740 perhibetur.

85 2753 338 2809 Eumdem
363 2772 497 2811 vero
528 2758 677 2827 regni
698 2773 1006 2813 sermonem
1028 2757 1155 2813 Saul
1178 2758 1395 2815 Samuel
1424 2761 1667 2816 dixerat:

82 2849 201 2915 quia
258 2848 413 2904 electi
460 2850 565 2905 viri
606 2850 945 2921 spiritualem
991 2852 1459 2907 conversationem
1506 2870 1671 2923 quam

86 2936 284 2992 habent
312 2940 582 3009 majorum
632 2940 907 2996 locutione
939 2939 1264 2997 didicerunt.
1298 2941 1407 2998 Sed
1437 2959 1535 2998 rex
1577 2945 1669 3014 qui

84 3030 322 3086 initiatus
348 3047 448 3102 per
469 3032 786 3088 unctionem
815 3030 1014 3101 fuerat,
1041 3049 1070 3087 a
1099 3033 1299 3105 populo
1320 3032 1495 3090 adhuc
1524 3034 1671 3090 elec-

84 3129 159 3177 tas
188 3137 300 3177 non
325 3131 464 3178 erat.
500 3121 651 3179 Unde
672 3132 727 3179 et
753 3123 1035 3194 sequitur:

1774 1934 2063 2003 instruunt,
2094 1937 2394 2003 subintulit,
2426 1938 2610 1992 dicens
2641 1954 2656 1992 :

1844 2027 2020 2097 (Vers.
2052 2027 2163 2097 l9.)
2193 2026 2348 2081 Nunc
2376 2046 2498 2100 ergo
2527 2038 2660 2084 state
2687 2046 2863 2084 coram
2892 2028 3116 2086 Domino
3137 2048 3230 2104 per
3266 2033 3365 2087 tri-

1773 2117 1864 2172 bus
1890 2126 1939 2172 et
1965 2118 2195 2189 familias
2225 2128 2438 2173 vestras.

1844 2206 1931 2261 53.
1958 2207 2151 2262 Coram
2168 2208 2396 2263 Domino
2419 2209 2633 2280 quidem
2649 2218 2795 2265 stare
2809 2211 3170 2281 praecipimur,
3194 2227 3365 2281 quan-

1774 2298 1844 2353 do
1873 2299 2139 2369 majorum
2170 2310 2441 2371 praecepto
2470 2302 2633 2356 corda
2666 2310 2849 2357 nostra
2900 2302 2968 2357 ad
2997 2303 3215 2359 scienda
3246 2303 3365 2372 ejus

1774 2391 2022 2446 mandata
2052 2408 2435 2462 praeparamus.
2456 2393 2555 2448 Vel
2584 2409 2769 2449 coram
2796 2392 3026 2449 Domino
3055 2404 3201 2448 stant
3220 2395 3366 2449 elec-

1774 2481 1838 2548 ti,
1860 2478 2079 2551 quando
2119 2496 2148 2534 a
2191 2481 2415 2534 summis
2444 2480 2570 2535 viris
2598 2482 2651 2534 in
2681 2482 3050 2551 spiritualibus
3076 2482 3366 2536 virtutibus

1775 2576 2187 2632 considerantur
2219 2593 2231 2628 :
2263 2584 2322 2629 ut
2364 2576 2457 2646 qui
2506 2574 2698 2630 melior
2743 2575 2797 2629 in
2834 2574 2914 2629 eis
2957 2574 3236 2643 aspicitur,
3268 2591 3367 2645 per

1774 2668 2100 2740 pastoralem
2129 2683 2313 2723 curam
2337 2667 2547 2722 caeteris
2572 2664 2909 2737 praeferatur.
2935 2663 3002 2720 Et
3030 2666 3154 2736 quia
3188 2666 3369 2735 plures

1774 2770 1901 2816 sunt
1929 2760 2165 2815 fidelium
2193 2760 2427 2825 ordines,
2449 2775 2546 2829 per
2569 2758 2739 2815 tribus
2764 2768 2817 2813 et
2846 2758 3076 2813 familias
3098 2765 3246 2814 stare
3268 2773 3366 2813 co-

1774 2869 1889 2909 ram
1935 2851 2162 2908 Domino
2199 2852 2475 2921 jubentur.
2507 2850 2664 2918 Quod
2711 2848 2957 2921 profecto
3004 2847 3166 2904 latius
3204 2863 3363 2904 esse-

1775 2960 1965 3017 quens,
1995 2943 2175 3000 subdit
2202 2943 2385 2999 dicens
2415 2960 2429 2997 :

1850 3037 2027 3109 (Vers.
2062 3035 2151 3102 20,
2191 3035 2304 3107 2L)
2340 3033 2409 3087 Et
2448 3034 2696 3103 applicuit
2736 3033 2948 3089 Samuel
2986 3047 3165 3087 omnes
3205 3030 3368 3086 tribus

1778 3127 1968 3194 Israel,
1992 3137 2041 3182 et
2071 3127 2253 3181 cecidit
2276 3142 2388 3180 sors
2413 3141 2565 3196 super
2586 3124 2771 3178 tribum
2805 3123 3095 3195 Benjamin,
3118 3132 3168 3177 et
3194 3122 3368 3191 appli-

148 3212 333 3283 (Vers.
365 3212 479 3285 l7.)
521 3212 735 3271 Vocauit
772 3213 987 3271 Samuel
1011 3214 1259 3287 populum
1287 3215 1357 3269 ad
1394 3214 1673 3270 Dominum

1783 3221 1885 3276 cuit
1914 3220 2101 3275 tribum
2143 3219 2418 3290 Benjamin
2470 3227 2519 3272 et
2557 3217 2887 3289 cognationes
2916 3218 3058 3288 ejus,
3089 3225 3138 3270 et
3184 3214 3371 3269 cecidit

84 3304 131 3356 in
160 3301 472 3374 Hasphatlt.

147 3396 241 3451 3t.
283 3396 609 3467 MaSphath,
659 3407 719 3453 ut
768 3399 898 3466 dixi,
928 3400 1231 3470 speculatio
1261 3401 1671 3472 interpretatur.

86 3485 141 3540 la
169 3486 516 3542 ordinatione
539 3497 720 3543 autem
748 3489 892 3558 regis
921 3490 1151 3560 populus
1178 3490 1230 3544 in
1262 3489 1546 3559 lllasphath
1578 3507 1677 3545 vo--

81 3588 257 3644 (stur,
288 3582 418 3651 quia
446 3582 537 3651 qui
567 3580 638 3636 ad
668 3581 1027 3637 ordinandum
1045 3591 1248 3638 sancta:
1264 3581 1519 3638 Ecclesia:
1549 3598 1674 3651 pas-

82 3680 255 3727 torem
302 3672 665 3736 conveniunt,
690 3671 809 3742 ejus
835 3673 1158 3744 spiritualia,
1189 3690 1295 3728 non
1327 3674 1566 3728 carnalia
1595 3682 1674 3726 at-

83 3767 308 3823 tendere
337 3767 620 3822 docentur.
655 3767 935 3838 Speculari
967 3769 1183 3838 quidem
1215 3778 1296 3825 est
1320 3784 1417 3839 per
1441 3766 1673 3824 formam

80 3870 247 3911 sacra:
275 3856 572 3927 Scriptura:
602 3858 954 3913 ordinandum
997 3860 1406 3930 praedicatorem
1446 3874 1677 3928 cognos-

83 3962 225 4001 cere.
259 3946 399 4002 Nam
428 3947 724 4003 electorum
768 3950 1050 4019 speculum
1081 3967 1234 4007 sacra
1265 3950 1542 4021 Scriptura
1571 3960 1673 4006 est.

80 4038 243 4106 Quasi
292 4040 440 4095 enim
491 4056 592 4111 per
643 4042 920 4111 speculum
970 4042 1212 4099 noscitur
1254 4051 1461 4112 pastor,
1517 4045 1676 4113 252

82 4132 301 4202 quando
333 4132 582 4187 moribus
604 4133 725 4187 talis
755 4133 1080 4200 ostenditur,
1104 4134 1279 4204 qualis
1303 4135 1354 4188 in
1383 4150 1538 4190 sacro
1565 4135 1680 4190 elo—

79 4223 205 4291 quio
256 4222 603 4292 prmdicatur.
648 4223 794 4279 Bene
843 4224 1008 4293 igitur
1052 4224 1273 4280 Samuel
1323 4224 1580 4296 poplum
1624 4226 1678 4280 in

83 4313 367 4384 llasphath
396 4321 684 4381 convocat,
716 4322 775 4369 ut
801 4314 1000 4370 electio
1031 4316 1157 4371 boni
1191 4316 1447 4370 antistitis
1478 4331 1583 4369 non
1609 4315 1680 4369 sit

80 4404 318 4458 humano
344 4404 575 4473 judicio,
603 4404 698 4458 sed
731 4404 915 4460 divino
948 4423 960 4458 :
987 4421 1107 4460 cum
1142 4422 1249 4461 non
1281 4406 1402 4460 talis
1443 4406 1676 4474 eiig'tur,

83 4494 258 4562 qualis
289 4494 576 4549 hominum
627 4496 856 4550 arbitrio
902 4496 1118 4551 decerni
1149 4504 1351 4566 potest,
1381 4495 1475 4551 sed
1504 4496 1678 4564 qualis

1774 3316 2013 3386 cognatio
2040 3312 2218 3381 Metri,
2245 3321 2294 3365 et
2320 3312 2548 3382 pervenit
2578 3326 2738 3382 usque
2762 3309 2833 3361 ad
2859 3308 3027 3378 ﬁlium
3059 3304 3168 3361 Cis.

1845 3402 1934 3457 56.
1974 3402 2132 3457 Stare
2178 3416 2367 3457 omnes
2397 3416 2492 3471 per
2521 3399 2691 3454 tribus
2738 3408 2793 3453 et
2834 3397 3064 3452 familias
3110 3396 3268 3462 fecit;
3314 3405 3372 3450 ut

1775 3509 1965 3551 onmes
1993 3491 2398 3557 consideraret,
2430 3498 2485 3544 et
2514 3487 2872 3545 consideratis
2902 3486 3151 3541 omnibus
3189 3484 3373 3540 utilio-

1776 3602 1891 3642 rem
1920 3586 2163 3654 eligeret.
2207 3582 2318 3638 Sed
2346 3582 2471 3652 quia
2502 3581 2537 3651 i,
2559 3596 2617 3635 se
2637 3579 2772 3649 jam,
2814 3579 3042 3634 Domino
3072 3578 3369 3641 revelante,

1776 3691 1956 3745 regem
1987 3682 2338 3746 cognoverat,
2362 3687 2595 3741 eumque
2625 3672 2742 3741 ipso
2772 3671 3117 3741 praecipiente
3147 3669 3199 3722 in
3223 3669 3373 3738 prin-

1777 3767 1952 3837 cipem
2006 3772 2274 3829 unxerat,
2327 3764 2455 3835 quid
2511 3771 2594 3819 est
2638 3760 2782 3831 quod
2834 3762 3013 3816 adhuc
3060 3761 3365 3829 eligendam

1780 3853 1999 3927 [Forte,
2030 3850 2330 3924 eligendus]
2379 3868 2477 3922 per
2506 3852 2678 3906 tribus
2706 3858 2762 3905 et
2791 3849 3021 3904 familias
3070 3848 3370 3919 quaeritur?

1779 3942 1873 3998 sed
1902 3943 2151 3998 inventus
2179 3957 2274 3996 rex
2304 3957 2333 3995 a
2356 3941 2472 3996 solo
2494 3940 2761 4012 propheta
2784 3948 2922 3994 erat.
2953 3938 3207 3993 Inventus
3238 3952 3371 4007 ergo

1779 4034 2058 4105 qumritur,
2091 4041 2150 4088 ut
2175 4048 2280 4087 non
2321 4033 2572 4087 inventus
2589 4046 2618 4085 a
2643 4031 2845 4102 populo
2867 4030 3188 4085 inveniatur.
3213 4027 3373 4084 Sorts

1780 4124 1944 4179 etiam
1974 4123 2255 4194 qua-ritur,
2287 4132 2346 4177 ut
2375 4138 2498 4177 eum
2527 4137 2689 4191 quem
2720 4121 2984 4192 propheta
3014 4119 3236 4187 eligeret
3263 4118 3376 4174 dis—

1782 4216 2101 4287 pensatione
2150 4214 2330 4269 divina
2365 4223 2388 4249 ιι
2422 4213 2697 4284 provisum
2746 4211 2978 4284 populus
3023 4226 3130 4265 non
3186 4219 3376 4281 posset

1781 4306 2046 4362 dubitare.
2095 4304 2231 4371 Quid
2263 4318 2393 4375 ergo
2430 4304 2481 4358 in
2511 4304 2615 4359 hoc
2642 4302 2785 4359 facto
2818 4304 3082 4371 signatur,
3115 4303 3215 4358 nisi
3247 4304 3372 4373 quia

1783 4408 1981 4456 sanctae
2024 4397 2274 4453 Ecclesia
2302 4398 2573 4468 principes
2602 4398 2768 4452 multa
2809 4397 3244 4451 consideratione
3275 4396 3375 4451 e‘i-

1784 4491 1942 4562 gendi
1972 4492 2135 4545 sunt?
2161 4490 2369 4545 Summi
2390 4490 2589 4544 etenim
2616 4489 2995 4559 praedicatores
3017 4529 3030 4552 ,
3061 4504 3125 4543 ex
3159 4488 3394 4542 interna.

79 4582 129 4635 in
156 4598 323 4638 sacro
358 4582 578 4653 eloquio
601 4582 929 4637 declaratur.
957 4581 1112 4649 Quod
1140 4584 1264 4654 quia
1288 4583 1451 4638 divini
1483 4598 1671 4637 nnme-
1698 4592 1750 4655 ι)
1782 4585 1952 4653 gratia
1976 4583 2150 4638 sancti
2172 4582 2390 4651 spiritus
2420 4595 2581 4649 quam
2611 4579 2831 4643 habent,
2861 4594 3057 4647 magno
3082 4576 3375 4646 providen-

81 4673 299 4739 risest,
343 4681 564 4744 oportet
610 4681 671 4727 ut
714 4672 945 4743 populus
988 4674 1138 4743 quia
1174 4674 1285 4729 Deo
1317 4682 1424 4728 tam
1481 4689 1672 4742 magna

73 4773 408 4835 exspectare
449 4766 795 4833 cognoscitur
823 4781 852 4819 a
884 4775 1036 4820 reatu
1086 4782 1184 4821 suo
1211 4782 1309 4837 per
1346 4767 1675 4837 pcenitentiie

72 4856 510 4913 satisfactionem
560 4868 839 4928 purgetur.
878 4858 999 4928 Ipsa
1048 4868 1227 4914 autem
1269 4858 1507 4928 cognitio
1549 4874 1675 4928 pec-

69 4950 175 5004 cati
217 4958 315 5005 est
361 4951 680 5021 prmparatio
717 4950 881 5006 divini
922 4951 1158 5006 muneris
1184 4992 1198 5016 ,
1232 4951 1355 5022 quia
1386 4965 1528 5019 srepe
1553 4964 1675 5003 cum

72 5056 172 5095 nos
202 5042 406 5095 divino
435 5056 659 5095 munere
690 5041 936 5111 indignos
966 5043 1257 5107 credimus,
1288 5041 1340 5096 id
1370 5056 1468 5112 per
1495 5039 1677 5095 humi-

75 5130 290 5188 litatem
327 5148 725 5203 promeremur.
759 5132 915 5189 Uade
962 5141 1016 5189 et
1064 5134 1281 5189 Samuel
1333 5149 1427 5189 eos
1467 5134 1558 5204 qui
1609 5132 1679 5187 ad

71 5224 466 5293 excipiendum
488 5238 669 5293 regem
690 5232 1058 5280 convenerant
1078 5224 1225 5295 prius
1247 5223 1312 5278 ad
1336 5231 1680 5293 peceatorum

74 5330 310 5371 suorum
360 5316 851 5372 considerationem
899 5324 1220 5371 convertere
1267 5315 1496 5384 satagit,
1554 5313 1681 5383 quia

73 5406 435 5474 subjunctum
467 5415 547 5461 est
580 5425 594 5459 :

144 5496 351 5568 (νοις.
384 5497 472 5560 18,
520 5495 643 5568 l9.)
692 5495 759 5551 Et
806 5497 882 5551 ait
924 5496 1138 5552 Samuel
1180 5497 1250 5549 ad
1289 5497 1426 5563 ﬁlios
1468 5496 1683 5552 Israel:

74 5586 206 5641 Περι
239 5590 379 5641 dicit
416 5587 674 5643 Dominus
720 5587 857 5642 Deus
905 5587 1075 5641 Israel
1107 5604 1120 5641 :
1156 5586 1267 5658 Ego
1308 5588 1464 5642 eduxi
1515 5586 1683 5642 Israel

73 5680 135 5730 de
165 5676 451 5750 nggpto,
480 5689 531 5733 et
557 5681 668 5733 erui
697 5696 780 5733 ros
820 5680 881 5733 de
921 5695 1077 5733 manu
1114 5680 1345 5733 omnium
1374 5695 1569 5750 regum,
1594 5680 1678 5748 qui

146 5846 169 5874 ³
217 5837 412 5893 Vatic.
437 5847 489 5892 ct
510 5836 921 5907 Gilot.prorisus
948 5837 1163 5907 populus
1178 5853 1278 5892 non
1303 5844 1435 5891 esset
1460 5834 1712 5889 dubitare.

1780 4678 1869 4733 tias
1896 4673 2097 4728 lumine
2137 4672 2279 4742 pleni
2318 4680 2462 4726 sunt.
2496 4668 2562 4723 Et
2590 4670 2718 4739 quia
2766 4670 2921 4723 valde
2964 4677 3089 4721 sunt
3117 4666 3389 4730 humiles,

1780 4770 1847 4826 de
1876 4772 2098 4827 internre
2141 4766 2550 4822 illuminationis
2571 4782 2681 4821 suae
2708 4760 3074 4832 magnitudine
3104 4776 3210 4816 non
3235 4774 3375 4829 pras-

1782 4871 2022 4919 sumunt.
2053 4863 2231 4928 Quare
2259 4869 2312 4916 et
2342 4875 2405 4914 ea
2436 4874 2555 4929 qua:
2582 4856 2723 4927 apud
2747 4871 2805 4911 se
2834 4856 2973 4910 bene
2999 4854 3252 4909 ordinant
3274 4868 3371 4908 co—

1784 4970 1898 5009 ram
1931 4954 2051 5008 aliis
2079 4952 2329 5023 probant.
2352 4949 2510 5005 Solus
2536 4948 2682 5004 enim
2712 4948 2974 5017 propheta
2996 4944 3369 5016 253.1‘cgem

1783 5039 2023 5097 futurum
2078 5040 2273 5105 noscit,
2326 5037 2543 5108 quando
2591 5051 2832 5091 summus
2868 5044 3069 5089 saneta:
3114 5032 3372 5088 Ecclesia:

1785 5140 1966 5188 rector
1994 5146 2279 5201 personam
2308 5127 2593 5184 ordinandi
2638 5125 2872 5181 rectoris
2906 5133 2961 5180 et
3010 5124 3201 5180 merita
3238 5138 3374 5179 con-

1789 5224 1968 5294 spicit.
2000 5222 2171 5288 Quem
2201 5220 2365 5275 etiam
2394 5220 2445 5274 in
2477 5218 2772 5288 principem
2809 5216 2977 5285 ungit.
3000 5214 3217 5287 quando
3246 5228 3371 5269 eum

1785 5313 1940 5369 donis
1966 5312 2334 5382 spiritualibus
2362 5311 2578 5381 plenum
2601 5308 3041 5366 asserit-'l‘amcn
3068 5307 3249 5362 adhuc
3272 5322 3373 5376 po-

1786 5404 1971 5473 pulum
2000 5408 2298 5468 convocat,
2325 5415 2424 5471 per
2468 5399 2638 5455 tribus
2666 5407 2721 5454 et
2746 5399 3099 5467 cognationes
3141 5396 3373 5461 dividit,

1786 5500 1963 5549 sortes
1988 5490 2160 5562 ponit,
2187 5498 2243 5546 et
2269 5506 2391 5545 eum
2419 5504 2576 5560 quem
2609 5489 2758 5544 novit
2786 5488 2942 5557 quasi
2975 5502 3071 5557 per
3098 5492 3269 5540 artem
3302 5485 3376 5539 in-

1785 5584 1950 5639 venit.
1995 5580 2186 5637 Tribus
2231 5580 2447 5651 quidem
2478 5590 2532 5636 et
2563 5580 2776 5635 l‘ainili-a:
2814 5578 2966 5650 quasi
2995 5578 3176 5632 divisae
3205 5584 3369 5659 stant,

1786 5676 1999 5748 quando
2050 5678 2099 5729 in
2151 5682 2292 5729 statu
2347 5675 2604 5728 virtutum
2653 5671 2846 5729 diversi
2877 5678 3076 5727 sancta:
3120 5666 3376 5725 Ecclesiae
