3962 6292
589 354 693 407 5:97

1836 342 2081 398 SALVCTI
2122 342 2448 397 GIULGOIUI
2488 340 2701 396 MAGNI
3755 343 3837 400 503

589 467 807 522 ordines
837 463 1206 518 attenduntur.
1239 461 1371 515 Nam
1398 477 1519 516 cum
1568 460 1927 530 perfectiones
1970 458 2175 513 electo-
2212 463 2249 519 Î‘
2279 458 2377 511 viri
2407 457 2693 526 displicere
2747 457 2859 511 Deo
2919 456 3131 524 nolunt,
3162 456 3344 529 255.,
3387 457 3706 526 prazlationis
3746 464 3844 516 otii.

588 574 703 612 rutn
735 557 912 626 plures
941 556 1232 621 intuemur,
1254 569 1377 607 cum
1410 553 1700 607 candorem
1734 551 2022 619 virginum,
2053 564 2174 603 cum

590 650 754 703 rohur
778 647 1190 710 continentium,
1219 661 1339 698 cum
1364 645 1592 698 honesta
1618 642 1917 698 ministeria
1944 641 2176 695 clerico-

588 756 727 800 rutn,
745 753 866 792 cum
888 737 1273 791 monachorum
1301 735 1719 791 sollicitudinem
1749 734 2010 797 videmus,
2032 732 2180 786 velut

590 840 795 883 stantes
827 829 996 881 tribus
1021 827 1369 881 attendimus.
1396 824 1457 878 Et
1482 827 1605 894 quia
1638 826 1689 879 in
1724 825 1814 878 Dei
1848 823 2067 877 servitio
2089 824 2181 877 ho-

588 937 706 973 rum
740 920 906 973 multa
938 920 1169 973 varietas
1198 925 1299 979 est,
1332 916 1460 970 dum
1500 931 1561 969 ea
1584 931 1703 984 qua:
1725 923 1850 969 sunt
1881 914 1931 968 in
1959 913 2183 981 singulis

589 1011 893 1073 ordinibus,
935 1013 1063 1064 item
1114 1010 1408 1063 varietates
1438 1008 1748 1077 aspicimus,
1797 1007 1949 1075 quasi
1980 1014 2184 1061 stantes

590 1117 699 1154 non
742 1101 917 1155 solum
964 1101 1162 1163 tribus,
1213 1099 1306 1153 sed
1336 1099 1498 1153 etiam
1530 1099 1881 1166 cognationes
1914 1097 2181 1152 virlcmus.

590 1190 659 1244 Et
688 1206 806 1244 sors
831 1206 993 1259 super
1024 1190 1219 1243 tributn
1249 1189 1391 1243 cadit
1420 1206 1431 1240 :
1461 1188 1585 1257 quia
1614 1188 1867 1242 meliores
1897 1187 1995 1241 viri
2042 1200 2185 1255 stepe

590 1283 645 1336 in
676 1298 780 1336 uno
811 1282 997 1334 ordine
1036 1296 1197 1348 quam
1249 1280 1301 1333 in
1342 1280 1449 1334 alio
1476 1280 1842 1333 invsniuntnr.
1876 1278 2009 1332 Nam
2038 1278 2185 1331 velut

589 1382 793 1427 sortem
828 1371 995 1424 tribus
1021 1371 1237 1436 accipit,
1273 1370 1489 1437 quando
1510 1371 1543 1423 ii
1567 1370 1658 1437 qui
1684 1369 2036 1438 petfectiores
2059 1377 2186 1423 sunt

598 1464 720 1517 aliis
767 1463 1060 1517 conveni'e
1114 1462 1362 1515 videntur
1411 1462 1711 1515 ministerio
1764 1461 2179 1529 prtedicationis.

591 1555 699 1609 Sed
727 1570 831 1607 non
855 1568 1015 1622 super
1037 1569 1320 1621 personam
1349 1552 1651 1617 adhue,sed
1674 1552 2047 1622 supertribum
2067 1568 2185 1606 sors

591 1646 757 1708 cadit,
778 1645 990 1713 quando
1017 1644 1192 1712 plures
1220 1645 1413 1700 suntin
1442 1644 1634 1714 quibus
1661 1658 1889 1712 persona
1913 1642 2069 1709 digna
2096 1658 2183 1695 re-

591 1738 862 1792 conditur.
900 1736 1087 1790 Adhuc
1116 1736 1295 1805 itaque
1334 1736 1559 1789 sutnntis
1597 1735 1724 1788 viris
1755 1741 1997 1788 remanet
2039 1733 2183 1801 quid

2282 553 2427 605 cium
2463 552 2742 620 suscipere
2769 550 2948 605 vocati
2980 548 3268 618 refugiunt.
3319 549 3427 606 Sed
3452 559 3508 605 et
3532 552 3757 608 eamdem
3778 556 3843 610 fu-

2280 659 2401 712 gam
2426 643 2706 698 ministerii
2737 643 2805 697 ad
2838 643 3087 697 virtutem
3139 641 3459 696 humilitatis
3506 644 3715 712 habent,
3758 664 3843 703 non

2282 734 2348 787 ad
2374 733 2689 803 jactantiam
2719 732 3015 801 dignitatis.
3068 733 3200 785 Nam
3245 741 3506 800 quantum
3538 744 3750 802 possunt
3784 739 3847 790 iu-

2283 823 2472 893 giunt;
2504 822 2599 875 sed
2630 822 2673 875 si
2715 838 2744 875 a
2775 821 3003 875 Domino
3032 821 3230 890 provisi
3266 830 3412 883 sunt,
3438 821 3743 879 delitescere
3766 842 3844 881 nc-

2283 929 2550 982 quaquam
2584 920 2832 980 possunt.
2858 911 3038 978 Quare
3066 922 3121 965 et
3147 912 3288 965 idetn
3312 911 3441 966 Saul
3470 913 3614 968 donti
3641 915 3838 971 abscon-

2283 1002 2447 1069 ditur,
2478 1003 2571 1057 sed
2602 1003 2828 1057 Dontino
2861 1001 3126 1072 pandente
3175 1011 3530 1068 monstratur,
3563 1004 3683 1074 quia
3717 1006 3847 1063 electi

2284 1095 2386 1148 viri
2416 1094 2779 1148 exterioribus
2807 1109 2865 1147 se
2889 1105 3090 1147 sancta:
3134 1093 3390 1150 Ecclesia:
3417 1096 3725 1151 ministeriis
3746 1098 3848 1153 sub~

2286 1186 2524 1249 trahunt,
2586 1187 2881 1239 sedtamcn
2937 1187 3004 1239 ad
3027 1188 3299 1240 exteriora
3345 1187 3644 1241 ministeria
3699 1189 3848 1259 dispo-

2287 1279 2456 1333 nenda
2491 1279 2715 1331 Dnntitto
2738 1278 3082 1347 dispensante
3130 1278 3522 1347 producuntur.
3588 1278 3717 1345 Quia
3747 1297 3848 1337 vero

2287 1386 2429 1424 nunc
2459 1371 2511 1423 itt
2542 1378 2726 1423 sancta
2756 1368 2995 1424 Ecclesia
3024 1370 3113 1439 qui
3146 1386 3204 1423 se
3241 1371 3562 1425 subtrahant
3590 1372 3743 1426 tantis
3768 1372 3848 1427 lto-

2286 1460 2510 1514 noxibus
2534 1460 2690 1529 pauci
2746 1473 2891 1523 sunt,
2932 1460 3024 1529 qui
3081 1476 3140 1515 se
3191 1462 3433 1530 ingeram
3477 1463 3651 1527 tnulti,
3688 1474 3843 1519 notare

2286 1551 2375 1619 qui
2405 1566 2463 1604 se
2494 1551 2743 1618 ingerunt
2774 1551 3004 1616 debent;
3040 1552 3165 1621 quia
3198 1552 3241 1605 is
3270 1553 3359 1621 qui
3401 1568 3431 1606 a
3464 1554 3721 1623 propheta
3774 1556 3849 1609 do-

2286 1643 2356 1696 mi
2379 1642 2726 1698 absconditus
2765 1644 2981 1710 dicitur,
3010 1660 3115 1699 non
3141 1645 3207 1698 ad
3257 1645 3594 1713 spiritualem
3634 1645 3849 1702 Ecclesia:

2286 1736 2625 1803 dignitatem,
2656 1736 2748 1790 sed
2780 1736 2845 1789 ad
2875 1737 3186 1790 smeularem
3238 1737 3385 1804 regni
3412 1737 3638 1804 gloriam
3684 1753 3850 1807 qutere.

593 1829 887 1897 inquirant.
940 1827 1084 1881 Bene
1137 1842 1266 1894 ergo
1295 1842 1413 1881 sors
1460 1842 1618 1895 super
1661 1826 1855 1879 tribuat
1904 1824 2179 1893 Benjamin
2218 1829 2255 1885 ll
2287 1829 2460 1882 batur.
2494 1827 2610 1879 Non
2640 1827 2781 1880 enim
2815 1827 2865 1879 in
2907 1826 3211 1895 pontificem
3242 1827 3387 1881 hunc
3439 1828 3756 1897 quaerebant,
3776 1831 3847 1882 sed

594 1920 851 1973 cecidisse
902 1918 1137 1985 dicitur;
1171 1918 1388 1972 Samuel
1438 1929 1618 1972 autem
1671 1918 1840 1986 ipsam
1897 1917 2095 1970 tribum
2135 1926 2189 1970 tt

590 2008 707 2080 ejus
736 2010 1086 2079 cognationes
1117 2010 1443 2079 applicuisse
1484 2018 1541 2064 et
1586 2009 1651 2063 ad
1682 2008 1771 2063 Cis
1799 2008 1964 2061 lilium
1997 2024 2187 2077 perve-

590 2102 762 2166 nisse,
811 2102 934 2168 quia
984 2100 1141 2154 electi
1196 2109 1252 2154 et
1302 2101 1495 2155 suntmi
1539 2100 1638 2153 viri
1688 2115 1887 2152 sancte
1937 2097 2187 2152 Ecclesia:

592 2191 941 2245 considerare
972 2191 1199 2245 virtutes
1249 2191 1582 2259 singulorum
1623 2206 1729 2244 non
1776 2189 2048 2251 desinunt,
2092 2189 2189 2242 do-

592 2296 694 2335 nec
720 2279 785 2333 ad
818 2295 938 2334 cum
982 2281 1203 2333 veniant
1248 2279 1339 2347 qui
1382 2294 1431 2331 nt
1458 2278 1662 2333 nisterii
1714 2276 1998 2345 pasto:alis
2042 2286 2189 2331 sorte

593 2371 789 2437 dignus
818 2371 1143 2424 inchiatur.
1167 2370 1273 2424 Sed
1302 2370 1394 2438 qui
1424 2369 1570 2437 digni
1600 2378 1744 2434 sunt,
1778 2384 1915 2423 onus
1947 2369 2077 2422 tanti
2101 2385 2189 2423 or-

594 2460 735 2514 dinis
777 2460 1052 2528 suscipere
1104 2460 1455 2514 vehementer
1493 2466 1877 2528 expavescunt.
1940 2456 2089 2513 Unde
2137 2468 2189 2513 ct

598 2551 845 2619 sequitur
878 2568 891 2603 :

677 2664 852 2733 (Vcrs.
886 2664 977 2727 2|,
1008 2663 1123 2733 â€˜29..)
1159 2661 1486 2727 Quwsierunt
1513 2679 1636 2732 ergo
1665 2679 1799 2727 eum,
1827 2670 1873 2715 et
1903 2679 2007 2717 non
2049 2663 2188 2716 inre-

596 2766 781 2808 neruut
813 2771 829 2807 :
852 2764 899 2807 et
926 2756 1291 2808 consuluerunt
1312 2771 1404 2823 pro
1434 2771 1492 2807 eo
1518 2752 1795 2807 Dominum
1822 2794 1835 2815 ,
1891 2761 2187 2806 utrumnam

596 2853 841 2899 venturus
878 2852 1009 2898 esset
1041 2845 1179 2897 illuc.
1206 2843 1588 2916 Ilespouditquc
1616 2843 1904 2897 Dominus:
1936 2841 2069 2897 Ecce
2097 2842 2190 2897 ab-

599 2938 868 2992 sconditus
900 2948 974 2991 est
1004 2937 1165 2992 danti.

672 3047 759 3103 55.
793 3049 1137 3104 Abscondunt
1159 3050 1359 3120 quippe
1387 3064 1446 3103 se
1494 3064 1563 3103 ne
1618 3048 2007 3104 inveniantur:
2068 3049 2193 3119 quia

598 3141 779 3197 subire
799 3140 1114 3208 dignitatem
1161 3140 1428 3209 refugiunt
1479 3140 1631 3209 cujus
1660 3139 1815 3194 oneri
1839 3155 1896 3194 se
1934 3154 2053 3193 esse
2094 3141 2197 3194 im-

2289 1934 2470 1987 regem
2511 1918 2689 1972 facere
2721 1918 2993 1972 volebant.
3041 1918 3237 1972 Videat
3286 1932 3415 1987 ergo
3454 1918 3737 1983 sacerdos,
3764 1935 3845 1988 qua

2290 2019 2469 2065 mente
2501 2008 2812 2077 fugiendum
2865 2009 2935 2063 sit
2991 2009 3210 2064 culmen
3263 2018 3467 2064 sancta:
3517 2008 3844 2072 Ecclesiar,si

2291 2100 2502 2154 culmen
2530 2099 2709 2155 sa-cttli
2739 2098 3105 2154 conscendere
3136 2108 3242 2152 tam
3294 2107 3454 2153 caute
3490 2111 3649 2165 reges
3676 2101 3844 2166 fugere.

2291 2190 2400 2245 Sed
2428 2191 2552 2259 qu'a
2578 2189 2751 2243 sancti
2793 2189 2889 2242 viri
2922 2205 3028 2257 qui
3085 2188 3371 2243 instantius
3428 2188 3697 2255 suscipere
3724 2188 3846 2242 0rd;-

2291 2296 2415 2335 nem
2432 2278 2758 2351 prelatiouis
2786 2280 3051 2347 refugiunt
3074 2296 3105 2333 a
3134 2279 3341 2335 devotis
3370 2279 3616 2349 plebibus
3638 2280 3845 2333 dtvutius

2292 2373 2659 2443 requiruntur,
2692 2373 2933 2441 sequitur
2964 2390 2976 2425 :

2367 2506 2545 2576 (Vers.
2577 2507 2690 2576 25.)
2721 2508 3104 2562 Coucurreruut
3156 2518 3202 2562 et
3231 2509 3461 2563 tulerunt
3488 2526 3603 2562 cum
3626 2510 3749 2563 inde.

2366 2594 2496 2651 Post
2524 2596 2637 2650 haec
2665 2595 2827 2650 etiam
2857 2596 3099 2651 subditur
3125 2614 3136 2650 :

2368 2707 2637 2778 (lbidem.)
2670 2708 2925 2780 Stetitque
2951 2709 3190 2763 iuntedio
3220 2712 3413 2781 popuâ€™i.

2368 2812 2456 2866 56.
2481 2812 2535 2866 ln
2567 2813 2745 2869 medio
2776 2814 2959 2883 populi
2988 2822 3094 2868 stat
3116 2816 3388 2885 praelatus,
3413 2816 3629 2887 quando
3658 2819 3717 2873 ab
3743 2818 3840 2871 uni-

2298 2904 2466 2958 versis
2494 2904 2720 2959 subditi;
2751 2904 2867 2973 ejus
2895 2905 3151 2960 fortitudo
3180 2908 3525 2977 conspicitur.
3549 2907 3699 2963 Stare
3724 2925 3849 2963 natnâ€˜

2301 3008 2407 3062 que
2436 2993 2649 3048 virtutis
2679 3003 2781 3048 est.
2833 2993 2934 3060 Qui
2983 3011 3112 3064 ergo
3143 2996 3282 3051 bona
3326 3008 3587 3068 ogeratur
3629 2999 3851 3053 instantrr

2300 3090 2423 3138 stat.
2457 3083 2523 3137 Et
2547 3084 2670 3152 quia
2701 3085 2889 3139 eadem
2919 3087 3059 3140 bona
3109 3102 3275 3156 opera
3316 3090 3622 3160 exemplum
3669 3091 3852 3143 minori-

2305 3174 2402 3227 bus
2435 3182 2707 3242 prtcstant,
2741 3175 2791 3230 in
2824 3176 3002 3230 medio
3029 3178 3372 3247 populistare
3390 3195 3495 3233 non
3524 3180 3575 3235 in
3602 3180 3850 3235 solitudine

604 3250 760 3301 pares
782 3234 1133 3286 arbitrantur.
1167 3231 1341 3285 liabet
1386 3232 1586 3301 quippe
1627 3232 1921 3300 spiritualis
1951 3231 2194 3299 praelatio
2221 3214 2267 3277 (á¼¶

603 3327 930 3379 exteriorem
986 3324 1210 3392 gloriam
1258 3324 1553 3391 dignitatis,
1605 3324 1765 3379 habet
1816 3333 1871 3377 et
1926 3324 2196 3379 interioris

606 3413 1027 3480 magnitudinem
1069 3414 1267 3481 operis.
1322 3413 1453 3467 Nam
1505 3422 1685 3468 rector
1736 3421 1791 3467 ct
1839 3422 2099 3467 onoratur
2163 3429 2193 3467 a

610 3503 860 3567 subditis,
893 3513 948 3557 et
978 3513 1157 3573 portat
1187 3520 1326 3559 eosa
1358 3506 1554 3572 quibus
1583 3508 1898 3561 honoratur.
1931 3508 2065 3561 Cum
2095 3506 2194 3561 ho-

606 3594 754 3649 noris
781 3609 909 3662 ergo
932 3595 1194 3663 principio
1217 3611 1377 3650 causa
1410 3597 1647 3650 tta-'citur
1668 3598 1904 3664 honeris,
1933 3599 2056 3668 quit
2091 3615 2194 3652 un-

605 3684 674 3738 de
696 3685 871 3738 honor
898 3700 926 3737 a
957 3694 1172 3739 rectore
1196 3687 1478 3754 excipitur,
1516 3686 1638 3741 inde
1666 3688 1795 3741 illud
1824 3687 2047 3758 suscipit
2088 3703 2198 3757 quo

612 3786 886 3845 gravetur.
920 3779 1234 3848 Quanquam
1269 3780 1382 3849 ipse
1414 3780 1589 3834 honor
1628 3780 1903 3848 dignitatis
1930 3797 2027 3850 per
2052 3783 2198 3851 seip-

608 3885 729 3923 sum
760 3883 1013 3937 magnum
1039 3871 1109 3923 sit
1138 3885 1274 3924 onus
1299 3872 1510 3934 mentis,
1536 3870 1661 3939 quia
1688 3872 1959 3925 contemni
1989 3871 2148 3926 debet
2179 3911 2194 3937 ,

605 3966 663 4011 et
685 3958 881 4028 placet.
912 3959 1196 4013 Contemni
1227 3960 1443 4028 quidem
1489 3960 1651 4013 debet
1701 3977 1767 4014 ne
1820 3970 2054 4015 mentem
2103 3976 2200 4031 per

604 4048 913 4117 superbiam
954 4048 1128 4102 elevet
1155 4066 1170 4115 ;
1193 4058 1249 4101 et
1284 4051 1478 4118 suscipi
1511 4050 1688 4115 debet,
1724 4060 1781 4104 ut
1809 4053 2047 4106 cmlestia
2078 4069 2198 4123 qua:

604 4139 802 4189 doctor
828 4137 1084 4205 loquitur,
1137 4138 1364 4204 subjecti
1406 4151 1752 4193 venerentur.
1808 4140 2038 4195 Gravius
2070 4157 2199 4210 ergo

611 4239 751 4276 onus
774 4224 840 4278 de
869 4225 1075 4278 honore
1100 4227 1357 4287 nascitur,
1391 4228 1514 4297 quia
1542 4227 1745 4281 electus
1791 4238 1977 4296 pastor
2010 4244 2200 4297 magna

618 4313 783 4366 animi
816 4315 1010 4368 virtute
1032 4314 1173 4368 ferre
1210 4324 1410 4383 potest,
1460 4326 1516 4370 ut
1573 4316 1835 4387 despiciat
1888 4319 2012 4373 illud
2062 4321 2111 4373 in
2143 4337 2202 4376 se

608 4402 753 4496 quod
781 4419 877 4472 pro
906 4401 1015 4457 Deo
1042 4404 1237 4472 recipit
1257 4405 1308 4459 in
1352 4421 1431 4471 se,
1460 4414 1517 4459 ut
1547 4407 1798 4461 videlicet
1826 4407 1945 4461 talis
1967 4424 2066 4477 pro
2092 4409 2201 4464 Deo
2374 4422 2464 4475 57,
2502 4422 2631 4477 [me
2660 4439 2820 4493 supra
2848 4424 3179 4480 ostendimus
3210 4423 3350 4495 (Lib,
3387 4442 3435 4478 Î¹Î½
3460 4467 3473 4488 Î½
3501 4442 3615 4496 cap.
3650 4424 3702 4491 Î¹,
3742 4440 3861 4476 ÎºÎµá½·Ï‰,

605 4494 697 4561 sit,
720 4496 813 4550 sed
839 4497 938 4550 sibi
989 4496 1111 4550 talis
1140 4513 1246 4551 non
1278 4498 1347 4550 sit
1376 4507 1430 4551 et
1475 4500 1823 4567 semetipsum
1865 4501 2097 4567 abneget
2146 4511 2189 4554 et

2305 4513 2420 4580 9.0),
2445 4515 2586 4583 quod
2643 4516 2916 4571 excellens
2957 4518 3272 4585 magnitudo
3320 4534 3361 4571 es
3390 4517 3563 4586 rporis
3606 4519 3658 4571 in
3697 4514 3863 4570 sanctis

606 4602 719 4641 non
750 4588 1014 4655 abneget;
1048 4596 1109 4643 ttt
1136 4589 1205 4642 sit
1235 4590 1378 4658 quod
1408 4600 1489 4645 est
1538 4607 1635 4660 pro
1680 4591 1813 4658 Deo,
1845 4600 1901 4646 ct
1950 4593 2093 4663 quod
2120 4602 2189 4649 est

2308 4605 2744 4673 praedicatoribus
2775 4608 3019 4677 designet
3042 4619 3386 4678 augmentum
3433 4608 3792 4677 perfectionis.
3817 4605 3863 4658 ln

606 4691 709 4745 pro
738 4679 1051 4747 semetipso,
1075 4695 1181 4733 non
1206 4680 1295 4734 sit.
1330 4679 1516 4735 llonor
1552 4682 1733 4751 itaque
1774 4683 1987 4737 oblatus
2014 4699 2042 4735 a
2072 4684 2198 4737 sub-
2307 4696 2626 4765 medioergo
2656 4700 2836 4767 Î¹Î¹Î¿ÏÏ…Î¾á½·
2864 4700 3107 4754 sublimis
3128 4701 3407 4769 aspicitur,
3440 4702 3530 4767 qui
3557 4700 3608 4752 á½·Î·
3634 4700 3861 4753 virtutum

602 4770 752 4835 jecto
779 4771 1087 4840 suscipitur,
1121 4781 1177 4826 ut
1205 4773 1514 4843 pranlicatio
1559 4775 1987 4829 commendetur.
2017 4775 2189 4830 Hono-

2305 4784 2538 4839 culntine
2559 4788 2785 4854 positus,
2811 4803 2839 4840 a
2863 4788 3089 4843 subditis
3119 4805 3226 4843 non
3253 4790 3511 4843 nescitur.
3546 4788 3744 4843 Rectus
3762 4785 3855 4854 qui-

608 4874 727 4913 Î¥Î¸Î¹Î·
752 4875 967 4930 quoque
991 4862 1229 4917 Î¿Ï‰Î¿á¿‘Ï…Î¹Î·
1283 4864 1605 4934 Î¹Ï€Ï‰á½±á½·Î¿á½·Î¹Î¹Î¿Ï„
1656 4865 1885 4934 á¼€Î¸ÎµÏá½·Î¿á½·Î¹
1912 4866 2035 4933 (lilia
2089 4882 2196 4921 Î·Î¿Î·
2304 4875 2426 4930 dem
2458 4877 2592 4931 ordo
2615 4879 2769 4932 electi
2795 4880 3161 4947 pnedicatoris
3182 4889 3263 4935 est
3288 4889 3346 4934 Î¹Î¹Î¹
3367 4888 3493 4934 ante
3507 4879 3860 4934 sublimitatem

614 4948 896 5003 extollitur
923 4952 1065 5020 quod
1097 4952 1417 5019 honoratur,
1438 4954 1531 5008 sed
1547 4955 1897 5025 gaudetquod
1929 4958 2077 5011 verbi
2103 4957 2196 5012 Dei
2303 4964 2654 5019 ecclesiastici
2677 4967 2942 5030 culminis,
2993 4970 3206 5023 culmen
3247 4969 3577 5024 conscendat
3630 4965 3824 5022 virtutis
3848 5001 3862 5025 ,

611 5038 966 5130 ministerium
1019 5044 1446 5099 commendetur.
1505 5044 1619 5099 Hoc
1640 5054 1819 5099 autem
1866 5061 2029 5115 quam
2059 5046 2198 5101 diiliv
2305 5068 2403 5122 pro
2435 5054 2642 5111 honore
2669 5056 2760 5111 Dei
2793 5060 3004 5115 culmen
3045 5062 3287 5115 obtineat
3315 5062 3521 5130 glrriar,
3564 5060 3657 5115 sed
3703 5055 3858 5125 majori

605 5128 727 5221 cile,
742 5140 952 5199 agatur,
1016 5136 1302 5203 cogitando
1332 5136 1523 5191 melius
1552 5150 1714 5205 quam
1744 5137 2012 5207 loqurndo
2052 5154 2196 5194 com-
2307 5144 2636 5200 sublimitate
2674 5147 2893 5216 fulgeat.
2930 5161 2954 5185 á¼°
2985 5152 3217 5206 revrlntt
3250 5128 3505 5206 virâ€”tutum
3539 5151 3843 5221 perfectione

613 5220 984 5288 prehenditur.
1018 5223 1151 5279 Nam
1188 5226 1412 5281 infirmis
1440 5228 1711 5283 mentibus
1761 5228 2093 5298 impossibile
2119 5240 2204 5285 est
2307 5234 2451 5289 Talis
2477 5238 2690 5300 quidem
2735 5238 2926 5295 Pastor
2954 5257 2983 5295 a
3032 5243 3282 5311 perfectis
3330 5243 3455 5296 viris
3498 5220 3653 5297 valde
3707 5236 3861 5310 prmedi-

608 5328 748 5369 onus
774 5315 1000 5370 aliorum
1030 5317 1241 5373 fortiter
1270 5317 1411 5375 ferre
1427 5329 1481 5375 et
1513 5320 1679 5375 oblati
1704 5320 1924 5375 honoris
1943 5336 2200 5376 reveren-
2305 5326 2506 5383 candus
2532 5336 2635 5395 est,
2663 5345 2691 5381 a
2723 5331 3019 5386 minoribus
3049 5332 3342 5401 capiendus
3370 5341 3534 5400 atque
3575 5326 3857 5398 diligendus.

608 5402 743 5458 tiam
761 5406 955 5461 mentis
977 5406 1504 5478 virtutedisponere;
1524 5418 1582 5463 ut
1614 5411 1755 5463 inter
1770 5408 2006 5476 ejusdem
2023 5408 2202 5464 hono-
2308 5412 2452 5468 Bene
2483 5431 2611 5483 ergo
2641 5418 2985 5485 subjunctum
3019 5428 3100 5474 est
3143 5438 3156 5472 :
3202 5419 3271 5473 Et
3301 5422 3375 5474 ait
3403 5421 3473 5473 ad
3504 5435 3707 5474 omnem
3734 5428 3860 5484 popâ€œ-

610 5493 686 5545 ris
715 5496 994 5564 obsequia,
1027 5498 1093 5550 de
1124 5498 1367 5566 profectu
1397 5498 1730 5554 subditorum
1758 5500 1995 5567 gaudere
2022 5498 2158 5556 sciat
2186 5539 2202 5567 ,
2306 5504 2411 5557 tum
2440 5524 2450 5554 :
2484 5505 2630 5561 Certe
2652 5510 2852 5577 ridetis,
2883 5527 3031 5579 quem
3077 5515 3225 5583 elegit
3282 5509 3561 5578 Dominus,
3622 5507 3749 5581 quod
3782 5516 3861 5556 Ï„Î¹Î¿Î¹

612 5588 667 5633 et
692 5597 789 5651 pro
817 5585 1119 5639 reverentia
1134 5602 1228 5641 sua
1246 5595 1452 5643 tumere
1471 5589 1695 5645 nesciat.
1723 5588 1855 5655 Quia
1888 5604 2017 5659 ergo
2039 5590 2199 5647 electi
2306 5595 2370 5647 sit
2397 5596 2442 5649 ei
2469 5597 2651 5652 similis
2690 5600 2741 5652 iu
2764 5602 2905 5654 onmi
2926 5603 3132 5672 populo.

2301 3266 2557 3319 cernitur.
2618 3264 2771 3331 Quod
2828 3266 2990 3321 ctiant
3042 3284 3141 3337 pro
3199 3269 3520 3325 rectitudine
3580 3271 3853 3325 intentionis

2299 3357 2500 3411 dictum
2550 3373 2672 3412 esse
2711 3358 3096 3413 convenienter
3140 3360 3419 3429 accipitur.
3468 3362 3568 3428 Qui
3599 3363 3727 3416 enitn
3769 3372 3852 3414 stat

2299 3447 2620 3501 rectitudine
2642 3448 2911 3517 corporis,
2942 3459 3104 3520 caput
3142 3451 3195 3505 in
3225 3452 3457 3507 sublime
3484 3454 3638 3508 tollit.
3663 3453 3750 3520 Qui
3779 3470 3852 3505 te-

2300 3553 2362 3591 ro
2392 3538 2530 3592 bona
2563 3539 2775 3607 publice
2799 3541 2908 3609 agit
2958 3557 3064 3596 non
3096 3551 3204 3596 stat
3258 3543 3567 3601 fortitudine
3616 3547 3780 3616 opetis
3820 3544 3852 3596 si

2300 3629 2680 3684 rectitudinetn
2712 3646 2815 3685 non
2878 3632 3042 3687 habet
3074 3632 3407 3690 intentionis.
3454 3634 3510 3689 In
3557 3635 3724 3690 medio
3751 3649 3853 3702 ergo

2301 3720 2482 3790 populi
2510 3730 2655 3776 stare
2683 3738 2779 3777 rex
2808 3721 3024 3790 dicitur,
3070 3734 3127 3778 ut
3176 3726 3517 3794 prmlatorum
3545 3735 3732 3781 sancta:
3776 3725 3854 3778 Ec-

2301 3809 2476 3863 clesia:
2497 3812 2667 3866 forma
2700 3822 3027 3869 monstretur
3055 3831 3068 3880 ;
3093 3816 3218 3883 quia
3260 3817 3326 3870 ad
3367 3817 3673 3886 exemplum
3704 3815 3853 3871 subdi-

2305 3908 2479 3955 torum
2509 3902 2650 3957 bona
2683 3919 2850 3973 opera
2865 3906 3061 3959 debent
3084 3906 3371 3961 osendere
3395 3949 3408 3971 ,
3466 3908 3559 3961 sed
3590 3906 3657 3962 de
3697 3907 3855 3961 eodem

2304 3991 2446 4045 bono
2476 4009 2640 4063 opere
2668 3995 2949 4064 suscipere
2987 3997 3168 4051 mundi
3210 3997 3435 4064 gloriam
3482 3997 3732 4052 devitarc.
3764 3994 3854 4049 Sed

2303 4089 2359 4135 et
2385 4095 2617 4152 quantus
2648 4101 2909 4155 apparere
2933 4086 3125 4142 debeat
3146 4088 3344 4153 subdit,
3380 4097 3543 4158 atque
3572 4090 3647 4142 ait
3675 4106 3687 4141 :

2376 4214 2647 4284 (lbidcnu)
2678 4216 2746 4269 Et
2776 4218 2935 4273 altior
2954 4227 3064 4272 erat
3095 4220 3234 4274 omni
3272 4220 3463 4289 populo
3514 4220 3579 4273 ab
3610 4221 3804 4274 humero
3819 4226 3859 4271 et

2303 4323 2526 4360 annum.

688 5793 710 5816 Î¹Î¹
747 5782 911 5838 Î¥á½·Î¹á½¶á¼±Ï.
948 5784 1184 5841 ctGilet.
1220 5788 1420 5841 addunt
1450 5787 1522 5839 iu.
