3962 6266
127 270 224 328 309

951 272 1013 326 IN
1059 270 1321 328 PRIMUM
1364 271 1599 328 l‘lEGUM
1642 272 2153 334 EXPOSITIONES.
2195 305 2265 316 -
2305 275 2441 331 LIB.
2485 276 2576 332 IV.

3305 291 3410 346 510

192 380 368 455 (Vers.
432 382 552 453 9.5.)
608 382 674 437 Et
719 383 958 436 clamavit
989 395 1198 438 cunetus
1238 386 1499 455 populus:
1565 385 1712 440 Vivat
1745 389 1786 444 Λ
1820 386 2008 439 altario
2028 389 2158 440 rirat
2183 385 2237 456 (Ι
2266 387 2388 442 Cor.
2419 405 2494 454 Ix,
2530 389 2644 461 1-4).
2672 389 2822 447 Hanc
2841 364 3040 464 quippe
3063 395 3234 464 legem
3262 404 3410 467 regni

128 493 215 531 rex
222 517 234 529 .

193 567 451 635 Sequitur
478 584 490 618 ε

197 659 375 730 (V'ers.
427 657 544 726 Μ.)
587 657 813 711 Locutus
855 667 932 710 est
974 657 1192 712 Samuel
1246 660 1312 711 ad
1348 662 1596 730 populum
1646 662 1716 716 le-

127 765 236 820 gem
263 748 444 817 regni,
473 756 521 800 et
562 746 769 817 scripsit
797 747 849 800 in
878 745 1034 812 libro,
1080 757 1130 800 et
1170 751 1340 817 posuit
1389 765 1563 804 coram
1608 750 1720 806 Do-

125 855 284 892 mmo.

195 947 287 1003 58.
320 947 396 1003 De
411 947 535 1018 jure
565 947 736 1016 regio,
768 947 893 1016 quia
925 952 1031 1004 late
1051 951 1296 1019 superius
1316 949 1546 1006 diximus
1575 953 1712 1024 (Lib.

125 1055 191 1102 iv,
229 1055 348 1108 cap.
380 1037 437 1104 4,
467 1055 614 1094 num.
642 1037 878 1109 4,seq.),
926 1040 1030 1096 hoc
1054 1049 1259 1096 tantum
1290 1043 1358 1098 de
1383 1044 1475 1099 illo
1502 1061 1713 1101 memo-

128 1143 328 1194 ramus,
357 1128 484 1197 qnia
512 1128 578 1182 ad
625 1129 906 1184 historiam
957 1146 1065 1186 non
1113 1132 1452 1202 praecipitur,
1505 1135 1598 1190 sed
1628 1151 1717 1191 oss

131 1218 367 1273 tenditur
390 1219 516 1289 quid
549 1221 723 1274 acturi
744 1221 853 1274 sint
883 1235 1037 1289 reges
1065 1223 1302 1290 reprobi,
1334 1224 1464 1292 quid
1494 1224 1715 1282 vitaturi

130 1311 232 1362 sint
258 1310 408 1366 boni.
442 1311 488 1364 A
511 1311 728 1380 regibus
755 1311 971 1380 quidem
999 1310 1319 1367 defendendi
1345 1321 1472 1368 sunt
1490 1315 1710 1382 subditi,

129 1418 228 1455 non
258 1403 416 1457 bonis
444 1404 679 1473 propriis
707 1403 995 1473 spoliandi.
1019 1403 1283 1458 Auxilium
1302 1414 1559 1475 prmstare
1582 1407 1712 1462 sub-

126 1493 278 1561 jectis
307 1493 524 1559 debent,
558 1507 735 1561 agros,
768 1495 956 1549 vineas
1001 1503 1056 1548 et
1114 1495 1311 1550 oliveta
1341 1495 1553 1552 auferre
1604 1513 1711 1552 non

129 1585 341 1638 debent.
377 1583 530 1650 Quod
556 1584 601 1638 si
641 1599 746 1638 non
769 1585 1007 1650 vitanda,
1039 1583 1129 1639 sed
1147 1585 1351 1653 agenda
1373 1586 1574 1655 scripta
1601 1587 1714 1642 hate

130 1674 453 1729 contendere
483 1676 642 1746 255
673 1675 793 1745 quis
819 1675 1050 1730 voluerit
1077 1712 1095 1737 ,
1129 1685 1476 1746 tyrannorum
1502 1675 1591 1746 jus
1611 1693 1711 1747 pro

1825 476 2081 529 Dominus
2112 476 2428 546 loquebatur
2455 482 2522 534 ad
2578 481 2854 551 populum,
2907 486 3122 554 quando
3161 487 3258 542 d'cc
3280 489 3408 543 bntz:

1825 563 1924 628 Qui
1954 568 2132 637 recipit
2159 569 2461 638 prophetam
2482 574 2533 624 in
2559 575 2769 627 nomine
2815 576 3098 647 prapltetar,
3131 581 3414 634 mercedem

1820 657 2082 726 prop/leta:
2130 660 2379 728 accipiet;
2430 671 2478 714 et
2505 665 2590 731 qui
2644 666 2824 733 recipit
2857 666 3056 734 jusfum
3104 667 3157 720 in
3206 685 3415 725 nomine

1812 747 1965 816 justi,
1989 747 2272 801 mercedem
2306 749 2440 818 justi
2487 752 2702 818 accipiet
2736 752 2948 822 (Matth.
3011 771 3063 817 κ,
3091 755 3224 827 41)..
3267 757 3332 812 Et
3356 767 3416 814 ut

1819 837 2022 892 arctius
2044 838 2182 894 hanc
2204 839 2256 892 in
2289 839 2424 894 libro
2455 839 2820 907 describeret,
2877 860 2905 898 a
2938 846 3133 900 minori
3185 849 3408 904 verbum

1818 931 2102 996 roborans,
2131 932 2240 985 ait:
2277 930 2378 995 Qui
2399 933 2594 987 dederit
2623 935 2712 989 uni
2738 951 2802 988 ea:
2833 938 3062 991 minimis
3099 941 3224 993 meis
3283 943 3408 995 cali-

1817 1034 1926 1071 cem
1949 1035 2096 1089 aquw
2125 1020 2333 1090 frigidm
2351 1030 2548 1075 tantum
2577 1024 2628 1076 in
2655 1025 2862 1078 nomine
2877 1026 3137 1096 discipuli,
3171 1044 3274 1084 non
3296 1047 3414 1100 per-

1817 1111 1902 1166 det
1928 1114 2209 1167 mercedem
2229 1132 2376 1168 suam
2407 1115 2599 1185 (Marc.
2633 1133 2706 1182 tx,
2739 1116 2849 1186 40).
2882 1117 3176 1188 Sequitur:

1889 1204 2068 1275 (Vers.
2099 1205 2188 1271 25,
2221 1206 2309 1274 ‘26,
2334 1207 2449 1276 i7.)
2499 1207 2708 1262 Dimisit
2743 1209 2956 1264 Samuel
2999 1229 3199 1266 omnem
3249 1230 3412 1282 popa-

1815 1293 1941 1360 lunt,
1975 1295 2204 1364 singulos
2237 1296 2288 1348 in
2321 1302 2530 1350 domum
2559 1314 2729 1350 suam.
2764 1298 2870 1352 Sed
2893 1297 3026 1353 Saul
3061 1299 3188 1353 abiit
3221 1302 3274 1354 in
3305 1301 3403 1354 do-

1815 1403 1952 1439 mum
1981 1403 2127 1440 suam
2150 1388 2201 1439 in
2243 1385 2448 1455 Gabau,
2474 1397 2522 1441 et
2544 1387 2672 1442 abiit
2692 1405 2805 1442 cum
2833 1406 2891 1442 eo
2939 1407 3061 1460 pars
3115 1393 3367 1445 exercitus
3392 1431 3410 1456 ,

1813 1494 2029 1548 quorum
2052 1479 2213 1548 tetigit
2237 1477 2375 1532 Deus
2414 1479 2592 1533 corda.
2620 1478 2747 1532 Filii
2775 1496 2890 1534 vero
2918 1479 3082 1534 Belial
3117 1481 3359 1534 dixerunt
3392 1498 3410 1534 :

1815 1565 2067 1638 Nunquid
2113 1568 2314 1621 salvure
2376 1584 2470 1622 nos
2525 1569 2716 1637 poterit
2754 1567 2891 1621 iste?
2941 1567 3011 1621 Et
3068 1569 3413 1639 despexerunt

1813 1677 1930 1713 eum
1939 1700 1952 1713 .

131 1784 190 1821 eo
219 1782 348 1835 rege
369 1768 624 1822 scribitur
672 1768 783 1838 qui,
816 1768 1031 1836 abjrcto
1081 1768 1331 1834 Domino,
1388 1770 1709 1838 postulatur.
1746 1751 1791 1812 Β
1891 1770 1977 1826 59.
2011 1772 2066 1828 Si
2111 1772 2338 1842 simplex
2396 1771 2616 1828 historia
2657 1771 2935 1841 qumritur,
2990 1771 3117 1840 quid
3174 1787 3407 1840 unquam

130 1859 369 1914 Crudelis
406 1873 534 1929 ergo
559 1859 645 1913 lex
673 1859 844 1929 regni,
872 1859 1006 1913 ultio
1035 1868 1120 1914 est
1149 1859 1435 1914 Dominum
1464 1860 1716 1929 abjicien-

131 1951 191 2005 tis
211 1951 414 2020 populi.
439 1949 555 2004 Non
579 1951 720 2005 enim
744 1949 999 2019 injustum
1030 1959 1147 2004 erat
1175 1959 1233 2005 ut
1261 1964 1420 2018 agros
1447 1961 1500 2005 et
1529 1952 1714 2006 vineas

129 2040 397 2113 perderet,
424 2041 517 2110 qui
547 2048 861 2110 regnantem
891 2056 1056 2110 super
1083 2055 1144 2096 se
1183 2039 1467 2095 Dominum
1517 2049 1714 2112 sponte

130 2133 400 2204 perdebat.
425 2130 630 2187 Cuncta
661 2145 790 2200 ergo
817 2146 936 2201 qua:
966 2138 1155 2187 contra
1185 2132 1492 2200 aequitatem
1526 2131 1577 2187 in
1609 2133 1714 2189 hoc

127 2225 234 2292 jure
260 2223 413 2292 regio
439 2222 787 2277 continentur
809 2236 963 2290 inqua
985 2236 1105 2276 esse
1136 2222 1428 2289 cernimus,
1455 2222 1500 2277 si
1529 2223 1582 2277 in
1616 2238 1712 2292 pe-

131 2314 286 2370 tendo
322 2329 447 2384 rege
494 2313 753 2383 quidquid
786 2314 1015 2384 populus
1057 2313 1354 2382 deliquerat
1397 2313 1712 2368 considera-

130 2422 254 2462 mus.
289 2406 426 2460 Nam
452 2405 599 2475 quod
629 2418 880 2473 magnum
907 2404 961 2458 in
990 2403 1183 2458 divina:
1207 2403 1479 2474 mquitatis
1505 2405 1715 2458 exami-

132 2512 191 2552 ne
211 2512 352 2551 onus
378 2496 511 2565 legis
537 2505 641 2561 est,
671 2495 712 2552 si
744 2493 881 2550 ﬁlios
896 2493 1103 2549 etlilias
1127 2494 1179 2548 in
1210 2493 1352 2563 regis
1380 2509 1545 2564 opere
1560 2494 1715 2550 inviti

133 2598 390 2659 ponerent
432 2603 571 2660 quos
608 2603 640 2642 a
668 2588 760 2642 Dei
796 2587 1047 2642 libertate
1072 2595 1267 2657 sponte
1315 2587 1594 2642 tulissent?
1647 2585 1715 2641 Et

132 2681 242 2750 quid
269 2680 664 2736 inconveniens
691 2695 811 2736 esse
840 2679 1098 2742 cernitur,
1123 2679 1169 2734 si
1199 2679 1344 2749 quod
1366 2678 1432 2734 ad
1463 2679 1712 2733 ultimum

137 2773 360 2842 ponitur,
390 2771 491 2841 ipsi
519 2769 711 2826 ﬁerent
731 2770 872 2826 servi
921 2769 1197 2824 hominum
1247 2769 1338 2839 qui
1387 2768 1714 2838 abjiciebant

137 2879 281 2932 super
308 2878 371 2918 se
391 2870 710 2931 regnantem
735 2862 902 2917 Deum
927 2863 950 2916 ?
974 2861 1109 2916 Dum
1138 2875 1268 2930 ergo
1289 2861 1439 2930 regni
1463 2861 1552 2916 lex
1575 2860 1715 2915 scri-

137 2957 280 3021 bitur,
317 2963 593 3026 perpetua:
621 2957 893 3010 memoria:
915 2969 1074 3025 pmna
1118 2955 1350 3008 traditur
1401 2967 1504 3022 qua
1543 2952 1714 3008 auda-

138 3063 216 3100 ces
235 3047 568 3117 puniantur;
608 3061 728 3115 qua:
756 3047 881 3114 quia
928 3061 1026 3116 per
1053 3045 1264 3100 Domini
1303 3044 1569 3114 justitiam
1605 3045 1712 3100 lata

139 3134 313 3199 fuerat,
346 3150 535 3190 coram
555 3134 782 3190 Domino
799 3134 986 3205 reponi
1013 3134 1343 3203 perhibetur.
1362 3133 1467 3190 Sed
1489 3135 1717 3191 fortasse
1743 3119 1792 3184 ο

135 3225 210 3293 jus
237 3226 363 3280 illud
393 3226 542 3280 aliud
569 3225 670 3280 fuit
693 3241 852 3295 quam
880 3225 966 3280 lex
997 3227 1096 3280 ista
1123 3227 1525 3295 quazscribitur.
1559 3227 1716 3293 Quod

139 3316 178 3369 si
202 3331 381 3370 verum
410 3325 521 3382 est,
553 3315 694 3371 hanc
721 3315 936 3370 Samuel
965 3331 1151 3370 coram
1182 3329 1310 3384 rege
1362 3316 1428 3369 ad
1459 3316 1714 3386 populum

139 3408 383 3478 loquitur,
409 3416 468 3462 ut
498 3424 592 3463 rex
616 3409 748 3462 sciat
784 3423 814 3462 a
844 3407 1047 3478 populo
1076 3407 1202 3476 quid
1257 3407 1524 3478 exquirat,
1583 3408 1718 3464 sciat

140 3499 355 3570 populus
382 3498 512 3568 quid
528 3498 786 3553 exhibere
813 3498 922 3552 suis
944 3497 1159 3566 regibus
1195 3495 1408 3552 debeat.
1452 3499 1581 3565 Quae
1629 3499 1716 3554 lex

141 3593 189 3644 in
213 3591 343 3646 libro
368 3590 627 3645 scribitur
657 3598 716 3644 ut
745 3605 844 3660 pro
875 3587 1178 3644 futurorum
1216 3589 1478 3644 memoria
1533 3605 1718 3645 reser-

142 3689 304 3734 vetur.
325 3679 522 3735 Coram
552 3679 780 3735 Domino
803 3679 1039 3750 ponitur,
1073 3686 1133 3732 ut
1171 3673 1492 3734 venerabilis
1518 3679 1718 3735 habea-

143 3779 236 3826 tnr.
264 3771 369 3825 Nos
392 3779 574 3826 autem
603 3784 758 3840 reges
783 3769 1148 3825 Ecclesiarum
1177 3782 1298 3823 esse
1337 3777 1554 3824 sanctos
1580 3785 1718 3839 prce-

141 3868 396 3923 dicstores
425 3867 682 3933 diximus,
713 3866 906 3935 quibus
961 3873 1147 3936 aperte
1194 3864 1373 3919 omnia
1427 3864 1719 3920 convenire

142 3961 611 4028 ostendimus‘qua:
633 3957 753 4027 jure
779 3957 930 4025 regio
983 3956 1348 4011 continentur.
1379 3954 1533 4010 Hanc
1587 3969 1720 4024 ergo

144 4049 300 4119 legem
321 4048 542 4104 Samuel
569 4047 636 4101 ad
658 4047 915 4118 populum
942 4046 1201 4116 loquitur,
1231 4045 1450 4114 quando
1505 4043 1714 4100 electus

142 4139 314 4195 doctor
342 4139 529 4194 tideles
557 4147 758 4192 sancta:
779 4137 1032 4194 Ecclesia:
1059 4136 1296 4202 instruit,
1324 4151 1430 4206 qua
1452 4135 1718 4190 humilita-

144 4232 311 4286 tesuis
332 4230 634 4301 praepositis
654 4229 888 4285 debeant
917 4227 1210 4296 subjugari.
1268 4226 1325 4280 la
1376 4227 1514 4282 libro
1553 4227 1715 4281 etiam

143 4325 379 4379 scribitur
406 4322 628 4392 quando
658 4323 710 4378 in
731 4337 919 4377 eorum
950 4329 1132 4375 mente
1158 4320 1272 4374 lucc
1302 4319 1527 4374 firmiter
1569 4319 1714 4373 inse-

145 4415 218 4468 rit.
243 4414 372 4470 Nam
399 4414 494 4484 qui
522 4415 600 4469 sic
642 4413 900 4482 loquitur,
949 4419 1010 4466 ut
1054 4411 1235 4466 audita
1273 4410 1548 4465 auditores
1599 4409 1716 4478 ejus

1818 1862 2030 1932 planius
2056 1861 2161 1916 dici
2193 1861 2406 1931 potuit?
2431 1859 2536 1916 Sed
2565 1861 2609 1915 si
2637 1863 2744 1916 vim
2766 1862 3050 1916 verborum
3077 1861 3408 1928 singulorum

1816 1951 2161 2016 attendimus,
2196 1965 2386 2020 magna
2408 1961 2536 2006 sunt
2563 1967 2681 2022 qua:
2703 1951 2758 2006 in
2789 1951 2889 2007 hac
2915 1952 3258 2022 simplicitate
3287 1967 3410 2004 ver-

1814 2041 2004 2096 borum
2036 2042 2374 2097 clauduntur.
2416 2041 2548 2096 Nam
2605 2042 2837 2113 populus
2878 2043 2932 2097 in
2980 2043 3197 2097 domum
3253 2057 3409 2096 suam

1815 2131 2067 2188 dimissus
2095 2134 2374 2202 asseritur,
2415 2148 2509 2188 rex
2541 2141 2721 2188 autem
2776 2133 2828 2187 in
2860 2133 3076 2188 domum
3130 2149 3238 2188 non
3283 2148 3313 2187 e
3345 2149 3404 2188 se

1816 2222 2089 2289 dimissus,
2121 2223 2217 2278 sed
2243 2223 2442 2279 abiisse
2465 2223 2799 2292 perhibetur.
2829 2221 3131 2293 Separatim
3187 2238 3404 2292 quoque

1815 2316 1882 2369 de
1909 2315 2155 2370 domibus
2178 2315 2363 2385 populi
2393 2314 2535 2370 etde
2579 2313 2741 2369 domo
2793 2315 2934 2382 regis
2981 2313 3180 2368 dicitur
3213 2331 3226 2367 :
3283 2315 3408 2382 quia

1815 2405 2302 2478 populusrefertur
2328 2407 2584 2462 dimissus
2636 2407 2690 2461 in
2737 2407 2957 2461 domum
2997 2420 3171 2471 suam,
3203 2414 3258 2459 et
3314 2419 3408 2457 rex

1814 2499 2009 2554 abiisse
2035 2500 2089 2552 in
2117 2512 2290 2552 suam.
2319 2497 2470 2552 Prius
2498 2506 2675 2552 tamen
2704 2497 2937 2568 populus
2985 2498 3146 2568 25-6
3164 2495 3415 2550 dimissus

1813 2595 2076 2657 estquam
2107 2587 2282 2641 abiret
2311 2602 2426 2642 rex.
2454 2587 2530 2641 De
2559 2587 2792 2642 abeunte
2815 2585 2978 2640 etiam
3022 2584 3222 2655 populo
3252 2591 3412 2638 caute

1813 2681 2074 2750 signatur,
2107 2689 2163 2736 et
2194 2697 2298 2735 non
2326 2681 2505 2746 simul,
2528 2681 2622 2736 sed
2651 2681 2846 2750 singuli
2878 2679 3076 2736 abiisse
3105 2679 3159 2734 in
3186 2678 3408 2733 domum

1814 2787 1966 2829 suam
1997 2773 2320 2828 referuntur.
2351 2772 2425 2828 De
2453 2773 2536 2827 his
2560 2789 2692 2827 vero
2717 2773 2806 2844 qui
2854 2787 3039 2843 regem
3067 2770 3240 2826 secuti
3284 2776 3409 2824 sunt

1815 2882 1922 2922 non
1953 2865 2151 2920 dicitur
2185 2883 2198 2918 :
2233 2865 2376 2918 Abiit
2402 2879 2528 2934 pars
2577 2865 2866 2930 exercitus,
2927 2863 3122 2932 singuli
3166 2870 3291 2932 post
3335 2877 3413 2915 re-

1813 2969 1956 3026 gem,
1985 2954 2077 3009 sed
2105 2972 2119 3010 :
2159 2954 2300 3008 Abiit
2325 2971 2448 3007 cum.
2467 2971 2527 3008 eo
2553 2971 2676 3023 pars
2697 2955 2974 3008 exercitus.
3001 2950 3081 3006 Ad
3108 2960 3411 3005 extremum

1819 3061 1950 3102 vero
1980 3045 2070 3116 qui
2091 3058 2275 3114 regem
2307 3053 2623 3113 sequuntur,
2647 3058 2833 3098 eorum
2879 3041 3041 3098 corda
3067 3055 3096 3093 θ
3133 3040 3242 3093 Deo
3267 3046 3411 3094 tacta

1821 3134 2162 3199 referuntur;
2194 3134 2284 3203 qui
2311 3149 2492 3204 regem
2535 3142 2835 3204 spernunt,
2871 3131 3038 3188 Belial
3096 3130 3192 3184 lilii
3235 3129 3416 3185 nomi-

1821 3237 2036 3282 nantur.
2062 3227 2160 3282 llic
2182 3227 2426 3296 profecto
2481 3227 2674 3282 modus
2716 3225 2926 3282 dicendi
2963 3241 3072 3280 non
3125 3224 3354 3294 simplex
3389 3264 3408 3289 .

1820 3318 1914 3374 sed
1946 3320 2099 3373 valde
2123 3318 2170 3372 ei
2201 3317 2412 3372 subtilis
2449 3324 2550 3382 est,
2580 3317 2672 3386 qui
2697 3317 3047 3373 considerare
3067 3315 3236 3380 novit,
3293 3325 3401 3369 nan

1818 3412 1968 3482 quot
1999 3411 2316 3481 simpliciter
2341 3408 2473 3465 loris
2499 3418 2676 3475 sonat,
2706 3409 2801 3464 sed
2826 3408 2968 3479 quod
3021 3407 3297 3476 sapienter
3326 3407 3418 3461 ina

1820 3511 1906 3556 tus
1936 3501 2189 3556 insinuat.
2214 3500 2352 3568 Quid
2380 3509 2463 3556 est
2485 3515 2638 3570 ergo,
2665 3499 2808 3570 quod
2828 3515 2920 3554 rex
2939 3499 2989 3552 in
3013 3498 3233 3553 domum
3257 3513 3409 3552 suam

1820 3593 1992 3660 abire,
2021 3592 2252 3663 populus
2283 3607 2409 3648 vero
2437 3592 2634 3646 dimitti
2663 3591 2894 3646 dicitur?
2916 3589 3022 3644 Sed
3067 3604 3268 3656 regem,
3304 3587 3410 3642 Ee-

1818 3683 1994 3738 cle.~ize
2011 3692 2304 3753 pastorem,
2328 3683 2580 3753 populos,
2607 3681 2879 3750 subjectos
2909 3681 3192 3749 designare
3213 3689 3369 3733 osten
3385 3709 3402 3720 -

1817 3775 2012 3830 dimus.
2041 3775 2123 3831 ire
2152 3783 2330 3830 autem
2352 3775 2504 3829 liberi
2531 3782 2650 3839 est;
2684 3772 2878 3826 dimitti
2903 3771 3037 3840 ejus,
3068 3771 3155 3840 qui
3181 3769 3422 3822 retineri

1817 3875 2015 3938 potest.
2051 3867 2162 3922 Rex
2194 3881 2322 3935 ergo
2343 3865 2492 3920 abire
2517 3865 2622 3918 dici
2653 3880 2716 3917 ur
2739 3872 2793 3918 ut
2817 3863 2869 3916 in
2888 3877 3115 3932 persona
3146 3859 3406 3929 praedica-

1821 3959 1956 4014 toris
1983 3958 2205 4012 libertas
2233 3956 2395 4010 animi
2423 3955 2760 4026 praedicetur.
2795 3953 2956 4007 Abire
2985 3951 3184 4022 quippe
3213 3951 3406 4004 docto-

1817 4067 1906 4108 res
1943 4059 2188 4120 possunt,
2214 4064 2334 4104 cum
2367 4047 2574 4115 volunt,
2604 4055 2660 4101 et
2683 4045 2877 4110 redire,
2910 4045 3035 4113 quia
3083 4041 3250 4096 fortes
3277 4050 3424 4095 sunt-

1818 4141 1872 4198 in
1903 4141 2046 4196 bono
2073 4155 2259 4210 opere,
2285 4139 2554 4208 sapientes
2585 4137 2638 4191 in
2661 4137 2872 4190 interna
2895 4132 3272 4203 dispositione.
3293 4130 3403 4198 ,Vc.

1818 4232 1974 4286 niunt
1997 4229 2218 4300 quippe,
2241 4229 2459 4298 quando
2489 4227 2556 4281 ad
2583 4225 2827 4281 subditos
2854 4231 3054 4278 exeunt
3081 4231 3173 4276 aut
3214 4236 3426 4276 exemw

1816 4325 1907 4395 plo
1934 4323 2064 4378 boni
2094 4322 2275 4392 operis
2302 4329 2394 4375 aut
2428 4320 2595 4374 verbo
2619 4315 3038 4389 prmdicationis.
3068 4316 3280 4368 Abeunt
3306 4329 3404 4368 an.

1819 4425 1949 4479 tem,
1983 4415 2199 4484 quando
2229 4414 2294 4466 ad
2320 4413 2514 4466 mentis
2553 4419 2823 4466 secretum
2872 4407 3116 4472 redeunt,
3169 4415 3225 4460 et
3261 4408 3429 4474 quod'

144 4505 534 4570 obliviscantur,
566 4505 632 4559 ad
662 4504 918 4574 populum
965 4502 1140 4573 legem
1168 4501 1320 4567 dicit,
1353 4499 1450 4557 sed
1492 4501 1634 4555 hanc
1659 4502 1712 4554 in
1748 4491 1794 4550 ί)
1819 4505 1950 4562 foris
1979 4504 2152 4560 acturi
2181 4510 2326 4567 sunt,
2369 4501 2512 4555 intus
2547 4500 2860 4570 disponunt.
2912 4497 2970 4551 lu
3001 4511 3110 4567 qua
3155 4495 3409 4549 nimirum

145 4593 265 4649 libro
293 4611 399 4650 non
439 4594 648 4650 scribit.
671 4592 843 4648 Verba
871 4605 1020 4661 ergo,
1046 4607 1165 4662 quae
1213 4591 1406 4646 doctor
1434 4590 1673 4659 loquitur
1698 4630 1714 4655 ,

147 4685 191 4738 in
216 4684 348 4742 libro
374 4687 638 4751 scribere,
684 4693 769 4740 est
818 4685 1123 4739 auditorum
1177 4698 1398 4738 suorum
1447 4681 1716 4738 mentibus

144 4786 334 4835 attente
361 4777 770 4835 commendare.
803 4775 967 4843 Quasi
995 4777 1232 4832 scribere
1259 4776 1478 4829 volebat
1526 4773 1712 4830 Domi-

143 4885 252 4935 nus,
273 4885 386 4939 qua:
411 4871 644 4935 dixerat,
667 4868 885 4939 quando
930 4867 1144 4924 dicebat
1176 4885 1189 4920 :
1245 4865 1557 4920 Mementote
1603 4882 1715 4919 ser-

144 4961 295 5014 monis
325 4962 444 5025 mei,
473 4977 620 5031 quem
642 4976 736 5030 ego
761 4959 872 5013 dixi
910 4958 1068 5013 vobis.
1116 4955 1241 5011 Non
1277 4965 1354 5010 est
1393 4971 1566 5010 servus
1594 4972 1711 5008 inae

143 5057 220 5130 jor
235 5057 458 5115 Domino
477 5077 570 5116 suo
592 5060 774 5131 (Joan.
806 5075 897 5125 xv,
945 5058 1060 5129 ΞΟ).
1094 5058 1228 5112 llinc
1258 5057 1454 5112 l'aulus
1473 5057 1710 5111 locutam

147 5153 282 5217 regni
307 5153 479 5221 legem
500 5152 555 5208 in
591 5153 728 5208 libro
754 5153 1078 5215 describens,
1099 5151 1171 5204 ait
1196 5169 1209 5204 :
1243 5149 1553 5204 Mementote
1572 5166 1712 5220 prte-

147 5245 409 5309 positorum
437 5250 739 5305 vestrorum,
770 5244 854 5312 qui
880 5240 1020 5296 vobis
1039 5239 1329 5294 locutisunt
1355 5237 1561 5292 verbum
1591 5236 1708 5304 Dei,

149 5347 342 5398 quantas
364 5338 627 5387 intuentes
657 5333 852 5386 exitum
875 5329 1304 5392 conversationis,
1335 5317 1613 5380 imitamini
1639 5327 1712 5395 [i-

152 5420 250 5473 dm
276 5422 435 5494 (lleb.
467 5439 582 5492 xm,
614 5423 687 5492 ἵ).
721 5422 778 5478 Si
803 5437 934 5477 vero
985 5429 1041 5476 et
1067 5421 1155 5476 hic
1183 5420 1342 5474 aliam
1372 5419 1544 5490 legem
1594 5418 1715 5486 quis

151 5527 256 5566 esse
283 5515 659 5583 praesignatam
680 5515 927 5584 accipere
954 5513 1204 5578 voluerit,
1260 5512 1406 5566 illam
1436 5510 1663 5580 aspiciat
1693 5548 1712 5576 ,

153 5618 294 5668 quam
323 5607 517 5659 beatus
544 5605 741 5660 Paulus
755 5606 1006 5671 ostendit,
1034 5604 1251 5660 dicens:
1273 5601 1373 5667 Qui
1401 5603 1715 5674 evangelium

154 5698 426 5762 annuntiat,
458 5696 525 5750 de
549 5695 809 5768 evangelio
834 5697 963 5751 citat
992 5705 1074 5751 :ct
1095 5696 1180 5767 qui
1201 5695 1390 5748 altario
1409 5693 1563 5748 serrit
1591 5731 1604 5757 ,
1653 5693 1716 5748 de

1821 4593 2252 4648 consideratione
2274 4590 2402 4660 quia
2424 4588 2667 4658 quotidie
2713 4594 3037 4657 permanent
3063 4585 3218 4654 quasi
3269 4583 3409 4637 intra

1819 4684 2036 4739 domum
2066 4684 2252 4736 latent.
2285 4681 2446 4734 Abire
2475 4692 2604 4746 ergo
2635 4679 2689 4732 in
2711 4679 2931 4732 domum
2974 4688 3130 4729 suam
3153 4688 3246 4727 rex
3272 4673 3410 4728 dici-

1821 4789 1924 4842 tur,
1939 4777 2062 4846 quia
2078 4775 2394 4845 pnedicator
2407 4779 2625 4825 acterna:
2648 4773 2766 4824 vita:
2788 4767 3103 4838 operatione
3121 4765 3402 4835 probatus,

1819 4869 2095 4938 sapientia:
2124 4867 2368 4922 doctrina
2416 4879 2660 4927 securus,
2709 4863 2846 4916 liber
2891 4859 2958 4915 ad
3005 4871 3172 4928 opera
3228 4864 3406 4927 potest

1823 4961 2025 5034 egredi,
2056 4970 2112 5015 et
2139 4959 2206 5014 ad
2231 4957 2454 5014 consilia
2484 4955 2678 5011 mentis
2705 4954 2928 5008 intrare.

1895 5053 1980 5106 40.
2008 5051 2434 5121 Populusautem
2455 5049 2506 5102 in
2521 5046 2736 5100 domum
2767 5060 2918 5100 suam
2941 5042 3245 5106 dimittitur,
3278 5041 3402 5109 quia

1824 5144 2004 5198 ﬁdeles
2031 5141 2258 5212 subjecti
2287 5155 2392 5194 non
2431 5146 2557 5192 sunt
2586 5135 2742 5190 liberi
2779 5133 2845 5188 ad
2897 5131 3229 5202 disponenda
3280 5143 3400 5198 quae

1824 5235 2028 5296 volunt,
2054 5233 2146 5288 sed
2165 5232 2230 5287 ad
2260 5247 2324 5286 ea
2350 5245 2468 5299 qua:
2497 5228 2775 5298 jobentur.
2809 5225 2974 5292 Quasi
3007 5223 3140 5278 tenti
3184 5222 3402 5290 quidem

1817 5324 2182 5392 dimittuntur,
2214 5322 2504 5390 dumjussa
2536 5319 2917 5390 praecipiuntur
2944 5331 3103 5385 agere
3129 5332 3144 5382 ;
3200 5326 3406 5383 praesu-

1819 5433 1969 5474 mere
1993 5431 2098 5470 non
2121 5415 2290 5484 jussa,
2331 5413 2592 5467 devitarc.
2623 5409 2689 5464 Et
2724 5409 2849 5479 quia
2888 5408 2954 5461 ad
2983 5421 3146 5477 opera
3190 5403 3402 5457 divrrss

1820 5510 2126 5570 mittuntur,
2151 5505 2201 5558 in
2231 5517 2382 5557 suam
2406 5503 2620 5556 domum
2640 5514 2828 5555 eorum
2849 5496 3211 5567 unusquisque
3223 5493 3403 5547 dimit-

1821 5598 1970 5651 titur.
2013 5594 2078 5649 Ut
2102 5594 2244 5650 enim
2270 5609 2332 5649 ea
2362 5607 2480 5662 qua:
2507 5591 2661 5646 nobis
2689 5590 3007 5660 prmcipiunt
3049 5586 3188 5641 bene
3233 5582 3398 5653 perli—

1821 5690 2047 5758 ciamus,
2070 5688 2378 5759 priusquam
2427 5699 2780 5755 appar‘amus
2829 5682 3088 5752 inope'c,
3122 5679 3263 5762 intus
3309 5692 3391 5731 reo
