3962 6274
526 281 627 338 ΖΗ
1742 269 1983 329 SANC’U
2020 268 2351 329 CREGORI!
2394 270 2608 329 MAGNI
3390 320 3395 321 ,
3700 275 3788 339 5η

526 390 815 450 condimur
871 390 924 445 In
982 389 1194 445 interna
1242 384 1702 442 consideratione.
1760 384 1937 453 Reges
1990 396 2120 451 ergo
2149 383 2198 442 Δ
2225 382 2430 437 tribuit.
2463 381 2529 437 Et
2558 380 2675 451 ejus
2707 388 2908 437 tactum
2935 382 3211 438 sentiunt:
3237 382 3386 454 quia,
3409 393 3627 454 recepto
3644 386 3789 445 inter»

527 488 698 544 nostri
741 502 838 541 nos
881 484 1121 553 singulos
1167 484 1219 537 in
1251 481 1468 536 domum
1516 488 1755 535 nostram
1794 477 2071 531 dimittunt
2099 515 2115 539 ,
2224 490 2305 529 na:
2323 475 2535 529 virtutis
2562 490 2813 542 munere,
2835 490 2865 530 a
2889 477 3225 532 carnalitatis
3251 494 3362 533 sum
3384 478 3655 534 debilitate
3669 497 3775 538 com

526 579 652 646 quia
700 575 859 630 adea
888 590 1006 643 qua:
1034 573 1189 627 nobis
1214 570 1518 640 iniungunt,
1573 585 1673 623 nos
1726 583 1822 637 per
1852 574 2119 621 secretam
2223 576 2529 623 moventur.
2577 568 2679 635 Qui
2725 568 2975 637 protinus
3015 569 3253 624 caelestis
3300 570 3573 625 exercitus
3620 573 3792 631 milites

529 670 727 724 ment-is
756 667 855 721 dis'
879 667 1167 721 ositionem
1212 665 1289 720 ire
1325 662 1663 734 prtecipiunt.
1713 661 1861 715 Bene
1904 658 2121 727 quidem
2227 659 2390 721 fiunt,
2414 659 2539 727 quia
2570 674 2668 727 per
2693 660 2948 713 virtutem
2968 660 3139 715 sancti
3169 660 3399 729 Spiritus
3430 660 3635 716 infirma
3662 663 3795 721 dese.

529 763 630 831 ipsi
667 761 987 831 prmcipinnt
1012 802 1027 825 ,
1070 759 1165 812 sed
1198 759 1241 812 si
1290 756 1625 827 operationis
1663 762 1863 807 nostrae
1905 751 2122 805 modum
2225 756 2382 814 runt,
2412 756 2468 803 et
2494 748 2558 802 ad
2591 749 2797 816 agenda
2825 749 2983 804 fortia
3024 751 3077 804 in
3105 750 3303 805 Christi
3335 751 3479 806 bello
3508 754 3792 822 prteparam

533 852 860 922 negligimus
887 850 1203 919 pncvidere,
1228 865 1347 916 qua:
1377 849 1517 901 bene
1556 852 1822 915 praecepta
1861 850 2017 908 sunt,
2052 841 2129 895 in-
2230 846 2336 893 tur.
2364 839 2500 905 Quia
2529 855 2660 894 vero
2688 839 2827 894 intra
2857 848 3100 895 sanetam
3128 840 3423 897 Eccle~iam
3448 843 3661 911 quidam
3684 861 3797 913 prte-

532 945 780 1002 consulta
812 950 992 997 mente
1020 942 1360 1011 dissipamus.
1409 939 1615 1005 Singuli
1651 951 1778 1005 ergo
1824 936 1878 989 in
1908 935 2125 989 domum
2230 931 2370 986 latos
2394 947 2525 986 suos
2555 931 2833 1000 despicere
2863 949 2969 986 non
2995 943 3281 1001 yrrentur,
3311 935 3555 997 audiant,
3584 937 3698 1006 quia
3722 941 3797 1007 qui

532 1050 685 1089 suam
713 1032 959 1096 redeunt,
985 1031 1201 1101 quando
1235 1030 1601 1097 unusquisque
1645 1026 1819 1081 tiielis
1876 1025 2143 1095 subditus
2229 1036 2413 1090 regem
2450 1022 2756 1090 despiciunt
2792 1022 2959 1077 Belial
2991 1021 3022 1074 ﬁ
3048 1024 3083 1077 ii
3114 1024 3387 1078 dicuntur.
3433 1022 3539 1078 Pl'l‘
3564 1026 3798 1093 superbia

534 1138 675 1192 opus
703 1120 1023 1176 obedientia:
1054 1118 1197 1188 quod
1247 1117 1504 1188 proponit
1532 1116 1765 1170 consilio
1796 1114 1992 1168 mentis
2019 1113 2130 1167 dis-
2233 1112 2449 1182 quidem
2468 1112 2657 1166 vitium
2682 1112 2732 1165 in
2756 1112 2899 1167 illius
2924 1111 3225 1167 imitatione
3252 1124 3603 1181 generantur.
3632 1114 3692 1167 de
3707 1131 3797 1184 quo

536 1212 788 1283 ponendo
811 1212 1090 1281 praevenit.
1120 1210 1255 1277 Quia
1286 1224 1416 1263 vero
1447 1209 1622 1263 electo
1653 1222 1781 1275 rege
1812 1207 1865 1260 in
1897 1206 2125 1259 domum
2233 1203 2490 1273 scriptum
2513 1204 2805 1257 estzvmue
2828 1203 3043 1257 sublime
3064 1204 3270 1268 ridet,et
3286 1206 3394 1273 ipse
3414 1214 3654 1273 estcaput
3672 1223 3798 1274 super

536 1318 691 1356 suam
729 1311 855 1355 ante
886 1302 1115 1371 populus
1142 1300 1412 1363 dimissus,
1432 1313 1591 1366 quam
1623 1311 1717 1350 rex
1760 1296 1956 1351 abiisse
1981 1310 2130 1349 asse-
2234 1309 2409 1347 onmes
2434 1294 2572 1365 [ilics
2602 1293 2855 1363 superbire
2893 1291 3013 1363 (Job
3043 1308 3153 1361 xu,
3177 1291 3289 1363 25).
3323 1293 3425 1360 Qui
3473 1303 3600 1364 apte
3634 1310 3798 1363 super-

538 1393 699 1457 ritur,
726 1401 903 1461 potest
934 1393 986 1446 in
1009 1392 1115 1446 hoc
1142 1390 1285 1444 aliud
1312 1390 1599 1457 designari.
1626 1388 1727 1455 Qui
1777 1388 1919 1442 enim
1949 1402 2132 1457 regem
2236 1384 2427 1440 borum
2460 1401 2639 1439 mores
2670 1386 2968 1449 insinuant,
3012 1385 3136 1454 quia
3183 1386 3366 1440 dicunt
3396 1403 3410 1438 :
3446 1384 3690 1457 Nunquid
3723 1388 3801 1442 isfe

540 1479 818 1548 excipiunt
842 1479 896 1532 in
926 1479 1146 1532 domum
1176 1492 1328 1531 suam
1372 1477 1572 1530 vadunt
1604 1476 1821 1546 quando
1868 1490 1928 1530 se
1979 1491 2137 1531 unus-
2237 1478 2439 1532 salvare
2468 1494 2562 1531 nos
2594 1478 2820 1546 poterit?
2849 1477 3032 1532 Sancti
3055 1478 3251 1531 etenim
3285 1478 3414 1543 viri,
3443 1479 3566 1547 quia
3595 1494 3804 1547 prarsen-

538 1569 768 1640 quisque
787 1568 1059 1636 subjectus
1082 1567 1476 1622 considerando
1506 1575 1792 1636 prteparat,
1818 1574 1874 1620 ut
1905 1567 1954 1622 ei
1976 1581 2135 1635 quem
2240 1568 2312 1620 tia
2335 1567 2667 1637 despiciunt,
2696 1576 2897 1621 mterna
2916 1568 3217 1637 inquirunt,
3242 1577 3612 1638 contemptum
3644 1570 3803 1623 mundi

543 1677 779 1727 praeesse
800 1661 900 1717 sibi
929 1661 1085 1729 petiit
1108 1659 1324 1715 ﬁdelem
1350 1658 1713 1714 obedientiam
1748 1658 2044 1727 impendat.
2079 1656 2135 1710 In
2241 1673 2402 1727 quem
2433 1658 2486 1712 in
2517 1666 2697 1713 mente
2726 1656 2964 1712 retinent
2994 1658 3273 1727 proferunt
3293 1658 3458 1711 etiam
3489 1658 3541 1710 in
3574 1658 3805 1712 exteriori

542 1752 651 1806 hoc
678 1766 808 1818 ergo
839 1750 961 1805 loco
990 1766 1097 1805 non
1125 1760 1208 1805 est
1239 1750 1501 1819 imperata
1526 1749 1896 1815 considerare,
1915 1748 2008 1804 sed
2041 1749 2139 1802 im-
2172 1757 2216 1816 Β
2244 1746 2686 1811 conversatione;
2720 1747 2865 1801 intus
2892 1748 3228 1802 vt-nerabiles
3249 1757 3411 1814 sunt,
3442 1746 3570 1802 foris
3590 1747 3808 1816 despica-

541 1843 798 1912 perandis
851 1841 1035 1896 inﬁma
1083 1856 1143 1896 se
1187 1841 1539 1912 dispositione
1593 1842 1959 1895 substernere.
2008 1838 2141 1907 Regi
2246 1838 2381 1893 biles
2411 1838 2677 1892 videntur.
2708 1837 2938 1907 Superbi
2966 1852 3126 1905 ergo,
3168 1838 3291 1909 quia
3324 1839 3451 1892 illud
3490 1837 3661 1891 solum
3686 1838 3808 1905 quod

548 1948 768 2004 quoque
799 1932 850 1986 in
882 1933 1100 1986 domum
1132 1947 1286 1987 suam
1312 1931 1462 1986 abire
1485 1940 1569 1986 est
1596 1938 1655 1984 ut
1680 1931 1913 1985 discrete
1941 1931 2144 2000 paratis
2247 1926 2301 1981 in
2333 1926 2545 1982 Sanctis
2577 1927 2703 1982 loris
2739 1926 2939 1997 despici
2970 1936 3147 1998 potest
3179 1928 3474 1997 aspiciunt;
3507 1926 3634 1981 illud
3660 1942 3808 1989 vero,

545 2023 779 2090 imperet
799 2020 1163 2075 considerare.
1192 2020 1308 2074 Alia
1331 2034 1461 2088 ergo
1489 2028 1571 2074 est
1603 2020 1795 2074 dooms
1844 2020 2008 2088 regis,
2038 2019 2142 2073 alia
2245 2018 2388 2088 quod
2414 2017 2571 2073 valde
2607 2018 2971 2073 venerandum
3001 2028 3112 2085 est,
3139 2035 3366 2074 cernere
3402 2035 3511 2073 non
3538 2028 3808 2087 merentur,

546 2112 735 2183 populi
762 2110 1022 2180 subjecti;
1053 2112 1177 2181 quia
1208 2111 1316 2165 alta
1342 2110 1418 2165 illi
1466 2118 1647 2165 mente
1694 2109 2029 2164 subditorum
2054 2108 2141 2162 iti-
2245 2109 2434 2165 dicunt
2459 2128 2471 2162 :
2507 2107 2757 2181 Nunquid
2784 2111 2879 2164 iste
2907 2111 3110 2165 salvare
3137 2128 3231 2165 nos
3272 2111 3496 2180 poterit?
3524 2111 3682 2177 Quasi
3710 2112 3807 2167 des.

549 2218 682 2258 nera
708 2201 1041 2272 disponenda
1073 2203 1440 2266 considerant,
1472 2202 1557 2256 isti
1592 2202 1936 2273 praelatorum
1982 2201 2147 2272 impe-
2247 2198 2498 2268 piciendo
2529 2198 2863 2268 interrogent
2890 2218 2904 2253 :
2934 2200 2979 2254 Α
3004 2209 3110 2254 tam
3141 2216 3307 2271 parvo
3339 2210 3447 2254 tam
3473 2200 3689 2270 grandia
3709 2215 3807 2271 spe-

548 2294 632 2348 ria
674 2294 899 2364 exsequi
947 2308 1045 2364 per
1073 2293 1243 2347 intimi
1274 2292 1534 2362 propositi
1563 2293 1729 2346 robur
1753 2299 1962 2361 parant.
1995 2290 2148 2346 Unde
2247 2292 2412 2349 randa
2442 2294 2602 2347 sunt?
2631 2291 2737 2346 lste
2763 2300 2871 2345 tam
2904 2306 3135 2360 parvus,
3169 2306 3268 2346 nos
3299 2298 3409 2344 tam
3444 2305 3694 2359 magnos,
3718 2298 3806 2344 tam

549 2392 609 2439 et
661 2385 853 2440 domus
897 2384 1038 2453 regis
1086 2384 1138 2438 in
1194 2382 1376 2438 Gabaa
1416 2383 1520 2437 sita
1576 2381 1908 2452 perhibetur.
1959 2381 2144 2436 Gabaa
2244 2382 2461 2447 debilis,
2479 2390 2590 2436 tam
2616 2383 2783 2438 fortes
2812 2381 3023 2436 salvare
3049 2396 3210 2452 posse
3234 2380 3538 2436 credendus
3565 2379 3804 2435 est?Nam

551 2475 754 2544 quippe
780 2475 1024 2529 sublimis
1046 2472 1263 2528 dicitur.
1301 2473 1501 2528 Domus
1530 2488 1659 2543 ergo
1690 2473 1834 2542 regis
1863 2474 1916 2526 in
1961 2471 2144 2528 Gabaa
2246 2473 2375 2544 quid
2403 2481 2488 2529 est
2515 2472 2659 2528 aliud
2684 2472 2826 2542 quod
2848 2472 3032 2527 dicunt
3056 2490 3067 2525 :
3098 2470 3204 2526 Iste
3228 2482 3275 2526 et
3306 2489 3429 2537 nos;
3457 2471 3559 2527 nisi
3586 2470 3718 2539 quod
3740 2486 3806 2527 su-

552 2581 676 2622 esse
700 2566 1001 2620 ostenditur
1025 2583 1038 2631 ;
1071 2566 1197 2636 quia
1225 2565 1433 2621 electus
1463 2566 1655 2620 doctor
1681 2580 1786 2619 non
1811 2564 1914 2618 ima
1954 2572 2010 2619 et
2038 2572 2146 2619 ter-
2246 2563 2397 2635 perbi
2425 2572 2481 2618 et
2502 2569 2817 2633 arrogantes
2838 2562 3186 2632 inspicientes
3212 2562 3377 2631 alios,
3406 2577 3624 2632 semper
3643 2577 3805 2632 parvos

550 2666 693 2713 rena‘
712 2657 999 2725 cogitando
1021 2657 1278 2724 incolere,
1303 2658 1397 2713 sed
1427 2658 1532 2711 alta
1559 2667 1614 2711 et
1636 2657 1876 2712 ccelestia
1899 2656 2145 2713 meditari
2247 2659 2411 2730 258
2432 2665 2487 2714 et
2510 2656 2715 2713 debiles
2736 2673 2854 2714 esse
2873 2659 3129 2724 credunt;
3159 2674 3217 2713 se
3246 2667 3427 2715 autem
3459 2672 3697 2727 magnos,
3721 2661 3809 2713 for-

551 2748 754 2806 studet.
784 2746 935 2803 Unde
963 2756 1019 2803 et
1062 2748 1200 2804 bene
1224 2764 1349 2820 pars
1395 2749 1667 2805 exercitus
1711 2765 1832 2804 cum
1863 2764 1929 2803 eo
1960 2749 2039 2804 ire
2089 2748 2144 2805 in
2246 2756 2357 2815 tes,
2391 2758 2555 2819 a'que
2581 2750 2886 2821 sapientes?
2925 2749 3116 2805 Merito
3140 2750 3299 2820 igitur
3320 2750 3490 2805 Belial
3532 2749 3621 2805 li'ii
3647 2750 3809 2804 dicun-

554 2839 742 2895 Gabaa
768 2840 985 2907 dicitur,
1012 2843 1137 2911 quia
1182 2842 1258 2909 hi,
1299 2841 1390 2912 qui
1434 2858 1465 2897 c
1488 2850 1623 2897 mtra
1663 2842 1935 2897 diabolum
1978 2840 2146 2896 fortes
2247 2847 2354 2906 tur,
2386 2840 2511 2909 quia
2543 2839 2669 2894 dum
2700 2840 3059 2909 superbiendo
3083 2855 3141 2896 se
3172 2842 3464 2907 extollunt,
3498 2842 3574 2896 illi
3612 2857 3668 2896 se
3692 2856 3808 2896 con-

550 2939 678 2985 sunt
702 2973 718 2998 ,
749 2932 979 2987 electum
1004 2940 1275 3001 pastorem
1297 2948 1450 2987 suum
1476 2931 1545 2986 ad
1567 2931 1823 2987 virtutum
1872 2930 1981 2987 alta
2012 2948 2145 3002 pro-
2245 2929 2499 2997 firmant,
2519 2931 2609 3001 qui
2625 2930 2815 2986 eodem
2838 2930 2997 2986 modo
3013 2930 3273 2985 cecidi-se
3292 2931 3359 2986 de
3375 2932 3515 2987 cmlo
3537 2930 3809 2986 dicitur.Ds

549 3038 871 3097 sequuntur.
902 3027 1032 3083 Pars
1058 3042 1187 3097 ergo
1217 3029 1490 3084 exercitus
1517 3028 1596 3084 ire
1618 3043 1739 3083 cum
1765 3042 1893 3096 rege
1921 3028 2144 3096 dicitur,
2250 3021 2445 3091 quibus
2472 3022 2633 3076 etiam
2664 3036 2844 3091 regem
2875 3021 3293 3092 despicientibus
3312 3023 3545 3077 dicitur:

549 3122 676 3191 quia
708 3121 760 3175 in
783 3129 966 3176 sancta
990 3121 1215 3176 ecclesia
1248 3120 1491 3189 plerique
1523 3118 1707 3174 lideles
1732 3126 1880 3186 sunt,
1899 3119 2143 3188 quipras-
2170 3119 2220 3184 C
2320 3112 2587 3185 (Ibidem).
2638 3112 2703 3166 Et
2732 3131 2835 3169 non
2858 3114 3080 3169 attulere
3104 3116 3151 3168 ei
3174 3132 3411 3169 munera.

550 3210 678 3267 latis
715 3211 828 3265 suis
858 3211 1134 3265 humiliter
1166 3210 1389 3265 obedire
1411 3210 1607 3273 sciunt,
1635 3209 1743 3262 a‘ta
1773 3209 1931 3279 257
1948 3207 2147 3275 eogita-
2323 3202 2408 3256 42.
2453 3203 2508 3258 Si
2553 3203 2618 3258 ad
2662 3203 2896 3258 litteram
2928 3205 3029 3260 ista
3057 3205 3405 3273 discutimus,
3452 3207 3559 3262 hoc
3596 3206 3811 3276 profecto

553 3318 620 3359 re
650 3305 918 3358 nesciunt.
959 3302 1150 3356 Sciunt
1172 3301 1387 3371 quidrm
1421 3301 1681 3370 imperata
1711 3299 1987 3370 perlicere,
2022 3315 2149 3354 nes-
2250 3295 2552 3360 insinuant,
2594 3296 2721 3364 quia
2765 3306 2820 3351 et
2864 3304 3129 3352 tetrarum
3157 3296 3388 3364 domini,
3432 3306 3488 3352 et
3534 3297 3811 3367 spirituales

549 3391 705 3445 ciunt
734 3391 854 3445 aliis
883 3390 1190 3459 imperanda
1233 3389 1547 3460 praevidere.
1581 3387 1747 3454 Quasi
1801 3388 1945 3443 enim
1989 3388 2148 3457 hujus
2249 3386 2713 3441 sanctaeEcclesim
2729 3387 2931 3458 prmlati
2957 3389 3315 3443 exterioribus
3333 3387 3809 3443 oﬂiciishonorandi

549 3481 724 3552 partis
750 3481 946 3536 milites
973 3481 1435 3536 commemorabat
1464 3478 1685 3541 Paulus,
1709 3494 1830 3534 cum
1859 3478 2146 3533 Colossen-
2249 3485 2397 3531 sunt.
2427 3476 2575 3531 Unde
2606 3484 2663 3532 et
2695 3477 2885 3534 beatus
2907 3475 3103 3532 Paulus
3124 3479 3412 3548 Apostolus
3435 3479 3608 3533 elatos
3637 3477 3813 3531 Roma-

549 3573 703 3629 sibus
729 3572 1011 3635 scriberet,
1043 3571 1229 3626 dicens
1254 3589 1266 3625 :
1296 3570 1505 3627 Salutat
1542 3587 1629 3625 ros
1656 3570 1986 3625 Aristarchus
2016 3587 2145 3625 con-
2249 3582 2350 3622 uos
2379 3566 2692 3634 alloquitur,
2734 3567 2919 3623 dicens
2950 3584 2965 3621 :
3000 3566 3218 3621 Reddite
3251 3569 3489 3622 omnibus
3516 3567 3710 3631 debita;
3741 3568 3811 3620 cui

550 3665 783 3734 captivus
839 3681 1002 3729 meus,
1055 3672 1104 3717 et
1153 3662 1368 3717 Marcus
1406 3660 1742 3716 consobrinus
1779 3660 2059 3723 Barnabw,
2097 3669 2145 3713 et
2249 3658 2516 3723 tributum,
2542 3656 3809 3729 tributumxuirectigal,vectigal(Rom.xttt,'l).

548 3756 785 3812 Joannes
811 3757 895 3825 qui
927 3757 1116 3810 dicitur
1142 3754 1343 3822 Justus,
1375 3755 1461 3827 qui
1491 3762 1695 3809 suntex
1721 3754 2143 3808 circumcisione:

551 3848 609 3903 .‘n'
629 3848 727 3903 soli
750 3858 869 3903 sunt
892 3848 1158 3914 adjutores
1182 3849 1281 3901 mei
1308 3848 1359 3901 in
1390 3863 1548 3918 regno
1576 3845 1674 3900 Dei
1706 3846 1901 3913 (Calas.
1926 3862 1997 3911 ιν,
2030 3846 2140 3915 l0).

546 3938 684 3995 Item
718 3939 991 3994 Romanos
1027 3939 1329 4007 alloquens,
1357 3938 1472 3991 ait:
1533 3936 1776 3992 Salutate
1826 3936 2065 3991 Priscum
2094 3945 2146 3989 et

547 4028 795 4100 Aquilam
832 4028 1096 4098 adjutores
1121 4044 1260 4082 meos
1289 4026 1466 4096 (Rom.
1484 4043 1592 4090 xvt,
1614 4024 1692 4081 5).
1716 4024 1781 4078 Et
1807 4033 1931 4094 post
1952 4040 2143 4095 pauca:

547 4116 877 4171 Salutat'vos
910 4116 1204 4171 Timotheus
1234 4115 1445 4184 adjutor
1471 4131 1636 4179 meus,
1675 4123 1723 4167 et
1766 4113 1953 4177 Lucas,
1982 4124 2031 4167 el
2058 4113 2147 4166 Ja-

548 4221 647 4259 sou
672 4204 837 4275 (Ibid.
859 4204 973 4273 2|).
1009 4205 1296 4273 Adjntores
1319 4205 1520 4275 quippe
1548 4219 1676 4258 suos
1720 4203 2017 4273 discipulos
2040 4220 2142 4259 vo-

548 4296 717 4361 cavit,
739 4296 865 4364 quia
901 4296 1092 4350 ordine
1123 4295 1357 4351 minores
1382 4302 1556 4356 erant,
1589 4293 1683 4348 sed
1737 4294 1938 4348 laboris
1980 4294 2138 4363 parti-

548 4387 702 4456 cipes
726 4403 741 4452 ;
769 4383 1694 4455 obedientirehumilitate'Apostolo
1710 4383 1935 4453 subjecti
1963 4394 2139 4450 erant,

2249 3750 2385 3805 lliuc
2410 3749 2793 3820 Apostolorum
2823 3751 3074 3819 princeps
3095 3750 3419 3810 exhortans.
3452 3750 3528 3802 ait
3559 3766 3572 3801 :
3608 3746 3812 3819 Subjecti

2247 3850 2408 3896 estote
2435 3844 2575 3896 omni
2600 3842 2840 3896 humana:
2866 3853 3117 3896 creaturae
3143 3850 3354 3911 propter
3381 3841 3567 3905 Deum,
3596 3841 3695 3894 sive
3720 3839 3815 3908 regi

2251 3943 2501 4004 tanquam
2529 3933 2866 4004 prwcelfentt',
2898 3934 3004 3987 sire
3032 3932 3245 3986 ducibus
3276 3941 3518 4003 tauquam
3541 3930 3605 3984 ab
3623 3948 3679 3985 eo
3702 3932 3815 3983 mis-

2249 4027 2321 4078 s’s
2348 4024 2407 4094 (ι
2439 4023 2583 4078 Petr.
2612 4040 2670 4090 ll,
2700 4023 2809 4094 15).
2834 4022 3145 4094 Spiritualia
3186 4039 3315 4078 vero
3347 4039 3570 4077 munera
3611 4021 3815 4077 rectori-

2248 4117 2351 4173 bus
2378 4118 2579 4172 nostris
2610 4117 2929 4184 tribuimus,
2978 4118 3195 4187 quando
3241 4117 3290 4171 (Ι.
3310 4118 3479 4172 bitam
3510 4118 3591 4174 eis
3621 4116 3819 4171 honoris

2248 4208 2607 4264 reverentiam
2652 4206 2947 4275 oderimus,
3001 4217 3058 4263 et
3094 4224 3158 4264 ea
3203 4225 3323 4279 quae
3364 4210 3681 4280 przecipiuut
3709 4224 3817 4264 cum

2247 4313 2439 4367 magna
2461 4299 2750 4354 devotione
2770 4313 3070 4354 servamus.
3097 4298 3284 4367 Magna
3303 4300 3445 4354 enim
3471 4315 3691 4353 munera
3708 4306 3820 4353 sunt

2246 4394 2552 4450 reverentia
2601 4395 2822 4449 honoris
2864 4402 2920 4449 et
2963 4394 3235 4449 humilitas
3286 4393 3668 4462 subjectionis;
3711 4392 3819 4462 quia

548 4478 649 4535 sed
677 4479 802 4533 dum
833 4493 954 4534 cum
984 4493 1051 4533 eo
1080 4477 1270 4532 aeterni
1309 4476 1459 4545 regni
1482 4476 1709 4544 gloriam
1742 4476 2140 4545 praedicarent,

2248 4486 2375 4541 dum
2404 4487 2703 4542 rectoribus
2723 4487 2943 4553 nostris,
2966 4497 3019 4542 et
3040 4488 3183 4542 intus
3214 4502 3311 4556 per
3336 4489 3693 4543 humilitazem
3712 4488 3821 4542 sub-

546 4586 675 4625 cum
688 4585 754 4625 eo
776 4569 977 4640 pariter
997 4569 1279 4624 veritatem
1318 4566 1693 4635 defenderent,
1718 4566 2018 4621 infidelibus
2042 4568 2141 4622 ob.

544 4659 827 4726 sisterent,
858 4659 1036 4717 illatas
1071 4658 1481 4728 persecutiones
1510 4656 1725 4713 fortiter
1760 4657 2095 4713 sustinerent
2122 4696 2139 4722 ,

542 4749 708 4819 quasi
737 4750 788 4804 in
818 4749 961 4805 bello
982 4749 1076 4805 Dei
1100 4748 1299 4804 milites
1339 4748 1480 4818 regis
1507 4756 1684 4803 erant.
1725 4746 1860 4803 Cum
1912 4762 2039 4816 rege
2086 4747 2140 4803 in

547 4840 732 4896 tiabaa
757 4856 882 4911 pars
909 4840 1180 4896 exercitus
1204 4839 1283 4895 ire
1310 4838 1525 4905 dicitur,
1548 4838 1672 4907 quia
1724 4837 1949 4909 perfecti
1978 4836 2141 4892 disci.

547 4932 660 5003 puli
685 4933 739 4989 in
766 4932 874 4987 alta
892 4932 1245 5002 dispositione
1264 4939 1466 4987 sancta
1488 4929 1742 4986 Ecclesia:
1764 4930 2139 4999 magistrorum

549 5038 773 5077 suorum
802 5021 1144 5091 coadjutores
1173 5030 1331 5087 sunt;
1359 5020 1578 5084 auxilia,
1612 5035 1732 5089 qua:
1762 5027 2012 5089 possunt,
2048 5033 2143 5088 per

549 5111 893 5167 altitudinem
922 5111 1134 5167 virtutis
1156 5110 1353 5177 ferunt,
1374 5110 1470 5167 sed
1498 5110 1576 5165 eis
1605 5124 1742 5178 quos
1767 5107 2024 5177 adjuvant
2045 5123 2144 5179 per

548 5202 909 5259 humilitatem
940 5203 1201 5259 serviunt.

623 5314 711 5368 Η.
754 5314 823 5369 Ει
850 5316 977 5385 quia
1020 5316 1125 5371 hoc
1166 5315 1377 5370 nonnisi
1405 5315 1479 5370 illi
1511 5322 1765 5386 possunt,
1792 5314 1882 5383 qui
1912 5312 2143 5383 Spiritus

551 5407 723 5461 sancti
750 5408 920 5475 gratia
951 5407 1208 5476 praeventi
1238 5416 1395 5472 sunt,
1437 5422 1560 5461 cum
1599 5422 1721 5476 pars
1755 5406 2023 5461 exercitus
2058 5406 2137 5461 ire

551 5509 677 5550 cum
718 5510 845 5564 rege
881 5496 1097 5561 dicitur,
1139 5495 1494 5564 subjungitur.
1527 5494 1758 5560 Quorum
1796 5495 1935 5549 Deus
1971 5497 2138 5567 tetigit

551 5586 731 5642 corda.
755 5586 890 5653 Quia
921 5586 1064 5643 enim
1087 5587 1253 5656 digito
1275 5597 1497 5658 tangere
1521 5589 1777 5652 solemus.
1802 5590 1943 5644 Deus
1971 5589 2136 5644 corda

553 5681 871 5736 Sanctorum
902 5680 1089 5750 tangit,
1109 5680 1323 5750 quando
1353 5682 1429 5737 eis
1456 5681 1684 5752 Spiritus
1707 5682 1877 5737 sancti
1910 5682 2136 5753 gratiam

2249 4582 2444 4646 dimur,
2478 4590 2533 4637 et
2563 4598 2659 4653 per
2689 4582 2957 4638 esteriora
2988 4582 3244 4651 obsequia
3281 4582 3411 4637 foris
3440 4582 3662 4637 honoris
3690 4596 3822 4636 revec

2246 4673 2476 4728 rentiam
2509 4672 2856 4740 exhibemus,
2895 4688 3090 4727 munus
3136 4672 3215 4727 eis
3252 4688 3414 4726 unum
3463 4672 3759 4740 praebemus
3797 4685 3823 4723 ει

2248 4780 2509 4835 corpore,
2539 4765 2683 4819 aliud
2721 4780 2749 4817 a
2786 4766 2970 4819 corde.
3009 4763 3074 4818 Ut
3103 4778 3232 4833 ergo
3260 4764 3619 4832 superborum
3650 4773 3819 4833 typum

2249 4856 2483 4911 insinuet
2508 4855 2796 4925 propheta,
2823 4869 2930 4908 non
2958 4853 3090 4909 dicit
3117 4871 3129 4905 :
3162 4850 3285 4907 Non
3315 4853 3540 4906 attulere
3561 4853 3611 4905 ei
3631 4866 3822 4912 amntis;

2248 4952 2371 5013 sed,
2403 4963 2505 5004 nou
2546 4948 2766 5001 attulere
2792 4947 2840 5000 ei
2863 4962 3112 5009 munera;
3141 4945 3265 5015 quia
3296 4944 3424 4999 dum
3458 4944 3664 4998 electos
3704 4957 3824 5012 prte-

2249 5041 2517 5097 dicatores
2545 5039 2874 5109 despiciunt,
2915 5039 2993 5093 eis
3030 5038 3215 5106 utique
3248 5038 3512 5093 honorem
3552 5052 3583 5090 a
3610 5049 3823 5106 corpore

2249 5131 2443 5187 olierre
2468 5130 2827 5200 dedignantur
2853 5139 2908 5184 et
2934 5129 3291 5185 humilitatem
3314 5144 3343 5182 a
3365 5127 3552 5183 corde.
3577 5127 3686 5182 Sed
3716 5140 3818 5182 cum

2247 5222 2405 5278 electi
2445 5222 2825 5292 praedicatores
2868 5220 3204 5277 subditorum
3243 5220 3459 5290 culpam
3497 5226 3818 5287 agnoscunt,

2247 5314 2536 5383 aliquando
2566 5328 2687 5367 eam
2715 5312 2896 5368 statim
2925 5313 3197 5381 corrigere
3219 5311 3551 5381 increpando
3578 5310 3819 5379 gestiunt,

2248 5404 2541 5476 aliquando
2568 5404 2706 5458 hanc
2731 5418 2792 5458 se
2830 5417 2991 5457 nosse
3017 5401 3385 5464 dissimulant;
3411 5408 3471 5454 ut
3500 5399 3566 5454 ad
3594 5416 3712 5455 eam
3740 5398 3819 5451 de-

2245 5496 2767 5562 lendameongruum
2785 5502 2996 5563 tempus
3024 5488 3455 5563 quaerant.Unde
3482 5499 3537 5545 et
3557 5490 3627 5546 de
3648 5489 3818 5546 eodem

2244 5587 2500 5657 despecto
2530 5599 2657 5655 rege
2682 5584 2930 5656 protinus
2956 5583 3239 5641 subditur:

2318 5677 2587 5749 (ibidem)
2631 5675 2729 5730 Ille
2758 5691 2874 5731 vero
2901 5672 3260 5732 dissimulabat
3282 5689 3338 5728 se
3358 5672 3559 5726 audire.
