3962 6270
115 300 211 356 313

918 288 985 347 ΙΝ
1027 290 1291 348 PRIMUM
1333 289 1571 349 RECUM
1613 294 2128 353 EXPOSITIONES.
2168 325 2243 341 —
2281 298 2407 353 ΜΒ.
2454 299 2514 354 ν.

3251 307 3359 366 3H

176 411 258 466 ιδ.
308 407 417 463 Sub
436 406 649 461 litorum
698 402 915 475 quidem
974 407 1295 475 pravitatem
1346 407 1535 473 audit,
1584 408 1676 478 qui
1705 416 1753 475 Α
1782 412 1942 467 verba
1971 412 2189 479 dicitur,
2221 413 2315 468 sed
2361 414 2680 469 continuato
2710 428 2879 485 regno
2908 432 3073 487 super
3100 418 3261 475 Israel
3293 422 3360 477 ad

118 504 306 567 noscit;
349 501 441 556 sed
471 498 650 563 audit,
683 505 739 551 et
766 513 871 551 non
898 498 1220 568 respondet,
1262 500 1369 554 imo
1398 516 1457 554 se
1490 499 1673 556 audire

118 592 385 650 dissimulat
417 607 430 643 :
460 590 584 659 quia
629 588 970 658 plerumque,
1011 605 1174 645 causa
1216 591 1498 659 exigente,
1544 600 1670 645 nota

118 685 422 741 subditorum
450 685 698 753 superbia
740 684 1046 754 incorrepta
1074 685 1357 750 deseritur,
1388 694 1445 740 ut
1470 701 1670 755 oppor-

120 777 295 834 tuniori
324 786 591 845 tempore,
632 776 786 845 quasi
824 777 1039 844 cognita
1078 776 1317 831 feriatur.
1347 777 1517 844 Quam
1545 794 1670 848 pro-

121 868 242 922 fecto
283 866 654 921 ecclesiastica:
701 882 943 921 censura:
987 868 1365 923 discretionem
1413 869 1552 923 bene
1618 868 1671 923 in

119 960 208 1012 hoc
246 958 355 1025 ipso
378 952 591 1011 lsraelis
629 971 755 1024 rege
785 956 1153 1024 agnoscimus,
1176 958 1220 1011 si
1254 958 1399 1025 regni
1430 966 1673 1026 tempora

120 1057 166 1102 et
186 1056 297 1101 acta
322 1047 527 1101 diversa
560 1046 851 1100 videamus.
881 1044 1014 1100 Nam
1037 1046 1184 1099 rudis
1210 1046 1403 1111 adhuc,
1435 1057 1491 1101 et
1520 1046 1674 1100 novi-

120 1148 190 1193 ter
227 1138 492 1193 ordinatus
540 1138 881 1191 dissimulare
920 1151 979 1191 se
1028 1136 1214 1191 audire
1265 1137 1672 1207 despicientium

1778 502 2054 558 dexteram
2079 513 2131 559 et
2151 505 2417 559 sinistram
2443 516 2769 575 pugnare,et
2798 525 3118 579 quocunque
3151 526 3209 565 se
3242 528 3361 565 ver-

1780 592 1955 658 tebat,
2003 608 2259 663 superare
2295 595 2626 665 perhibetur.
2671 598 2842 668 Culpa
2884 614 3011 664 ergo
3055 615 3175 668 qua:
3218 602 3360 655 teriri

1780 682 1935 751 digna
1964 685 2253 739 severitate
2282 702 2388 739 non
2418 696 2615 755 potest,
2638 687 3039 755 dissimulanda,
3064 706 3168 743 non
3199 707 3363 761 expo-

1780 771 1953 825 nenda
1992 781 2102 837 est,
2132 773 2257 841 quia
2288 774 2542 827 audacius
2570 792 2599 827 a
2633 776 2887 844 subjectis
2924 778 3268 847 delinquitur,
3313 781 3359 835 si

1780 863 2117 931 prazlntorum
2148 863 2426 917 infirmitas
2456 880 2572 933 agn:
2597 866 2943 921 scatursllzec
2970 869 3021 922 in
3048 877 3240 936 quarto
3264 870 3362 923 hu—

1770 951 1857 1019 jtts
1886 968 1971 1021 op:
1992 954 2064 1007 ris
2102 952 2238 1007 libro
2265 952 2532 1022 disputata
2571 955 2869 1023 sufficiant,
2909 966 2964 1010 ut
2989 973 3084 1027 per
3107 959 3360 1026 loquendi

1776 1043 2093 1113 principium
2124 1045 2189 1099 ad
2218 1047 2534 1117 exponenda
2554 1088 2567 1113 ,
2601 1064 2720 1119 qua:
2750 1057 2984 1117 restant,
3014 1050 3247 1105 studiqu
3270 1064 3358 1107 ως

1776 1152 2059 1191 ηονθηιυε.

619 1306 3352 1326 .m—m

1236 1426 1584 1507 LIBER
1643 1427 2206 1534 QUINTUS.

589 1579 815 1637 CAPUT
856 1580 1144 1634 PRlllUM.

178 1678 222 1732 ι.
258 1675 381 1730 Cum
413 1688 586 1727 sacrm
625 1672 785 1740 hujus
816 1672 1055 1727 historia:
1086 1671 1500 1740 profunditatem
1531 1686 1673 1727 asse-

118 1784 219 1823 rere
242 1767 287 1820 in
313 1765 459 1819 istius
489 1763 677 1833 Operis
702 1762 1016 1832 praefatione
1043 1762 1335 1816 voluissem
1354 1803 1370 1828 ,
1398 1761 1450 1815 in
1481 1777 1547 1815 eo
1574 1776 1674 1831 po-

120 1860 345 1913 tissimum
370 1854 539 1908 videri
573 1868 733 1923 posse
762 1853 997 1915 asserui,
1030 1852 1173 1923 quod
1216 1852 1417 1921 scripta
1447 1854 1603 1907 tuerit
1642 1869 1672 1906 a

118 1945 379 2020 prophetis.
428 1944 532 2012 Ipsi
582 1943 798 2013 quidem
840 1943 1061 2013 mystica
1099 1943 1317 2012 dicere,
1362 1959 1468 1997 nou
1498 1944 1671 1997 so'um

1776 1584 2146 1641 Ammonitcs?
2176 1603 2295 1657 qua:
2324 1596 2406 1642 est
2430 1585 2590 1644 Jabes
2626 1588 2863 1643 Calaad?
2896 1587 2999 1642 Sed
3030 1587 3169 1641 Naas
3197 1587 3363 1643 inter-

1775 1684 2035 1745 pretatur,
2066 1692 2309 1745 serpens,
2340 1676 2496 1733 Jnhes
2522 1679 2813 1732 exsiccata.
2845 1678 2919 1733 De
2966 1686 3216 1746 serpente
3266 1694 3362 1731 att-

1777 1774 1882 1821 tem
1910 1767 1960 1820 in
1989 1766 2182 1822 Genesi
2207 1767 2402 1820 dicitur
2426 1786 2438 1820 :
2466 1766 2599 1831 Quia
2621 1769 2859 1822 callidior
2884 1776 2997 1820 erat
3022 1768 3219 1820 cunctis
3243 1768 3361 1820 ani-

1776 1858 2031 1911 mantibus
2064 1858 2217 1927 ((Ien.
2248 1875 2322 1923 ut,
2360 1859 2431 1929 l).
2462 1858 2630 1927 Cujus
2660 1860 2900 1929 profecto
2926 1860 3187 1929 serpentis
3214 1860 3359 1913 simi-

1776 1948 1946 2002 litudo
1962 1949 2007 2002 si
2028 1949 2079 2002 in
2094 1950 2235 2003 vitiis
2262 1951 2537 2018 quaeritur,
2572 1951 2695 2021 quid
2718 1952 2943 2005 similius
2971 1966 3129 2019 quartt
3159 1951 3363 2004 violen-

118 2038 293 2097 verbis,
322 2036 410 2091 sed
432 2035 602 2089 etiam
620 2034 781 2090 rebus
798 2043 1210 2099 consueverant;
1234 2034 1387 2103 plana
1410 2034 1671 2105 proferre,
1706 2021 1751 2081 Β
1779 2047 1888 2093 tum
1936 2048 2054 2108 gast
2086 2040 2351 2109 imargize,
2382 2042 2430 2095 id
2462 2050 2541 2095 est
2588 2042 2723 2110 gula:
2777 2050 2981 2096 motum
3027 2041 3361 2095 invenimus!

117 2129 193 2185 sed
216 2128 311 2182 alta
338 2128 570 2196 signare.
602 2125 737 2191 Quia
764 2125 907 2179 enim
940 2140 1036 2193 per
1066 2140 1161 2179 eos
1190 2124 1418 2194 Spiritus
1455 2134 1671 2180 sanctus

120 2223 421 2293 loquebatur,
460 2228 516 2274 et
554 2218 775 2289 planum
808 2225 955 2282 erat,
985 2217 1127 2288 quod
1159 2218 1291 2287 ipsi,
1322 2218 1467 2273 velut
1493 2218 1671 2271 homi-

120 2331 198 2370 nes
220 2313 480 2377 dicebant,
518 2310 621 2366 sed
651 2310 973 2380 profundum
1002 2320 1057 2365 et
1085 2310 1399 2381 mysticum;
1431 2310 1555 2380 quia
1587 2310 1668 2363 lo-

118 2407 347 2461 cntionem
371 2402 685 2457 hominibus
700 2416 942 2456 summus
965 2409 1020 2454 et
1036 2401 1343 2455 incircumsc
1359 2402 1531 2468 riptus
1551 2399 1673 2469 Spi-

118 2497 227 2550 ritus
264 2494 599 2563 suggerebat.
643 2492 779 2558 Quia
823 2505 952 2559 ergo
1000 2491 1317 2562 prophetam
1362 2491 1669 2545 Satnuelem

119 2586 385 2657 loquentem
414 2586 773 2655 exponimus,
818 2594 965 2639 tanto
1011 2583 1202 2653 majori
1250 2584 1434 2638 studio
1463 2583 1669 2651 indige-

119 2693 245 2741 mus,
271 2684 463 2745 quanto
493 2675 614 2744 ipse
642 2673 695 2727 in
718 2672 949 2742 Spiritus
969 2674 1141 2727 sancti
1171 2672 1341 2740 gratia
1370 2671 1671 2725 sublimiter

120 2774 409 2837 assumptus,
442 2764 721 2819 uteriora
750 2763 911 2825 dixit,
943 2762 1035 2817 sed
1069 2762 1322 2817 interiora
1353 2761 1503 2816 vidit.
1532 2759 1667 2816 Car-

121 2857 234 2911 nalia
268 2857 577 2925 ple-umque
620 2852 881 2917 asseruit,
920 2852 1015 2907 sed
1059 2853 1246 2907 intima
1277 2861 1333 2907 et
1369 2852 1669 2922 spiritualia

120 2949 328 3016 signavit.
365 2948 465 3002 Sed
496 2947 628 3016 quia
660 2947 895 3000 humano
917 2945 1092 2999 studio
1120 2945 1186 2999 ad
1216 2945 1392 3000 divina
1420 2946 1670 3015 perveni-

122 3055 168 3094 re
192 3039 493 3109 impossibile
521 3045 642 3101 est,
669 3052 776 3090 non
806 3044 890 3091 est
919 3037 1082 3107 259
1107 3036 1263 3090 nobis
1292 3035 1667 3091 confidendum

121 3131 172 3185 de
195 3130 373 3184 viribus
393 3129 658 3199 propriis,
686 3126 780 3182 sed
810 3126 877 3182 de
899 3126 1209 3194 (lignatione
1237 3126 1467 3196 Spiritus
1495 3126 1668 3182 sancti

120 3220 191 3287 qui
211 3236 236 3272 a
256 3220 610 3289 Redemptore
637 3219 861 3282 missus,
918 3216 1147 3285 Replevit
1175 3215 1348 3271 orbem
1376 3224 1659 3281 terrarum,

121 3322 159 3364 et
191 3313 291 3376 hoc,
318 3312 465 3383 quod'
491 3312 727 3366 continet
757 3311 956 3376 omnia,
985 3311 1038 3363 in
1070 3309 1304 3365 omnibus
1344 3310 1460 3380 jam
1495 3310 1667 3364 scien-

1774 2127 2021 2184 Luxurire
2060 2130 2271 2199 quidem
2321 2140 2529 2194 motus,
2578 2130 2701 2185 furti
2746 2132 2979 2197 crimen,
3028 2131 3197 2199 turpis
3229 2131 3360 2186 lucri

1773 2222 2069 2291 appetitus,
2090 2222 2179 2276 ira:
2210 2223 2461 2293 impetus,
2479 2224 2779 2276 amaritudo
2808 2223 3078 2277 szecularis
3104 2221 3355 2286 tristititc,

1773 2315 1977 2369 desidia
2008 2314 2231 2377 accdiae,
2266 2316 2535 2385 appetitus
2564 2330 2713 2369 vana:
2742 2316 2943 2383 gloria‘,
2969 2324 3147 2369 tumor
3172 2330 3361 2384 super-

1773 2406 1875 2460 bia‘
1901 2414 2087 2476 aperte
2127 2407 2459 2461 detestabilis
2492 2416 2607 2473 est;
2650 2408 2789 2476 gulze
2817 2424 2945 2461 vero
2991 2408 3173 2461 vitium
3208 2416 3358 2461 tanto

1773 2506 1855 2553 est
1887 2497 2290 2564 lraudnlentius,
2320 2510 2524 2569 quanto
2570 2508 2625 2555 et
2651 2501 2938 2569 occultius,
2966 2502 3089 2571 quia
3126 2509 3178 2555 et
3206 2501 3360 2569 quasi

1774 2592 2137 2646 necessarium
2164 2593 2402 2661 suggerit
2428 2592 2605 2646 cibum
2636 2593 2882 2663 corpori,
2915 2594 3006 2646 sed
3030 2592 3156 2646 dum
3186 2592 3360 2646 abun-

1772 2682 1965 2735 danter
1994 2696 2211 2737 carnem
2251 2682 2444 2745 reficit,
2492 2682 2714 2736 luxurize
2750 2682 2979 2750 gladium
3029 2681 3080 2734 in
3121 2694 3356 2735 mentem

1772 2772 1985 2841 mergit.
2014 2771 2215 2827 Suadet
2243 2777 2382 2842 quot
2408 2782 2690 2842 peccatum
2716 2788 2820 2827 non
2844 2782 2957 2837 est,
2979 2771 3073 2826 sr-d
3094 2771 3236 2826 unde
3264 2786 3360 2825 co-

1771 2862 1966 2916 mestio
1996 2862 2146 2932 quasi
2188 2878 2294 2917 non
2343 2871 2621 2933 peccatum
2668 2864 2943 2932 recipitur,
2984 2862 3107 2917 inde
3136 2872 3361 2931 peccato

1772 2950 1996 3005 luxuria:
2040 2953 2217 3007 anima
2257 2952 2591 3022 subjugatur.
2639 2950 2794 3007 Unde
2838 2962 2891 3006 et
2933 2952 2984 3005 in
3012 2952 3261 3021 paradi-o
3293 2952 3359 3005 ad

1771 3039 2048 3094 mulierem
2070 3039 2204 3108 gula:
2226 3038 2355 3092 vitio
2384 3038 2751 3108 decipiendam
2781 3052 3003 3106 serpens
3030 3036 3241 3090 venisse
3267 3051 3358 3090 os-

1773 3133 2009 3189 tenditur
2052 3130 2142 3201 qui
2180 3128 2321 3183 aliud
2367 3137 2711 3197 suggereret,
2759 3128 2900 3181 aliud
2950 3127 3253 3192 obtineret;
3302 3134 3360 3180 ut

1768 3224 1895 3281 dum
1918 3219 2245 3278 comedenda
2268 3219 2595 3277 ostenderet.
2621 3218 2961 3288 improvisum
2981 3225 3210 3271 mortem
3235 3232 3362 3286 pro-

1771 3318 2005 3388 pinaret.
2034 3314 2270 3383 Serpens
2292 3327 2421 3380 ergo
2451 3312 2551 3365 iste
2580 3310 2718 3379 gula:
2746 3309 2989 3377 designat
3015 3308 3356 3374 aviditatem,

122 3405 221 3454 t’am
247 3404 380 3457 habet
406 3404 541 3458 racia
573 3402 733 3472 (Sap.
766 3418 801 3465 ι,
829 3401 903 3467 7).
934 3400 1069 3467 Quid
1094 3416 1222 3469 ergo
1246 3400 1358 3469 jam
1387 3401 1523 3456 idem
1548 3417 1673 3471 pro-
1698 3392 1745 3456 C
1778 3408 1900 3480 quia
1930 3416 1987 3461 et
2009 3412 2257 3474 respectu
2282 3402 2439 3471 justa:
2471 3416 2613 3455 nece:
2632 3399 2808 3455 sitatis
2839 3398 2979 3466 repit
3002 3406 3056 3451 ct
3085 3398 3226 3451 virus
3256 3397 3359 3451 im-

121 3492 252 3561 pheta
278 3492 339 3547 de
365 3493 615 3562 inemptis
641 3490 1002 3546 lsraelitarum
1023 3492 1185 3561 gestis
1205 3502 1550 3562 exsequatur,
1574 3509 1672 3547 au-

122 3584 315 3637 diamus.

180 3673 213 3738 (1
238 3672 289 3727 Il
311 3689 356 3745 g.
379 3690 493 3744 etp.
527 3691 607 3737 XI,
638 3690 781 3727 vers.
814 3674 866 3739 1,
890 3673 970 3744 2.)
1005 3673 1071 3727 Et
1110 3676 1302 3745 factum
1323 3684 1398 3727 est
1424 3674 1668 3745 (inqu't)

124 3768 241 3835 quasi
268 3776 371 3831 post
412 3784 662 3829 mensem,
698 3767 932 3820 ascendit
958 3764 1108 3820 Naas
1132 3766 1469 3832 Ammonites,
1499 3774 1547 3819 et
1570 3782 1669 3835 pu-

125 3875 257 3926 gnare
276 3860 412 3929 carpit
428 3860 676 3912 adversus
698 3857 857 3912 Jabes
879 3856 1102 3910 Galaad.
1124 3856 1476 3927 Dixeruntque
1495 3872 1673 3909 onmes

125 3950 201 4001 riri
220 3949 359 4004 Ialm
386 3952 453 4003 ad
484 3948 680 4003 Naas:
715 3948 917 4003 llabe'o
949 3966 1044 4003 nos
1068 3949 1364 4019 fwderatos,
1406 3959 1457 4002 et
1486 3949 1673 4002 servie-

129 4056 216 4093 πω
241 4040 338 4094 tibi.
370 4040 433 4094 Et
457 4042 723 4109 respondit
747 4042 815 4094 ad
833 4058 920 4095 eos
949 4039 1101 4095 Naas
1125 4043 1467 4095 .lmmonites:
1490 4040 1555 4094 In
1579 4042 1672 4095 hoc

129 4132 276 4198 feriant
300 4134 546 4185 robiscnnt
568 4133 754 4202 fartus,
778 4142 831 4184 ut
853 4149 1029 4186 eruam
1054 4134 1281 4186 omnium
1310 4142 1528 4186 restrtmt
1550 4149 1673 4186 ocu-

128 4219 188 4272 los
206 4222 416 4288 dextros,
447 4210 738 4293 portamque
768 4239 853 4277 vos
879 4222 1203 4293 opprobrium
1233 4224 1288 4276 in
1316 4224 1550 4277 universo
1583 4222 1670 4277 Is-

127 4314 234 4367 roel.

183 4401 227 4456 2.
259 4404 307 4457 Si
333 4405 555 4459 historia
582 4405 860 4474 quaeritur,
893 4405 1023 4459 nihil
1052 4405 1260 4475 planius
1284 4406 1416 4469 dici,
1443 4406 1573 4460 nihil
1596 4404 1674 4459 fa-

129 4493 253 4547 cilius
292 4505 463 4565 potest
504 4498 749 4566 intelligi.
784 4496 839 4551 Si
869 4512 999 4551 vero
1042 4496 1289 4565 s;iritum
1333 4497 1483 4567 sequi
1514 4496 1671 4550 volu-

1772 3500 1875 3569 pia:
1903 3493 2278 3552 delectationis
2308 3492 2529 3562 spargit.
2562 3490 2707 3544 Bene
2731 3490 2889 3544 etiam
2916 3488 3251 3542 AmmonitI-s
3274 3487 3360 3541 di-

1774 3589 2041 3658 citur,qui
2064 3585 2292 3657 populus
2309 3583 2555 3638 maeroris
2601 3583 3003 3650 interpretatur,
3034 3579 3157 3647 quia
3182 3578 3359 3631 Ite-lum

1772 3681 1987 3735 videtur
2020 3676 2163 3749 quod
2208 3674 2436 3737 suadet,
2486 3672 2581 3727 sed
2613 3671 2766 3725 Valde
2808 3671 3114 3724 Ιιιιιυοευτιι
3159 3670 3263 3723 erit
3305 3669 3358 3721 iu

1772 3781 1973 3827 teterna
2001 3768 2366 3823 damnatione.
2398 3762 2633 3832 Populus
2664 3770 2840 3814 autem
2865 3758 3080 3823 dicitur,
3110 3759 3232 3828 quia
3255 3771 3355 3824 guo

1774 3863 1875 3918 losi
1904 3861 2102 3931 quique
2131 3874 2229 3929 pro
2270 3854 2630 3911 sollicitudine
2656 3852 2857 3906 ventris
2884 3848 3353 3904 innumerabilium

1773 3968 2021 4010 curarum
2044 3951 2340 4020 frequentia
2358 3946 2745 4017 deprimuntur.
2771 3942 2870 4009 Qui
2894 3942 2957 3995 ad
2974 3939 3133 3994 J..hes
3151 3936 3357 3994 Galaad

1773 4044 2034 4107 ascendit,
2066 4043 2189 4112 qu’a
2222 4042 2273 4095 in
2303 4039 2409 4093 alta
2454 4034 2795 4091 abstinentia!
2822 4035 3015 4087 virtute
3046 4032 3217 4100 posita
3244 4030 3361 4098 jus-

1774 4146 1950 4192 torum
1980 4149 2207 4205 cerpora
2238 4131 2303 4185 ad
2325 4130 2566 4185 ciborum
2593 4124 3084 4195 concupi-centiam
3111 4120 3358 4190 ιη·κοίρί-

1773 4237 1891 4283 tare
1938 4225 2161 4296 appetit.
2211 4221 2488 4275 Exsiccata
2534 4216 2748 4287 quidem
2792 4223 2939 4269 recte
2977 4228 3103 4267 caro
3143 4210 3358 4277 dicitur,

1772 4335 1891 4388 qua:
1910 4318 2135 4372 humore
2158 4311 2496 4384 pinguedinis
2512 4326 2619 4364 non
2637 4316 2911 4378 gravatur.
2933 4306 3010 4360 Ad
3028 4321 3122 4361 eos
3142 4304 3357 4373 quidem

1774 4410 1912 4465 Naas
1938 4407 2199 4472 ascendit,
2228 4420 2366 4474 quos
2400 4403 2701 4457 exsiccatos
2730 4400 2909 4453 videt:
2942 4398 3064 4466 quia
3109 4396 3211 4450 illis
3240 4410 3361 4462 gra-

1772 4505 1920 4558 viora
1949 4502 2086 4556 bella
2119 4500 2255 4568 gula:
2283 4497 2503 4566 spiritus
2532 4494 2564 4548 ix
2588 4494 2746 4562 gerit,
2779 4506 2914 4559 quos
2936 4498 3245 4544 attenuatos
3276 4485 3362 4554 je-

130 4600 251 4652 ntus,
284 4586 497 4643 Paulum
531 4588 681 4655 prius
719 4588 1026 4656 loquentem
1059 4587 1334 4640 audiamus
1366 4586 1457 4654 qui
1490 4596 1671 4641 vetera
1768 4595 1933 4666 juniis
1975 4590 2236 4661 agnoscit.
2283 4588 2426 4641 Bene
2470 4592 2649 4639 autem
2692 4594 2929 4650 ptigiare
2955 4578 3183 4647 cmpissc
3222 4575 3360 4628 Νίκη

130 4676 305 4734 intuens
324 4681 390 4733 ait
420 4697 432 4731 :
467 4678 659 4734 Omnia
681 4682 733 4733 in
754 4681 924 4750 [ignra
941 4680 1308 4750 contingebant
1330 4681 1434 4734 illis
1450 4681 1671 4751 :scripta

1775 4686 1971 4740 dicitur
2004 4701 2017 4735 :
2049 4681 2173 4750 quia
2203 4677 2377 4734 sancti
2408 4676 2505 4729 viri
2535 4674 2671 4743 gula:
2699 4669 3096 4738 suggestionem
3122 4682 3223 4718 non
3252 4666 3353 4717 hzt-

126 4778 223 4821 κιαι
242 4781 396 4822 autem
418 4778 629 4840 propter
655 4786 767 4834 nos,
794 4772 845 4823 in
866 4787 992 4839 quos
1024 4771 1153 4839 ﬁnes
1175 4772 1480 4825 swculorum
1519 4771 1666 4824 deve-
1703 4777 1748 4835 D
1772 4778 1807 4833 b
1827 4784 1901 4831 *ut
1930 4774 1982 4828 itt
2022 4772 2226 4827 findere
2262 4765 2538 4830 amicitiae,
2569 4763 2662 4817 sed
2693 4763 2744 4816 in
2784 4775 2971 4831 pugna:
2999 4756 3252 4812 contrati.
3275 4764 3356 4807 tn-

128 4874 279 4916 nmutt
320 4862 376 4929 (I
404 4864 525 4918 Cor.
572 4880 634 4927 ι,
673 4863 780 4931 ll).
822 4864 954 4918 Esse
989 4864 1151 4918 etiam
1195 4863 1489 4933 spiritualia
1531 4862 1671 4916 bella

126 4955 359 5024 insinuat,
384 4959 434 5011 di
470 4974 568 5012 ens
599 4976 611 5010 :
645 4957 761 5011 Non
807 4966 881 5011 cst
918 4958 1067 5011 nobis
1096 4958 1389 5011 colluctatio
1430 4955 1675 5010 adrersus

127 5064 320 5111 (ornent,
350 5059 397 5102 et
425 5050 750 5118 sanguinem,
785 5049 873 5099 sed
918 5047 1162 5100 adversus
1188 5046 1444 5116 principes
1504 5053 1553 5098 et
1581 5062 1675 5113 po-

130 5147 320 5204 testates,
368 5139 617 5192 adversus
665 5136 959 5192 soiritualta
1013 5138 1253 5207 nequitia:
1298 5137 1351 5189 in
1388 5135 1675 5189 cmlestibus

131 5228 244 5299 (Eph
270 5249 309 5284 s.
340 5250 409 5298 vi,
433 5231 547 5299 l2).
580 5229 711 5283 Cum
741 5242 869 5297 ergo
900 5228 1039 5285 Naas
1067 5228 1359 5284 ascendere
1384 5236 1439 5282 et
1466 5242 1664 5297 pugna-

133 5335 179 5371 re
196 5331 363 5375 contra
408 5322 571 5376 labes
613 5322 813 5375 Ga'aad
858 5320 1078 5384 dicitur,
1123 5319 1379 5373 interiora
1419 5318 1671 5371 vitiorqu

134 5411 279 5479 prte’ia
306 5413 667 5481 designantur.
691 5410 893 5478 Quibus
914 5411 1163 5465 nimirum
1185 5408 1359 5462 verbis
1379 5422 1545 5461 sacra!
1566 5406 1675 5460 his-

134 5502 259 5555 toria:
292 5518 579 5570 processus
615 5503 930 5569 ostenditur,
962 5511 1019 5555 ut
1057 5518 1198 5556 novo
1228 5500 1337 5569 regi
1364 5514 1504 5553 nova
1535 5498 1671 5552 bella

134 5601 468 5658 morerentur;
502 5608 627 5662 qua:
655 5594 775 5646 dum
810 5596 946 5649 bene
974 5596 1297 5659 conﬁceret,
1338 5588 1674 5646 strenu'ttatis

137 5699 225 5738 sue
246 5687 455 5754 gloriam
487 5686 905 5742 demonstraret.
935 5684 1067 5752 Quis
1104 5696 1185 5741 cst
1217 5700 1344 5756 ergo
1388 5686 1486 5741 iste
1535 5683 1674 5739 Naas

1777 4874 1904 4919 tvm.
1938 4861 2281 4918 Abstinentes
2306 4856 2470 4922 enim,
2500 4851 2653 4922 quasi
2677 4865 2798 4905 cum
2818 4854 3067 4917 serpente
3098 4851 3356 4914 pugnant,

1776 4954 1993 5027 quando
2021 4951 2160 5021 gula:
2182 4947 2478 5018 appetitum
2507 4956 2699 5010 magna
2726 4940 2920 4992 virtute
2947 4935 3271 5027 deprimunt,
3300 4942 3354 5027 ut

1775 5022 1982 5101 veneno
2001 5040 2225 5096 luxuriae
2243 5053 2347 5091 non
2367 5034 2687 5090 inliciantur.
2720 5028 2964 5095 Pugnare
2986 5022 3201 5093 quidem
3223 5022 3360 5089 gula.

1774 5149 1858 5195 est
1886 5134 2173 5192 esurientia
2198 5126 2578 5186 ahstineutium
2607 5136 2835 5192 corpora
2864 5118 2932 5173 ad
2967 5117 3126 5187 2εο
3155 5113 3360 5169 inordi-

1778 5239 1959 5284 natam
1989 5225 2190 5281 ventris
2215 5220 2567 5291 repletionem
2594 5226 2911 5284 provocare.
3388 5217 3393 5225 ·

1846 5319 1899 5373 3.
1941 5317 2048 5373 Sed
2075 5312 2344 5384 perfeetos
2382 5310 2525 5363 viros
2552 5305 2689 5374 gula
2719 5301 2988 5370 appetitus
3023 5307 3231 5352 tentare
3254 5310 3360 5394 po-

1778 5416 1914 5475 test,
1942 5418 2196 5476 superare
2223 5417 2327 5456 non
2350 5404 2547 5469 potest.
2567 5395 2707 5448 Bene
2727 5406 2857 5459 ergo
2873 5402 3108 5459 pugnare
3129 5399 3359 5476 cmptsse

1777 5506 1963 5555 contra
2010 5474 2335 5550 exsiccat‘am
2375 5488 2587 5551 dicitur,
2634 5499 2741 5538 uon
2786 5480 2996 5541 vicisse,
3037 5478 3161 5546 quia
3201 5474 3358 5529 electi

1781 5590 1876 5645 viri
1892 5585 2277 5642 desideriorum
2294 5578 2587 5637 carnalium
2606 5576 2861 5645 impetum
2876 5571 3135 5630 sentiunt,
3151 5565 3240 5620 sed
3255 5566 3361 5620 eis-

1778 5684 1898 5739 dem
1929 5676 2206 5735 desideriis
2234 5674 2407 5729 sciunt
2437 5671 2632 5724 virtute.
2653 5664 2847 5723 mentis
2873 5660 3156 5724 obsistere,
3181 5656 3359 5711 sciunt
