3962 6296
581 280 685 335 513

1788 271 2026 326 SANCTI
2067 267 2174 324 GR]

2278 268 2392 324 )llll
2432 270 2638 327 MAGNI
3728 276 3810 333 3l6

582 391 882 446 necessaria
929 405 1025 461 per
1062 390 1440 446 discretionem
1488 386 1791 459 providere.
1823 387 2011 441 Sciunt
2038 383 2158 454 qui-
2188 384 2235 442 A
2265 385 2356 438 sed
2382 386 2504 439 dum
2537 387 2822 440 exiit-cate
2847 393 2902 440 et
2922 386 3210 442 esurientis
3229 388 3409 446 carnis
3429 389 3710 446 cruciatum
3731 411 3814 450 non

580 481 701 535 dem
731 480 867 549 gulte
894 481 1150 549 impetum
1175 481 1428 535 feroriter
1458 480 1814 546 insurgentem
1839 476 2160 546 deprimere,

581 570 758 623 sciunt
794 571 1100 624 necessitati
1149 575 1392 640 corporis
1430 571 1682 624 alimenta
1715 568 1858 636 justa
1889 575 2161 636 praestare.

583 658 720 714 Ilznc
741 675 969 728 namque
991 661 1189 714 Doctor
1217 661 1462 730 egregius
1504 660 1668 714 dicit:
1701 659 1822 712 Srio
1851 657 2164 710 manducare

582 760 632 804 et
661 753 854 804 esurire
884 752 1101 822 (I’Itilip.
1127 769 1201 819 tv,
1238 753 1345 820 12).
1379 751 1699 805 Manducare
1724 749 1935 818 quidem
1964 757 2019 799 et
2039 762 2164 800 esu-

581 846 690 898 rire
727 845 892 909 novit,
926 846 1094 915 quiet
1122 862 1316 917 corpus
1347 847 1624 898 mo-lerate
1654 842 1844 905 reficit,
1877 849 1932 893 tt
1959 839 2025 893 ad
2063 839 2165 892 im-

581 934 916 988 moderatum
946 935 1185 988 ciborum
1236 936 1635 1004 j‘ierceptioncm
1683 931 1985 1000 suggerenti
2031 928 2166 996 gula:

581 1024 714 1076 vitio
747 1040 850 1077 non
878 1025 1166 1077 consentit.
1202 1024 1380 1088 Quare
1404 1033 1455 1075 et
1484 1023 1548 1075 ad
1577 1022 1716 1074 Naas
1748 1019 2164 1088 respondentes,

583 1113 768 1166 dicunt
799 1131 809 1163 :
847 1113 1046 1168 Habeto
1071 1133 1164 1168 nos
1194 1115 1487 1185 foederatos,
1520 1123 1568 1166 et
1597 1114 1872 1166 serviemus
1902 1111 2008 1165 tibi.
2042 1110 2081 1164 F
2085 1127 2166 1166 (1:-

585 1204 682 1257 dus
708 1205 906 1273 quippe
937 1221 965 1258 a
987 1207 1109 1273 gula
1141 1216 1330 1275 petunt
1353 1207 1441 1273 qui
1476 1205 1672 1257 vellent
1702 1219 1916 1257 carnem
1950 1217 2047 1270 pro
2070 1218 2166 1255 vo-

586 1300 642 1345 to
690 1293 931 1358 reticere,
980 1295 1023 1347 si
1066 1295 1117 1346 in
1164 1309 1324 1348 carne
1373 1294 1517 1347 nulla
1565 1301 1785 1360 possent
1822 1292 2169 1345 incitamenta

582 1386 784 1438 sentire
809 1386 1045 1439 luxuriae.
1075 1385 1236 1452 Quasi
1265 1386 1446 1440 dicant
1471 1404 1483 1437 :
1514 1385 1620 1438 Nos
1641 1385 1881 1438 d.tbiltlU‘~
1904 1383 2048 1452 quod
2078 1383 2170 1436 til=i

577 1477 778 1545 justum
810 1485 889 1531 est
931 1487 988 1531 ut
1025 1487 1077 1530 tu
1109 1479 1263 1532 nobis
1303 1494 1407 1531 non
1437 1476 1631 1532 inferas
1663 1478 1806 1547 quod
1833 1476 2032 1546 justum
2065 1492 2169 1530 non

582 1581 680 1624 est.
713 1570 918 1626 Justttat
950 1571 1168 1639 quidem
1199 1580 1281 1625 est
1312 1579 1369 1625 ut
1396 1570 1666 1625 reficiatur
1693 1585 1908 1637 corpus,
1941 1569 2032 1621 sed
2065 1568 2167 1621 ini-

580 1678 746 1730 quum
779 1661 932 1716 valde
962 1669 1042 1715 est
1076 1671 1132 1716 ut
1159 1662 1356 1716 refecta
1382 1677 1508 1715 t‘aro
1537 1676 1632 1731 per
1661 1660 1907 1714 ardorem
1935 1659 2026 1712 libi
2047 1658 2169 1711 l'n'ts

2265 479 2560 547 perferunt,
2593 479 2704 532 fieri
2737 477 2852 546 ejus
2881 478 3213 533 habitatores
3243 495 3580 549 nequaquam
3601 494 3816 550 possunt.

2265 570 2424 624 Jabes
2477 585 2605 638 ergo
2645 569 2967 636 inhabitant,
3014 585 3049 638 q
3093 570 3108 624 i
3154 571 3576 625 attenuationem
3611 577 3820 641 corporis

2269 661 2425 730 261
2458 674 2554 728 per
2580 660 2819 728 vigorem
2843 660 3040 714 mentis
3062 660 3114 713 in
3142 661 3228 728 jus
3258 660 3453 714 habent
3482 663 3820 730 possessionis,

2268 760 2323 805 et
2344 753 2490 806 velut
2510 753 2790 806 exsiccata:
2812 752 2978 806 muris
3006 753 3334 814 ambiuntur,
3361 753 3489 806 dum
3517 770 3609 821 per
3629 755 3674 807 id
3695 757 3818 822 quod

2270 856 2466 910 corpus
2496 847 2792 895 extenuant
2820 840 2887 894 ab
2917 841 3094 908 ignitis
3116 841 3339 896 luxurim
3357 840 3550 908 jaculis
3571 858 3630 910 pr
3665 851 3820 908 tegun-

2269 938 2374 982 tur.
2407 928 2507 995 Qui
2537 945 2658 983 eum
2683 929 3022 984 validissimis
3051 931 3449 997 insurgentibus
3474 930 3607 998 gula:
3631 932 3818 986 stimulis

2272 1019 2582 1087 fatigantur,
2613 1032 2818 1090 septem
2846 1021 3036 1075 diebus
3066 1020 3304 1076 inducias
3341 1029 3627 1090 expetunt,
3661 1021 3706 1074 in
3730 1023 3815 1090 qui-

2271 1111 2372 1165 bus
2401 1111 2444 1164 si
2475 1111 2673 1164 auxilia
2711 1110 2939 1176 desunt,
2970 1110 3034 1164 ad
3064 1109 3204 1164 Naas
3234 1110 3597 1178 egrediantur.
3629 1109 3724 1164 Sed
3747 1110 3830 1166 hoc

2273 1203 2702 1258 Ammonitarum
2743 1205 2942 1258 bellum
2994 1205 3188 1258 melius
3228 1204 3581 1273 exponimus,
3621 1204 3661 1257 si
3697 1205 3742 1258 in
3776 1219 3823 1260 tt-

2272 1293 2322 1346 «ιτ
2342 1293 2622 1362 prehen-a:
2649 1294 2826 1346 carnis
2856 1292 3218 1347 inﬁrmitatem
3250 1293 3558 1347 intueamur
3584 1302 3635 1346 et
3658 1295 3822 1361 sagaci-

2275 1394 2438 1439 tatem
2467 1384 2596 1440 crud
2623 1394 2687 1439 ta:
2713 1385 2924 1439 mentis.
2953 1384 3103 1438 Hanc
3132 1399 3348 1453 quoque
3377 1384 3574 1438 clarius
3603 1385 3829 1448 videmus,

2273 1477 2318 1531 si
2347 1476 2492 1546 quod
2521 1476 2848 1530 contrarium
2877 1482 2974 1539 est,
3002 1475 3052 1528 in
3076 1475 3251 1529 stultis
3274 1475 3496 1529 infirmis
3517 1475 3750 1530 subtilius
3767 1486 3829 1529 at—

2277 1568 2577 1621 tendamus.
2612 1565 2743 1619 Nam
2774 1565 2991 1635 quidam
3023 1566 3163 1620 intra
3193 1576 3434 1621 sanetam
3459 1566 3738 1621 Ecclesiam
3757 1569 3832 1623 de-

2276 1659 2388 1712 voti
2425 1674 2520 1727 per
2551 1657 2750 1712 desidet
2769 1657 2875 1710 ium
2903 1664 3058 1721 sunt,
3087 1656 3181 1710 sed
3205 1664 3462 1710 consueta
3495 1656 3733 1711 vitiorum
3759 1658 3834 1712 de-

582 1752 647 1805 ad
695 1753 1072 1806 contumeliam
1103 1753 1320 1822 spiritus
1363 1753 1646 1807 excitetur.
1680 1751 1874 1806 Ftndus
1905 1764 2034 1817 ergo
2077 1765 2172 1804 exc
2204 1757 2246 1819 Β
2277 1747 2485 1802 bilitate
2507 1748 2739 1802 remissi.
2769 1745 2994 1801 Possunt
3018 1747 3230 1816 quidem
3253 1748 3392 1802 bona
3424 1763 3736 1818 proponere,
3759 1749 3834 1803 sed

583 1845 834 1915 petimus,
859 1861 981 1899 cum
1008 1844 1084 1898 sic
1109 1845 1290 1899 favere
1320 1845 1468 1898 carni
1500 1844 1565 1897 ad
1593 1845 1834 1897 ciborum
1867 1841 2174 1912 perceptio-

590 1951 713 1988 ncm
742 1935 1010 1998 volumus,
1044 1946 1104 1989 ut
1132 1951 1161 1988 a
1191 1950 1356 1989 carne
1385 1935 1532 1988 nulla
1561 1934 1784 1988 luxnria:
1811 1933 1949 1987 mala
1976 1932 2177 1986 sentia-

586 2039 725 2077 mus.
755 2022 859 2077 St-d
891 2024 995 2078 hoc
1026 2024 1268 2093 profecto
1295 2024 1432 2078 velle
1462 2039 1766 2093 possumus,
1794 2023 2040 2077 obtinere
2069 2037 2176 2076 non

589 2126 896 2180 possumus,
915 2112 1039 2180 quia
1060 2111 1308 2165 nimirum
1327 2112 1635 2178 nosjustatn
1657 2111 2001 2166 refectionem
2023 2109 2176 2180 quasi

586 2203 844 2256 tributum
874 2204 1022 2258 carni
1049 2203 1344 2272 offerimus,
1366 2205 1459 2259 sed
1491 2219 1519 2256 a
1549 2219 1709 2258 carne
1736 2203 1888 2257 nobis
1916 2201 2058 2256 nulla
2085 2216 2179 2271 pa—

585 2295 662 2350 cis
692 2295 834 2349 bona
863 2297 1264 2365 prom'ttuutur.
1297 2295 1430 2349 Nam
1457 2311 1578 2350 cum
1609 2294 1848 2348 auditum
1877 2293 2073 2348 mentis
2111 2293 2178 2348 ad

588 2384 843 2438 vitiorum
889 2400 1149 2454 responsa
1200 2386 1336 2439 bene
1381 2385 1675 2452 dirigimus,
1710 2386 1812 2444 hoc
1843 2382 2083 2453 profecto
2124 2382 2177 2436 in

586 2474 723 2543 gula:
744 2489 874 2528 voce
902 2475 1298 2542 cognoscimus,
1322 2469 1445 2544 quia
1476 2475 1518 2528 si
1542 2490 1758 2528 carnem
1790 2473 2180 2543 itnpingttemus

591 2578 691 2633 per
731 2571 1135 2617 excrescentem
1181 2564 1702 2633 concupiscentiam,
1733 2563 1909 2617 cordis
1938 2563 2181 2616 caecitate

588 2655 937 2722 percutiatur.
963 2653 1140 2720 Quare
1167 2664 1221 2708 et
1251 2655 1389 2709 idem
1414 2655 1554 2708 Naas
1582 2656 1710 2708 dicit
1739 2673 1750 2707 :
1787 2653 1848 2707 In
1873 2654 1967 2708 hoc
1995 2655 2179 2724 feriant

589 2743 841 2797 vobiscum
873 2743 1056 2814 fwdns,
1083 2753 1136 2796 ut
1161 2761 1335 2798 eruunt
1359 2745 1583 2798 omnium
1615 2754 1830 2797 vestrum
1855 2745 2030 2798 oculos
2052 2744 2179 2796 dex-

589 2846 716 2889 tros.
749 2834 946 2888 Dexter
973 2835 1161 2890 oculus
1184 2844 1366 2888 noster
1394 2843 1475 2888 est
1514 2834 1739 2888 intuitus
1775 2842 1990 2888 internae
2022 2833 2180 2888 clari-

591 2929 736 2993 tatis,
769 2929 991 2982 sini-tcr
1031 2944 1158 2982 vtro
1189 2928 1376 2982 ocu'us
1417 2936 1499 2981 cst
1528 2927 1831 2995 cont-ttpisct
1853 2926 1962 2980 ntia
1990 2941 2180 2980 cana-

589 3019 675 3073 lis.
711 3016 861 3071 Dextt
882 3034 910 3072 r
937 3033 1066 3084 ergo
1094 3019 1280 3073 oculus
1309 3019 1535 3082 eruitur,
1562 3021 1779 3087 quando
1809 3033 1960 3073 mens
1982 3033 2044 3071 ea
2075 3033 2179 3071 ca:-

2277 1839 2401 1908 quia
2431 1839 2652 1908 exsequi
2683 1838 2827 1906 quod
2868 1846 3176 1908 proponunt
3223 1846 3519 1908 nequeunt,
3565 1845 3618 1892 et
3654 1854 3682 1892 a
3717 1856 3832 1909 pra:-

2277 1932 2418 1987 senti
2443 1930 2877 1999 concupiscentia
2920 1936 3264 1997 superantur,
3307 1938 3364 1982 et
3407 1929 3610 1983 bonum
3642 1929 3766 1998 quod
3792 1931 3833 1984 in

2278 2020 2530 2091 prmsenti
2560 2020 2811 2075 deserrnt
2854 2019 2906 2072 in
2935 2019 3109 2072 vicino
3157 2026 3401 2090 tempore
3445 2033 3506 2074 se
3548 2034 3834 2089 recuperare

2280 2128 2438 2182 posse
2479 2112 2772 2167 cintidunt.
2807 2109 2961 2179 Stepe
2998 2109 3212 2179 quidem
3255 2108 3504 2178 jejunare
3553 2109 3832 2179 disponunt,

2281 2205 2373 2259 sed
2404 2220 2522 2259 eum
2556 2213 2814 2258 consueta
2844 2203 2965 2272 gula
2995 2203 3299 2269 \incuutur,
3327 2216 3393 2256 eo
3423 2201 3510 2256 die
3541 2201 3833 2256 manducan-

2280 2297 2404 2352 dum
2429 2296 2695 2366 judieant,
2728 2297 2776 2349 in
2811 2295 3017 2350 futuros
3055 2294 3428 2364 jejunandum.
3464 2293 3698 2362 Cumque
3722 2294 3834 2361 gula:

2281 2385 2462 2440 feritas
2491 2401 2706 2456 semper
2735 2387 2813 2439 eis
2843 2401 3076 2454 praesens
3104 2385 3193 2449 sit,
3217 2398 3456 2454 prtescns
3476 2392 3532 2437 et
3549 2383 3832 2438 desiderium

2281 2475 2474 2528 futurtr
2503 2475 2783 2539 bonitat's,
2816 2474 2921 2528 hoc
2945 2473 3212 2543 Strpentis
3241 2472 3424 2526 fraude
3454 2473 3650 2542 agitur,
3679 2479 3730 2525 ut
3753 2471 3834 2526 bo-

2280 2583 2407 2621 num
2459 2567 2605 2636 quod
2657 2566 2976 2636 proponitur
3025 2581 3134 2620 non
3189 2565 3512 2620 inveniatur.
3553 2562 3680 2618 Cras
3715 2564 3832 2618 enitn

2281 2655 2427 2727 quod
2456 2671 2674 2726 semper
2731 2656 3060 2725 promittitur
3105 2669 3378 2723 nunquam
3430 2653 3706 2724 reperitur.
3747 2652 3834 2706 Sel

2280 2749 2403 2816 quia
2434 2748 2539 2802 hoc
2568 2748 2635 2801 ab
2665 2747 2766 2802 illis
2789 2748 2960 2815 agitur
2986 2762 3213 2816 quorum
3240 2762 3390 2800 mens
3405 2745 3596 2800 debilis
3615 2755 3709 2812 cst,
3729 2761 3833 2800 caro

2278 2835 2454 2904 fortis,
2487 2837 2764 2892 videamus
2804 2837 3036 2906 qualiter
3079 2837 3320 2907 serpenti
3353 2834 3579 2890 illudant
3607 2836 3677 2890 illi
3719 2851 3833 2906 quo-

2280 2946 2398 2986 rum
2427 2945 2578 2984 mens
2603 2928 2755 2984 fartis
2776 2939 2878 2993 est,
2907 2945 3033 2985 caro
3061 2939 3239 2983 autem
3268 2927 3494 2984 infirma.
3523 2928 3651 2983 Nam
3677 2929 3736 2982 de
3753 2946 3832 2984 ea-

2281 3020 2405 3075 dem
2435 3028 2687 3089 serpente
2729 3019 3007 3075 Psalmista
3055 3019 3122 3073 ad
3169 3019 3454 3074 Dominum
3497 3021 3657 3075 dicit:
3687 3019 3831 3073 Drat-o

587 3114 749 3167 citate
785 3121 974 3181 percut
999 3120 1102 3175 tur,
1150 3120 1207 3166 ut
1245 3112 1384 3166 ultra
1429 3112 1494 3165 ad
1527 3111 1754 3165 videnda
1785 3111 2024 3165 cmlestia
2068 3125 2176 3164 non
2207 3121 2254 3182 ο
2282 3115 2400 3179 iste,
2429 3129 2576 3184 quem
2605 3111 2861 3183 formasti,
2891 3110 2960 3165 ad
2984 3110 3304 3164 illudendum
3331 3111 3377 3164 ei
3411 3109 3581 3179 (Psal.
3613 3125 3712 3176 cm,
3735 3109 3830 3177 27).

589 3203 879 3271 aperiatur.
917 3201 1136 3256 Eruitur
1181 3202 1398 3270 quidem
1443 3204 1630 3256 etu'us
1673 3203 1888 3271 quando
1927 3218 1954 3251 a
1995 3207 2177 3255 mente

589 3293 818 3362 reproba
849 3291 926 3345 sic
958 3291 1136 3345 lumen
1168 3292 1434 3356 evellitur,
1468 3299 1526 3345 ut
1565 3291 1714 3344 radix
1755 3291 1805 3344 ei
1835 3291 1980 3357 nulla
2009 3305 2178 3344 rema-

594 3391 721 3435 neat
750 3382 817 3436 de
847 3397 948 3450 qua
996 3382 1290 3435 redivivum
1332 3383 1512 3436 lumen
1562 3390 1828 3452 erumpat.
1872 3381 2012 3436 Naas
2048 3395 2177 3450 ergo

591 3473 816 3527 dextros
843 3471 1028 3526 oculos
1064 3471 1447 3526 twdcratmum
1494 3487 1712 3526 suorum
1751 3472 1927 3539 eruit,
1962 3471 2177 3540 quando

589 3564 713 3633 gula
751 3563 835 3617 sic
875 3561 1098 3617 devictis
1139 3564 1407 3617 ab:tinent
1431 3564 1532 3619 bus
1565 3564 1820 3634 praevalet
1851 3573 1910 3618 ut
1945 3565 2178 3619 carnalia

590 3655 703 3710 sola
731 3655 968 3725 cupiant,
996 3663 1051 3711 et
1082 3656 1216 3709 u‘tra
1245 3671 1364 3726 qua:
1393 3656 1641 3712 solebant
1668 3672 1851 3712 amare
1875 3673 1980 3712 non
2004 3667 2181 3712 atten-

591 3746 738 3800 dant.
768 3745 837 3800 Et
856 3747 980 3816 quia
1009 3747 1249 3816 quisquis
1272 3748 1322 3801 in
1344 3748 1444 3802 hae
1465 3748 1572 3802 vita
1598 3747 1897 3818 projicitur,
1926 3750 1980 3803 in
2001 3748 2180 3804 futura

592 3855 775 3894 coram
831 3841 1035 3910 angelis
1089 3848 1143 3894 et
1187 3841 1374 3896 electis
1422 3841 1729 3896 hominibtts
1770 3841 2176 3908 condemnatur,

591 3931 926 4000 subjungitur
968 3953 979 3986 :
1029 3933 1327 4005 Fanumque
1361 3951 1448 3988 vos
1484 3933 1812 4004 opprobrium
1854 3935 1909 3988 in
1943 3935 2179 3990 universo

594 4022 783 4076 Israel.
808 4023 957 4078 Tunc
985 4025 1182 4093 quippe
1210 4025 1424 4092 reprobi
1452 4025 1505 4078 in
1531 4026 1779 4079 universo
1799 4024 1963 4079 llrael
1983 4041 2182 4096 oppro-

593 4114 771 4168 brium
803 4123 1095 4182 ponuntur,
1119 4115 1332 4182 quando
1356 4115 1410 4190 in
1439 4125 1682 4169 extremo
1702 4116 1969 4184 examine,
1997 4131 2179 4190 coram

593 4203 782 4257 electis
806 4204 1053 4256 omn-bus
1082 4204 1150 4258 de
1180 4189 1501 4273 perpetratis
1544 4206 1914 4274 iniquitatibus
1955 4189 2178 4263 erubes-

592 4301 742 4347 cunt.
772 4293 871 4347 νει
903 4293 956 4347 ἱη
984 4293 1330 4363 opprobrium
1357 4295 1408 4347 in
1439 4295 1540 4350 hac
1563 4296 1670 4349 vita
1694 4305 1965 4364 ponuntur
1991 4316 2003 4350 :
2031 4299 2178 4368 quia,

593 4382 718 4436 dtnn
764 4383 860 4451 ipsi
889 4384 1162 4438 obcmcato
1191 4383 1352 4438 corde
1381 4385 1516 4437 mala
1548 4385 1803 4440 audacter
1827 4395 2176 4456 perpetrant,

593 4477 764 4530 sancti
813 4476 914 4530 viri
963 4491 1060 4545 pro
1107 4491 1292 4530 eorum
1343 4477 1516 4546 culpis
1562 4478 1906 4533 erubescunt.
1941 4479 2045 4534 Sed
2086 4482 2176 4549 qui
2205 4493 2256 4552 Ι)

596 4573 779 4636 turpes
811 4567 1000 4631 videri,
1030 4566 1230 4621 avulsis
1254 4567 1455 4622 dextris
1484 4568 1672 4636 oculis,
1698 4568 2069 4640 dedignantur,
2096 4577 2179 4624 at-

595 4656 815 4710 tendant
840 4657 982 4726 quod
1012 4657 1254 4726 sequitur
1281 4677 1292 4710 :

666 4771 840 4839 (Vers.
867 4770 1035 4830 5.)Et
1065 4771 1306 4825 dixerunt
1353 4773 1422 4826 ad
1461 4791 1576 4827 eum
1623 4774 1933 4829 habitatores
1981 4773 2178 4830 Jabes:

595 4861 825 4916 Concede
843 4864 988 4917 nobis
1010 4874 1200 4933 septem
1225 4865 1356 4930 dies,
1384 4873 1438 4918 ut
1469 4867 1730 4920 mittamus
1752 4869 1959 4920 nuntios
1983 4867 2052 4919 ad
2072 4875 2178 4920 ter-

596 4955 760 5008 minos
787 4953 986 5020 Israel;
1019 4967 1067 5010 et
1097 4958 1141 5010 si
1170 4973 1270 5010 non
1302 4958 1457 5029 fuerit
1485 4953 1571 5030 qui
1597 4958 1841 5030 defendat
1870 4977 1964 5013 nos
1983 5001 1998 5026 ,
2029 4976 2174 5031 egre-

595 5044 795 5098 dicmttr
817 5065 839 5096 ί.
849 5049 883 5099 (1
913 5059 976 5100 te.

665 5137 715 5189 4.
745 5139 841 5204 Qui
866 5149 990 5194 sant
1015 5141 1342 5196 habitatores
1363 5141 1541 5204 Jabcs,
1567 5142 1617 5195 id
1640 5151 1722 5196 est
1750 5143 2051 5210 exsiccatae,
2077 5145 2178 5200 nisi

593 5231 682 5297 qui
711 5232 1118 5299 castigationem
1149 5243 1451 5288 extenuata:
1479 5235 1656 5290 carnis
1695 5236 1745 5289 in
1777 5236 1936 5304 longo
1982 5238 2181 5292 habent

594 5336 693 5374 usu
727 5323 967 5377 virtutis?
997 5323 1128 5378 Nam
1160 5327 1401 5395 plerique
1433 5327 1685 5382 risi-tere
1714 5329 1848 5397 gulae
1880 5329 2177 5398 incipiunt,

595 5415 688 5468 sed
741 5416 867 5469 dum
917 5416 1128 5484 fatiga:i
1177 5420 1516 5474 abstinentia:
1563 5420 1748 5474 labore
1793 5421 2065 5482 inchoant.
2116 5423 2182 5477 ad

598 5522 748 5558 usuin
790 5523 848 5561 se
893 5524 1074 5561 consul
1098 5518 1165 5564 tae
1201 5511 1504 5577 gulositatis
1545 5512 1820 5566 inclinant.
1851 5510 2010 5566 Velut
2037 5513 2179 5568 enim

596 5597 782 5650 urbem
821 5595 982 5653 Jabes
1019 5599 1225 5666 ingredi
1267 5609 1319 5656 et
1361 5601 1499 5656 effici
1543 5603 1656 5671 ejus
1697 5604 1842 5658 CinS
1880 5613 2176 5675 appetunt,

669 5734 693 5762 ⁸
724 5723 886 5780 thut.
922 5735 1155 5797 lctnpltts.

2281 3203 2564 3273 Nunquam
2619 3203 2762 3258 enim
2815 3201 3223 3256 convenientius
3260 3200 3490 3254 vincitur
3531 3216 3686 3270 quam
3732 3215 3831 3253 cun

2279 3292 2396 3362 ejus
2418 3292 2650 3346 versutia
2676 3292 2762 3361 pia
2788 3290 2978 3344 Laude
3005 3299 3306 3359 superatur.
3339 3287 3489 3344 Unde
3515 3298 3568 3344 et
3593 3290 3833 3360 sapient'm

2280 3400 2392 3439 suc
2418 3385 2667 3439 astutiam
2695 3387 2850 3438 hea'o
2877 3382 2977 3438 Job
3005 3383 3337 3453 Redemptor
3356 3385 3734 3454 improperans,
3755 3383 3834 3436 ait:

2283 3474 2349 3528 In
2373 3477 2554 3541 oculis,
2578 3477 2722 3546 quasi
2744 3475 2916 3538 hamo,
2945 3476 3117 3544 capies
3147 3492 3261 3528 eum
3285 3473 3405 3543 (Job
3423 3492 3509 3539 XL,
3531 3475 3636 3543 10).
3653 3475 3702 3529 in
3722 3490 3834 3528 ocu-

2283 3567 2348 3621 lis
2374 3568 2592 3637 quippe,
2620 3567 2771 3634 quasi
2796 3566 2958 3620 hamo
2982 3576 3285 3635 serpentem
3307 3567 3451 3637 cepit
3471 3567 3557 3636 qui
3580 3567 3628 3621 ei
3649 3582 3835 3620 carnem

2281 3657 2542 3722 exhibuit,
2575 3657 2903 3712 divinitatem
2933 3656 3148 3721 celavit;
3194 3665 3249 3710 et
3276 3657 3571 3726 dumvcepit
3604 3657 3686 3712 ille
3710 3671 3777 3724 qu
3797 3657 3834 3707 id

2281 3748 2547 3816 appetiit,
2595 3763 2662 3804 eo
2690 3758 2710 3783 ε’
2746 3755 2946 3814 tentus,
2993 3757 3047 3801 et
3077 3756 3382 3817 peremptus
3423 3760 3531 3814 e..t,
3581 3752 3712 3818 quot
3743 3762 3833 3800 non

2282 3841 2435 3894 vidit.

2354 3965 2404 4019 5.
2435 3964 2616 4021 Sancti
2644 3979 2771 4034 ergo
2801 3964 2919 4029 viri,
2948 3971 3006 4018 ttt
3029 3963 3170 4018 hosti
3199 3963 3439 4029 illudant,
3466 3963 3690 4030 rigorem
3712 3978 3828 4018 con-

2281 4056 2599 4112 versationis
2627 4056 2677 4110 itt
2710 4055 2956 4126 prtesenti
2988 4055 3186 4108 virtute
3207 4054 3435 4117 habent;
3489 4070 3587 4123 pro
3617 4053 3837 4106 illusionc

2282 4147 2606 4203 infirmitatis
2634 4147 2782 4201 carni
2805 4146 3144 4200 commodum
3168 4145 3437 4215 quoddam
3461 4146 3513 4199 in
3537 4147 3707 4200 futuro
3731 4161 3840 4214 pro-

2282 4238 2519 4293 mittunt.
2550 4236 2682 4291 Nam
2710 4252 2852 4308 srepe
2880 4236 3114 4305 ingentia
3157 4243 3316 4303 sunt,
3365 4251 3487 4305 qua:
3533 4245 3719 4303 agunt,
3763 4233 3841 4287 sed

2283 4346 2381 4400 pro
2414 4328 2724 4384 infirmitate
2755 4329 2933 4382 carnis
2979 4342 3192 4396 semper
3220 4341 3379 4394 agere
3408 4326 3562 4392 dura,
3594 4335 3647 4379 et
3674 4340 3840 4393 aSpera

2282 4421 2601 4490 promittere
2641 4432 2748 4471 non
2788 4423 3136 4486 prtesumtmt.
3189 4415 3361 4469 Tanto
3407 4415 3619 4483 quidem
3659 4413 3841 4468 facilius

2282 4512 2468 4567 eadem
2523 4510 2655 4564 dura
2703 4509 2998 4580 sustinent,
3047 4515 3251 4575 qumta
3313 4521 3501 4560 eorum
3551 4521 3710 4560 onera
3758 4504 3844 4558 sibi

2280 4605 2459 4659 inesse
2489 4602 2540 4655 in
2571 4608 2828 4671 perpetua
2857 4599 3212 4669 promissione
3239 4613 3345 4651 non
3375 4599 3578 4650 vident.
3608 4596 3708 4650 Sed
3734 4595 3845 4648 dum

2281 4695 2485 4764 Optime
2513 4693 2719 4760 vivunt,
2751 4700 2806 4744 et
2831 4690 3070 4759 quotidie
3099 4688 3365 4758 prolicere
3391 4696 3445 4741 ct
3495 4704 3603 4741 non
3643 4687 3848 4741 dtticere

2281 4792 2562 4850 conantur,
2597 4783 2726 4837 illud
2756 4781 2934 4836 Carnis
2965 4779 3165 4833 licitum
3190 4778 3637 4844 blandimentum,
3664 4778 3729 4832 de
3755 4793 3848 4846 quo

2279 4874 2569 4943 desperare
2597 4887 2703 4926 non
2735 4877 2977 4941 possunt,
3009 4883 3222 4937 semper
3251 4867 3400 4920 carni
3431 4867 3482 4920 in
3512 4866 3685 4921 futura
3719 4866 3847 4921 testi-

2279 4966 2517 5020 matione
2542 4966 2891 5032 promittunt;
2923 4958 3015 5015 sed
3044 4960 3092 5013 ei
3128 4966 3318 5027 coepta:
3363 4955 3671 5011 aﬂiietionis
3714 4956 3848 5011 dolo-

2280 5072 2392 5111 rem
2422 5055 2662 5122 infligere
2686 5066 3021 5122 nequaquam
3047 5049 3318 5104 desinunt.
3347 5045 3448 5103 Per
3470 5047 3524 5102 id
3551 5063 3699 5116 ergo,
3721 5045 3846 5117 quod

2281 5147 2334 5202 in
2366 5146 2605 5217 appetitu
2635 5161 2732 5202 suo
2768 5159 2893 5213 spes
2915 5143 3062 5198 carni
3106 5140 3454 5208 relinquitur,
3486 5141 3640 5209 qua:i
3685 5139 3746 5192 ad
3776 5137 3846 5191 fu-

2282 5248 2456 5292 turum
2486 5238 2686 5291 bonum
2715 5234 2950 5304 ejusdem
2981 5233 3178 5294 carnis.
3225 5231 3307 5285 sui
3347 5231 3607 5285 adventus
3637 5245 3848 5299 ptmsen-

2282 5329 2410 5383 tiam
2442 5328 2659 5397 spiritus
2684 5325 2984 5394 pollicetur.
3008 5322 3112 5378 Sed
3131 5322 3254 5392 quia
3280 5321 3498 5376 solitum
3523 5320 3847 5374 continentia:

2281 5421 2514 5488 rigorem
2544 5415 2844 5472 deficiendo
2894 5431 3002 5470 non
3028 5414 3246 5478 deserit,
3272 5412 3593 5481 promissum
3622 5410 3845 5478 volupta-

2283 5510 2351 5564 tis
2377 5524 2506 5564 caro
2535 5508 2698 5563 habet
2723 5507 2775 5562 in
2803 5507 2998 5569 futuro,
3021 5512 3076 5558 et
3096 5503 3268 5557 electa
3291 5517 3442 5556 mens
3469 5499 3677 5554 virtutis
3699 5498 3846 5552 robur

2284 5606 2336 5660 in
2365 5607 2634 5677 pnescnti.
2665 5607 2781 5673 Quo
2805 5604 2856 5659 in
2888 5603 3008 5658 loco
3034 5598 3324 5654 notandum
3352 5605 3454 5664 est,
3483 5597 3608 5667 quia
3631 5596 3696 5652 ad
3723 5594 3846 5649 Naas
