3962 6264
138 304 238 358 5η

964 298 1026 351 IN
1070 297 1329 354 PRIMUM
1375 298 1608 354 REGE.“
1652 296 2164 355 EXPOSlTlDNES.
2209 331 2268 338 ——
2314 299 2440 354 HD.
2487 300 2548 354 γ.

3301 306 3406 364 518

135 414 312 486 egredi
348 413 449 467 sub
480 411 790 468 conditione
821 411 1170 480 promiztunt,
1221 412 1315 466 sed
1345 413 1490 466 urbis
1529 411 1720 465 mteni~
1751 417 1794 472 Α
1827 411 1947 464 vina
1977 413 2240 467 cbarItate
2267 413 2628 468 inﬂammatur
2673 422 2726 468 tt
2765 413 2887 469 inde
2919 417 3216 483 proximum
3265 422 3410 474 ordi-

134 513 230 565 bns
251 510 368 563 sine
396 507 709 562 conditione
741 505 1051 558 muniuntur
1084 523 1096 557 :
1121 505 1244 572 quia
1290 505 1620 558 abstinentes
1649 510 1716 556 eo

137 603 314 661 etiam,
341 599 484 667 quod
511 597 808 652 secundum
835 612 1053 651 carnem
1086 595 1281 649 inlirnti
1303 604 1447 654 sunt.
1473 595 1716 649 roborari

134 711 225 764 per
251 692 486 745 divinam
535 689 955 744 miserictirdiztm
987 687 1285 741 confidunt.
1319 687 1386 740 Et
1420 689 1542 756 quia
1581 687 1716 755 gula:

133 784 313 837 vitium
341 780 658 850 decipiendo
689 781 1038 848 supplantare
1067 794 1126 834 se
1170 780 1432 847 gestiunt,
1483 779 1666 833 dicunt
1699 795 1713 832 :

133 879 358 932 Concede
379 858 531 932 nobis
559 888 750 947 septem
777 878 904 929 dies.
936 875 1098 941 Quasi
1131 876 1273 929 enim
1303 891 1333 928 a
1357 875 1477 942 gula
1509 884 1718 944 tempus

131 971 455 1032 conceditur,
490 970 705 1038 quando
734 983 800 1022 eo
829 977 1079 1036 respectu
1121 966 1493 1035 comprimitur
1521 973 1576 1018 ut
1601 964 1718 1033 ejus

131 1063 400 1117 desideriis
430 1061 752 1131 quandoque
773 1059 1054 1112 servia'ur.
1081 1058 1199 1124 Quo
1228 1057 1478 1110 nimirum
1508 1055 1716 1111 dierum

130 1154 296 1224 Spatio
327 1152 469 1206 Naas
499 1165 773 1219 egressum
802 1150 866 1203 ad
890 1165 950 1204 se
970 1149 1313 1203 obsessorum
1337 1147 1550 1210 civium,
1575 1147 1733 1221 cives

130 1260 251 1298 vero
275 1241 438 1297 Iabes
465 1243 664 1296 auxilia
695 1241 1108 1311 prteslolantur,
1137 1239 1260 1309 quia
1303 1239 1552 1292 nimirum
1580 1238 1717 1306 gula:

130 1337 394 1407 appetitus
423 1336 491 1390 de
541 1334 749 1388 infirma
776 1348 938 1388 carne
987 1333 1133 1388 refici
1171 1335 1330 1403 232
1359 1333 1591 1401 appetit,
1623 1331 1716 1386 sed

129 1429 290 1481 electa
307 1442 460 1480 mens
484 1425 534 1478 in
560 1424 896 1478 abstinentia:
917 1423 1112 1476 virtute
1136 1421 1401 1476 roborari.
1425 1421 1480 1474 lu
1505 1428 1712 1489 septem

131 1535 250 1572 vero
275 1517 468 1572 diebus
498 1517 696 1570 auxilia
745 1522 1087 1586 qutcruntur,
1135 1513 1346 1581 quando
1376 1521 1566 1567 contra
1599 1523 1716 1566 ten‘

131 1619 485 1664 tamentorum
541 1608 792 1663 tenebras
838 1606 985 1661 omni
1032 1606 1152 1660 luce
1205 1606 1383 1659 cordis
1437 1606 1712 1672 erigimur,

129 1699 332 1770 quando
366 1699 630 1755 adversus
678 1713 842 1768 prava
873 1713 972 1752 con
1007 1697 1092 1751 ilia
1123 1695 1380 1765 quidquid
1407 1711 1710 1765 possumus,

1819 511 1945 556 nate
1987 503 2186 570 diligit,
2233 506 2358 571 quia
2406 507 2548 560 hunc
2576 523 2728 562 amor
2779 507 2868 561 Dei
2901 507 3113 563 fortiter
3141 511 3406 566 accendit.

1818 588 1995 655 Quare
2025 602 2075 645 et
2107 608 2202 663 per
2245 593 2465 664 Moysen
2520 594 2778 649 Dominus
2821 598 2934 650 ait:
2970 596 3092 651 Non
3134 599 3309 653 arabis
3355 603 3410 654 in

1819 681 1940 733 bove
1983 690 2032 734 et
2081 682 2227 734 asino
2271 683 2450 751 (Deut.
2503 701 2643 749 χχιι,
2700 686 2806 751 10).
2865 688 3059 742 Asinus
3101 689 3296 757 quippe
3327 699 3413 744 est

1818 784 1970 823 amor
1989 773 2238 837 carnalis,
2273 773 2397 839 quia
2423 775 2512 841 qui
2541 784 2714 842 portat
2741 791 2876 843 quos
2896 787 3064 843 amat,
3088 779 3239 847 quasi
3271 778 3412 833 forte

1819 873 1901 916 est
1928 864 2154 929 animal;
2205 865 2412 932 ttq'..ia
2464 865 2766 919 inordinate
2812 866 2949 920 idem
2995 884 3100 921 n0u
3152 885 3248 938 pro
3300 869 3412 924 Deo

1817 955 2019 1022 diligit,
2063 953 2340 1008 lascivum.
2387 954 2442 1007 In
2486 955 2623 1009 bove
2669 971 2797 1025 ergo
2827 965 2880 1010 et
2927 957 3078 1012 asino
3125 958 3265 1012 arari
3300 977 3405 1014 non

1817 1056 1992 1114 potest
2018 1088 2032 1113 ,
2054 1046 2177 1114 quia
2209 1047 2382 1101 lructu
2404 1057 2619 1102 interna:
2650 1049 2912 1104 mercedis
2939 1051 3114 1104 anima
3147 1068 3253 1104 non
3308 1069 3409 1106 ex-

1818 1136 2042 1201 colitur,
2094 1136 2138 1190 si
2197 1137 2400 1206 puritas
2449 1138 2679 1204 amoris,
2731 1153 2840 1207 quo
2885 1139 2996 1193 Deo
3047 1138 3410 1208 conjungitur,

1819 1227 2123 1282 inordinato
2154 1229 2382 1297 p'oxinti
2431 1245 2617 1284 amore
2667 1231 2943 1300 polluitur.
2991 1233 3119 1287 Saul
3169 1250 3299 1302 ergo
3345 1234 3414 1305 de

1819 1336 1948 1388 agro
1996 1322 2248 1388 varicus,
2294 1322 2459 1377 boves
2497 1325 2741 1392 sequitur
2795 1326 2917 1393 quia
2969 1327 3172 1380 electus
3220 1327 3414 1380 doctor

1820 1421 2103 1481 utrumque
2127 1412 2374 1467 affectum
2403 1414 2683 1469 charitatis
2722 1417 2773 1470 in
2833 1419 3086 1486 frugifero
3127 1419 3288 1473 torde
3335 1419 3416 1472 itt-

1819 1510 2025 1570 tegrum
2057 1503 2274 1569 retinet,
2304 1505 2584 1572 exquibus
2611 1522 2916 1576 pneparare
2947 1509 3044 1561 sibi
3081 1517 3296 1562 (eterna:
3328 1525 3413 1563 re-

1821 1594 2126 1650 tributionis
2154 1596 2347 1650 uberes
2371 1595 2573 1650 fructus
2595 1606 2792 1667 potest.
2822 1597 2888 1650 Et
2909 1615 3066 1651 mane
3094 1599 3258 1661 venit,
3286 1598 3412 1667 quia

1820 1700 1941 1739 eunt
1972 1685 2038 1738 ad
2068 1685 2310 1739 subditos
2339 1686 2470 1752 exit,
2503 1686 2643 1739 diem
2685 1703 2797 1740 sua:
2835 1688 3051 1740 virtutis
3083 1689 3274 1757 aperit.
3308 1688 3414 1743 Sed

131 1793 424 1848 invenimus
469 1792 684 1846 ratione
722 1799 936 1855 nostra;
987 1799 1042 1844 et
1072 1790 1202 1843 Iutis
1249 1787 1429 1842 radios
1476 1804 1612 1857 quos
1659 1789 1712 1843 in

1828 1776 1923 1841 iam
1950 1777 2176 1845 cognitis
2203 1777 2611 1832 necessitatibus
2641 1778 2846 1848 populi,
2877 1779 3004 1848 quid
3036 1780 3206 1848 egerit
3231 1781 3417 1835 auda-

131 1883 272 1939 uobis
313 1898 422 1937 non
454 1883 728 1936 cernimus
770 1881 836 1936 de
864 1881 1170 1936 eruditione
1217 1879 1486 1934 ntunitnur
1512 1881 1708 1934 aliena.

128 1974 250 2028 Dutn
277 1974 424 2028 enim
451 1973 519 2026 ad
542 1973 708 2026 robur
723 1982 919 2028 nostra:
941 1973 1170 2035 virtuts,
1196 1973 1553 2042 perfectorum
1583 1985 1717 2024 con-

129 2067 454 2121 ve:sationes
484 2067 796 2136 aspicimus,
824 2065 976 2134 quasi
1001 2081 1098 2134 per
1136 2075 1343 2134 septem
1375 2064 1488 2116 dies
1517 2063 1713 2116 auxil‘a

127 2159 448 2214 defensionis
512 2159 830 2212 invenimus.
882 2157 1126 2210 lnducias
1174 2156 1391 2224 quidem
1452 2155 1712 2225 petimus;

127 2251 239 2317 quia
267 2265 392 2302 eum
427 2249 588 2314 Naas,
624 2249 673 2301 id
699 2257 781 2301 est
809 2256 1079 2315 serpente,
1105 2260 1420 2315 pugnamus,
1439 2245 1715 2312 cujusquo

128 2341 336 2394 latentia
366 2350 498 2395 sunt
529 2355 766 2397 venena.
799 2354 866 2394 eo
916 2339 1070 2393 nobis
1099 2338 1373 2391 subtiliora
1406 2347 1531 2390 sunt
1570 2351 1716 2404 qua:-

127 2431 278 2485 renda
309 2431 562 2486 consilia.
597 2429 746 2484 Unde
776 2440 831 2484 et
863 2430 916 2483 in
942 2429 1222 2483 universos
1266 2427 1524 2482 terminos
1553 2427 1715 2480 Israel

129 2521 325 2573 mittere
356 2521 583 2573 nuntios
629 2535 688 2574 se
733 2520 1053 2589 promittunt
1083 2539 1096 2572 :
1129 2519 1252 2588 quia
1298 2519 1454 2573 eletti
1505 2519 1600 2571 viri
1649 2517 1718 2572 ad

127 2612 488 2667 mdilicationis
532 2627 645 2667 sua:
701 2611 1074 2679 commodum,
1127 2611 1363 2665 omnium
1423 2613 1715 2667 videntium

130 2704 168 2757 D
199 2721 281 2758 um
311 2705 582 2773 exctnp'is
605 2704 950 2773 adjuvantur,
981 2703 1077 2760 sed
1101 2704 1246 2772 quod
1270 2704 1466 2757 dicitur
1491 2722 1503 2756 :
1531 2703 1590 2758 Si
1616 2721 1718 2757 non

129 2806 196 2850 est
235 2797 317 2865 qui
366 2795 651 2866 defendat,
698 2795 1016 2866 egredientur
1063 2794 1134 2847 ad
1180 2794 1382 2847 eos:in
1422 2801 1716 2847 e‘ectoruu

135 2903 273 2948 voce,
304 2903 418 2940 non
449 2887 774 2940 auxiliorum
806 2885 1102 2949 dubitatio,
1133 2885 1228 2939 sed
1267 2901 1314 2938 Ct
1335 2883 1534 2938 rtitndo
1564 2900 1614 2937 ιιι
1644 2900 1719 2936 ιιι-

131 2989 333 3033 strator.
363 2978 535 3044 Quasi
565 2978 757 3032 astulis
780 2977 956 3032 verbis
979 2975 1226 3031 suadenti
1255 2975 1566 3030 adversario
1600 2974 1719 3028 illu-

133 3071 304 3124 dt-ntes
323 3109 338 3132 ,
373 3070 540 3124 verba
577 3068 856 3138 proferunt
883 3067 1079 3138 quibus
1109 3067 1183 3120 illi
1212 3082 1362 3136 spem
1397 3066 1636 3120 tribuant
1664 3072 1721 3118 et

1816 1885 1955 1923 ntus.
1989 1869 2118 1922 Nam
2153 1871 2394 1938 sequitur
2429 1888 2441 1922 :
2752 1937 2757 1942 _

1887 1960 1982 2030 (:bi
2007 1960 2039 2012 l.
2074 1969 2128 2013 et
2159 1976 2297 2014 vers.
2345 1966 2399 2026 ti,
2457 1961 2533 2030 7.)
2566 1960 2631 2015 Et
2659 1974 2998 2016 narrarerant
3028 1965 3077 2018 ei
3099 1966 3248 2018 verba
3275 1966 3415 2021 viro-

1814 2050 2127 2106 runtanes.
2159 2049 2225 2103 Et
2267 2051 2466 2106 insiluit
2498 2054 2712 2122 spiritus
2761 2053 2972 2107 Domini
3011 2057 3061 2108 in
3107 2055 3267 2119 Saul,
3301 2073 3414 2110 cum

1815 2143 2040 2196 audisset
2065 2140 2213 2195 verba
2237 2141 2370 2205 lucc;
2396 2151 2445 2195 et
2468 2144 2626 2214 263
2650 2145 2814 2198 iratus
2835 2153 2911 2198 est
2941 2147 3087 2216 [uror
3107 2148 3219 2215 ejus
3239 2147 3413 2199 nimis.

1815 2233 1884 2288 Et
1908 2251 2172 2288 assumens
2194 2243 2463 2306 utrumque
2493 2235 2665 2289 borem
2684 2279 2698 2303 ,
2717 2237 2899 2290 cecidit
2919 2239 2969 2290 in
2994 2239 3157 2307 [ruam
3181 2239 3417 2310 ntioitque

1814 2327 1867 2380 in
1891 2342 2067 2379 omnes
2091 2327 2332 2378 terminos
2355 2325 2522 2378 Israel
2545 2343 2635 2395 per
2657 2343 2839 2380 uinus
2864 2330 3182 2393 nuntiorum,
3208 2329 3416 2384 dicens:

1819 2415 2118 2487 Quicunque
2149 2434 2250 2469 non
2281 2418 2484 2480 exierit,
2531 2427 2831 2490 secutusque
2861 2419 3016 2490 fuerit
3046 2417 3179 2474 Saul
3225 2429 3274 2474 et
3315 2421 3419 2476 Sa-

1817 2509 2055 2572 muelent,
2085 2509 2159 2561 sic
2189 2508 2279 2577 ﬁet
2307 2507 2463 2561 bobus
2498 2509 2631 2578 ejus.

1890 2609 1942 2663 7.
1971 2607 2109 2676 Quid
2139 2609 2190 2662 in
2216 2608 2297 2662 his
2328 2609 2506 2664 verbis
2534 2609 2781 2676 dicimus,
2816 2610 2917 2665 nisi
2947 2611 3073 2681 quia
3096 2619 3410 2667 sanctorum

1819 2705 2028 2760 infirma
2053 2745 2068 2770 ,
2102 2712 2295 2773 etquae
2323 2703 2570 2758 videntur
2597 2705 2864 2770 carnalia,
2900 2721 3007 2760 non
3039 2714 3157 2760 sunt
3208 2706 3417 2762 infirma

1820 2804 1875 2851 et
1905 2793 2176 2859 carnalia,
2221 2794 2315 2849 sed
2365 2795 2662 2862 spiritualia
2711 2803 2765 2849 et
2795 2795 3052 2850 robusta?
3082 2796 3177 2850 Ira:
3217 2797 3417 2866 quippe

1821 2886 2152 2942 nimietatem
2182 2885 2234 2940 in
2262 2884 2526 2952 religiosis
2557 2884 2684 2937 viris
2726 2884 3124 2954 reprehendere
3154 2887 3416 2953 solemus,

1821 2979 1915 3034 sed
1947 2993 2074 3034 ecce
2097 2977 2221 3031 Saul
2243 3019 2258 3045 ,
2292 2987 2348 3030 ut
2375 2961 2531 3032 irasci
2569 2976 2726 3030 nimis
2753 2977 3010 3046 potuerit,
3044 2978 3192 3048 prius
3218 2979 3268 3031 in
3295 2994 3417 3031 eum

1823 3069 2042 3139 spiritus
2069 3068 2280 3122 Domini
2305 3067 2507 3120 insiliit.
2534 3066 2702 3134 Quam
2730 3068 3014 3122 metuenda
3040 3070 3111 3122 sit
3137 3083 3265 3137 ergo
3287 3085 3414 3123 san-

129 3161 217 3216 sibi
243 3161 493 3217 fiduciam
526 3175 867 3229 nequaquam
900 3159 1112 3214 tollant.
1157 3157 1259 3224 Qui
1298 3158 1440 3212 enim
1489 3156 1710 3210 dicunt:
1745 3151 1786 3212 C
1819 3169 2029 3216 ctorutn
2060 3159 2136 3213 ira
2165 3159 2466 3223 cernimus,
2521 3158 2564 3210 si
2599 3157 2920 3211 insidentem
2969 3157 3021 3212 in
3068 3173 3162 3212 eos
3209 3157 3418 3210 Domini

132 3253 298 3306 Sinon
326 3253 485 3322 fuerit
524 3252 611 3321 qui
642 3250 913 3320 defendat,
944 3248 1264 3320 egredientur
1290 3247 1360 3301 ad
1383 3264 1499 3312 eos;
1529 3261 1720 3316 quam-

132 3345 241 3397 dam
269 3342 504 3398 exeundi
534 3359 686 3413 spetn
720 3343 978 3395 tribuunt.
1009 3341 1113 3396 Sed
1137 3341 1260 3411 quia
1285 3341 1359 3394 illi
1385 3341 1488 3394 hoc
1508 3339 1715 3404 dicunt,

131 3435 212 3502 qui
255 3434 319 3488 de
363 3436 572 3489 auxilio
598 3436 730 3488 certi
759 3443 922 3495 sunt,
955 3433 1136 3488 hostes
1185 3448 1311 3486 suos
1355 3431 1718 3502 promittendo

131 3525 414 3596 decipiunt.
453 3524 567 3580 Sed
599 3525 690 3580 ubi
737 3524 848 3593 jam
891 3523 1078 3578 eadem
1117 3523 1316 3578 auxilia
1358 3521 1715 3587 inveniantur,

138 3618 351 3686 exponit
374 3617 568 3672 dicens
601 3633 616 3669 :

198 3727 371 3798 (Vers.
401 3727 436 3780 4
467 3737 524 3782 et
555 3726 632 3793 5.)
664 3725 921 3780 Venerunt
948 3743 1068 3796 ergo
1091 3727 1258 3778 nuntii
1288 3727 1338 3778 in
1363 3723 1542 3778 Cabaa
1567 3725 1718 3787 Saul,

135 3829 176 3870 et
202 3818 350 3870 locuti
381 3827 504 3872 sunt
535 3814 687 3869 verba
720 3816 863 3879 lucc,
906 3816 1146 3869 audiente
1173 3816 1358 3885 populo
1380 3857 1393 3880 ,
1446 3825 1493 3868 et
1540 3817 1722 3869 levavit

134 3910 285 3962 omnis
333 3910 560 3979 populus
589 3924 758 3960 vocem
806 3924 988 3974 suam,
1041 3917 1090 3959 et
1137 3908 1294 3977 ﬂevit.
1340 3906 1407 3960 Et
1438 3924 1552 3961 erce
1592 3907 1744 3962 Saul-

136 3999 351 4054 rcniebat
396 4017 556 4054 mune
605 4016 819 4068 sequens
870 3998 1017 4052 bores
1055 3999 1117 4052 de
1147 4015 1302 4070 agro,
1350 4008 1398 4052 et
1445 4000 1569 4053 vidit
1613 3999 1727 4069 plo-

138 4100 321 4145 rantem
353 4092 638 4161 populum,
677 4100 726 4142 ct
772 4091 844 4142 uit
873 4105 892 4143 :
920 4088 1058 4153 Quid
1097 4090 1250 4144 liabet
1299 4091 1547 4159 populus,
1589 4092 1724 4162 quod

139 4181 327 4247 plorat?

201 4273 250 4327 6.
279 4272 487 4338 Gabaa,
524 4281 581 4327 ut
604 4289 765 4343 supra
782 4272 894 4342 jam
915 4273 1168 4340 diximus,
1199 4273 1440 4328 sublimis
1464 4275 1728 4344 interpre-

141 4373 287 4420 tatur.
323 4365 391 4420 Et
416 4365 548 4435 quia
600 4365 839 4420 omnium
889 4367 1188 4420 electorum
1229 4381 1339 4420 non
1388 4373 1472 4421 est
1508 4367 1727 4435 aequalis

144 4456 351 4513 altitudo
387 4459 747 4521 meritorum,
799 4457 851 4511 in
897 4455 1078 4512 Gabaa
1123 4456 1251 4511 Saul
1300 4459 1471 4513 nuntii
1512 4460 1725 4515 venisse

1818 3252 2065 3322 spiritum
2120 3251 2448 3319 cogitamus,
2504 3251 2548 3303 si
2605 3249 2730 3302 dum
2788 3249 2908 3304 illos
2960 3249 3090 3304 foris
3125 3251 3419 3304 irascentes

1820 3342 2140 3412 aspicimus,
2165 3346 2597 3410 commoventem
2627 3338 2873 3407 spiritum
2917 3339 3058 3393 in'us
3099 3339 3302 3408 pariter
3334 3348 3420 3392 at-

1823 3436 2121 3490 tendamus.
2177 3432 2400 3499 Quoties
2423 3446 2552 3500 ergo
2589 3430 2852 3498 majorum
2902 3431 3020 3485 zelo
3070 3432 3416 3498 corrigitnnr,

1820 3528 1919 3582 sub
1947 3541 2134 3581 eorum
2172 3523 2538 3591 indignatione
2585 3522 2940 3576 vehementer
2991 3537 3276 3590 possumus
3317 3537 3419 3588 pa-

1822 3634 1978 3686 vere,
2008 3618 2050 3672 si
2080 3632 2266 3671 eorum
2311 3615 2569 3686 itupetum
2598 3621 2800 3666 motum
2842 3611 3015 3666 sancti
3044 3611 3275 3680 Spiritus
3301 3626 3421 3664 cre-

1825 3712 2018 3766 dimus.
2073 3708 2142 3763 Et
2187 3709 2312 3779 quia
2363 3706 2490 3760 Saul
2552 3713 2840 3773 utramque
2890 3711 3083 3756 bovem
3134 3703 3186 3757 in
3252 3702 3420 3756 frusta

1823 3799 2090 3868 coacidit,
2140 3799 2192 3852 itt
2244 3813 2432 3853 omnes
2479 3796 2738 3850 terminos
2786 3794 2949 3848 Israel
3007 3795 3186 3858 misit,
3244 3793 3420 3846 tninas

1826 3891 2077 3962 protulit,
2104 3890 2183 3944 sic
2209 3889 2447 3943 omnium
2477 3887 2648 3942 bobus
2689 3884 2871 3952 fieret,
2899 3886 2988 3954 qui
3019 3901 3079 3939 se
3107 3894 3159 3939 et
3188 3885 3420 3938 Samue-

1827 3985 1931 4040 lem
1961 3985 2114 4053 sequi
2143 3982 2442 4038 noluissent
2465 4023 2480 4047 ,
2510 3981 2635 4050 quit
2683 3981 2824 4034 aliud
2855 3981 3120 4046 insinuat,
3160 3980 3258 4034 nisi
3290 3981 3419 4048 quia

1828 4076 2092 4147 pigriores
2116 4075 2318 4144 quique
2347 4073 2414 4128 ad
2445 4073 2642 4127 auxilia
2670 4071 2954 4142 ptmbenda
2985 4072 3274 4141 proximis,
3309 4089 3418 4126 non

1828 4166 2003 4220 Solum
2050 4164 2343 4231 invitandi,
2386 4165 2479 4220 sed
2505 4163 2732 4233 cogendi
2759 4163 2918 4219 sunt?
2953 4161 3103 4218 Unde
3149 4172 3204 4218 et
3237 4163 3422 4218 statim

1829 4258 2171 4328 subjunctutn
2205 4265 2305 4313 est.

1903 4368 2080 4438 (Vers.
2117 4367 2191 4436 7.)
2219 4366 2422 4421 Invasit
2465 4384 2590 4439 ergo
2622 4367 2774 4422 tintor
2814 4365 3027 4422 Domini
3061 4366 3342 4438 populum,
3372 4377 3426 4422 et

1831 4462 2025 4532 egressi
2046 4471 2165 4515 sunt
2194 4463 2341 4532 quasi
2375 4463 2452 4516 vir
2474 4479 2628 4516 unus.

145 4548 515 4614 perhibentur;
541 4557 601 4602 ut
625 4547 890 4618 Spirituali
913 4547 1306 4616 signiﬁcatione
1332 4549 1644 4618 doceamur,
1668 4559 1724 4605 ut
1754 4538 1806 4597 D
1899 4550 1951 4604 8.
1984 4549 2118 4616 Quia
2140 4552 2282 4605 enim
2311 4552 2587 4620 proximos
2629 4551 2771 4606 sicut
2790 4566 2889 4606 nos
2915 4551 3058 4620 ipsos
3085 4551 3308 4620 diligere
3331 4549 3424 4619 ju-

144 4651 250 4690 cum
273 4639 463 4694 validis
485 4639 836 4694 tentatnentis
859 4638 1201 4708 impellimur,
1225 4638 1292 4693 ad
1315 4640 1724 4709 prcedieatorum

146 4736 441 4782 nostrorum
472 4729 697 4784 consilia
736 4744 1098 4784 recurramus.
1132 4728 1236 4784 Sed
1265 4738 1320 4783 et
1345 4727 1519 4784 flentis
1543 4731 1726 4801 populi

143 4817 424 4876 afﬂictione
454 4822 800 4886 instruimur,
829 4832 884 4876 ut
911 4820 1161 4876 fraternis
1203 4823 1613 4878 necessitatibus
1640 4824 1724 4877 in-

146 4912 262 4967 tima
287 4914 488 4970 mentis
509 4915 886 4984 compassione
905 4912 1208 4982 jungamur.
1237 4914 1361 4969 Saul
1385 4925 1563 4970 autem
1589 4915 1724 4971 flen-

149 5013 244 5056 tem
272 5005 726 5075 populum,vi-.lit,
759 5005 829 5059 ob
851 5021 1010 5076 quain
1042 5021 1260 5059 causam
1292 5004 1446 5061 ﬂeret
1492 5007 1727 5062 interro-

147 5094 308 5158 gavit,
336 5096 468 5163 quia
499 5095 705 5149 electus
739 5095 932 5148 doctor
974 5095 1312 5149 subditorum
1352 5097 1727 5152 necessitatem

151 5187 370 5254 routpati
410 5185 519 5240 udo
545 5202 698 5240 suam
745 5186 900 5252 facit,
945 5196 998 5241 et
1027 5188 1166 5241 hanc
1215 5188 1458 5242 relevare
1505 5190 1726 5259 appetit.

152 5272 217 5328 De
244 5291 370 5344 agro
400 5276 620 5346 quidem
648 5277 815 5343 venit,
839 5277 964 5346 quia
997 5293 1026 5332 a
1051 5288 1266 5334 secreto
1294 5279 1374 5332 sui
1399 5277 1590 5335 fertilis
1612 5296 1733 5336 cur-

154 5365 224 5418 dis
251 5368 377 5420 exit.
412 5367 571 5422 Mane
602 5384 730 5422 vero
760 5369 826 5422 de
853 5385 980 5437 agro
1021 5373 1199 5438 venit,
1246 5373 1370 5442 quia
1421 5373 1472 5428 in
1521 5377 1733 5430 oriente

152 5458 242 5512 sibi
264 5459 556 5528 splendore
584 5461 697 5514 veri
728 5461 942 5516 lutninis
968 5463 1302 5518 subditorum
1332 5480 1521 5520 causas
1550 5467 1728 5537 inqui-

157 5546 235 5598 rit.
262 5546 322 5600 Et
352 5548 524 5603 boves
547 5550 823 5618 sequitur,
853 5551 977 5618 quia
1009 5568 1131 5607 eum
1169 5554 1330 5609 validi
1357 5555 1580 5611 allectus
1607 5557 1735 5612 eba-

155 5637 314 5697 ritatis
337 5641 694 5696 antecedunt.
729 5641 892 5708 Quasi
933 5645 1076 5698 enim
1118 5645 1254 5701 dttos
1297 5648 1463 5702 boves
1510 5658 1637 5703 ante
1679 5665 1738 5704 se

163 5730 337 5800 habet,
372 5733 465 5804 qui
498 5741 550 5788 et
581 5734 839 5803 proximis
869 5750 964 5806 per
995 5752 1233 5792 amorem
1259 5737 1530 5808 jungitur,
1573 5749 1627 5795 et
1654 5740 1738 5797 di-

1827 4641 2049 4707 bemur,
2083 4649 2233 4694 recto
2262 4641 2455 4696 ordine
2485 4641 2564 4696 eis
2612 4642 2812 4696 auxilia
2840 4641 3172 4711 prtebentus,
3203 4640 3422 4710 quando

1828 4731 1896 4786 ad
1923 4733 2037 4786 lucc
2062 4731 2364 4786 exhibenda
2404 4748 2510 4787 non
2544 4733 2738 4788 timore
2780 4734 3051 4801 cogimur,
3099 4733 3193 4787 sed
3235 4748 3424 4786 amore

1827 4839 2212 4895 provocamur.
2261 4822 2395 4877 Cum
2440 4838 2571 4878 vero
2617 4839 2718 4877 nos
2761 4822 3010 4878 effectum
3058 4823 3214 4892 hujus
3258 4823 3423 4877 debiti

1827 4916 2028 4970 amoris
2050 4915 2342 4985 perdimus,
2373 4915 2439 4968 ad
2471 4913 2886 4984 prtedicatorutu
2910 4924 3216 4970 nostrorum
3246 4915 3421 4970 zelum

1836 5009 2099 5079 pertinet,
2131 5017 2188 5063 ut
2219 5007 2270 5061 in
2301 5007 2524 5062 fratrum
2563 5007 2760 5061 auxilia
2797 5022 2867 5062 ex
2897 5007 3091 5061 timore
3131 5022 3426 5076 consurga—

1838 5115 1974 5153 mus.
2001 5099 2145 5153 Bene
2174 5114 2301 5168 ergo
2331 5097 2524 5153 dicitur
2553 5115 2565 5150 :
2602 5096 2802 5152 Invasit
2835 5100 2986 5152 timor
3014 5097 3227 5152 Domini
3261 5116 3424 5170 papu-

1839 5191 1974 5255 lum,
2004 5199 2051 5243 et
2097 5191 2288 5260 egressi
2309 5197 2428 5242 sunt
2458 5189 2605 5258 quasi
2637 5190 2711 5241 vir
2738 5205 2868 5242 unus
2899 5204 2917 5242 :
2949 5189 3071 5257 quia
3110 5189 3427 5258 plt-rumque

1838 5299 2022 5339 sumus
2044 5283 2095 5337 itt
2127 5297 2310 5336 amore
2333 5281 2700 5350 proximorum
2734 5281 2897 5350 tepidi
2921 5300 2936 5347 ;
2965 5281 3058 5335 sed
3083 5281 3426 5350 prmlatorum

1841 5383 2147 5428 nostrorum
2171 5373 2328 5426 minis
2349 5372 2604 5439 erigimur
2625 5370 2692 5425 ad
2713 5380 2912 5425 statum
2933 5371 3254 5436 devotionis,
3281 5381 3337 5428 et
3358 5387 3426 5426 ex

1836 5466 2029 5520 timore
2051 5466 2248 5518 bonum
2279 5479 2416 5532 opus
2437 5461 2797 5531 aggredimur,
2833 5462 2927 5518 sed
2969 5477 3034 5516 ex
3061 5462 3212 5516 initio
3263 5463 3426 5516 timo-

1837 5555 1931 5618 ris,
1955 5553 2025 5607 ad
2057 5553 2325 5607 vinculum
2353 5553 2696 5622 perducimur
2721 5566 2925 5621 magia:
2953 5552 3252 5608 charitatis.
3278 5549 3428 5606 Unde

1839 5654 1894 5700 et
1915 5645 2053 5698 bene
2083 5643 2242 5698 timor
2280 5643 2538 5698 invasisse
2587 5643 2841 5713 populum
2891 5644 3086 5700 dicitur
3106 5686 3121 5710 ,
3151 5643 3244 5698 sed
3273 5645 3428 5712 quasi

1841 5737 1922 5793 vir
1947 5752 2080 5791 unus
2113 5751 2299 5792 omnes
2321 5735 2516 5805 egressi
2537 5736 2908 5806 perhibentur.
2935 5736 3097 5804 Quasi
3123 5735 3203 5792 vir
3231 5738 3429 5807 qn'ppc
