3962 6280
521 324 626 380 519

1742 298 1982 361 SANC'II
2022 296 2346 355 GREGORII
2388 297 2597 353 MAGNI

3692 295 3787 351 320

524 453 661 495 unus
691 433 868 505 plures
897 445 1001 484 non
1034 434 1259 498 possunt
1294 422 1503 493 egredi,
1540 421 1639 475 nisi
1686 419 1779 488 qui
1826 416 1893 471 ad
1934 428 2116 485 parem
2147 414 2197 470 Α
2227 414 2368 467 illius
2394 412 2620 467 consilio
2646 409 2843 464 dicitur
2876 427 2888 462 :
2918 409 2979 461 Si
2999 408 3211 475 spiritus
3247 413 3549 477 potestatem
3570 407 3786 463 habeam

527 525 894 586 conscendunt
940 521 1200 575 unitatem
1248 514 1573 570 dilectionis.
1620 512 1755 566 Hinc
1806 521 2038 574 namque
2063 512 2120 559 et

532 622 597 679 de
655 618 906 691 perlecus
962 613 1235 682 discipulis
1281 607 1656 677 Redemptoris
1711 605 1904 658 dicitur
1939 618 1949 651 :
1989 598 2118 653 Erat

527 721 632 775 illis
662 733 750 772 cor
788 728 978 777 unum,
1015 719 1064 764 et
1096 709 1271 762 anima
1309 722 1413 759 una
1437 704 1583 774 (Act.
1630 716 1711 766 xv,
1756 697 1825 753 '59.
1849 702 1887 765 ).
1928 693 2121 763 Sequi-

536 818 623 863 tur
647 827 660 860 τ

608 923 785 994 (Vers.
819 920 895 986 8.)
946 914 1011 970 Et
1038 913 1291 969 recensuit
1321 928 1405 964 eos
1442 911 1496 962 in
1543 906 1766 967 Besech;
1819 905 2122 974 fueruntque

531 988 761 1084 ﬁliorum
803 1007 972 1063 Israel
1021 1012 1244 1059 trecenta
1288 1001 1481 1062 millia,
1507 998 1733 1051 uirorum
1780 1001 1948 1046 autem
1980 988 2124 1043 Iuda

534 1104 752 1174 triginta
774 1098 961 1153 millia.
990 1130 999 1139 ο
2075 1093 2112 1121 ’δ

605 1169 658 1246 ξ).
689 1190 844 1243 Prius
863 1188 1109 1241 dicuntur
1139 1182 1228 1235 lilii
1271 1178 1433 1232 Israel
1461 1175 1682 1244 egressi,
1714 1172 1911 1227 deinde
1939 1186 1968 1223 a
1996 1169 2123 1222 Saul

534 1280 807 1344 recensiti,
832 1278 958 1346 quia
982 1276 1185 1330 electus
1205 1270 1546 1339 prtedicator,
1582 1282 1702 1320 cum
1734 1273 1919 1317 contra
1943 1262 2127 1316 occul—

538 1382 623 1427 tos
654 1374 835 1426 hostes
862 1378 1078 1420 movere
1101 1361 1465 1428 subjectorum
1492 1371 1709 1410 suormn
1740 1353 1985 1406 militiam
2012 1363 2127 1404 ten-

538 1472 637 1528 tat,
662 1460 811 1533 prius
836 1471 1024 1513 eorum
1052 1454 1190 1508 forte
1218 1449 1555 1521 propositum
1580 1446 1789 1517 aspicit.
1816 1444 2010 1499 deinde.
2034 1460 2128 1497 eos

539 1557 591 1611 in
624 1566 847 1607 numero
868 1547 1187 1603 bellatorum
1212 1542 1385 1612 ponit.
1412 1538 1574 1605 Quasi
1598 1537 1737 1590 enim
1763 1537 1903 1591 intus
1921 1551 2124 1597 sumus,

538 1654 595 1700 et
622 1639 895 1698 recenseri
939 1653 1045 1691 non
1084 1645 1402 1705 possumus,
1453 1627 1689 1698 quandiu
1724 1628 1892 1680 virtus
1933 1633 2131 1679 nostra:

544 1738 739 1796 mentis
764 1734 959 1790 nostris
988 1729 1294 1802 pastoribus
1323 1726 1638 1781 occultatur.
1673 1722 1736 1775 Et
1763 1738 1882 1778 cum
1913 1721 2126 1789 egredi-

544 1847 667 1886 mur
696 1841 1071 1890 recensemnr,
1102 1821 1226 1891 quia
1251 1835 1371 1875 cum
1412 1817 1670 1872 mentium
1703 1822 2004 1869 nostrarum
2050 1812 2128 1866 eis

543 1919 911 1975 fortitudinem
965 1914 1277 1985 pandimus,
1323 1926 1420 1964 nos
1463 1909 1572 1978 jam
1617 1907 1818 1961 habere
1852 1905 2031 1959 socios
2078 1904 2130 1957 in

545 2010 807 2083 spirituali
835 2023 1010 2079 pugna
1037 2004 1332 2060 rontidunt.
1371 2000 1477 2056 Sed
1504 2015 1625 2055 cum
1658 1998 1897 2052 intirmas
1925 2002 2134 2050 mentes

548 2103 614 2159 ad
657 2100 989 2173 propositum
1036 2094 1163 2151 boni
1212 2092 1391 2162 operis
1430 2090 1636 2157 erigere
1686 2092 1974 2157 appetunt,
2024 2100 2131 2138 nou

546 2194 721 2251 uotum
751 2189 1013 2259 majorum
1044 2183 1306 2241 doctrinis
1340 2196 1439 2235 uos
1476 2179 1688 2234 erudire
1717 2184 2012 2239 conantur,
2038 2173 2132 2228 sed

547 2276 709 2338 etiam
740 2280 1007 2335 minorum
1036 2276 1329 2331 electorum
1358 2270 1620 2338 exemplis
1650 2267 1964 2323 accendere.
1990 2264 2135 2318 Bene

550 2388 679 2442 ergo
702 2371 931 2425 filiorum
976 2365 1141 2422 lsrael
1190 2370 1429 2417 trecenta
1454 2352 1635 2413 millia
1653 2401 1668 2426 ,
1693 2358 1926 2411 virorum
1954 2366 2133 2408 autem

547 2460 688 2517 .Iuda
737 2460 955 2528 triginta
989 2454 1188 2521 niiltia,
1244 2450 1508 2506 recensita
1553 2449 1714 2502 fuisse
1763 2446 2131 2515 perhibentur.

551 2551 896 2608 Tricenarius
940 2548 1139 2619 quippe
1191 2557 1447 2599 numerus
1486 2539 1553 2594 ad
1590 2537 1963 2594 rectitudinem
2016 2535 2136 2589 tidei

553 2651 609 2699 et
630 2642 862 2697 studium
882 2638 1119 2710 pertinet
1138 2637 1292 2690 bona:
1312 2630 1640 2701 operationis
1667 2646 1679 2682 :
1703 2628 1825 2698 quia
1850 2626 1992 2681 nulla
2014 2632 2139 2679 sunt

552 2740 822 2807 prtecepta
868 2730 1021 2798 legis,
1060 2728 1104 2782 si
1132 2726 1198 2781 ad
1224 2720 1734 2792 contemplationem
1763 2733 1872 2774 non
1909 2715 2139 2773 tendunt

554 2805 776 2882 summa:
806 2819 1101 2876 Trinitatis.
1125 2816 1263 2888 Apte
1283 2829 1412 2883 ergo
1438 2812 1537 2867 viri
1576 2809 1712 2864 Iuda
1739 2808 2020 2873 dicuntur,
2045 2805 2135 2875 qui

554 2919 772 2986 triginta
821 2914 1056 2970 millibus
1110 2910 1490 2973 continentur,
1544 2903 1670 2974 quia
1743 2899 2138 2958 confessionem

558 3010 723 3086 264
749 3008 949 3064 habent
977 3012 1136 3061 recta:
1165 3001 1309 3069 ﬁdei,
1337 3008 1392 3055 et
1419 2997 1585 3054 robur
1610 2996 1767 3051 bona:
1787 2990 2136 3063 operationis.

559 3084 747 3159 liatres
774 3108 953 3155 autem
1002 3090 1174 3152 nostri
1202 3092 1440 3162 ejusdem
1472 3089 1595 3145 fidei
1621 3097 1786 3157 atque
1810 3084 2140 3158 operationis

554 3193 735 3260 luere,
766 3189 859 3246 sed
902 3191 955 3244 in
995 3184 1450 3255 contemplatione
1478 3179 1799 3245 divinitatis,
1834 3192 1943 3247 quo
1986 3177 2148 3245 longe

558 3284 718 3339 altius
739 3296 898 3351 quam
926 3293 1025 3332 nos
1048 3277 1494 3347 profecerant,eo
1516 3278 1571 3325 et
1593 3284 1757 3338 opera
1780 3265 1903 3321 lidei
1924 3264 2147 3321 fortiora

558 3374 904 3432 exhibebant.
935 3370 1111 3437 Quare
1132 3368 1293 3422 etiam
1326 3366 1554 3420 filiorum
1566 3361 1731 3418 Israel
1758 3367 1996 3415 trecenta
2020 3358 2143 3412 mil—

558 3465 629 3521 lia
657 3470 1025 3519 recensentur.
1066 3458 1304 3527 Triginta
1347 3455 1562 3526 quidem
1591 3468 1621 3507 a
1651 3452 1849 3513 tribus,
1880 3459 1935 3504 et
1960 3449 2147 3505 decem

558 3556 613 3611 in
645 3553 860 3622 triginta
888 3551 1142 3617 veniunt,
1187 3547 1280 3603 sel
1325 3546 1379 3601 in
1430 3543 1717 3598 tricenario
1760 3556 1987 3596 numero
2038 3549 2148 3595 tam

559 3646 830 3710 denarius,
863 3658 1025 3713 quam
1056 3639 1325 3695 ternarias
1348 3636 1578 3706 simplex
1610 3642 1720 3699 est;
1745 3633 1841 3690 sed
1883 3644 1941 3689 ut
1981 3647 2151 3702 usque

560 3740 627 3794 ad
650 3745 924 3793 trecentos
952 3747 1298 3791 numeremus
1317 3774 1329 3792 .
1359 3736 1414 3785 et
1442 3726 1718 3783 denarium
1751 3725 2023 3790 tricesies,
2054 3724 2151 3778 tri-

560 3831 837 3887 canarium
881 3827 1061 3882 decies
1113 3822 1559 3893 multiplicamus,
1608 3819 1732 3887 quia
1768 3827 1824 3872 et
1868 3817 1910 3871 si
1959 3830 2149 3884 magna

560 3929 645 3977 est
665 3918 1072 3988 contemplatio,
1102 3929 1292 3983 magna
1318 3919 1444 3967 sunt
1475 3925 1637 3981 opera
1673 3908 1930 3978 subjectae
1958 3907 2148 3979 plebis,

567 4010 661 4065 illa
696 4018 875 4063 tamen
904 4023 1023 4077 quas
1052 4010 1440 4076 p'atcesserunt
1470 4001 1522 4055 in
1561 4000 1803 4069 patribus
1828 3998 2026 4053 nostris
2071 3997 2152 4051 in-

563 4099 944 4168 comparabitia
986 4095 1218 4149 fuerunt.
1265 4092 1426 4147 Velut
1472 4091 1614 4145 enim
1663 4090 1914 4144 denarius
1964 4096 2153 4143 noster

567 4204 823 4245 numerus
851 4187 1028 4242 decies
1068 4187 1120 4240 in
1168 4185 1378 4238 illorum
1428 4182 1761 4253 perfectione
1803 4180 2153 4249 glomeratur,

566 4282 921 4345 dum.eorum
952 4276 1268 4349 perfectioni
1299 4275 1454 4329 valde
1507 4284 1687 4329 nostra
1744 4274 2151 4329 submittuntur.

567 4372 809 4440 Triginta
839 4384 968 4439 ergo
995 4368 1159 4423 millia
1201 4367 1436 4421 virorum
1464 4364 1598 4419 Juda
1619 4406 1635 4433 ,
1658 4372 1713 4420 et
1740 4373 1981 4420 trecenta
2014 4366 2154 4419 ﬁlio-

565 4479 687 4521 rum
709 4461 872 4517 Israel
901 4460 1179 4516 nobiscum
1219 4456 1482 4513 recensita
1501 4495 1517 4521 ,
1548 4456 1614 4509 ad
1645 4455 1985 4525 pugnandum
2016 4473 2150 4511 con-

566 4564 649 4611 tra
688 4554 828 4610 Naas
857 4554 1238 4625 praedicatores
1265 4550 1497 4616 ducunt;
1526 4550 1572 4604 si
1599 4564 1719 4604 cum
1750 4548 2006 4619 adjuvare
2033 4558 2150 4606 ten-

569 4655 713 4704 tatos
751 4647 1082 4702 abstinentes
1107 4642 1354 4699 subditos
1382 4641 1602 4709 volunt,
1651 4649 1706 4697 et
1735 4640 2147 4698 fortissimorum

565 4746 778 4812 patrum
829 4738 910 4793 eis
953 4734 1152 4790 eximia
1204 4732 1344 4788 facta
1394 4739 1702 4803 proponunt
1749 4738 1806 4787 et
1854 4732 2146 4789 minorum.

566 4830 727 4887 Israel
752 4829 966 4899 quidem
995 4828 1189 4883 dicitur
1222 4825 1417 4881 Videas
1449 4824 1643 4891 Deum,
1670 4824 1783 4879 sive
1802 4864 1819 4890 ,
1853 4826 1906 4878 in
1933 4841 2042 4894 quo
2069 4834 2153 4881 est

567 4921 741 4987 Deus;
771 4906 913 4990 quod
940 4918 1181 4990 profecto
1212 4932 1408 4972 nomen
1449 4916 1660 4971 infirmo
1712 4916 1889 4971 adhuc
1926 4925 2019 4972 aut
2053 4918 2156 4972 im-

563 5010 744 5082 perito
787 5023 894 5063 non
944 5009 1215 5063 convenit.
1259 5006 1536 5075 Quotquot
1582 5004 1857 5075 perfectos
1899 5006 2045 5077 viros
2097 5007 2152 5063 in

567 5098 860 5157 alilictione
888 5101 1066 5154 carnis
1111 5109 1167 5154 et
1209 5097 1667 5168 contemplatione
1699 5098 1892 5152 mentis
1922 5100 2151 5168 proferi-

565 5207 719 5256 mus,
748 5197 1054 5261 serpentem
1084 5189 1221 5245 Naas
1250 5197 1331 5243 tot
1359 5188 1579 5243 armatis
1608 5186 1873 5242 elidimus.
1903 5187 2007 5242 Sed
2035 5187 2146 5258 jam

566 5285 817 5338 obsessos
844 5282 1040 5353 quibus
1066 5282 1246 5337 verbis
1270 5282 1410 5350 regis
1457 5281 1725 5336 exercitus
1750 5283 2021 5338 contortet
2047 5300 2151 5338 au-

565 5376 793 5431 diamus.

638 5466 815 5536 (Vers.
848 5463 926 5535 9.)
948 5464 1018 5518 Et
1042 5465 1282 5518 dixerunt
1311 5465 1374 5518 iis
1412 5465 1498 5534 qui
1537 5473 1779 5520 venerant
1803 5481 1821 5519 :
1845 5465 1935 5521 Sic
1971 5464 2155 5519 dicetis

565 5558 706 5622 uiris,
730 5558 813 5628 qui
834 5555 998 5610 sunt!
1004 5555 1120 5609 abes
1142 5554 1357 5608 Galaad
1380 5569 1398 5608 :
1422 5553 1549 5608 Cras
1570 5556 1667 5608 erit
1689 5554 1829 5609 vobis
1848 5555 2013 5621 salus,
2038 5570 2153 5609 cum

564 5647 834 5701 iucaluerit
861 5646 957 5701 sol.

640 5739 725 5796 to.
757 5736 885 5793 Tale
912 5735 1138 5793 fortasse.
1165 5746 1245 5792 est
1292 5734 1459 5802 illud,
1505 5736 1648 5807 quod
1696 5737 1849 5794 nobis
1897 5737 2153 5810 sapientis

2219 504 2506 559 ascenderit
2557 519 2709 571 super
2753 509 2829 564 te,
2887 502 3055 554 lorum
3110 508 3251 551 tuum
3298 499 3398 552 cito
3450 514 3553 551 non
3598 499 3789 554 deseras

2223 596 2415 668 (Εα-Ιε.
2453 611 2505 658 x,
2536 594 2611 655 Α).
2669 591 2842 645 Locus
2887 588 3307 657 uniuscujusque
3345 588 3501 641 electi
3547 596 3627 640 est
3667 590 3789 642 situs

2220 689 2376 742 bona:
2421 683 2867 741 conversationis.
2937 680 3163 746 Quando
3219 689 3397 732 autent
3454 680 3784 747 permittitur.

2220 781 2540 848 impugnans
2584 777 2800 846 spiritus
2830 784 3152 843 potestatem
3194 772 3397 826 habere
3430 780 3632 839 potest,
3676 775 3786 840 quia

2225 870 2537 936 impugnare
2565 869 2859 922 electorum
2890 866 3052 919 corda
3097 864 3406 919 nullatenus
3447 872 3649 932 posset,
3699 866 3788 919 nisi

2225 963 2328 1016 hoc
2350 960 2678 1030 di<pensatio
2709 958 2886 1013 divina
2910 958 3264 1025 permitteret.
3295 956 3545 1020 Percipit
3569 972 3709 1024 ergo,
3742 968 3792 1012 ut

2227 1054 2403 1107 locum
2431 1061 2670 1106 nostrqu
2702 1068 2807 1105 non
2844 1050 3184 1113 deseramus,
3217 1050 3340 1118 quia
3383 1050 3426 1104 si
3464 1060 3602 1103 tu'er
3644 1058 3777 1104 tenta

2228 1146 2432 1199 tionutu
2484 1144 2673 1198 breves
2722 1143 2973 1196 tenebras
3018 1140 3182 1194 fortes
3227 1157 3442 1203 sumus,
3481 1141 3588 1193 cito
3632 1139 3794 1193 dvina

2227 1236 2317 1288 lux
2348 1234 2547 1293 aderit.
2581 1234 2632 1287 in
2662 1232 2814 1298 cujus
2837 1231 3070 1285 advt‘ntu
3117 1230 3461 1285 tenebrarum
3495 1230 3658 1283 virtus
3684 1246 3795 1284 cva-

2230 1328 2418 1380 neseit.
2453 1325 2597 1379 Bene
2625 1338 2753 1393 ergo
2784 1323 2975 1378 dicitur
3007 1341 3019 1375 ε
3054 1321 3183 1376 Cras
3212 1324 3374 1383 inim,
3408 1339 3522 1375 cum
3550 1322 3797 1376 incoluerit

2229 1421 2327 1481 sol,
2360 1420 2457 1472 erit
2478 1416 2613 1472 vobis
2642 1419 2802 1472 salus.
2832 1416 3151 1471 Sanctorum
3182 1415 3598 1485 praedicatorum
3622 1416 3799 1468 exhor-

2233 1512 2364 1564 tatio
2390 1510 2503 1563 dies
2529 1517 2631 1571 est,
2662 1508 2786 1577 quia
2817 1509 2939 1561 dum
2971 1515 3175 1560 tentata
3210 1508 3479 1559 minorum
3508 1504 3662 1559 corda
3692 1516 3798 1559 tan-

2232 1601 2328 1670 git,
2358 1600 2422 1653 ad
2454 1615 2605 1668 spem
2635 1598 2873 1652 victoria:
2903 1597 3079 1666 erigit.
3105 1596 3210 1649 Sed
3235 1596 3374 1650 hanc
3396 1611 3503 1649 nox
3549 1596 3794 1664 sequitur,

2233 1692 2357 1760 quia
2388 1692 2486 1745 etsi
2544 1691 2719 1745 divina
2774 1689 2970 1743 auxil'a
3017 1695 3364 1757 separantur,
3417 1686 3591 1740 adhuc
3638 1696 3797 1741 tamen

2159 1775 2204 1834 Β
2236 1784 2501 1837 irruentes
2528 1781 2912 1837 desideriorum
2934 1780 3227 1835 carnalium
3253 1780 3488 1833 tenebras
3513 1795 3617 1833 non
3642 1778 3797 1834 disce-

2233 1876 2385 1930 dunt.
2415 1875 2543 1940 Quis
2569 1883 2651 1927 est
2679 1888 2807 1942 ergo
2836 1874 2951 1927 dies
2977 1871 3244 1926 crastinus
3282 1871 3382 1925 nisi
3416 1871 3610 1924 divina:
3633 1871 3798 1924 visita-

2235 1966 2395 2020 tionis
2424 1964 2715 2018 aziventus?
2759 1962 3039 2016 Crastinus
3088 1961 3230 2016 enim
3263 1961 3377 2015 dies
3416 1960 3645 2023 dicitur,
3688 1960 3798 2028 quia

2234 2056 2453 2111 tentatis
2469 2056 2654 2111 electis
2667 2054 2827 2108 divini
2851 2053 3031 2107 auxilii
3056 2051 3311 2120 splendor
3324 2049 3484 2104 valde
3499 2050 3696 2104 vicinus
3710 2058 3798 2104 est.

2237 2146 2390 2201 Unde
2412 2154 2467 2202 et
2488 2163 2583 2216 per
2604 2146 2919 2215 prophetam
2944 2143 3201 2198 Dominus
3216 2141 3373 2196 dicit:
3396 2140 3509 2211 Ego
3524 2139 3656 2194 Deus
3669 2142 3801 2194 deri—

2237 2242 2369 2304 cino,
2392 2249 2561 2294 etnon
2577 2238 2715 2292 Deus
2737 2238 2799 2291 de
2821 2236 2973 2307 longe
2989 2234 3204 2307 (Jerem.
3234 2250 3383 2299 χχιιι,
3400 2232 3512 2303 25).
3540 2229 3806 2286 lliucPsal-

2236 2334 2393 2388 mi.ta
2421 2332 2551 2387 d7cit
2583 2349 2596 2384 :
2630 2330 2801 2400 PrOpe
2828 2338 2904 2383 est
2936 2328 3186 2382 Dominus
3207 2326 3441 2381 omnibus
3475 2324 3804 2379 iurecontibus

2238 2442 2348 2479 eum
2367 2426 2421 2478 in
2444 2425 2654 2479 veritate
2676 2421 2847 2493 (Psal.
2874 2419 3175 2491 chthS).
3203 2418 3335 2474 llinc
3362 2418 3489 2471 item
3514 2418 3625 2487 ipse
3645 2417 3805 2471 Domi-

2239 2530 2339 2569 nus
2365 2513 2706 2585 repromittit,
2749 2512 2933 2566 (licens
2964 2529 2976 2565 :
3003 2510 3288 2582 Antequam
3328 2525 3409 2562 me
3436 2508 3675 2562 inrocetis
3693 2547 3707 2571 ,
3733 2507 3802 2560 di-

2238 2622 2352 2659 cam
2397 2623 2413 2659 :
2444 2604 2608 2671 Ecce,
2633 2604 2816 2659 adsum
2847 2602 2980 2674 (Isa.
3014 2619 3161 2667 Lvu',
3188 2599 3264 2670 9).
3290 2600 3413 2655 Dies
3443 2615 3574 2669 ergo
3601 2600 3799 2671 primus,

2239 2696 2329 2750 lux
2364 2696 2793 2766 przedicationis,
2841 2694 3105 2749 crastinus
3132 2693 3325 2746 divinae
3368 2706 3400 2760 g
3432 2692 3556 2745 alite
3591 2698 3685 2745 est.
3715 2689 3805 2743 Sed

2242 2790 2536 2845 notandum
2564 2789 2689 2858 quia
2720 2788 2899 2843 dixit:
2950 2786 3076 2840 Cum
3126 2785 3396 2840 inraluerit
3446 2782 3562 2842 sol:
3603 2790 3660 2835 ut
3711 2780 3801 2834 diei

2242 2882 2457 2938 claritas
2485 2882 2869 2937 obscuritatem
2894 2895 3084 2935 seu-us
3109 2878 3366 2933 illuminet
3385 2918 3399 2941 ,
3439 2884 3495 2929 tl
3522 2875 3668 2931 calor
3693 2872 3802 2928 solis

2244 2975 2504 3030 acceutlat
2520 2989 2759 3028 amorem
2781 2972 2985 3038 cordis;
3013 2979 3070 3025 ut
3089 2985 3238 3025 mens
3259 2968 3459 3023 bonum
3484 2965 3627 3035 quod
3648 2964 3805 3034 cupiat

2245 3083 2341 3136 per
2368 3067 2542 3121 lucem
2566 3065 2773 3131 videat,
2801 3074 2857 3119 et
2886 3062 3030 3141 quod
3062 3062 3209 3117 videt
3239 3077 3335 3131 per
3358 3060 3595 3115 calorem
3636 3057 3803 3112 mentis

2253 3158 2614 3229 concupiscat.
2648 3157 2929 3213 Geminum
2956 3156 3153 3225 quippe
3179 3155 3282 3209 hoc
3310 3154 3509 3208 mentis
3537 3149 3805 3207 remedium

2252 3260 2441 3307 contra
2464 3251 2680 3321 duplum
2712 3248 2906 3304 diaboli
2936 3247 3134 3301 bellu-u
3178 3244 3486 3299 exhibetur.
3519 3242 3648 3297 Nam
3673 3241 3803 3295 mali-

2250 3358 2386 3413 gnus
2409 3343 2654 3413 sp’ritus,
2683 3349 2741 3394 ut
2767 3348 2975 3394 mentes
3001 3337 3296 3392 electorum
3320 3332 3577 3389 tentando
3598 3340 3801 3402 superet,

2252 3437 2400 3506 prius
2431 3435 2679 3490 tenebras
2706 3432 3090 3501 cogitationum
3115 3429 3375 3483 malarum
3403 3427 3607 3494 objicit,
3636 3423 3802 3479 deinde

2253 3525 2807 3594 concupiscentiarum
2840 3522 3079 3576 llauuuas
3109 3520 3382 3584 accendit,
3415 3520 3540 3587 quia
3567 3517 3663 3572 nisi
3686 3516 3805 3585 [rius

2253 3626 2488 3672 mentem
2537 3616 2850 3680 etccaverit,
2896 3612 2961 3667 ad
3014 3612 3334 3682 pravitatem
3386 3606 3805 3673 concupiscentia:

2254 3725 2361 3763 non
2395 3708 2638 3777 impellit.
2688 3705 2871 3760 Electa
2921 3720 3048 3759 vero
3082 3703 3244 3773 265
3272 3716 3424 3755 utens
3468 3699 3595 3753 dum
3643 3695 3809 3751 tentari

2256 3799 2610 3870 permittitur,
2643 3795 2761 3865 tjus
2805 3803 2978 3850 status
3024 3793 3076 3846 in
3121 3798 3350 3858 utroque
3400 3788 3669 3851 turbatur,
3706 3784 3810 3853 quia

2223 3936 2242 3951 ,
2256 3890 2308 3943 in
2336 3896 2537 3943 tantum
2560 3885 3113 3955 concupiscentiarum
3131 3880 3404 3935 molestias
3423 3878 3625 3933 sentire
3639 3882 3810 3945 potest,

2257 3980 2309 4034 iu
2336 3984 2615 4048 quantum,
2645 3974 2991 4046 permittente
3017 3971 3148 4035 Deo,
3176 3968 3564 4038 cogitationqu
3590 3964 3811 4020 tenebras

2254 4071 2488 4140 abjiccre
2517 4083 2548 4123 a
2577 4083 2637 4123 se
2686 4082 2794 4122 non
2837 4072 3032 4135 potest.
3085 4061 3194 4117 Sed
3233 4061 3358 4130 quia
3408 4074 3439 4113 a
3490 4058 3602 4112 Deo
3646 4055 3811 4111 tentari

2254 4160 2605 4234 permittitur,
2632 4159 2684 4214 in
2715 4157 2949 4213 adventu
2973 4154 3087 4224 ejus
3109 4152 3314 4223 gratim,
3344 4151 3412 4205 ab
3439 4158 3669 4217 utroque
3696 4146 3814 4199 ma‘o

2254 4254 2527 4308 relevetur
2557 4269 2569 4305 :
2601 4249 2724 4305 dum
2764 4256 2953 4303 contra
3002 4245 3252 4301 tenebras
3299 4243 3477 4297 lucem
3534 4240 3816 4309 accipit,et

2256 4362 2352 4418 per
2379 4345 2613 4402 calorem
2643 4342 2983 4399 advenientis
3008 4340 3256 4411 spiritus,
3291 4338 3473 4407 abjicit
3502 4337 3663 4405 trigus
3690 4348 3813 4388 men-

2257 4437 2343 4491 tis.
2375 4435 2567 4506 Incipit
2593 4434 2736 4491 enim
2767 4434 2949 4489 videre
2979 4432 3219 4488 cmlestia
3248 4430 3339 4499 qui
3379 4429 3562 4483 levare
3606 4434 3815 4482 mentem

2180 4515 2233 4577 Β
2257 4544 2287 4582 a
2314 4526 2618 4583 carnalibus
2659 4541 2766 4581 non
2816 4524 3057 4589 valebat,
3097 4532 3154 4577 et
3199 4536 3319 4589 qua:
3364 4528 3611 4573 amanter
3653 4514 3820 4586 aspicit

2257 4625 2508 4680 ardenter
2535 4622 2700 4695 cupit.
2747 4620 2893 4675 Bene
2940 4633 3068 4688 ergo
3115 4615 3313 4671 dicitur
3345 4632 3359 4667 :
3394 4612 3527 4667 Cras
3565 4615 3661 4666 erit
3701 4608 3819 4664 vobis

2254 4718 2429 4785 salus,
2456 4733 2570 4769 rum
2598 4714 2866 4769 incalucrit
2895 4713 3006 4775 sol;
3039 4710 3163 4781 quia
3211 4708 3254 4762 si
3287 4707 3493 4761 validas
3521 4704 3721 4773 antiqui
3740 4703 3822 4757 hoc

2255 4810 2354 4864 stis
2383 4807 2815 4879 impugnationes
2856 4804 3081 4859 viriliter
3124 4800 3375 4867 ferimus,
3421 4798 3615 4852 divina:
3661 4794 3823 4865 gratia:

2258 4899 2535 4955 celeritate
2583 4896 2926 4952 sublevamur
2953 4893 3022 4948 ad
3065 4892 3240 4947 lucem
3291 4889 3469 4945 cordis
3494 4896 3549 4943 et
3590 4887 3821 4941 virtutem

2258 5004 2465 5059 magna:
2492 4986 2789 5044 charitatis.
2814 4986 2881 5040 Et
2899 4985 3024 5055 quia
3052 4984 3157 5039 hoc
3184 4990 3494 5038 sanctorum
3525 4976 3823 5048 praedicato-

2259 5097 2377 5136 rum
2416 5079 2697 5135 consilium
2748 5077 2921 5132 electa
2968 5075 3303 5130 subditorum
3363 5070 3530 5127 corda
3571 5074 3824 5139 gratanter

2257 5171 2549 5242 excipiunt,
2593 5169 2834 5238 sequitur
2862 5185 2876 5221 :

2334 5275 2429 5345 (Ve
2438 5290 2508 5329 rs.
2531 5272 2611 5341 9.)
2626 5270 2881 5325 Venerunt
2893 5286 3013 5340 ergo
3025 5268 3190 5322 nuntii
3205 5277 3255 5321 et
3267 5264 3701 5320 annuntiat-erunt
3719 5260 3822 5313 riris

2256 5367 2433 5422 Jabes.
2462 5365 2562 5430 Qui
2590 5364 2750 5419 (relati
2778 5372 2919 5417 sunt.

2327 5460 2435 5517 Sed
2464 5461 2624 5514 etiam
2654 5456 2922 5527 promisso
2954 5455 3054 5511 sibi
3086 5452 3321 5516 auxilio,
3352 5449 3483 5519 quid
3525 5444 3821 5502 Ammouitis

2258 5550 2620 5621 respondeant
2641 5547 2941 5602 audiamus.
2968 5545 3100 5600 Nam
3121 5544 3398 5613 sequitur:

2332 5641 2507 5712 (Vers.
2544 5639 2654 5707 l0.)
2686 5636 2755 5692 Et
2780 5639 3023 5692 dixerunt
3066 5652 3083 5691 :
3116 5635 3275 5689 Mane
3310 5634 3565 5687 exibimus
3608 5631 3675 5684 ad
3716 5645 3821 5693 ros.

2256 5745 2303 5792 et
2332 5733 2534 5807 facietis
2564 5730 2707 5787 nobis
2738 5747 2887 5787 omne
2917 5729 3052 5803 quod
3079 5728 3333 5800 placuerit
3361 5726 3521 5780 vobis.
