3962 6272
166 276 261 332 521

987 274 1048 329 IN
1092 272 1355 329 PRIMUM
1399 273 1633 331 REGUM
1680 270 2194 329 EXPOSITIUNES.
2239 304 2303 313 —
2345 274 2474 331 LIB.
2524 276 2581 329 Υ.

3339 281 3447 338 5:22

231 391 317 445 11.
351 388 464 443 iioe
482 386 746 459 profecto,
772 387 893 458 qu'a
917 387 989 441 illi
1020 387 1205 441 dicunt
1228 386 1317 455 qui
1343 385 1454 455 jam
1479 386 1547 439 de
1571 384 1747 438 vicino
1779 386 1823 445 Α
1853 397 1999 447 rum,
2036 391 2198 451 atque
2240 382 2513 454 Evangelii
2559 386 2761 455 jejunia
2807 387 3193 457 producuntur.
3248 389 3315 444 Et
3352 408 3447 448 ve-

160 485 365 540 auxilio
386 482 561 537 securi
590 491 714 536 sunt
739 479 1026 548 quamdam
1058 495 1208 549 spem
1240 479 1483 532 hostibus
1515 478 1756 531 tribuunt

161 588 295 642 quos
327 569 695 637 promittendo
723 568 972 621 illuiunt.
1009 566 1154 620 Voce
1181 566 1271 634 qui
1294 569 1394 620 lem
1426 565 1754 620 debilitatem

166 661 445 727 simulant,
473 660 566 713 sed
598 658 969 712 fortitudinem
998 656 1245 727 promissi
1274 656 1454 709 auxilii
1478 656 1493 708 i
1539 664 1619 708 tus
1640 669 1755 708 ser-

161 764 305 808 vant.
327 752 485 806 Aliud
513 765 643 818 ergo
671 751 1013 821 promittunt,
1039 749 1181 803 aliud
1212 749 1458 803 credunt.
1485 748 1583 814 Qui
1608 748 1750 802 cn'm

162 846 453 899 dicebant:
504 842 633 897 Cras
680 843 934 897 exibimus
981 842 1051 895 ad
1106 858 1219 900 ros.
1264 851 1312 893 et
1358 841 1558 910 facietis
1606 838 1751 894 nobis

162 954 312 991 omne
338 941 479 1008 quod
523 936 772 1005 placuerit
814 934 973 994 vobis,
1006 934 1108 987 hoc
1134 932 1335 986 dabant
1365 933 1606 986 hostibus
1635 947 1753 987 ere-

166 1027 309 1090 dere,
333 1027 481 1093 quod
514 1025 592 1079 sic
612 1039 671 1078 se
701 1025 753 1077 in
776 1038 964 1078 eorum
995 1022 1241 1076 manibus
1268 1022 1562 1087 traderent,
1588 1031 1644 1075 ut
1675 1022 1752 1076 fa-

169 1132 288 1172 cere
332 1117 405 1171 de
435 1116 515 1169 eis
544 1122 766 1184 possent
807 1128 1143 1184 qumcunque
1172 1113 1489 1167 voluissent.
1522 1113 1628 1167 Sed
1658 1112 1751 1181 qui

161 1212 211 1263 in
238 1209 383 1263 diem
426 1217 744 1278 sequentem
790 1214 1074 1261 venturqu
1106 1221 1287 1275 regem
1334 1207 1385 1259 in
1414 1221 1569 1261 suum
1599 1206 1751 1261 auxi-

161 1300 284 1353 lium
315 1306 603 1362 noverant,
628 1299 777 1352 exire
804 1312 925 1353 cum
954 1313 1022 1351 eo
1050 1296 1240 1351 nonad
1272 1298 1503 1351 hostium
1535 1314 1746 1362 manus,

158 1391 245 1445 sed
273 1390 341 1443 ad
375 1389 809 1445 interfectionem
858 1389 1191 1457 cogitabant.
1241 1387 1545 1443 Secundum
1590 1391 1749 1459 spiri-

161 1482 355 1536 tualem
386 1497 517 1536 vero
546 1496 763 1537 sensum
794 1481 1031 1549 serpenti
1072 1480 1232 1544 Naas,
1264 1479 1314 1533 id
1344 1489 1426 1535 est
1453 1482 1590 1548 gula:
1620 1497 1749 1535 con-

163 1575 511 1644 cupiscentize
542 1574 595 1629 in
622 1575 708 1630 die
738 1592 839 1630 suo
863 1584 1104 1629 nostrum
1136 1576 1336 1629 exitum
1364 1574 1744 1643 promittimus,

160 1666 245 1720 sed
274 1682 379 1719 nos
411 1666 462 1719 in
508 1666 594 1720 die
642 1674 828 1721 nostro
868 1666 985 1734 ejus
1034 1666 1178 1720 ac'es
1218 1665 1572 1719 dcbellamtts.
1626 1665 1745 1719 Dies

1856 474 2037 529 niente
2064 476 2151 529 die
2178 477 2437 541 crastino,
2472 478 2644 532 media
2675 487 2853 535 castza
2883 479 3075 534 doctor
3104 480 3399 548 ingreditur
3427 500 3441 537 :

1856 566 1979 635 quia
2002 583 2123 621 eum
2146 568 2322 622 divina
2346 572 2535 637 gratia,
2562 587 2679 642 qua:
2700 573 2766 625 ad
2791 571 3094 626 docendum
3116 572 3281 626 corda
3310 588 3447 643 pra:-

1854 658 2151 712 dicatorum
2184 658 2479 725 illuminat,
2528 663 2833 717 auditoru-n
2873 663 3036 718 etiam
3067 674 3279 719 mentes
3308 666 3446 719 irra-

1853 747 1987 815 diat,
2010 758 2062 800 et
2093 749 2156 801 ad
2185 764 2335 816 spem
2361 749 2598 804 victorice
2626 760 2879 819 potenter
2907 751 3071 806 levat.
3103 752 3262 807 lndie
3288 752 3449 822 igitur

1854 840 2088 892 crastino
2136 838 2330 893 doctor
2379 841 2806 910 triumphaturus
2869 851 3044 897 castra
3099 844 3441 901 inimicorum

1853 928 2165 996 ingreditur,
2216 938 2269 983 et
2307 932 2509 999 aperit,
2562 932 2614 985 in
2659 932 2846 1001 eisque
2883 935 3439 1004 concupiscentiarum

1853 1020 1999 1074 acies
2040 1030 2291 1089 potenter
2343 1020 2485 1075 ferit.
2537 1021 2606 1075 Et
2644 1022 2769 1091 quia
2818 1022 3054 1092 ipsorutu
3108 1025 3444 1081 subditorqu

1852 1118 2062 1163 mentes
2106 1096 2377 1165 audiendo
2409 1110 2725 1181 proficiunt,
2769 1112 2822 1167 in
2855 1114 3028 1182 vigilia
3058 1117 3321 1171 matutina
3347 1132 3446 1174 rex

1852 1201 2045 1255 dicitur
2071 1213 2245 1256 castra
2276 1202 2705 1257 Amntonitarum
2753 1204 2993 1273 ingredi,
3037 1214 3092 1259 et
3121 1223 3288 1275 usque
3316 1208 3444 1262 dum

1851 1293 1967 1349 dies
1997 1294 2368 1362 incalesceret,
2395 1295 2447 1349 in
2479 1310 2667 1350 eorum
2699 1296 2935 1351 cmdibus
2966 1299 3264 1355 immorari.
3299 1300 3445 1371 Vigi-

1852 1385 1922 1438 lia
1952 1386 2169 1455 quidem
2200 1388 2460 1441 matutina
2501 1388 2555 1442 in
2602 1388 2697 1442 Dei
2753 1390 3081 1458 aspiratione
3130 1402 3213 1447 est
3264 1394 3445 1449 fervor

1850 1478 1979 1532 solis
2007 1479 2059 1532 in
2100 1478 2216 1546 ejus
2245 1479 2597 1549 plenitudine.
2630 1480 2788 1535 Velut
2819 1482 2958 1536 enim
2992 1484 3253 1539 matutina
3283 1485 3439 1541 nobis

1850 1566 1941 1620 lux
1976 1569 2166 1633 oritur,
2213 1570 2427 1637 quando
2476 1572 2712 1625 tenebris
2762 1573 3119 1627 tentationum
3178 1575 3431 1645 depressi,

1848 1659 2023 1714 lucem
2052 1661 2258 1715 virtutis
2288 1661 2355 1715 ab
2379 1678 2473 1715 ore
2491 1662 2898 1732 prmdicatorum
2929 1666 3107 1720 videre
3137 1667 3417 1739 incipimus

157 1758 367 1825 quidem
396 1758 514 1827 ejus
543 1769 624 1813 est
664 1759 953 1814 delectatio
988 1775 1263 1829 corporeae
1292 1760 1611 1813 saturitatis.
1644 1760 1746 1826 Qui

1850 1766 2012 1819 quam
2044 1766 2352 1820 sequamur.
2401 1751 2465 1806 Et
2505 1755 2586 1807 sol
2630 1756 2784 1808 nobis
2836 1755 3141 1823 incalescit,
3190 1776 3311 1814 eum
3342 1777 3438 1831 per

158 1849 288 1901 enim
323 1850 581 1919 proponit
611 1859 854 1904 ventrem
886 1866 984 1919 pro
1013 1862 1140 1904 voto
1171 1851 1400 1919 replere,
1424 1850 1577 1919 quasi
1600 1851 1741 1905 diem

162 1942 385 2010 primum
418 1941 868 2011 concupiscentia:
897 1941 1129 2003 dedicat,
1162 1950 1214 1996 et
1248 1952 1423 1996 tamen
1454 1942 1628 1997 adhuc
1656 1942 1741 1997 in-

158 2039 236 2084 tus
264 2038 367 2095 est,
394 2030 518 2098 quia
536 2032 1011 2101 quamdamlueem
1038 2031 1412 2086 delectationis
1440 2034 1738 2101 proposuit,

155 2138 310 2189 quam
340 2122 619 2191 operando
658 2139 765 2177 non
797 2122 949 2177 vidit.
977 2121 1111 2177 Cras
1137 2138 1264 2192 ergo
1303 2122 1451 2187 exiit,
1497 2123 1590 2191 qui
1637 2123 1742 2178 hoc

155 2214 326 2269 tantum
360 2214 509 2284 quod
557 2216 705 2270 carni
753 2216 1023 2285 promisit,
1084 2224 1141 2269 et
1185 2214 1461 2285 operando
1491 2226 1547 2269 et
1592 2214 1741 2270 dele-

155 2305 342 2360 ctando
372 2305 638 2360 exhibuit.
671 2304 779 2361 Sed
824 2305 997 2360 sancti
1040 2305 1173 2373 viri,
1220 2314 1278 2360 ut
1321 2305 1568 2375 superius
1596 2304 1735 2371 dixi,

154 2397 281 2463 gula:
311 2396 579 2461 illuduut;
617 2396 745 2464 quia
777 2412 897 2451 cum
927 2395 1139 2465 abi-jus
1182 2396 1423 2465 appetitu
1451 2395 1738 2467 desperare

156 2487 203 2540 in
245 2496 569 2556 perpetuum
621 2494 925 2555 nequeunt,
977 2486 1104 2540 illud
1135 2486 1278 2555 quod
1318 2486 1649 2556 promittunt,
1682 2495 1737 2542 et

155 2595 253 2633 non
283 2587 544 2645 sumunt,
593 2579 745 2649 quasi
786 2580 839 2633 in
875 2578 1051 2633 futura
1101 2579 1220 2634 luce
1250 2578 1624 2634 delectationis
1651 2594 1737 2635 re-

156 2671 492 2740 promittunt.
525 2669 715 2724 Coacti
755 2670 969 2741 quidem
1000 2679 1124 2725 sunt
1167 2670 1295 2724 foris
1324 2669 1484 2724 nimia
1530 2669 1735 2738 fragili-

161 2773 263 2817 tate
292 2764 494 2830 carnis,
528 2772 583 2816 et
610 2763 751 2817 intus
780 2763 950 2817 induti
982 2764 1174 2817 roboe
1205 2778 1409 2829 magna:
1434 2763 1732 2818 charitatis.

158 2858 251 2912 Per
297 2857 429 2911 illud
471 2856 722 2926 quidem,
768 2855 856 2925 qui
912 2855 1240 2925 appetitibus
1282 2855 1591 2910 renuntiare
1639 2872 1735 2910 ne-

156 2958 380 3019 queunt,
412 2950 568 3017 quasi
617 2948 872 3003 exteriori
923 2963 1059 3003 voce
1106 2949 1447 3017 promittunt,
1495 2947 1639 3018 quod
1678 2948 1731 3003 in

155 3044 445 3097 intentione
470 3058 579 3096 non
612 3042 831 3095 habent.
857 3040 961 3095 l’cr
986 3040 1114 3095 illud
1136 3056 1286 3108 vero,
1305 3040 1428 3109 quia
1456 3040 1524 3094 de
1546 3040 1730 3095 divino

1847 1854 2036 1894 eorum
2066 1841 2231 1894 verba
2266 1857 2419 1895 mens
2446 1850 2627 1896 nostra
2659 1844 3025 1910 succenditur,
3056 1855 3109 1899 et
3149 1849 3301 1917 quasi
3334 1849 3441 1905 fer-

1848 1932 2020 1987 ventis
2050 1933 2177 1987 solis
2219 1933 2399 1988 calore
2443 1935 2687 2003 decocta,
2718 1935 3000 1993 desideriis
3054 1936 3433 1997 inﬂammatur.

1847 2019 1998 2077 Tunc
2036 2023 2237 2093 quippe
2264 2025 2492 2079 Ammon
2526 2027 2875 2082 Velit-menter
2912 2028 3132 2084 cmditur
3159 2048 3171 2083 :
3203 2032 3326 2100 quia
3360 2034 3440 2089 vi-

1846 2114 2041 2168 tiorum
2072 2116 2303 2185 popuius
2330 2116 2396 2169 de
2426 2117 2621 2171 nostris
2651 2119 2899 2173 sensibus
2927 2119 3208 2188 effugator.
3239 2122 3437 2180 ﬂector

1843 2201 2026 2272 igitur,
2059 2205 2149 2274 qui
2182 2205 2236 2259 in
2282 2206 2458 2273 vigilia
2492 2208 2751 2262 matu;ina
2794 2208 3220 2267 Ammonitarum
3260 2223 3437 2270 castra

1842 2294 2158 2361 ingreditur,
2192 2310 2360 2365 usque
2388 2294 2514 2349 dum
2558 2296 2849 2351 incalescat
2890 2298 3035 2365 dies,
3084 2301 3152 2355 ab
3183 2302 3437 2359 interfec-

1843 2384 1988 2437 tioue
2015 2382 2250 2451 gladium
2278 2400 2388 2437 non
2415 2384 2703 2450 recondat,
2736 2388 2860 2455 quia
2890 2390 3072 2442 tandiu
3116 2390 3275 2445 debet
3304 2393 3437 2448 sub-

1838 2477 2072 2531 ditorum
2124 2492 2343 2531 suorum
2393 2477 2681 2532 eruditioni
2729 2479 2997 2544 insistere,
3042 2483 3279 2549 quandiu
3317 2484 3438 2539 illos

1839 2569 2065 2638 aspiciat
2093 2569 2298 2637 magnis
2320 2569 2516 2622 interni
2549 2569 2764 2625 luminis
2786 2571 3058 2626 caloribus
3087 2571 3432 2630 inﬂammari.

1839 2662 1959 2726 Quo
1983 2660 2034 2714 in
2064 2661 2181 2715 loco
2205 2660 2494 2714 mtandum
2518 2668 2601 2714 est
2634 2678 2646 2712 :
2679 2660 2803 2729 quia
2833 2659 2991 2726 Naas,
3024 2661 3074 2716 id
3104 2672 3185 2717 est
3211 2679 3436 2734 serpens

1840 2753 2263 2806 Ammouitarum
2294 2766 2386 2806 rex
2416 2767 2536 2806 esse
2565 2752 2795 2805 dicitur:
2831 2753 2946 2822 ipse
2974 2762 3155 2809 autem
3186 2755 3417 2811 Ammon

1837 2843 2068 2913 populus
2098 2841 2344 2898 mmroris
2387 2842 2789 2910 interpretatur.
2820 2841 2885 2895 Et
2914 2844 3039 2912 quia
3072 2844 3124 2898 in
3170 2845 3275 2902 hoc
3301 2862 3424 2902 ser-

1838 2933 2000 2987 dente
2023 2932 2160 3001 gula:
2191 2932 2376 2985 vitium
2408 2931 2678 2999 designari
2708 2933 2958 2999 diximus,
2988 2948 3109 2988 cum
3138 2934 3280 2989 Naas
3308 2952 3430 3008 per-

1836 3024 2057 3087 (utitur,
2109 3023 2357 3078 mceroris
2404 3022 2636 3091 populus
2678 3021 3017 3078 debellatur:
3049 3025 3171 3093 quia
3211 3042 3277 3080 ex
3322 3042 3429 3081 uno

154 3135 319 3190 securi
343 3142 490 3200 sum,
520 3132 661 3186 aliud
692 3140 1000 3202 proponunt
1031 3144 1210 3199 agere,
1242 3146 1403 3201 quam
1435 3130 1729 3200 loquuntur
1757 3127 1800 3187 ρ
1834 3112 1970 3180 gulae
1998 3112 2156 3175 vitio,
2192 3110 2744 3202 iununu'ragvitiorum
2774 3110 2985 3178 agmina
3016 3113 3082 3165 ad
3112 3113 3419 3170 conﬂictum

156 3227 471 3282 inﬁrmitatis
500 3240 653 3282 voce.
700 3223 757 3278 In
786 3224 871 3279 die
900 3224 1062 3292 igitur
1089 3240 1189 3279 suo
1230 3223 1317 3276 ad-
1337 3222 1478 3277 Naas
1506 3230 1726 3285 exeunt.

154 3318 272 3387 quia
320 3318 384 3373 ad
430 3317 852 3389 oppugnandum
892 3316 1027 3384 gula:
1073 3316 1602 3386 concupiscentiam,
1634 3330 1731 3385 per

154 3409 319 3465 lucem
345 3410 565 3479 superni
604 3408 787 3462 auxilii
830 3407 1265 3478 progrediuntur,
1316 3415 1370 3460 et
1399 3406 1597 3460 visitati
1641 3422 1730 3461 su-

155 3513 310 3568 perna
348 3500 554 3566 gratia,
592 3499 701 3565 jam
754 3506 941 3551 contra
989 3512 1205 3550 omnem
1249 3495 1430 3550 carnis
1472 3495 1729 3565 impetum

154 3590 313 3643 fortes
338 3598 483 3655 sunt,
513 3589 605 3659 qui
628 3587 869 3643 derelicti
897 3586 964 3641 ad
988 3585 1275 3652 modicum,
1307 3586 1425 3655 ejus
1451 3586 1731 3656 impugna-

157 3687 326 3732 menta
349 3680 599 3734 timuere.
623 3678 728 3746 Qui
760 3678 1004 3749 profecto
1030 3678 1218 3733 divinzc
1242 3677 1426 3747 gratia:
1452 3677 1725 3747 splendor,

155 3772 271 3840 quia
322 3788 418 3841 per
475 3788 570 3826 ora
624 3770 1037 3843 praniicatorum
1094 3769 1382 3837 aliquando
1432 3769 1729 3824 minoribus

154 3871 339 3917 sancta:
369 3861 620 3917 Ecclesia:
644 3860 898 3916 membris
927 3860 1242 3925 infunditur,
1266 3858 1546 3929 sequitur:

221 3953 399 4022 (Vers.
437 3953 547 4021 11.)
582 3951 650 4005 Et
678 3955 873 4024 factum
898 3962 995 4019 est,
1028 3968 1142 4005 cum
1162 3951 1376 4005 venisset
1407 3950 1513 4004 dies
1542 3951 1725 4004 crasti-

158 4062 266 4110 nus,
296 4048 558 4101 constituit
588 4044 722 4100 Sani
749 4046 992 4115 populum
1023 4044 1076 4098 in
1106 4052 1207 4097 tres
1231 4054 1424 4113 partes,
1456 4052 1505 4096 et
1529 4043 1729 4114 ingres-

156 4154 237 4191 sus
261 4149 330 4192 est
357 4140 528 4194 media
558 4148 731 4193 castra
762 4140 813 4191 in
859 4138 1038 4209 vigilia
1076 4139 1353 4202 matutina,
1393 4144 1443 4191 et
1481 4137 1727 4208 percussit

159 4233 355 4284 Ammon
382 4248 540 4301 usque
569 4230 691 4283 dum
719 4229 1053 4283 incalesceret
1084 4232 1184 4283 sol.

225 4318 300 4372 12.
331 4318 385 4372 In
419 4329 603 4389 partes
622 4319 837 4386 quidem
861 4318 1117 4372 dividitur
1143 4318 1393 4389 populus,
1421 4324 1479 4371 ut
1505 4330 1727 4386 serpen—

161 4418 253 4463 tem
281 4410 415 4463 Naas
446 4412 610 4481 266
651 4426 757 4465 non
791 4425 894 4464 una
934 4409 1049 4463 acie
1090 4408 1364 4463 feriamus.
1412 4405 1479 4460 Et
1507 4405 1726 4475 quidem

158 4500 205 4553 in
232 4508 329 4555 tres
358 4511 545 4571 partes
572 4501 846 4567 dividitur,
876 4508 933 4555 ut
960 4515 1128 4554 sacra:
1155 4499 1491 4555 abstinentia:
1518 4498 1722 4553 fructus
1754 4515 1803 4574 ι)

156 4602 206 4644 et
232 4591 448 4659 dignitas
478 4591 799 4647 ostendatur
827 4611 840 4645 :
877 4593 1001 4663 quia
1032 4592 1100 4646 ad
1130 4607 1271 4658 eam,
1299 4607 1458 4659 quam
1503 4590 1727 4644 mandu-

160 4683 312 4735 cando
338 4685 645 4753 perdimus,
674 4693 874 4739 sancta:
900 4683 1179 4739 Trinitatis
1216 4681 1726 4752 contemp'atinnem

156 4770 428 4841 jejunando
460 4793 799 4832 revocamur.
834 4778 970 4833 lliue
996 4786 1079 4832 est
1114 4777 1279 4841 enim,
1308 4776 1449 4846 quod
1489 4775 1639 4845 legis,
1670 4784 1728 4831 et

162 4859 463 4935 Prophetas,
487 4875 541 4922 et
566 4867 840 4938 Evangelii
861 4867 1065 4937 jejunia
1094 4865 1561 4923 commendantur.
1590 4863 1725 4918 Nam

165 4953 356 5025 Moyses
382 4967 439 5011 ut
466 4958 642 5026 legem
684 4958 962 5027 percipere
1010 4964 1330 5020 mereretur,
1380 4954 1463 5009 bis
1490 4953 1724 5024 quadra-

162 5045 291 5111 ginta
332 5048 539 5102 dierum
578 5063 808 5103 numero
851 5048 1117 5117 jejunavit
1166 5045 1365 5119 (Exod.
1399 5063 1581 5111 xxxw,
1608 5045 1724 5117 ‘28).

163 5131 288 5191 tilias
310 5147 366 5192 ut
390 5137 607 5194 Jesabel
640 5154 834 5194 manus
860 5139 1136 5204 evaderet,
1165 5138 1518 5208 quadraginta
1540 5136 1729 5192 diebus

164 5224 209 5278 in
234 5228 377 5283 unius
412 5231 515 5285 cibi
561 5230 874 5286 fortitudine
902 5232 968 5285 ad
997 5229 1138 5289 Oreb
1181 5232 1277 5286 Πινὶ
1322 5241 1562 5287 montem
1592 5246 1733 5300 per-v

163 5317 291 5371 venit
317 5318 435 5389 (111
472 5321 601 5393 Reg.
632 5338 745 5385 xix,
776 5319 855 5393 8).
874 5320 1147 5376 Dominus
1176 5336 1239 5376 ac
1271 5320 1598 5390 Redemptor
1627 5334 1725 5374 no-

165 5415 259 5462 ster
283 5408 429 5467 Jesus
471 5411 723 5469 Christus
763 5428 861 5483 per
901 5412 1255 5482 quadraginta
1303 5413 1420 5468 dies
1449 5413 1502 5466 in
1541 5426 1724 5466 eremo

157 5495 405 5566 ieiunans,
440 5503 649 5556 nullum
687 5503 998 5559 omnimodo
1027 5503 1206 5558 cibum
1244 5502 1475 5573 sumpsit
1508 5501 1722 5573 (Matth.

166 5603 228 5644 ιν.
254 5591 322 5661 2).
367 5593 423 5648 lu
464 5604 575 5651 tres
612 5610 742 5664 ergo
785 5605 966 5667 partes
1014 5596 1142 5652 Sani
1188 5598 1443 5669 populum
1489 5597 1723 5651 dividit:

166 5683 273 5750 quia
298 5685 345 5739 in
375 5685 682 5757 exemplum
714 5687 1092 5746 abstinentiam
1111 5732 1126 5759 ,
1161 5687 1317 5760 Legis
1348 5696 1402 5747 et
1431 5686 1728 5759 Propheta-

1831 3205 2023 3258 anima:
2052 3203 2439 3273 producuntur.
2474 3200 2681 3254 Etcum
2726 3202 2865 3256 idem
2897 3202 3032 3270 gula:
3065 3203 3248 3257 vitium
3279 3204 3418 3259 rcci-

1830 3294 1993 3356 ditnr,
2028 3293 2132 3346 alia
2164 3292 2329 3346 multa
2362 3292 2519 3348 nobis
2549 3291 2673 3344 vitia
2697 3291 3064 3359 subjugamus.
3096 3291 3269 3347 Unum
3305 3294 3429 3363 qui-

1832 3384 1953 3439 dem
1985 3385 2120 3455 gulu:
2164 3384 2353 3439 vitium
2383 3390 2501 3447 εει,
2535 3384 2629 3437 sed
2667 3383 2839 3438 aculei
2890 3384 3122 3438 libidinis
3163 3385 3428 3441 innumeri

1834 3485 1981 3542 sunt,
2001 3478 2093 3545 qui
2118 3475 2510 3546 przecedentem
2536 3475 2707 3542 illum,
2728 3475 2879 3542 quasi
2904 3492 2945 3529 rt
2964 3490 3009 3543 gi
3031 3492 3082 3529 ιιι
3108 3487 3423 3547 sequuntur.

1832 3566 1933 3632 Qui
1969 3567 2088 3620 tacta
2119 3566 2338 3635 quidem
2369 3574 2694 3634 suggerunt,
2726 3564 2820 3620 sed
2850 3565 2915 3619 ad
2946 3567 3131 3621 mttrni
3162 3568 3317 3623 fletus
3345 3568 3428 3623 la-

1831 3664 2010 3710 menta
2068 3656 2388 3726 perducunt.
2445 3654 2578 3709 Cum
2630 3654 2770 3709 Naas
2815 3669 2945 3722 ergo
2995 3665 3282 3724 pugnatur,
3329 3657 3426 3712 sed

1830 3748 2077 3801 mmroris
2115 3747 2346 3817 populus
2390 3746 2647 3801 exeditur:
2680 3745 2804 3814 quia
2852 3760 2973 3799 cum
3026 3747 3205 3813 gu'am
3235 3746 3427 3802 doma-

1830 3852 1951 3891 mus
1982 3879 1996 3904 ,
2029 3837 2305 3891 libi-linum
2338 3837 2683 3891 incitamenta
2716 3834 3071 3904 peritnuntur.
3109 3833 3258 3889 Unde
3286 3835 3426 3892 bene

1831 3948 1937 3986 non
1967 3931 2079 4001 ipse
2112 3928 2271 3995 Naas,
2302 3927 2393 3981 sed
2426 3927 2656 3980 Ammon
2683 3925 2956 3993 subjectus
2984 3925 3105 3990 :ibi,
3140 3924 3189 3978 id
3217 3933 3299 3979 est
3328 3940 3427 3996 po-

1829 4022 1986 4092 pulus
2010 4020 2324 4075 interfectus
2340 4035 2370 4072 a
2401 4018 2625 4074 seritur:
2642 4017 2764 4086 quia
2782 4016 3053 4085 appetitus
3074 4016 3426 4072 comestionis

1829 4108 2271 4178 restringendus,
2320 4124 2427 4162 non
2480 4106 2903 4175 exstinguendos
2954 4114 3057 4159 est.
3130 4104 3237 4160 Sed
3284 4106 3426 4161 bene

1829 4217 2103 4273 nunquam
2132 4200 2501 4271 restringitur,
2533 4199 2579 4253 si
2616 4199 2950 4268 subsequens
2978 4197 3224 4253 mmroris
3251 4213 3427 4268 popu-

1830 4293 1930 4359 lus,
1960 4293 2011 4348 id
2033 4301 2117 4347 est
2142 4300 2215 4346 tut
2230 4307 2323 4362 pes
2345 4300 2525 4347 motus
2548 4289 2824 4345 libidinum
2847 4304 2953 4343 non
2977 4288 3423 4355 necantur.,Cou-

1831 4393 1915 4438 tra
1944 4383 2083 4439 Naas
2111 4399 2241 4454 ergo
2280 4382 2436 4437 nobis
2482 4380 2779 4452 principale
2825 4386 3099 4434 Certamen
3138 4389 3223 4434 est
3252 4397 3266 4433 :
3297 4380 3424 4449 quia

1832 4490 1953 4529 cum
1986 4476 2088 4529 iste
2116 4480 2424 4543 superatur,
2456 4471 2686 4526 Ammon
2715 4470 3071 4525 interﬁcitur:
3104 4471 3228 4539 quia
3257 4469 3424 4525 libido

1835 4577 1962 4623 tunc
1988 4567 2125 4621 bene
2157 4565 2399 4630 cmditur,
2426 4564 2471 4619 si
2503 4563 2620 4632 ejus
2646 4562 2945 4632 principale
2985 4560 3193 4615 initium
3231 4561 3423 4630 subju-

1833 4670 2008 4730 gatur.
2039 4656 2145 4711 Sed
2175 4656 2448 4725 profertus
2496 4654 2765 4725 pudicitia:
2809 4667 3090 4722 quousque
3134 4651 3419 4721 procedat,

1832 4750 2064 4805 latenter
2093 4745 2397 4801 ostenditur
2427 4760 2524 4815 per
2549 4758 2612 4799 ea
2658 4758 2778 4813 qua:
2816 4742 3238 4810 subsequuntur.
3285 4739 3419 4795 Nam

1832 4840 1957 4895 dicit
1981 4857 1993 4892 :

1902 4954 2085 5024 (Vers.
2118 4950 2230 5023 11.)
2264 4949 2465 5017 Reliqui
2489 4963 2606 5003 vero
2634 4945 2855 5015 dispersi
2877 4952 3015 5008 sunt,
3047 4943 3122 4997 ita
3143 4950 3199 4995 ut
3229 4958 3319 4994 nec
3346 4957 3422 4995 re-

1818 5046 2180 5113 tinqnereutur
2203 5042 2305 5096 duo
2332 5041 2550 5111 pariter.

1905 5137 1994 5192 15.
2028 5134 2281 5190 Probatio
2316 5147 2455 5188 veta:
2479 5127 2953 5185 abstinentiam
2983 5132 3067 5179 est
3093 5124 3145 5178 in
3175 5131 3418 5177 attenua-

1823 5226 1973 5285 tioue
1995 5224 2269 5293 corporis,
2319 5221 2413 5277 sed
2464 5221 2517 5274 in
2565 5215 2900 5288 perfectione
2946 5213 3232 5270 castitatis.
3282 5210 3417 5265 Nam

1826 5319 1985 5388 ξω
2012 5316 2151 5371 bene
2177 5328 2403 5382 serpens
2433 5310 2701 5373 atteritur,
2729 5308 2773 5361 si
2802 5306 2880 5361 sic
2907 5305 3029 5374 gula
3057 5301 3416 5370 restringitur,

1830 5419 1891 5461 nt
1919 5403 2189 5461 libidinosi
2220 5411 2397 5459 motus
2427 5398 2672 5471 corporis
2713 5397 2891 5452 onmis
2920 5393 3174 5448 violentia
3207 5391 3421 5445 minua-

1829 5506 1936 5551 tur.
1981 5493 2114 5548 Nam
2161 5500 2340 5547 motus
2379 5489 2595 5544 illicitos
2624 5486 2807 5552 carni,
2853 5481 3091 5552 quandiu
3137 5480 3250 5547 ipsa
3289 5493 3419 5533 caro

1829 5597 1933 5655 est,
1967 5586 2082 5643 tolli
2112 5602 2219 5641 non
2248 5590 2450 5655 potest,
2480 5579 2736 5635 violentia
2774 5574 3025 5631 movendi
3060 5572 3171 5627 toill
3212 5576 3394 5641 potest

1828 5681 1947 5739 Non
1973 5680 2188 5751 quidem
2216 5676 2333 5733 tolli
2363 5682 2540 5748 potest
2560 5672 2725 5739 carni,
2750 5669 2895 5742 quod
2926 5668 3011 5757 lex
3041 5665 3219 5723 carnis
3240 5676 3413 5720 mem-
