3962 6270
546 281 652 337 5'25

1758 269 1999 326 SANCTI
2043 265 2367 322 GREGOllll
2408 267 2624 322 MAch

3695 271 3781 328 ﬁll

546 394 639 447 bra
673 406 778 444 non
818 396 1031 444 moveat
1057 405 1070 454 ;
1118 387 1213 442 sed
1259 397 1436 442 tamen
1483 385 1596 440 tolli
1626 393 1804 455 potest
1833 382 1979 438 carni
2011 374 2127 434 vio-
2157 379 2208 437 A
2233 381 2332 433 duo
2360 381 2556 451 pariter
2581 397 2645 436 ex
2687 382 2760 435 eis
2790 397 2892 434 non
2935 381 3036 434 sint
3067 381 3229 436 relicti
3251 397 3270 434 :
3299 380 3425 450 quia
3454 397 3549 452 per
3575 399 3787 443 macet-3-

547 483 710 537 lentia
742 479 1015 547 tnotionis,
1055 487 1114 532 ut
1142 479 1478 546 relinquatur
1507 477 1556 531 ei
1587 485 1796 541 motus;
1825 475 1918 531 sed
1959 473 2134 528 eidem

547 573 717 628 motui
757 570 932 626 omnis
959 568 1334 624 delectationis
1365 569 1694 622 obscaenitas
1735 565 2032 628 auferatur,
2080 573 2136 616 et

547 662 776 732 simplex
805 670 982 714 motus
1012 658 1101 712 ille
1128 658 1218 722 sit,
1253 658 1305 712 in
1328 673 1435 726 quo
1468 667 1491 693 ³
1527 657 1730 724 reliqua
1761 655 1993 709 libidinis
2020 663 2138 706 tur-

547 752 738 823 pitudo
769 766 874 805 non
906 751 995 804 sit.
1029 749 1174 804 Bene
1216 763 1345 817 ergo
1375 749 1464 802 alii
1490 749 1540 801 in
1583 746 1760 816 fugam
1791 745 1928 800 versi
1959 742 2139 812 perhi-

547 845 764 908 bentur,
794 841 921 910 quia
966 855 1090 895 cum
1125 840 1458 894 abstinentes
1487 853 1733 909 quosque
1759 836 1936 890 divina
1967 833 2137 903 gratia

547 934 790 1006 perfecte
835 942 1146 986 remunerat
1186 946 1216 984 a
1255 929 1628 999 corporalibus
1670 943 1856 982 eorum
1903 925 2138 979 motibus

547 1026 788 1080 onmium
817 1022 1232 1078 obscmnitatum
1278 1021 1495 1076 aculeos
1543 1019 1722 1085 to'lit;
1753 1016 1845 1072 sed
1890 1017 1968 1071 eis
1996 1017 2140 1084 ipsos

549 1125 731 1170 motus
776 1113 1048 1167 naturales
1075 1113 1292 1178 deserit,
1336 1121 1391 1165 ut
1421 1112 1614 1165 tentari
1658 1126 1872 1180 semper
1896 1109 2138 1179 possint,

550 1205 694 1260 vinci
727 1220 997 1272 nunquam
1040 1204 1286 1273 possint;
1338 1203 1462 1256 dum
1514 1203 1566 1255 id
1609 1200 1842 1268 desciit,
1891 1198 2034 1267 quod
2063 1199 2141 1252 eis

549 1295 705 1348 valde
757 1293 1034 1362 displicet,
1083 1292 1177 1347 sed
1224 1292 1301 1346 sic
1350 1290 1590 1345 debilitat
1628 1288 1774 1358 quod
1821 1288 2040 1352 deserit,
2083 1295 2142 1339 ut

549 1385 848 1454 pnevalcre
909 1384 1207 1438 victoribus
1270 1399 1377 1437 non
1445 1381 1740 1452 permittat.
1809 1379 2142 1432 Ammonitas

552 1476 757 1545 quippe
804 1485 1178 1545 percusserat,
1247 1475 1335 1543 qui
1379 1473 1592 1528 dicebat
1637 1490 1650 1526 :
1702 1471 1910 1540 Castigo
1958 1486 2140 1539 corpus

550 1581 737 1631 meum,
770 1573 819 1618 et
857 1565 1087 1618 servituti
1109 1563 1346 1635 snbjicfo,
1372 1579 1436 1617 ne
1458 1565 1575 1617 aliis
1599 1563 1896 1632 prwdicans
1914 1601 1930 1623 ,
1957 1577 2139 1629 repro—

551 1655 642 1709 bus
673 1656 868 1725 eﬂiciur
911 1654 972 1725 (I
1003 1655 1123 1708 Cor.
1157 1670 1243 1718 ιτς,
1277 1655 1390 1724 2'7).
1441 1652 1740 1708 lnterlectls
1777 1653 1940 1706 etiam
1985 1650 2134 1713 aliis,

2241 473 2439 526 tionem
2468 472 2711 542 corporis
2734 473 2784 525 in
2819 480 3021 526 tantum
3050 471 3340 541 proficiunt
3367 473 3578 529 culmen
3606 479 3786 546 perlec-

2239 562 2424 629 tionis,
2459 575 2516 616 ut
2542 563 2609 615 ab
2639 563 2716 616 eis
2743 561 3004 630 quidquid
3035 577 3063 616 a
3090 577 3276 630 carne,
3305 563 3559 632 quidquid
3587 580 3614 620 a
3639 581 3790 625 mente

2239 653 2517 721 ingeritur,
2562 654 2752 706 leviter
2780 663 3085 721 superetur,
3118 655 3244 707 dum
3286 657 3580 710 convenire
3625 658 3672 712 in
3707 678 3791 732 pn-

2237 757 2395 814 gnam
2425 761 2531 799 non
2559 745 2768 799 sinitur.
2813 746 2975 816 268
3012 744 3080 798 Et
3119 745 3235 800 hate
3258 746 3478 814 quidem
3509 747 3712 804 victoria
3733 754 3793 809 de

2237 839 2487 892 omnibus
2515 839 2759 893 sensibus
2785 838 3027 907 corporis
3049 837 3208 892 electi
3250 839 3573 908 percipiunt,
3606 842 3685 909 qui
3711 845 3796 896 ob-

2235 929 2502 983 sidentem
2527 929 2662 982 Naas
2685 929 2784 982 sibi
2802 929 3068 996 subjicere
3096 943 3194 998 per
3218 929 3563 984 abstinentia:
3581 931 3794 988 virtutew

2236 1030 2466 1089 possunt
2519 1020 2652 1074 Nam
2682 1020 2884 1074 refecta
2908 1036 3038 1074 caro
3065 1030 3118 1072 et
3145 1019 3500 1088 impinguata,
3532 1020 3595 1074 ad
3625 1021 3795 1090 lapsum

2241 1111 2450 1178 linguae,
2485 1111 2782 1177 oculormn,
2825 1110 3058 1175 auditus,
3085 1111 3337 1180 ollaetu=,
3369 1119 3426 1165 et
3457 1120 3630 1166 tactus
3659 1114 3800 1170 lacilis

2239 1210 2342 1254 est.
2393 1201 2525 1254 Dum
2566 1214 2696 1268 ergo
2726 1201 2895 1255 iliciti
2924 1200 3284 1270 corporalium
3313 1216 3567 1255 sensuum
3595 1213 3752 1258 motus
3776 1221 3800 1258 a

2239 1291 2376 1358 gulae
2421 1291 2581 1353 vitio,
2630 1291 2696 1344 ad
2747 1292 2942 1345 mentis
2993 1303 3225 1360 pugnam
3271 1291 3630 1358 deducuntur,
3673 1295 3800 1364 quasi

2242 1381 2469 1435 Ammon
2519 1381 2749 1451 populus
2786 1381 2928 1437 Naas
2974 1394 3157 1449 regem
3200 1382 3266 1436 ad
3295 1380 3650 1436 Israelitarum
3677 1384 3802 1438 obsi-

2239 1471 2455 1526 dionem
2484 1473 2790 1527 comitatur.
2837 1472 2942 1527 Sed
2974 1473 3098 1529 dum
3141 1474 3280 1528 Naas
3309 1473 3554 1543 perfecte
3579 1474 3803 1542 vincitur,

2241 1562 2474 1617 Ammon
2507 1571 2562 1616 et
2590 1564 2951 1632 exstinguitur
2975 1582 3042 1620 ex
3075 1573 3248 1636 parte,
3279 1573 3334 1619 et
3379 1581 3447 1619 ex
3475 1575 3631 1635 parte
3666 1569 3735 1623 sic
3760 1571 3804 1624 in

2242 1655 2421 1723 fugam
2447 1656 2694 1722 vertitu",
2717 1665 2775 1710 ut
2796 1673 2861 1712 ex
2886 1673 2952 1712 cu
2973 1659 3080 1714 duo
3103 1660 3305 1730 pariter
3324 1676 3432 1714 non
3465 1660 3804 1729 inveniantur;

543 1749 811 1824 'lugitivos
869 1750 1174 1804 interﬁcere
1227 1765 1335 1803 non
1388 1757 1635 1819 poterat,
1693 1749 1817 1818 quia
1867 1747 2138 1817 deplorat,
2176 1736 2218 1794 Β
2247 1747 2372 1814 quia
2409 1745 2534 1800 dum
2565 1763 2662 1816 per
2708 1748 3090 1804 abstinentiam
3121 1765 3316 1820 corpus
3345 1751 3640 1813 atterimus,
3671 1751 3806 1806 innu-

551 1841 768 1894 dicens:
794 1840 956 1894 l'ideo
983 1840 1140 1893 aliam
1169 1840 1330 1911 legem
1361 1841 1413 1893 in
1441 1841 1678 1893 membris
1697 1841 1821 1892 meis
1847 1853 2141 1909 repugnari.

553 1941 656 1985 tem
677 1931 778 2002 legi
802 1931 986 1984 mentis
1008 1946 1134 1984 mea:
1164 1930 1339 1994 (llam.
1373 1946 1465 1994 vn,
1492 1929 1606 1997 9.5).
1637 1929 1768 1983 ltem
1801 1930 1924 1998 quia
1955 1927 2143 1982 debili-

551 2033 696 2080 tatos
717 2023 954 2087 videbat,
986 2023 1077 2092 qui
1109 2029 1499 2086 remanserant,
1531 2021 1660 2075 dicit
1684 2039 1696 2073 :
1723 2018 1883 2074 Nulla
1904 2030 2144 2073 creatura

546 2118 737 2184 poterit
758 2131 851 2169 nos
881 2129 1125 2184 separare
1153 2130 1186 2166 a
1208 2113 1460 2166 charitate
1482 2111 1670 2166 Christi
1705 2110 1867 2182 (Ibid.
1893 2126 2003 2175 vnl,
2027 2110 2139 2181 '59).

551 2207 692 2275 Quid
719 2215 802 2262 est
827 2220 982 2276 ergo,
1009 2205 1154 2274 quod
1196 2205 1446 2273 deplorat
1472 2205 1645 2273 legem
1677 2205 1852 2259 inesse
1888 2203 2145 2273 membris

557 2298 660 2366 legi
691 2297 887 2352 mentis
917 2303 1330 2366 repugnantem,
1358 2295 1402 2350 si
1433 2295 1682 2350 extinctis
1705 2295 1840 2359 aliis,
1867 2293 1953 2348 alii
1985 2293 2035 2347 in
2067 2294 2148 2348 fu-

550 2401 683 2458 gam
717 2387 856 2442 versi
888 2394 1050 2451 sunt;
1097 2385 1197 2440 nisi
1237 2387 1364 2454 quia
1413 2385 1636 2454 perfecti
1675 2383 1776 2438 viri
1816 2385 1920 2438 hoc
1948 2383 2142 2453 ipsum,

557 2486 701 2554 quod
736 2483 1010 2553 simplices
1050 2490 1227 2537 motus
1255 2481 1433 2537 carnis
1462 2489 1648 2535 contra
1677 2479 2010 2534 voluntatem
2053 2495 2146 2532 su-

557 2577 779 2638 stinent,
813 2574 1162 2628 vehementer
1189 2571 1414 2626 dolent?
1445 2569 1654 2624 Vellent
1699 2570 1896 2638 quippe
1923 2569 2002 2623 sic
2030 2583 2147 2622 ma-

560 2685 692 2725 nere
719 2670 772 2723 in
804 2684 982 2732 carne,
1016 2675 1283 2722 utcontra
1312 2667 1508 2720 mentis
1537 2665 1870 2720 voluntatem
1899 2662 1965 2716 de
1985 2676 2149 2716 carne

558 2761 704 2816 nulla
729 2761 1085 2815 sust’nerent.
1104 2756 1258 2823 Quod
1284 2756 1521 2825 quidem,
1542 2755 1665 2824 quia
1693 2754 2017 2824 impossibile
2043 2761 2146 2817 est,

561 2853 821 2922 prtetnisit
848 2853 1030 2906 dicens
1058 2868 1070 2903 :
1111 2849 1255 2904 Velle
1277 2849 1481 2920 adjacet
1502 2849 1645 2912 milii,
1677 2865 1826 2918 posse
1851 2857 2018 2902 autem
2044 2862 2149 2901 non

555 2945 780 2998 invenio.
812 2941 932 2997 Non
957 2944 1094 2996 enim
1116 2941 1249 3013 quod
1273 2942 1383 2995 rolo
1405 2941 1610 3001 bonum,
1631 2941 1726 2994 hoc
1748 2957 1876 3010 ago;
1904 2941 1995 2993 sed
2015 2939 2150 3011 quod

553 3036 641 3088 'odi
669 3035 880 3099 malum,
904 3034 1036 3088 illud
1066 3033 1201 3103 facio
1225 3031 1388 3104 (Ibid.
1402 3048 1491 3097 vn,
1519 3031 1605 3096 l8,
1637 3029 1746 3101 l9).
1767 3030 1928 3097 Qua.~i
1958 3030 2103 3085 dicat
2133 3048 2145 3083 :

2229 1833 2421 1890 meros
2440 1844 2746 1891 nostrorum
2768 1853 3020 1893 sensuum
3043 1838 3262 1894 illicitos
3281 1847 3462 1893 motus
3477 1854 3803 1904 enervamus;

2248 1937 2302 1984 et
2328 1944 2466 1997 quos
2491 1929 2711 1984 omnino
2741 1930 3018 1986 eradicare
3046 1946 3153 1985 non
3182 1946 3485 2001 possumus,
3512 1932 3654 2000 quasi
3678 1932 3808 1986 debi-

2246 2021 2324 2076 les
2339 2021 2656 2090 ell’ugamus.
2684 2020 2765 2075 Ex
2789 2022 2982 2091 quibus
3004 2022 3112 2077 duo
3133 2023 3335 2091 pariter
3356 2022 3509 2076 nobis
3529 2023 3579 2075 in
3600 2037 3805 2092 pugnam

2247 2126 2356 2164 non
2387 2118 2708 2176 remanent;
2755 2112 2882 2180 quia
2925 2112 2979 2164 in
3010 2112 3372 2166 oblectatione
3398 2111 3620 2180 alicujus
3643 2127 3809 2166 sensus

2242 2201 2530 2269 corporei,
2587 2217 2694 2255 non
2742 2201 3119 2272 coniungimus
3171 2219 3388 2257 sensum
3439 2204 3648 2258 mentis.
3690 2204 3807 2258 Nam

2247 2310 2390 2363 saepe
2417 2294 2586 2349 oculis
2612 2295 2920 2364 aspicimus,
2966 2311 3124 2364 szepze
3151 2297 3398 2350 audimus
3426 2297 3660 2358 auribus,
3687 2311 3807 2365 stupe

2251 2393 2426 2452 tactu,
2471 2401 2614 2454 sepe
2643 2385 2845 2440 olfactu
2889 2387 3232 2456 percipimus,
3263 2403 3381 2456 qua:
3423 2387 3682 2440 carnalem
3708 2387 3806 2439 auio

2250 2493 2396 2531 mum
2425 2477 2642 2532 trahere
2672 2477 2737 2531 ad
2781 2477 3024 2531 illicitum
3055 2493 3294 2532 amorem
3328 2487 3577 2546 possmn,
3607 2477 3697 2532 sed
3723 2493 3807 2530 no-

2247 2579 2415 2622 stram
2446 2568 2680 2638 perfecte
2709 2582 2926 2621 carnem
2975 2567 3302 2621 maeerando
3348 2568 3580 2621 victores
3620 2581 3806 2630 sumus,

2248 2659 2376 2728 quia
2403 2659 2538 2714 duos
2567 2660 2768 2728 pariter
2793 2659 2860 2714 de
2893 2659 3050 2714 victis
3078 2659 3401 2714 adversariis
3433 2675 3540 2714 non
3573 2659 3804 2711 videmus.

2251 2748 2689 2820 Concupiseenda
2715 2749 2930 2819 quidem
2964 2759 3091 2804 tunc
3111 2751 3404 2817 cernimus,
3433 2750 3527 2803 sed
3555 2750 3806 2803 oculatum

2253 2841 2487 2895 motibus
2539 2843 2839 2912 appetitum
2887 2842 3080 2896 animae
3135 2842 3465 2910 conjungere
3518 2841 3804 2896 divitamus.

2252 2931 2406 3002 S:epe
2435 2933 2594 2987 etiam
2617 2933 2767 2987 cordi
2799 2933 3054 3002 cogitatio
3085 2933 3268 2988 illicita
3298 2933 3502 2997 obviat,
3535 2934 3624 2988 sed
3660 2935 3806 2988 victor

2254 3024 2553 3093 serpentis,
2602 3023 2878 3092 fugitivum
2909 3033 3112 3078 motum
3143 3040 3332 3088 suum,
3382 3039 3543 3093 quem
3589 3025 3806 3087 attendit,

561 3127 764 3181 Vellem
797 3142 917 3182 esse
947 3127 1000 3180 in
1044 3140 1225 3187 carne,
1260 3141 1366 3178 non
1398 3141 1462 3180 ea
1511 3121 1858 3194 perfectione,
1894 3137 1996 3190 qua
2030 3136 2145 3189 per-

2255 3114 2430 3168 solum
2470 3114 2692 3167 invi-nit.
2742 3113 2820 3166 Ad
2853 3128 2914 3168 ea
2945 3114 3122 3179 enim,
3156 3128 3277 3182 qua:
3325 3114 3491 3169 corde
3537 3113 3809 3169 accidantcr

567 3218 735 3270 fectus
764 3217 815 3269 in
848 3231 1010 3270 carne
1039 3215 1310 3283 perfectus
1339 3223 1442 3278 est,
1474 3216 1566 3269 sed
1589 3216 1720 3266 sicut
1757 3211 1950 3280 Angeli
1977 3213 2066 3266 Dei
2098 3214 2149 3267 in

555 3308 721 3362 'cmlo.
747 3307 853 3361 Sed
897 3308 998 3361 hoc
1021 3322 1180 3375 posse
1207 3323 1312 3360 non
1342 3308 1577 3370 invenio,
1602 3308 1724 3374 quia
1746 3308 1980 3376 quandiu
2007 3322 2151 3362 mors

557 3396 778 3466 'peccati
809 3396 1064 3465 absorpta
1096 3395 1149 3448 in
1197 3396 1372 3450 futura
1399 3398 1794 3451 resurrectione
1834 3413 1939 3451 non
1971 3398 2147 3459 fuerit,

565 3489 718 3554 illud,
739 3489 882 3557 quod
906 3490 959 3542 in
989 3504 1076 3543 me
1105 3497 1385 3558 peccatum
1414 3489 1695 3556 inhabitat,
1721 3496 1898 3544 m0th
1922 3506 2006 3544 me
2031 3506 2152 3544 con-

556 3587 653 3633 ‘tra
701 3594 808 3632 me.
849 3577 954 3634 Sed
1000 3579 1142 3647 quod
1187 3580 1453 3649 exstingui
1486 3590 1761 3650 peccatum
1803 3597 1909 3635 non
1954 3590 2150 3650 potest,

570 3667 791 3740 ell‘ngari
821 3681 1019 3742 potest.
1070 3671 1247 3726 Motus
1284 3673 1482 3742 quippe
1511 3675 1686 3729 carnis
1713 3675 1862 3741 quasi
1897 3675 1946 3728 in
1977 3675 2150 3742 fugant

556 3765 817 3829 'vertitur,
845 3767 973 3820 dum
1007 3766 1122 3836 ipsa
1154 3765 1292 3820 bene
1317 3763 1611 3834 jejunando
1642 3767 1950 3834 castigatur.
1977 3765 2152 3821 Tanto

565 3855 709 3908 enim
753 3855 926 3910 rarius
966 3871 1029 3910 ac
1057 3855 1326 3910 diflieilius
1357 3872 1414 3910 se
1453 3867 1638 3910 contra
1685 3857 1928 3926 spiritum
1975 3858 2148 3926 erigit,

554 3944 764 4009 'quanto
782 3943 880 3997 sibi
900 3958 1018 3996 eam
1045 3943 1332 4012 prtesidens
1357 3943 1574 4011 spiritus
1599 3961 1694 4011 per
1713 3955 1804 3997 cxt
1840 3943 2150 3998 ouationem

565 4031 766 4096 subdit,
809 4048 931 4085 cum
959 4032 1036 4086 sic
1059 4047 1176 4086 eam
1207 4033 1410 4097 domat,
1445 4041 1501 4086 ut
1529 4033 1677 4086 tarde
1719 4036 2011 4103 superbiat,
2043 4037 2151 4089 cito

567 4121 942 4186 conquiescat.

565 4214 568 4216 ’
646 4206 732 4260 14.
775 4207 881 4261 Sed
923 4209 1191 4264 subtiliter
1220 4217 1302 4264 est
1348 4210 1694 4280 intuendum,
1743 4215 1882 4283 quod
1914 4208 2148 4270 dieituri

572 4296 639 4352 Ut
663 4314 765 4352 non
795 4299 1206 4370 relinquerentur
1235 4302 1336 4356 duo
1364 4305 1577 4372 pariter.
1601 4305 1711 4358 Duo
1735 4307 1946 4375 quidem
1978 4324 2153 4362 rema-

563 4389 721 4453 nent,
754 4388 844 4442 sed
877 4390 1076 4458 pariter
1105 4407 1212 4445 non
1243 4402 1545 4447 remanent.
1597 4395 1710 4448 Duo
1758 4397 1972 4464 quidem
2007 4409 2151 4464 sun’,

2255 3205 2477 3273 cogitat,
2509 3204 2745 3274 aliquem
2785 3208 2852 3259 de
2875 3205 3124 3260 sensLbus
3149 3221 3331 3275 co:po:
3350 3206 3394 3260 is
3421 3221 3518 3275 per
3545 3215 3736 3259 motum
3757 3205 3808 3258 il-

2255 3293 2455 3348 licitum
2508 3309 2844 3364 nequaquam
2875 3295 3034 3349 levat.
3071 3294 3227 3350 Tales
3266 3296 3469 3365 quippe
3498 3305 3652 3360 sum,
3696 3310 3808 3365 quos

2255 3386 2514 3455 propheta
2539 3387 2781 3450 miratur,
2800 3385 2983 3441 dicens
3020 3405 3033 3439 :
3074 3385 3172 3450 Qui
3197 3397 3318 3440 sunt
3355 3388 3464 3450 isti,
3500 3389 3583 3457 qui
3605 3387 3810 3439 ntnulm

2255 3477 2446 3542 uolunt,
2463 3487 2510 3530 et
2531 3479 2677 3547 quasi
2708 3477 2955 3532 columbae
2978 3478 3048 3529 ad
3070 3479 3323 3548 fenestras
3343 3494 3466 3532 suas
3489 3476 3620 3546 (Isa.
3646 3495 3728 3556 ιιι,
3746 3476 3808 3545 8).

2256 3567 2416 3633 Quasi
2446 3567 2586 3622 enim
2610 3568 2875 3620 columbae
2899 3567 2964 3620 ad
2987 3568 3254 3623 lenestras
3282 3583 3409 3622 suas
3433 3577 3576 3631 sunt,
3603 3569 3690 3636 qui
3713 3583 3812 3621 CD!)-

2256 3658 2581 3728 enpiscenda
2605 3659 2894 3728 recipiunt,
2921 3658 3013 3713 sed
3035 3659 3433 3728 simp‘icitatem
3462 3660 3642 3712 mundi
3663 3657 3810 3712 cordis

2256 3748 2688 3818 cunwpiseendo
2717 3764 2822 3802 non
2864 3749 3128 3818 perdunt;
3159 3749 3284 3817 quia
3316 3748 3504 3803 vident
3529 3765 3645 3816 qua:
3673 3762 3808 3815 appe-

2259 3846 2373 3891 tant
2393 3880 2407 3905 ,
2437 3839 2530 3892 sed
2562 3838 2687 3892 illici
2714 3854 2744 3892 e
2776 3847 3035 3908 appetere
3064 3840 3205 3909 quod
3234 3848 3490 3903 cernunt,
3541 3841 3721 3891 vitant.
3749 3834 3810 3889 Ad

2258 3929 2396 3984 hanc
2425 3927 2665 3998 profecto
2692 3929 2994 3996 victoriam,
3033 3931 3156 3997 qlia
3190 3929 3601 3998 przedicatorum
3628 3939 3811 3982 nostro.

2257 4035 2374 4072 rum
2406 4019 2782 4074 exhortatione
2810 4021 3140 4090 prolicimns,
3172 4019 3310 4074 bene
3342 4035 3438 4088 per
3467 4019 3592 4072 Saul
3615 4020 3809 4072 Annno-

2260 4111 2488 4164 nitarum
2518 4112 2748 4180 populus
2787 4112 3029 4166 devictus
3059 4120 3115 4167 et
3141 4128 3310 4166 cars-us
3339 4129 3459 4167 esse
3490 4123 3810 4167 memoratur.

2258 4201 2496 4268 Quorum
2538 4203 2784 4271 profecto
2828 4203 2966 4258 bella
2998 4220 3104 4259 non
3137 4204 3458 4265 uniformia,
3506 4203 3598 4258 sed
3625 4205 3810 4257 diversa

2253 4303 2401 4348 sunt.
2451 4294 2580 4348 Nam
2612 4297 2896 4364 aliquando
2943 4297 3181 4353 occultos
3211 4297 3549 4354 adversarios
3594 4305 3814 4368 potenter

2259 4390 2585 4458 opprimunt,
2616 4388 2903 4458 aliquando
2931 4389 3092 4443 lalsos
3133 4390 3325 4444 lratres
3345 4391 3618 4459 sapienter
3640 4390 3810 4444 ferunt.

563 4476 824 4543 cogitatio
872 4478 1166 4548 immunda,
1197 4491 1268 4535 et=
1298 4483 1554 4539 naturalis
1601 4495 1778 4541 motus
1825 4489 2022 4542 carnis.
2072 4491 2150 4544 Ad
2176 4477 2231 4538 D
2259 4480 2383 4536 Illos
2413 4483 2554 4535 intus
2599 4496 2790 4549 magna
2822 4483 3022 4537 Vil'lule
3063 4482 3315 4546 ἀοηιὲιιῑ,
3366 4483 3499 4538 i-IOS
3550 4482 3674 4537 ΐοΐίε
3702 4481 3812 4534 "lira

566 4575 876 4622 sanctorum
919 4569 1135 4637 quidem
1184 4570 1491 4628 conﬂictum
1541 4575 1829 4644 aliquando
1878 4579 2150 4636 immunda

565 4661 823 4729 cogitatio
855 4664 1138 4732 prmvenit,
1192 4665 1479 4736 aliquando
1509 4668 1873 4738 insurgentem
1902 4673 2002 4726 sibi
2032 4690 2154 4728 sea-

566 4750 706 4804 tiunt
736 4750 909 4818 legem
938 4755 1114 4808 carnis
1144 4763 1330 4810 contra
1365 4757 1534 4826 legem
1574 4763 1796 4830 mentis;
1829 4765 1920 4819 sed
1950 4767 2038 4834 qui
2069 4767 2152 4820 vi-

563 4846 745 4893 ctores
762 4839 873 4908 jam
904 4852 1048 4909 sunt,
1083 4843 1266 4900 hostes
1294 4846 1345 4901 in
1381 4848 1557 4916 fugam
1589 4867 1773 4907 versos
1801 4870 1908 4908 non
1936 4856 2146 4921 timent,

566 4932 611 4985 si
655 4932 847 4987 iterum
880 4936 945 4989 ad
977 4951 1208 5006 pugnam
1238 4941 1492 5007 redeunt;
1525 4945 1647 5011 quia
1678 4960 1800 4999 cum
1832 4947 1908 4998 eis
1950 4947 2151 5015 pariter

569 5036 807 5090 pugnare
834 5041 938 5079 non
969 5038 1212 5096 possunt.
1264 5030 1395 5086 Nam
1422 5049 1544 5088 cum
1584 5050 1745 5103 prava
1773 5038 2024 5104 cogitatio
2052 5040 2150 5094 ob-

568 5111 699 5175 viat,
729 5111 876 5182 prius
905 5129 1021 5169 eam
1050 5119 1329 5190 abjiciunt,
1371 5138 1531 5192 quam
1563 5124 1630 5178 de
1661 5126 1777 5195 ejus
1813 5129 2152 5196 suggestione

564 5215 693 5256 caro
733 5213 1031 5260 moveatur.
1074 5206 1137 5262 Et
1165 5226 1285 5264 cum
1315 5214 1490 5267 carnis
1519 5213 1605 5268 lex
1643 5216 1879 5271 membra
1911 5235 2152 5275 commo-

569 5299 680 5353 vet,
710 5291 794 5347 lex
825 5295 1018 5350 mentis
1048 5306 1257 5370 turpem
1281 5310 1506 5367 motum,
1539 5306 1710 5375 turpia
1741 5307 2026 5376 cogitando
2051 5327 2149 5366 ne-

570 5395 835 5450 quaquam
867 5384 1048 5454 fovet;
1077 5398 1132 5443 et
1160 5390 1287 5444 dum
1310 5392 1539 5447 alterum
1573 5395 1773 5465 abjicit,
1806 5400 2025 5456 alterius
2055 5420 2153 5473 pu-

571 5484 728 5538 gnam
774 5491 1110 5546 nequaquam
1157 5483 1340 5536 sentit.
1387 5483 1530 5540 Bene
1573 5502 1702 5555 ergo
1742 5489 1810 5544 de
1856 5492 2150 5550 electorum

572 5564 805 5628 perlecta
835 5568 1059 5623 victoria
1090 5569 1306 5637 dicitur,
1351 5574 1473 5642 quia
1502 5593 1514 5628 :
1549 5575 1784 5648 Dispersi
1811 5594 1930 5637 sunt
1959 5586 2068 5654 alii,
2095 5599 2150 5642 ut

642 5706 667 5731 ⁸
698 5699 884 5765 Aliter,
910 5703 1081 5772 aliqua
1112 5689 1336 5758 libidinis
1361 5708 1618 5773 turpitudo
1646 5727 1744 5765 non
1776 5713 1856 5767 sit.

2262 4573 2520 4643 patientia
2552 4573 2651 4628 tolc
2665 4581 2806 4627 rant.
2831 4573 2978 4628 lntus
3009 4590 3104 4644 per
3126 4576 3384 4630 immensa
3415 4576 3702 4630 certamina
3727 4588 3814 4627 ma-

2261 4680 2491 4733 gnorum
2535 4665 2926 4734 triumphorum
2953 4666 3059 4734 glo:
3075 4666 3123 4719 ia
3156 4668 3390 4734 insignes
3413 4677 3558 4732 sunt,
3589 4671 3678 4722 sed
3707 4665 3814 4719 feris

2260 4755 2768 4824 incomparabilibus
2818 4764 2982 4811 tante
3028 4759 3456 4813 mansuetudinis
3517 4774 3627 4814 sua
3673 4757 3815 4812 titu'is

2259 4846 2607 4903 adornantur.
2638 4846 2738 4914 Qui
2766 4861 2897 4915 ergo
2941 4848 3168 4904 internae
3198 4851 3441 4905 victoriae
3477 4852 3812 4905 narrationem

2256 4938 2629 5003 cognovimus,
2661 4937 2895 5006 qualiter
2921 4938 3082 4994 etiam
3113 4939 3242 4994 foris
3271 4941 3508 5004 vincant,
3541 4941 3810 4996 audiamus.

2254 5026 2387 5084 Nam
2415 5031 2657 5098 sequitur
2680 5050 2693 5086 :

2327 5127 2396 5182 Et
2424 5131 2498 5182 ait
2537 5133 2754 5201 populus
2793 5133 2864 5186 ad
2890 5133 3186 5187 Samuelem
3209 5150 3227 5187 :
3259 5133 3390 5198 Quis
3417 5145 3519 5201 est,
3548 5138 3631 5207 qui
3660 5133 3772 5187 dixit
3798 5146 3812 5181 :

2259 5221 2392 5275 Saul
2429 5239 2552 5276 num
2579 5225 2812 5295 regnabit
2840 5242 2992 5296 super
3019 5229 3153 5280 nos?
3191 5226 3329 5280 Date
3368 5229 3526 5291 viros,
3557 5237 3604 5280 et
3644 5224 3814 5292 interﬁ-

2254 5313 2446 5367 ciemus
2474 5332 2580 5369 eos.
2613 5315 2682 5368 Et
2710 5319 2785 5371 ait
2824 5317 2956 5372 Sanl
2978 5335 2996 5371 :
3025 5317 3150 5372 Non
3200 5322 3464 5374 occidetur
3489 5322 3742 5393 quisquam
3768 5320 3810 5369 in

2255 5403 2338 5457 die
2366 5404 2481 5470 hac,
2510 5408 2630 5476 quia
2655 5408 2776 5477 fecit
2808 5407 3057 5463 Dominus
3079 5411 3294 5464 salutent
3325 5413 3378 5464 in
3410 5411 3602 5466 Israel.

2326 5495 2413 5549 l5.
2443 5497 2522 5551 Ad
2551 5497 2858 5554 Samuelem
2889 5501 3087 5570 quippe
3117 5501 3376 5556 Dominus
3401 5505 3649 5572 superius
3681 5499 3809 5553 dixe-

2253 5597 2338 5644 rat
2371 5607 2382 5642 :
2410 5588 2532 5643 Non
2566 5599 2614 5644 te
2642 5589 2959 5658 abiecerunt,
2986 5594 3077 5646 sed
3103 5610 3200 5659 me,
3233 5610 3296 5647 ne
3337 5610 3548 5665 regnem
3577 5608 3719 5663 super
3741 5599 3811 5641 eo!
