3962 6292
132 320 220 374 2-25
923 318 986 373 IN
1026 313 1287 372 PRIMUM
1324 310 1565 368 necun
1608 308 2130 369 exposurioses.
2173 345 2240 355 -
2281 316 2406 370 LlB.
2456 316 2514 369 v.

3269 309 3373 368 523

131 432 175 505 (1
190 431 300 500 Reg.
318 443 429 492 vui,
455 427 535 495 7).
562 427 636 481 Dc
649 426 969 483 Saulautcm
997 428 1161 496 paulo
1188 435 1312 480 ante
1336 424 1533 480 dictum
1561 431 1641 477 est
1667 440 1678 473 :
1715 423 1762 481 Α
1790 431 1963 492 gatur,
1993 433 2169 478 utrum
2194 425 2260 479 sit
2287 426 2499 491 merito,
2524 425 2665 495 quod
2694 436 2770 481 est
2803 425 3010 490 ordine,
3038 440 3144 479 non
3173 437 3378 493 cogno-

135 523 244 587 Quia
280 519 623 586 despexerunt
660 534 794 580 eum,
825 527 876 570 et
921 535 1025 572 non
1073 518 1357 570 attulerunt
1394 517 1440 568 ei
1471 530 1684 567 munera

134 611 290 675 (Ibid,
318 624 368 669 x,
392 605 510 672 27).
536 606 643 661 Sed
667 608 757 660 ille
783 607 1045 675 abiectus,
1070 607 1170 662 iste
1197 607 1502 677 despectus,
1535 605 1686 660 ccsis

133 705 217 773 iam
249 698 482 753 hostibus
510 708 800 752 consecuta
826 698 1074 764 victoria,
1105 697 1487 753 vociferantem
1518 712 1687 764 po;:u-

131 794 220 848 lum
246 787 437 842 audivit
477 803 491 839 :
539 786 676 841 Date
705 787 852 841 nobis
891 789 1044 852 viros,
1093 797 1142 840 et
1181 788 1548 857 intrrﬁciemus
1577 801 1682 838 eos.

132 887 292 942 Posset
327 882 543 953 quidem
576 891 826 952 uterque,
875 898 982 935 non
1015 878 1527 944 iuterﬁciendo,.scd
1551 893 1686 931 con-

131 974 400 1040 sentiendo,
444 973 512 1026 de
543 973 774 1027 inimicis
803 972 1085 1037 vindicari,
1128 970 1222 1026 sed
1252 970 1412 1024 etiam
1443 968 1566 1037 quia
1595 967 1689 1021 ab-

134 1071 275 1137 iectus
312 1064 484 1119 fuerat
510 1065 778 1135 propheta
828 1065 1086 1133 loquitur,
1114 1080 1206 1119 rex
1237 1064 1431 1133 despec
1458 1078 1519 1117 us
1548 1060 1691 1115 favet

133 1158 337 1213 dicenti:
369 1156 490 1211 Non
521 1159 782 1210 occidetur
822 1158 1123 1226 quisquam,
1178 1155 1304 1225 quia
1350 1153 1521 1208 sancti
1565 1168 1693 1222 pric-

131 1251 370 1304 dicatorcs
425 1247 596 1301 nostri
650 1245 840 1314 majori
890 1245 1115 1300 victoria
1166 1251 1526 1308 coronantur,
1567 1258 1688 1296 cum

135 1340 386 1393 ‘adversa
441 1339 812 1408 proximorum
859 1336 1127 1400 tolcmut,
1181 1350 1342 1403 quam
1395 1349 1516 1387 cum
1566 1331 1692 1387 foris

134 1431 293 1485 hosms
323 1437 652 1496 expugnant.
693 1425 843 1481 Unde
881 1433 936 1480 et
980 1441 1108 1479 vera
1151 1423 1414 1492 sapientia
1459 1424 1509 1477 in
1540 1423 1694 1478 Salo-

135 1536 269 1575 mone
309 1519 574 1588 loquitur,
629 1519 790 1588 269
819 1517 1001 1572 dicens
1039 1534 1053 1568 :
1089 1514 1279 1569 Melior
1307 1523 1383 1568 cst
1412 1512 1436 1548 δ
1465 1514 1688 1580 patiens,

133 1619 222 1670 riro
249 1614 364 1683 {orti
387 1611 568 1681 (Prov,
602 1627 689 1665 xvr
710 1651 725 1678 ,
750 1609 866 1678 5‘3).
895 1609 1001 1664 Sed
1031 1609 1352 1672 notandum,
1385 1607 1528 1678 quod
1562 1607 1695 1661 dici-

138 1718 240 1762 tur:
269 1705 327 1760 In
352 1706 438 1759 die
458 1706 577 1760 hac.
610 1705 667 1760 ln
694 1705 782 1778 die
802 1704 1017 1773 quidem
1047 1705 1286 1759 victoriae
1307 1719 1419 1761 sua
1446 1721 1526 1758 oc.
1549 1705 1563 1758 i
1588 1704 1698 1758 lere

1789 516 1973 580 scitur,
2008 517 2108 569 nisi
2136 532 2258 570 cum
2288 532 2510 585 operum
2559 517 2875 571 fortitudine
2917 515 3243 570 declaratur.
3293 514 3382 567 Di-

1791 615 1944 660 catur
1970 621 2100 673 ergo
2143 622 2251 660 non
2295 608 2363 661 de
2392 609 2498 661 alio
2518 649 2533 672 ,
2561 608 2654 662 sed
2683 608 2750 662 de
2795 623 2860 661 eo
2891 607 2997 660 alio
3037 605 3232 679 [Forte
3275 605 3380 659 alio

1789 695 2122 768 superﬂuit],
2169 697 2257 765 qui
2311 711 2504 764 magna
2553 697 2777 752 Victorii
2831 697 3024 750 claruit
3071 714 3084 749 :
3138 695 3381 749 Perrexit

1790 790 1957 842 omnis
1989 788 2202 858 yopulus
2234 789 2284 841 in
2321 786 2562 860 Gulgala,
2596 799 2644 842 et
2677 792 2908 860 fecerunt
2938 787 3010 842 ibi
3038 806 3206 859 rigem
3251 787 3384 842 Saut

1791 899 1966 938 coram
2015 881 2274 944 Domino,
2331 890 2388 935 ut
2435 881 2665 951 dignitas
2721 882 2914 936 summi
2961 881 3228 951 pontiicis
3279 897 3383 934 non

1792 981 2006 1027 constet
2032 973 2083 1026 in
2114 973 2408 1027 ambitione
2433 973 2703 1041 culminis,
2729 973 2822 1028 sed
2847 973 2897 1028 in
2924 988 3131 1027 summa
3149 973 3380 1026 virtutis.

1792 1064 1861 1117 Et.
1881 1065 1932 1118 in
1955 1065 2170 1133 Galgala
2194 1065 2409 1132 quidem
2435 1065 2557 1129 itur,
2585 1072 2642 1118 ut
2667 1065 2760 1134 jud
2786 1075 2909 1119 care
2937 1064 3004 1119 de
3026 1079 3237 1117 summo
3268 1063 3386 1116 loco

1793 1171 1902 1210 non
1952 1155 2173 1218 audeat,
2204 1155 2292 1210 cui
2346 1153 2641 1224 Scriptura:
2690 1170 2856 1209 sacra:
2905 1153 3218 1207 abscomlita
3265 1159 3389 1204 sunt

1791 1256 2084 1318 prteccpta.
2119 1245 2186 1300 Et
2215 1263 2399 1302 coram
2451 1247 2680 1302 Domino
2710 1263 2803 1301 rex
2838 1247 3185 1300 constituitur
3219 1263 3232 1297 :
3264 1247 3388 1311 quia

1797 1349 1923 1394 tunc
1965 1339 2156 1393 doctor
2196 1338 2558 1407 subjectorum
2597 1354 2817 1393 suorum
2847 1336 3136 1392 devotione
3167 1335 3384 1398 colitur,

1796 1446 1917 1484 curn
1951 1430 2047 1500 ipsi
2078 1439 2352 1499 acceptam
2395 1429 2508 1498 ejus
2537 1429 2703 1482 vitam
2752 1427 3108 1497 omnipotenti
3159 1425 3386 1478 Domino

1797 1530 2210 1590 rreugnoscunt.
2264 1523 2339 1576 De
2391 1523 2505 1592 ipsa
2549 1531 2728 1576 autem
2774 1519 3085 1589 cognitione
3129 1517 3283 1580 vilic,
3337 1523 3392 1569 et

1798 1616 2055 1669 doctrinae
2087 1615 2316 1684 pastoris
2355 1615 2475 1669 soi:
2501 1630 2626 1684 quia
2670 1627 2813 1682 saepe
2855 1628 2962 1665 non
2993 1611 3120 1675 sibi,
3151 1610 3243 1664 sed
3277 1624 3392 1663 me-

1801 1705 2024 1761 lioribus
2068 1705 2326 1769 creditur,
2378 1705 2518 1760 bene
2567 1705 2762 1760 dicitur
2803 1705 3032 1774 populus
3081 1705 3132 1756 in
3171 1701 3390 1770 Galgala

135 1799 330 1868 appetit,
361 1798 454 1867 qui
485 1813 601 1863 eos,
630 1813 766 1866 quos
794 1797 1039 1851 claritate
1066 1797 1323 1850 virtutum
1365 1795 1428 1850 ad
1460 1811 1698 1850 amorem
1735 1795 1775 1851 Β
1805 1811 1986 1866 regem
2015 1811 2198 1852 coram
2223 1796 2448 1851 Domino
2465 1796 2748 1851 constituis
2779 1811 2842 1849 e:
2874 1794 2966 1848 sed
2996 1795 3133 1848 idem
3159 1793 3391 1863 populus

137 1890 212 1944 Dci
240 1889 513 1959 pertrahit,
538 1889 604 1942 ad
629 1905 802 1943 nocen
825 1890 931 1942 'um
962 1888 1080 1942 aliis
1109 1887 1374 1942 accendit.
1407 1887 1503 1942 Vcl
1530 1889 1580 1942 in
1609 1889 1696 1943 die

134 1981 343 2035 victoric
374 1980 608 2044 «ccidit;
660 1980 784 2047 quia
826 1993 888 2032 ea
917 1978 1036 2033 luce
1065 1978 1344 2040 claritatis,
1377 1994 1480 2046 qua
1527 1979 1577 2031 in
1604 1993 1698 2030 ve-

135 2073 442 2127 neraliouem
490 2070 864 2141 pizedicatoris
910 2069 1212 2130 adducitur,
1262 2068 1328 2121 ad
1369 2069 1490 2121 odia
1521 2067 1695 2122 cidem

133 2160 316 2215 doctori
351 2159 754 2214 detrahentium
790 2157 1074 2213 excitatur.
1119 2154 1219 2220 Qui
1263 2157 1398 2210 enim
1429 2156 1538 2210 odit
1579 2158 1694 2227 [ra-

137 2263 241 2306 trem
266 2269 432 2316 suum,
464 2252 727 2306 homicida
756 2259 833 2304 est
856 2248 912 2316 (I
941 2248 1100 2303 Joan.
1127 2263 1200 2311 ιιι,
1235 2247 1344 2318 15).
1376 2247 1509 2314 Quia
1552 2247 1695 2302 enim

132 2346 189 2400 de
214 2344 446 2399 doctrina
474 2342 602 2396 boni
633 2342 866 2411 pastoris
890 2341 966 2394 sic
991 2338 1077 2408 ad]
1103 2339 1278 2392 .vandi
1309 2347 1435 2393 sunt
1463 2338 1608 2403 boni,
1639 2345 1699 2392 ut

134 2438 408 2492 tolerentur
451 2435 621 2499 mali;
666 2447 858 2496 causa,
897 2448 1001 2501 qua
1052 2447 1211 2486 nemo
1239 2430 1562 2486 occifendus
1606 2431 1698 2497 sit,

135 2529 250 2581 bene.
272 2525 640 2594 subjungitur:
675 2522 832 2588 Quia,
864 2524 1062 2593 inquit,
1093 2523 1243 2577 hodie
1287 2525 1409 2594 fecit
1442 2521 1698 2577 Dominus

132 2616 319 2668 salutent
347 2618 406 2670 in
438 2615 631 2670 Israel.
663 2615 915 2683 Sequitur
941 2633 953 2668 :

195 2711 324 2763 Dixit
349 2719 526 2763 autem
547 2709 762 2763 Samuel
791 2708 858 2761 ad
884 2725 962 2778 po.
985 2709 1169 2761 ulum:
1208 2706 1409 2776 Venite,
1437 2721 1612 2762 eamus
1641 2708 1698 2761 in

136 2800 344 2871 Galgala,
375 2810 428 2854 et
465 2803 765 2855 innoremus
807 2799 875 2853 ibi
916 2815 1144 2869 regnum.
1183 2797 1248 2850 Et
1279 2800 1504 2868 perrexit
1533 2800 1700 2852 omnis

134 2890 321 2959 populus
345 2891 404 2942 in
433 2887 660 2959 Galgula
681 2930 698 2957 ,
735 2896 784 2943 et
812 2890 978 2960 fecere
1013 2887 1086 2940 ibi
1133 2903 1303 2957 regem
1344 2886 1477 2941 Saul
1524 2903 1700 2942 coram

134 2979 348 3036 Domino.

194 3069 268 3122 l6.
311 3069 366 3124 Si
403 3082 538 3136 ergo
566 3068 748 3124 omnia
768 3083 834 3124 eo
860 3068 1040 3133 modo,
1069 3083 1175 3138 quo
1195 3068 1441 3138 supeius
1470 3067 1522 3122 iu
1553 3067 1701 3122 ordi-

1801 1890 1854 1944 in
1895 1889 2144 1957 Galgala,
2176 1898 2430 1944 monente
2478 1889 2729 1944 Samuele
2785 1889 3104 1958 peri-exisse.
3162 1885 3389 1953 Eamus,

1800 1982 1996 2052 inquit,
2028 1983 2081 2035 in
2107 1980 2350 2054 Calgala,
2381 1991 2428 2035 et
2457 1983 2754 2035 innovemus
2785 1979 2855 2034 ibi
2882 1989 3117 2050 regnum.
3153 1978 3394 2046 Regnum

1800 2073 1998 2142 quippe
2045 2072 2520 2142 innovaturzquia
2570 2070 2696 2126 dum
2737 2069 2942 2124 electus
2982 2068 3301 2138 [medicatur
3341 2067 3393 2119 in

1800 2179 1992 2231 magna
2022 2166 2220 2219 virtute
2254 2165 2597 2234 conspicitur,
2633 2164 2680 2218 ei
2727 2179 2862 2217 nova
2895 2171 2945 2217 et
2985 2159 3189 2216 recenti
3232 2159 3396 2214 devo-

1799 2253 1949 2308 tione
1998 2255 2300 2308 auditorum
2357 2254 2519 2308 corda
2571 2253 2979 2308 submittuntur.
3039 2247 3190 2305 Unde
3243 2248 3397 2320 qua~i

1794 2350 2017 2398 ostensa
2043 2344 2184 2412 regis
2207 2345 2430 2399 victoria
2463 2358 2687 2411 regnum
2719 2344 3023 2406 innovatur,
3055 2341 3270 2411 quando
3301 2355 3396 2395 co-

1801 2433 1950 2503 gnita
1980 2448 2173 2502 magna
2201 2437 2361 2505 270
2387 2444 2798 2490 conversatione
2828 2434 3097 2501 doctoris,
3129 2434 3241 2502 ipsa
3272 2432 3399 2486 sub-

1790 2523 2038 2580 ditorum
2058 2526 2223 2579 corda
2245 2525 2588 2595 splendorem
2609 2539 2759 2580 novae
2777 2525 3080 2580 devotionis
3103 2524 3395 2593 accipiunt,

1801 2624 1857 2670 et
1882 2631 1980 2687 per
2009 2615 2125 2686 ejus
2153 2617 2460 2688 exemplum
2491 2618 2557 2672 ad
2590 2618 2927 2688 propositum
2958 2632 3164 2686 magna:
3186 2617 3400 2670 virtutis

1801 2707 2126 2763 excitantur.
2160 2706 2266 2762 Sed
2307 2707 2326 2778 j
2366 2724 2417 2762 m
2445 2708 2537 2779 qui
2583 2709 2635 2763 in
2678 2724 2786 2763 uno
2829 2708 3165 2762 internorum
3213 2705 3399 2776 ιιι-ιυέἱό

1803 2799 2103 2869 triumphos
2145 2800 2484 2870 aspeximus,
2516 2800 2568 2861 in
2613 2799 2784 2854 altero
2807 2797 2919 2868 jam
2966 2797 3115 2869 pacis
3154 2806 3397 2865 tempora

1803 2889 2033 2945 mirabili
2061 2891 2316 2961 mquitate
2343 2882 2568 2945 decurSa
2601 2890 2899 2944 videamus.

2431 2980 2660 3037 CAPUT
2699 2981 2762 3038 ΙΙ.

1881 3073 1932 3145 (1
1961 3073 2092 3143 Reg.
2124 3090 2215 3138 xit,
2249 3074 2385 3144 1-5.)
2417 3073 2564 3127 Dixit
2587 3081 2758 3127 autent
2784 3071 2999 3127 Samuel
3024 3072 3092 3126 ad
3112 3072 3401 3126 universum

131 3158 286 3213 nando
305 3172 509 3228 regem,
537 3157 689 3220 liunt,
713 3158 778 3212 ad
805 3166 1004 3213 sancta:
1031 3157 1279 3214 Ecclesia:
1307 3173 1511 3213 rnorem
1537 3158 1698 3213 dedu-

1812 3166 2022 3221 Israel:
2053 3165 2191 3220 Ecce
2219 3166 2390 3220 audivi
2419 3182 2590 3220 vocem
2636 3175 2855 3219 vestram
2877 3166 3031 3236 juxta
3065 3166 3260 3232 omnia,
3289 3179 3402 3235 qua:

133 3249 281 3302 cimus
303 3289 319 3315 ,
358 3263 556 3318 magna
599 3248 896 3304 subtilitate
939 3250 1055 3318 ejus
1082 3258 1324 3304 rectores
1361 3249 1700 3304 ordinantur.

127 3337 265 3393 Prius
287 3341 484 3409 quippe
521 3341 800 3410 prepbeta:
841 3355 936 3395 rex
986 3340 1263 3408 eligendus
1303 3351 1553 3396 ostensus
1589 3349 1700 3404 est,

131 3431 304 3487 deinde
325 3433 585 3503 quaesitus
606 3433 757 3501 quasi
789 3433 1091 3501 incognitus
1115 3450 1128 3486 :
1155 3441 1344 3502 postea
1369 3433 1532 3487 etiam
1555 3440 1705 3487 sorte

131 3523 388 3588 inventus,
413 3523 562 3578 domi
593 3524 966 3587 absconditus,
1015 3523 1283 3578 revelatus
1321 3539 1351 3577 a
1392 3523 1642 3589 Domino,
1671 3539 1704 3578 a

126 3615 312 3684 .popufo
339 3614 604 3680 sublatus,
633 3623 686 3668 et
715 3613 768 3667 in
798 3613 998 3683 regiam
1020 3615 1336 3682 dignitatem
1356 3615 1425 3670 ab
1453 3616 1703 3671 omnibus

130 3713 358 3773 receptus
385 3713 484 3760 est.
526 3705 664 3770 Quid
703 3714 785 3761 est
825 3719 983 3773 ergo,
1014 3705 1158 3774 quod
1190 3705 1363 3761 adhuc
1392 3707 1444 3759 in
1482 3705 1703 3774 Galgala

133 3793 382 3862 tenditur,
435 3803 493 3848 ut
540 3796 649 3850 ilic
702 3809 925 3863 regnum
980 3796 1311 3851 innovetur?
1357 3798 1461 3851 Sed
1511 3813 1702 3868 magna

132 3882 435 3939 discretione
464 3901 560 3940 rex
591 3887 852 3956 qumritur
891 3895 946 3941 et
975 3887 1265 3953 invenitur,
1290 3888 1415 3957 quia
1445 3889 1704 3944 altissima

130 3984 236 4028 sunt
261 3976 624 4032 Ecclesiarum
651 3979 886 4046 negotia,
915 3995 1032 4048 qua:
1061 3980 1103 4033 si
1151 3980 1345 4033 inlitmi
1368 3988 1423 4034 et
1446 3981 1705 4050 imperiti-

130 4071 444 4140 suseipiunt,
491 4073 608 4141 ipsa
664 4088 842 4127 rerum
893 4075 1258 4142 magnitudine
1309 4075 1702 4144 deprimuntur.

129 4168 323 4218 Attente
350 4181 484 4234 ergo
527 4175 581 4220 et
621 4167 966 4243 subtilissima
1007 4169 1417 4235 investigatione
1445 4168 1708 4238 perquiri-

133 4266 223 4319 tur,
249 4255 335 4322 qui
359 4264 516 4310 tanto
545 4255 763 4311 culmini
793 4258 1128 4326 praﬂ'eratur.
1155 4258 1253 4324 Qui
1284 4258 1524 4327 profecto
1551 4259 1709 4315 valde

123 4347 480 4412 pnndicandus
502 4357 606 4414 est,
628 4364 736 4402 non
759 4365 879 4403 cum
905 4351 1257 4418 quierentium
1276 4349 1479 4419 judicio
1508 4353 1710 4406 consti-

131 4436 296 4500 tuitur,
326 4439 424 4494 sed
472 4440 692 4508 quando
731 4441 784 4495 in
830 4441 944 4511 ipsa
991 4441 1342 4510 dispositione
1379 4445 1572 4498 summi
1605 4445 1708 4501 mi-

1809 3257 1964 3311 locuti
2003 3257 2126 3311 estis
2172 3257 2240 3309 ad
2277 3273 2388 3322 me,
2431 3265 2480 3310 et
2518 3256 2754 3309 constitui
2794 3272 2947 3324 super
2984 3271 3070 3308 eos
3119 3270 3326 3324 regem:
3355 3262 3402 3306 et

1808 3364 1944 3402 nunc
1983 3364 2079 3402 rex
2104 3347 2376 3417 gradiatur
2397 3355 2517 3400 ante
2543 3363 2647 3400 vos.
2691 3345 2804 3416 Ego
2834 3356 3000 3399 autem
3044 3347 3208 3410 senui,
3234 3355 3282 3398 et
3321 3346 3402 3397 in-

1810 3441 1984 3495 canui.
2015 3439 2183 3494 Porro
2212 3440 2311 3510 ﬁlii
2337 3441 2437 3493 mei
2459 3438 2713 3493 vobiscum
2743 3447 2882 3491 sunt.
2925 3436 3102 3509 Itaque
3132 3455 3190 3491 co
3212 3452 3402 3491 .rersa-

1810 3539 1890 3584 tus
1918 3547 2094 3584 coram
2142 3527 2281 3584 vobis
2322 3528 2384 3581 ab
2413 3528 2763 3582 adolescentia
2809 3544 2923 3580 mea
2972 3543 3129 3597 usque
3174 3525 3243 3577 ad
3271 3525 3402 3577 diem

1810 3622 1974 3687 hanc,
2002 3638 2116 3675 ecce
2147 3630 2335 3691 praesto
2366 3636 2496 3673 sum.
2537 3618 2822 3689 Loqui-riui
2859 3618 2922 3669 de
2960 3634 3040 3670 me
3075 3633 3248 3670 eorum
3297 3614 3404 3667 Do-

1808 3720 1947 3771 mino
1976 3726 2024 3770 et
2062 3732 2235 3769 coram
2265 3713 2388 3767 Chri
2417 3722 2467 3767 to
2508 3714 2650 3783 ejus,
2690 3721 2858 3764 utrum
2898 3709 3071 3764 bovem
3100 3709 3403 3778 cujusquam

1809 3811 2042 3872 tulerim,
2091 3817 2178 3860 aut
2219 3809 2442 3860 asinum.
2479 3804 2538 3860 Si
2567 3805 2851 3875 quempiam
2883 3802 3227 3854 calumniatus
3256 3814 3400 3864 sum,

1808 3901 1852 3953 si
1873 3898 2103 3968 Oppressi
2136 3897 2388 3965 aliquem,
2416 3896 2460 3947 si
2490 3894 2551 3946 de
2582 3909 2735 3946 manu
2767 3892 3067 3962 cujusquam
3098 3905 3280 3942 munus
3308 3904 3401 3941 ac-

1809 3993 1937 4061 cepi,
1971 4000 2292 4044 contemnam
2324 3987 2454 4041 illud
2479 3985 2647 4050 hodie,
2681 3985 3047 4051 restituamque
3068 3981 3228 4036 vobis.

1881 4082 1932 4136 l.
1974 4081 2107 4135 Cum
2157 4078 2372 4148 reprobi
2417 4085 2662 4147 pastores
2696 4080 2959 4142 prtesunt,
3002 4069 3298 4141 principale
3324 4069 3404 4124 eis

1809 4173 2144 4245 propositum
2196 4181 2279 4223 est
2332 4172 2383 4223 in
2432 4168 2618 4237 rapina
2668 4165 3028 4220 subditorum.
3077 4161 3212 4228 Quia
3259 4161 3402 4215 enim

1809 4275 2133 4321 mternorum
2164 4262 2430 4316 bonorum
2458 4257 2840 4313 abundantiam
2870 4255 3110 4326 aSpiccre
3137 4269 3202 4309 ne
3233 4255 3401 4318 ciunt,

1810 4371 1917 4425 quo
1966 4351 2249 4424 pimserttia
2298 4349 2571 4404 ardentius
2601 4346 3022 4415 Concupiscunt,
3080 4359 3147 4397 eo
3199 4341 3339 4395 avidi
3379 4357 3405 4396 s

1811 4446 1992 4501 oblata
2022 4443 2305 4512 recipiunt,
2338 4457 2445 4494 non
2478 4439 2658 4494 oblata
2693 4435 2957 4491 violenter
2995 4434 3210 4488 tol'unt.
3243 4431 3404 4484 luno-

130 4530 311 4586 nisterii
365 4545 624 4590 strenuus
675 4534 963 4590 invenitur.
998 4535 1144 4590 Bene
1190 4549 1320 4604 ergo
1353 4536 1464 4606 jam
1511 4539 1700 4592 trium-
1731 4546 1782 4604 ι)
1807 4537 2052 4593 centibus
2083 4533 2420 4593 insidiantur,
2455 4529 2659 4584 debiles
2697 4527 3028 4596 opprimunt,
3061 4537 3281 4576 nmuera
3309 4535 3403 4574 ac-

129 4621 306 4687 phante
318 4624 625 4678 constituto
637 4638 763 4692 rege
784 4625 980 4680 dicitur
995 4644 1006 4679 :
1031 4625 1142 4680 Per.
1162 4638 1376 4681 exerunt
1392 4629 1444 4681 in
1461 4626 1705 4698 Galgula,

119 4719 166 4761 et
189 4712 418 4780 fecerunt
444 4713 518 4768 ibi
561 4731 729 4784 regem
762 4714 894 4769 Saul
932 4733 1108 4770 coram
1139 4715 1361 4772 Domino
1381 4733 1404 4774 :
1427 4719 1551 4786 quia
1583 4735 1704 4773 cum

124 4803 479 4868 prtedicatoris
544 4805 806 4863 fortitudo
853 4807 1236 4875 cognoscitur,
1291 4809 1346 4863 in
1399 4809 1704 4863 auditorum

121 4910 324 4952 suorum
370 4901 643 4955 mentibus
672 4901 986 4954 honoratur.
1040 4899 1094 4954 lu
1124 4900 1343 4968 Gal-gula
1373 4902 1620 4970 quidem,
1654 4902 1706 4956 id

122 4996 195 5039 est
218 4999 409 5053 rotam,
427 4990 606 5067 imus,-
627 4989 842 5058 quando
868 5005 962 5059 per
982 5005 1190 5044 sacrum
1222 4989 1492 5058 eloquium
1516 4989 1704 5045 docto-

123 5074 188 5129 ris
208 5078 373 5132 nostri
396 5079 772 5149 operationem
798 5079 1131 5144 discutimus,
1156 5087 1210 5134 et
1235 5095 1355 5134 eum
1387 5081 1494 5135 illic
1519 5096 1700 5135 coram

125 5164 334 5221 Domino
389 5184 576 5237 regem
625 5168 851 5229 facimus
893 5188 906 5223 :
957 5171 1110 5240 quia,
1159 5185 1319 5239 quem
1366 5170 1700 5240 probabilem

124 5257 396 5326 cernimus,
415 5259 638 5326 dignum
657 5275 775 5315 esse
795 5269 942 5315 tanto
957 5261 1523 5330 culminejudicamus.
1548 5259 1704 5317 Prius

125 5359 240 5414 ergo
279 5350 482 5405 dicitur
531 5352 662 5406 Saul
702 5367 732 5405 a
777 5353 976 5422 populo
1006 5353 1244 5418 electus,
1288 5355 1354 5406 ad
1400 5361 1704 5410 extremum

126 5449 206 5490 rex
236 5439 284 5492 in
306 5438 535 5509 Galgala
563 5444 888 5497 constitutus
917 5457 1099 5496 coram
1129 5441 1355 5496 Domino
1381 5459 1394 5494 :
1427 5441 1549 5511 quia
1580 5442 1707 5498 licet

125 5529 274 5585 multa
301 5533 521 5588 consilii
541 5534 805 5604 gravitate
832 5534 883 5588 in
913 5542 1099 5588 saneta
1128 5531 1365 5588 Ecclesia
1393 5541 1578 5602 pastor
1602 5533 1704 5589 eli-

189 5717 209 5740 ⁸
241 5709 352 5765 lloc
380 5719 486 5775 est,
516 5710 742 5765 adversa
772 5725 799 5764 a
823 5712 1085 5779 proximis
1115 5711 1284 5765 illata.
1312 5709 1515 5766 Eodem
1544 5725 1708 5767 sensu

131 5789 221 5830 vox
250 5782 537 5836 adversitas
574 5783 801 5836 sumitur
830 5782 919 5837 lib.
952 5798 1025 5836 xi.
1060 5781 1249 5838 Moral.
1284 5798 1430 5838 num.
1463 5782 1567 5848 58;
1612 5782 1702 5838 lib.

1809 4629 2037 4699 cipiunt,
2064 4625 2291 4692 iuraque
2338 4629 2670 4692 pervertunt.
2707 4617 2782 4672 De
2821 4617 2908 4671 his
2955 4613 3260 4684 pastoribus
3307 4626 3405 4679 per

1800 4720 2128 4792 prophetam
2188 4713 2447 4766 Dominus
2500 4711 2696 4765 Juda‘uc
2753 4709 3118 4775 improperat,
3169 4703 3400 4757 dicens:

1810 4813 2056 4866 Pastores
2103 4807 2176 4860 tui
2227 4805 2332 4873 lupi
2376 4819 2612 4873 vespere,
2643 4817 2745 4855 non
2794 4799 3138 4867 relinquentes
3167 4796 3222 4847 in
3252 4810 3405 4846 mane

1812 4901 2001 4973 (Soph.
2045 4914 2122 4966 ιιι,
2155 4895 2233 4966 '5).
2265 4893 2694 4948 Calumniatorcs
2724 4888 3090 4947 innocentium
3120 4885 3322 4955 pariter
3350 4891 3404 4936 ct

1810 5001 2162 5062 oppressores
2191 4985 2445 5040 debilimn
2494 4982 2622 5036 item
2669 4979 2918 5048 percutit,
2945 4977 3131 5030 dicens
3159 4993 3171 5027 :
3203 4973 3263 5028 Si
3291 4974 3402 5045 quis

1809 5099 1912 5136 non
1944 5079 2142 5132 dederit
2171 5078 2222 5131 in
2252 5092 2341 5130 ore
2365 5089 2542 5128 eorum
2570 5072 2851 5142 quippiam,
2887 5067 3218 5135 sancti/icont
3248 5079 3404 5134 super

1797 5172 1953 5226 illum
1987 5169 2191 5222 bellum.
2238 5163 2564 5235 Quapropter
2591 5178 2696 5216 no.1:
2727 5161 2800 5214 eis
2845 5176 2938 5228 pro
2979 5159 3170 5212 visione
3197 5157 3321 5215 erit,
3353 5160 3402 5206 et

1799 5259 2030 5316 tenebrae
2074 5275 2167 5326 pro
2206 5256 2519 5311 divinatione
2569 5252 2767 5322 (Mich.
2794 5267 2883 5315 ιιι,
2915 5249 2965 5314 5,
2993 5249 3025 5301 6
3044 5254 3081 5316 ).
3110 5247 3243 5300 Nam
3272 5246 3399 5299 dum

1811 5351 2146 5421 iniquitatem
2180 5353 2515 5415 cognoscunt
2542 5359 2704 5414 quam
2739 5342 2958 5403 faciunt,
2994 5355 3089 5410 per
3116 5337 3398 5392 audaciam

1794 5439 2123 5512 nequissimi
2144 5439 2344 5508 operis,
2371 5435 2569 5490 cadunt
2594 5435 2644 5488 in
2675 5434 2969 5489 cmcitatein
3001 5431 3202 5498 cordis,
3224 5439 3280 5482 ut
3307 5443 3401 5496 per

1809 5546 2070 5596 atnorem,
2102 5530 2273 5584 lucem
2296 5527 2536 5582 veritatis
2565 5526 2704 5580 ultra
2727 5539 2832 5578 non
2859 5523 3088 5586 rideant,
3113 5535 3210 5590 per
3237 5534 3400 5590 quam

1815 5725 1922 5773 xvr,
1955 5724 2104 5765 num.
2134 5706 2222 5771 4,5,
2248 5715 2302 5760 et
2327 5705 2472 5761 a‘ibi.

1887 5779 1914 5817 ι)
1957 5780 2160 5835 Vitiose
2188 5779 2240 5832 in
2272 5776 2470 5847 Vatic.,
2499 5775 2663 5835 Gilot.
2698 5786 2751 5834 ct
2780 5777 3042 5832 Gussanv.
3079 5776 3306 5844 sapiens.
