3962 6270
572 279 671 338 3i?

1786 271 2024 328 SANZTI
2067 267 2393 325 GltEGORII
2436 267 2646 325 MAG?“

3724 272 3805 328 338

573 408 603 444 a
634 387 899 461 pravitate
930 386 1263 455 resipiscam.
1299 384 1426 438 ltem
1471 399 1750 437 munerum
1791 381 2159 450 aeceptioncm
2190 383 2237 442 Α
2264 390 2435 434 matur
2457 380 2593 434 inter
2622 390 2794 451 gentes
2829 379 3004 451 (Rom.
3051 394 3112 444 ιι,
3144 378 3255 438 Si}.
3290 378 3426 434 Hinc
3454 379 3579 435 item
3606 379 3807 452 discipu-

576 479 923 550 reprehendit
966 477 1152 543 Isaias,
1181 477 1402 531 dicens:
1437 475 1626 530 Omnes
1656 475 1878 546 diligunt
1909 490 2157 538 munera,

576 581 856 637 sequuntur
896 568 1255 623 retributiones
1306 567 1457 639 (Isa.
1494 584 1541 630 ι,
1574 566 1700 633 9.5).
1754 565 1986 618 Sanctus
2033 576 2162 629 ergo

576 664 677 728 vir,
706 663 831 717 dum
863 660 1181 715 innocentia:
1206 675 1315 715 sua:
1343 658 1740 728 simplicitatem
1770 655 2026 720 ostendit,
2056 668 2161 722 qua

579 754 895 808 meritorum
926 750 1207 804 altitudine
1238 749 1414 811 fuerit,
1446 748 1689 803 sublimis
1716 747 1979 817 apparuit.
2010 742 2163 811 Quod

581 842 796 912 quidem
827 840 1037 894 virtutis
1067 839 1393 908 prmconium
1432 839 1485 893 in
1514 854 1581 893 eo
1623 854 1730 893 uno
1757 837 2076 900 ostenditur,
2108 848 2167 891 ut

583 934 828 987 omnibus
859 931 1044 985 electis
1073 930 1384 985 doctoribus
1409 929 1601 986 eadem
1648 928 1904 984 bonitatis
1951 928 2165 981 confor-

582 1019 739 1074 rnitas
771 1016 1103 1071 ostendatur.

649 1110 702 1164 2.
750 1109 877 1162 Vita:
903 1108 1116 1180 quidem
1148 1106 1513 1162 innocentiam
1555 1120 1653 1175 pro
1695 1105 1848 1159 nobis
1878 1104 2164 1169 habemus,

580 1201 673 1256 sed
721 1200 1049 1271 przelatiouis
1103 1200 1315 1254 culmen
1364 1214 1462 1269 pro
1506 1198 1654 1261 aliis,
1708 1213 1813 1249 non
1864 1212 1964 1265 pro
2013 1195 2168 1249 nobis

580 1292 935 1346 ascendimus.
984 1290 1088 1346 Per
1115 1291 1435 1344 innocentia:
1462 1289 1661 1343 bonum
1692 1289 1756 1341 ad
1786 1296 2043 1341 :eternam
2075 1303 2167 1356 pa-

581 1383 736 1437 triam
771 1383 1056 1449 tendimus,
1099 1396 1193 1449 per
1222 1381 1555 1434 altitudinem
1597 1378 1923 1447 prazlatiouis
1951 1378 2002 1431 in
2035 1379 2169 1432 alio-

578 1489 696 1527 rum
728 1473 968 1528 custodiat
997 1471 1297 1539 vigilamus.
1329 1467 1385 1523 lu
1418 1468 1505 1522 illa
1529 1468 1726 1522 virtute
1754 1469 1930 1523 securi
1961 1485 2166 1535 sumus,

581 1566 738 1621 istam
768 1582 897 1621 vero
945 1564 1315 1620 celsitudinem
1355 1578 1475 1618 cum
1521 1576 1713 1630 magno
1743 1571 1887 1617 metu
1920 1561 2168 1632 posside-

580 1676 736 1714 mus:
770 1659 893 1728 quia
923 1658 1011 1728 qui
1042 1663 1347 1712 nostrorum
1377 1670 1599 1725 operum
1645 1654 1909 1708 rationem
1944 1654 2169 1709 reddere

2268 475 2374 527 lum
2393 473 2666 535 admonet,
2682 473 2863 526 dicens
2884 490 2895 525 :
2919 471 3134 539 Oportet
3156 473 3310 526 etiam
3332 470 3634 542 Episcopum
3656 473 3811 530 bonum

2266 567 2610 619 testimonium
2632 565 2822 618 habere
2847 565 2911 619 ab
2936 566 3000 619 iis
3021 566 3107 637 qui
3136 566 3264 636 {oris
3294 563 3489 635 sunt(l
3512 564 3643 619 Tini.
3666 567 3809 634 ut,'i}.

2266 662 2400 715 Dum
2429 676 2558 728 ergo
2584 662 2722 714 mala
2752 676 2811 715 se
2842 670 2950 714 tam
2979 670 3134 716 caute
3169 661 3367 714 vitasse
3403 660 3652 725 asseruit,
3677 673 3723 717 et
3748 665 3813 719 in-

2264 752 2444 819 gentia
2498 751 2676 816 bona,
2726 766 2843 818 qua:
2884 750 3011 805 fecit
3038 792 3053 817 ,
3090 751 3274 805 siluit:
3307 760 3493 821 aperte
3538 752 3619 806 vir
3659 753 3812 811 lienus

2266 841 2540 904 ostcnlit,
2591 842 2643 894 in
2691 854 2894 911 quanto
2924 840 3155 895 culmine
3203 850 3462 896 Virtutum
3491 843 3667 906 stetit,
3710 845 3812 901 dum

2265 930 2406 983 mala
2437 929 2777 997 reprobando
2800 969 2814 993 ,
2859 930 2925 981 ad
2954 929 3249 984 electorum
3294 930 3601 1001 exemplum
3628 933 3813 989 odorem

2266 1020 2499 1076 servmit
2550 1020 2705 1073 bona:
2759 1020 3074 1086 epiniouis:
3121 1028 3177 1073 et
3223 1021 3549 1075 occultando
3596 1021 3815 1079 \irtutom

2267 1127 2463 1180 opera,
2493 1110 2711 1180 praemia
2760 1126 2855 1165 cus
2880 1110 3047 1165 odivit
3082 1119 3297 1165 aeterna:
3326 1111 3705 1165 retributionis.
3733 1111 3817 1167 Sed

2269 1203 2584 1265 notandum,
2612 1202 2737 1273 quia
2768 1218 2887 1256 cum
2922 1202 3203 1256 Dominum
3237 1211 3431 1256 testem
3460 1217 3573 1256 sua:
3594 1202 3821 1257 innocen-

2271 1295 2357 1348 tia:
2401 1302 2710 1358 assereret,
2763 1294 2932 1361 ipsmn
2974 1291 3255 1347 Dominum
3306 1293 3499 1347 fecisse
3546 1292 3748 1363 Moysen
3776 1304 3819 1351 et

2270 1387 2449 1440 Aaron
2478 1383 2632 1439 dixit.
2664 1384 2746 1449 Qu
2769 1384 2803 1436 d
2834 1393 2915 1438 est
2944 1384 3047 1438 hoc
3074 1382 3239 1443 aliud.
3268 1384 3369 1438 nisi
3398 1385 3524 1455 quia
3563 1394 3618 1440 et
3644 1387 3822 1443 virtutis

2269 1492 2378 1529 suae
2399 1475 2610 1529 culmen
2655 1475 2912 1541 Ostendit,
2940 1474 3034 1529 sed
3066 1476 3119 1529 in
3149 1483 3301 1530 tanto
3330 1476 3567 1532 culmine
3586 1479 3721 1533 solus
3746 1496 3823 1550 apo

2269 1582 2460 1636 parere
2498 1564 2706 1619 uoluit?
2747 1565 2909 1632 Quasi
2959 1566 3245 1621 latentibus
3294 1569 3541 1624 sensibus
3588 1570 3821 1628 dicat:l.i

2272 1666 2414 1712 tama
2467 1658 2630 1712 animi
2663 1659 2857 1713 Vitium
2902 1658 3176 1713 mirandus
3218 1676 3326 1715 non
3358 1677 3477 1716 sum
3505 1680 3519 1715 :
3553 1664 3671 1732 quia
3702 1666 3747 1719 in
3772 1682 3823 1721 es

580 1751 927 1806 vehementer
956 1746 1394 1818 expavescimus,
1429 1744 1497 1799 de
1533 1759 1598 1799 eo
1639 1743 1782 1814 quod
1812 1744 1933 1798 aliis
1970 1759 2173 1813 prtusu-
2204 1745 2248 1803 Β
2277 1750 2424 1804 solus
2452 1766 2561 1804 non
2601 1767 2740 1803 sum.
2782 1749 3162 1821 Contemptum
3190 1766 3368 1806 rerum
3414 1753 3467 1807 in
3496 1770 3709 1810 munere
3734 1758 3823 1811 νίν.

581 1854 798 1904 sumus,
850 1838 960 1891 Deo
1011 1835 1235 1891 reddere
1278 1834 1541 1888 rationem
1595 1830 1871 1886 debemus.
1924 1830 1981 1886 Si
2037 1846 2166 1901 ergo

582 1929 740 1985 electi
771 1926 904 1991 viri,
951 1925 1169 1981 volente
1199 1925 1308 1979 Deo
1331 1967 1346 1989 ,
1392 1923 1553 1977 etiam
1599 1921 1923 1991 pnelationis
1953 1922 2172 1977 culmen

582 2019 732 2075 inviti
765 2015 1153 2079 conscendunt,
1178 2013 1395 2069 volente
1419 2012 1527 2066 Deo
1546 2052 1559 2077 ,
1595 2011 1735 2065 idem
1764 2012 1980 2067 culmen
2009 2011 2175 2067 devo-

584 2112 748 2168 tionis
776 2110 1050 2166 deserunt.
1081 2106 1313 2161 Sanctus
1352 2119 1480 2173 ergo
1510 2103 1590 2156 vir
1623 2102 1751 2156 dicit
1781 2119 1793 2155 :
1838 2101 1973 2157 Ecce
2004 2103 2175 2157 audiri

582 2223 754 2261 vocem
780 2212 1017 2266 vestram,
1050 2209 1097 2254 et
1126 2198 1365 2253 constitui
1396 2214 1548 2266 super
1586 2213 1671 2251 vos
1699 2212 1904 2267 regem;
1948 2205 1997 2249 et
2041 2211 2177 2249 nunc

585 2313 677 2350 rm:
701 2310 722 2336 α
747 2294 985 2367 graditur
1020 2300 1138 2344 ante
1161 2307 1268 2346 vos.
1313 2287 1423 2359 Ego
1461 2299 1628 2341 autem
1654 2287 1827 2353 senui,
1857 2296 1906 2340 et
1945 2286 2175 2340 incanui.

589 2387 758 2441 Porro
789 2386 886 2455 lilii
921 2384 1017 2438 mei
1048 2381 1302 2437 robiscum
1331 2387 1468 2434 sunt.
1502 2379 1666 2446 Quasi
1697 2379 1816 2434 aliis
1846 2379 2065 2435 vocibus
2094 2380 2177 2434 di-

589 2487 679 2534 cat
712 2496 723 2531 :
757 2478 891 2544 Quia
922 2491 1028 2529 non
1059 2488 1156 2543 pro
1187 2487 1291 2536 me,
1322 2471 1416 2525 sed
1448 2486 1545 2539 pro
1577 2469 1729 2524 vobis
1761 2468 1979 2540 przcl‘ui,
2008 2472 2183 2540 digni-

592 2582 757 2625 tatem
780 2584 939 2638 quam
972 2566 1139 2630 tenui,
1160 2564 1389 2618 libenter
1412 2563 1504 2617 alii
1527 2561 1669 2617 dedi.
1696 2561 1753 2617 lu
1786 2564 1974 2618 eadem
2009 2564 2179 2633 digni:

592 2674 703 2718 tate
734 2662 845 2731 jam
881 2658 1063 2726 senui,
1094 2668 1149 2713 et
1176 2666 1352 2710 tamen
1396 2654 1586 2725 longus
1615 2671 1743 2710 usus
1771 2656 2180 2725 pimcmineudi,

595 2770 756 2824 quem
789 2752 959 2816 tenui,
995 2749 1287 2817 obligatum
1316 2762 1402 2802 me
1446 2747 1498 2800 in
1527 2747 1607 2800 sui
1644 2745 1936 2801 ambitione
1962 2763 2070 2802 non
2104 2754 2183 2801 tc-

596 2846 730 2902 nuit.
764 2842 899 2910 Quid
921 2854 1049 2909 ergo
1071 2847 1154 2894 est
1175 2837 1319 2908 quod
1339 2838 1417 2893 ait
1441 2855 1453 2891 :
1487 2836 1615 2892 Filii
1637 2839 1735 2891 mei
1756 2836 2011 2892 vobiscum
2039 2846 2181 2902 sunt,

596 2937 700 2993 nisi
728 2936 853 3008 quia
884 2935 936 2989 in
966 2932 1167 2987 sanctis
1193 2930 1323 2986 viris
1350 2945 1543 2999 magna
1565 2930 1646 2984 vis
1671 2929 1963 2999 spiritualis
1984 2930 2185 2985 amoris

597 3038 712 3093 est,
741 3041 845 3096 qua
877 3023 998 3078 [iliis
1045 3021 1112 3076 ad
1142 3021 1353 3077 culmen
1401 3021 1773 3084 nascentibus,
1800 3020 1890 3090 jus
1936 3020 2186 3076 auferunt

600 3115 996 3173 successionis?
1023 3112 1128 3168 Sed
1171 3113 1262 3183 qui
1306 3128 1571 3169 summam
1602 3113 1803 3167 ordinis
1832 3121 1939 3167 tam
1970 3114 2185 3183 quietus

600 3209 835 3270 deserit,
886 3209 1043 3277 271
1091 3205 1267 3275 qualis
1298 3205 1349 3259 in
1390 3204 1580 3259 eodem
1626 3203 1857 3259 culmine
1900 3204 2186 3274 manserit,

603 3301 859 3356 ostendit.
890 3298 1023 3364 Quia
1049 3297 1191 3351 cnim
1218 3296 1420 3368 rapina:
1446 3296 1758 3350 violentiam
1789 3311 1895 3351 non
1924 3297 2186 3363 exercuit,

602 3390 733 3445 dicit
758 3407 769 3441 :
800 3385 1090 3459 Loquimini
1121 3385 1183 3438 de
1213 3402 1292 3438 me
1313 3401 1489 3439 coram
1514 3383 1735 3439 Domino
1762 3395 1811 3439 et
1834 3402 2011 3439 coram
2034 3385 2189 3440 Chri-

603 3494 682 3541 sto
710 3484 839 3555 ejus,
864 3490 1035 3534 utrum
1064 3479 1238 3533 bovem
1264 3478 1563 3549 cujusquam
1595 3477 1819 3543 tulerint,
1850 3487 1937 3531 aut
1964 3480 2188 3533 asinunt.

605 3575 739 3631 item
783 3592 833 3645 qi
858 3576 906 3629 ia
948 3573 1080 3627 nulli
1108 3572 1336 3628 nocendi
1365 3572 1711 3628 occasionem
1753 3573 2029 3642 quazsivit,
2060 3574 2191 3629 sub-

603 3669 779 3739 junxit
799 3708 813 3733 ,
855 3667 1038 3722 dicens
1069 3684 1082 3719 :
1116 3665 1176 3719 Si
1206 3666 1495 3737 quempiam
1519 3665 1864 3719 calumniatus
1892 3681 2021 3719 sum.
2058 3664 2192 3719 Item

606 3760 730 3830 quia
753 3758 1018 3816 debilibus
1045 3758 1222 3827 gravis
1253 3772 1356 3810 non
1386 3754 1504 3819 fuit,
1535 3755 1664 3812 dicit
1697 3772 1711 3809 :
1745 3755 1807 3810 Si
1831 3757 2064 3826 oppressi
2090 3755 2192 3809 ali-

606 3868 776 3922 quem.
806 3850 936 3905 item
965 3849 1087 3918 quia
1120 3848 1185 3902 de
1223 3847 1539 3917 prmlatione
1568 3861 1662 3901 sua
1695 3861 1803 3902 non
1836 3855 2067 3910 terrena,
2100 3845 2196 3901 sed

608 3943 847 3999 cit-lcstia
879 3940 1135 4011 quaesivit,
1177 3939 1306 3994 dicit
1334 3957 1345 3991 :
1378 3939 1438 3994 Si
1478 3939 1541 3992 de
1567 3954 1724 3991 manu
1753 3937 2052 4008 cujusquam
2083 3954 2198 3990 mu—

611 4050 706 4087 nus
747 4033 917 4101 accepi
942 4070 957 4095 ,
987 4041 1034 4084 et
1064 4041 1387 4085 contemnam
1435 4028 1566 4083 illud
1614 4029 1799 4091 hodie,
1832 4031 2005 4082 restitu
2020 4045 2196 4100 umque

612 4124 775 4179 robis.
814 4122 947 4188 Quia
970 4137 1097 4175 vero
1127 4120 1178 4173 in
1204 4128 1354 4173 tanto
1375 4127 1693 4190 contemptu
1722 4134 1901 4174 rerum
1930 4120 1996 4174 ab
2019 4119 2196 4174 omni-

614 4219 903 4277 busmotus
933 4215 1207 4278 extiterat,
1237 4213 1482 4282 sequitur
1513 4231 1526 4266 :

685 4308 867 4379 (Vet‘s.
902 4304 1043 4373 4-6.)
1076 4304 1142 4357 Et
1165 4305 1445 4357 dixerunt:
1478 4302 1600 4357 Non
1630 4320 1684 4357 es
1713 4303 2055 4357 calumniatus
2076 4319 2192 4370 nos,

612 4417 772 4473 neque
799 4399 1120 4470 Oppressisti,
1146 4412 1305 4468 neque
1335 4396 1496 4449 tulisti
1526 4396 1587 4449 de
1612 4412 1769 4449 manu
1798 4395 2018 4465 alicujus
2046 4397 2196 4466 quip-

610 4494 776 4561 piam.
796 4489 1042 4559 Dixifqne
1070 4488 1138 4540 ad
1166 4504 1253 4540 eos
1272 4503 1291 4539 :
1319 4484 1482 4539 Testis
1522 4486 1644 4539 milii
1677 4484 1927 4538 Dominus
1950 4486 2195 4540 adversus
2227 4489 2275 4545 D

612 4602 717 4648 ros,
754 4593 799 4637 et
831 4583 974 4637 testis
1006 4580 1238 4634 Christus
1268 4580 1379 4649 ejus
1404 4580 1456 4632 in
1483 4579 1563 4631 die
1594 4579 1711 4639 hac,
1745 4579 1864 4649 quia
1908 4596 2011 4633 non
2053 4580 2195 4633 inue-

612 4677 761 4730 ttietit
801 4676 853 4728 in
893 4690 1047 4727 manu
1088 4688 1201 4724 mea
1240 4670 1521 4741 quippiam.
1572 4667 1641 4721 Et
1687 4668 1976 4724 dixerunt:
2011 4668 2196 4724 Testis.

615 4765 734 4834 Ipse
782 4783 809 4820 υ
839 4782 897 4819 ro
944 4764 1112 4818 adhuc
1158 4761 1365 4825 subdit,
1407 4761 1623 4814 dicens:
1661 4760 1931 4824 Dominus,
1964 4762 2049 4832 qui
2079 4763 2200 4833 fecit

613 4856 829 4927 Moysen
860 4866 909 4910 et
956 4857 1128 4909 Aaron
1155 4896 1171 4921 ,
1214 4862 1263 4906 et
1301 4851 1477 4905 eduxit
1527 4862 1699 4922 patres
1731 4861 1937 4906 nostros
1967 4851 2031 4905 de
2058 4860 2199 4905 terra

615 4945 857 5017 .‘Egypti,
891 4947 1000 5016 ipse
1029 4945 1169 4999 testis
1198 4952 1294 4997 est.
1524 4940 1525 4943 “

688 5037 741 5090 5.
781 5034 899 5102 Quo
936 5035 990 5089 in
1022 5036 1141 5089 loco
1164 5042 1329 5090 notan
1354 5036 1457 5088 'um
1489 5033 1733 5103 eS',quia
1758 5033 1897 5087 bona
1928 5048 2047 5102 qua:
2081 5032 2206 5088 fecit

622 5128 702 5183 \‘ir
739 5134 992 5192 sanctus,
1040 5141 1146 5180 non
1192 5124 1328 5179 dixit
1354 5142 1367 5178 :
1401 5125 1541 5179 mala
1571 5139 1730 5190 vero,
1760 5138 1880 5193 qua:
1910 5138 2017 5177 non
2047 5123 2204 5191 fecit,

618 5217 901 5287 exposuit;
935 5224 987 5269 ut
1017 5212 1224 5269 silendo
1262 5213 1328 5267 ad
1350 5223 1549 5267 azzerna
1598 5212 1744 5267 lucra
1774 5210 1916 5267 bona
1945 5222 2203 5279 servaret,

617 5318 674 5363 et
719 5304 987 5375 loquendo
1017 5303 1238 5358 odorem
1286 5303 1437 5359 boni:
1482 5302 1749 5373 opinionis
1777 5317 1884 5356 non
1934 5305 2205 5372 perderet.

619 5399 815 5453 Paulus
861 5411 990 5450 vero
1040 5394 1304 5463 loquitur,
1360 5393 1544 5450 dicens
1585 5411 1598 5447 :
1640 5393 1830 5447 Christi
1872 5392 2030 5446 bonus
2080 5393 2209 5447 odor

619 5505 792 5557 sumus
820 5488 877 5541 in
900 5488 1038 5540 omni
1066 5486 1178 5539 loco
1202 5484 1293 5557 (II
1326 5484 1446 5539 Cor.
1470 5501 1528 5550 tt,
1562 5484 1671 5554 15).
1705 5485 1822 5555 Ipse
1851 5485 2014 5540 etiam
2043 5502 2211 5555 quos-

618 5582 743 5635 dam
772 5579 1126 5648 redarguens,
1160 5578 1273 5630 ait:
1310 5574 1513 5630 Nomen
1563 5574 1657 5630 Dei
1704 5594 1794 5643 per
1838 5595 1923 5633 vos
1965 5576 2206 5648 blasphe-

698 5740 716 5760 “
762 5730 952 5799 Vatic.,
982 5730 1254 5804 gradiatur
1279 5738 1395 5785 ante
1422 5747 1524 5788 res.

2275 1842 2403 1894 tutis
2427 1840 2619 1905 habeo,
2648 1840 2743 1894 sed
2777 1841 2920 1896 hunc
2949 1841 3002 1895 iu
3034 1842 3333 1898 intentione
3362 1858 3512 1897 vanae
3555 1844 3715 1900 laudis
3738 1863 3823 1903 non

2272 1930 2448 1986 habeo
2487 1949 2501 1984 :
2550 1932 2604 1987 in
2648 1947 2756 2003 quo
2807 1932 2963 1987 valde
3013 1933 3263 1987 meliores
3318 1943 3479 2002 atque
3524 1937 3826 1993 sublmiorcs

2273 2038 2456 2077 cerno.
2490 2021 2557 2076 Et
2593 2023 2719 2092 quia
2777 2025 2893 2093 ipsu
2917 2043 2946 2075 n
2985 2022 3204 2095 Moysen
3249 2031 3305 2079 et
3342 2026 3525 2080 Aaion
3579 2025 3825 2082 Dominum

2274 2112 2465 2170 fecisse
2486 2115 2743 2180 asseruit,
2776 2116 2883 2169 tale
2910 2124 2990 2169 est
3015 2115 3143 2169 item
3172 2130 3237 2170 ac
3261 2116 3306 2171 si
3329 2116 3473 2172 dicat
3498 2134 3515 2170 :
3540 2116 3688 2184 Quod
3715 2121 3826 2175 mala

2279 2216 2385 2261 tam
2410 2208 2615 2262 fortiter
2652 2224 2847 2264 cavere
2881 2208 3051 2279 potui,
3075 2210 3215 2265 illius
3241 2209 3402 2265 dc2.et
3435 2214 3621 2277 gratia:
3645 2226 3751 2266 ascr
3768 2213 3829 2280 bi,

2278 2299 2369 2369 qui
2399 2298 2445 2352 Μ
2487 2315 2615 2371 ysen
2637 2308 2692 2354 ct
2712 2300 2890 2355 Aaron
2923 2302 3054 2356 ta‘es
3082 2300 3224 2356 fecit.
3265 2300 3369 2355 Sed
3395 2301 3464 2355 ad
3490 2302 3619 2370 quid
3647 2314 3829 2357 sanctus

2280 2406 2363 2447 vr
2405 2391 2504 2446 ista
2556 2392 2901 2462 pnendserit,
2941 2392 3180 2448 ostendit
3218 2410 3232 2447 :
3275 2393 3398 2464 quia
3441 2394 3740 2461 subintulit,
3767 2397 3832 2449 di-

2279 2504 2406 2545 cens
2433 2506 2449 2542 2

2355 2580 2541 2651 (Vcrs.
2575 2580 2651 2651 7.)
2694 2578 2849 2634 Nunc
2877 2596 2998 2652 ergo
3045 2590 3206 2647 state,
3234 2591 3285 2636 et
3315 2583 3519 2654 judicio
3564 2584 3829 2638 contendant

2284 2670 2527 2724 adversus
2557 2688 2641 2724 ros
2672 2686 2847 2723 coram
2898 2670 3121 2725 Domino
3150 2672 3213 2724 de
3241 2674 3477 2726 omnibus
3504 2673 3831 2727 misericordia

2284 2778 2411 2834 quas
2440 2763 2560 2833 fecit
2586 2762 2843 2815 vobiscum
2872 2771 2921 2815 et
2947 2778 3061 2815 cum
3092 2763 3323 2831 patribus
3350 2765 3530 2817 vestris

2357 2855 2411 2907 4.
2450 2851 2595 2907 Ordo
2632 2868 2855 2908 summa:
2895 2854 3120 2910 rationis
3146 2862 3248 2919 est,
3278 2864 3339 2909 ut
3382 2856 3475 2924 qui
3522 2854 3661 2910 bona
3705 2869 3833 2924 agm

2286 2961 2394 3001 non
2440 2953 2625 3013 curat,
2667 2946 2808 2999 mala
2855 2944 2910 2999 in
2958 2944 3076 2999 aliis
3106 2959 3441 3013 nequaquam
3490 2946 3831 3016 reprehendat.

2288 3035 2519 3092 Sanctus
2546 3050 2673 3105 ergo
2704 3037 2784 3090 vir
2810 3037 2957 3107 prius
2986 3036 3123 3090 mala
3144 3050 3204 3091 se
3226 3036 3424 3090 vitasse
3444 3046 3603 3091 caute
3622 3036 3831 3102 asseruit,

2290 3124 2487 3181 deinde
2508 3124 2575 3177 ad
2599 3125 3069 3194 reprehensionem
3090 3124 3317 3178 aliorum
3344 3125 3605 3193 prosiliit;
3635 3134 3688 3179 ut
3709 3125 3834 3179 «lecti

2294 3218 2659 3290 prmdicatoris
2687 3231 2867 3271 mores
2896 3216 3162 3277 insinuet,
3194 3217 3289 3287 qui
3337 3217 3729 3288 praedicationis
3750 3217 3835 3270 l’ru-

2292 3320 2437 3366 ctum
2469 3311 2607 3365 bene
2631 3308 2773 3364 l'erre
2802 3325 2911 3363 non
2941 3311 3213 3380 prtevalet,
3249 3310 3348 3365 nisi
3387 3325 3509 3364 cum
3541 3311 3616 3377 id,
3639 3309 3763 3380 quod
3785 3310 3836 3363 de

2292 3403 2593 3457 :eternitate
2631 3400 2864 3455 lucidum
2907 3400 3197 3471 pnndicat,
3236 3400 3517 3471 splendida
3548 3401 3705 3455 etiam
3731 3416 3837 3455 con-

2293 3493 2601 3548 versatione
2643 3492 2995 3545 demonstrat.
3052 3490 3186 3546 Dicit
3230 3505 3398 3561 ergo:
3430 3489 3589 3545 Nunc
3636 3496 3839 3555 stae,et

2288 3583 2488 3655 judicio
2514 3582 2818 3636 contendam
2849 3580 3093 3635 adversus
3120 3597 3205 3634 vcs
3234 3581 3298 3634 de
3317 3579 3555 3636 omnibus
3586 3582 3839 3634 Misericor-

2296 3673 2395 3726 diis
2428 3670 2656 3725 Domini.
2692 3670 2846 3725 Stare
2875 3670 3089 3739 quidem
3120 3671 3334 3727 auditor
3354 3671 3475 3737 bus,
3509 3682 3592 3726 est
3622 3670 3839 3725 intentio-

2298 3780 2419 3819 nem
2448 3780 2518 3819 lllt
2536 3765 2641 3819 mis
2666 3764 2733 3818 ad
2763 3764 2983 3819 verbum
3017 3764 3383 3833 praidicatoris
3409 3764 3638 3834 erigere.
3687 3762 3841 3817 Merito

2297 3877 2425 3930 ergo
2468 3870 2609 3915 stare
2652 3859 3074 3930 paccipiuntur:
3108 3859 3229 3930 quia
3275 3858 3469 3914 doctor
3509 3858 3641 3913 nihil
3678 3857 3843 3912 exhor-

2300 3951 2461 4007 tando
2489 3950 2719 4020 prolicit,
2748 3950 2793 4005 si
2826 3951 3042 4005 auditor
3071 3959 3304 4005 mentem
3336 3950 3404 4004 ad
3427 3966 3509 4013 ca,
3558 3966 3674 4019 qua:
3708 3946 3847 4017 lqui-

2300 4054 2403 4110 tur,
2435 4060 2542 4099 non
2573 4044 2819 4099 intenlit.
2852 4042 3080 4100 Easdem
3122 4044 3516 4100 misciicordias
3542 4055 3845 4105 enumerans,

2299 4139 2377 4192 ait
2409 4156 2421 4190 :

2371 4230 2531 4300 272
2559 4228 2733 4300 (Veis.
2758 4227 2934 4296 8-H.)
2968 4226 3234 4291 Quomodo
3249 4230 3514 4298 ingressus
3546 4236 3621 4280 est
3646 4222 3850 4278 Jacobitt

2300 4319 2607 4392 Egyptian,
2625 4331 2673 4375 et
2687 4320 3103 4373 exclamarerunt
3124 4327 3295 4386 patres
3319 4340 3329 4360 ι
3352 4335 3409 4372 os
3436 4319 3484 4371 ri
3503 4318 3572 4371 ad
3591 4316 3850 4375 Dominum,

2300 4423 2349 4470 ct
2377 4411 2515 4465 misit
2549 4410 2796 4464 Dominus
2828 4409 3041 4480 Moysen
3091 4418 3140 4462 et
3170 4408 3343 4461 Aaron
3380 4424 3398 4460 :
3436 4416 3486 4461 et
3516 4407 3687 4461 eduxit
3711 4412 3853 4474 patres

2300 4513 2505 4557 nostros
2550 4518 2614 4556 ea:
2644 4500 2900 4573 zEgypto,
2939 4508 2988 4553 et
3016 4499 3283 4553 collocauit
3331 4516 3419 4552 eos
3458 4501 3509 4551 in
3542 4499 3652 4551 loco
3682 4495 3781 4548 hoc.
3802 4489 3855 4543 Et

2299 4594 2419 4665 quia
2442 4592 2542 4646 obli
2567 4593 2585 4645 i
2613 4603 2731 4645 sunt
2763 4590 2972 4644 Domini
3007 4590 3101 4642 Dii
3132 4592 3246 4656 sui,
3277 4588 3496 4641 tradidit
3523 4605 3610 4641 eos
3648 4588 3699 4639 in
3726 4598 3857 4635 manu

2302 4684 2502 4739 Sisara:
2534 4684 2767 4753 magistri
2791 4682 2993 4735 militia:
3021 4681 3201 4745 Assur,
3225 4690 3274 4733 et
3315 4682 3367 4732 in
3402 4695 3588 4732 manus
3620 4674 3857 4729 I’Iiilisthi-

2302 4792 2505 4836 norum,
2537 4783 2586 4827 et
2625 4775 2761 4844 regis
2790 4773 2947 4827 Moab
2980 4790 2998 4826 :
3039 4783 3089 4826 et
3130 4780 3485 4842 pugnaverunt
3516 4770 3750 4823 adversus
3774 4780 3859 4817 ros.

2304 4865 2497 4921 Postea
2524 4866 2808 4920 clamavere
2848 4864 2918 4917 ad
2956 4863 3264 4927 Dominum,
3296 4874 3344 4917 et
3373 4862 3551 4916 dixere
3588 4876 3605 4913 :
3646 4854 3859 4913 Peccari~

2307 4974 2439 5023 mus,
2469 4958 2590 5028 quia
2612 4957 2975 5026 dereliquimus
3016 4954 3318 5020 Dominum,
3348 4964 3399 5007 et
3424 4954 3715 5007 serrivimus
3750 4948 3863 5003 Bad-

2306 5052 2424 5117 lim,
2470 5060 2519 5105 et
2544 5052 2790 5104 Astarotlt
2830 5066 2847 5104 :
2890 5066 3025 5104 nunc
3061 5067 3184 5119 ergo
3214 5066 3335 5103 erue
3375 5066 3467 5102 nos
3489 5048 3552 5101 de
3572 5062 3721 5101 manu
3756 5042 3861 5095 Plii-

2308 5141 2672 5207 listhinorum,
2721 5149 2771 5193 et
2811 5142 3082 5193 serviemus
3127 5137 3236 5192 tibi.
3290 5138 3358 5191 Et
3405 5138 3603 5192 dimisit
3645 5133 3861 5189 Dentium

2310 5229 2499 5283 leroba
2518 5232 2571 5294 ιι,
2603 5239 2651 5283 et
2681 5229 2907 5297 Baracli,
2932 5238 2981 5282 et
3009 5227 3179 5298 Jepte.
3212 5238 3261 5283 et
3296 5229 3544 5292 Samuel;
3575 5238 3621 5281 et
3652 5224 3771 5279 eruit
3794 5232 3865 5273 ιὀι

2312 5322 2376 5374 de
2402 5338 2556 5374 manu
2587 5321 2909 5375 inimicorum
2950 5329 3225 5374 vestrorum
3268 5336 3359 5390 per
3386 5320 3682 5381 circuitum,
3720 5322 3763 5367 et
3788 5309 3861 5361 Ita-

2309 5412 2509 5464 bitastis
2539 5410 2876 5481 conﬁdenter.

2382 5502 2435 5556 5.
2493 5501 2603 5558 llas
2658 5503 2875 5573 quidem
2930 5501 3328 5557 misericordias
3384 5498 3550 5555 l'..ctas
3602 5492 3863 5552 secundum

2312 5593 2590 5651 bis’oriam
2622 5595 2692 5648 il.
2712 5596 2824 5651 irio
2854 5602 3246 5652 commemozat
3266 5635 3280 5661 ,
3327 5600 3385 5648 ut
3428 5592 3482 5646 in
3511 5605 3600 5660 eo,
3628 5585 3765 5658 ψιοξι
3797 5600 3861 5644 ro-
