  <div class='ocr_page' id='page_1' title='image "/cluster/home/n/w/nwhite01/storage/ocr_20150623/79/uva.x000827091/174.png"; bbox 0 0 3962 6268; ppageno 0'>
   <div class='ocr_carea' id='block_1_1' title="bbox 153 268 251 324">
    <p class='ocr_par' dir='ltr' id='par_1_1' title="bbox 153 268 251 324">
     <span class='ocr_line' id='line_1_1' title="bbox 153 268 251 324; baseline 0 0"><span class='ocrx_word' id='word_1_1' title='bbox 153 268 251 324; x_wconf 68' lang='lat'><strong>39.9</strong></span> 
     </span>
    </p>
   </div>
   <div class='ocr_carea' id='block_1_2' title="bbox 966 254 2561 316">
    <p class='ocr_par' dir='ltr' id='par_1_2' title="bbox 966 254 2561 316">
     <span class='ocr_line' id='line_1_2' title="bbox 966 254 2561 316; baseline 0 -3"><span class='ocrx_word' id='word_1_2' title='bbox 966 258 1030 314; x_wconf 88' lang='lat' dir='ltr'><strong>IN</strong></span> <span class='ocrx_word' id='word_1_3' title='bbox 1071 257 1328 314; x_wconf 74' lang='lat' dir='ltr'><strong>PRIMUM</strong></span> <span class='ocrx_word' id='word_1_4' title='bbox 1370 255 1609 313; x_wconf 78' lang='lat' dir='ltr'><strong>REGUM</strong></span> <span class='ocrx_word' id='word_1_5' title='bbox 1654 254 2174 312; x_wconf 56' lang='lat' dir='ltr'><strong>EXPOSITIONES.</strong></span> <span class='ocrx_word' id='word_1_6' title='bbox 2215 288 2283 300; x_wconf 92' lang='lat'><strong>-—</strong></span> <span class='ocrx_word' id='word_1_7' title='bbox 2325 259 2452 316; x_wconf 83' lang='lat' dir='ltr'><strong>LIB.</strong></span> <span class='ocrx_word' id='word_1_8' title='bbox 2498 261 2561 315; x_wconf 81' lang='grc' dir='ltr'><strong>ν.</strong></span> 
     </span>
    </p>
   </div>
   <div class='ocr_carea' id='block_1_3' title="bbox 3308 268 3410 324">
    <p class='ocr_par' dir='ltr' id='par_1_3' title="bbox 3308 268 3410 324">
     <span class='ocr_line' id='line_1_3' title="bbox 3308 268 3410 324; baseline 0 -1"><span class='ocrx_word' id='word_1_9' title='bbox 3308 268 3410 324; x_wconf 74' lang='grc' dir='ltr'><strong>εδο</strong></span> 
     </span>
    </p>
   </div>
   <div class='ocr_carea' id='block_1_4' title="bbox 148 370 3414 450">
    <p class='ocr_par' dir='ltr' id='par_1_4' title="bbox 148 370 3414 450">
     <span class='ocr_line' id='line_1_4' title="bbox 148 370 3414 450; baseline -0 -15"><span class='ocrx_word' id='word_1_10' title='bbox 148 396 259 450; x_wconf 75' lang='lat' dir='ltr'><strong>gent</strong></span> <span class='ocrx_word' id='word_1_11' title='bbox 280 376 454 448; x_wconf 87' lang='lat' dir='ltr'><strong>petiit,</strong></span> <span class='ocrx_word' id='word_1_12' title='bbox 478 389 629 429; x_wconf 89' lang='lat' dir='ltr'><strong>reum</strong></span> <span class='ocrx_word' id='word_1_13' title='bbox 651 388 711 429; x_wconf 86' lang='lat' dir='ltr'><strong>se</strong></span> <span class='ocrx_word' id='word_1_14' title='bbox 739 388 920 430; x_wconf 82' lang='lat' dir='ltr'><strong>coram</strong></span> <span class='ocrx_word' id='word_1_15' title='bbox 945 372 1174 427; x_wconf 88' lang='lat' dir='ltr'><strong>Donuno</strong></span> <span class='ocrx_word' id='word_1_16' title='bbox 1197 372 1426 442; x_wconf 86' lang='lat' dir='ltr'><strong>populus</strong></span> <span class='ocrx_word' id='word_1_17' title='bbox 1447 377 1724 439; x_wconf 78' lang='lat' dir='ltr'><strong>agnoscat.</strong></span> <span class='ocrx_word' id='word_1_18' title='bbox 1758 372 1802 426; x_wconf 80' lang='grc' dir='ltr'><strong>Δ</strong></span> <span class='ocrx_word' id='word_1_19' title='bbox 1832 370 2056 438; x_wconf 74' lang='lat' dir='ltr'><strong>elegistis</strong></span> <span class='ocrx_word' id='word_1_20' title='bbox 2080 412 2095 434; x_wconf 95' lang='lat'><strong>,</strong></span> <span class='ocrx_word' id='word_1_21' title='bbox 2145 381 2194 425; x_wconf 89' lang='lat' dir='ltr'><strong>et</strong></span> <span class='ocrx_word' id='word_1_22' title='bbox 2240 375 2458 443; x_wconf 81' lang='lat' dir='ltr'><strong>petistis.</strong></span> <span class='ocrx_word' id='word_1_23' title='bbox 2505 373 2637 428; x_wconf 83' lang='lat' dir='ltr'><strong>Ecce</strong></span> <span class='ocrx_word' id='word_1_24' title='bbox 2686 375 2825 429; x_wconf 83' lang='lat' dir='ltr'><strong>dedit</strong></span> <span class='ocrx_word' id='word_1_25' title='bbox 2871 373 3014 428; x_wconf 86' lang='lat' dir='ltr'><strong>Deus</strong></span> <span class='ocrx_word' id='word_1_26' title='bbox 3063 387 3224 431; x_wconf 76' lang='lat' dir='ltr'><strong>vester</strong></span> <span class='ocrx_word' id='word_1_27' title='bbox 3275 381 3414 434; x_wconf 78' lang='lat' dir='ltr'><strong>vobis</strong></span> 
     </span>
    </p>
   </div>
   <div class='ocr_carea' id='block_1_5' title="bbox 148 460 1723 539">
    <p class='ocr_par' dir='ltr' id='par_1_5' title="bbox 148 460 1723 539">
     <span class='ocr_line' id='line_1_5' title="bbox 148 460 1723 539; baseline -0.009 -12"><span class='ocrx_word' id='word_1_28' title='bbox 148 471 272 527; x_wconf 79' lang='lat' dir='ltr'><strong>Nam</strong></span> <span class='ocrx_word' id='word_1_29' title='bbox 301 467 393 539; x_wconf 96' lang='lat' dir='ltr'><strong>qui</strong></span> <span class='ocrx_word' id='word_1_30' title='bbox 423 467 490 520; x_wconf 89' lang='lat' dir='ltr'><strong>ad</strong></span> <span class='ocrx_word' id='word_1_31' title='bbox 519 466 700 520; x_wconf 86' lang='lat' dir='ltr'><strong>omnia</strong></span> <span class='ocrx_word' id='word_1_32' title='bbox 747 463 983 533; x_wconf 88' lang='lat' dir='ltr'><strong>pericula</strong></span> <span class='ocrx_word' id='word_1_33' title='bbox 1029 461 1392 517; x_wconf 81' lang='lat' dir='ltr'><strong>submovenda</strong></span> <span class='ocrx_word' id='word_1_34' title='bbox 1439 460 1723 514; x_wconf 89' lang='lat' dir='ltr'><strong>Dominum</strong></span> 
     </span>
    </p>
   </div>
   <div class='ocr_carea' id='block_1_6' title="bbox 149 553 1723 631">
    <p class='ocr_par' dir='ltr' id='par_1_6' title="bbox 149 553 1723 631">
     <span class='ocr_line' id='line_1_6' title="bbox 149 553 1723 631; baseline -0.007 -17"><span class='ocrx_word' id='word_1_35' title='bbox 149 569 456 631; x_wconf 64' lang='lat' dir='ltr'><strong>timentem</strong></span> <span class='ocrx_word' id='word_1_36' title='bbox 487 555 699 619; x_wconf 80' lang='lat' dir='ltr'><strong>habuit,</strong></span> <span class='ocrx_word' id='word_1_37' title='bbox 735 553 1005 607; x_wconf 84' lang='lat' dir='ltr'><strong>hominem</strong></span> <span class='ocrx_word' id='word_1_38' title='bbox 1045 567 1208 620; x_wconf 82' lang='lat' dir='ltr'><strong>super</strong></span> <span class='ocrx_word' id='word_1_39' title='bbox 1234 567 1294 606; x_wconf 86' lang='lat' dir='ltr'><strong>se</strong></span> <span class='ocrx_word' id='word_1_40' title='bbox 1323 565 1502 619; x_wconf 84' lang='lat' dir='ltr'><strong>regem</strong></span> <span class='ocrx_word' id='word_1_41' title='bbox 1533 565 1723 606; x_wconf 88' lang='lat' dir='ltr'><strong>neces-</strong></span> 
     </span>
    </p>
   </div>
   <div class='ocr_carea' id='block_1_7' title="bbox 149 639 1723 710">
    <p class='ocr_par' dir='ltr' id='par_1_7' title="bbox 149 639 1723 710">
     <span class='ocr_line' id='line_1_7' title="bbox 149 639 1723 710; baseline -0.009 -4"><span class='ocrx_word' id='word_1_42' title='bbox 149 651 333 706; x_wconf 90' lang='lat' dir='ltr'><strong>sarium</strong></span> <span class='ocrx_word' id='word_1_43' title='bbox 357 663 465 700; x_wconf 85' lang='lat' dir='ltr'><strong>non</strong></span> <span class='ocrx_word' id='word_1_44' title='bbox 493 644 697 699; x_wconf 85' lang='lat' dir='ltr'><strong>habuit.</strong></span> <span class='ocrx_word' id='word_1_45' title='bbox 728 643 900 710; x_wconf 81' lang='lat' dir='ltr'><strong>Ipsam</strong></span> <span class='ocrx_word' id='word_1_46' title='bbox 933 649 1111 696; x_wconf 88' lang='lat' dir='ltr'><strong>autem</strong></span> <span class='ocrx_word' id='word_1_47' title='bbox 1141 642 1480 709; x_wconf 69' lang='lat' dir='ltr'><strong>pwsentiam</strong></span> <span class='ocrx_word' id='word_1_48' title='bbox 1512 639 1723 694; x_wconf 86' lang='lat' dir='ltr'><strong>Domini</strong></span> 
     </span>
    </p>
   </div>
   <div class='ocr_carea' id='block_1_8' title="bbox 150 731 1723 813">
    <p class='ocr_par' dir='ltr' id='par_1_8' title="bbox 150 731 1723 813">
     <span class='ocr_line' id='line_1_8' title="bbox 150 731 1723 813; baseline -0.007 -18"><span class='ocrx_word' id='word_1_49' title='bbox 150 759 236 813; x_wconf 86' lang='lat' dir='ltr'><strong>per</strong></span> <span class='ocrx_word' id='word_1_50' title='bbox 276 740 548 808; x_wconf 80' lang='lat' dir='ltr'><strong>impensas</strong></span> <span class='ocrx_word' id='word_1_51' title='bbox 579 733 974 789; x_wconf 83' lang='lat' dir='ltr'><strong>misericordias</strong></span> <span class='ocrx_word' id='word_1_52' title='bbox 1003 733 1264 794; x_wconf 84' lang='lat' dir='ltr'><strong>ostendit,</strong></span> <span class='ocrx_word' id='word_1_53' title='bbox 1295 731 1420 786; x_wconf 90' lang='lat' dir='ltr'><strong>dum</strong></span> <span class='ocrx_word' id='word_1_54' title='bbox 1464 731 1531 784; x_wconf 84' lang='lat' dir='ltr'><strong>de</strong></span> <span class='ocrx_word' id='word_1_55' title='bbox 1561 746 1723 784; x_wconf 88' lang='lat' dir='ltr'><strong>manu</strong></span> 
     </span>
    </p>
   </div>
   <div class='ocr_carea' id='block_1_9' title="bbox 151 819 1720 900">
    <p class='ocr_par' dir='ltr' id='par_1_9' title="bbox 151 819 1720 900">
     <span class='ocr_line' id='line_1_9' title="bbox 151 819 1720 900; baseline -0.009 -13"><span class='ocrx_word' id='word_1_56' title='bbox 151 829 510 900; x_wconf 66' lang='lat' dir='ltr'><strong>Egyptiorum</strong></span> <span class='ocrx_word' id='word_1_57' title='bbox 542 841 638 895; x_wconf 86' lang='lat' dir='ltr'><strong>per</strong></span> <span class='ocrx_word' id='word_1_58' title='bbox 667 823 887 894; x_wconf 75' lang='lat' dir='ltr'><strong>Moysen</strong></span> <span class='ocrx_word' id='word_1_59' title='bbox 916 831 971 876; x_wconf 91' lang='lat' dir='ltr'><strong>et</strong></span> <span class='ocrx_word' id='word_1_60' title='bbox 998 821 1180 876; x_wconf 81' lang='lat' dir='ltr'><strong>Aaron</strong></span> <span class='ocrx_word' id='word_1_61' title='bbox 1199 861 1214 885; x_wconf 88' lang='lat'><strong>,</strong></span> <span class='ocrx_word' id='word_1_62' title='bbox 1244 828 1299 875; x_wconf 90' lang='lat' dir='ltr'><strong>et</strong></span> <span class='ocrx_word' id='word_1_63' title='bbox 1329 819 1399 876; x_wconf 89' lang='lat' dir='ltr'><strong>de</strong></span> <span class='ocrx_word' id='word_1_64' title='bbox 1447 835 1610 874; x_wconf 88' lang='lat' dir='ltr'><strong>manu</strong></span> <span class='ocrx_word' id='word_1_65' title='bbox 1638 820 1720 874; x_wconf 90' lang='lat' dir='ltr'><strong>Si-</strong></span> 
     </span>
    </p>
   </div>
   <div class='ocr_carea' id='block_1_10' title="bbox 149 911 1724 982">
    <p class='ocr_par' dir='ltr' id='par_1_10' title="bbox 149 911 1724 982">
     <span class='ocr_line' id='line_1_10' title="bbox 149 911 1724 982; baseline -0.006 -5"><span class='ocrx_word' id='word_1_66' title='bbox 149 936 272 978; x_wconf 63' lang='lat' dir='ltr'><strong>sara</strong></span> <span class='ocrx_word' id='word_1_67' title='bbox 298 928 354 973; x_wconf 90' lang='lat' dir='ltr'><strong>et</strong></span> <span class='ocrx_word' id='word_1_68' title='bbox 395 916 828 978; x_wconf 87' lang='lat' dir='ltr'><strong>Philistinorum,</strong></span> <span class='ocrx_word' id='word_1_69' title='bbox 878 922 935 968; x_wconf 90' lang='lat' dir='ltr'><strong>et</strong></span> <span class='ocrx_word' id='word_1_70' title='bbox 975 912 1043 968; x_wconf 90' lang='lat' dir='ltr'><strong>de</strong></span> <span class='ocrx_word' id='word_1_71' title='bbox 1071 928 1230 966; x_wconf 90' lang='lat' dir='ltr'><strong>manu</strong></span> <span class='ocrx_word' id='word_1_72' title='bbox 1270 912 1411 982; x_wconf 84' lang='lat' dir='ltr'><strong>regis</strong></span> <span class='ocrx_word' id='word_1_73' title='bbox 1439 911 1596 966; x_wconf 81' lang='lat' dir='ltr'><strong>Moab</strong></span> <span class='ocrx_word' id='word_1_74' title='bbox 1627 927 1724 980; x_wconf 77' lang='lat' dir='ltr'><strong>per</strong></span> 
     </span>
    </p>
   </div>
   <div class='ocr_carea' id='block_1_11' title="bbox 148 1002 1722 1075">
    <p class='ocr_par' dir='ltr' id='par_1_11' title="bbox 148 1002 1722 1075">
     <span class='ocr_line' id='line_1_11' title="bbox 148 1002 1722 1075; baseline -0.005 -9"><span class='ocrx_word' id='word_1_75' title='bbox 148 1009 402 1073; x_wconf 76' lang='lat' dir='ltr'><strong>Jerobaal,</strong></span> <span class='ocrx_word' id='word_1_76' title='bbox 424 1007 628 1062; x_wconf 85' lang='lat' dir='ltr'><strong>Darach</strong></span> <span class='ocrx_word' id='word_1_77' title='bbox 645 1048 662 1073; x_wconf 90' lang='lat'><strong>,</strong></span> <span class='ocrx_word' id='word_1_78' title='bbox 689 1015 746 1060; x_wconf 90' lang='lat' dir='ltr'><strong>et</strong></span> <span class='ocrx_word' id='word_1_79' title='bbox 769 1004 948 1075; x_wconf 84' lang='lat' dir='ltr'><strong>Jepte,</strong></span> <span class='ocrx_word' id='word_1_80' title='bbox 965 1011 1018 1057; x_wconf 89' lang='lat' dir='ltr'><strong>et</strong></span> <span class='ocrx_word' id='word_1_81' title='bbox 1034 1019 1064 1058; x_wconf 89' lang='lat' dir='ltr'><strong>a</strong></span> <span class='ocrx_word' id='word_1_82' title='bbox 1084 1002 1334 1058; x_wconf 86' lang='lat' dir='ltr'><strong>Samuele</strong></span> <span class='ocrx_word' id='word_1_83' title='bbox 1353 1017 1446 1057; x_wconf 90' lang='lat' dir='ltr'><strong>eos</strong></span> <span class='ocrx_word' id='word_1_84' title='bbox 1465 1002 1722 1058; x_wconf 89' lang='lat' dir='ltr'><strong>liberatos</strong></span> 
     </span>
    </p>
   </div>
   <div class='ocr_carea' id='block_1_12' title="bbox 149 1094 1721 1165">
    <p class='ocr_par' dir='ltr' id='par_1_12' title="bbox 149 1094 1721 1165">
     <span class='ocr_line' id='line_1_12' title="bbox 149 1094 1721 1165; baseline -0.002 -13"><span class='ocrx_word' id='word_1_85' title='bbox 149 1099 380 1155; x_wconf 67' lang='lat' dir='ltr'><strong>asseruit.</strong></span> <span class='ocrx_word' id='word_1_86' title='bbox 410 1098 528 1165; x_wconf 91' lang='lat' dir='ltr'><strong>Quo</strong></span> <span class='ocrx_word' id='word_1_87' title='bbox 565 1099 617 1152; x_wconf 91' lang='lat' dir='ltr'><strong>in</strong></span> <span class='ocrx_word' id='word_1_88' title='bbox 648 1098 769 1152; x_wconf 90' lang='lat' dir='ltr'><strong>loco</strong></span> <span class='ocrx_word' id='word_1_89' title='bbox 795 1098 956 1152; x_wconf 85' lang='lat' dir='ltr'><strong>valde</strong></span> <span class='ocrx_word' id='word_1_90' title='bbox 979 1094 1326 1165; x_wconf 78' lang='lat' dir='ltr'><strong>quaerendum</strong></span> <span class='ocrx_word' id='word_1_91' title='bbox 1356 1103 1460 1161; x_wconf 90' lang='lat' dir='ltr'><strong>est,</strong></span> <span class='ocrx_word' id='word_1_92' title='bbox 1491 1110 1586 1150; x_wconf 92' lang='lat' dir='ltr'><strong>cur</strong></span> <span class='ocrx_word' id='word_1_93' title='bbox 1625 1110 1721 1164; x_wconf 86' lang='lat' dir='ltr'><strong>pc-</strong></span> 
     </span>
    </p>
   </div>
   <div class='ocr_carea' id='block_1_13' title="bbox 151 1188 1714 1260">
    <p class='ocr_par' dir='ltr' id='par_1_13' title="bbox 151 1188 1714 1260">
     <span class='ocr_line' id='line_1_13' title="bbox 151 1188 1714 1260; baseline -0.002 -14"><span class='ocrx_word' id='word_1_94' title='bbox 151 1193 276 1260; x_wconf 88' lang='lat' dir='ltr'><strong>titio,</strong></span> <span class='ocrx_word' id='word_1_95' title='bbox 303 1207 410 1260; x_wconf 88' lang='lat' dir='ltr'><strong>qua</strong></span> <span class='ocrx_word' id='word_1_96' title='bbox 441 1206 535 1245; x_wconf 90' lang='lat' dir='ltr'><strong>rex</strong></span> <span class='ocrx_word' id='word_1_97' title='bbox 561 1190 782 1258; x_wconf 91' lang='lat' dir='ltr'><strong>petitur,</strong></span> <span class='ocrx_word' id='word_1_98' title='bbox 815 1198 924 1243; x_wconf 90' lang='lat' dir='ltr'><strong>tam</strong></span> <span class='ocrx_word' id='word_1_99' title='bbox 945 1189 1187 1244; x_wconf 76' lang='lat' dir='ltr'><strong>districts</strong></span> <span class='ocrx_word' id='word_1_100' title='bbox 1208 1196 1263 1244; x_wconf 92' lang='lat' dir='ltr'><strong>et</strong></span> <span class='ocrx_word' id='word_1_101' title='bbox 1285 1188 1714 1258; x_wconf 83' lang='lat' dir='ltr'><strong>reprehenditur,</strong></span> 
     </span>
    </p>
   </div>
   <div class='ocr_carea' id='block_1_14' title="bbox 149 1279 1720 1352">
    <p class='ocr_par' dir='ltr' id='par_1_14' title="bbox 149 1279 1720 1352">
     <span class='ocr_line' id='line_1_14' title="bbox 149 1279 1720 1352; baseline -0.002 -15"><span class='ocrx_word' id='word_1_102' title='bbox 149 1291 196 1338; x_wconf 91' lang='lat' dir='ltr'><strong>et</strong></span> <span class='ocrx_word' id='word_1_103' title='bbox 222 1283 328 1352; x_wconf 90' lang='lat' dir='ltr'><strong>ipsa</strong></span> <span class='ocrx_word' id='word_1_104' title='bbox 373 1280 482 1336; x_wconf 89' lang='lat' dir='ltr'><strong>divi</strong></span> <span class='ocrx_word' id='word_1_105' title='bbox 519 1295 569 1335; x_wconf 69' lang='lat' dir='ltr'><strong>ae</strong></span> <span class='ocrx_word' id='word_1_106' title='bbox 608 1279 990 1335; x_wconf 65' lang='lat' dir='ltr'><strong>misericordias</strong></span> <span class='ocrx_word' id='word_1_107' title='bbox 1017 1279 1214 1334; x_wconf 66' lang='lat' dir='ltr'><strong>auxilia</strong></span> <span class='ocrx_word' id='word_1_108' title='bbox 1253 1279 1456 1348; x_wconf 85' lang='lat' dir='ltr'><strong>popqu</strong></span> <span class='ocrx_word' id='word_1_109' title='bbox 1488 1279 1580 1334; x_wconf 91' lang='lat' dir='ltr'><strong>Dei</strong></span> <span class='ocrx_word' id='word_1_110' title='bbox 1622 1296 1720 1348; x_wconf 74' lang='lat' dir='ltr'><strong>per</strong></span> 
     </span>
    </p>
   </div>
   <div class='ocr_carea' id='block_1_15' title="bbox 151 1369 1719 1442">
    <p class='ocr_par' dir='ltr' id='par_1_15' title="bbox 151 1369 1719 1442">
     <span class='ocr_line' id='line_1_15' title="bbox 151 1369 1719 1442; baseline -0.001 -15"><span class='ocrx_word' id='word_1_111' title='bbox 151 1390 228 1442; x_wconf 73' lang='lat' dir='ltr'><strong>pm</strong></span> <span class='ocrx_word' id='word_1_112' title='bbox 247 1373 383 1427; x_wconf 87' lang='lat' dir='ltr'><strong>latos</strong></span> <span class='ocrx_word' id='word_1_113' title='bbox 411 1371 657 1425; x_wconf 79' lang='lat' dir='ltr'><strong>homines</strong></span> <span class='ocrx_word' id='word_1_114' title='bbox 681 1369 921 1439; x_wconf 90' lang='lat' dir='ltr'><strong>impensa</strong></span> <span class='ocrx_word' id='word_1_115' title='bbox 951 1385 1070 1424; x_wconf 89' lang='lat' dir='ltr'><strong>esse</strong></span> <span class='ocrx_word' id='word_1_116' title='bbox 1091 1369 1404 1424; x_wconf 86' lang='lat' dir='ltr'><strong>doceantur.</strong></span> <span class='ocrx_word' id='word_1_117' title='bbox 1437 1371 1551 1436; x_wconf 85' lang='lat' dir='ltr'><strong>Qua</strong></span> <span class='ocrx_word' id='word_1_118' title='bbox 1582 1370 1633 1424; x_wconf 90' lang='lat' dir='ltr'><strong>in</strong></span> <span class='ocrx_word' id='word_1_119' title='bbox 1660 1385 1719 1426; x_wconf 87' lang='lat' dir='ltr'><strong>re</strong></span> 
     </span>
    </p>
   </div>
   <div class='ocr_carea' id='block_1_16' title="bbox 147 1460 1722 1531">
    <p class='ocr_par' dir='ltr' id='par_1_16' title="bbox 147 1460 1722 1531">
     <span class='ocr_line' id='line_1_16' title="bbox 147 1460 1722 1531; baseline -0.001 -15"><span class='ocrx_word' id='word_1_120' title='bbox 147 1462 258 1531; x_wconf 79' lang='lat' dir='ltr'><strong>quid</strong></span> <span class='ocrx_word' id='word_1_121' title='bbox 284 1461 714 1530; x_wconf 84' lang='lat' dir='ltr'><strong>respondendum</strong></span> <span class='ocrx_word' id='word_1_122' title='bbox 745 1469 861 1524; x_wconf 88' lang='lat' dir='ltr'><strong>est,</strong></span> <span class='ocrx_word' id='word_1_123' title='bbox 892 1461 993 1515; x_wconf 85' lang='lat' dir='ltr'><strong>nisi</strong></span> <span class='ocrx_word' id='word_1_124' title='bbox 1034 1461 1158 1530; x_wconf 84' lang='lat' dir='ltr'><strong>quia</strong></span> <span class='ocrx_word' id='word_1_125' title='bbox 1188 1460 1340 1516; x_wconf 83' lang='lat' dir='ltr'><strong>valde</strong></span> <span class='ocrx_word' id='word_1_126' title='bbox 1380 1461 1596 1516; x_wconf 90' lang='lat' dir='ltr'><strong>diversa</strong></span> <span class='ocrx_word' id='word_1_127' title='bbox 1637 1471 1722 1516; x_wconf 90' lang='lat' dir='ltr'><strong>est</strong></span> 
     </span>
    </p>
   </div>
   <div class='ocr_carea' id='block_1_17' title="bbox 145 1549 1715 1623">
    <p class='ocr_par' dir='ltr' id='par_1_17' title="bbox 145 1549 1715 1623">
     <span class='ocr_line' id='line_1_17' title="bbox 145 1549 1715 1623; baseline -0.003 -15"><span class='ocrx_word' id='word_1_128' title='bbox 145 1552 372 1623; x_wconf 61' lang='lat' dir='ltr'><strong>praelatio</strong></span> <span class='ocrx_word' id='word_1_129' title='bbox 408 1565 597 1620; x_wconf 87' lang='lat' dir='ltr'><strong>regum</strong></span> <span class='ocrx_word' id='word_1_130' title='bbox 626 1567 656 1605; x_wconf 89' lang='lat' dir='ltr'><strong>a</strong></span> <span class='ocrx_word' id='word_1_131' title='bbox 693 1551 1006 1620; x_wconf 70' lang='lat' dir='ltr'><strong>ptaelatione</strong></span> <span class='ocrx_word' id='word_1_132' title='bbox 1047 1549 1324 1618; x_wconf 76' lang='lat' dir='ltr'><strong>iudicum?</strong></span> <span class='ocrx_word' id='word_1_133' title='bbox 1368 1550 1458 1608; x_wconf 90' lang='lat' dir='ltr'><strong>lsti</strong></span> <span class='ocrx_word' id='word_1_134' title='bbox 1502 1551 1715 1620; x_wconf 87' lang='lat' dir='ltr'><strong>quidem</strong></span> 
     </span>
    </p>
   </div>
   <div class='ocr_carea' id='block_1_18' title="bbox 143 1641 1715 1712">
    <p class='ocr_par' dir='ltr' id='par_1_18' title="bbox 143 1641 1715 1712">
     <span class='ocr_line' id='line_1_18' title="bbox 143 1641 1715 1712; baseline 0 -16"><span class='ocrx_word' id='word_1_135' title='bbox 143 1652 198 1697; x_wconf 88' lang='lat' dir='ltr'><strong>ut</strong></span> <span class='ocrx_word' id='word_1_136' title='bbox 220 1657 371 1712; x_wconf 81' lang='lat' dir='ltr'><strong>pares</strong></span> <span class='ocrx_word' id='word_1_137' title='bbox 401 1650 656 1711; x_wconf 58' lang='lat' dir='ltr'><strong>pansum,</strong></span> <span class='ocrx_word' id='word_1_138' title='bbox 686 1641 761 1695; x_wconf 89' lang='lat' dir='ltr'><strong>illi</strong></span> <span class='ocrx_word' id='word_1_139' title='bbox 789 1655 918 1696; x_wconf 79' lang='lat' dir='ltr'><strong>vero</strong></span> <span class='ocrx_word' id='word_1_140' title='bbox 947 1641 998 1695; x_wconf 91' lang='lat' dir='ltr'><strong>in</strong></span> <span class='ocrx_word' id='word_1_141' title='bbox 1027 1648 1295 1710; x_wconf 87' lang='lat' dir='ltr'><strong>potestate</strong></span> <span class='ocrx_word' id='word_1_142' title='bbox 1336 1641 1715 1710; x_wconf 65' lang='lat' dir='ltr'><strong>pvaaeminendi</strong></span> 
     </span>
    </p>
   </div>
   <div class='ocr_carea' id='block_1_19' title="bbox 1830 462 3410 531">
    <p class='ocr_par' dir='ltr' id='par_1_19' title="bbox 1830 462 3410 531">
     <span class='ocr_line' id='line_1_19' title="bbox 1830 462 3410 531; baseline 0.005 -18"><span class='ocrx_word' id='word_1_143' title='bbox 1830 477 2024 531; x_wconf 82' lang='lat' dir='ltr'><strong>regem.</strong></span> <span class='ocrx_word' id='word_1_144' title='bbox 2047 462 2108 516; x_wconf 88' lang='lat' dir='ltr'><strong>Si</strong></span> <span class='ocrx_word' id='word_1_145' title='bbox 2130 464 2400 518; x_wconf 88' lang='lat' dir='ltr'><strong>timueritis</strong></span> <span class='ocrx_word' id='word_1_146' title='bbox 2431 465 2594 518; x_wconf 87' lang='lat' dir='ltr'><strong>Deum</strong></span> <span class='ocrx_word' id='word_1_147' title='bbox 2620 505 2634 528; x_wconf 88' lang='lat'><strong>,</strong></span> <span class='ocrx_word' id='word_1_148' title='bbox 2666 475 2714 519; x_wconf 93' lang='lat' dir='ltr'><strong>et</strong></span> <span class='ocrx_word' id='word_1_149' title='bbox 2736 465 3012 520; x_wconf 83' lang='lat' dir='ltr'><strong>servieritis</strong></span> <span class='ocrx_word' id='word_1_150' title='bbox 3039 467 3084 517; x_wconf 80' lang='lat' dir='ltr'><strong>ei</strong></span> <span class='ocrx_word' id='word_1_151' title='bbox 3101 507 3117 531; x_wconf 86' lang='lat'><strong>,</strong></span> <span class='ocrx_word' id='word_1_152' title='bbox 3149 476 3198 518; x_wconf 89' lang='lat' dir='ltr'><strong>et</strong></span> <span class='ocrx_word' id='word_1_153' title='bbox 3226 470 3410 522; x_wconf 83' lang='lat' dir='ltr'><strong>audie-</strong></span> 
     </span>
    </p>
   </div>
   <div class='ocr_carea' id='block_1_20' title="bbox 1828 551 3409 624">
    <p class='ocr_par' dir='ltr' id='par_1_20' title="bbox 1828 551 3409 624">
     <span class='ocr_line' id='line_1_20' title="bbox 1828 551 3409 624; baseline 0.003 -20"><span class='ocrx_word' id='word_1_154' title='bbox 1828 551 1943 605; x_wconf 84' lang='lat' dir='ltr'><strong>ritis</strong></span> <span class='ocrx_word' id='word_1_155' title='bbox 1990 569 2160 606; x_wconf 76' lang='lat' dir='ltr'><strong>vocem</strong></span> <span class='ocrx_word' id='word_1_156' title='bbox 2189 554 2300 622; x_wconf 90' lang='lat' dir='ltr'><strong>ejus</strong></span> <span class='ocrx_word' id='word_1_157' title='bbox 2322 596 2336 620; x_wconf 87' lang='lat'><strong>,</strong></span> <span class='ocrx_word' id='word_1_158' title='bbox 2368 565 2418 607; x_wconf 85' lang='lat' dir='ltr'><strong>et</strong></span> <span class='ocrx_word' id='word_1_159' title='bbox 2439 571 2542 608; x_wconf 87' lang='lat' dir='ltr'><strong>non</strong></span> <span class='ocrx_word' id='word_1_160' title='bbox 2588 555 3018 624; x_wconf 77' lang='lat' dir='ltr'><strong>exasperaveritis</strong></span> <span class='ocrx_word' id='word_1_161' title='bbox 3053 571 3110 607; x_wconf 88' lang='lat' dir='ltr'><strong>os</strong></span> <span class='ocrx_word' id='word_1_162' title='bbox 3159 552 3370 608; x_wconf 82' lang='lat' dir='ltr'><strong>Domini</strong></span> <span class='ocrx_word' id='word_1_163' title='bbox 3393 595 3409 619; x_wconf 91' lang='lat'><strong>,</strong></span> 
     </span>
    </p>
   </div>
   <div class='ocr_carea' id='block_1_21' title="bbox 1827 643 3414 717">
    <p class='ocr_par' dir='ltr' id='par_1_21' title="bbox 1827 643 3414 717">
     <span class='ocr_line' id='line_1_21' title="bbox 1827 643 3414 717; baseline 0.003 -23"><span class='ocrx_word' id='word_1_164' title='bbox 1827 643 1967 695; x_wconf 83' lang='lat' dir='ltr'><strong>eritis</strong></span> <span class='ocrx_word' id='word_1_165' title='bbox 1988 653 2038 696; x_wconf 90' lang='lat' dir='ltr'><strong>et</strong></span> <span class='ocrx_word' id='word_1_166' title='bbox 2065 659 2152 697; x_wconf 86' lang='lat' dir='ltr'><strong>vos</strong></span> <span class='ocrx_word' id='word_1_167' title='bbox 2180 655 2262 710; x_wconf 85' lang='lat' dir='ltr'><strong>,et</strong></span> <span class='ocrx_word' id='word_1_168' title='bbox 2286 661 2379 698; x_wconf 73' lang='lat' dir='ltr'><strong>rex</strong></span> <span class='ocrx_word' id='word_1_169' title='bbox 2409 655 2572 698; x_wconf 71' lang='lat' dir='ltr'><strong>vester</strong></span> <span class='ocrx_word' id='word_1_170' title='bbox 2594 647 2678 712; x_wconf 82' lang='lat' dir='ltr'><strong>qui</strong></span> <span class='ocrx_word' id='word_1_171' title='bbox 2704 648 2925 716; x_wconf 89' lang='lat' dir='ltr'><strong>imperat</strong></span> <span class='ocrx_word' id='word_1_172' title='bbox 2945 644 3081 699; x_wconf 73' lang='lat' dir='ltr'><strong>vobr&#39;s</strong></span> <span class='ocrx_word' id='word_1_173' title='bbox 3109 688 3123 712; x_wconf 90' lang='lat'><strong>,</strong></span> <span class='ocrx_word' id='word_1_174' title='bbox 3149 660 3414 717; x_wconf 82' lang='lat' dir='ltr'><strong>sequentes</strong></span> 
     </span>
    </p>
   </div>
   <div class='ocr_carea' id='block_1_22' title="bbox 1831 728 3413 788">
    <p class='ocr_par' dir='ltr' id='par_1_22' title="bbox 1831 728 3413 788">
     <span class='ocr_line' id='line_1_22' title="bbox 1831 728 3413 788; baseline 0.003 -6"><span class='ocrx_word' id='word_1_175' title='bbox 1831 728 2107 783; x_wconf 87' lang='lat' dir='ltr'><strong>Dominum</strong></span> <span class='ocrx_word' id='word_1_176' title='bbox 2151 731 2317 784; x_wconf 85' lang='lat' dir='ltr'><strong>Deum</strong></span> <span class='ocrx_word' id='word_1_177' title='bbox 2345 741 2587 786; x_wconf 76' lang='lat' dir='ltr'><strong>uestrum.</strong></span> <span class='ocrx_word' id='word_1_178' title='bbox 2639 733 2699 786; x_wconf 96' lang='lat' dir='ltr'><strong>Si</strong></span> <span class='ocrx_word' id='word_1_179' title='bbox 2741 744 2910 786; x_wconf 80' lang='lat' dir='ltr'><strong>autem</strong></span> <span class='ocrx_word' id='word_1_180' title='bbox 2937 751 3041 788; x_wconf 86' lang='lat' dir='ltr'><strong>non</strong></span> <span class='ocrx_word' id='word_1_181' title='bbox 3071 735 3413 788; x_wconf 69' lang='lat' dir='ltr'><strong>exaudieritis</strong></span> 
     </span>
    </p>
   </div>
   <div class='ocr_carea' id='block_1_23' title="bbox 1824 819 3414 894">
    <p class='ocr_par' dir='ltr' id='par_1_23' title="bbox 1824 819 3414 894">
     <span class='ocr_line' id='line_1_23' title="bbox 1824 819 3414 894; baseline 0.003 -23"><span class='ocrx_word' id='word_1_182' title='bbox 1824 835 1994 873; x_wconf 74' lang='lat' dir='ltr'><strong>uocem</strong></span> <span class='ocrx_word' id='word_1_183' title='bbox 2022 819 2263 886; x_wconf 87' lang='lat' dir='ltr'><strong>Domini,</strong></span> <span class='ocrx_word' id='word_1_184' title='bbox 2293 822 2383 874; x_wconf 83' lang='lat' dir='ltr'><strong>sed</strong></span> <span class='ocrx_word' id='word_1_185' title='bbox 2403 823 2832 890; x_wconf 66' lang='lat' dir='ltr'><strong>exasperaveritis</strong></span> <span class='ocrx_word' id='word_1_186' title='bbox 2860 839 3119 877; x_wconf 86' lang='lat' dir='ltr'><strong>sermones</strong></span> <span class='ocrx_word' id='word_1_187' title='bbox 3139 824 3251 894; x_wconf 84' lang='lat' dir='ltr'><strong>ejus</strong></span> <span class='ocrx_word' id='word_1_188' title='bbox 3273 864 3288 889; x_wconf 91' lang='lat'><strong>,</strong></span> <span class='ocrx_word' id='word_1_189' title='bbox 3314 825 3414 876; x_wconf 83' lang='lat' dir='ltr'><strong>erit</strong></span> 
     </span>
    </p>
   </div>
   <div class='ocr_carea' id='block_1_24' title="bbox 1824 909 3270 982">
    <p class='ocr_par' dir='ltr' id='par_1_24' title="bbox 1824 909 3270 982">
     <span class='ocr_line' id='line_1_24' title="bbox 1824 909 3270 982; baseline 0.003 -21"><span class='ocrx_word' id='word_1_190' title='bbox 1824 926 2008 962; x_wconf 86' lang='lat' dir='ltr'><strong>manus</strong></span> <span class='ocrx_word' id='word_1_191' title='bbox 2041 909 2246 964; x_wconf 81' lang='lat' dir='ltr'><strong>Domini</strong></span> <span class='ocrx_word' id='word_1_192' title='bbox 2271 927 2423 979; x_wconf 86' lang='lat' dir='ltr'><strong>super</strong></span> <span class='ocrx_word' id='word_1_193' title='bbox 2449 927 2535 966; x_wconf 80' lang='lat' dir='ltr'><strong>vos</strong></span> <span class='ocrx_word' id='word_1_194' title='bbox 2553 953 2568 976; x_wconf 89' lang='lat'><strong>,</strong></span> <span class='ocrx_word' id='word_1_195' title='bbox 2599 920 2648 964; x_wconf 88' lang='lat' dir='ltr'><strong>et</strong></span> <span class='ocrx_word' id='word_1_196' title='bbox 2677 928 2829 982; x_wconf 83' lang='lat' dir='ltr'><strong>super</strong></span> <span class='ocrx_word' id='word_1_197' title='bbox 2856 922 3031 982; x_wconf 87' lang='lat' dir='ltr'><strong>patres</strong></span> <span class='ocrx_word' id='word_1_198' title='bbox 3059 923 3270 967; x_wconf 73' lang='lat' dir='ltr'><strong>vestros.</strong></span> 
     </span>
    </p>
   </div>
   <div class='ocr_carea' id='block_1_25' title="bbox 1898 999 3405 1073">
    <p class='ocr_par' dir='ltr' id='par_1_25' title="bbox 1898 999 3405 1073">
     <span class='ocr_line' id='line_1_25' title="bbox 1898 999 3405 1073; baseline 0.003 -21"><span class='ocrx_word' id='word_1_199' title='bbox 1898 1001 1949 1054; x_wconf 88' lang='lat'><strong>7.</strong></span> <span class='ocrx_word' id='word_1_200' title='bbox 1989 999 2116 1055; x_wconf 73' lang='lat' dir='ltr'><strong>llmc</strong></span> <span class='ocrx_word' id='word_1_201' title='bbox 2145 1000 2385 1070; x_wconf 71' lang='lat' dir='ltr'><strong>proiecto</strong></span> <span class='ocrx_word' id='word_1_202' title='bbox 2429 1018 2534 1056; x_wconf 90' lang='lat' dir='ltr'><strong>non</strong></span> <span class='ocrx_word' id='word_1_203' title='bbox 2566 1003 2791 1073; x_wconf 86' lang='lat' dir='ltr'><strong>mystica</strong></span> <span class='ocrx_word' id='word_1_204' title='bbox 2815 1044 2830 1068; x_wconf 94' lang='lat'><strong>,</strong></span> <span class='ocrx_word' id='word_1_205' title='bbox 2862 1003 2955 1057; x_wconf 87' lang='lat' dir='ltr'><strong>sed</strong></span> <span class='ocrx_word' id='word_1_206' title='bbox 2985 1003 3241 1058; x_wconf 83' lang='lat' dir='ltr'><strong>historica</strong></span> <span class='ocrx_word' id='word_1_207' title='bbox 3277 1013 3405 1058; x_wconf 88' lang='lat' dir='ltr'><strong>sunt</strong></span> 
     </span>
    </p>
   </div>
   <div class='ocr_carea' id='block_1_26' title="bbox 1827 1088 3405 1164">
    <p class='ocr_par' dir='ltr' id='par_1_26' title="bbox 1827 1088 3405 1164">
     <span class='ocr_line' id='line_1_26' title="bbox 1827 1088 3405 1164; baseline 0.003 -22"><span class='ocrx_word' id='word_1_208' title='bbox 1827 1088 1878 1142; x_wconf 91' lang='lat' dir='ltr'><strong>in</strong></span> <span class='ocrx_word' id='word_1_209' title='bbox 1929 1090 2196 1145; x_wconf 79' lang='lat' dir='ltr'><strong>omnibus.</strong></span> <span class='ocrx_word' id='word_1_210' title='bbox 2251 1091 2384 1145; x_wconf 86' lang='lat' dir='ltr'><strong>Nam</strong></span> <span class='ocrx_word' id='word_1_211' title='bbox 2431 1092 2519 1144; x_wconf 91' lang='lat' dir='ltr'><strong>ubi</strong></span> <span class='ocrx_word' id='word_1_212' title='bbox 2543 1092 2746 1161; x_wconf 70' lang='lat' dir='ltr'><strong>pmlati</strong></span> <span class='ocrx_word' id='word_1_213' title='bbox 2785 1101 2842 1146; x_wconf 90' lang='lat' dir='ltr'><strong>et</strong></span> <span class='ocrx_word' id='word_1_214' title='bbox 2867 1092 3066 1148; x_wconf 89' lang='lat' dir='ltr'><strong>subditi</strong></span> <span class='ocrx_word' id='word_1_215' title='bbox 3120 1094 3405 1164; x_wconf 87' lang='lat' dir='ltr'><strong>reprobam</strong></span> 
     </span>
    </p>
   </div>
   <div class='ocr_carea' id='block_1_27' title="bbox 1825 1180 3407 1254">
    <p class='ocr_par' dir='ltr' id='par_1_27' title="bbox 1825 1180 3407 1254">
     <span class='ocr_line' id='line_1_27' title="bbox 1825 1180 3407 1254; baseline 0.006 -24"><span class='ocrx_word' id='word_1_216' title='bbox 1825 1180 1985 1234; x_wconf 78' lang='lat' dir='ltr'><strong>sitam</strong></span> <span class='ocrx_word' id='word_1_217' title='bbox 2007 1181 2248 1248; x_wconf 85' lang='lat' dir='ltr'><strong>ducunt,</strong></span> <span class='ocrx_word' id='word_1_218' title='bbox 2289 1183 2484 1237; x_wconf 79' lang='lat' dir='ltr'><strong>divina:</strong></span> <span class='ocrx_word' id='word_1_219' title='bbox 2529 1183 2748 1239; x_wconf 87' lang='lat' dir='ltr'><strong>ultionis</strong></span> <span class='ocrx_word' id='word_1_220' title='bbox 2787 1199 3000 1254; x_wconf 80' lang='lat' dir='ltr'><strong>ptenam</strong></span> <span class='ocrx_word' id='word_1_221' title='bbox 3051 1185 3252 1253; x_wconf 82' lang='lat' dir='ltr'><strong>pariter</strong></span> <span class='ocrx_word' id='word_1_222' title='bbox 3276 1186 3407 1241; x_wconf 87' lang='lat' dir='ltr'><strong>sub-</strong></span> 
     </span>
    </p>
   </div>
   <div class='ocr_carea' id='block_1_28' title="bbox 1821 1269 3402 1345">
    <p class='ocr_par' dir='ltr' id='par_1_28' title="bbox 1821 1269 3402 1345">
     <span class='ocr_line' id='line_1_28' title="bbox 1821 1269 3402 1345; baseline 0.003 -21"><span class='ocrx_word' id='word_1_223' title='bbox 1821 1279 1973 1324; x_wconf 88' lang='lat' dir='ltr'><strong>eunt.</strong></span> <span class='ocrx_word' id='word_1_224' title='bbox 2003 1269 2110 1324; x_wconf 89' lang='lat' dir='ltr'><strong>Sed</strong></span> <span class='ocrx_word' id='word_1_225' title='bbox 2134 1272 2255 1340; x_wconf 85' lang='lat' dir='ltr'><strong>quia</strong></span> <span class='ocrx_word' id='word_1_226' title='bbox 2276 1273 2566 1342; x_wconf 50' lang='lat' dir='ltr'><strong>separatim</strong></span> <span class='ocrx_word' id='word_1_227' title='bbox 2588 1274 2855 1328; x_wconf 89' lang='lat' dir='ltr'><strong>ducuntur</strong></span> <span class='ocrx_word' id='word_1_228' title='bbox 2891 1271 3074 1345; x_wconf 87' lang='lat' dir='ltr'><strong>[Forte</strong></span> <span class='ocrx_word' id='word_1_229' title='bbox 3103 1274 3402 1345; x_wconf 84' lang='lat' dir='ltr'><strong>legendum,</strong></span> 
     </span>
    </p>
   </div>
   <div class='ocr_carea' id='block_1_29' title="bbox 1822 1358 3405 1434">
    <p class='ocr_par' dir='ltr' id='par_1_29' title="bbox 1822 1358 3405 1434">
     <span class='ocr_line' id='line_1_29' title="bbox 1822 1358 3405 1434; baseline 0.006 -22"><span class='ocrx_word' id='word_1_230' title='bbox 1822 1358 2115 1430; x_wconf 88' lang='lat' dir='ltr'><strong>dicuntur]</strong></span> <span class='ocrx_word' id='word_1_231' title='bbox 2149 1360 2322 1427; x_wconf 88' lang='lat' dir='ltr'><strong>bona,</strong></span> <span class='ocrx_word' id='word_1_232' title='bbox 2353 1363 2658 1431; x_wconf 76' lang='lat' dir='ltr'><strong>separatim</strong></span> <span class='ocrx_word' id='word_1_233' title='bbox 2702 1364 2842 1417; x_wconf 89' lang='lat' dir='ltr'><strong>mala</strong></span> <span class='ocrx_word' id='word_1_234' title='bbox 2869 1379 2883 1430; x_wconf 92' lang='lat'><strong>;</strong></span> <span class='ocrx_word' id='word_1_235' title='bbox 2916 1364 3003 1417; x_wconf 90' lang='lat' dir='ltr'><strong>illa</strong></span> <span class='ocrx_word' id='word_1_236' title='bbox 3029 1405 3043 1428; x_wconf 94' lang='lat'><strong>,</strong></span> <span class='ocrx_word' id='word_1_237' title='bbox 3075 1379 3174 1433; x_wconf 90' lang='lat' dir='ltr'><strong>pro</strong></span> <span class='ocrx_word' id='word_1_238' title='bbox 3211 1366 3405 1434; x_wconf 86' lang='lat' dir='ltr'><strong>quibus</strong></span> 
     </span>
    </p>
   </div>
   <div class='ocr_carea' id='block_1_30' title="bbox 1822 1454 3406 1528">
    <p class='ocr_par' dir='ltr' id='par_1_30' title="bbox 1822 1454 3406 1528">
     <span class='ocr_line' id='line_1_30' title="bbox 1822 1454 3406 1528; baseline 0.005 -22"><span class='ocrx_word' id='word_1_239' title='bbox 1822 1468 2012 1508; x_wconf 87' lang='lat' dir='ltr'><strong>manus</strong></span> <span class='ocrx_word' id='word_1_240' title='bbox 2043 1454 2249 1509; x_wconf 90' lang='lat' dir='ltr'><strong>Domini</strong></span> <span class='ocrx_word' id='word_1_241' title='bbox 2280 1471 2442 1525; x_wconf 87' lang='lat' dir='ltr'><strong>super</strong></span> <span class='ocrx_word' id='word_1_242' title='bbox 2472 1471 2567 1512; x_wconf 90' lang='lat' dir='ltr'><strong>eos</strong></span> <span class='ocrx_word' id='word_1_243' title='bbox 2600 1457 2774 1514; x_wconf 78' lang='lat' dir='ltr'><strong>futura</strong></span> <span class='ocrx_word' id='word_1_244' title='bbox 2800 1459 3130 1528; x_wconf 69' lang='lat' dir='ltr'><strong>prmdititur,</strong></span> <span class='ocrx_word' id='word_1_245' title='bbox 3161 1461 3406 1516; x_wconf 83' lang='lat' dir='ltr'><strong>subtilius</strong></span> 
     </span>
    </p>
   </div>
   <div class='ocr_carea' id='block_1_31' title="bbox 1820 1545 3406 1620">
    <p class='ocr_par' dir='ltr' id='par_1_31' title="bbox 1820 1545 3406 1620">
     <span class='ocr_line' id='line_1_31' title="bbox 1820 1545 3406 1620; baseline 0.006 -22"><span class='ocrx_word' id='word_1_246' title='bbox 1820 1545 2206 1600; x_wconf 85' lang='lat' dir='ltr'><strong>consideranda</strong></span> <span class='ocrx_word' id='word_1_247' title='bbox 2236 1554 2379 1600; x_wconf 91' lang='lat' dir='ltr'><strong>sunt.</strong></span> <span class='ocrx_word' id='word_1_248' title='bbox 2409 1547 2547 1613; x_wconf 86' lang='lat' dir='ltr'><strong>Quid</strong></span> <span class='ocrx_word' id='word_1_249' title='bbox 2563 1563 2712 1616; x_wconf 85' lang='lat' dir='ltr'><strong>ergo,</strong></span> <span class='ocrx_word' id='word_1_250' title='bbox 2737 1551 2878 1620; x_wconf 91' lang='lat' dir='ltr'><strong>quod</strong></span> <span class='ocrx_word' id='word_1_251' title='bbox 2911 1551 2980 1604; x_wconf 89' lang='lat' dir='ltr'><strong>ait</strong></span> <span class='ocrx_word' id='word_1_252' title='bbox 3012 1569 3022 1602; x_wconf 93' lang='lat'><strong>:</strong></span> <span class='ocrx_word' id='word_1_253' title='bbox 3049 1551 3108 1606; x_wconf 89' lang='lat' dir='ltr'><strong>Si</strong></span> <span class='ocrx_word' id='word_1_254' title='bbox 3131 1552 3406 1607; x_wconf 80' lang='lat' dir='ltr'><strong>timueritis</strong></span> 
     </span>
    </p>
   </div>
   <div class='ocr_carea' id='block_1_32' title="bbox 1822 1633 3402 1710">
    <p class='ocr_par' dir='ltr' id='par_1_32' title="bbox 1822 1633 3402 1710">
     <span class='ocr_line' id='line_1_32' title="bbox 1822 1633 3402 1710; baseline 0.006 -22"><span class='ocrx_word' id='word_1_255' title='bbox 1822 1633 2138 1700; x_wconf 87' lang='lat' dir='ltr'><strong>Dominum,</strong></span> <span class='ocrx_word' id='word_1_256' title='bbox 2165 1646 2214 1689; x_wconf 86' lang='lat' dir='ltr'><strong>et</strong></span> <span class='ocrx_word' id='word_1_257' title='bbox 2241 1639 2517 1692; x_wconf 58' lang='grc' dir='ltr'><strong>μηνίει-ἱείς</strong></span> <span class='ocrx_word' id='word_1_258' title='bbox 2546 1639 2631 1693; x_wconf 88' lang='lat' dir='ltr'><strong>ei:</strong></span> <span class='ocrx_word' id='word_1_259' title='bbox 2661 1639 2761 1693; x_wconf 87' lang='lat' dir='ltr'><strong>nisi</strong></span> <span class='ocrx_word' id='word_1_260' title='bbox 2785 1641 2908 1708; x_wconf 83' lang='lat' dir='ltr'><strong>quia</strong></span> <span class='ocrx_word' id='word_1_261' title='bbox 2937 1641 3180 1710; x_wconf 86' lang='lat' dir='ltr'><strong>plerique</strong></span> <span class='ocrx_word' id='word_1_262' title='bbox 3208 1641 3402 1696; x_wconf 69' lang='lat' dir='ltr'><strong>divinm</strong></span> 
     </span>
    </p>
   </div>
   <div class='ocr_carea' id='block_1_33' title="bbox 146 1724 3404 1802">
    <p class='ocr_par' dir='ltr' id='par_1_33' title="bbox 146 1724 3404 1802">
     <span class='ocr_line' id='line_1_33' title="bbox 146 1724 3404 1802; baseline 0.001 -16"><span class='ocrx_word' id='word_1_263' title='bbox 146 1733 492 1802; x_wconf 76' lang='lat' dir='ltr'><strong>arrogantiam</strong></span> <span class='ocrx_word' id='word_1_264' title='bbox 522 1732 781 1787; x_wconf 71' lang='lat' dir='ltr'><strong>exhibent</strong></span> <span class='ocrx_word' id='word_1_265' title='bbox 811 1731 1212 1786; x_wconf 87' lang='lat' dir='ltr'><strong>dominationis.</strong></span> <span class='ocrx_word' id='word_1_266' title='bbox 1256 1731 1349 1788; x_wconf 82' lang='lat' dir='ltr'><strong>Isti</strong></span> <span class='ocrx_word' id='word_1_267' title='bbox 1399 1731 1716 1787; x_wconf 78' lang='lat' dir='ltr'><strong>ittnoccntize</strong></span> <span class='ocrx_word' id='word_1_268' title='bbox 1746 1729 1794 1788; x_wconf 88' lang='lat' dir='ltr'><strong>B</strong></span> <span class='ocrx_word' id='word_1_269' title='bbox 1819 1724 2170 1780; x_wconf 71' lang='grc' dir='ltr'><strong>ἀίειιίῢιίίηιὶε</strong></span> <span class='ocrx_word' id='word_1_270' title='bbox 2210 1727 2408 1793; x_wconf 67' lang='lat' dir='ltr'><strong>iudicia</strong></span> <span class='ocrx_word' id='word_1_271' title='bbox 2449 1737 2692 1783; x_wconf 78' lang='lat' dir='ltr'><strong>metuunt</strong></span> <span class='ocrx_word' id='word_1_272' title='bbox 2714 1769 2730 1793; x_wconf 82' lang='grc'><em>,</em></span> <span class='ocrx_word' id='word_1_273' title='bbox 2756 1739 2810 1785; x_wconf 82' lang='lat' dir='ltr'><strong>et</strong></span> <span class='ocrx_word' id='word_1_274' title='bbox 2839 1739 3017 1786; x_wconf 83' lang='lat' dir='ltr'><strong>tamen</strong></span> <span class='ocrx_word' id='word_1_275' title='bbox 3049 1748 3210 1802; x_wconf 87' lang='lat' dir='ltr'><strong>prava</strong></span> <span class='ocrx_word' id='word_1_276' title='bbox 3241 1748 3404 1802; x_wconf 83' lang='lat' dir='ltr'><strong>agere</strong></span> 
     </span>
    </p>
   </div>
   <div class='ocr_carea' id='block_1_34' title="bbox 147 1823 1716 1894">
    <p class='ocr_par' dir='ltr' id='par_1_34' title="bbox 147 1823 1716 1894">
     <span class='ocr_line' id='line_1_34' title="bbox 147 1823 1716 1894; baseline 0.001 -16"><span class='ocrx_word' id='word_1_277' title='bbox 147 1840 241 1878; x_wconf 67' lang='lat' dir='ltr'><strong>sua;</strong></span> <span class='ocrx_word' id='word_1_278' title='bbox 298 1823 668 1878; x_wconf 89' lang='lat' dir='ltr'><strong>testimonium</strong></span> <span class='ocrx_word' id='word_1_279' title='bbox 717 1837 901 1878; x_wconf 89' lang='lat' dir='ltr'><strong>coram</strong></span> <span class='ocrx_word' id='word_1_280' title='bbox 951 1823 1178 1878; x_wconf 85' lang='lat' dir='ltr'><strong>Domino</strong></span> <span class='ocrx_word' id='word_1_281' title='bbox 1224 1831 1280 1877; x_wconf 90' lang='lat' dir='ltr'><strong>et</strong></span> <span class='ocrx_word' id='word_1_282' title='bbox 1326 1825 1471 1878; x_wconf 84' lang='lat' dir='ltr'><strong>omni</strong></span> <span class='ocrx_word' id='word_1_283' title='bbox 1517 1825 1716 1894; x_wconf 79' lang='lat' dir='ltr'><strong>pepulo</strong></span> 
     </span>
    </p>
   </div>
   <div class='ocr_carea' id='block_1_35' title="bbox 147 1913 1718 1983">
    <p class='ocr_par' dir='ltr' id='par_1_35' title="bbox 147 1913 1718 1983">
     <span class='ocr_line' id='line_1_35' title="bbox 147 1913 1718 1983; baseline 0.001 -15"><span class='ocrx_word' id='word_1_284' title='bbox 147 1913 510 1968; x_wconf 80' lang='lat' dir='ltr'><strong>commendant</strong></span> <span class='ocrx_word' id='word_1_285' title='bbox 551 1930 565 1965; x_wconf 90' lang='lat'><strong>:</strong></span> <span class='ocrx_word' id='word_1_286' title='bbox 614 1913 742 1981; x_wconf 90' lang='lat' dir='ltr'><strong>quia</strong></span> <span class='ocrx_word' id='word_1_287' title='bbox 793 1929 894 1968; x_wconf 61' lang='lat' dir='ltr'><strong>nec</strong></span> <span class='ocrx_word' id='word_1_288' title='bbox 945 1913 1177 1982; x_wconf 60' lang='lat' dir='ltr'><strong>aliquem</strong></span> <span class='ocrx_word' id='word_1_289' title='bbox 1227 1913 1573 1983; x_wconf 77' lang='lat' dir='ltr'><strong>apprimunt,</strong></span> <span class='ocrx_word' id='word_1_290' title='bbox 1617 1928 1718 1969; x_wconf 90' lang='lat' dir='ltr'><strong>nec</strong></span> 
     </span>
    </p>
   </div>
   <div class='ocr_carea' id='block_1_36' title="bbox 149 2004 1714 2075">
    <p class='ocr_par' dir='ltr' id='par_1_36' title="bbox 149 2004 1714 2075">
     <span class='ocr_line' id='line_1_36' title="bbox 149 2004 1714 2075; baseline -0.001 -16"><span class='ocrx_word' id='word_1_291' title='bbox 149 2006 364 2060; x_wconf 89' lang='lat' dir='ltr'><strong>alienum</strong></span> <span class='ocrx_word' id='word_1_292' title='bbox 390 2004 593 2075; x_wconf 81' lang='lat' dir='ltr'><strong>aliquid</strong></span> <span class='ocrx_word' id='word_1_293' title='bbox 625 2005 678 2058; x_wconf 92' lang='lat' dir='ltr'><strong>in</strong></span> <span class='ocrx_word' id='word_1_294' title='bbox 718 2005 829 2060; x_wconf 87' lang='lat' dir='ltr'><strong>suis</strong></span> <span class='ocrx_word' id='word_1_295' title='bbox 855 2004 1041 2060; x_wconf 85' lang='lat' dir='ltr'><strong>usibus</strong></span> <span class='ocrx_word' id='word_1_296' title='bbox 1072 2004 1266 2059; x_wconf 77' lang='lat' dir='ltr'><strong>tollunt</strong></span> <span class='ocrx_word' id='word_1_297' title='bbox 1297 2022 1309 2056; x_wconf 87' lang='lat'><strong>:</strong></span> <span class='ocrx_word' id='word_1_298' title='bbox 1345 2004 1420 2058; x_wconf 89' lang='lat' dir='ltr'><strong>illi</strong></span> <span class='ocrx_word' id='word_1_299' title='bbox 1449 2019 1580 2059; x_wconf 86' lang='lat' dir='ltr'><strong>vero</strong></span> <span class='ocrx_word' id='word_1_300' title='bbox 1608 2019 1714 2058; x_wconf 91' lang='lat' dir='ltr'><strong>non</strong></span> 
     </span>
    </p>
   </div>
   <div class='ocr_carea' id='block_1_37' title="bbox 146 2093 1717 2166">
    <p class='ocr_par' dir='ltr' id='par_1_37' title="bbox 146 2093 1717 2166">
     <span class='ocr_line' id='line_1_37' title="bbox 146 2093 1717 2166; baseline -0.001 -15"><span class='ocrx_word' id='word_1_301' title='bbox 146 2098 302 2152; x_wconf 86' lang='lat' dir='ltr'><strong>solum</strong></span> <span class='ocrx_word' id='word_1_302' title='bbox 323 2097 540 2166; x_wconf 86' lang='lat' dir='ltr'><strong>propria</strong></span> <span class='ocrx_word' id='word_1_303' title='bbox 566 2095 793 2149; x_wconf 87' lang='lat' dir='ltr'><strong>subditis</strong></span> <span class='ocrx_word' id='word_1_304' title='bbox 814 2094 1083 2160; x_wconf 84' lang='lat' dir='ltr'><strong>auferunt,</strong></span> <span class='ocrx_word' id='word_1_305' title='bbox 1109 2093 1204 2148; x_wconf 91' lang='lat' dir='ltr'><strong>sed</strong></span> <span class='ocrx_word' id='word_1_306' title='bbox 1227 2095 1388 2148; x_wconf 88' lang='lat' dir='ltr'><strong>etiam</strong></span> <span class='ocrx_word' id='word_1_307' title='bbox 1420 2094 1562 2164; x_wconf 76' lang='lat' dir='ltr'><strong>ipsas</strong></span> <span class='ocrx_word' id='word_1_308' title='bbox 1590 2095 1717 2150; x_wconf 82' lang='lat' dir='ltr'><strong>sub-</strong></span> 
     </span>
    </p>
   </div>
   <div class='ocr_carea' id='block_1_38' title="bbox 148 2186 1717 2258">
    <p class='ocr_par' dir='ltr' id='par_1_38' title="bbox 148 2186 1717 2258">
     <span class='ocr_line' id='line_1_38' title="bbox 148 2186 1717 2258; baseline 0.002 -18"><span class='ocrx_word' id='word_1_309' title='bbox 148 2187 361 2242; x_wconf 85' lang='lat' dir='ltr'><strong>ditorum</strong></span> <span class='ocrx_word' id='word_1_310' title='bbox 391 2202 651 2258; x_wconf 85' lang='lat' dir='ltr'><strong>personas</strong></span> <span class='ocrx_word' id='word_1_311' title='bbox 673 2201 839 2242; x_wconf 85' lang='lat' dir='ltr'><strong>onere</strong></span> <span class='ocrx_word' id='word_1_312' title='bbox 867 2186 1143 2242; x_wconf 78' lang='lat' dir='ltr'><strong>servitutis</strong></span> <span class='ocrx_word' id='word_1_313' title='bbox 1172 2193 1442 2255; x_wconf 90' lang='lat' dir='ltr'><strong>premunt.</strong></span> <span class='ocrx_word' id='word_1_314' title='bbox 1472 2186 1717 2244; x_wconf 89' lang='lat' dir='ltr'><strong>Subdens</strong></span> 
     </span>
    </p>
   </div>
   <div class='ocr_carea' id='block_1_39' title="bbox 147 2279 409 2346">
    <p class='ocr_par' dir='ltr' id='par_1_39' title="bbox 147 2279 409 2346">
     <span class='ocr_line' id='line_1_39' title="bbox 147 2279 409 2346; baseline 0 -15"><span class='ocrx_word' id='word_1_315' title='bbox 147 2292 261 2346; x_wconf 84' lang='lat' dir='ltr'><strong>ergo</strong></span> <span class='ocrx_word' id='word_1_316' title='bbox 289 2279 366 2332; x_wconf 89' lang='lat' dir='ltr'><strong>ait</strong></span> <span class='ocrx_word' id='word_1_317' title='bbox 395 2296 409 2331; x_wconf 87' lang='lat'><strong>:</strong></span> 
     </span>
    </p>
   </div>
   <div class='ocr_carea' id='block_1_40' title="bbox 209 2387 1713 2461">
    <p class='ocr_par' dir='ltr' id='par_1_40' title="bbox 209 2387 1713 2461">
     <span class='ocr_line' id='line_1_40' title="bbox 209 2387 1713 2461; baseline -0.001 -19"><span class='ocrx_word' id='word_1_318' title='bbox 209 2389 375 2457; x_wconf 69' lang='lat' dir='ltr'><strong>(Veis.</strong></span> <span class='ocrx_word' id='word_1_319' title='bbox 402 2388 515 2460; x_wconf 74' lang='lat' dir='ltr'><strong>l2.)</strong></span> <span class='ocrx_word' id='word_1_320' title='bbox 564 2388 812 2443; x_wconf 85' lang='lat' dir='ltr'><strong>Videnles</strong></span> <span class='ocrx_word' id='word_1_321' title='bbox 833 2399 1023 2454; x_wconf 83' lang='lat' dir='ltr'><strong>autem,</strong></span> <span class='ocrx_word' id='word_1_322' title='bbox 1054 2389 1191 2461; x_wconf 79' lang='lat' dir='ltr'><strong>quod</strong></span> <span class='ocrx_word' id='word_1_323' title='bbox 1218 2387 1369 2443; x_wconf 86' lang='lat' dir='ltr'><strong>Nuas</strong></span> <span class='ocrx_word' id='word_1_324' title='bbox 1395 2389 1713 2457; x_wconf 82' lang='lat' dir='ltr'><strong>ascenderet,</strong></span> 
     </span>
    </p>
   </div>
   <div class='ocr_carea' id='block_1_41' title="bbox 149 2479 1716 2553">
    <p class='ocr_par' dir='ltr' id='par_1_41' title="bbox 149 2479 1716 2553">
     <span class='ocr_line' id='line_1_41' title="bbox 149 2479 1716 2553; baseline 0.001 -20"><span class='ocrx_word' id='word_1_325' title='bbox 149 2491 189 2533; x_wconf 87' lang='lat' dir='ltr'><strong>et</strong></span> <span class='ocrx_word' id='word_1_326' title='bbox 220 2490 464 2552; x_wconf 79' lang='lat' dir='ltr'><strong>pugnaret</strong></span> <span class='ocrx_word' id='word_1_327' title='bbox 503 2480 748 2534; x_wconf 67' lang='lat' dir='ltr'><strong>adversus</strong></span> <span class='ocrx_word' id='word_1_328' title='bbox 775 2497 900 2535; x_wconf 74' lang='lat' dir='ltr'><strong>vos:</strong></span> <span class='ocrx_word' id='word_1_329' title='bbox 935 2479 1302 2553; x_wconf 79' lang='lat' dir='ltr'><strong>Nequaquam,</strong></span> <span class='ocrx_word' id='word_1_330' title='bbox 1348 2481 1554 2535; x_wconf 74' lang='lat' dir='ltr'><strong>dixistis</strong></span> <span class='ocrx_word' id='word_1_331' title='bbox 1577 2497 1595 2534; x_wconf 92' lang='lat'><strong>:</strong></span> <span class='ocrx_word' id='word_1_332' title='bbox 1623 2481 1716 2534; x_wconf 82' lang='lat' dir='ltr'><strong>sed</strong></span> 
     </span>
    </p>
   </div>
   <div class='ocr_carea' id='block_1_42' title="bbox 150 2571 1620 2644">
    <p class='ocr_par' dir='ltr' id='par_1_42' title="bbox 150 2571 1620 2644">
     <span class='ocr_line' id='line_1_42' title="bbox 150 2571 1620 2644; baseline 0.003 -20"><span class='ocrx_word' id='word_1_333' title='bbox 150 2589 229 2626; x_wconf 75' lang='lat' dir='ltr'><strong>rex</strong></span> <span class='ocrx_word' id='word_1_334' title='bbox 253 2574 348 2626; x_wconf 84' lang='lat' dir='ltr'><strong>erit</strong></span> <span class='ocrx_word' id='word_1_335' title='bbox 368 2589 519 2643; x_wconf 72' lang='lat' dir='ltr'><strong>suptr</strong></span> <span class='ocrx_word' id='word_1_336' title='bbox 547 2589 672 2637; x_wconf 87' lang='lat' dir='ltr'><strong>nos;</strong></span> <span class='ocrx_word' id='word_1_337' title='bbox 699 2590 814 2626; x_wconf 83' lang='lat' dir='ltr'><strong>cum</strong></span> <span class='ocrx_word' id='word_1_338' title='bbox 840 2571 1096 2629; x_wconf 84' lang='lat' dir='ltr'><strong>Dominus</strong></span> <span class='ocrx_word' id='word_1_339' title='bbox 1123 2584 1360 2644; x_wconf 84' lang='lat' dir='ltr'><strong>regnaret</strong></span> <span class='ocrx_word' id='word_1_340' title='bbox 1384 2577 1438 2628; x_wconf 88' lang='lat' dir='ltr'><strong>in</strong></span> <span class='ocrx_word' id='word_1_341' title='bbox 1459 2572 1620 2628; x_wconf 73' lang='lat' dir='ltr'><strong>t&#39;obis.</strong></span> 
     </span>
    </p>
   </div>
   <div class='ocr_carea' id='block_1_43' title="bbox 209 2660 1710 2734">
    <p class='ocr_par' dir='ltr' id='par_1_43' title="bbox 209 2660 1710 2734">
     <span class='ocr_line' id='line_1_43' title="bbox 209 2660 1710 2734; baseline 0.003 -20"><span class='ocrx_word' id='word_1_342' title='bbox 209 2660 260 2717; x_wconf 83' lang='lat'><strong>6.</strong></span> <span class='ocrx_word' id='word_1_343' title='bbox 302 2661 458 2728; x_wconf 84' lang='lat' dir='ltr'><strong>Quasi</strong></span> <span class='ocrx_word' id='word_1_344' title='bbox 494 2663 676 2718; x_wconf 89' lang='lat' dir='ltr'><strong>dicat:</strong></span> <span class='ocrx_word' id='word_1_345' title='bbox 706 2663 786 2716; x_wconf 77' lang='lat' dir='ltr'><strong>Ad</strong></span> <span class='ocrx_word' id='word_1_346' title='bbox 823 2665 928 2719; x_wconf 88' lang='lat' dir='ltr'><strong>hoc</strong></span> <span class='ocrx_word' id='word_1_347' title='bbox 954 2664 1107 2718; x_wconf 84' lang='lat' dir='ltr'><strong>vobis</strong></span> <span class='ocrx_word' id='word_1_348' title='bbox 1145 2663 1417 2718; x_wconf 90' lang='lat' dir='ltr'><strong>hominem</strong></span> <span class='ocrx_word' id='word_1_349' title='bbox 1446 2662 1710 2734; x_wconf 81' lang='lat' dir='ltr'><strong>elegistis,</strong></span> 
     </span>
    </p>
   </div>
   <div class='ocr_carea' id='block_1_44' title="bbox 153 2754 1716 2823">
    <p class='ocr_par' dir='ltr' id='par_1_44' title="bbox 153 2754 1716 2823">
     <span class='ocr_line' id='line_1_44' title="bbox 153 2754 1716 2823; baseline 0.002 -16"><span class='ocrx_word' id='word_1_350' title='bbox 153 2754 208 2807; x_wconf 83' lang='lat' dir='ltr'><strong>ad</strong></span> <span class='ocrx_word' id='word_1_351' title='bbox 233 2754 370 2823; x_wconf 90' lang='lat' dir='ltr'><strong>quod</strong></span> <span class='ocrx_word' id='word_1_352' title='bbox 397 2754 566 2808; x_wconf 60' lang='lat' dir='ltr'><strong>Deum</strong></span> <span class='ocrx_word' id='word_1_353' title='bbox 595 2754 797 2810; x_wconf 84' lang='lat' dir='ltr'><strong>habere</strong></span> <span class='ocrx_word' id='word_1_354' title='bbox 845 2754 1122 2811; x_wconf 74' lang='lat' dir='ltr'><strong>solebatis.</strong></span> <span class='ocrx_word' id='word_1_355' title='bbox 1154 2754 1325 2820; x_wconf 78' lang='lat' dir='ltr'><strong>Quem</strong></span> <span class='ocrx_word' id='word_1_356' title='bbox 1354 2755 1602 2810; x_wconf 85' lang='lat' dir='ltr'><strong>nimirum</strong></span> <span class='ocrx_word' id='word_1_357' title='bbox 1632 2755 1716 2810; x_wconf 87' lang='lat' dir='ltr'><strong>lo-</strong></span> 
     </span>
    </p>
   </div>
   <div class='ocr_carea' id='block_1_45' title="bbox 153 2843 1712 2913">
    <p class='ocr_par' dir='ltr' id='par_1_45' title="bbox 153 2843 1712 2913">
     <span class='ocr_line' id='line_1_45' title="bbox 153 2843 1712 2913; baseline 0.002 -16"><span class='ocrx_word' id='word_1_358' title='bbox 153 2859 258 2898; x_wconf 87' lang='lat' dir='ltr'><strong>cum</strong></span> <span class='ocrx_word' id='word_1_359' title='bbox 300 2843 341 2897; x_wconf 87' lang='lat' dir='ltr'><strong>si</strong></span> <span class='ocrx_word' id='word_1_360' title='bbox 379 2843 732 2913; x_wconf 62' lang='lat' dir='ltr'><strong>.spiritualiter</strong></span> <span class='ocrx_word' id='word_1_361' title='bbox 773 2845 1043 2899; x_wconf 62' lang='lat' dir='ltr'><strong>discutere</strong></span> <span class='ocrx_word' id='word_1_362' title='bbox 1081 2845 1348 2908; x_wconf 89' lang='lat' dir='ltr'><strong>volumus,</strong></span> <span class='ocrx_word' id='word_1_363' title='bbox 1381 2846 1486 2899; x_wconf 91' lang='lat' dir='ltr'><strong>hoc</strong></span> <span class='ocrx_word' id='word_1_364' title='bbox 1529 2859 1597 2898; x_wconf 90' lang='lat' dir='ltr'><strong>ex</strong></span> <span class='ocrx_word' id='word_1_365' title='bbox 1646 2860 1712 2900; x_wconf 91' lang='lat' dir='ltr'><strong>eo</strong></span> 
     </span>
    </p>
   </div>
   <div class='ocr_carea' id='block_1_46' title="bbox 156 2934 1710 3005">
    <p class='ocr_par' dir='ltr' id='par_1_46' title="bbox 156 2934 1710 3005">
     <span class='ocr_line' id='line_1_46' title="bbox 156 2934 1710 3005; baseline -0.001 -15"><span class='ocrx_word' id='word_1_366' title='bbox 156 2935 433 3005; x_wconf 80' lang='lat' dir='ltr'><strong>colligitur:</strong></span> <span class='ocrx_word' id='word_1_367' title='bbox 467 2935 595 3003; x_wconf 84' lang='lat' dir='ltr'><strong>quia</strong></span> <span class='ocrx_word' id='word_1_368' title='bbox 620 2935 710 3004; x_wconf 82' lang='lat' dir='ltr'><strong>qui</strong></span> <span class='ocrx_word' id='word_1_369' title='bbox 739 2934 1010 2990; x_wconf 83' lang='lat' dir='ltr'><strong>carnalem</strong></span> <span class='ocrx_word' id='word_1_370' title='bbox 1039 2935 1138 2990; x_wconf 84' lang='lat' dir='ltr'><strong>sibi</strong></span> <span class='ocrx_word' id='word_1_371' title='bbox 1180 2950 1404 3004; x_wconf 73' lang='lat' dir='ltr'><strong>praeesse</strong></span> <span class='ocrx_word' id='word_1_372' title='bbox 1430 2943 1710 3004; x_wconf 76' lang='lat' dir='ltr'><strong>expetunt,</strong></span> 
     </span>
    </p>
   </div>
   <div class='ocr_carea' id='block_1_47' title="bbox 153 3027 1709 3098">
    <p class='ocr_par' dir='ltr' id='par_1_47' title="bbox 153 3027 1709 3098">
     <span class='ocr_line' id='line_1_47' title="bbox 153 3027 1709 3098; baseline 0.001 -18"><span class='ocrx_word' id='word_1_373' title='bbox 153 3027 362 3081; x_wconf 59' lang='lat' dir='ltr'><strong>divinam</strong></span> <span class='ocrx_word' id='word_1_374' title='bbox 386 3031 614 3097; x_wconf 74' lang='lat' dir='ltr'><strong>gratiam</strong></span> <span class='ocrx_word' id='word_1_375' title='bbox 645 3043 676 3081; x_wconf 87' lang='lat' dir='ltr'><strong>a</strong></span> <span class='ocrx_word' id='word_1_376' title='bbox 709 3043 770 3082; x_wconf 88' lang='lat' dir='ltr'><strong>se</strong></span> <span class='ocrx_word' id='word_1_377' title='bbox 796 3029 1079 3098; x_wconf 62' lang='lat' dir='ltr'><strong>t&#39;cpt-llunt.</strong></span> <span class='ocrx_word' id='word_1_378' title='bbox 1109 3028 1242 3083; x_wconf 87' lang='lat' dir='ltr'><strong>Nam</strong></span> <span class='ocrx_word' id='word_1_379' title='bbox 1271 3027 1398 3083; x_wconf 90' lang='lat' dir='ltr'><strong>dum</strong></span> <span class='ocrx_word' id='word_1_380' title='bbox 1428 3027 1709 3082; x_wconf 88' lang='lat' dir='ltr'><strong>humilium</strong></span> 
     </span>
    </p>
   </div>
   <div class='ocr_carea' id='block_1_48' title="bbox 154 3115 1707 3189">
    <p class='ocr_par' dir='ltr' id='par_1_48' title="bbox 154 3115 1707 3189">
     <span class='ocr_line' id='line_1_48' title="bbox 154 3115 1707 3189; baseline 0.001 -21"><span class='ocrx_word' id='word_1_381' title='bbox 154 3115 406 3171; x_wconf 87' lang='lat' dir='ltr'><strong>doctorum</strong></span> <span class='ocrx_word' id='word_1_382' title='bbox 429 3117 680 3186; x_wconf 73' lang='lat' dir='ltr'><strong>exemplo</strong></span> <span class='ocrx_word' id='word_1_383' title='bbox 711 3117 914 3181; x_wconf 87' lang='lat' dir='ltr'><strong>vivunt,</strong></span> <span class='ocrx_word' id='word_1_384' title='bbox 944 3118 1088 3172; x_wconf 80' lang='lat' dir='ltr'><strong>Velut</strong></span> <span class='ocrx_word' id='word_1_385' title='bbox 1114 3119 1183 3172; x_wconf 89' lang='lat' dir='ltr'><strong>ab</strong></span> <span class='ocrx_word' id='word_1_386' title='bbox 1211 3117 1445 3189; x_wconf 65' lang='lat' dir='ltr'><strong>Egypto</strong></span> <span class='ocrx_word' id='word_1_387' title='bbox 1469 3117 1707 3172; x_wconf 85' lang='lat' dir='ltr'><strong>liberan-</strong></span> 
     </span>
    </p>
   </div>
   <div class='ocr_carea' id='block_1_49' title="bbox 155 3207 1711 3277">
    <p class='ocr_par' dir='ltr' id='par_1_49' title="bbox 155 3207 1711 3277">
     <span class='ocr_line' id='line_1_49' title="bbox 155 3207 1711 3277; baseline 0.002 -18"><span class='ocrx_word' id='word_1_388' title='bbox 155 3216 261 3260; x_wconf 83' lang='lat' dir='ltr'><strong>tur:</strong></span> <span class='ocrx_word' id='word_1_389' title='bbox 289 3207 405 3276; x_wconf 87' lang='lat' dir='ltr'><strong>quia</strong></span> <span class='ocrx_word' id='word_1_390' title='bbox 430 3207 717 3277; x_wconf 83' lang='lat' dir='ltr'><strong>caliginem</strong></span> <span class='ocrx_word' id='word_1_391' title='bbox 764 3207 1020 3263; x_wconf 85' lang='lat' dir='ltr'><strong>mundani</strong></span> <span class='ocrx_word' id='word_1_392' title='bbox 1062 3208 1263 3264; x_wconf 88' lang='lat' dir='ltr'><strong>amoris</strong></span> <span class='ocrx_word' id='word_1_393' title='bbox 1304 3217 1418 3262; x_wconf 87' lang='lat' dir='ltr'><strong>toto</strong></span> <span class='ocrx_word' id='word_1_394' title='bbox 1445 3207 1711 3262; x_wconf 77' lang='lat' dir='ltr'><strong>desiderio</strong></span> 
     </span>
    </p>
   </div>
   <div class='ocr_carea' id='block_1_50' title="bbox 156 3298 1714 3372">
    <p class='ocr_par' dir='ltr' id='par_1_50' title="bbox 156 3298 1714 3372">
     <span class='ocr_line' id='line_1_50' title="bbox 156 3298 1714 3372; baseline 0.004 -20"><span class='ocrx_word' id='word_1_395' title='bbox 156 3298 360 3365; x_wconf 76' lang='lat' dir='ltr'><strong>fugiunt.</strong></span> <span class='ocrx_word' id='word_1_396' title='bbox 408 3299 545 3366; x_wconf 73' lang='lat' dir='ltr'><strong>Quia</strong></span> <span class='ocrx_word' id='word_1_397' title='bbox 597 3300 758 3355; x_wconf 70' lang='lat' dir='ltr'><strong>etiam</strong></span> <span class='ocrx_word' id='word_1_398' title='bbox 802 3300 1042 3355; x_wconf 77' lang='lat' dir='ltr'><strong>omnium</strong></span> <span class='ocrx_word' id='word_1_399' title='bbox 1077 3301 1327 3357; x_wconf 85' lang='lat' dir='ltr'><strong>vitiorum</strong></span> <span class='ocrx_word' id='word_1_400' title='bbox 1374 3300 1714 3372; x_wconf 82' lang='lat' dir='ltr'><strong>tyrannidem</strong></span> 
     </span>
    </p>
   </div>
   <div class='ocr_carea' id='block_1_51' title="bbox 155 3384 1714 3467">
    <p class='ocr_par' dir='ltr' id='par_1_51' title="bbox 155 3384 1714 3467">
     <span class='ocr_line' id='line_1_51' title="bbox 155 3384 1714 3467; baseline 0 -26"><span class='ocrx_word' id='word_1_401' title='bbox 155 3403 318 3442; x_wconf 62' lang='lat' dir='ltr'><strong>cetum</strong></span> <span class='ocrx_word' id='word_1_402' title='bbox 344 3388 579 3444; x_wconf 84' lang='lat' dir='ltr'><strong>doctrina</strong></span> <span class='ocrx_word' id='word_1_403' title='bbox 612 3388 864 3452; x_wconf 83' lang='lat' dir='ltr'><strong>evadunt,</strong></span> <span class='ocrx_word' id='word_1_404' title='bbox 889 3388 1036 3467; x_wconf 63' lang='lat' dir='ltr'><strong>velut</strong></span> <span class='ocrx_word' id='word_1_405' title='bbox 1057 3390 1129 3467; x_wconf 75' lang='lat' dir='ltr'><strong>de</strong></span> <span class='ocrx_word' id='word_1_406' title='bbox 1157 3403 1317 3442; x_wconf 87' lang='lat' dir='ltr'><strong>manu</strong></span> <span class='ocrx_word' id='word_1_407' title='bbox 1343 3384 1559 3455; x_wconf 71' lang='lat' dir='ltr'><strong>Sisaraz,</strong></span> <span class='ocrx_word' id='word_1_408' title='bbox 1589 3386 1714 3442; x_wconf 85' lang='lat' dir='ltr'><strong>Phi-</strong></span> 
     </span>
    </p>
   </div>
   <div class='ocr_carea' id='block_1_52' title="bbox 157 3460 1714 3548">
    <p class='ocr_par' dir='ltr' id='par_1_52' title="bbox 157 3460 1714 3548">
     <span class='ocr_line' id='line_1_52' title="bbox 157 3460 1714 3548; baseline 0.001 -16"><span class='ocrx_word' id='word_1_409' title='bbox 157 3479 430 3534; x_wconf 69' lang='lat' dir='ltr'><strong>liStinnrum</strong></span> <span class='ocrx_word' id='word_1_410' title='bbox 449 3469 490 3548; x_wconf 66' lang='grc'><em>,’</em></span> <span class='ocrx_word' id='word_1_411' title='bbox 517 3489 574 3534; x_wconf 89' lang='lat' dir='ltr'><strong>et</strong></span> <span class='ocrx_word' id='word_1_412' title='bbox 601 3478 742 3548; x_wconf 81' lang='lat' dir='ltr'><strong>regis</strong></span> <span class='ocrx_word' id='word_1_413' title='bbox 771 3479 955 3543; x_wconf 79' lang='lat' dir='ltr'><strong>Moab,</strong></span> <span class='ocrx_word' id='word_1_414' title='bbox 986 3460 1161 3534; x_wconf 79' lang='lat' dir='ltr'><strong>missis</strong></span> <span class='ocrx_word' id='word_1_415' title='bbox 1189 3479 1440 3546; x_wconf 89' lang='lat' dir='ltr'><strong>ducibus,</strong></span> <span class='ocrx_word' id='word_1_416' title='bbox 1475 3481 1714 3535; x_wconf 89' lang='lat' dir='ltr'><strong>liberan-</strong></span> 
     </span>
    </p>
   </div>
   <div class='ocr_carea' id='block_1_53' title="bbox 156 3568 1712 3640">
    <p class='ocr_par' dir='ltr' id='par_1_53' title="bbox 156 3568 1712 3640">
     <span class='ocr_line' id='line_1_53' title="bbox 156 3568 1712 3640; baseline 0.003 -17"><span class='ocrx_word' id='word_1_417' title='bbox 156 3578 253 3624; x_wconf 88' lang='lat' dir='ltr'><strong>tur.</strong></span> <span class='ocrx_word' id='word_1_418' title='bbox 295 3569 351 3624; x_wconf 80' lang='grc' dir='ltr'><strong>ιο</strong></span> <span class='ocrx_word' id='word_1_419' title='bbox 377 3570 569 3640; x_wconf 90' lang='lat' dir='ltr'><strong>quibus</strong></span> <span class='ocrx_word' id='word_1_420' title='bbox 605 3568 748 3624; x_wconf 88' lang='lat' dir='ltr'><strong>Dens</strong></span> <span class='ocrx_word' id='word_1_421' title='bbox 796 3568 901 3636; x_wconf 88' lang='lat' dir='ltr'><strong>iam</strong></span> <span class='ocrx_word' id='word_1_422' title='bbox 930 3570 1078 3626; x_wconf 85' lang='lat' dir='ltr'><strong>solus</strong></span> <span class='ocrx_word' id='word_1_423' title='bbox 1115 3570 1456 3638; x_wconf 82' lang='lat' dir='ltr'><strong>omnipotens</strong></span> <span class='ocrx_word' id='word_1_424' title='bbox 1483 3583 1712 3639; x_wconf 79' lang='lat' dir='ltr'><strong>regnat:</strong></span> 
     </span>
    </p>
   </div>
   <div class='ocr_carea' id='block_1_54' title="bbox 158 3659 1716 3729">
    <p class='ocr_par' dir='ltr' id='par_1_54' title="bbox 158 3659 1716 3729">
     <span class='ocr_line' id='line_1_54' title="bbox 158 3659 1716 3729; baseline 0.004 -17"><span class='ocrx_word' id='word_1_425' title='bbox 158 3660 266 3727; x_wconf 82' lang='lat' dir='ltr'><strong>quia</strong></span> <span class='ocrx_word' id='word_1_426' title='bbox 291 3659 406 3714; x_wconf 89' lang='lat' dir='ltr'><strong>dum</strong></span> <span class='ocrx_word' id='word_1_427' title='bbox 431 3659 663 3713; x_wconf 78' lang='lat' dir='ltr'><strong>humiles</strong></span> <span class='ocrx_word' id='word_1_428' title='bbox 693 3667 936 3729; x_wconf 87' lang='lat' dir='ltr'><strong>pastores</strong></span> <span class='ocrx_word' id='word_1_429' title='bbox 964 3659 1092 3715; x_wconf 83' lang='lat' dir='ltr'><strong>furis</strong></span> <span class='ocrx_word' id='word_1_430' title='bbox 1122 3659 1419 3723; x_wconf 87' lang='lat' dir='ltr'><strong>imttantur,</strong></span> <span class='ocrx_word' id='word_1_431' title='bbox 1443 3663 1716 3729; x_wconf 78' lang='lat' dir='ltr'><strong>regnantis</strong></span> 
     </span>
    </p>
   </div>
   <div class='ocr_carea' id='block_1_55' title="bbox 162 3749 1716 3822">
    <p class='ocr_par' dir='ltr' id='par_1_55' title="bbox 162 3749 1716 3822">
     <span class='ocr_line' id='line_1_55' title="bbox 162 3749 1716 3822; baseline 0.003 -20"><span class='ocrx_word' id='word_1_432' title='bbox 162 3749 284 3805; x_wconf 76' lang='lat' dir='ltr'><strong>inter</strong></span> <span class='ocrx_word' id='word_1_433' title='bbox 325 3764 381 3804; x_wconf 86' lang='lat' dir='ltr'><strong>se</strong></span> <span class='ocrx_word' id='word_1_434' title='bbox 415 3750 708 3805; x_wconf 67' lang='lat' dir='ltr'><strong>divinitatis</strong></span> <span class='ocrx_word' id='word_1_435' title='bbox 734 3763 972 3806; x_wconf 91' lang='lat' dir='ltr'><strong>amorem</strong></span> <span class='ocrx_word' id='word_1_436' title='bbox 998 3762 1274 3820; x_wconf 78' lang='lat' dir='ltr'><strong>gratanter</strong></span> <span class='ocrx_word' id='word_1_437' title='bbox 1300 3753 1594 3822; x_wconf 43' lang='lat' dir='ltr'><strong>excipiunt.</strong></span> <span class='ocrx_word' id='word_1_438' title='bbox 1627 3751 1716 3806; x_wconf 88' lang='lat' dir='ltr'><strong>Di-</strong></span> 
     </span>
    </p>
   </div>
   <div class='ocr_carea' id='block_1_56' title="bbox 162 3838 1718 3912">
    <p class='ocr_par' dir='ltr' id='par_1_56' title="bbox 162 3838 1718 3912">
     <span class='ocr_line' id='line_1_56' title="bbox 162 3838 1718 3912; baseline 0.001 -19"><span class='ocrx_word' id='word_1_439' title='bbox 162 3847 238 3893; x_wconf 90' lang='lat' dir='ltr'><strong>cat</strong></span> <span class='ocrx_word' id='word_1_440' title='bbox 273 3852 393 3908; x_wconf 86' lang='lat' dir='ltr'><strong>ergo</strong></span> <span class='ocrx_word' id='word_1_441' title='bbox 434 3839 700 3910; x_wconf 77' lang='lat' dir='ltr'><strong>pr0pheta</strong></span> <span class='ocrx_word' id='word_1_442' title='bbox 726 3856 740 3893; x_wconf 92' lang='lat'><strong>:</strong></span> <span class='ocrx_word' id='word_1_443' title='bbox 777 3838 997 3894; x_wconf 71' lang='lat' dir='ltr'><strong>Dixistis</strong></span> <span class='ocrx_word' id='word_1_444' title='bbox 1025 3840 1148 3894; x_wconf 80' lang='lat' dir='ltr'><strong>mihi</strong></span> <span class='ocrx_word' id='word_1_445' title='bbox 1169 3856 1188 3894; x_wconf 88' lang='lat'><strong>:</strong></span> <span class='ocrx_word' id='word_1_446' title='bbox 1220 3839 1559 3912; x_wconf 81' lang='lat' dir='ltr'><strong>Nequaquam</strong></span> <span class='ocrx_word' id='word_1_447' title='bbox 1582 3881 1598 3908; x_wconf 90' lang='lat'><strong>,</strong></span> <span class='ocrx_word' id='word_1_448' title='bbox 1626 3839 1718 3894; x_wconf 81' lang='lat' dir='ltr'><strong>sed</strong></span> 
     </span>
    </p>
   </div>
   <div class='ocr_carea' id='block_1_57' title="bbox 163 3929 1715 4003">
    <p class='ocr_par' dir='ltr' id='par_1_57' title="bbox 163 3929 1715 4003">
     <span class='ocr_line' id='line_1_57' title="bbox 163 3929 1715 4003; baseline 0.001 -22"><span class='ocrx_word' id='word_1_449' title='bbox 163 3947 240 3982; x_wconf 73' lang='lat' dir='ltr'><strong>res</strong></span> <span class='ocrx_word' id='word_1_450' title='bbox 270 3931 360 3983; x_wconf 84' lang='lat' dir='ltr'><strong>crit</strong></span> <span class='ocrx_word' id='word_1_451' title='bbox 388 3946 537 3998; x_wconf 86' lang='lat' dir='ltr'><strong>super</strong></span> <span class='ocrx_word' id='word_1_452' title='bbox 562 3946 688 3994; x_wconf 86' lang='lat' dir='ltr'><strong>nos;</strong></span> <span class='ocrx_word' id='word_1_453' title='bbox 719 3946 834 3983; x_wconf 78' lang='lat' dir='ltr'><strong>cum</strong></span> <span class='ocrx_word' id='word_1_454' title='bbox 875 3929 1128 4003; x_wconf 85' lang='lat' dir='ltr'><strong>Dominus</strong></span> <span class='ocrx_word' id='word_1_455' title='bbox 1170 3938 1410 4001; x_wconf 85' lang='lat' dir='ltr'><strong>regnaret</strong></span> <span class='ocrx_word' id='word_1_456' title='bbox 1439 3932 1493 3984; x_wconf 89' lang='lat' dir='ltr'><strong>in</strong></span> <span class='ocrx_word' id='word_1_457' title='bbox 1536 3929 1674 3984; x_wconf 75' lang='lat' dir='ltr'><strong>vobis</strong></span> <span class='ocrx_word' id='word_1_458' title='bbox 1697 3946 1715 3983; x_wconf 90' lang='lat'><strong>:</strong></span> 
     </span>
    </p>
   </div>
   <div class='ocr_carea' id='block_1_58' title="bbox 165 4016 1717 4089">
    <p class='ocr_par' dir='ltr' id='par_1_58' title="bbox 165 4016 1717 4089">
     <span class='ocr_line' id='line_1_58' title="bbox 165 4016 1717 4089; baseline 0 -19"><span class='ocrx_word' id='word_1_459' title='bbox 165 4028 213 4071; x_wconf 91' lang='lat' dir='ltr'><strong>ut</strong></span> <span class='ocrx_word' id='word_1_460' title='bbox 236 4019 466 4074; x_wconf 85' lang='lat' dir='ltr'><strong>o-tendat</strong></span> <span class='ocrx_word' id='word_1_461' title='bbox 528 4020 652 4088; x_wconf 88' lang='lat' dir='ltr'><strong>quia</strong></span> <span class='ocrx_word' id='word_1_462' title='bbox 683 4019 772 4089; x_wconf 85' lang='lat' dir='ltr'><strong>qui</strong></span> <span class='ocrx_word' id='word_1_463' title='bbox 819 4019 1124 4075; x_wconf 86' lang='lat' dir='ltr'><strong>carnalibus</strong></span> <span class='ocrx_word' id='word_1_464' title='bbox 1159 4033 1219 4073; x_wconf 88' lang='lat' dir='ltr'><strong>se</strong></span> <span class='ocrx_word' id='word_1_465' title='bbox 1263 4018 1519 4073; x_wconf 87' lang='lat' dir='ltr'><strong>imitando</strong></span> <span class='ocrx_word' id='word_1_466' title='bbox 1548 4016 1717 4086; x_wconf 88' lang='lat' dir='ltr'><strong>subji-</strong></span> 
     </span>
    </p>
   </div>
   <div class='ocr_carea' id='block_1_59' title="bbox 163 4108 1717 4180">
    <p class='ocr_par' dir='ltr' id='par_1_59' title="bbox 163 4108 1717 4180">
     <span class='ocr_line' id='line_1_59' title="bbox 163 4108 1717 4180; baseline 0 -18"><span class='ocrx_word' id='word_1_467' title='bbox 163 4116 313 4174; x_wconf 70' lang='lat' dir='ltr'><strong>ciunt,</strong></span> <span class='ocrx_word' id='word_1_468' title='bbox 336 4110 524 4164; x_wconf 59' lang='lat' dir='ltr'><strong>divini:</strong></span> <span class='ocrx_word' id='word_1_469' title='bbox 567 4109 1091 4178; x_wconf 65' lang='lat' dir='ltr'><strong>gratim‘dignitatcm</strong></span> <span class='ocrx_word' id='word_1_470' title='bbox 1135 4111 1382 4180; x_wconf 81' lang='lat' dir='ltr'><strong>perdunt.</strong></span> <span class='ocrx_word' id='word_1_471' title='bbox 1417 4108 1717 4163; x_wconf 78' lang='lat' dir='ltr'><strong>Notandum</strong></span> 
     </span>
    </p>
   </div>
   <div class='ocr_carea' id='block_1_60' title="bbox 167 4198 1719 4272">
    <p class='ocr_par' dir='ltr' id='par_1_60' title="bbox 167 4198 1719 4272">
     <span class='ocr_line' id='line_1_60' title="bbox 167 4198 1719 4272; baseline 0 -20"><span class='ocrx_word' id='word_1_472' title='bbox 167 4200 335 4263; x_wconf 78' lang='lat' dir='ltr'><strong>etiam,</strong></span> <span class='ocrx_word' id='word_1_473' title='bbox 364 4199 487 4268; x_wconf 82' lang='lat' dir='ltr'><strong>quia</strong></span> <span class='ocrx_word' id='word_1_474' title='bbox 530 4200 792 4272; x_wconf 83' lang='lat' dir='ltr'><strong>propheta</strong></span> <span class='ocrx_word' id='word_1_475' title='bbox 822 4198 1038 4254; x_wconf 86' lang='lat' dir='ltr'><strong>Samuel</strong></span> <span class='ocrx_word' id='word_1_476' title='bbox 1085 4213 1182 4269; x_wconf 89' lang='lat' dir='ltr'><strong>per</strong></span> <span class='ocrx_word' id='word_1_477' title='bbox 1210 4199 1461 4253; x_wconf 83' lang='lat' dir='ltr'><strong>virtutem</strong></span> <span class='ocrx_word' id='word_1_478' title='bbox 1507 4199 1719 4252; x_wconf 89' lang='lat' dir='ltr'><strong>humili-</strong></span> 
     </span>
    </p>
   </div>
   <div class='ocr_carea' id='block_1_61' title="bbox 169 4289 1718 4357">
    <p class='ocr_par' dir='ltr' id='par_1_61' title="bbox 169 4289 1718 4357">
     <span class='ocr_line' id='line_1_61' title="bbox 169 4289 1718 4357; baseline 0.002 -18"><span class='ocrx_word' id='word_1_479' title='bbox 169 4289 274 4343; x_wconf 86' lang='lat' dir='ltr'><strong>tatis</strong></span> <span class='ocrx_word' id='word_1_480' title='bbox 297 4289 484 4357; x_wconf 84' lang='lat' dir='ltr'><strong>ubtque</strong></span> <span class='ocrx_word' id='word_1_481' title='bbox 510 4305 568 4343; x_wconf 88' lang='lat' dir='ltr'><strong>se</strong></span> <span class='ocrx_word' id='word_1_482' title='bbox 591 4289 774 4344; x_wconf 72' lang='lat' dir='ltr'><strong>tlectis</strong></span> <span class='ocrx_word' id='word_1_483' title='bbox 801 4289 1038 4345; x_wconf 88' lang='lat' dir='ltr'><strong>ostendit</strong></span> <span class='ocrx_word' id='word_1_484' title='bbox 1063 4289 1117 4344; x_wconf 91' lang='lat' dir='ltr'><strong>in</strong></span> <span class='ocrx_word' id='word_1_485' title='bbox 1147 4304 1335 4343; x_wconf 90' lang='lat' dir='ltr'><strong>norma</strong></span> <span class='ocrx_word' id='word_1_486' title='bbox 1367 4289 1718 4346; x_wconf 84' lang='lat' dir='ltr'><strong>rectitudinis.</strong></span> 
     </span>
    </p>
   </div>
   <div class='ocr_carea' id='block_1_62' title="bbox 168 4376 1713 4448">
    <p class='ocr_par' dir='ltr' id='par_1_62' title="bbox 168 4376 1713 4448">
     <span class='ocr_line' id='line_1_62' title="bbox 168 4376 1713 4448; baseline 0 -18"><span class='ocrx_word' id='word_1_487' title='bbox 168 4376 278 4431; x_wconf 77' lang='lat' dir='ltr'><strong>Nam</strong></span> <span class='ocrx_word' id='word_1_488' title='bbox 301 4394 416 4434; x_wconf 90' lang='lat' dir='ltr'><strong>cum</strong></span> <span class='ocrx_word' id='word_1_489' title='bbox 442 4377 752 4434; x_wconf 73' lang='lat' dir='ltr'><strong>israeliticae</strong></span> <span class='ocrx_word' id='word_1_490' title='bbox 784 4378 953 4448; x_wconf 88' lang='lat' dir='ltr'><strong>plebis</strong></span> <span class='ocrx_word' id='word_1_491' title='bbox 996 4377 1368 4434; x_wconf 86' lang='lat' dir='ltr'><strong>liberationem</strong></span> <span class='ocrx_word' id='word_1_492' title='bbox 1413 4384 1713 4442; x_wconf 85' lang='lat' dir='ltr'><strong>assereret,</strong></span> 
     </span>
    </p>
   </div>
   <div class='ocr_carea' id='block_1_63' title="bbox 1819 1815 3403 1888">
    <p class='ocr_par' dir='ltr' id='par_1_63' title="bbox 1819 1815 3403 1888">
     <span class='ocr_line' id='line_1_63' title="bbox 1819 1815 3403 1888; baseline 0.004 -18"><span class='ocrx_word' id='word_1_493' title='bbox 1819 1831 1926 1870; x_wconf 90' lang='lat' dir='ltr'><strong>non</strong></span> <span class='ocrx_word' id='word_1_494' title='bbox 1957 1816 2222 1870; x_wconf 88' lang='lat' dir='ltr'><strong>desistunt</strong></span> <span class='ocrx_word' id='word_1_495' title='bbox 2249 1818 2271 1870; x_wconf 87' lang='lat'><strong>?</strong></span> <span class='ocrx_word' id='word_1_496' title='bbox 2294 1815 2515 1872; x_wconf 84' lang='lat' dir='ltr'><strong>Paventi</strong></span> <span class='ocrx_word' id='word_1_497' title='bbox 2545 1819 2762 1886; x_wconf 90' lang='lat' dir='ltr'><strong>quidem</strong></span> <span class='ocrx_word' id='word_1_498' title='bbox 2793 1822 2957 1875; x_wconf 84' lang='lat' dir='ltr'><strong>corde</strong></span> <span class='ocrx_word' id='word_1_499' title='bbox 3003 1821 3177 1876; x_wconf 81' lang='lat' dir='ltr'><strong>futura</strong></span> <span class='ocrx_word' id='word_1_500' title='bbox 3202 1821 3403 1888; x_wconf 65' lang='lat' dir='ltr'><strong>judicia</strong></span> 
     </span>
    </p>
   </div>
   <div class='ocr_carea' id='block_1_64' title="bbox 1818 1909 3403 1980">
    <p class='ocr_par' dir='ltr' id='par_1_64' title="bbox 1818 1909 3403 1980">
     <span class='ocr_line' id='line_1_64' title="bbox 1818 1909 3403 1980; baseline 0.003 -17"><span class='ocrx_word' id='word_1_501' title='bbox 1818 1909 2091 1976; x_wconf 84' lang='lat' dir='ltr'><strong>cogitant,</strong></span> <span class='ocrx_word' id='word_1_502' title='bbox 2121 1909 2216 1962; x_wconf 89' lang='lat' dir='ltr'><strong>sed</strong></span> <span class='ocrx_word' id='word_1_503' title='bbox 2246 1909 2496 1978; x_wconf 63' lang='lat' dir='ltr'><strong>praesenti</strong></span> <span class='ocrx_word' id='word_1_504' title='bbox 2518 1910 2793 1980; x_wconf 85' lang='lat' dir='ltr'><strong>voluptate</strong></span> <span class='ocrx_word' id='word_1_505' title='bbox 2819 1911 3014 1967; x_wconf 86' lang='lat' dir='ltr'><strong>devicti</strong></span> <span class='ocrx_word' id='word_1_506' title='bbox 3042 1953 3056 1977; x_wconf 95' lang='lat'><strong>,</strong></span> <span class='ocrx_word' id='word_1_507' title='bbox 3087 1913 3224 1966; x_wconf 91' lang='lat' dir='ltr'><strong>mala</strong></span> <span class='ocrx_word' id='word_1_508' title='bbox 3251 1928 3403 1968; x_wconf 88' lang='lat' dir='ltr'><strong>com-</strong></span> 
     </span>
    </p>
   </div>
   <div class='ocr_carea' id='block_1_65' title="bbox 1821 1999 3402 2071">
    <p class='ocr_par' dir='ltr' id='par_1_65' title="bbox 1821 1999 3402 2071">
     <span class='ocr_line' id='line_1_65' title="bbox 1821 1999 3402 2071; baseline 0.001 -19"><span class='ocrx_word' id='word_1_509' title='bbox 1821 1999 2034 2052; x_wconf 89' lang='lat' dir='ltr'><strong>mittere</strong></span> <span class='ocrx_word' id='word_1_510' title='bbox 2064 2013 2400 2067; x_wconf 81' lang='lat' dir='ltr'><strong>nequaquam</strong></span> <span class='ocrx_word' id='word_1_511' title='bbox 2443 1999 2634 2054; x_wconf 90' lang='lat' dir='ltr'><strong>vitant.</strong></span> <span class='ocrx_word' id='word_1_512' title='bbox 2668 1999 2810 2055; x_wconf 88' lang='lat' dir='ltr'><strong>Bene</strong></span> <span class='ocrx_word' id='word_1_513' title='bbox 2838 2015 2969 2071; x_wconf 85' lang='lat' dir='ltr'><strong>ergo</strong></span> <span class='ocrx_word' id='word_1_514' title='bbox 2996 2011 3118 2070; x_wconf 87' lang='lat' dir='ltr'><strong>post</strong></span> <span class='ocrx_word' id='word_1_515' title='bbox 3154 2001 3402 2057; x_wconf 89' lang='lat' dir='ltr'><strong>timorem</strong></span> 
     </span>
    </p>
   </div>
   <div class='ocr_carea' id='block_1_66' title="bbox 1820 2087 3404 2168">
    <p class='ocr_par' dir='ltr' id='par_1_66' title="bbox 1820 2087 3404 2168">
     <span class='ocr_line' id='line_1_66' title="bbox 1820 2087 3404 2168; baseline 0.004 -28"><span class='ocrx_word' id='word_1_516' title='bbox 1820 2087 2028 2142; x_wconf 75' lang='lat' dir='ltr'><strong>Domini</strong></span> <span class='ocrx_word' id='word_1_517' title='bbox 2073 2089 2192 2158; x_wconf 78' lang='lat' dir='ltr'><strong>ejus</strong></span> <span class='ocrx_word' id='word_1_518' title='bbox 2242 2089 2461 2143; x_wconf 88' lang='lat' dir='ltr'><strong>servitia</strong></span> <span class='ocrx_word' id='word_1_519' title='bbox 2515 2093 3073 2168; x_wconf 61' lang='lat' dir='ltr'><strong>memorantur:quia</strong></span> <span class='ocrx_word' id='word_1_520' title='bbox 3116 2091 3206 2148; x_wconf 88' lang='lat' dir='ltr'><strong>ille</strong></span> <span class='ocrx_word' id='word_1_521' title='bbox 3253 2092 3404 2147; x_wconf 89' lang='lat' dir='ltr'><strong>solus</strong></span> 
     </span>
    </p>
   </div>
   <div class='ocr_carea' id='block_1_67' title="bbox 1818 2178 3404 2250">
    <p class='ocr_par' dir='ltr' id='par_1_67' title="bbox 1818 2178 3404 2250">
     <span class='ocr_line' id='line_1_67' title="bbox 1818 2178 3404 2250; baseline 0.004 -19"><span class='ocrx_word' id='word_1_522' title='bbox 1818 2178 1981 2232; x_wconf 87' lang='lat' dir='ltr'><strong>timor</strong></span> <span class='ocrx_word' id='word_1_523' title='bbox 2011 2179 2304 2249; x_wconf 90' lang='lat' dir='ltr'><strong>probabilis</strong></span> <span class='ocrx_word' id='word_1_524' title='bbox 2331 2187 2416 2236; x_wconf 89' lang='lat' dir='ltr'><strong>est</strong></span> <span class='ocrx_word' id='word_1_525' title='bbox 2438 2222 2455 2249; x_wconf 93' lang='lat'><strong>,</strong></span> <span class='ocrx_word' id='word_1_526' title='bbox 2483 2182 2576 2250; x_wconf 91' lang='lat' dir='ltr'><strong>qui</strong></span> <span class='ocrx_word' id='word_1_527' title='bbox 2597 2181 2725 2247; x_wconf 90' lang='lat' dir='ltr'><strong>dum</strong></span> <span class='ocrx_word' id='word_1_528' title='bbox 2755 2192 2992 2240; x_wconf 89' lang='lat' dir='ltr'><strong>mentem</strong></span> <span class='ocrx_word' id='word_1_529' title='bbox 3022 2185 3263 2238; x_wconf 89' lang='lat' dir='ltr'><strong>concutit</strong></span> <span class='ocrx_word' id='word_1_530' title='bbox 3286 2224 3300 2246; x_wconf 91' lang='lat'><strong>,</strong></span> <span class='ocrx_word' id='word_1_531' title='bbox 3333 2185 3404 2240; x_wconf 85' lang='lat' dir='ltr'><strong>ad</strong></span> 
     </span>
    </p>
   </div>
   <div class='ocr_carea' id='block_1_68' title="bbox 1817 2269 3403 2343">
    <p class='ocr_par' dir='ltr' id='par_1_68' title="bbox 1817 2269 3403 2343">
     <span class='ocr_line' id='line_1_68' title="bbox 1817 2269 3403 2343; baseline 0.004 -19"><span class='ocrx_word' id='word_1_532' title='bbox 1817 2269 1944 2324; x_wconf 88' lang='lat' dir='ltr'><strong>boni</strong></span> <span class='ocrx_word' id='word_1_533' title='bbox 1973 2271 2154 2340; x_wconf 90' lang='lat' dir='ltr'><strong>operis</strong></span> <span class='ocrx_word' id='word_1_534' title='bbox 2195 2272 2432 2325; x_wconf 67' lang='lat' dir='ltr'><strong>studium</strong></span> <span class='ocrx_word' id='word_1_535' title='bbox 2463 2272 2646 2327; x_wconf 89' lang='lat' dir='ltr'><strong>trahit.</strong></span> <span class='ocrx_word' id='word_1_536' title='bbox 2677 2272 2808 2327; x_wconf 80' lang='lat' dir='ltr'><strong>item</strong></span> <span class='ocrx_word' id='word_1_537' title='bbox 2839 2273 2962 2343; x_wconf 88' lang='lat' dir='ltr'><strong>quia</strong></span> <span class='ocrx_word' id='word_1_538' title='bbox 2995 2275 3236 2329; x_wconf 84' lang='lat' dir='ltr'><strong>nonnulli</strong></span> <span class='ocrx_word' id='word_1_539' title='bbox 3275 2285 3403 2330; x_wconf 67' lang='lat' dir='ltr'><strong>sunt</strong></span> 
     </span>
    </p>
   </div>
   <div class='ocr_carea' id='block_1_69' title="bbox 1816 2360 3398 2434">
    <p class='ocr_par' dir='ltr' id='par_1_69' title="bbox 1816 2360 3398 2434">
     <span class='ocr_line' id='line_1_69' title="bbox 1816 2360 3398 2434; baseline 0.004 -22"><span class='ocrx_word' id='word_1_540' title='bbox 1816 2360 1909 2427; x_wconf 83' lang='lat' dir='ltr'><strong>qui</strong></span> <span class='ocrx_word' id='word_1_541' title='bbox 1943 2375 2040 2428; x_wconf 88' lang='lat' dir='ltr'><strong>per</strong></span> <span class='ocrx_word' id='word_1_542' title='bbox 2084 2360 2331 2416; x_wconf 89' lang='lat' dir='ltr'><strong>timorem</strong></span> <span class='ocrx_word' id='word_1_543' title='bbox 2382 2360 2592 2416; x_wconf 90' lang='lat' dir='ltr'><strong>Domini</strong></span> <span class='ocrx_word' id='word_1_544' title='bbox 2625 2363 2869 2430; x_wconf 63' lang='lat' dir='ltr'><strong>quaedam</strong></span> <span class='ocrx_word' id='word_1_545' title='bbox 2912 2363 3050 2418; x_wconf 86' lang='lat' dir='ltr'><strong>mala</strong></span> <span class='ocrx_word' id='word_1_546' title='bbox 3097 2373 3398 2434; x_wconf 87' lang='lat' dir='ltr'><strong>respuunt,</strong></span> 
     </span>
    </p>
   </div>
   <div class='ocr_carea' id='block_1_70' title="bbox 1818 2451 3403 2524">
    <p class='ocr_par' dir='ltr' id='par_1_70' title="bbox 1818 2451 3403 2524">
     <span class='ocr_line' id='line_1_70' title="bbox 1818 2451 3403 2524; baseline 0.004 -20"><span class='ocrx_word' id='word_1_547' title='bbox 1818 2451 1995 2520; x_wconf 87' lang='lat' dir='ltr'><strong>aliqua</strong></span> <span class='ocrx_word' id='word_1_548' title='bbox 2039 2451 2176 2506; x_wconf 90' lang='lat' dir='ltr'><strong>bona</strong></span> <span class='ocrx_word' id='word_1_549' title='bbox 2221 2460 2420 2519; x_wconf 88' lang='lat' dir='ltr'><strong>agunt;</strong></span> <span class='ocrx_word' id='word_1_550' title='bbox 2469 2460 2525 2506; x_wconf 91' lang='lat' dir='ltr'><strong>et</strong></span> <span class='ocrx_word' id='word_1_551' title='bbox 2567 2461 2744 2507; x_wconf 87' lang='lat' dir='ltr'><strong>tamen</strong></span> <span class='ocrx_word' id='word_1_552' title='bbox 2787 2469 2886 2507; x_wconf 71' lang='lat' dir='ltr'><strong>nec</strong></span> <span class='ocrx_word' id='word_1_553' title='bbox 2930 2455 3070 2508; x_wconf 88' lang='lat' dir='ltr'><strong>mala</strong></span> <span class='ocrx_word' id='word_1_554' title='bbox 3107 2455 3264 2524; x_wconf 83' lang='lat' dir='ltr'><strong>plene</strong></span> <span class='ocrx_word' id='word_1_555' title='bbox 3303 2456 3403 2510; x_wconf 81' lang='lat' dir='ltr'><strong>de-</strong></span> 
     </span>
    </p>
   </div>
   <div class='ocr_carea' id='block_1_71' title="bbox 1816 2540 3396 2611">
    <p class='ocr_par' dir='ltr' id='par_1_71' title="bbox 1816 2540 3396 2611">
     <span class='ocr_line' id='line_1_71' title="bbox 1816 2540 3396 2611; baseline 0.001 -17"><span class='ocrx_word' id='word_1_556' title='bbox 1816 2549 2022 2604; x_wconf 90' lang='lat' dir='ltr'><strong>serunt,</strong></span> <span class='ocrx_word' id='word_1_557' title='bbox 2048 2555 2148 2594; x_wconf 92' lang='lat' dir='ltr'><strong>nec</strong></span> <span class='ocrx_word' id='word_1_558' title='bbox 2173 2541 2313 2594; x_wconf 89' lang='lat' dir='ltr'><strong>bona</strong></span> <span class='ocrx_word' id='word_1_559' title='bbox 2336 2540 2666 2597; x_wconf 73' lang='lat' dir='ltr'><strong>sufﬁcienter</strong></span> <span class='ocrx_word' id='word_1_560' title='bbox 2695 2551 3009 2610; x_wconf 83' lang='lat' dir='ltr'><strong>operantur,</strong></span> <span class='ocrx_word' id='word_1_561' title='bbox 3049 2558 3079 2596; x_wconf 92' lang='lat' dir='ltr'><strong>a</strong></span> <span class='ocrx_word' id='word_1_562' title='bbox 3103 2541 3357 2611; x_wconf 83' lang='lat' dir='ltr'><strong>&#39;jungitur</strong></span> <span class='ocrx_word' id='word_1_563' title='bbox 3379 2561 3396 2596; x_wconf 88' lang='lat'><strong>:</strong></span> 
     </span>
    </p>
   </div>
   <div class='ocr_carea' id='block_1_72' title="bbox 1817 2616 3392 2701">
    <p class='ocr_par' dir='ltr' id='par_1_72' title="bbox 1817 2616 3392 2701">
     <span class='ocr_line' id='line_1_72' title="bbox 1817 2616 3392 2701; baseline 0.001 -18"><span class='ocrx_word' id='word_1_564' title='bbox 1817 2629 1886 2683; x_wconf 85' lang='lat' dir='ltr'><strong>Et</strong></span> <span class='ocrx_word' id='word_1_565' title='bbox 1926 2631 2192 2684; x_wconf 85' lang='lat' dir='ltr'><strong>audieritis</strong></span> <span class='ocrx_word' id='word_1_566' title='bbox 2233 2646 2403 2685; x_wconf 83' lang='lat' dir='ltr'><strong>vacem</strong></span> <span class='ocrx_word' id='word_1_567' title='bbox 2450 2630 2581 2701; x_wconf 80' lang='lat' dir='ltr'><strong>ejus.</strong></span> <span class='ocrx_word' id='word_1_568' title='bbox 2615 2616 2715 2697; x_wconf 85' lang='lat' dir='ltr'><strong>Qui</strong></span> <span class='ocrx_word' id='word_1_569' title='bbox 2745 2646 2936 2685; x_wconf 76' lang='lat' dir='ltr'><strong>vocem</strong></span> <span class='ocrx_word' id='word_1_570' title='bbox 2969 2632 3178 2686; x_wconf 87' lang='lat' dir='ltr'><strong>Domini</strong></span> <span class='ocrx_word' id='word_1_571' title='bbox 3208 2633 3392 2696; x_wconf 88' lang='lat' dir='ltr'><strong>audit,</strong></span> 
     </span>
    </p>
   </div>
   <div class='ocr_carea' id='block_1_73' title="bbox 1815 2721 3394 2792">
    <p class='ocr_par' dir='ltr' id='par_1_73' title="bbox 1815 2721 3394 2792">
     <span class='ocr_line' id='line_1_73' title="bbox 1815 2721 3394 2792; baseline 0.002 -19"><span class='ocrx_word' id='word_1_572' title='bbox 1815 2730 1872 2774; x_wconf 91' lang='lat' dir='ltr'><strong>et</strong></span> <span class='ocrx_word' id='word_1_573' title='bbox 1900 2725 2036 2774; x_wconf 85' lang='lat' dir='ltr'><strong>bona</strong></span> <span class='ocrx_word' id='word_1_574' title='bbox 2064 2721 2222 2790; x_wconf 87' lang='lat' dir='ltr'><strong>plene</strong></span> <span class='ocrx_word' id='word_1_575' title='bbox 2269 2721 2418 2789; x_wconf 88' lang='lat' dir='ltr'><strong>agit,</strong></span> <span class='ocrx_word' id='word_1_576' title='bbox 2449 2729 2506 2776; x_wconf 87' lang='lat' dir='ltr'><strong>et</strong></span> <span class='ocrx_word' id='word_1_577' title='bbox 2529 2721 2665 2776; x_wconf 89' lang='lat' dir='ltr'><strong>mala</strong></span> <span class='ocrx_word' id='word_1_578' title='bbox 2689 2722 2900 2792; x_wconf 87' lang='lat' dir='ltr'><strong>penitus</strong></span> <span class='ocrx_word' id='word_1_579' title='bbox 2927 2721 3148 2777; x_wconf 89' lang='lat' dir='ltr'><strong>deserit.</strong></span> <span class='ocrx_word' id='word_1_580' title='bbox 3195 2722 3394 2778; x_wconf 84' lang='lat' dir='ltr'><strong>Eadem</strong></span> 
     </span>
    </p>
   </div>
   <div class='ocr_carea' id='block_1_74' title="bbox 1812 2808 3394 2879">
    <p class='ocr_par' dir='ltr' id='par_1_74' title="bbox 1812 2808 3394 2879">
     <span class='ocr_line' id='line_1_74' title="bbox 1812 2808 3394 2879; baseline 0.001 -16"><span class='ocrx_word' id='word_1_581' title='bbox 1812 2823 1945 2863; x_wconf 68' lang='lat' dir='ltr'><strong>vero</strong></span> <span class='ocrx_word' id='word_1_582' title='bbox 1989 2809 2133 2863; x_wconf 86' lang='lat' dir='ltr'><strong>bona</strong></span> <span class='ocrx_word' id='word_1_583' title='bbox 2162 2824 2326 2879; x_wconf 87' lang='lat' dir='ltr'><strong>opera</strong></span> <span class='ocrx_word' id='word_1_584' title='bbox 2357 2810 2411 2862; x_wconf 92' lang='lat' dir='ltr'><strong>in</strong></span> <span class='ocrx_word' id='word_1_585' title='bbox 2439 2808 2800 2866; x_wconf 79' lang='lat' dir='ltr'><strong>delectatione</strong></span> <span class='ocrx_word' id='word_1_586' title='bbox 2827 2811 3108 2866; x_wconf 86' lang='lat' dir='ltr'><strong>suavitatis</strong></span> <span class='ocrx_word' id='word_1_587' title='bbox 3154 2811 3394 2865; x_wconf 79' lang='lat' dir='ltr'><strong>habenda</strong></span> 
     </span>
    </p>
   </div>
   <div class='ocr_carea' id='block_1_75' title="bbox 1815 2900 3400 2971">
    <p class='ocr_par' dir='ltr' id='par_1_75' title="bbox 1815 2900 3400 2971">
     <span class='ocr_line' id='line_1_75' title="bbox 1815 2900 3400 2971; baseline 0 -15"><span class='ocrx_word' id='word_1_588' title='bbox 1815 2911 1986 2967; x_wconf 87' lang='lat' dir='ltr'><strong>sunt,</strong></span> <span class='ocrx_word' id='word_1_589' title='bbox 2017 2917 2122 2956; x_wconf 88' lang='lat' dir='ltr'><strong>non</strong></span> <span class='ocrx_word' id='word_1_590' title='bbox 2175 2902 2229 2954; x_wconf 89' lang='lat' dir='ltr'><strong>in</strong></span> <span class='ocrx_word' id='word_1_591' title='bbox 2279 2901 2636 2956; x_wconf 76' lang='lat' dir='ltr'><strong>testimatione</strong></span> <span class='ocrx_word' id='word_1_592' title='bbox 2676 2902 3001 2971; x_wconf 79' lang='lat' dir='ltr'><strong>asperitatis.</strong></span> <span class='ocrx_word' id='word_1_593' title='bbox 3034 2900 3165 2954; x_wconf 88' lang='lat' dir='ltr'><strong>Nam</strong></span> <span class='ocrx_word' id='word_1_594' title='bbox 3208 2902 3400 2970; x_wconf 89' lang='lat' dir='ltr'><strong>quibus</strong></span> 
     </span>
    </p>
   </div>
   <div class='ocr_carea' id='block_1_76' title="bbox 1814 2990 3397 3060">
    <p class='ocr_par' dir='ltr' id='par_1_76' title="bbox 1814 2990 3397 3060">
     <span class='ocr_line' id='line_1_76' title="bbox 1814 2990 3397 3060; baseline 0 -16"><span class='ocrx_word' id='word_1_595' title='bbox 1814 3005 2028 3060; x_wconf 88' lang='lat' dir='ltr'><strong>semper</strong></span> <span class='ocrx_word' id='word_1_596' title='bbox 2055 2991 2188 3044; x_wconf 89' lang='lat' dir='ltr'><strong>dura</strong></span> <span class='ocrx_word' id='word_1_597' title='bbox 2215 2999 2271 3044; x_wconf 87' lang='lat' dir='ltr'><strong>et</strong></span> <span class='ocrx_word' id='word_1_598' title='bbox 2291 3005 2483 3060; x_wconf 89' lang='lat' dir='ltr'><strong>aspera</strong></span> <span class='ocrx_word' id='word_1_599' title='bbox 2515 2990 2762 3045; x_wconf 82' lang='lat' dir='ltr'><strong>videntur</strong></span> <span class='ocrx_word' id='word_1_600' title='bbox 2789 3005 2908 3060; x_wconf 74' lang='lat' dir='ltr'><strong>qua:</strong></span> <span class='ocrx_word' id='word_1_601' title='bbox 2935 3006 2964 3044; x_wconf 90' lang='lat' dir='ltr'><strong>a</strong></span> <span class='ocrx_word' id='word_1_602' title='bbox 2997 2991 3223 3046; x_wconf 88' lang='lat' dir='ltr'><strong>Domino</strong></span> <span class='ocrx_word' id='word_1_603' title='bbox 3257 3007 3397 3060; x_wconf 86' lang='lat' dir='ltr'><strong>prae-</strong></span> 
     </span>
    </p>
   </div>
   <div class='ocr_carea' id='block_1_77' title="bbox 1734 3079 3397 3155">
    <p class='ocr_par' dir='ltr' id='par_1_77' title="bbox 1734 3079 3397 3155">
     <span class='ocr_line' id='line_1_77' title="bbox 1734 3079 3397 3155; baseline 0 -20"><span class='ocrx_word' id='word_1_604' title='bbox 1734 3091 1785 3155; x_wconf 78' lang='lat' dir='ltr'>c</span> <span class='ocrx_word' id='word_1_605' title='bbox 1813 3079 2102 3148; x_wconf 88' lang='lat' dir='ltr'><strong>cipiuntur,</strong></span> <span class='ocrx_word' id='word_1_606' title='bbox 2129 3079 2388 3147; x_wconf 88' lang='lat' dir='ltr'><strong>paulatim</strong></span> <span class='ocrx_word' id='word_1_607' title='bbox 2425 3079 2682 3134; x_wconf 90' lang='lat' dir='ltr'><strong>decidunt</strong></span> <span class='ocrx_word' id='word_1_608' title='bbox 2707 3089 2762 3136; x_wconf 92' lang='lat' dir='ltr'><strong>et</strong></span> <span class='ocrx_word' id='word_1_609' title='bbox 2791 3080 3063 3135; x_wconf 88' lang='lat' dir='ltr'><strong>deliciunt.</strong></span> <span class='ocrx_word' id='word_1_610' title='bbox 3093 3080 3228 3135; x_wconf 86' lang='lat' dir='ltr'><strong>lliuc</strong></span> <span class='ocrx_word' id='word_1_611' title='bbox 3255 3081 3397 3135; x_wconf 91' lang='lat' dir='ltr'><strong>enim</strong></span> 
     </span>
    </p>
   </div>
   <div class='ocr_carea' id='block_1_78' title="bbox 1816 3169 3396 3242">
    <p class='ocr_par' dir='ltr' id='par_1_78' title="bbox 1816 3169 3396 3242">
     <span class='ocr_line' id='line_1_78' title="bbox 1816 3169 3396 3242; baseline 0 -18"><span class='ocrx_word' id='word_1_612' title='bbox 1816 3186 1914 3242; x_wconf 88' lang='lat' dir='ltr'><strong>per</strong></span> <span class='ocrx_word' id='word_1_613' title='bbox 1958 3169 2302 3238; x_wconf 82' lang='lat' dir='ltr'><strong>semetipsam</strong></span> <span class='ocrx_word' id='word_1_614' title='bbox 2350 3169 2562 3227; x_wconf 80' lang='lat' dir='ltr'><strong>Veritas</strong></span> <span class='ocrx_word' id='word_1_615' title='bbox 2607 3171 2776 3226; x_wconf 91' lang='lat' dir='ltr'><strong>dicit:</strong></span> <span class='ocrx_word' id='word_1_616' title='bbox 2808 3170 3000 3242; x_wconf 72' lang='lat' dir='ltr'><strong>Iugum</strong></span> <span class='ocrx_word' id='word_1_617' title='bbox 3055 3173 3192 3225; x_wconf 86' lang='lat' dir='ltr'><strong>enim</strong></span> <span class='ocrx_word' id='word_1_618' title='bbox 3228 3189 3396 3225; x_wconf 83' lang='lat' dir='ltr'><strong>meum</strong></span> 
     </span>
    </p>
   </div>
   <div class='ocr_carea' id='block_1_79' title="bbox 1813 3260 3399 3333">
    <p class='ocr_par' dir='ltr' id='par_1_79' title="bbox 1813 3260 3399 3333">
     <span class='ocr_line' id='line_1_79' title="bbox 1813 3260 3399 3333; baseline 0.001 -18"><span class='ocrx_word' id='word_1_619' title='bbox 1813 3277 1968 3316; x_wconf 74' lang='lat' dir='ltr'><strong>suave</strong></span> <span class='ocrx_word' id='word_1_620' title='bbox 1995 3269 2071 3313; x_wconf 86' lang='lat' dir='ltr'><strong>est</strong></span> <span class='ocrx_word' id='word_1_621' title='bbox 2099 3301 2114 3326; x_wconf 93' lang='lat'><strong>,</strong></span> <span class='ocrx_word' id='word_1_622' title='bbox 2147 3268 2196 3313; x_wconf 90' lang='lat' dir='ltr'><strong>et</strong></span> <span class='ocrx_word' id='word_1_623' title='bbox 2236 3276 2366 3314; x_wconf 87' lang='lat' dir='ltr'><strong>onus</strong></span> <span class='ocrx_word' id='word_1_624' title='bbox 2394 3277 2562 3315; x_wconf 85' lang='lat' dir='ltr'><strong>meum</strong></span> <span class='ocrx_word' id='word_1_625' title='bbox 2591 3262 2696 3316; x_wconf 83' lang='lat' dir='ltr'><strong>leve</strong></span> <span class='ocrx_word' id='word_1_626' title='bbox 2718 3262 2736 3333; x_wconf 96' lang='lat'>(</span> <span class='ocrx_word' id='word_1_627' title='bbox 2761 3261 2949 3315; x_wconf 77' lang='lat' dir='ltr'><strong>Matth.</strong></span> <span class='ocrx_word' id='word_1_628' title='bbox 2994 3277 3048 3316; x_wconf 63' lang='grc' dir='ltr'>ιι</span> <span class='ocrx_word' id='word_1_629' title='bbox 3072 3303 3087 3328; x_wconf 92' lang='grc'><em>,</em></span> <span class='ocrx_word' id='word_1_630' title='bbox 3117 3260 3232 3331; x_wconf 79' lang='lat'><strong>&#39;50).</strong></span> <span class='ocrx_word' id='word_1_631' title='bbox 3262 3260 3399 3316; x_wconf 83' lang='lat' dir='ltr'><strong>llinc</strong></span> 
     </span>
    </p>
   </div>
   <div class='ocr_carea' id='block_1_80' title="bbox 1813 3351 3402 3425">
    <p class='ocr_par' dir='ltr' id='par_1_80' title="bbox 1813 3351 3402 3425">
     <span class='ocr_line' id='line_1_80' title="bbox 1813 3351 3402 3425; baseline 0.001 -17"><span class='ocrx_word' id='word_1_632' title='bbox 1813 3353 2049 3408; x_wconf 77' lang='lat' dir='ltr'><strong>Joannes</strong></span> <span class='ocrx_word' id='word_1_633' title='bbox 2105 3351 2179 3407; x_wconf 88' lang='lat' dir='ltr'><strong>ait</strong></span> <span class='ocrx_word' id='word_1_634' title='bbox 2203 3369 2217 3407; x_wconf 90' lang='lat'><strong>:</strong></span> <span class='ocrx_word' id='word_1_635' title='bbox 2245 3352 2499 3406; x_wconf 83' lang='lat' dir='ltr'><strong>Mandata</strong></span> <span class='ocrx_word' id='word_1_636' title='bbox 2525 3353 2636 3424; x_wconf 63' lang='lat' dir='ltr'><strong>ejus</strong></span> <span class='ocrx_word' id='word_1_637' title='bbox 2656 3355 2835 3425; x_wconf 75' lang='lat' dir='ltr'><strong>grai-ia</strong></span> <span class='ocrx_word' id='word_1_638' title='bbox 2869 3370 2973 3408; x_wconf 86' lang='lat' dir='ltr'><strong>non</strong></span> <span class='ocrx_word' id='word_1_639' title='bbox 3002 3363 3121 3407; x_wconf 87' lang='lat' dir='ltr'><strong>sunt</strong></span> <span class='ocrx_word' id='word_1_640' title='bbox 3150 3357 3167 3425; x_wconf 86' lang='lat'>(</span> <span class='ocrx_word' id='word_1_641' title='bbox 3184 3352 3214 3407; x_wconf 93' lang='lat' dir='ltr'><strong><em>I</em></strong></span> <span class='ocrx_word' id='word_1_642' title='bbox 3240 3353 3402 3409; x_wconf 81' lang='lat' dir='ltr'><strong>Jouu.</strong></span> 
     </span>
    </p>
   </div>
   <div class='ocr_carea' id='block_1_81' title="bbox 1814 3441 3400 3512">
    <p class='ocr_par' dir='ltr' id='par_1_81' title="bbox 1814 3441 3400 3512">
     <span class='ocr_line' id='line_1_81' title="bbox 1814 3441 3400 3512; baseline -0.001 -14"><span class='ocrx_word' id='word_1_643' title='bbox 1814 3459 1868 3509; x_wconf 91' lang='lat' dir='ltr'><strong>v,</strong></span> <span class='ocrx_word' id='word_1_644' title='bbox 1898 3442 1986 3512; x_wconf 77' lang='grc'><strong>5).</strong></span> <span class='ocrx_word' id='word_1_645' title='bbox 2016 3441 2214 3498; x_wconf 86' lang='lat' dir='ltr'><strong>Gravia</strong></span> <span class='ocrx_word' id='word_1_646' title='bbox 2268 3443 2469 3512; x_wconf 91' lang='lat' dir='ltr'><strong>quippe</strong></span> <span class='ocrx_word' id='word_1_647' title='bbox 2517 3459 2624 3497; x_wconf 88' lang='lat' dir='ltr'><strong>non</strong></span> <span class='ocrx_word' id='word_1_648' title='bbox 2675 3451 2800 3498; x_wconf 87' lang='lat' dir='ltr'><strong>sunt</strong></span> <span class='ocrx_word' id='word_1_649' title='bbox 2842 3443 3068 3497; x_wconf 87' lang='lat' dir='ltr'><strong>electis:</strong></span> <span class='ocrx_word' id='word_1_650' title='bbox 3118 3442 3245 3512; x_wconf 89' lang='lat' dir='ltr'><strong>quia</strong></span> <span class='ocrx_word' id='word_1_651' title='bbox 3274 3442 3400 3496; x_wconf 87' lang='lat' dir='ltr'><strong>dum</strong></span> 
     </span>
    </p>
   </div>
   <div class='ocr_carea' id='block_1_82' title="bbox 1816 3533 3400 3605">
    <p class='ocr_par' dir='ltr' id='par_1_82' title="bbox 1816 3533 3400 3605">
     <span class='ocr_line' id='line_1_82' title="bbox 1816 3533 3400 3605; baseline -0.001 -15"><span class='ocrx_word' id='word_1_652' title='bbox 1816 3544 2031 3590; x_wconf 76' lang='lat' dir='ltr'><strong>mterna:</strong></span> <span class='ocrx_word' id='word_1_653' title='bbox 2079 3535 2202 3591; x_wconf 71' lang='lat' dir='ltr'><strong>vita:</strong></span> <span class='ocrx_word' id='word_1_654' title='bbox 2251 3535 2474 3602; x_wconf 88' lang='lat' dir='ltr'><strong>gloriam</strong></span> <span class='ocrx_word' id='word_1_655' title='bbox 2533 3547 2728 3603; x_wconf 79' lang='lat' dir='ltr'><strong>magno</strong></span> <span class='ocrx_word' id='word_1_656' title='bbox 2777 3533 3045 3589; x_wconf 70' lang='lat' dir='ltr'><strong>desiderio</strong></span> <span class='ocrx_word' id='word_1_657' title='bbox 3093 3543 3351 3605; x_wconf 85' lang='lat' dir='ltr'><strong>appetunt</strong></span> <span class='ocrx_word' id='word_1_658' title='bbox 3383 3573 3400 3601; x_wconf 88' lang='lat'><strong>,</strong></span> 
     </span>
    </p>
   </div>
   <div class='ocr_carea' id='block_1_83' title="bbox 1817 3624 3401 3697">
    <p class='ocr_par' dir='ltr' id='par_1_83' title="bbox 1817 3624 3401 3697">
     <span class='ocr_line' id='line_1_83' title="bbox 1817 3624 3401 3697; baseline -0.001 -16"><span class='ocrx_word' id='word_1_659' title='bbox 1817 3636 2086 3697; x_wconf 72' lang='lat' dir='ltr'><strong>prmcepta</strong></span> <span class='ocrx_word' id='word_1_660' title='bbox 2125 3625 2442 3697; x_wconf 83' lang='lat' dir='ltr'><strong>Evangelica</strong></span> <span class='ocrx_word' id='word_1_661' title='bbox 2473 3635 2749 3696; x_wconf 85' lang='lat' dir='ltr'><strong>gratanter</strong></span> <span class='ocrx_word' id='word_1_662' title='bbox 2791 3625 2986 3680; x_wconf 55' lang='lat' dir='ltr'><strong>fciunt.</strong></span> <span class='ocrx_word' id='word_1_663' title='bbox 3023 3624 3210 3681; x_wconf 90' lang='lat' dir='ltr'><strong>Potest</strong></span> <span class='ocrx_word' id='word_1_664' title='bbox 3237 3633 3293 3680; x_wconf 90' lang='lat' dir='ltr'><strong>et</strong></span> <span class='ocrx_word' id='word_1_665' title='bbox 3337 3640 3401 3680; x_wconf 87' lang='lat' dir='ltr'><strong>os</strong></span> 
     </span>
    </p>
   </div>
   <div class='ocr_carea' id='block_1_84' title="bbox 1818 3715 3404 3786">
    <p class='ocr_par' dir='ltr' id='par_1_84' title="bbox 1818 3715 3404 3786">
     <span class='ocr_line' id='line_1_84' title="bbox 1818 3715 3404 3786; baseline -0.001 -16"><span class='ocrx_word' id='word_1_666' title='bbox 1818 3716 2028 3771; x_wconf 88' lang='lat' dir='ltr'><strong>Domini</strong></span> <span class='ocrx_word' id='word_1_667' title='bbox 2060 3717 2362 3785; x_wconf 69' lang='lat' dir='ltr'><strong>praedicatio</strong></span> <span class='ocrx_word' id='word_1_668' title='bbox 2392 3716 2642 3786; x_wconf 80' lang='lat' dir='ltr'><strong>perfecta:</strong></span> <span class='ocrx_word' id='word_1_669' title='bbox 2665 3716 2943 3771; x_wconf 88' lang='lat' dir='ltr'><strong>charitatis</strong></span> <span class='ocrx_word' id='word_1_670' title='bbox 2971 3715 3212 3784; x_wconf 79' lang='lat' dir='ltr'><strong>intelligi.</strong></span> <span class='ocrx_word' id='word_1_671' title='bbox 3238 3715 3404 3781; x_wconf 88' lang='lat' dir='ltr'><strong>Quasi</strong></span> 
     </span>
    </p>
   </div>
   <div class='ocr_carea' id='block_1_85' title="bbox 1817 3805 3399 3869">
    <p class='ocr_par' dir='ltr' id='par_1_85' title="bbox 1817 3805 3399 3869">
     <span class='ocr_line' id='line_1_85' title="bbox 1817 3805 3399 3869; baseline -0.003 -7"><span class='ocrx_word' id='word_1_672' title='bbox 1817 3811 1960 3862; x_wconf 88' lang='lat' dir='ltr'><strong>enim</strong></span> <span class='ocrx_word' id='word_1_673' title='bbox 1987 3808 2096 3862; x_wconf 88' lang='lat' dir='ltr'><strong>oris</strong></span> <span class='ocrx_word' id='word_1_674' title='bbox 2133 3809 2214 3862; x_wconf 87' lang='lat' dir='ltr'><strong>sui</strong></span> <span class='ocrx_word' id='word_1_675' title='bbox 2244 3807 2607 3862; x_wconf 86' lang='lat' dir='ltr'><strong>blandimenta</strong></span> <span class='ocrx_word' id='word_1_676' title='bbox 2659 3805 2875 3859; x_wconf 74' lang='lat' dir='ltr'><strong>voLbat</strong></span> <span class='ocrx_word' id='word_1_677' title='bbox 2912 3805 3202 3859; x_wconf 80' lang='lat' dir='ltr'><strong>ostendere</strong></span> <span class='ocrx_word' id='word_1_678' title='bbox 3226 3845 3240 3869; x_wconf 88' lang='lat'><strong>,</strong></span> <span class='ocrx_word' id='word_1_679' title='bbox 3275 3821 3399 3858; x_wconf 88' lang='lat' dir='ltr'><strong>cum</strong></span> 
     </span>
    </p>
   </div>
   <div class='ocr_carea' id='block_1_86' title="bbox 1819 3896 3405 3967">
    <p class='ocr_par' dir='ltr' id='par_1_86' title="bbox 1819 3896 3405 3967">
     <span class='ocr_line' id='line_1_86' title="bbox 1819 3896 3405 3967; baseline -0.002 -14"><span class='ocrx_word' id='word_1_680' title='bbox 1819 3898 2037 3953; x_wconf 80' lang='lat' dir='ltr'><strong>dioebat</strong></span> <span class='ocrx_word' id='word_1_681' title='bbox 2062 3915 2074 3951; x_wconf 93' lang='lat'><strong>:</strong></span> <span class='ocrx_word' id='word_1_682' title='bbox 2105 3897 2222 3952; x_wconf 74' lang='lat' dir='ltr'><strong>Hoc</strong></span> <span class='ocrx_word' id='word_1_683' title='bbox 2243 3907 2318 3952; x_wconf 88' lang='lat' dir='ltr'><strong>est</strong></span> <span class='ocrx_word' id='word_1_684' title='bbox 2354 3905 2662 3967; x_wconf 75' lang='lat' dir='ltr'><strong>prwceptum</strong></span> <span class='ocrx_word' id='word_1_685' title='bbox 2684 3913 2852 3950; x_wconf 88' lang='lat' dir='ltr'><strong>meum</strong></span> <span class='ocrx_word' id='word_1_686' title='bbox 2873 3936 2889 3962; x_wconf 92' lang='lat'><strong>,</strong></span> <span class='ocrx_word' id='word_1_687' title='bbox 2917 3903 2971 3948; x_wconf 87' lang='lat' dir='ltr'><strong>ttt</strong></span> <span class='ocrx_word' id='word_1_688' title='bbox 2988 3896 3230 3967; x_wconf 71' lang='lat' dir='ltr'><strong>diligatis</strong></span> <span class='ocrx_word' id='word_1_689' title='bbox 3269 3897 3405 3950; x_wconf 79' lang='lat' dir='ltr'><strong>invi-</strong></span> 
     </span>
    </p>
   </div>
   <div class='ocr_carea' id='block_1_87' title="bbox 1818 3983 3404 4056">
    <p class='ocr_par' dir='ltr' id='par_1_87' title="bbox 1818 3983 3404 4056">
     <span class='ocr_line' id='line_1_87' title="bbox 1818 3983 3404 4056; baseline 0.001 -16"><span class='ocrx_word' id='word_1_690' title='bbox 1818 4003 1932 4041; x_wconf 86' lang='lat' dir='ltr'><strong>cem</strong></span> <span class='ocrx_word' id='word_1_691' title='bbox 1976 3988 2104 4041; x_wconf 87' lang='lat' dir='ltr'><strong>sicut</strong></span> <span class='ocrx_word' id='word_1_692' title='bbox 2153 3987 2312 4041; x_wconf 74' lang='lat' dir='ltr'><strong>dilexi</strong></span> <span class='ocrx_word' id='word_1_693' title='bbox 2357 4003 2442 4040; x_wconf 86' lang='lat' dir='ltr'><strong>vos</strong></span> <span class='ocrx_word' id='word_1_694' title='bbox 2492 3985 2685 4056; x_wconf 85' lang='lat' dir='ltr'><strong>(Joun.</strong></span> <span class='ocrx_word' id='word_1_695' title='bbox 2736 4002 2824 4050; x_wconf 87' lang='lat' dir='ltr'><strong>xv,</strong></span> <span class='ocrx_word' id='word_1_696' title='bbox 2861 3984 2925 4037; x_wconf 69' lang='lat' dir='ltr'><strong>l2</strong></span> <span class='ocrx_word' id='word_1_697' title='bbox 2955 3989 2996 4054; x_wconf 90' lang='lat'><strong>).</strong></span> <span class='ocrx_word' id='word_1_698' title='bbox 3053 3983 3167 4040; x_wconf 75' lang='lat' dir='ltr'><strong>Hoc</strong></span> <span class='ocrx_word' id='word_1_699' title='bbox 3203 3986 3404 4055; x_wconf 81' lang='lat' dir='ltr'><strong>quippe</strong></span> 
     </span>
    </p>
   </div>
   <div class='ocr_carea' id='block_1_88' title="bbox 1823 4075 3404 4146">
    <p class='ocr_par' dir='ltr' id='par_1_88' title="bbox 1823 4075 3404 4146">
     <span class='ocr_line' id='line_1_88' title="bbox 1823 4075 3404 4146; baseline -0.001 -16"><span class='ocrx_word' id='word_1_700' title='bbox 1823 4085 2148 4146; x_wconf 77' lang='lat' dir='ltr'><strong>praeceptum</strong></span> <span class='ocrx_word' id='word_1_701' title='bbox 2199 4075 2438 4138; x_wconf 85' lang='lat' dir='ltr'><strong>Domini,</strong></span> <span class='ocrx_word' id='word_1_702' title='bbox 2471 4076 2574 4129; x_wconf 89' lang='lat' dir='ltr'><strong>hoc</strong></span> <span class='ocrx_word' id='word_1_703' title='bbox 2621 4075 2807 4143; x_wconf 83' lang='lat' dir='ltr'><strong>jugum</strong></span> <span class='ocrx_word' id='word_1_704' title='bbox 2865 4083 2947 4128; x_wconf 85' lang='lat' dir='ltr'><strong>est</strong></span> <span class='ocrx_word' id='word_1_705' title='bbox 2985 4075 3177 4130; x_wconf 79' lang='lat' dir='ltr'><strong>divina:</strong></span> <span class='ocrx_word' id='word_1_706' title='bbox 3225 4075 3404 4130; x_wconf 87' lang='lat' dir='ltr'><strong>suavi-</strong></span> 
     </span>
    </p>
   </div>
   <div class='ocr_carea' id='block_1_89' title="bbox 1823 4167 3406 4236">
    <p class='ocr_par' dir='ltr' id='par_1_89' title="bbox 1823 4167 3406 4236">
     <span class='ocr_line' id='line_1_89' title="bbox 1823 4167 3406 4236; baseline -0.003 -11"><span class='ocrx_word' id='word_1_707' title='bbox 1823 4170 1970 4224; x_wconf 88' lang='lat' dir='ltr'><strong>tatis.</strong></span> <span class='ocrx_word' id='word_1_708' title='bbox 2011 4167 2150 4235; x_wconf 88' lang='lat' dir='ltr'><strong>Quid</strong></span> <span class='ocrx_word' id='word_1_709' title='bbox 2177 4169 2318 4222; x_wconf 88' lang='lat' dir='ltr'><strong>cnint</strong></span> <span class='ocrx_word' id='word_1_710' title='bbox 2349 4167 2519 4222; x_wconf 87' lang='lat' dir='ltr'><strong>levius</strong></span> <span class='ocrx_word' id='word_1_711' title='bbox 2542 4208 2557 4233; x_wconf 89' lang='lat'><strong>,</strong></span> <span class='ocrx_word' id='word_1_712' title='bbox 2590 4177 2682 4222; x_wconf 91' lang='lat' dir='ltr'><strong>aut</strong></span> <span class='ocrx_word' id='word_1_713' title='bbox 2719 4181 2952 4236; x_wconf 87' lang='lat' dir='ltr'><strong>unquam</strong></span> <span class='ocrx_word' id='word_1_714' title='bbox 2979 4167 3214 4236; x_wconf 87' lang='lat' dir='ltr'><strong>gratius,</strong></span> <span class='ocrx_word' id='word_1_715' title='bbox 3246 4182 3406 4236; x_wconf 85' lang='lat' dir='ltr'><strong>quam</strong></span> 
     </span>
    </p>
   </div>
   <div class='ocr_carea' id='block_1_90' title="bbox 1823 4256 3407 4327">
    <p class='ocr_par' dir='ltr' id='par_1_90' title="bbox 1823 4256 3407 4327">
     <span class='ocr_line' id='line_1_90' title="bbox 1823 4256 3407 4327; baseline -0.003 -13"><span class='ocrx_word' id='word_1_716' title='bbox 1823 4275 1977 4314; x_wconf 87' lang='lat' dir='ltr'><strong>amor</strong></span> <span class='ocrx_word' id='word_1_717' title='bbox 2017 4259 2233 4314; x_wconf 80' lang='lat' dir='ltr'><strong>fertur?</strong></span> <span class='ocrx_word' id='word_1_718' title='bbox 2285 4257 2423 4324; x_wconf 89' lang='lat' dir='ltr'><strong>Quid</strong></span> <span class='ocrx_word' id='word_1_719' title='bbox 2453 4266 2711 4327; x_wconf 75' lang='lat' dir='ltr'><strong>prmtcrea</strong></span> <span class='ocrx_word' id='word_1_720' title='bbox 2747 4270 2912 4325; x_wconf 75' lang='lat' dir='ltr'><strong>grave</strong></span> <span class='ocrx_word' id='word_1_721' title='bbox 2959 4272 3064 4311; x_wconf 92' lang='lat' dir='ltr'><strong>non</strong></span> <span class='ocrx_word' id='word_1_722' title='bbox 3107 4256 3297 4311; x_wconf 89' lang='lat' dir='ltr'><strong>leviter</strong></span> <span class='ocrx_word' id='word_1_723' title='bbox 3325 4264 3407 4310; x_wconf 93' lang='lat' dir='ltr'><strong>to-</strong></span> 
     </span>
    </p>
   </div>
   <div class='ocr_carea' id='block_1_91' title="bbox 1825 4346 3404 4420">
    <p class='ocr_par' dir='ltr' id='par_1_91' title="bbox 1825 4346 3404 4420">
     <span class='ocr_line' id='line_1_91' title="bbox 1825 4346 3404 4420; baseline -0.004 -15"><span class='ocrx_word' id='word_1_724' title='bbox 1825 4350 2000 4416; x_wconf 86' lang='lat' dir='ltr'><strong>lerat,</strong></span> <span class='ocrx_word' id='word_1_725' title='bbox 2043 4350 2135 4420; x_wconf 88' lang='lat' dir='ltr'><strong>qui</strong></span> <span class='ocrx_word' id='word_1_726' title='bbox 2191 4349 2384 4402; x_wconf 84' lang='lat' dir='ltr'><strong>amat?</strong></span> <span class='ocrx_word' id='word_1_727' title='bbox 2431 4347 2699 4416; x_wconf 89' lang='lat' dir='ltr'><strong>Quidquid</strong></span> <span class='ocrx_word' id='word_1_728' title='bbox 2753 4347 2895 4401; x_wconf 90' lang='lat' dir='ltr'><strong>enim</strong></span> <span class='ocrx_word' id='word_1_729' title='bbox 2955 4346 3235 4415; x_wconf 87' lang='lat' dir='ltr'><strong>diligitur,</strong></span> <span class='ocrx_word' id='word_1_730' title='bbox 3281 4362 3404 4400; x_wconf 91' lang='lat' dir='ltr'><strong>cum</strong></span> 
     </span>
    </p>
   </div>
   <div class='ocr_carea' id='block_1_92' title="bbox 168 4436 3408 4538">
    <p class='ocr_par' dir='ltr' id='par_1_92' title="bbox 168 4436 3408 4538">
     <span class='ocr_line' id='line_1_92' title="bbox 168 4436 3408 4538; baseline -0.01 -18"><span class='ocrx_word' id='word_1_731' title='bbox 168 4482 258 4523; x_wconf 89' lang='lat' dir='ltr'><strong>non</strong></span> <span class='ocrx_word' id='word_1_732' title='bbox 278 4469 343 4523; x_wconf 90' lang='lat' dir='ltr'><strong>ait</strong></span> <span class='ocrx_word' id='word_1_733' title='bbox 372 4485 386 4521; x_wconf 92' lang='lat'><strong>:</strong></span> <span class='ocrx_word' id='word_1_734' title='bbox 418 4468 563 4523; x_wconf 77' lang='lat' dir='ltr'><strong>Misit</strong></span> <span class='ocrx_word' id='word_1_735' title='bbox 607 4436 862 4523; x_wconf 63' lang='lat' dir='ltr'><strong>Damitius</strong></span> <span class='ocrx_word' id='word_1_736' title='bbox 897 4467 1054 4538; x_wconf 77' lang='lat' dir='ltr'><strong>Jepte</strong></span> <span class='ocrx_word' id='word_1_737' title='bbox 1081 4477 1136 4524; x_wconf 89' lang='lat' dir='ltr'><strong>et</strong></span> <span class='ocrx_word' id='word_1_738' title='bbox 1165 4483 1279 4528; x_wconf 85' lang='lat' dir='ltr'><strong>me;</strong></span> <span class='ocrx_word' id='word_1_739' title='bbox 1311 4469 1405 4523; x_wconf 82' lang='lat' dir='ltr'><strong>sed</strong></span> <span class='ocrx_word' id='word_1_740' title='bbox 1438 4485 1450 4520; x_wconf 91' lang='lat'><strong>:</strong></span> <span class='ocrx_word' id='word_1_741' title='bbox 1493 4467 1642 4538; x_wconf 80' lang='lat' dir='ltr'><strong>Jepte</strong></span> <span class='ocrx_word' id='word_1_742' title='bbox 1667 4436 1714 4522; x_wconf 79' lang='lat' dir='ltr'><strong>et</strong></span> <span class='ocrx_word' id='word_1_743' title='bbox 1743 4445 1796 4505; x_wconf 69' lang='grc' dir='ltr'><strong>θ</strong></span> <span class='ocrx_word' id='word_1_744' title='bbox 1823 4440 2342 4538; x_wconf 29' lang='grc' dir='ltr'><strong>ίξ¹²ξ⁶¹³αάθνο¹ξοηεξ</strong></span> <span class='ocrx_word' id='word_1_745' title='bbox 2383 4446 2648 4538; x_wconf 27' lang='grc' dir='ltr'><strong>Ροξὶῑαξῐίικ</strong></span> <span class='ocrx_word' id='word_1_746' title='bbox 2682 4437 2817 4538; x_wconf 57' lang='grc' dir='ltr'><strong>Ωυίίξ</strong></span> <span class='ocrx_word' id='word_1_747' title='bbox 2835 4436 3262 4538; x_wconf 37' lang='lat' dir='ltr'><strong>emo-vinculum.</strong></span> <span class='ocrx_word' id='word_1_748' title='bbox 3285 4451 3408 4537; x_wconf 76' lang='lat' dir='ltr'><strong>per-</strong></span> 
     </span>
    </p>
   </div>
   <div class='ocr_carea' id='block_1_93' title="bbox 171 4559 1714 4627">
    <p class='ocr_par' dir='ltr' id='par_1_93' title="bbox 171 4559 1714 4627">
     <span class='ocr_line' id='line_1_93' title="bbox 171 4559 1714 4627; baseline -0.001 -14"><span class='ocrx_word' id='word_1_749' title='bbox 171 4559 384 4627; x_wconf 85' lang='lat' dir='ltr'><strong>Sutnttel,</strong></span> <span class='ocrx_word' id='word_1_750' title='bbox 412 4570 461 4615; x_wconf 90' lang='lat' dir='ltr'><strong>et</strong></span> <span class='ocrx_word' id='word_1_751' title='bbox 487 4562 621 4614; x_wconf 88' lang='lat' dir='ltr'><strong>eruit</strong></span> <span class='ocrx_word' id='word_1_752' title='bbox 651 4577 738 4614; x_wconf 78' lang='lat' dir='ltr'><strong>vos</strong></span> <span class='ocrx_word' id='word_1_753' title='bbox 767 4559 831 4623; x_wconf 70' lang='lat' dir='ltr'><strong>de</strong></span> <span class='ocrx_word' id='word_1_754' title='bbox 866 4577 1023 4614; x_wconf 83' lang='lat' dir='ltr'><strong>manu</strong></span> <span class='ocrx_word' id='word_1_755' title='bbox 1051 4561 1375 4615; x_wconf 83' lang='lat' dir='ltr'><strong>inimicorum</strong></span> <span class='ocrx_word' id='word_1_756' title='bbox 1414 4569 1714 4614; x_wconf 81' lang='lat' dir='ltr'><strong>uestrorum.</strong></span> 
     </span>
    </p>
   </div>
   <div class='ocr_carea' id='block_1_94' title="bbox 169 4648 1720 4721">
    <p class='ocr_par' dir='ltr' id='par_1_94' title="bbox 169 4648 1720 4721">
     <span class='ocr_line' id='line_1_94' title="bbox 169 4648 1720 4721; baseline -0.001 -17"><span class='ocrx_word' id='word_1_757' title='bbox 169 4648 227 4704; x_wconf 87' lang='lat' dir='ltr'><strong>Se</strong></span> <span class='ocrx_word' id='word_1_758' title='bbox 248 4651 449 4720; x_wconf 88' lang='lat' dir='ltr'><strong>quidem</strong></span> <span class='ocrx_word' id='word_1_759' title='bbox 497 4652 650 4721; x_wconf 78' lang='lat' dir='ltr'><strong>quasi</strong></span> <span class='ocrx_word' id='word_1_760' title='bbox 678 4651 841 4704; x_wconf 87' lang='lat' dir='ltr'><strong>alium</strong></span> <span class='ocrx_word' id='word_1_761' title='bbox 874 4651 1196 4716; x_wconf 88' lang='lat' dir='ltr'><strong>nominavit,</strong></span> <span class='ocrx_word' id='word_1_762' title='bbox 1228 4660 1287 4705; x_wconf 91' lang='lat' dir='ltr'><strong>ut</strong></span> <span class='ocrx_word' id='word_1_763' title='bbox 1313 4651 1482 4706; x_wconf 84' lang='lat' dir='ltr'><strong>virtus</strong></span> <span class='ocrx_word' id='word_1_764' title='bbox 1525 4651 1720 4704; x_wconf 83' lang='lat' dir='ltr'><strong>libera-</strong></span> 
     </span>
    </p>
   </div>
   <div class='ocr_carea' id='block_1_95' title="bbox 169 4741 1720 4810">
    <p class='ocr_par' dir='ltr' id='par_1_95' title="bbox 169 4741 1720 4810">
     <span class='ocr_line' id='line_1_95' title="bbox 169 4741 1720 4810; baseline 0.001 -16"><span class='ocrx_word' id='word_1_765' title='bbox 169 4742 307 4796; x_wconf 87' lang='lat' dir='ltr'><strong>ti0uis</strong></span> <span class='ocrx_word' id='word_1_766' title='bbox 347 4757 453 4797; x_wconf 90' lang='lat' dir='ltr'><strong>non</strong></span> <span class='ocrx_word' id='word_1_767' title='bbox 492 4741 855 4797; x_wconf 87' lang='lat' dir='ltr'><strong>ascriberetur</strong></span> <span class='ocrx_word' id='word_1_768' title='bbox 904 4756 1152 4810; x_wconf 65' lang='lat' dir='ltr'><strong>persarz</strong></span> <span class='ocrx_word' id='word_1_769' title='bbox 1190 4741 1380 4795; x_wconf 90' lang='lat' dir='ltr'><strong>missi:</strong></span> <span class='ocrx_word' id='word_1_770' title='bbox 1413 4743 1507 4796; x_wconf 88' lang='lat' dir='ltr'><strong>sed</strong></span> <span class='ocrx_word' id='word_1_771' title='bbox 1533 4742 1720 4810; x_wconf 64' lang='lat' dir='ltr'><strong>gratia</strong></span> 
     </span>
    </p>
   </div>
   <div class='ocr_carea' id='block_1_96' title="bbox 170 4831 1722 4901">
    <p class='ocr_par' dir='ltr' id='par_1_96' title="bbox 170 4831 1722 4901">
     <span class='ocr_line' id='line_1_96' title="bbox 170 4831 1722 4901; baseline 0 -15"><span class='ocrx_word' id='word_1_772' title='bbox 170 4833 400 4887; x_wconf 72' lang='lat' dir='ltr'><strong>mittentis</strong></span> <span class='ocrx_word' id='word_1_773' title='bbox 420 4832 535 4888; x_wconf 77' lang='lat' dir='ltr'><strong>Dei.</strong></span> <span class='ocrx_word' id='word_1_774' title='bbox 562 4833 732 4900; x_wconf 73' lang='lat' dir='ltr'><strong>Misit,</strong></span> <span class='ocrx_word' id='word_1_775' title='bbox 753 4832 942 4901; x_wconf 88' lang='lat' dir='ltr'><strong>inquit,</strong></span> <span class='ocrx_word' id='word_1_776' title='bbox 968 4831 1222 4887; x_wconf 82' lang='lat' dir='ltr'><strong>Dominus</strong></span> <span class='ocrx_word' id='word_1_777' title='bbox 1253 4832 1488 4898; x_wconf 86' lang='lat' dir='ltr'><strong>Samuel,</strong></span> <span class='ocrx_word' id='word_1_778' title='bbox 1513 4843 1562 4886; x_wconf 85' lang='lat' dir='ltr'><strong>et</strong></span> <span class='ocrx_word' id='word_1_779' title='bbox 1589 4834 1722 4886; x_wconf 84' lang='lat' dir='ltr'><strong>eruit</strong></span> 
     </span>
    </p>
   </div>
   <div class='ocr_carea' id='block_1_97' title="bbox 169 4925 1718 4996">
    <p class='ocr_par' dir='ltr' id='par_1_97' title="bbox 169 4925 1718 4996">
     <span class='ocr_line' id='line_1_97' title="bbox 169 4925 1718 4996; baseline 0.002 -19"><span class='ocrx_word' id='word_1_780' title='bbox 169 4941 259 4978; x_wconf 77' lang='lat' dir='ltr'><strong>ros.</strong></span> <span class='ocrx_word' id='word_1_781' title='bbox 297 4925 449 4990; x_wconf 88' lang='lat' dir='ltr'><strong>Quasi</strong></span> <span class='ocrx_word' id='word_1_782' title='bbox 489 4925 676 4980; x_wconf 85' lang='lat' dir='ltr'><strong>dicat:</strong></span> <span class='ocrx_word' id='word_1_783' title='bbox 707 4927 876 4991; x_wconf 87' lang='lat' dir='ltr'><strong>Quem</strong></span> <span class='ocrx_word' id='word_1_784' title='bbox 909 4925 1106 4988; x_wconf 86' lang='lat' dir='ltr'><strong>voluit,</strong></span> <span class='ocrx_word' id='word_1_785' title='bbox 1149 4925 1320 4988; x_wconf 88' lang='lat' dir='ltr'><strong>misit;</strong></span> <span class='ocrx_word' id='word_1_786' title='bbox 1351 4933 1408 4980; x_wconf 91' lang='lat' dir='ltr'><strong>et</strong></span> <span class='ocrx_word' id='word_1_787' title='bbox 1436 4941 1534 4996; x_wconf 91' lang='lat' dir='ltr'><strong>per</strong></span> <span class='ocrx_word' id='word_1_788' title='bbox 1559 4940 1718 4996; x_wconf 87' lang='lat' dir='ltr'><strong>quem</strong></span> 
     </span>
    </p>
   </div>
   <div class='ocr_carea' id='block_1_98' title="bbox 171 5012 1722 5084">
    <p class='ocr_par' dir='ltr' id='par_1_98' title="bbox 171 5012 1722 5084">
     <span class='ocr_line' id='line_1_98' title="bbox 171 5012 1722 5084; baseline -0.001 -14"><span class='ocrx_word' id='word_1_789' title='bbox 171 5012 308 5084; x_wconf 68' lang='lat'><strong>373</strong></span> <span class='ocrx_word' id='word_1_790' title='bbox 335 5016 528 5082; x_wconf 83' lang='lat' dir='ltr'><strong>voluit,</strong></span> <span class='ocrx_word' id='word_1_791' title='bbox 561 5014 707 5070; x_wconf 75' lang='lat' dir='ltr'><strong>fecit.</strong></span> <span class='ocrx_word' id='word_1_792' title='bbox 757 5014 824 5070; x_wconf 86' lang='lat' dir='ltr'><strong>Et</strong></span> <span class='ocrx_word' id='word_1_793' title='bbox 862 5014 1087 5071; x_wconf 77' lang='lat' dir='ltr'><strong>fortasse</strong></span> <span class='ocrx_word' id='word_1_794' title='bbox 1127 5016 1196 5071; x_wconf 92' lang='lat' dir='ltr'><strong>de</strong></span> <span class='ocrx_word' id='word_1_795' title='bbox 1235 5031 1294 5071; x_wconf 90' lang='lat' dir='ltr'><strong>se</strong></span> <span class='ocrx_word' id='word_1_796' title='bbox 1318 5016 1470 5084; x_wconf 85' lang='lat' dir='ltr'><strong>quasi</strong></span> <span class='ocrx_word' id='word_1_797' title='bbox 1513 5016 1580 5070; x_wconf 89' lang='lat' dir='ltr'><strong>de</strong></span> <span class='ocrx_word' id='word_1_798' title='bbox 1616 5015 1722 5069; x_wconf 88' lang='lat' dir='ltr'><strong>alio</strong></span> 
     </span>
    </p>
   </div>
   <div class='ocr_carea' id='block_1_99' title="bbox 169 5101 1722 5176">
    <p class='ocr_par' dir='ltr' id='par_1_99' title="bbox 169 5101 1722 5176">
     <span class='ocr_line' id='line_1_99' title="bbox 169 5101 1722 5176; baseline 0.003 -20"><span class='ocrx_word' id='word_1_799' title='bbox 169 5101 417 5171; x_wconf 82' lang='lat' dir='ltr'><strong>loquitur:</strong></span> <span class='ocrx_word' id='word_1_800' title='bbox 448 5105 572 5173; x_wconf 86' lang='lat' dir='ltr'><strong>quia</strong></span> <span class='ocrx_word' id='word_1_801' title='bbox 602 5121 708 5160; x_wconf 92' lang='lat' dir='ltr'><strong>non</strong></span> <span class='ocrx_word' id='word_1_802' title='bbox 740 5106 852 5176; x_wconf 86' lang='lat' dir='ltr'><strong>ipse</strong></span> <span class='ocrx_word' id='word_1_803' title='bbox 877 5115 988 5169; x_wconf 90' lang='lat' dir='ltr'><strong>est,</strong></span> <span class='ocrx_word' id='word_1_804' title='bbox 1029 5106 1119 5176; x_wconf 89' lang='lat' dir='ltr'><strong>qui</strong></span> <span class='ocrx_word' id='word_1_805' title='bbox 1150 5121 1246 5176; x_wconf 87' lang='lat' dir='ltr'><strong>per</strong></span> <span class='ocrx_word' id='word_1_806' title='bbox 1271 5108 1505 5174; x_wconf 85' lang='lat' dir='ltr'><strong>seipsum</strong></span> <span class='ocrx_word' id='word_1_807' title='bbox 1550 5108 1722 5176; x_wconf 86' lang='lat' dir='ltr'><strong>loqui-</strong></span> 
     </span>
    </p>
   </div>
   <div class='ocr_carea' id='block_1_100' title="bbox 170 5193 1721 5265">
    <p class='ocr_par' dir='ltr' id='par_1_100' title="bbox 170 5193 1721 5265">
     <span class='ocr_line' id='line_1_100' title="bbox 170 5193 1721 5265; baseline 0.004 -23"><span class='ocrx_word' id='word_1_808' title='bbox 170 5198 238 5244; x_wconf 80' lang='lat' dir='ltr'><strong>tut</strong></span> <span class='ocrx_word' id='word_1_809' title='bbox 265 5210 278 5244; x_wconf 93' lang='lat'><strong>:</strong></span> <span class='ocrx_word' id='word_1_810' title='bbox 305 5193 392 5247; x_wconf 82' lang='lat' dir='ltr'><strong>sed</strong></span> <span class='ocrx_word' id='word_1_811' title='bbox 420 5195 650 5264; x_wconf 84' lang='lat' dir='ltr'><strong>Spiritus</strong></span> <span class='ocrx_word' id='word_1_812' title='bbox 678 5205 916 5249; x_wconf 87' lang='lat' dir='ltr'><strong>sanctus.</strong></span> <span class='ocrx_word' id='word_1_813' title='bbox 965 5193 1032 5248; x_wconf 85' lang='lat' dir='ltr'><strong>Et</strong></span> <span class='ocrx_word' id='word_1_814' title='bbox 1057 5195 1182 5264; x_wconf 86' lang='lat' dir='ltr'><strong>quia</strong></span> <span class='ocrx_word' id='word_1_815' title='bbox 1213 5196 1566 5265; x_wconf 88' lang='lat' dir='ltr'><strong>permissione</strong></span> <span class='ocrx_word' id='word_1_816' title='bbox 1595 5196 1721 5262; x_wconf 91' lang='lat' dir='ltr'><strong>Dei,</strong></span> 
     </span>
    </p>
   </div>
   <div class='ocr_carea' id='block_1_101' title="bbox 171 5281 1723 5356">
    <p class='ocr_par' dir='ltr' id='par_1_101' title="bbox 171 5281 1723 5356">
     <span class='ocr_line' id='line_1_101' title="bbox 171 5281 1723 5356; baseline 0.004 -22"><span class='ocrx_word' id='word_1_817' title='bbox 171 5281 263 5348; x_wconf 73' lang='lat' dir='ltr'><strong>iatn</strong></span> <span class='ocrx_word' id='word_1_818' title='bbox 290 5299 406 5353; x_wconf 86' lang='lat' dir='ltr'><strong>rege</strong></span> <span class='ocrx_word' id='word_1_819' title='bbox 431 5287 752 5351; x_wconf 74' lang='lat' dir='ltr'><strong>coastituto,</strong></span> <span class='ocrx_word' id='word_1_820' title='bbox 781 5287 863 5340; x_wconf 90' lang='lat' dir='ltr'><strong>vir</strong></span> <span class='ocrx_word' id='word_1_821' title='bbox 893 5286 1100 5340; x_wconf 88' lang='lat' dir='ltr'><strong>Domini</strong></span> <span class='ocrx_word' id='word_1_822' title='bbox 1123 5287 1223 5341; x_wconf 82' lang='lat' dir='ltr'><strong>ista</strong></span> <span class='ocrx_word' id='word_1_823' title='bbox 1255 5287 1610 5356; x_wconf 82' lang='lat' dir='ltr'><strong>loquebatur;</strong></span> <span class='ocrx_word' id='word_1_824' title='bbox 1655 5287 1723 5340; x_wconf 89' lang='lat' dir='ltr'><strong>ad</strong></span> 
     </span>
    </p>
   </div>
   <div class='ocr_carea' id='block_1_102' title="bbox 181 5370 1728 5447">
    <p class='ocr_par' dir='ltr' id='par_1_102' title="bbox 181 5370 1728 5447">
     <span class='ocr_line' id='line_1_102' title="bbox 181 5370 1728 5447; baseline 0.003 -24"><span class='ocrx_word' id='word_1_825' title='bbox 181 5370 271 5426; x_wconf 88' lang='lat' dir='ltr'><strong>hoc</strong></span> <span class='ocrx_word' id='word_1_826' title='bbox 316 5374 545 5442; x_wconf 83' lang='lat' dir='ltr'><strong>prnl&#39;ecto</strong></span> <span class='ocrx_word' id='word_1_827' title='bbox 594 5376 934 5446; x_wconf 84' lang='lat' dir='ltr'><strong>loquebatur,</strong></span> <span class='ocrx_word' id='word_1_828' title='bbox 964 5387 1023 5431; x_wconf 91' lang='lat' dir='ltr'><strong>ut</strong></span> <span class='ocrx_word' id='word_1_829' title='bbox 1060 5391 1239 5446; x_wconf 87' lang='lat' dir='ltr'><strong>regem</strong></span> <span class='ocrx_word' id='word_1_830' title='bbox 1283 5385 1339 5431; x_wconf 89' lang='lat' dir='ltr'><strong>et</strong></span> <span class='ocrx_word' id='word_1_831' title='bbox 1381 5377 1635 5447; x_wconf 86' lang='lat' dir='ltr'><strong>populum</strong></span> <span class='ocrx_word' id='word_1_832' title='bbox 1661 5375 1728 5429; x_wconf 87' lang='lat' dir='ltr'><strong>ad</strong></span> 
     </span>
    </p>
   </div>
   <div class='ocr_carea' id='block_1_103' title="bbox 178 5458 1728 5537">
    <p class='ocr_par' dir='ltr' id='par_1_103' title="bbox 178 5458 1728 5537">
     <span class='ocr_line' id='line_1_103' title="bbox 178 5458 1728 5537; baseline 0.003 -23"><span class='ocrx_word' id='word_1_833' title='bbox 178 5458 256 5514; x_wconf 82' lang='lat' dir='ltr'><strong>Dei</strong></span> <span class='ocrx_word' id='word_1_834' title='bbox 276 5463 460 5518; x_wconf 88' lang='lat' dir='ltr'><strong>cultum</strong></span> <span class='ocrx_word' id='word_1_835' title='bbox 483 5465 760 5534; x_wconf 84' lang='lat' dir='ltr'><strong>dirigeret,</strong></span> <span class='ocrx_word' id='word_1_836' title='bbox 791 5480 898 5520; x_wconf 88' lang='lat' dir='ltr'><strong>non</strong></span> <span class='ocrx_word' id='word_1_837' title='bbox 919 5474 976 5520; x_wconf 90' lang='lat' dir='ltr'><strong>ut</strong></span> <span class='ocrx_word' id='word_1_838' title='bbox 1001 5469 1169 5536; x_wconf 85' lang='lat' dir='ltr'><strong>ipsam</strong></span> <span class='ocrx_word' id='word_1_839' title='bbox 1193 5467 1507 5537; x_wconf 78' lang='lat' dir='ltr'><strong>dignitatem</strong></span> <span class='ocrx_word' id='word_1_840' title='bbox 1531 5467 1728 5534; x_wconf 84' lang='lat' dir='ltr'><strong>regiam</strong></span> 
     </span>
    </p>
   </div>
   <div class='ocr_carea' id='block_1_104' title="bbox 178 5555 1229 5626">
    <p class='ocr_par' dir='ltr' id='par_1_104' title="bbox 178 5555 1229 5626">
     <span class='ocr_line' id='line_1_104' title="bbox 178 5555 1229 5626; baseline 0.006 -20"><span class='ocrx_word' id='word_1_841' title='bbox 178 5565 452 5611; x_wconf 75' lang='lat' dir='ltr'><strong>cvacuaret.</strong></span> <span class='ocrx_word' id='word_1_842' title='bbox 484 5555 635 5610; x_wconf 89' lang='lat' dir='ltr'><strong>Unde</strong></span> <span class='ocrx_word' id='word_1_843' title='bbox 663 5565 720 5611; x_wconf 89' lang='lat' dir='ltr'><strong>et</strong></span> <span class='ocrx_word' id='word_1_844' title='bbox 741 5557 1088 5626; x_wconf 80' lang='lat' dir='ltr'><strong>subjungens.</strong></span> <span class='ocrx_word' id='word_1_845' title='bbox 1115 5558 1189 5612; x_wconf 87' lang='lat' dir='ltr'><strong>ait</strong></span> <span class='ocrx_word' id='word_1_846' title='bbox 1217 5577 1229 5612; x_wconf 91' lang='lat'><strong>:</strong></span> 
     </span>
    </p>
   </div>
   <div class='ocr_carea' id='block_1_105' title="bbox 241 5644 1732 5720">
    <p class='ocr_par' dir='ltr' id='par_1_105' title="bbox 241 5644 1732 5720">
     <span class='ocr_line' id='line_1_105' title="bbox 241 5644 1732 5720; baseline 0.004 -22"><span class='ocrx_word' id='word_1_847' title='bbox 241 5644 397 5715; x_wconf 64' lang='grc' dir='ltr'><strong>(γει-ς.</strong></span> <span class='ocrx_word' id='word_1_848' title='bbox 443 5646 659 5717; x_wconf 76' lang='grc'><strong>15-15.)</strong></span> <span class='ocrx_word' id='word_1_849' title='bbox 701 5646 858 5702; x_wconf 84' lang='lat' dir='ltr'><strong>Nunc</strong></span> <span class='ocrx_word' id='word_1_850' title='bbox 886 5660 1076 5718; x_wconf 67' lang='lat' dir='ltr'><strong>praesto</strong></span> <span class='ocrx_word' id='word_1_851' title='bbox 1115 5661 1189 5705; x_wconf 88' lang='lat' dir='ltr'><strong>est</strong></span> <span class='ocrx_word' id='word_1_852' title='bbox 1229 5667 1318 5706; x_wconf 74' lang='lat' dir='ltr'><strong>rex</strong></span> <span class='ocrx_word' id='word_1_853' title='bbox 1366 5658 1551 5718; x_wconf 71' lang='lat' dir='ltr'><strong>tester,</strong></span> <span class='ocrx_word' id='word_1_854' title='bbox 1581 5667 1732 5720; x_wconf 88' lang='lat' dir='ltr'><strong>quem</strong></span> 
     </span>
    </p>
   </div>
   <div class='ocr_carea' id='block_1_106' title="bbox 431 5763 1030 5824">
    <p class='ocr_par' dir='ltr' id='par_1_106' title="bbox 431 5763 1030 5824">
     <span class='ocr_line' id='line_1_106' title="bbox 431 5763 1030 5824; baseline 0.003 -2"><span class='ocrx_word' id='word_1_855' title='bbox 431 5763 704 5822; x_wconf 63' lang='lat' dir='ltr'><strong>Parnoc.</strong></span> <span class='ocrx_word' id='word_1_856' title='bbox 737 5763 1030 5824; x_wconf 72' lang='lat' dir='ltr'><strong>LXXIX.</strong></span> 
     </span>
    </p>
   </div>
   <div class='ocr_carea' id='block_1_107' title="bbox 1822 4527 3402 4597">
    <p class='ocr_par' dir='ltr' id='par_1_107' title="bbox 1822 4527 3402 4597">
     <span class='ocr_line' id='line_1_107' title="bbox 1822 4527 3402 4597; baseline -0.002 -13"><span class='ocrx_word' id='word_1_857' title='bbox 1822 4530 2068 4586; x_wconf 77' lang='lat' dir='ltr'><strong>lectionis</strong></span> <span class='ocrx_word' id='word_1_858' title='bbox 2095 4539 2178 4584; x_wconf 87' lang='lat' dir='ltr'><strong>est</strong></span> <span class='ocrx_word' id='word_1_859' title='bbox 2198 4530 2430 4584; x_wconf 86' lang='lat' dir='ltr'><strong>charitas</strong></span> <span class='ocrx_word' id='word_1_860' title='bbox 2460 4528 2554 4582; x_wconf 91' lang='lat' dir='ltr'><strong>Dei</strong></span> <span class='ocrx_word' id='word_1_861' title='bbox 2580 4537 2635 4583; x_wconf 86' lang='lat' dir='ltr'><strong>et</strong></span> <span class='ocrx_word' id='word_1_862' title='bbox 2661 4528 2891 4597; x_wconf 84' lang='lat' dir='ltr'><strong>proximi</strong></span> <span class='ocrx_word' id='word_1_863' title='bbox 2914 4567 2929 4590; x_wconf 94' lang='lat'><strong>,</strong></span> <span class='ocrx_word' id='word_1_864' title='bbox 2962 4527 3100 4581; x_wconf 86' lang='lat' dir='ltr'><strong>bene</strong></span> <span class='ocrx_word' id='word_1_865' title='bbox 3127 4527 3180 4580; x_wconf 88' lang='lat' dir='ltr'><strong>itt</strong></span> <span class='ocrx_word' id='word_1_866' title='bbox 3212 4527 3402 4581; x_wconf 89' lang='lat' dir='ltr'><strong>ultimo</strong></span> 
     </span>
    </p>
   </div>
   <div class='ocr_carea' id='block_1_108' title="bbox 1823 4617 3409 4692">
    <p class='ocr_par' dir='ltr' id='par_1_108' title="bbox 1823 4617 3409 4692">
     <span class='ocr_line' id='line_1_108' title="bbox 1823 4617 3409 4692; baseline -0.006 -14"><span class='ocrx_word' id='word_1_867' title='bbox 1823 4624 1944 4678; x_wconf 93' lang='lat' dir='ltr'><strong>loco</strong></span> <span class='ocrx_word' id='word_1_868' title='bbox 1984 4622 2249 4692; x_wconf 83' lang='lat' dir='ltr'><strong>propheta</strong></span> <span class='ocrx_word' id='word_1_869' title='bbox 2290 4619 2599 4684; x_wconf 87' lang='lat' dir='ltr'><strong>denuntiat,</strong></span> <span class='ocrx_word' id='word_1_870' title='bbox 2628 4619 2841 4672; x_wconf 90' lang='lat' dir='ltr'><strong>dicens:</strong></span> <span class='ocrx_word' id='word_1_871' title='bbox 2881 4617 3074 4671; x_wconf 84' lang='lat' dir='ltr'><strong>Sinon</strong></span> <span class='ocrx_word' id='word_1_872' title='bbox 3127 4633 3409 4685; x_wconf 72' lang='lat' dir='ltr'><strong>exaspera-</strong></span> 
     </span>
    </p>
   </div>
   <div class='ocr_carea' id='block_1_109' title="bbox 1823 4707 3408 4777">
    <p class='ocr_par' dir='ltr' id='par_1_109' title="bbox 1823 4707 3408 4777">
     <span class='ocr_line' id='line_1_109' title="bbox 1823 4707 3408 4777; baseline -0.005 -9"><span class='ocrx_word' id='word_1_873' title='bbox 1823 4714 1998 4768; x_wconf 82' lang='lat' dir='ltr'><strong>veritis</strong></span> <span class='ocrx_word' id='word_1_874' title='bbox 2027 4728 2084 4766; x_wconf 90' lang='lat' dir='ltr'><strong>os</strong></span> <span class='ocrx_word' id='word_1_875' title='bbox 2131 4709 2382 4776; x_wconf 84' lang='lat' dir='ltr'><strong>Domini,</strong></span> <span class='ocrx_word' id='word_1_876' title='bbox 2414 4711 2557 4763; x_wconf 88' lang='lat' dir='ltr'><strong>eritis</strong></span> <span class='ocrx_word' id='word_1_877' title='bbox 2600 4717 2650 4762; x_wconf 76' lang='lat' dir='ltr'><strong>et</strong></span> <span class='ocrx_word' id='word_1_878' title='bbox 2680 4725 2764 4762; x_wconf 81' lang='lat' dir='ltr'><strong>vos</strong></span> <span class='ocrx_word' id='word_1_879' title='bbox 2788 4747 2804 4772; x_wconf 92' lang='lat'><strong>,</strong></span> <span class='ocrx_word' id='word_1_880' title='bbox 2833 4717 2883 4761; x_wconf 87' lang='lat' dir='ltr'><strong>et</strong></span> <span class='ocrx_word' id='word_1_881' title='bbox 2911 4723 3002 4760; x_wconf 79' lang='lat' dir='ltr'><strong>rea:</strong></span> <span class='ocrx_word' id='word_1_882' title='bbox 3051 4708 3135 4777; x_wconf 88' lang='lat' dir='ltr'><strong>qui</strong></span> <span class='ocrx_word' id='word_1_883' title='bbox 3186 4707 3408 4776; x_wconf 83' lang='lat' dir='ltr'><strong>imperat</strong></span> 
     </span>
    </p>
   </div>
   <div class='ocr_carea' id='block_1_110' title="bbox 1824 4796 3408 4874">
    <p class='ocr_par' dir='ltr' id='par_1_110' title="bbox 1824 4796 3408 4874">
     <span class='ocr_line' id='line_1_110' title="bbox 1824 4796 3408 4874; baseline -0.007 -14"><span class='ocrx_word' id='word_1_884' title='bbox 1824 4805 2276 4874; x_wconf 78' lang='lat' dir='ltr'><strong>vobis,sequeutes</strong></span> <span class='ocrx_word' id='word_1_885' title='bbox 2329 4800 2606 4856; x_wconf 80' lang='lat' dir='ltr'><strong>Dominum</strong></span> <span class='ocrx_word' id='word_1_886' title='bbox 2644 4800 2809 4853; x_wconf 87' lang='lat' dir='ltr'><strong>Deum</strong></span> <span class='ocrx_word' id='word_1_887' title='bbox 2848 4807 3084 4852; x_wconf 86' lang='lat' dir='ltr'><strong>vestrum.</strong></span> <span class='ocrx_word' id='word_1_888' title='bbox 3112 4796 3276 4862; x_wconf 78' lang='lat' dir='ltr'><strong>Quasi</strong></span> <span class='ocrx_word' id='word_1_889' title='bbox 3322 4796 3408 4850; x_wconf 87' lang='lat' dir='ltr'><strong>di-</strong></span> 
     </span>
    </p>
   </div>
   <div class='ocr_carea' id='block_1_111' title="bbox 1828 4887 3411 4957">
    <p class='ocr_par' dir='ltr' id='par_1_111' title="bbox 1828 4887 3411 4957">
     <span class='ocr_line' id='line_1_111' title="bbox 1828 4887 3411 4957; baseline -0.006 -8"><span class='ocrx_word' id='word_1_890' title='bbox 1828 4902 1943 4950; x_wconf 88' lang='lat' dir='ltr'><strong>cat:</strong></span> <span class='ocrx_word' id='word_1_891' title='bbox 1969 4893 2120 4948; x_wconf 87' lang='lat' dir='ltr'><strong>Tunc</strong></span> <span class='ocrx_word' id='word_1_892' title='bbox 2164 4893 2304 4947; x_wconf 83' lang='lat' dir='ltr'><strong>bene</strong></span> <span class='ocrx_word' id='word_1_893' title='bbox 2346 4891 2578 4945; x_wconf 65' lang='lat' dir='ltr'><strong>divinam</strong></span> <span class='ocrx_word' id='word_1_894' title='bbox 2607 4890 2935 4944; x_wconf 88' lang='lat' dir='ltr'><strong>voluntatem</strong></span> <span class='ocrx_word' id='word_1_895' title='bbox 2967 4887 3238 4957; x_wconf 81' lang='lat' dir='ltr'><strong>perlicitis,</strong></span> <span class='ocrx_word' id='word_1_896' title='bbox 3269 4887 3312 4941; x_wconf 91' lang='lat' dir='ltr'><strong>si</strong></span> <span class='ocrx_word' id='word_1_897' title='bbox 3357 4895 3411 4941; x_wconf 86' lang='lat' dir='ltr'><strong>et</strong></span> 
     </span>
    </p>
   </div>
   <div class='ocr_carea' id='block_1_112' title="bbox 1828 4979 3408 5054">
    <p class='ocr_par' dir='ltr' id='par_1_112' title="bbox 1828 4979 3408 5054">
     <span class='ocr_line' id='line_1_112' title="bbox 1828 4979 3408 5054; baseline -0.006 -12"><span class='ocrx_word' id='word_1_898' title='bbox 1828 4993 2195 5054; x_wconf 88' lang='lat' dir='ltr'><strong>contemptmn</strong></span> <span class='ocrx_word' id='word_1_899' title='bbox 2243 4981 2524 5053; x_wconf 88' lang='lat' dir='ltr'><strong>pravitatis</strong></span> <span class='ocrx_word' id='word_1_900' title='bbox 2547 5021 2563 5047; x_wconf 85' lang='lat'><strong>,</strong></span> <span class='ocrx_word' id='word_1_901' title='bbox 2594 4991 2649 5036; x_wconf 90' lang='lat' dir='ltr'><strong>et</strong></span> <span class='ocrx_word' id='word_1_902' title='bbox 2688 4981 2815 5036; x_wconf 90' lang='lat' dir='ltr'><strong>boni</strong></span> <span class='ocrx_word' id='word_1_903' title='bbox 2843 4980 3023 5050; x_wconf 83' lang='lat' dir='ltr'><strong>operis</strong></span> <span class='ocrx_word' id='word_1_904' title='bbox 3061 4979 3300 5034; x_wconf 90' lang='lat' dir='ltr'><strong>studium</strong></span> <span class='ocrx_word' id='word_1_905' title='bbox 3353 4980 3408 5033; x_wconf 88' lang='lat' dir='ltr'><strong>in</strong></span> 
     </span>
    </p>
   </div>
   <div class='ocr_carea' id='block_1_113' title="bbox 1828 5062 3414 5137">
    <p class='ocr_par' dir='ltr' id='par_1_113' title="bbox 1828 5062 3414 5137">
     <span class='ocr_line' id='line_1_113' title="bbox 1828 5062 3414 5137; baseline -0.006 0"><span class='ocrx_word' id='word_1_906' title='bbox 1828 5083 2007 5137; x_wconf 86' lang='lat' dir='ltr'><strong>divina</strong></span> <span class='ocrx_word' id='word_1_907' title='bbox 2037 5080 2297 5136; x_wconf 89' lang='lat' dir='ltr'><strong>charitate</strong></span> <span class='ocrx_word' id='word_1_908' title='bbox 2323 5062 2584 5133; x_wconf 86' lang='lat' dir='ltr'><strong>so‘idatis.</strong></span> <span class='ocrx_word' id='word_1_909' title='bbox 2619 5077 2770 5131; x_wconf 89' lang='lat' dir='ltr'><strong>Tunc</strong></span> <span class='ocrx_word' id='word_1_910' title='bbox 2798 5076 2864 5129; x_wconf 91' lang='lat' dir='ltr'><strong>ad</strong></span> <span class='ocrx_word' id='word_1_911' title='bbox 2898 5089 3159 5130; x_wconf 87' lang='lat' dir='ltr'><strong>summam</strong></span> <span class='ocrx_word' id='word_1_912' title='bbox 3196 5082 3414 5128; x_wconf 75' lang='lat' dir='ltr'><strong>:eterna:</strong></span> 
     </span>
    </p>
   </div>
   <div class='ocr_carea' id='block_1_114' title="bbox 1829 5163 3413 5237">
    <p class='ocr_par' dir='ltr' id='par_1_114' title="bbox 1829 5163 3413 5237">
     <span class='ocr_line' id='line_1_114' title="bbox 1829 5163 3413 5237; baseline -0.005 -12"><span class='ocrx_word' id='word_1_913' title='bbox 1829 5173 1953 5226; x_wconf 77' lang='lat' dir='ltr'><strong>vita:</strong></span> <span class='ocrx_word' id='word_1_914' title='bbox 1979 5169 2361 5226; x_wconf 83' lang='lat' dir='ltr'><strong>beatitudinem</strong></span> <span class='ocrx_word' id='word_1_915' title='bbox 2391 5168 2528 5223; x_wconf 89' lang='lat' dir='ltr'><strong>bene</strong></span> <span class='ocrx_word' id='word_1_916' title='bbox 2557 5174 2679 5237; x_wconf 91' lang='lat' dir='ltr'><strong>post</strong></span> <span class='ocrx_word' id='word_1_917' title='bbox 2727 5164 3140 5234; x_wconf 83' lang='lat' dir='ltr'><strong>Redemptorem</strong></span> <span class='ocrx_word' id='word_1_918' title='bbox 3160 5163 3413 5230; x_wconf 86' lang='lat' dir='ltr'><strong>curritis,</strong></span> 
     </span>
    </p>
   </div>
   <div class='ocr_carea' id='block_1_115' title="bbox 1829 5253 3415 5330">
    <p class='ocr_par' dir='ltr' id='par_1_115' title="bbox 1829 5253 3415 5330">
     <span class='ocr_line' id='line_1_115' title="bbox 1829 5253 3415 5330; baseline -0.006 -14"><span class='ocrx_word' id='word_1_919' title='bbox 1829 5263 1872 5316; x_wconf 90' lang='lat' dir='ltr'><strong>si</strong></span> <span class='ocrx_word' id='word_1_920' title='bbox 1901 5278 1965 5317; x_wconf 88' lang='lat' dir='ltr'><strong>ea</strong></span> <span class='ocrx_word' id='word_1_921' title='bbox 1993 5277 2112 5330; x_wconf 78' lang='lat' dir='ltr'><strong>qua:</strong></span> <span class='ocrx_word' id='word_1_922' title='bbox 2153 5259 2455 5316; x_wconf 86' lang='lat' dir='ltr'><strong>carnalibus</strong></span> <span class='ocrx_word' id='word_1_923' title='bbox 2503 5272 2696 5328; x_wconf 91' lang='lat' dir='ltr'><strong>aspera</strong></span> <span class='ocrx_word' id='word_1_924' title='bbox 2741 5263 2869 5310; x_wconf 78' lang='lat' dir='ltr'><strong>sunt</strong></span> <span class='ocrx_word' id='word_1_925' title='bbox 2913 5261 3180 5324; x_wconf 72' lang='lat' dir='ltr'><strong>prmcepta</strong></span> <span class='ocrx_word' id='word_1_926' title='bbox 3228 5253 3415 5308; x_wconf 65' lang='grc' dir='ltr'><strong>(ειητί-</strong></span> 
     </span>
    </p>
   </div>
   <div class='ocr_carea' id='block_1_116' title="bbox 1832 5341 3410 5419">
    <p class='ocr_par' dir='ltr' id='par_1_116' title="bbox 1832 5341 3410 5419">
     <span class='ocr_line' id='line_1_116' title="bbox 1832 5341 3410 5419; baseline -0.006 -12"><span class='ocrx_word' id='word_1_927' title='bbox 1832 5354 1999 5418; x_wconf 83' lang='lat' dir='ltr'><strong>tatis,</strong></span> <span class='ocrx_word' id='word_1_928' title='bbox 2056 5365 2222 5419; x_wconf 89' lang='lat' dir='ltr'><strong>usque</strong></span> <span class='ocrx_word' id='word_1_929' title='bbox 2259 5349 2325 5402; x_wconf 92' lang='lat' dir='ltr'><strong>ad</strong></span> <span class='ocrx_word' id='word_1_930' title='bbox 2371 5348 2492 5402; x_wconf 72' lang='lat' dir='ltr'><strong>vita:</strong></span> <span class='ocrx_word' id='word_1_931' title='bbox 2545 5347 2705 5402; x_wconf 84' lang='lat' dir='ltr'><strong>linem</strong></span> <span class='ocrx_word' id='word_1_932' title='bbox 2760 5362 2882 5400; x_wconf 85' lang='lat' dir='ltr'><strong>cum</strong></span> <span class='ocrx_word' id='word_1_933' title='bbox 2935 5343 3266 5412; x_wconf 76' lang='lat' dir='ltr'><strong>iucunditate</strong></span> <span class='ocrx_word' id='word_1_934' title='bbox 3313 5341 3410 5397; x_wconf 86' lang='lat' dir='ltr'><strong>de-</strong></span> 
     </span>
    </p>
   </div>
   <div class='ocr_carea' id='block_1_117' title="bbox 1832 5443 2046 5498">
    <p class='ocr_par' dir='ltr' id='par_1_117' title="bbox 1832 5443 2046 5498">
     <span class='ocr_line' id='line_1_117' title="bbox 1832 5443 2046 5498; baseline 0 0"><span class='ocrx_word' id='word_1_935' title='bbox 1832 5443 2046 5498; x_wconf 85' lang='lat' dir='ltr'><strong>ducitis.</strong></span> 
     </span>
    </p>
   </div>
   <div class='ocr_carea' id='block_1_118' title="bbox 1904 5547 3410 5623">
    <p class='ocr_par' dir='ltr' id='par_1_118' title="bbox 1904 5547 3410 5623">
     <span class='ocr_line' id='line_1_118' title="bbox 1904 5547 3410 5623; baseline -0.004 -14"><span class='ocrx_word' id='word_1_936' title='bbox 1904 5554 1956 5609; x_wconf 88' lang='lat'><strong>8.</strong></span> <span class='ocrx_word' id='word_1_937' title='bbox 1999 5553 2104 5610; x_wconf 76' lang='lat' dir='ltr'><strong>Sed</strong></span> <span class='ocrx_word' id='word_1_938' title='bbox 2129 5553 2256 5623; x_wconf 88' lang='lat' dir='ltr'><strong>quia</strong></span> <span class='ocrx_word' id='word_1_939' title='bbox 2279 5551 2502 5608; x_wconf 77' lang='lat' dir='ltr'><strong>infirmis</strong></span> <span class='ocrx_word' id='word_1_940' title='bbox 2525 5561 2582 5608; x_wconf 90' lang='lat' dir='ltr'><strong>et</strong></span> <span class='ocrx_word' id='word_1_941' title='bbox 2602 5551 2907 5608; x_wconf 87' lang='lat' dir='ltr'><strong>carnalibus</strong></span> <span class='ocrx_word' id='word_1_942' title='bbox 2931 5549 3268 5619; x_wconf 89' lang='lat' dir='ltr'><strong>loquebatur,</strong></span> <span class='ocrx_word' id='word_1_943' title='bbox 3287 5547 3410 5603; x_wconf 89' lang='lat' dir='ltr'><strong>sub-</strong></span> 
     </span>
    </p>
   </div>
   <div class='ocr_carea' id='block_1_119' title="bbox 1836 5641 3411 5720">
    <p class='ocr_par' dir='ltr' id='par_1_119' title="bbox 1836 5641 3411 5720">
     <span class='ocr_line' id='line_1_119' title="bbox 1836 5641 3411 5720; baseline -0.01 -13"><span class='ocrx_word' id='word_1_944' title='bbox 1836 5657 2125 5720; x_wconf 85' lang='lat' dir='ltr'><strong>sequenter</strong></span> <span class='ocrx_word' id='word_1_945' title='bbox 2162 5648 2484 5703; x_wconf 90' lang='lat' dir='ltr'><strong>denuntians</strong></span> <span class='ocrx_word' id='word_1_946' title='bbox 2552 5646 2626 5700; x_wconf 89' lang='lat' dir='ltr'><strong>ait</strong></span> <span class='ocrx_word' id='word_1_947' title='bbox 2653 5664 2666 5698; x_wconf 90' lang='lat'><strong>:</strong></span> <span class='ocrx_word' id='word_1_948' title='bbox 2693 5645 2754 5702; x_wconf 87' lang='lat' dir='ltr'><strong>Si</strong></span> <span class='ocrx_word' id='word_1_949' title='bbox 2800 5662 2904 5700; x_wconf 87' lang='lat' dir='ltr'><strong>non</strong></span> <span class='ocrx_word' id='word_1_950' title='bbox 2953 5641 3219 5697; x_wconf 83' lang='lat' dir='ltr'><strong>audieritis</strong></span> <span class='ocrx_word' id='word_1_951' title='bbox 3242 5656 3411 5696; x_wconf 79' lang='lat' dir='ltr'><strong>vorem</strong></span> 
     </span>
    </p>
   </div>
   <div class='ocr_carea' id='block_1_120' title="bbox 2940 5757 3005 5816">
    <p class='ocr_par' dir='ltr' id='par_1_120' title="bbox 2940 5757 3005 5816">
     <span class='ocr_line' id='line_1_120' title="bbox 2940 5757 3005 5816; baseline 0.031 -2"><span class='ocrx_word' id='word_1_952' title='bbox 2940 5757 3005 5816; x_wconf 78' lang='lat' dir='ltr'><strong>il</strong></span> 
     </span>
    </p>
   </div>
  </div>
