3962 6270
566 261 658 313 551

1753 248 1993 304 SANCTI
2034 248 2355 307 GREGORII
2395 248 2606 306 MAGNI

3688 252 3783 305 33!

557 350 766 404 Domini
789 388 802 411 ,
835 346 926 400 sed
949 343 1372 412 exaspemveritis
1401 355 1684 394 sermonem
1713 339 1822 408 ejus
1847 381 1861 404 ,
1895 340 1990 393 erit
2017 355 2128 392 ma-
2157 347 2203 401 Λ
2233 339 2359 394 fecit
2381 379 2396 406 ,
2422 339 2515 394 sed
2537 340 2702 394 etiam
2729 339 2867 394 bona
2900 337 3106 392 fortiter
3133 344 3273 406 agat,
3311 351 3430 407 qua:
3455 339 3671 408 appetit.
3691 341 3785 397 Sed

555 455 650 491 nus
683 436 891 491 Domini
917 452 1068 502 super
1087 449 1168 486 ros
1195 473 1210 499 ,
1241 441 1286 484 et
1315 447 1467 499 super
1486 439 1656 496 patres
1700 438 1911 482 vestros.
1971 428 2131 498 274,

555 529 742 584 Manus
781 527 987 580 Domini
1035 525 1226 576 divittze
1278 530 1359 576 est
1405 521 1665 576 severitas
1717 519 1954 574 ultionis.
2003 521 2131 585 Qum

557 617 801 688 profecto
853 631 1041 669 manus
1089 629 1249 682 super
1305 612 1439 666 ﬁlios
1479 620 1532 664 et
1580 619 1760 680 patres
1801 608 2128 672 extenditur,

555 722 675 762 cum
697 706 860 760 divini
887 712 1228 772 contemptus
1254 701 1446 756 merito
1472 741 1486 767 ,
1519 709 1575 754 et
1600 700 1814 768 reprobi
1842 699 2048 768 prmlati
2078 707 2134 754 et

553 797 752 853 subditi
802 795 1118 865 puniuntur.
1146 792 1344 846 Eadem
1383 805 1601 860 quoque
1643 805 1834 844 manus
1874 789 1941 844 ad
1970 789 2134 844 ultio-

557 901 678 941 nem
708 883 1036 950 extenditur,
1073 897 1193 936 cum
1223 898 1326 935 vox
1370 880 1578 935 Domini
1620 895 1724 934 non
1749 879 1979 946 auditur,
2011 895 2134 933 cum

556 977 671 1046 ejus
721 989 999 1030 sermones
1043 980 1461 1041 exasperantur:
1505 971 1630 1038 quia
1686 971 1763 1032 ii,
1813 971 1903 1039 qui
1955 971 2134 1025 divina

555 1071 806 1127 mandata
834 1069 985 1140 quasi
1011 1069 1142 1124 dura
1177 1077 1230 1122 et
1262 1067 1617 1136 impnrtabilia
1659 1075 1956 1135 respuunt,
1989 1067 2134 1120 into-

555 1164 762 1219 lerabili
805 1177 978 1233 poenae
1004 1175 1168 1215 onere
1216 1161 1267 1214 in
1313 1159 1493 1213 futuro
1521 1158 1914 1227 deprimuntur.
1961 1157 2134 1212 Stulta

555 1256 752 1326 quippe
803 1253 1022 1308 audacia
1052 1251 1296 1306 "hominis
1318 1291 1332 1314 ,
1367 1250 1507 1305 unde
1537 1249 1605 1303 ad
1656 1249 1926 1303 modicum
1954 1248 2136 1303 subire

555 1362 618 1402 ea
641 1387 655 1411 ,
679 1359 797 1414 quae
819 1343 919 1397 sibi
950 1342 1198 1398 videntur
1227 1355 1418 1409 aspera
1442 1379 1458 1404 ,
1481 1338 1712 1406 refugit;
1746 1339 1867 1393 inde
1895 1352 1954 1392 se
1983 1352 2139 1407 aspe-
2173 1319 2177 1325 ’

555 1437 784 1492 rioribu‘s
815 1434 868 1488 in
911 1439 1169 1488 aeternum
1215 1431 1415 1485 subdit.
1448 1429 1577 1484 Nam
1607 1431 1651 1484 si
1680 1428 1952 1500 sapienter
1979 1444 2137 1497 sape-

553 1535 671 1590 ret,
703 1525 806 1580 hoc
834 1522 935 1577 sibi
986 1520 1130 1591 quod
1158 1520 1405 1590 displicet
1433 1519 1687 1574 suaderet
1731 1537 1744 1572 :
1779 1525 1837 1572 ut
1880 1533 1976 1588 per
2003 1516 2139 1572 dura

556 1628 612 1672 et
638 1630 826 1687 aspera
856 1614 1014 1681 hujus
1038 1611 1336 1666 brevissimi
1371 1608 1628 1680 temporis
1651 1650 1664 1674 ,
1699 1610 1829 1664 dura
1861 1617 1916 1664 et
1947 1624 2139 1678 aspera

2233 432 2335 486 hoc
2359 432 2408 484 in
2439 431 2525 485 die
2549 431 2735 484 messis
2763 431 2923 485 tritici
2944 428 3056 482 ﬁeri
3078 428 3366 493 dicitur,ut
3389 430 3550 485 virtus
3569 433 3788 488 miraculi

2231 522 2558 588 designetur.
2590 521 2704 575 Non
2729 529 2809 575 est
2835 520 3049 590 quidem
3081 519 3255 572 minus
3283 519 3596 573 miraculum
3619 522 3788 576 immu-

2236 609 2367 662 tatio
2397 609 2610 673 cordis,
2657 624 2819 678 quant
2865 607 3202 677 perturbatio
3253 607 3414 660 aeris.
3470 607 3584 662 Non
3637 611 3791 664 minus

2235 700 2553 753 miracu’um
2577 708 2659 752 est
2685 700 2889 753 arentia
2917 699 3079 754 corda
3111 697 3454 763 reviviscere,
3490 713 3647 767 quam
3669 702 3792 755 testi-

2235 787 2313 842 vis
2340 787 2623 842 ardoribus
2653 788 2906 841 inusitato
2933 803 3082 842 more
3113 787 3316 856 pluvias
3339 787 3614 843 inundare.
3646 788 3794 857 Majas

2235 880 2433 949 quippe
2459 880 2777 933 miraculum
2831 889 2954 943 est,
2997 879 3185 932 intimo
3232 879 3411 932 sonitu
3461 879 3795 936 insensibilent

2238 977 2470 1023 mentem
2519 977 2810 1023 concutere
2829 1009 2848 1038 ,
2876 983 3036 1038 quam
3061 1005 3078 1032 ,
3105 967 3306 1022 collisis
3333 982 3433 1036 per
3468 977 3680 1020 ventum
3709 985 3794 1022 nu-

2237 1059 2424 1124 bibus,
2459 1059 2752 1112 tonitruum
2785 1058 3055 1113 iusonare.
3095 1057 3203 1112 Sed
3233 1068 3414 1112 rectus
3439 1057 3572 1111 ordu
3596 1075 3798 1112 conver-

2237 1149 2405 1202 sionis
2455 1149 2756 1204 ostenditur
2795 1149 2846 1202 itt
2897 1148 3143 1202 ordinata
3202 1148 3472 1217 positione
3515 1148 3797 1202 verborum.

2239 1239 2371 1293 Nam
2402 1241 2529 1294 dicit
2556 1258 2568 1292 ε
2603 1239 2756 1294 Dedit
2784 1240 3037 1294 Dominus
3065 1255 3209 1293 voces
3237 1247 3284 1292 et
3313 1239 3547 1309 pluuias:
3578 1250 3626 1291 et
3653 1240 3801 1293 timuit

2239 1334 2406 1386 omnis
2453 1333 2668 1402 populus
2718 1334 2871 1386 nimis
2903 1332 3178 1386 Dominum
3218 1334 3376 1403 2'75
3407 1342 3455 1385 et
3505 1333 3800 1390 Samuelem.

2240 1421 2648 1477 Ordinatissima
2672 1423 2872 1493 quippe
2902 1422 3261 1476 conversione
3291 1437 3412 1476 cum
3443 1421 3640 1475 malum
3669 1421 3806 1477 desc-

2241 1512 2398 1578 ritur,
2436 1512 2637 1566 bonum
2684 1512 2740 1565 in
2787 1519 2967 1566 mente
3016 1520 3373 1582 propagatur;
3406 1526 3531 1566 cum
3579 1514 3805 1567 conuersi

2242 1620 2394 1660 mens
2418 1607 2568 1674 quasi
2616 1622 2712 1676 per
2739 1606 2972 1676 pluviam
3007 1606 3205 1660 bonum
3235 1620 3419 1659 semen
3451 1605 3649 1670 nutrit,
3671 1616 3721 1660 et
3755 1622 3808 1662 se

556 1707 809 1762 evaderet
828 1704 1017 1760 futura:
1039 1701 1415 1756 damnationis.
1442 1699 1565 1753 llaec
1593 1698 1833 1768 profecto
1855 1698 1986 1752 dnra
2013 1714 2136 1752 cor-
2169 1703 2214 1762 Β
2242 1698 2353 1753 Deo
2400 1706 2455 1753 et
2499 1699 2803 1752 hominibus
2846 1713 2942 1767 per
2977 1695 3293 1750 obedientite
3336 1697 3589 1748 virtutem
3618 1695 3801 1748 subdit.

556 1799 623 1853 da
679 1794 976 1851 carnalium
1022 1792 1282 1847 velociter
1337 1789 1595 1852 audiunt,
1633 1788 1729 1844 sed
1785 1803 1882 1856 per
1922 1788 2138 1842 salubre

557 1888 838 1943 consilium
889 1884 1045 1940 facile
1092 1882 1290 1938 molliri
1345 1896 1453 1937 non
1507 1889 1756 1951 possunt.
1808 1880 1953 1934 Bene
2006 1891 2136 1947 ergo

559 1981 896 2051 sultjungitur
915 1979 950 2033 :‘

629 2089 805 2158 (Vcrs.
837 2087 1075 2157 16,17.)
1109 2085 1214 2140 Sed
1256 2095 1304 2138 et
1349 2101 1482 2139 nunc
1530 2091 1662 2137 state
1689 2122 1704 2146 ,
1754 2091 1802 2135 et
1831 2081 1993 2134 videte
2031 2095 2139 2133 rem

558 2182 709 2234 istam
733 2177 981 2250 grandem
1007 2219 1022 2245 ,
1047 2193 1199 2247 quam
1250 2177 1480 2246 facturus
1520 2181 1596 2227 est
1627 2172 1874 2227 Dominus
1893 2211 1907 2234 ,
1936 2171 1989 2223 in
2018 2186 2140 2222 con-

557 2279 733 2341 spectu
785 2277 968 2322 vestro.
1028 2265 1280 2336 Nunquid
1306 2283 1405 2318 non
1433 2264 1612 2318 messis
1637 2263 1794 2315 tritici
1838 2270 1914 2315 est
1943 2259 2142 2313 hodie?

562 2359 818 2414 lnvocabo
871 2358 1186 2420 Dominum,
1238 2366 1286 2408 et
1336 2354 1478 2407 dabit
1507 2370 1648 2408 voces
1704 2361 1753 2405 et
1802 2351 2042 2420 pluvias;
2091 2357 2140 2402 et

557 2449 728 2502 scietis
768 2457 814 2500 et
844 2445 1078 2500 videbitis
1103 2485 1118 2510 ,
1151 2446 1270 2514 quia
1301 2444 1496 2510 grande
1529 2442 1718 2494 malum
1747 2439 1972 2511 feceritis
2001 2437 2140 2492 vobis

559 2542 610 2592 in
643 2545 913 2605 conspectu
942 2534 1154 2589 Domini
1181 2573 1195 2597 ,
1225 2541 1451 2601 petentes
1477 2535 1630 2599 super
1660 2547 1747 2583 vos
1777 2545 1966 2600 regem.

631 2630 681 2680 9.
729 2627 859 2691 Quia
904 2633 1011 2676 tam
1061 2629 1268 2676 attente
1295 2663 1308 2687 ,
1339 2631 1392 2674 et
1444 2621 1603 2674 toties
1645 2619 1743 2672 ista
1781 2616 1971 2687 petitio
2001 2616 2142 2684 regis

560 2717 989 2789 reprehenditur,
1043 2715 1146 2768 hoc
1193 2712 1379 2769 electis
1435 2712 1714 2766 insinuat:
1776 2708 1900 2779 quia
1934 2707 2024 2777 qui
2075 2705 2143 2760 ad

557 2811 771 2866 culmen
823 2815 1023 2861 sanctas
1070 2804 1320 2860 Ecclesiae
1367 2803 1610 2859 carnales
1653 2800 1987 2872 provehunt,
2016 2811 2142 2866 gra-

560 2903 774 2956 vissima
804 2899 1011 2970 peccati
1043 2897 1370 2965 obligatione
1400 2895 1718 2949 retinentur.
1753 2891 1886 2945 Nam
1916 2897 2140 2962 peccata

560 2992 763 3061 reliqua
791 2987 1076 3057 singu‘aris
1107 3000 1277 3055 paenae
1313 2985 1562 3040 meritum
1610 2983 1855 3038 obtinent
1882 3020 1898 3047 ,
1926 2981 2019 3049 qui
2049 2993 2144 3034 ve-

558 3100 621 3139 ro
646 3082 912 3140 carnalem
936 3077 1280 3151 praepositum
1311 3074 1626 3139 constituit,
1659 3081 1739 3128 tot
1778 3071 2002 3126 incurrit
2027 3085 2142 3140 pte-

561 3189 748 3229 narum
797 3171 1016 3234 merita,
1060 3176 1193 3236 quot
1237 3167 1330 3220 ille
1379 3164 1626 3219 ﬁdelibus
1668 3160 1892 3216 subditis
1938 3159 2146 3228 prtebet

561 3263 838 3334 pravitatis
877 3259 1145 3328 exempla.
1177 3256 1283 3313 Sed
1328 3269 1492 3325 grave
1539 3253 1748 3323 pondus
1777 3250 2018 3306 criminis
2047 3250 2141 3304 de-

564 3352 690 3422 poni
734 3366 839 3405 non
879 3355 1098 3418 potest,
1139 3345 1240 3400 nisi
1290 3343 1604 3399 austeritate
1649 3354 1857 3409 magnae
1886 3354 2149 3408 compun-

563 3442 776 3498 ctionis.
799 3435 1244 3507 Compunctionis
1261 3443 1437 3488 autem
1460 3431 1630 3502 gratia
1650 3430 1815 3485 menti
1841 3444 1948 3484 non
1969 3426 2146 3483 infun-

566 3534 730 3598 ditur,
763 3530 864 3585 nisi
889 3528 1039 3599 prius
1066 3527 1179 3596 ipsa
1209 3524 1258 3580 ei
1290 3523 1499 3594 peccati
1539 3518 1850 3590 magnitudo
1881 3527 2147 3573 monstre-

565 3630 669 3676 tur.
711 3619 982 3689 Propheta
1025 3629 1153 3683 ergo
1195 3613 1436 3677 Domini,
1467 3620 1526 3666 ut
1563 3610 1631 3666 ad
1675 3623 1924 3678 congrua:
1971 3608 2146 3678 panti-

564 3712 744 3767 tentia:
772 3709 1000 3764 fructum
1031 3711 1343 3776 peccantem
1386 3701 1639 3771 populum
1672 3706 2023 3770 provocaret,
2053 3712 2150 3766 per

565 3801 864 3856 mirabilem
897 3805 1102 3852 motum
1127 3793 1269 3849 aeris
1292 3835 1307 3859 ,
1334 3793 1382 3846 ei
1413 3792 1649 3845 insinuat
1673 3804 1923 3858 magnum
1951 3802 2146 3857 pecca-

561 3903 678 3948 tum
711 3885 1168 3958 transgressionis.
1220 3882 1276 3936 ltt
1306 3897 1480 3936 messe
1519 3889 1699 3934 autem
1731 3877 1930 3945 tritici,
1959 3875 2149 3947 pluviae

566 3994 622 4038 et
665 3981 901 4036 tonitrua
949 3978 1002 4032 in
1046 3977 1136 4030 illa
1182 3976 1406 4042 regione
1450 3987 1555 4026 non
1598 3969 1751 4023 ﬁunt.
1785 3967 1929 4022 Bene
1968 3974 2148 4022 autem

567 4073 958 4138 subsequenter
983 4066 1292 4136 adjunctum
1322 4073 1400 4118 est
1427 4081 1439 4115 :

639 4180 814 4247 (Vers.
863 4175 964 4241 18,
999 4173 1111 4242 19.)
1165 4169 1417 4225 Clamavit
1457 4168 1670 4223 Samuel
1717 4167 1785 4219 ad
1833 4165 2147 4232 Dominum,

552 4281 614 4325 'et
644 4270 779 4323 dedit
836 4265 1088 4320 Dominus
1163 4277 1308 4315 voces
1335 4298 1348 4322 ,
1381 4267 1429 4312 et
1469 4258 1664 4328 pluvias
1709 4257 1765 4310 in
1817 4256 1896 4308 die
1939 4255 2068 4308 illa:
2098 4263 2150 4308 et

567 4360 735 4414 timuit
764 4355 930 4411 onmis
957 4352 1175 4424 papulas
1203 4349 1357 4402 nimis
1389 4347 1666 4400 Dominum
1691 4385 1706 4410 ,
1736 4353 1785 4398 et
1827 4344 2144 4399 Samuelem.

2239 1788 2386 1844 Bene
2416 1803 2544 1857 ergo
2596 1788 2822 1843 dicitur:
2861 1787 3050 1840 Timuit
3095 1787 3260 1840 omnis
3290 1787 3513 1856 papulas
3547 1784 3805 1839 Dominum

2238 1890 2288 1934 et
2341 1881 2675 1944 Samuelem,
2704 1880 2827 1949 quia
2867 1881 2955 1948 qui
3010 1880 3202 1933 summi
3252 1876 3482 1946 Spiritus
3537 1877 3806 1930 adventum

2240 1973 2503 2043 suscipit,
2553 1981 2608 2027 et
2632 1973 2771 2027 mala
2800 1973 3001 2026 deserit
3028 2013 3042 2036 ,
3073 1978 3129 2025 et
3159 1971 3298 2024 bona
3349 1967 3734 2038 apprehendit,
3761 1977 3809 2022 et

2240 2065 2318 2120 sic
2390 2064 2502 2118 Deo
2541 2061 2829 2127 subditur,
2889 2070 2945 2114 ut
2995 2077 3092 2130 pro
3150 2059 3262 2113 Deo
3301 2060 3464 2112 etiam
3522 2057 3808 2111 hominibus

2241 2154 2632 2209 substernatur.
2664 2151 2728 2205 Et
2751 2152 2874 2221 quia
2915 2149 3390 2221 prtesumptionem
3437 2148 3490 2201 in
3541 2147 3654 2216 ipsa
3693 2147 3807 2200 obe-

2242 2246 2454 2301 dientice
2497 2246 2691 2299 virtute
2738 2261 2844 2299 non
2875 2244 3092 2307 habent,
3114 2241 3336 2294 dicunt:
3373 2237 3487 2292 Ora
3537 2255 3630 2308 pro
3668 2240 3807 2290 servis

2245 2338 2343 2393 tuis
2388 2334 2456 2389 ad
2503 2336 2775 2388 Dominum
2800 2377 2814 2400 ,
2841 2342 2895 2386 ut
2942 2349 3045 2386 non
3081 2330 3387 2384 moriamur.
3423 2327 3566 2382 Cum
3609 2328 3806 2397 spiritus

2244 2427 2369 2482 vita:
2421 2441 2481 2482 se
2526 2425 2690 2480 tuenti
2739 2423 3004 2490 infundit,
3054 2422 3297 2492 protinus
3344 2434 3466 2473 eam
3518 2419 3585 2470 al
3642 2417 3808 2470 mortis

2245 2531 2500 2586 pavorem
2530 2516 2721 2585 erigit:
2757 2515 2880 2583 quia
2925 2493 3290 2581 magisterium
3337 2507 3580 2578 ejusdem
3613 2506 3807 2576 spiritus

2246 2614 2350 2673 est,
2380 2613 2436 2659 ut
2465 2606 2701 2660 timendo
2732 2618 2885 2659 mens
2914 2610 3071 2671 agat,
3096 2615 3164 2654 ne
3191 2599 3335 2670 quod
3366 2598 3518 2652 timet
3542 2597 3802 2650 inveniat:

2247 2695 2339 2749 sed
2363 2696 2531 2750 sancti
2560 2696 2657 2750 viri
2683 2710 2780 2764 pro
2808 2694 2886 2749 eis
2929 2701 3148 2746 orantes
3192 2688 3436 2745 exaudiri
3467 2695 3713 2757 possunt,
3735 2688 3808 2755 qui

2247 2793 2303 2842 et
2331 2787 2538 2843 occulta
2589 2794 2812 2856 peccata
2855 2782 3031 2838 cordis
3059 2796 3157 2851 per
3196 2779 3552 2833 humilitatem
3595 2778 3807 2830 revelant

2248 2881 2621 2940 confessionis.
2679 2877 2830 2933 Unde
2882 2884 2938 2931 et
2983 2874 3277 2929 subditur:
3328 2869 3640 2922 Addidimus
3689 2868 3806 2919 enim

2246 2973 2496 3027 universis
2533 2970 2684 3023 matis
2722 2968 2948 3034 nostris,
2995 2971 3051 3016 ut
3099 2971 3383 3030 peteremus
3440 2958 3588 3013 nobis
3638 2974 3806 3028 regent.

2173 3079 2220 3139 (ζ
2252 3067 2386 3133 Quia
2415 3080 2544 3119 vero
2572 3063 2685 3118 hinc
2717 3060 2848 3115 satis
2872 3072 2981 3128 jam
3033 3053 3354 3126 exponendo
3383 3051 3640 3107 ventilata
3668 3058 3804 3112 sunt,

2251 3154 2534 3226 sequentia
2563 3153 2855 3207 videamus.

2323 3269 2496 3339 (Vers.
2526 3265 2641 3336 20.)
2685 3263 2831 3318 Dixit
2872 3271 3039 3316 autem
3097 3261 3351 3317 Samuel:
3403 3257 3585 3312 Nolite
3633 3259 3807 3310 timere.

2256 3359 2363 3413 Vos
2393 3358 2584 3428 fecistis
2614 3357 2906 3409 universum
2935 3353 3129 3407 malum
3178 3352 3292 3406 hoc.
3348 3349 3703 3404 Verumtamen
3729 3361 3808 3398 no.

2250 3453 2336 3506 lite
2367 3448 2597 3503 reiedere
2625 3464 2657 3500 a
2686 3453 2828 3516 tergo
2863 3444 3088 3498 Domini.

2325 3549 2406 3602 ll.
2454 3545 2768 3602 Poeniteutis
2794 3559 2946 3598 mens
2967 3553 3099 3610 tunc
3125 3541 3262 3595 bene
3285 3540 3550 3608 dirigitur,
3581 3538 3622 3593 si
3649 3537 3807 3590 di-ina

2249 3642 2446 3714 judicia
2477 3646 2715 3704 metuat,
2747 3645 2803 3691 et
2843 3635 2910 3689 de
2938 3633 3033 3687 Dei
3065 3629 3446 3701 omnipotentis
3483 3626 3807 3682 miseratione

2250 3732 2502 3790 conﬁdat.
2549 3729 2734 3784 Timor
2773 3725 2989 3795 quidem
3018 3723 3135 3778 sine
3159 3736 3255 3790 sp:
3301 3721 3355 3774 in
3394 3717 3803 3787 desptrationem

2251 3823 2567 3896 prtecipitat,
2590 3817 2685 3874 sed
2712 3833 2833 3878 cum
2863 3815 2976 3885 spei
3001 3811 3366 3882 conjungitur,
3385 3809 3612 3863 salutem
3636 3803 3808 3860 tuentis

2250 3895 2527 3986 operatur.
2551 3911 2728 3977 Quare
2753 3917 2807 3964 et
2835 3920 3044 3962 summo
3085 3901 3264 3958 studio
3294 3898 3572 3967 invigilare
3593 3895 3804 3966 optimus

2249 3984 2440 4062 dot-tor
2468 4002 2662 4068 debet,
2693 4010 2753 4055 ut
2778 4004 3093 4070 peccantem
3123 4001 3360 4056 terreat,
3390 3999 3447 4045 et
3487 3988 3721 4042 territent
3745 3984 3802 4038 ad

2250 4094 2418 4149 venia:
2442 4106 2592 4162 spem
2633 4089 2856 4144 reducat
2900 4103 2913 4138 :
2946 4095 3210 4154 quatenus
3240 4095 3335 4150 per
3364 4087 3564 4133 metum
3609 4087 3810 4145 peccare

2250 4185 2481 4249 desinat,
2505 4188 2557 4236 et
2579 4194 2673 4250 per
2700 4192 2851 4247 spem
2879 4171 3227 4244 impetrandae
3257 4168 3619 4236 indulgentiaz,
3639 4165 3812 4219 divinat

2251 4271 2631 4330 misericordia:
2661 4277 2874 4340 portum
2897 4274 3119 4335 qumrat.
3152 4263 3394 4318 Territos
3436 4275 3566 4328 ergo
3591 4257 3812 4314 sublitos

2252 4367 2321 4422 ad
2346 4365 2462 4435 spei
2491 4363 2741 4418 virtutem
2763 4357 2978 4414 Samuel
3027 4356 3239 4423 erigens
3264 4395 3279 4420 ,
3307 4351 3464 4405 dicit:
3509 4349 3612 4404 Vos
3639 4344 3813 4419 fecistis

575 4453 820 4521 υίπίηιιιε
862 4447 1125 4500 αηίυετδηδ
1173 4441 1390 4513 populus
1431 4439 1500 4491 ad
1541 4437 1832 4492 Samuelem
1860 4455 1871 4489 ³
1900 4435 2009 4489 θνα
2057 4453 2149 4506 pro
2181 4434 2228 4493 D
2252 4434 2543 4510 universum
2595 4450 2786 4504 malum
2840 4448 2974 4511 hoc,
3013 4453 3360 4499 uerumtamen
3407 4441 3567 4494 nolite
3603 4440 3815 4491 recedere

569 4541 726 4598 servis
766 4539 864 4592 tuis
911 4535 980 4588 ad
1028 4534 1304 4588 Dominum
1329 4529 1496 4582 Deum
1526 4537 1695 4594 tuum,
1723 4535 1779 4580 ut
1817 4543 1918 4580 non
1951 4526 2147 4580 moria-

568 4650 700 4689 mur.
735 4628 1040 4684 Addidimus
1069 4624 1203 4678 enim
1226 4622 1471 4674 universis
1493 4619 1645 4673 malis
1671 4620 1860 4672 nostris
1883 4659 1896 4683 ,
1926 4627 1980 4670 ut
2006 4628 2145 4687 pete-

563 4740 734 4780 remus
765 4721 913 4775 nobis
945 4733 1134 4788 regem.

634 4824 729 4893 10..
763 4834 914 4902 Quod
943 4847 1107 4899 sane,
1141 4831 1278 4887 si‘ad
1305 4836 1486 4882 no.tra
1519 4835 1760 4894 tempora
1787 4820 2102 4876 deducimus
2129 4860 2142 4885 ,

564 4938 622 4984 ut
646 4927 876 4998 populus
905 4924 972 4977 ad
993 4920 1354 4990 cognitionem
1383 4922 1731 4987 peccatorum
1760 4909 1980 4976 veniat,
2011 4921 2146 4976 prcc-

563 4995 831 5071 dicatnres
879 5027 976 5082 pro
1027 5009 1105 5064 eis
1146 5005 1212 5062 ad
1241 5005 1410 5059 Deum
1441 5002 1715 5057 clamant:
1753 4998 1878 5067 quia
1911 4995 2144 5050 ﬁdelium

563 5110 793 5166 salutem
825 5103 1028 5172 magnis
1055 5097 1334 5154 desideriis
1361 5093 1624 5163 ﬂagitant.
1655 5091 1902 5146 Clamare
1927 5085 2146 5155 quidem

563 5197 1037 5274 prmdicatoribus,
1069 5200 1152 5247 est
1180 5191 1474 5246 electorum
1502 5185 1728 5241 salutem
1759 5193 1948 5248 magna
1979 5177 2146 5232 devo-

567 5269 716 5350 tione
766 5287 1062 5360 postulare.
1135 5282 1214 5337 Ad
1263 5294 1491 5350 quorum
1540 5277 1831 5332 clamorem
1886 5269 2146 5325 Dominus

564 5394 750 5439 vocem
781 5380 872 5435 dat
897 5396 910 5431 :
943 5376 1066 5445 quia
1097 5380 1442 5444 peccatorum
1471 5367 1635 5422 corda
1665 5364 1866 5419 excitat
1887 5401 1903 5428 ,
1937 5369 1996 5415 ut
2023 5375 2144 5428 pra-

564 5472 746 5528 vitatis
797 5483 909 5525 sutc
957 5465 1248 5534 nequitiam
1293 5465 1701 5529 recognoscant.
1749 5455 1852 5509 Dat
1894 5453 2141 5523 pluvias:

565 5564 690 5632 quia
717 5560 950 5616 excitata
978 5553 1140 5610 corda
1170 5567 1266 5622 per
1306 5549 1625 5606 infusionetn
1669 5558 1914 5614 supernae
1957 5543 2142 5611 gratiae

565 5653 824 5724 adjuvat;
855 5658 912 5704 ut
955 5661 1062 5704 non
1113 5644 1286 5702 solum
1335 5643 1548 5699 deserat
1586 5641 1724 5696 male
1752 5638 1979 5724 quisque
2022 5651 2142 5705 qua:

2257 4562 2288 4598 a
2327 4554 2467 4613 tergo
2509 4540 2737 4594 Domini.
2772 4535 2933 4603 Quasi
2974 4534 3148 4588 dicat:
3179 4532 3234 4586 Si
3276 4543 3504 4600 peccare
3549 4525 3812 4584 desinitis,

2255 4635 2320 4690 ad
2343 4632 2686 4689 obtinendam
2712 4628 3120 4684 commissorum
3145 4623 3353 4678 veniam
3379 4619 3657 4690 pervenire
3677 4615 3816 4672 citius

2258 4726 2500 4797 potestis.
2553 4721 2734 4776 Nolite
2762 4735 2882 4790 ergo
2920 4716 3156 4771 recedere
3203 4731 3234 4767 α
3281 4723 3423 4782 tergo
3469 4709 3695 4764 Domini.
3752 4705 3819 4759 De

2250 4796 2376 4886 illin
2423 4813 2582 4868 laude
2631 4808 2987 4881 promittitur.
3042 4803 3262 4858 Prwibis
3307 4803 3442 4856 enim
3489 4809 3609 4853 ante
3646 4796 3818 4867 faciem

2254 4907 2464 4961 Domini
2494 4919 2682 4973 parare
2706 4905 2815 4956 vias
2834 4900 2949 4970 ejus
2973 4899 2990 4969 (
3015 4895 3142 4961 an,
3176 4912 3220 4960 ι,
3255 4894 3374 4962 76).
3406 4891 3543 4945 Hinc
3568 4888 3707 4942 Elias
3727 4886 3815 4940 ait:

2257 4997 2394 5050 Vivit
2436 4994 2730 5058 Dominus,
2770 4993 2826 5044 in
2875 4991 3026 5059 cujus
3079 4992 3353 5055 conspectu
3410 4991 3489 5036 sto
3522 4977 3660 5050 (III
3698 4976 3798 5046 Reg

2253 5103 2388 5152 xvu,
2422 5084 2496 5154 1).
2546 5082 2683 5137 Hinc
2728 5078 3008 5134 Psalmista
3052 5075 3183 5130 dicit
3228 5091 3240 5125 :
3286 5070 3567 5125 Exsultent
3601 5067 3727 5139 justi
3768 5064 3816 5118 in

2251 5184 2522 5246 conspectu
2551 5173 2650 5228 Dei
2674 5172 2860 5244 (Psal.
2892 5185 3062 5234 vau,
3087 5166 3121 5220 4
3141 5166 3181 5238 ).
3213 5165 3270 5219 1n
3300 5169 3594 5233 conspectu
3619 5156 3815 5229 quidem

2253 5267 2509 5334 Domini,
2535 5266 2622 5321 vel
2668 5270 2795 5319 ante
2848 5262 3134 5317 Dominum
3185 5267 3361 5324 stare,
3412 5266 3496 5310 εει
3526 5247 3815 5308 testimonio

2250 5361 2407 5416 bonas
2428 5357 2770 5415 conscientiae
2818 5353 2888 5408 de
2916 5365 3101 5406 amore
3140 5346 3449 5403 Conditoris
3488 5350 3796 5413 prasumere

2251 5451 2408 5506 Stant
2457 5448 2670 5518 quidem
2727 5445 2781 5498 iu
2834 5448 3127 5512 conspectu
3183 5437 3344 5506 ejus,
3395 5435 3488 5505 qui
3514 5449 3582 5488 ex
3639 5428 3816 5485 merito

2250 5554 2455 5608 magum
2476 5517 2744 5600 actionis,
2799 5534 2866 5588 de
2914 5544 3148 5600 superna
3192 5526 3502 5581 Conditoris
3547 5523 3626 5578 sui
3654 5517 3811 5589 gratia

2248 5630 2420 5691 securi
2471 5636 2613 5682 sunt.
2647 5625 2968 5679 Peccatores
3017 5632 3196 5676 autem
3246 5633 3371 5673 cum
3403 5616 3545 5672 mala
3573 5610 3802 5671 commit-
