3962 6268
143 285 240 340 δτδ
941 273 1003 325 IN
1048 271 1304 329 PRIMUM
1353 273 1586 327 REGUM
1634 270 2138 328 liXl‘OSl'flO'NES.
2180 301 2249 313 —-
2290 273 2414 326 LIB.
2462 273 2521 327 γ.

3290 279 3392 335 53b

145 407 284 459 mnt,
316 410 345 448 a
380 393 511 445 faue
564 388 772 444 Domitii
800 387 1006 458 fugiunt
1035 431 1049 452 ,
1095 389 1190 443 sed
1239 404 1360 442 cum
1393 386 1566 442 redire
1597 403 1713 456 pm-
1745 390 1792 446 Α
1817 383 1944 436 dum
1990 393 2106 438 est:
2135 386 2257 454 quia
2307 387 2384 440 eis
2425 385 2736 455 temporalia
2774 385 2913 440 bona
2939 399 3042 439 non
3065 389 3393 454 proderunt,

141 485 346 541 nitendo
382 480 700 543 deliberant,
725 479 878 546 quasi
914 487 1033 547 post
1057 487 1260 544 tergum
1313 478 1523 530 Domini
1553 485 1677 530 sunt
1707 499 1718 534 :

144 576 253 644 quia
297 580 350 624 et
400 569 677 623 discedere
725 567 936 635 longius
988 568 1211 630 nolunt,
1240 576 1295 621 et
1346 577 1522 620 tamen
1581 581 1721 634 prte-

151 676 356 719 sumere
400 659 464 712 de
493 658 607 712 Deo
637 657 789 725 quasi
839 657 996 710 amici
1037 672 1143 710 non
1173 665 1415 724 possunt.
1449 655 1582 709 llinc
1613 665 1724 718 est,

143 752 276 824 quod
334 749 608 818 peccatrix
677 747 870 800 mulier
915 755 1066 801 retro
1119 746 1332 800 stetisse
1380 745 1616 807 dicitur,
1669 754 1727 797 nt

146 845 303 914 pedes
347 839 560 893 Domini
591 837 896 892 deosculari
927 845 1226 890 mereretur
1255 834 1416 905 (Luc.
1451 852 1517 888 vn
1543 873 1558 899 ,
1586 834 1720 901 58).

145 936 297 988 Retro
342 931 502 984 etiam
556 928 646 981 illa
691 927 878 988 stetit,
910 942 1030 995 quae
1084 926 1321 980 fimbrias
1349 925 1464 993 ejus
1507 926 1721 992 tetigit,

144 1033 192 1077 et
218 1037 244 1074 a
269 1019 406 1072 (luxu
435 1017 712 1085 sanguinis
739 1015 821 1069 sui
847 1015 1021 1068 curari
1049 1016 1244 1067 meruit
1267 1013 1478 1083 (illatth.
1512 1029 1586 1078 lx,
1611 1011 1722 1081 20).

149 1110 301 1164 Retro
329 1106 541 1174 quidem
573 1112 680 1157 stat
711 1119 808 1172 pro
833 1103 1153 1156 verecundia
1186 1103 1525 1170 peccati,sed
1557 1103 1726 1168 tangit

148 1216 234 1270 per
262 1199 504 1250 virtutem
527 1196 663 1263 spei.
684 1192 817 1258 Quia
839 1208 968 1260 ergo
989 1207 1085 1260 pro
1111 1191 1409 1244 commissis
1435 1190 1725 1258 iniquitati-

147 1292 235 1343 bus
260 1303 466 1356 semper
483 1286 800 1340 erubescere
822 1283 1101 1345 debemus,
1117 1292 1171 1333 et
1202 1281 1252 1333 in
1282 1281 1475 1348 quibus
1496 1279 1691 1334 confun
1709 1308 1724 1320 -

147 1381 306 1434 dimur
352 1378 618 1441 devitare,
639 1372 854 1427 Samuel
878 1371 1247 1441 peccatoribus
1295 1370 1552 1439 imperat,
1585 1379 1644 1421 ut
1693 1383 1723 1422 a

159 1479 296 1535 tergo
323 1465 535 1520 Domini
575 1480 679 1518 non
731 1463 1006 1517 recedant.
1033 1461 1137 1515 Sel
1167 1463 1293 1529 quia
1323 1475 1427 1513 non
1474 1459 1672 1514 sufﬁcit
1698 1469 1722 1494 δ

149 1558 409 1614 conversio
463 1555 733 1625 peccatori
762 1594 776 1619 ,
813 1561 871 1606 ut
915 1560 1136 1622 peccata
1193 1567 1298 1605 non
1351 1558 1513 1618 agat,
1545 1550 1726 1604 subse-

151 1651 356 1713 quenler
378 1639 625 1708 adjunxit
648 1656 661 1691 :

1826 472 1915 539 qui
1946 482 2064 541 post
2095 475 2208 528 haec
2247 475 2517 530 declinare
2549 476 2920 546 perhibentur.
2954 473 3083 529 Post
3111 477 3253 532 bona
3282 489 3396 534 ete-

1827 563 1935 634 nim
1962 566 2219 633 temporis
2248 565 2541 634 declinare,
2572 576 2655 620 est
2683 566 2734 619 in
2767 581 2952 620 eorum
2976 567 3272 635 appetitum
3303 569 3400 623 de-

1827 645 2020 711 fluere,
2047 664 2286 703 amorem
2318 651 2529 705 illorum
2558 653 2739 706 divino
2769 653 2940 706 amori
2980 653 3250 722 praeferre.
3291 654 3403 709 Me-

1825 737 1930 790 rito
1959 752 2087 806 ergo
2116 738 2198 792 his
2220 755 2356 792 vana
2387 755 2494 794 non
2524 741 2848 809 proderunt:
2872 741 2996 807 quia
3021 756 3082 795 ea
3104 756 3169 796 eo
3191 742 3402 808 ordine,

1825 839 1932 893 quo
1954 828 2169 880 conlita
2218 837 2368 891 sunt,
2404 829 2606 882 habere
2653 831 2896 884 noluere.
2941 829 3044 884 Sed
3090 845 3197 898 quo
3229 833 3402 886 fructu

1826 929 1961 967 vana
1987 915 2369 984 despiciantur,
2399 917 2718 983 insinuatur,
2743 919 2866 971 dum
2891 919 3134 972 subditur
3158 937 3171 971 :

1899 1003 2075 1073 (Vers.
2106 1003 2232 1076 22.)
2275 1004 2341 1058 Et
2385 1023 2488 1060 non
2517 1007 2832 1077 derelinquet
2870 1005 3126 1061 Dominus
3160 1009 3406 1077 populum

1825 1109 1972 1146 suum
1993 1105 2202 1164 propter
2227 1111 2412 1149 nomen
2436 1113 2582 1149 suum
2606 1113 2850 1167 magnum
2883 1112 2902 1154 :
2931 1100 3050 1169 quia
3070 1100 3266 1168 jurat‘it
3292 1098 3402 1153 Do-

1826 1186 1994 1237 minus
2016 1187 2188 1254 facere
2211 1187 2308 1239 sibi
2339 1187 2604 1256 populum.

1897 1277 1984 1331 14.
2009 1277 2254 1348 Magnum
2277 1278 2475 1332 malum
2498 1279 2615 1333 haec
2629 1295 2762 1333 vana
2787 1287 2910 1349 post
2931 1296 2991 1335 se
3011 1280 3405 1335 declinantibus

1827 1369 2075 1438 ingerunt
2102 1385 2115 1420 :
2147 1370 2270 1437 quia
2301 1392 2310 1419 ι
2338 1385 2424 1422 um
2457 1369 2761 1424 inordinate
2801 1380 3013 1424 terrena
3043 1378 3306 1439 appetunt
3329 1414 3344 1438 ,
3376 1387 3408 1425 a

1825 1475 2033 1514 summo
2055 1469 2110 1514 et
2138 1461 2492 1530 omnipotenti
2517 1461 2626 1516 Deo
2656 1462 2721 1514 ad
2752 1461 3064 1516 sustinenda
3087 1461 3259 1516 futura
3293 1472 3408 1518 tor-

1825 1557 2004 1602 menta
2029 1549 2366 1603 deseruntur.
2390 1547 2483 1604 His
2505 1565 2634 1618 ergo
2660 1590 2674 1614 ,
2701 1551 2790 1618 qui
2820 1551 3094 1605 declinare
3121 1568 3154 1622 p
3180 1561 3242 1606 ist
3273 1569 3407 1608 νηλέι

1826 1639 2198 1708 prohibentur,
2231 1641 2422 1694 merito
2470 1642 2731 1710 propheta
2785 1643 3106 1711 reprotnittit
3135 1684 3152 1710 ,
3185 1645 3364 1698 dicens
3391 1662 3404 1697 :

213 1759 380 1829 (Vers.
411 1757 529 1827 20.)
561 1757 627 1810 Et
656 1759 838 1810 servile
863 1755 1086 1809 Domino
1112 1756 1164 1808 in
1193 1756 1330 1808 omni
1360 1754 1512 1807 corde
1540 1763 1723 1807 vestro.
1761 1751 1803 1810 Β
1832 1732 1956 1787 Non
1987 1733 2298 1803 derelinquat
2321 1733 2578 1829 θθηδίξηῆ
2609 1735 2853 1829 pomum
2891 1752 3036 1829 “‘f‘m
3076 1745 3284 1807 prop!"
3320 1753 3411 1790 "0‘

212 1850 291 1904 1'2.
335 1849 490 1904 Tunc
538 1864 772 1918 namque
820 1849 1120 1917 promereri
1162 1848 1372 1901 veniam
1407 1862 1724 1916 possumus,

152 1946 189 1999 si
214 1957 427 2014 peccare
457 1942 750 1995 desinimus
773 1980 788 2004 ,
823 1947 876 1992 et
907 1940 1060 1992 bo-tis
1089 1939 1341 2007 operibus
1383 1938 1720 1991 inhteremus.

155 2032 202 2085 lu
230 2030 370 2085 omni
399 2032 599 2084 etenim
631 2030 798 2084 corde
830 2029 1056 2082 Domino
1087 2030 1289 2083 servire
1315 2070 1330 2096 ,
1358 2038 1441 2082 est
1469 2027 1726 2098 peccandi

157 2122 336 2175 nullam
368 2121 420 2173 in
452 2120 618 2174 corde
647 2119 998 2173 intentionem
1026 2120 1281 2173 retinere.
1311 2116 1481 2173 Omne
1509 2119 1726 2188 quidem

157 2225 238 2263 cor
259 2209 322 2262 ad
352 2209 630 2263 servitium
658 2209 966 2263 Conditoris
998 2209 1307 2272 inflectitur,
1357 2213 1518 2280 276
1558 2225 1730 2278 quan-

158 2300 215 2350 do
239 2298 312 2351 sic
362 2298 499 2351 boni
533 2299 743 2366 agimus
773 2339 787 2364 ,
818 2307 877 2352 ut
921 2297 1060 2351 mala
1099 2314 1195 2367 per
1225 2302 1554 2368 propositum
1582 2301 1725 2355 nulla

159 2395 438 2440 tensamus.
473 2387 630 2453 Quod
659 2396 713 2442 et
744 2389 1005 2456 pro,beta
1046 2387 1257 2442 Domini
1287 2387 1502 2442 Samuel
1540 2398 1727 2458 aptrte

167 2477 426 2542 insinuat,
457 2493 579 2531 cum
610 2476 881 2546 subjungit
909 2495 921 2528 :

222 2587 391 2656 (Vers.
415 2587 532 2659 21.)
574 2587 643 2641 Et
671 2591 830 2642 nolite
854 2589 1116 2643 declinare
1139 2599 1254 2659 post
1282 2606 1414 2643 rana
1440 2632 1456 2657 ,
1485 2607 1598 2660 qua:
1623 2608 1725 2646 non

165 2680 424 2746 proderunt
452 2679 625 2745 vobis,
651 2696 812 2747 neque
836 2690 1012 2734 eruent
1042 2697 1168 2735 vos:
1197 2682 1318 2751 quia
1348 2698 1479 2735 vana
1507 2690 1644 2734 sunt.

227 2769 308 2822 13.
346 2770 420 2822 Azl
470 2771 702 2823 litteram
754 2787 886 2824 vana
915 2813 928 2838 ,
958 2772 1244 2826 simulacra
1292 2773 1591 2827 tlzemouum
1629 2788 1727 2842 ap-

169 2859 328 2928 pellat.
357 2859 519 2914 Nobis
564 2870 746 2914 autem
788 2875 924 2914 vana
969 2861 1058 2915 illa
1100 2862 1187 2916 bic
1229 2861 1534 2931 aetipienda
1564 2871 1730 2929 sunt,

159 2966 270 3019 que
296 2953 645 3006 contionator
692 2954 927 3007 ostt‘ndit
949 2995 964 3020 ,
997 2953 1180 3007 dicens
1227 2972 1240 3006 :
1283 2953 1497 3008 Vanitas
1530 2955 1730 3008 ναυτίαι-

173 3052 265 3095 tum
289 3083 302 3107 ,
329 3052 375 3096 et
403 3046 577 3098 omnia
598 3049 818 3099 uanitas.
847 3044 900 3099 In
923 3047 1328 3115 comparatione
1352 3047 1548 3101 etenim
1577 3058 1732 3102 :eter-

179 3147 348 3186 norum
374 3135 658 3198 bonorum,
690 3151 828 3190 vana
857 3145 981 3190 sunt
1009 3136 1210 3200 omnia,
1242 3137 1401 3191 etiam
1432 3138 1570 3192 bona
1597 3145 1733 3192 tem-

176 3239 253 3292 po:
268 3224 382 3277 alia.
419 3224 686 3294 Quidquid
716 3227 857 3280 enim
900 3225 952 3279 in
979 3226 1085 3281 hoc
1112 3226 1308 3281 saeculo
1337 3225 1512 3279 laetum
1541 3265 1556 3290 ,
1594 3226 1734 3282 dele-

167 3315 382 3383 ctabi'e,
425 3316 693 3380 sublime,
739 3325 830 3370 aut
887 3333 1199 3386 prosperum
1231 3317 1486 3380 cernitur,
1535 3332 1730 3371 Vanum

169 3405 392 3472 profecto
416 3417 498 3462 est
531 3426 543 3460 :
578 3409 704 3477 quia
731 3407 948 3463 dinieile
979 3408 1222 3474 habetur,
1239 3416 1295 3462 et
1313 3408 1420 3462 cito
1446 3408 1726 3462 amittitur.

173 3492 389 3562 Repente
412 3497 630 3566 quidem
661 3498 767 3550 alta
791 3499 971 3553 saeculi
999 3504 1286 3559 corruunt,
1312 3497 1530 3566 pulchra
1563 3506 1734 3572 trans-

171 3594 319 3650 eunt,
348 3586 460 3640 luela
505 3597 560 3642 et
593 3605 847 3657 prospera
891 3596 1242 3643 evanescunt.
1279 3588 1409 3641 Nam
1439 3603 1561 3642 cum
1589 3595 1734 3642 stare

175 3676 219 3728 in
261 3676 338 3730 his
381 3674 603 3732 ﬂoribus
632 3679 748 3734 suis
772 3679 998 3733 mundus
1024 3679 1302 3732 blandiens
1341 3679 1598 3742 cernitur,
1651 3694 1734 3732 re-

177 3764 375 3831 pentina
407 3763 618 3820 fortuna
670 3769 931 3832 turbatur,
965 3777 1058 3822 aut
1089 3768 1279 3822 fe.-tiua
1306 3808 1320 3831 ,
1350 3774 1405 3821 et
1431 3767 1610 3820 omnia
1635 3765 1732 3820 de-

175 3853 400 3908 turbante
437 3867 647 3920 morte,
697 3859 1058 3914 concluditur.
1093 3859 1239 3912 Vana
1293 3872 1422 3926 ergo
1450 3867 1576 3912 sunt
1601 3871 1732 3925 gau-

175 3941 248 3994 dia
287 3945 458 3997 szcculi
485 3984 500 4006 ,
533 3961 653 4014 qua:
681 3947 831 4015 quasi
892 3948 1160 4002 manentia
1207 3947 1590 4003 blandiuntur:
1640 3945 1734 4001 scd

177 4041 418 4088 amatores
472 4050 601 4090 suos
625 4077 639 4099 ,
674 4037 780 4091 cito
829 4037 1160 4093 transeundo
1191 4077 1206 4103 ,
1237 4037 1531 4106 decipiunt.
1582 4036 1735 4092 Dicat

179 4135 286 4186 ergo
313 4139 424 4192 pro,
445 4125 571 4180 beta
618 4125 657 4181 S
676 4128 835 4181 smuel
863 4146 874 4181 :
911 4126 1088 4182 Nolite
1127 4128 1389 4182 declinare
1413 4137 1528 4198 post
1559 4145 1693 4182 vana
1717 4169 1734 4194 ,

179 4227 277 4280 qua
316 4231 413 4267 non
441 4216 722 4284 proderunt
753 4218 912 4272 vobis.
961 4219 1123 4285 Quasi
1153 4219 1332 4273 dicat:
1364 4219 1540 4273 Stulte
1571 4235 1734 4288 appc-

181 4311 339 4357 tentur
374 4304 518 4359 bona
559 4307 739 4361 sazculi
766 4348 780 4372 ,
813 4323 933 4377 que
975 4309 1044 4362 ab
1070 4309 1458 4378 appetitoribus
1486 4309 1596 4363 suis
1625 4326 1733 4363 non

180 4401 404 4459 poterunt
429 4395 631 4451 diutius
656 4399 848 4453 teneri.
879 4397 946 4452 Et
973 4399 1291 4464 notandum,
1314 4399 1440 4467 quia
1461 4399 1528 4454 de
1557 4397 1734 4454 futuro

179 4481 344 4538 dicitur
382 4503 394 4536 :
431 4484 554 4540 Non
594 4489 878 4558 proderunt
920 4490 1096 4544 vobis:
1123 4491 1249 4559 quia
1299 4491 1548 4544 nimirum
1599 4507 1740 4546 nunc
1771 4491 1817 4548 Ι)

179 4572 403 4636 prodesse
431 4587 760 4643 cernuntur;
785 4579 881 4633 sed
903 4593 1024 4633 cum
1049 4580 1104 4633 in
1134 4579 1315 4634 futuro
1337 4595 1436 4648 pro
1458 4580 1537 4634 eis
1563 4581 1742 4650 puniri

178 4663 411 4727 coeperint
461 4679 800 4734 nequaquam
856 4676 1100 4736 prosunt.
1144 4667 1295 4722 Unde
1338 4678 1392 4722 et
1445 4678 1570 4737 apte
1615 4669 1741 4724 sub-

179 4749 328 4804 ditur:
361 4753 540 4825 Neque
566 4767 744 4810 eruent
765 4775 870 4824 ros,
896 4763 1017 4829 quia
1041 4776 1173 4813 cana
1197 4769 1335 4814 sunt.
1362 4759 1525 4826 Quasi
1555 4760 1732 4815 dicat:

183 4835 362 4895 Idcirco
409 4861 505 4899 vos
534 4853 666 4900 tunc
697 4863 802 4902 non
858 4849 1154 4917 adjuvant,
1197 4850 1322 4918 quia
1367 4865 1489 4904 cum
1537 4853 1736 4909 mundo

180 4926 427 4996 deﬁciunt,
464 4943 520 4988 et
547 4944 672 5005 post
717 4937 968 4992 smeulum
1020 4955 1129 4993 non
1174 4940 1457 4994 habentur.
1511 4938 1733 4996 Multum

179 5017 364 5081 quidem
393 5025 568 5079 seculi
603 5025 742 5079 bona
782 5027 1008 5096 durant,
1049 5029 1094 5083 si
1141 5045 1261 5085 cum
1292 5042 1538 5090 amatore
1564 5052 1734 5106 usque

177 5105 233 5157 ad
263 5117 548 5168 extremum
587 5116 712 5170 vita:
758 5121 1097 5183 perveniunt.
1141 5119 1270 5176 Post
1303 5129 1555 5182 smeulutn
1603 5105 1731 5197 ergo

179 5211 267 5284 non
295 5212 548 5267 prosunt,
580 5220 702 5273 qua:
733 5205 890 5261 linem
922 5211 1045 5264 vitae
1075 5213 1304 5267 transire
1333 5231 1440 5269 non
1481 5228 1727 5284 possunt.

177 5281 224 5336 1n
243 5286 333 5374 bac
349 5291 560 5358 quidem
592 5296 703 5348 vita
732 5311 860 5350 suos
887 5307 1159 5356 amatores
1187 5305 1426 5369 peccatis
1455 5281 1726 5374 obligant;

178 5373 257 5461 sed
284 5383 401 5432 tunc
430 5397 533 5435 non
555 5395 751 5438 eruent
773 5427 788 5451 ,
821 5387 911 5440 ubi
941 5389 1154 5456 quidem
1180 5407 1283 5461 per
1302 5394 1551 5448 meritum
1580 5373 1726 5460 sunt,

180 5460 258 5512 scd
295 5479 382 5532 per
405 5471 664 5526 auxilium
691 5489 799 5528 non
830 5484 976 5530 sunt.
1003 5476 1121 5543 Qua
1174 5460 1229 5534 in
1269 5496 1327 5536 re
1355 5491 1512 5538 caute
1541 5492 1734 5540 uolan-

242 5622 264 5648 ⁴
298 5615 449 5674 Gilot.
470 5661 485 5686 ,
507 5620 786 5679 Conversio
814 5631 1092 5696 percolari.

1835 1839 1949 1874 men
2004 1838 2153 1875 suum
2182 1839 2446 1891 magnum.
2480 1823 2614 1888 Quia
2657 1824 2750 1891 qui
2786 1840 2883 1892 pro
2913 1825 3028 1889 ejus
3057 1841 3242 1880 amore
3272 1843 3408 1882 vana

1831 1909 2162 1978 despiciunt,
2190 1925 2219 1963 a
2243 1911 2386 1965 veris
2415 1912 2569 1966 malis
2591 1922 2870 1978 eruuntur,
2891 1922 2945 1967 et
2966 1937 2976 1964 ε
3000 1931 3031 1968 x
3062 1913 3163 1967 fide
3185 1918 3404 1986 promis-

1831 1999 1998 2054 sionis
2035 1999 2336 2056 mercedem
2377 2002 2646 2070 accipiunt
2682 2012 2894 2058 :eteruac
2933 2005 2966 2057 b
2988 2005 3278 2060 treditatis.
3311 2004 3409 2059 Pc-

1833 2090 2014 2159 pulum
2041 2091 2242 2161 quippe
2263 2107 2417 2146 suum
2448 2091 2706 2147 Dominus
2729 2094 2892 2159 facit,
2924 2109 3082 2162 quem
3103 2095 3168 2148 ad
3197 2104 3411 2154 anet-ca:

1831 2180 2179 2236 beatitudinis
2205 2181 2395 2249 gaudia
2420 2182 2668 2236 sustollit.
2704 2181 2994 2252 lbiquippe
3029 2183 3264 2237 revelata
3298 2199 3411 2236 n;a~

1826 2267 2037 2336 jestatis
2074 2286 2184 2324 sua:
2207 2271 2375 2338 gloria
2407 2271 2480 2325 illi
2504 2273 2749 2341 praesidet
2775 2315 2790 2340 ,
2813 2289 2970 2341 quem
3001 2275 3054 2328 in
3099 2275 3297 2330 mundo
3346 2279 3410 2329 alt

1833 2375 2018 2414 amore
2059 2361 2312 2416 vanitatis
2361 2377 2456 2431 per
2495 2364 2760 2416 occultam
2805 2365 3031 2431 gratiam
3079 2373 3412 2434 assumptum

1834 2456 1998 2502 tenet.
2044 2447 2235 2504 Jurare
2281 2449 2495 2518 quidem
2537 2451 2767 2505 Domino
2795 2490 2810 2514 ,
2862 2453 3240 2521 repromittere
3289 2462 3418 2508 est:

1832 2556 2064 2610 eumque
2112 2541 2364 2611 populum
2393 2558 2548 2598 suum
2588 2543 2763 2597 facere
2786 2584 2802 2609 ,
2833 2542 3089 2598 Dominus
3121 2543 3298 2612 jurat,
3323 2545 3412 2612 qui

1834 2648 1942 2687 non
1988 2634 2219 2688 decl.nat
2269 2641 2392 2704 post
2438 2650 2573 2688 vana
2617 2635 2782 2704 :quia
2831 2644 3044 2689 terrena
3073 2634 3414 2704 despicienda

1833 2734 1990 2786 sunt,
2025 2737 2084 2777 ut
2126 2733 2339 2778 aterute
2383 2725 2712 2781 hereditatis
2748 2727 2890 2796 adipi
2921 2727 2970 2782 ei
3021 2729 3160 2782 bona
3208 2742 3387 2782 merea

1834 2830 1974 2870 mur.
2008 2815 2118 2871 Nec
2169 2826 2347 2873 tamen
2376 2819 2440 2872 ad
2471 2833 2534 2872 ea
2565 2833 2724 2887 posse
2761 2819 2844 2874 bis
2880 2819 3083 2874 meritis
3111 2835 3170 2873 se
3191 2820 3411 2889 perduci

1835 2904 2029 2973 aliquis
2075 2906 2295 2973 credat;
2328 2907 2452 2977 quia
2500 2907 2587 2961 bic
2638 2907 2875 2962 districte
2921 2924 3235 2978 expressum
3285 2918 3372 2964 est
3410 2961 3411 2964 η

1837 2991 2060 3064 Propter
2097 3010 2281 3048 nomen
2330 3011 2476 3049 suum
2522 3011 2787 3064 maguum.
2827 2995 2944 3050 Non
2987 2998 3130 3051 enim
3177 2997 3415 3053 bonitate

1761 3115 1804 3176 C
1837 3094 2053 3150 nostra,
2081 3089 2172 3140 sel
2203 3085 2297 3141 Dei
2324 3085 2411 3153 fit,
2466 3088 2623 3157 277
2671 3095 2728 3141 ut
2778 3087 2940 3141 homo
2991 3096 3235 3176 terrenus
3261 3087 3415 3143 bonis

1837 3172 2146 3228 caelestibus
2192 3172 2516 3242 perfruatur.
2565 3177 2769 3229 Donum
2816 3177 3014 3245 quippe
3039 3175 3133 3230 Dei
3155 3185 3274 3242 est,
3307 3192 3413 3231 non

1836 3277 1902 3317 ex
1935 3262 2114 3317 nobis.
2146 3263 2403 3333 Sequitur
2445 3282 2458 3316 :

1908 3356 2086 3426 (Vers.
2117 3357 2232 3428 23.)
2261 3358 2402 3412 Absit
2429 3367 2600 3413 autem
2622 3377 2654 3413 a
2683 3377 2763 3414 me
2805 3362 2899 3414 hoc
2926 3372 3192 3430 peccatum
3222 3364 3274 3416 in
3305 3360 3415 3417 Do-

1834 3447 1996 3513 mino,
2023 3456 2079 3500 ut
2103 3464 2292 3501 cessem
2312 3466 2461 3503 orare
2487 3467 2581 3520 pro
2609 3450 2768 3505 vobis.

1906 3533 1993 3588 15.
2025 3535 2118 3590 llle
2142 3537 2240 3590 ista
2273 3537 2528 3606 loquitur,
2569 3540 2656 3593 cui
2701 3555 2946 3610 superius
2996 3541 3062 3596 de
3094 3542 3176 3606 iis,
3223 3543 3417 3610 quibus

1836 3624 2091 3693 loquitur,
2125 3627 2380 3681 Dominus
2401 3629 2474 3682 ait
2503 3648 2515 3680 :
2550 3627 2672 3684 Non
2697 3639 2744 3682 te
2774 3632 3089 3701 abjecerunt,
3112 3633 3202 3686 sed
3226 3651 3326 3699 me,
3356 3650 3418 3687 ne

1835 3731 2042 3785 regnem
2071 3733 2224 3786 super
2253 3735 2360 3772 eos.
2412 3718 2553 3774 Ecce
2582 3720 2836 3788 abjicitur
2863 3723 3148 3790 prOpbeta.
3197 3731 3254 3776 et
3280 3723 3416 3791 abji~

1837 3802 2101 3858 cientibus
2128 3819 2186 3858 se
2237 3806 2474 3874 loquitur
2501 3807 2684 3862 dicens
2717 3826 2729 3860 :
2784 3808 2930 3862 Absit
2951 3826 2982 3862 a
3007 3826 3088 3862 me
3110 3811 3203 3864 hoc
3232 3828 3416 3881 pecca-

1838 3903 1947 3944 tum
1969 3894 2020 3945 in
2044 3892 2288 3960 Domino,
2319 3903 2376 3947 ut
2406 3911 2592 3952 cessem
2618 3913 2770 3950 orare
2803 3915 2897 3966 pro
2920 3899 3078 3954 vobis.
3136 3897 3414 3968 Equidem,

1839 3988 1882 4041 si
1913 3989 2205 4043 secundum
2237 3989 2394 4058 Legis
2423 4000 2746 4059 pneceptum
2777 3992 2879 4046 hoc
2907 3992 3208 4057 discutitur,
3229 4008 3414 4062 pecca-

1841 4087 1952 4130 tum
2000 4095 2106 4133 non
2158 4089 2320 4143 esset,
2370 4079 2412 4134 si
2442 4096 2545 4150 pro
2574 4081 2950 4148 abjicientibus
2971 4098 3030 4138 se
3073 4099 3180 4136 non
3217 4093 3417 4137 oraret.

1839 4169 1969 4223 Nam
1995 4170 2104 4225 Lex
2135 4171 2302 4242 Moysi
2328 4173 2591 4241 praecipit.
2620 4172 2806 4229 dicens
2843 4193 2856 4226 :
2903 4173 3102 4246 Di’iges
3130 4176 3422 4246 proximum

1841 4267 2003 4324 tuum,
2034 4268 2082 4312 et
2113 4260 2234 4314 odio
2263 4259 2470 4314 habebis
2498 4262 2921 4315 inimicumluum
2953 4262 3138 4331 (Leuit.
3172 4279 3283 4327 χιχ,
3309 4261 3419 4329 18).

1840 4347 1947 4402 Sed
1969 4357 2027 4403 et
2053 4349 2142 4418 qui
2175 4351 2496 4419 prophetam
2539 4350 2886 4420 abjiciebant,
2945 4369 3050 4406 non
3097 4353 3275 4412 amici,
3327 4353 3420 4407 sed

1842 4441 2042 4495 inimici
2065 4444 2402 4497 exstiterant.
2426 4441 2562 4508 Quid
2592 4451 2836 4511 estergo,
2865 4444 3006 4512 quod
3035 4445 3165 4499 dicit
3196 4444 3368 4499 :Absit
3391 4459 3423 4494 ιι

1844 4547 1923 4583 me
1950 4531 2045 4584 hoc
2072 4541 2360 4600 peccatum,
2389 4532 2488 4585 nisi
2513 4532 2636 4601 quia
2685 4533 2766 4585 vir
2803 4541 3022 4587 sanctus
3050 4535 3114 4587 ad
3144 4537 3424 4592 charitntis

1841 4619 2098 4672 verticem
2144 4619 2484 4684 sublimatus,
2527 4635 2635 4674 non
2690 4621 2864 4674 solum
2894 4621 3150 4689 diligebat
3195 4627 3420 4690 amicos,

1841 4707 1933 4762 sed
1962 4707 2106 4776 ipsos
2126 4708 2284 4761 etiam
2316 4708 2739 4776 amplectebatur
2777 4709 3056 4763 inimicos?
3107 4710 3260 4779 Legis
3299 4715 3422 4781 qui-

1837 4794 1958 4848 dem
1991 4795 2190 4849 veteris
2235 4795 2484 4850 maudato
2537 4799 2844 4862 instructus,
2910 4797 3004 4851 sed
3050 4814 3201 4853 nova:
3237 4803 3423 4868 gratim

1839 4880 2134 4947 fulgoribus
2177 4883 2490 4949 i.lustratus,
2549 4883 2819 4938 licentiam
2861 4887 3142 4942 vetustatis
3172 4888 3422 4958 Evange-

1837 4971 1938 5026 l‘ca
1966 4972 2298 5042 perfectione
2328 4973 2692 5042 reprehendit.
2744 4973 2862 5040 Quo
2903 4975 3150 5030 nimirum
3181 4978 3231 5032 in
3256 4978 3420 5046 facto,

1838 5078 1936 5115 nos
1983 5064 2260 5118 nobiscum
2310 5057 2488 5118 facere
2533 5065 2771 5119 rationes
2797 5067 3057 5133 c-igimur.
3114 5068 3248 5124 llinc
3276 5071 3420 5124 enim

1833 5167 1930 5220 per
1959 5151 2300 5222 Evangelium
2329 5154 2588 5222 jubetur:
2646 5155 2859 5226 Diligite
2911 5160 3150 5212 inimicos
3202 5170 3418 5227 vestros,

1839 5241 2122 5312 benefacite
2144 5244 2227 5304 iis,
2253 5244 2338 5312 qui
2368 5245 2584 5296 oderunt
2627 5260 2711 5297 vos
2744 5244 2957 5316 (Matth.
2987 5261 3038 5310 v,
3070 5245 3182 5314 Η).
3239 5247 3422 5313 Quan-

1841 5341 1951 5384 tum
1979 5348 2106 5400 ergo
2136 5350 2277 5386 nunc
2309 5334 2506 5388 inimici
2557 5334 2808 5403 diligendi
2839 5349 2986 5402 sunt,
3021 5353 3143 5392 eum
3171 5339 3420 5408 przecipz-

1844 5421 2228 5492 tnur(Pra:fat.
2258 5438 2399 5475 num.
2429 5421 2505 5492 6),
2553 5424 2599 5477 si
2653 5434 2777 5479 tunc
2825 5425 2992 5478 amati
3045 5434 3268 5495 potuere
3295 5443 3414 5482 cum

1839 5508 1964 5564 odio
2015 5510 2199 5566 haberi
2224 5509 2592 5580 jubebantur?
2641 5511 2708 5568 Et
2751 5516 2878 5584 quia
2908 5531 3014 5570 non
3042 5516 3214 5571 solum
3258 5533 3420 5571 orate
