  <div class='ocr_page' id='page_1' title='image "/cluster/home/n/w/nwhite01/storage/ocr_20150623/79/uva.x000827091/177.png"; bbox 0 0 3962 6310; ppageno 0'>
   <div class='ocr_carea' id='block_1_1' title="bbox 563 305 659 357">
    <p class='ocr_par' dir='ltr' id='par_1_1' title="bbox 563 305 659 357">
     <span class='ocr_line' id='line_1_1' title="bbox 563 305 659 357; baseline 0 0"><span class='ocrx_word' id='word_1_1' title='bbox 563 305 659 357; x_wconf 72' lang='grc'><strong>355</strong></span> 
     </span>
    </p>
   </div>
   <div class='ocr_carea' id='block_1_2' title="bbox 1765 294 2620 355">
    <p class='ocr_par' dir='ltr' id='par_1_2' title="bbox 1765 294 2620 355">
     <span class='ocr_line' id='line_1_2' title="bbox 1765 294 2620 355; baseline 0.002 -2"><span class='ocrx_word' id='word_1_2' title='bbox 1765 296 2000 353; x_wconf 81' lang='lat' dir='ltr'><strong>SANCTI</strong></span> <span class='ocrx_word' id='word_1_3' title='bbox 2042 294 2366 353; x_wconf 77' lang='lat' dir='ltr'><strong>GREGORII</strong></span> <span class='ocrx_word' id='word_1_4' title='bbox 2406 298 2620 355; x_wconf 73' lang='lat' dir='ltr'><strong>MAGNI</strong></span> 
     </span>
    </p>
   </div>
   <div class='ocr_carea' id='block_1_3' title="bbox 3690 300 3774 361">
    <p class='ocr_par' dir='ltr' id='par_1_3' title="bbox 3690 300 3774 361">
     <span class='ocr_line' id='line_1_3' title="bbox 3690 300 3774 361; baseline 0 -5"><span class='ocrx_word' id='word_1_5' title='bbox 3690 300 3774 361; x_wconf 71' lang='lat'><strong>556</strong></span> 
     </span>
    </p>
   </div>
   <div class='ocr_carea' id='block_1_4' title="bbox 557 409 3775 487">
    <p class='ocr_par' dir='ltr' id='par_1_4' title="bbox 557 409 3775 487">
     <span class='ocr_line' id='line_1_4' title="bbox 557 409 3775 487; baseline 0 -16"><span class='ocrx_word' id='word_1_6' title='bbox 557 433 653 487; x_wconf 82' lang='lat' dir='ltr'><strong>pro</strong></span> <span class='ocrx_word' id='word_1_7' title='bbox 707 416 806 481; x_wconf 87' lang='lat' dir='ltr'><strong>eis,</strong></span> <span class='ocrx_word' id='word_1_8' title='bbox 857 414 951 469; x_wconf 87' lang='lat' dir='ltr'><strong>sed</strong></span> <span class='ocrx_word' id='word_1_9' title='bbox 1006 429 1102 469; x_wconf 90' lang='lat' dir='ltr'><strong>eos</strong></span> <span class='ocrx_word' id='word_1_10' title='bbox 1159 413 1370 468; x_wconf 87' lang='lat' dir='ltr'><strong>erudire</strong></span> <span class='ocrx_word' id='word_1_11' title='bbox 1401 414 1695 469; x_wconf 74' lang='lat' dir='ltr'><strong>conabatur</strong></span> <span class='ocrx_word' id='word_1_12' title='bbox 1720 451 1735 478; x_wconf 94' lang='lat'><strong>,</strong></span> <span class='ocrx_word' id='word_1_13' title='bbox 1794 412 2137 481; x_wconf 86' lang='lat' dir='ltr'><strong>subjungens,</strong></span> <span class='ocrx_word' id='word_1_14' title='bbox 2168 412 2217 469; x_wconf 79' lang='grc' dir='ltr'>Α</span> <span class='ocrx_word' id='word_1_15' title='bbox 2316 410 2403 465; x_wconf 86' lang='grc'><strong>18.</strong></span> <span class='ocrx_word' id='word_1_16' title='bbox 2436 411 2596 477; x_wconf 84' lang='lat' dir='ltr'><strong>Quasi</strong></span> <span class='ocrx_word' id='word_1_17' title='bbox 2628 411 2798 467; x_wconf 89' lang='lat' dir='ltr'><strong>dicat:</strong></span> <span class='ocrx_word' id='word_1_18' title='bbox 2833 409 2910 466; x_wconf 76' lang='lat' dir='ltr'><strong>Ex</strong></span> <span class='ocrx_word' id='word_1_19' title='bbox 2941 411 3026 477; x_wconf 91' lang='lat' dir='ltr'><strong>iis,</strong></span> <span class='ocrx_word' id='word_1_20' title='bbox 3051 427 3170 482; x_wconf 67' lang='lat' dir='ltr'><strong>quae</strong></span> <span class='ocrx_word' id='word_1_21' title='bbox 3190 411 3418 476; x_wconf 83' lang='lat' dir='ltr'><strong>vidistis,</strong></span> <span class='ocrx_word' id='word_1_22' title='bbox 3443 411 3659 483; x_wconf 71' lang='lat' dir='ltr'><strong>colligite</strong></span> <span class='ocrx_word' id='word_1_23' title='bbox 3677 431 3775 471; x_wconf 87' lang='lat' dir='ltr'><strong>om-</strong></span> 
     </span>
    </p>
   </div>
   <div class='ocr_carea' id='block_1_5' title="bbox 556 511 667 562">
    <p class='ocr_par' dir='ltr' id='par_1_5' title="bbox 556 511 667 562">
     <span class='ocr_line' id='line_1_5' title="bbox 556 511 667 562; baseline -0.018 0"><span class='ocrx_word' id='word_1_24' title='bbox 556 511 629 562; x_wconf 88' lang='lat' dir='ltr'><strong>ait</strong></span> <span class='ocrx_word' id='word_1_25' title='bbox 655 526 667 560; x_wconf 92' lang='lat'>:</span> 
     </span>
    </p>
   </div>
   <div class='ocr_carea' id='block_1_6' title="bbox 629 595 2131 670">
    <p class='ocr_par' dir='ltr' id='par_1_6' title="bbox 629 595 2131 670">
     <span class='ocr_line' id='line_1_6' title="bbox 629 595 2131 670; baseline -0.006 -16"><span class='ocrx_word' id='word_1_26' title='bbox 629 600 805 670; x_wconf 90' lang='lat' dir='ltr'><strong>(Vers.</strong></span> <span class='ocrx_word' id='word_1_27' title='bbox 830 598 947 667; x_wconf 68' lang='lat'><strong>25.)</strong></span> <span class='ocrx_word' id='word_1_28' title='bbox 976 597 1044 651; x_wconf 79' lang='lat' dir='ltr'><strong>Et</strong></span> <span class='ocrx_word' id='word_1_29' title='bbox 1073 597 1260 651; x_wconf 86' lang='lat' dir='ltr'><strong>docebo</strong></span> <span class='ocrx_word' id='word_1_30' title='bbox 1291 613 1375 649; x_wconf 73' lang='lat' dir='ltr'><strong>vos</strong></span> <span class='ocrx_word' id='word_1_31' title='bbox 1408 601 1543 650; x_wconf 77' lang='lat' dir='ltr'><strong>vtam</strong></span> <span class='ocrx_word' id='word_1_32' title='bbox 1578 595 1783 660; x_wconf 83' lang='lat' dir='ltr'><strong>bonam,</strong></span> <span class='ocrx_word' id='word_1_33' title='bbox 1831 604 1878 647; x_wconf 89' lang='lat' dir='ltr'><strong>et</strong></span> <span class='ocrx_word' id='word_1_34' title='bbox 1920 602 2131 647; x_wconf 82' lang='lat' dir='ltr'><strong>rectam.</strong></span> 
     </span>
    </p>
   </div>
   <div class='ocr_carea' id='block_1_7' title="bbox 632 683 2132 754">
    <p class='ocr_par' dir='ltr' id='par_1_7' title="bbox 632 683 2132 754">
     <span class='ocr_line' id='line_1_7' title="bbox 632 683 2132 754; baseline -0.005 -11"><span class='ocrx_word' id='word_1_35' title='bbox 632 692 717 743; x_wconf 85' lang='grc'><strong>16.</strong></span> <span class='ocrx_word' id='word_1_36' title='bbox 779 689 888 743; x_wconf 83' lang='lat' dir='ltr'><strong>Cur</strong></span> <span class='ocrx_word' id='word_1_37' title='bbox 932 688 1074 742; x_wconf 89' lang='lat' dir='ltr'><strong>enim</strong></span> <span class='ocrx_word' id='word_1_38' title='bbox 1113 689 1249 741; x_wconf 87' lang='lat' dir='ltr'><strong>viam</strong></span> <span class='ocrx_word' id='word_1_39' title='bbox 1277 687 1437 740; x_wconf 83' lang='lat' dir='ltr'><strong>divini</strong></span> <span class='ocrx_word' id='word_1_40' title='bbox 1470 686 1712 754; x_wconf 88' lang='lat' dir='ltr'><strong>obsequii</strong></span> <span class='ocrx_word' id='word_1_41' title='bbox 1762 685 1955 739; x_wconf 86' lang='lat' dir='ltr'><strong>bonam</strong></span> <span class='ocrx_word' id='word_1_42' title='bbox 1985 683 2132 749; x_wconf 88' lang='lat' dir='ltr'><strong>dicit,</strong></span> 
     </span>
    </p>
   </div>
   <div class='ocr_carea' id='block_1_8' title="bbox 558 777 2136 842">
    <p class='ocr_par' dir='ltr' id='par_1_8' title="bbox 558 777 2136 842">
     <span class='ocr_line' id='line_1_8' title="bbox 558 777 2136 842; baseline -0.006 -5"><span class='ocrx_word' id='word_1_43' title='bbox 558 794 613 837; x_wconf 89' lang='lat' dir='ltr'><strong>ct</strong></span> <span class='ocrx_word' id='word_1_44' title='bbox 640 792 842 837; x_wconf 85' lang='lat' dir='ltr'><strong>rectam</strong></span> <span class='ocrx_word' id='word_1_45' title='bbox 882 798 895 834; x_wconf 94' lang='lat'>:</span> <span class='ocrx_word' id='word_1_46' title='bbox 927 796 1046 834; x_wconf 89' lang='lat' dir='ltr'><strong>cum</strong></span> <span class='ocrx_word' id='word_1_47' title='bbox 1076 779 1217 833; x_wconf 87' lang='lat' dir='ltr'><strong>bona</strong></span> <span class='ocrx_word' id='word_1_48' title='bbox 1248 795 1353 832; x_wconf 92' lang='lat' dir='ltr'><strong>non</strong></span> <span class='ocrx_word' id='word_1_49' title='bbox 1384 779 1471 842; x_wconf 90' lang='lat' dir='ltr'><strong>sit,</strong></span> <span class='ocrx_word' id='word_1_50' title='bbox 1502 778 1543 831; x_wconf 86' lang='lat' dir='ltr'><strong>si</strong></span> <span class='ocrx_word' id='word_1_51' title='bbox 1586 793 1690 832; x_wconf 92' lang='lat' dir='ltr'><strong>non</strong></span> <span class='ocrx_word' id='word_1_52' title='bbox 1728 777 1796 830; x_wconf 91' lang='lat' dir='ltr'><strong>sit</strong></span> <span class='ocrx_word' id='word_1_53' title='bbox 1825 784 2003 839; x_wconf 90' lang='lat' dir='ltr'><strong>recta;</strong></span> <span class='ocrx_word' id='word_1_54' title='bbox 2036 788 2136 827; x_wconf 84' lang='lat' dir='ltr'><strong>nec</strong></span> 
     </span>
    </p>
   </div>
   <div class='ocr_carea' id='block_1_9' title="bbox 558 867 2133 938">
    <p class='ocr_par' dir='ltr' id='par_1_9' title="bbox 558 867 2133 938">
     <span class='ocr_line' id='line_1_9' title="bbox 558 867 2133 938; baseline -0.006 -10"><span class='ocrx_word' id='word_1_55' title='bbox 558 883 725 938; x_wconf 86' lang='lat' dir='ltr'><strong>recta,</strong></span> <span class='ocrx_word' id='word_1_56' title='bbox 758 873 802 928; x_wconf 89' lang='lat' dir='ltr'><strong>si</strong></span> <span class='ocrx_word' id='word_1_57' title='bbox 824 888 932 927; x_wconf 90' lang='lat' dir='ltr'><strong>non</strong></span> <span class='ocrx_word' id='word_1_58' title='bbox 961 872 1028 927; x_wconf 91' lang='lat' dir='ltr'><strong>sit</strong></span> <span class='ocrx_word' id='word_1_59' title='bbox 1057 871 1231 924; x_wconf 88' lang='lat' dir='ltr'><strong>bona?</strong></span> <span class='ocrx_word' id='word_1_60' title='bbox 1285 868 1389 923; x_wconf 87' lang='lat' dir='ltr'><strong>Sed</strong></span> <span class='ocrx_word' id='word_1_61' title='bbox 1425 870 1563 922; x_wconf 63' lang='lat' dir='ltr'><strong>buna</strong></span> <span class='ocrx_word' id='word_1_62' title='bbox 1596 867 1692 921; x_wconf 89' lang='lat' dir='ltr'><strong>fuit</strong></span> <span class='ocrx_word' id='word_1_63' title='bbox 1725 867 1834 932; x_wconf 88' lang='lat' dir='ltr'><strong>via,</strong></span> <span class='ocrx_word' id='word_1_64' title='bbox 1883 867 2006 934; x_wconf 88' lang='lat' dir='ltr'><strong>quia</strong></span> <span class='ocrx_word' id='word_1_65' title='bbox 2034 880 2133 935; x_wconf 92' lang='lat' dir='ltr'><strong>po-</strong></span> 
     </span>
    </p>
   </div>
   <div class='ocr_carea' id='block_1_10' title="bbox 555 954 2134 1034">
    <p class='ocr_par' dir='ltr' id='par_1_10' title="bbox 555 954 2134 1034">
     <span class='ocr_line' id='line_1_10' title="bbox 555 954 2134 1034; baseline -0.008 -16"><span class='ocrx_word' id='word_1_66' title='bbox 555 964 717 1034; x_wconf 87' lang='lat' dir='ltr'><strong>pulus</strong></span> <span class='ocrx_word' id='word_1_67' title='bbox 746 963 812 1016; x_wconf 88' lang='lat' dir='ltr'><strong>ab</strong></span> <span class='ocrx_word' id='word_1_68' title='bbox 843 960 1079 1031; x_wconf 64' lang='lat' dir='ltr'><strong>Egypto</strong></span> <span class='ocrx_word' id='word_1_69' title='bbox 1135 959 1200 1013; x_wconf 89' lang='lat' dir='ltr'><strong>ad</strong></span> <span class='ocrx_word' id='word_1_70' title='bbox 1227 968 1425 1014; x_wconf 91' lang='lat' dir='ltr'><strong>terram</strong></span> <span class='ocrx_word' id='word_1_71' title='bbox 1469 956 1837 1027; x_wconf 86' lang='lat' dir='ltr'><strong>promissionis</strong></span> <span class='ocrx_word' id='word_1_72' title='bbox 1875 954 2134 1019; x_wconf 81' lang='lat' dir='ltr'><strong>ascendit,</strong></span> 
     </span>
    </p>
   </div>
   <div class='ocr_carea' id='block_1_11' title="bbox 560 1048 2132 1121">
    <p class='ocr_par' dir='ltr' id='par_1_11' title="bbox 560 1048 2132 1121">
     <span class='ocr_line' id='line_1_11' title="bbox 560 1048 2132 1121; baseline -0.004 -13"><span class='ocrx_word' id='word_1_73' title='bbox 560 1064 613 1109; x_wconf 89' lang='lat' dir='ltr'><strong>et</strong></span> <span class='ocrx_word' id='word_1_74' title='bbox 636 1064 815 1108; x_wconf 89' lang='lat' dir='ltr'><strong>tamen</strong></span> <span class='ocrx_word' id='word_1_75' title='bbox 844 1053 967 1107; x_wconf 92' lang='lat' dir='ltr'><strong>dum</strong></span> <span class='ocrx_word' id='word_1_76' title='bbox 999 1067 1093 1121; x_wconf 90' lang='lat' dir='ltr'><strong>per</strong></span> <span class='ocrx_word' id='word_1_77' title='bbox 1120 1067 1360 1107; x_wconf 89' lang='lat' dir='ltr'><strong>eremum</strong></span> <span class='ocrx_word' id='word_1_78' title='bbox 1384 1050 1652 1115; x_wconf 58' lang='lat' dir='ltr'><strong>circuivit,</strong></span> <span class='ocrx_word' id='word_1_79' title='bbox 1683 1058 1830 1104; x_wconf 89' lang='lat' dir='ltr'><strong>recta</strong></span> <span class='ocrx_word' id='word_1_80' title='bbox 1865 1064 1969 1103; x_wconf 87' lang='lat' dir='ltr'><strong>non</strong></span> <span class='ocrx_word' id='word_1_81' title='bbox 2016 1048 2132 1102; x_wconf 85' lang='lat' dir='ltr'><strong>fuit.</strong></span> 
     </span>
    </p>
   </div>
   <div class='ocr_carea' id='block_1_12' title="bbox 559 1138 2131 1209">
    <p class='ocr_par' dir='ltr' id='par_1_12' title="bbox 559 1138 2131 1209">
     <span class='ocr_line' id='line_1_12' title="bbox 559 1138 2131 1209; baseline -0.003 -13"><span class='ocrx_word' id='word_1_82' title='bbox 559 1144 707 1199; x_wconf 83' lang='lat' dir='ltr'><strong>Bona</strong></span> <span class='ocrx_word' id='word_1_83' title='bbox 734 1156 862 1209; x_wconf 85' lang='lat' dir='ltr'><strong>ergo</strong></span> <span class='ocrx_word' id='word_1_84' title='bbox 891 1143 975 1196; x_wconf 85' lang='lat' dir='ltr'><strong>via</strong></span> <span class='ocrx_word' id='word_1_85' title='bbox 1006 1150 1108 1208; x_wconf 82' lang='lat' dir='ltr'><strong>est,</strong></span> <span class='ocrx_word' id='word_1_86' title='bbox 1141 1158 1242 1209; x_wconf 86' lang='lat' dir='ltr'><strong>qua</strong></span> <span class='ocrx_word' id='word_1_87' title='bbox 1280 1141 1345 1194; x_wconf 91' lang='lat' dir='ltr'><strong>ad</strong></span> <span class='ocrx_word' id='word_1_88' title='bbox 1370 1156 1655 1208; x_wconf 83' lang='lat' dir='ltr'><strong>supernam</strong></span> <span class='ocrx_word' id='word_1_89' title='bbox 1694 1140 1922 1208; x_wconf 89' lang='lat' dir='ltr'><strong>patriam</strong></span> <span class='ocrx_word' id='word_1_90' title='bbox 1957 1138 2131 1193; x_wconf 77' lang='lat' dir='ltr'><strong>tendi~</strong></span> 
     </span>
    </p>
   </div>
   <div class='ocr_carea' id='block_1_13' title="bbox 561 1229 2137 1299">
    <p class='ocr_par' dir='ltr' id='par_1_13' title="bbox 561 1229 2137 1299">
     <span class='ocr_line' id='line_1_13' title="bbox 561 1229 2137 1299; baseline -0.003 -13"><span class='ocrx_word' id='word_1_91' title='bbox 561 1244 648 1286; x_wconf 89' lang='lat' dir='ltr'><strong>tur</strong></span> <span class='ocrx_word' id='word_1_92' title='bbox 683 1251 694 1285; x_wconf 87' lang='lat'><strong>:</strong></span> <span class='ocrx_word' id='word_1_93' title='bbox 736 1240 905 1299; x_wconf 89' lang='lat' dir='ltr'><strong>recta,</strong></span> <span class='ocrx_word' id='word_1_94' title='bbox 955 1246 1058 1299; x_wconf 89' lang='lat' dir='ltr'><strong>qua</strong></span> <span class='ocrx_word' id='word_1_95' title='bbox 1092 1230 1243 1283; x_wconf 61' lang='lat' dir='ltr'><strong>facile</strong></span> <span class='ocrx_word' id='word_1_96' title='bbox 1274 1229 1601 1297; x_wconf 86' lang='lat' dir='ltr'><strong>pervenitur.</strong></span> <span class='ocrx_word' id='word_1_97' title='bbox 1632 1229 1727 1282; x_wconf 87' lang='lat' dir='ltr'><strong>Via</strong></span> <span class='ocrx_word' id='word_1_98' title='bbox 1756 1242 1885 1296; x_wconf 88' lang='lat' dir='ltr'><strong>ergo</strong></span> <span class='ocrx_word' id='word_1_99' title='bbox 1914 1229 2052 1282; x_wconf 88' lang='lat' dir='ltr'><strong>bona</strong></span> <span class='ocrx_word' id='word_1_100' title='bbox 2083 1234 2137 1281; x_wconf 87' lang='lat' dir='ltr'><strong>et</strong></span> 
     </span>
    </p>
   </div>
   <div class='ocr_carea' id='block_1_14' title="bbox 559 1318 2133 1387">
    <p class='ocr_par' dir='ltr' id='par_1_14' title="bbox 559 1318 2133 1387">
     <span class='ocr_line' id='line_1_14' title="bbox 559 1318 2133 1387; baseline -0.004 -11"><span class='ocrx_word' id='word_1_101' title='bbox 559 1331 704 1379; x_wconf 88' lang='lat' dir='ltr'><strong>recta</strong></span> <span class='ocrx_word' id='word_1_102' title='bbox 726 1333 825 1386; x_wconf 88' lang='lat' dir='ltr'><strong>est,</strong></span> <span class='ocrx_word' id='word_1_103' title='bbox 874 1337 993 1376; x_wconf 85' lang='lat' dir='ltr'><strong>cum</strong></span> <span class='ocrx_word' id='word_1_104' title='bbox 1018 1321 1083 1374; x_wconf 89' lang='lat' dir='ltr'><strong>ad</strong></span> <span class='ocrx_word' id='word_1_105' title='bbox 1112 1320 1411 1387; x_wconf 87' lang='lat' dir='ltr'><strong>religiosam</strong></span> <span class='ocrx_word' id='word_1_106' title='bbox 1439 1320 1602 1373; x_wconf 90' lang='lat' dir='ltr'><strong>vitam</strong></span> <span class='ocrx_word' id='word_1_107' title='bbox 1644 1318 2026 1383; x_wconf 85' lang='lat' dir='ltr'><strong>convertimur,</strong></span> <span class='ocrx_word' id='word_1_108' title='bbox 2051 1318 2133 1371; x_wconf 90' lang='lat' dir='ltr'><strong>di-</strong></span> 
     </span>
    </p>
   </div>
   <div class='ocr_carea' id='block_1_15' title="bbox 558 1407 2135 1482">
    <p class='ocr_par' dir='ltr' id='par_1_15' title="bbox 558 1407 2135 1482">
     <span class='ocr_line' id='line_1_15' title="bbox 558 1407 2135 1482; baseline -0.003 -14"><span class='ocrx_word' id='word_1_109' title='bbox 558 1415 681 1468; x_wconf 83' lang='lat' dir='ltr'><strong>vin‘a</strong></span> <span class='ocrx_word' id='word_1_110' title='bbox 710 1413 970 1482; x_wconf 90' lang='lat' dir='ltr'><strong>obsequia</strong></span> <span class='ocrx_word' id='word_1_111' title='bbox 1002 1426 1123 1466; x_wconf 90' lang='lat' dir='ltr'><strong>eum</strong></span> <span class='ocrx_word' id='word_1_112' title='bbox 1150 1410 1369 1465; x_wconf 81' lang='lat' dir='ltr'><strong>instanti</strong></span> <span class='ocrx_word' id='word_1_113' title='bbox 1400 1407 1608 1465; x_wconf 83' lang='lat' dir='ltr'><strong>fervore</strong></span> <span class='ocrx_word' id='word_1_114' title='bbox 1638 1424 1845 1478; x_wconf 58' lang='lat' dir='ltr'><strong>magna:</strong></span> <span class='ocrx_word' id='word_1_115' title='bbox 1892 1409 2135 1463; x_wconf 52' lang='lat' dir='ltr'><strong>devotio.</strong></span> 
     </span>
    </p>
   </div>
   <div class='ocr_carea' id='block_1_16' title="bbox 562 1497 2135 1561">
    <p class='ocr_par' dir='ltr' id='par_1_16' title="bbox 562 1497 2135 1561">
     <span class='ocr_line' id='line_1_16' title="bbox 562 1497 2135 1561; baseline -0.006 -1"><span class='ocrx_word' id='word_1_116' title='bbox 562 1508 645 1561; x_wconf 91' lang='lat' dir='ltr'><strong>nis</strong></span> <span class='ocrx_word' id='word_1_117' title='bbox 669 1519 1000 1560; x_wconf 84' lang='lat' dir='ltr'><strong>exercemus.</strong></span> <span class='ocrx_word' id='word_1_118' title='bbox 1045 1500 1197 1556; x_wconf 85' lang='lat' dir='ltr'><strong>Unde</strong></span> <span class='ocrx_word' id='word_1_119' title='bbox 1226 1508 1282 1555; x_wconf 89' lang='lat' dir='ltr'><strong>et</strong></span> <span class='ocrx_word' id='word_1_120' title='bbox 1307 1501 1445 1554; x_wconf 86' lang='lat' dir='ltr'><strong>bene</strong></span> <span class='ocrx_word' id='word_1_121' title='bbox 1474 1497 1720 1554; x_wconf 87' lang='lat' dir='ltr'><strong>eamdem</strong></span> <span class='ocrx_word' id='word_1_122' title='bbox 1748 1499 1886 1552; x_wconf 90' lang='lat' dir='ltr'><strong>viam</strong></span> <span class='ocrx_word' id='word_1_123' title='bbox 1918 1498 2135 1554; x_wconf 85' lang='lat' dir='ltr'><strong>Samuel</strong></span> 
     </span>
    </p>
   </div>
   <div class='ocr_carea' id='block_1_17' title="bbox 559 1595 1057 1667">
    <p class='ocr_par' dir='ltr' id='par_1_17' title="bbox 559 1595 1057 1667">
     <span class='ocr_line' id='line_1_17' title="bbox 559 1595 1057 1667; baseline -0.014 -14"><span class='ocrx_word' id='word_1_124' title='bbox 559 1596 803 1667; x_wconf 80' lang='lat' dir='ltr'><strong>exponit,</strong></span> <span class='ocrx_word' id='word_1_125' title='bbox 834 1595 1019 1648; x_wconf 88' lang='lat' dir='ltr'><strong>dicens</strong></span> <span class='ocrx_word' id='word_1_126' title='bbox 1048 1612 1057 1645; x_wconf 92' lang='lat'>:</span> 
     </span>
    </p>
   </div>
   <div class='ocr_carea' id='block_1_18' title="bbox 630 1680 2133 1758">
    <p class='ocr_par' dir='ltr' id='par_1_18' title="bbox 630 1680 2133 1758">
     <span class='ocr_line' id='line_1_18' title="bbox 630 1680 2133 1758; baseline -0.005 -17"><span class='ocrx_word' id='word_1_127' title='bbox 630 1688 804 1758; x_wconf 88' lang='lat' dir='ltr'><strong>(Vers.</strong></span> <span class='ocrx_word' id='word_1_128' title='bbox 836 1684 952 1753; x_wconf 71' lang='grc'><strong>21.)</strong></span> <span class='ocrx_word' id='word_1_129' title='bbox 1012 1683 1181 1755; x_wconf 82' lang='lat' dir='ltr'><strong>Igitur</strong></span> <span class='ocrx_word' id='word_1_130' title='bbox 1206 1694 1229 1719; x_wconf 75' lang='grc' dir='ltr'><strong><em>ει</em></strong></span> <span class='ocrx_word' id='word_1_131' title='bbox 1260 1685 1431 1735; x_wconf 88' lang='lat' dir='ltr'><strong>timete</strong></span> <span class='ocrx_word' id='word_1_132' title='bbox 1477 1680 1774 1743; x_wconf 87' lang='lat' dir='ltr'><strong>Dominum,</strong></span> <span class='ocrx_word' id='word_1_133' title='bbox 1805 1691 1852 1733; x_wconf 87' lang='lat' dir='ltr'><strong>et</strong></span> <span class='ocrx_word' id='word_1_134' title='bbox 1879 1682 2059 1733; x_wconf 77' lang='lat' dir='ltr'><strong>servile</strong></span> <span class='ocrx_word' id='word_1_135' title='bbox 2087 1681 2133 1733; x_wconf 84' lang='lat' dir='ltr'><strong>ei</strong></span> 
     </span>
    </p>
   </div>
   <div class='ocr_carea' id='block_1_19' title="bbox 558 1772 1553 1841">
    <p class='ocr_par' dir='ltr' id='par_1_19' title="bbox 558 1772 1553 1841">
     <span class='ocr_line' id='line_1_19' title="bbox 558 1772 1553 1841; baseline -0.012 -7"><span class='ocrx_word' id='word_1_136' title='bbox 558 1782 611 1834; x_wconf 86' lang='lat' dir='ltr'><strong>in</strong></span> <span class='ocrx_word' id='word_1_137' title='bbox 641 1778 868 1841; x_wconf 78' lang='lat' dir='ltr'><strong>ueritate,</strong></span> <span class='ocrx_word' id='word_1_138' title='bbox 901 1784 948 1829; x_wconf 90' lang='lat' dir='ltr'><strong>et</strong></span> <span class='ocrx_word' id='word_1_139' title='bbox 978 1792 1041 1829; x_wconf 80' lang='lat' dir='ltr'><strong>ex</strong></span> <span class='ocrx_word' id='word_1_140' title='bbox 1066 1781 1168 1827; x_wconf 86' lang='lat' dir='ltr'><strong>toto</strong></span> <span class='ocrx_word' id='word_1_141' title='bbox 1194 1772 1346 1825; x_wconf 87' lang='lat' dir='ltr'><strong>corde</strong></span> <span class='ocrx_word' id='word_1_142' title='bbox 1366 1779 1553 1824; x_wconf 84' lang='lat' dir='ltr'><strong>vestro.</strong></span> 
     </span>
    </p>
   </div>
   <div class='ocr_carea' id='block_1_20' title="bbox 630 1857 2135 1932">
    <p class='ocr_par' dir='ltr' id='par_1_20' title="bbox 630 1857 2135 1932">
     <span class='ocr_line' id='line_1_20' title="bbox 630 1857 2135 1932; baseline -0.005 -12"><span class='ocrx_word' id='word_1_143' title='bbox 630 1869 714 1922; x_wconf 88' lang='grc'><strong>17.</strong></span> <span class='ocrx_word' id='word_1_144' title='bbox 773 1865 898 1918; x_wconf 68' lang='lat' dir='ltr'><strong>llaec</strong></span> <span class='ocrx_word' id='word_1_145' title='bbox 945 1863 1159 1932; x_wconf 84' lang='lat' dir='ltr'><strong>quidem</strong></span> <span class='ocrx_word' id='word_1_146' title='bbox 1202 1862 1287 1915; x_wconf 86' lang='lat' dir='ltr'><strong>via</strong></span> <span class='ocrx_word' id='word_1_147' title='bbox 1319 1862 1460 1915; x_wconf 90' lang='lat' dir='ltr'><strong>bona</strong></span> <span class='ocrx_word' id='word_1_148' title='bbox 1496 1866 1552 1914; x_wconf 90' lang='lat' dir='ltr'><strong>et</strong></span> <span class='ocrx_word' id='word_1_149' title='bbox 1578 1868 1723 1915; x_wconf 91' lang='lat' dir='ltr'><strong>recta</strong></span> <span class='ocrx_word' id='word_1_150' title='bbox 1746 1867 1829 1913; x_wconf 89' lang='lat' dir='ltr'><strong>est</strong></span> <span class='ocrx_word' id='word_1_151' title='bbox 1876 1857 2037 1929; x_wconf 90' lang='lat' dir='ltr'><strong>:quia</strong></span> <span class='ocrx_word' id='word_1_152' title='bbox 2067 1857 2135 1912; x_wconf 93' lang='lat' dir='ltr'><strong>ad</strong></span> 
     </span>
    </p>
   </div>
   <div class='ocr_carea' id='block_1_21' title="bbox 559 1947 2134 2019">
    <p class='ocr_par' dir='ltr' id='par_1_21' title="bbox 559 1947 2134 2019">
     <span class='ocr_line' id='line_1_21' title="bbox 559 1947 2134 2019; baseline -0.008 -6"><span class='ocrx_word' id='word_1_153' title='bbox 559 1967 811 2013; x_wconf 81' lang='lat' dir='ltr'><strong>aeternam</strong></span> <span class='ocrx_word' id='word_1_154' title='bbox 834 1957 997 2009; x_wconf 78' lang='lat' dir='ltr'><strong>vitam</strong></span> <span class='ocrx_word' id='word_1_155' title='bbox 1029 1953 1218 2019; x_wconf 90' lang='lat' dir='ltr'><strong>tendit,</strong></span> <span class='ocrx_word' id='word_1_156' title='bbox 1262 1959 1317 2006; x_wconf 88' lang='lat' dir='ltr'><strong>et</strong></span> <span class='ocrx_word' id='word_1_157' title='bbox 1336 1949 1596 2005; x_wconf 90' lang='lat' dir='ltr'><strong>velociter</strong></span> <span class='ocrx_word' id='word_1_158' title='bbox 1639 1949 1903 2019; x_wconf 89' lang='lat' dir='ltr'><strong>pervenit.</strong></span> <span class='ocrx_word' id='word_1_159' title='bbox 1936 1947 2037 2002; x_wconf 85' lang='lat' dir='ltr'><strong>Per</strong></span> <span class='ocrx_word' id='word_1_160' title='bbox 2067 1948 2134 2001; x_wconf 80' lang='lat' dir='ltr'><strong>ti-</strong></span> 
     </span>
    </p>
   </div>
   <div class='ocr_carea' id='block_1_22' title="bbox 560 2038 2132 2113">
    <p class='ocr_par' dir='ltr' id='par_1_22' title="bbox 560 2038 2132 2113">
     <span class='ocr_line' id='line_1_22' title="bbox 560 2038 2132 2113; baseline -0.006 -12"><span class='ocrx_word' id='word_1_161' title='bbox 560 2063 762 2103; x_wconf 89' lang='lat' dir='ltr'><strong>morem</strong></span> <span class='ocrx_word' id='word_1_162' title='bbox 793 2046 988 2113; x_wconf 88' lang='lat' dir='ltr'><strong>quippe</strong></span> <span class='ocrx_word' id='word_1_163' title='bbox 1002 2042 1211 2097; x_wconf 89' lang='lat' dir='ltr'><strong>Domini</strong></span> <span class='ocrx_word' id='word_1_164' title='bbox 1232 2041 1537 2095; x_wconf 73' lang='lat' dir='ltr'><strong>devitantur</strong></span> <span class='ocrx_word' id='word_1_165' title='bbox 1560 2040 1729 2105; x_wconf 90' lang='lat' dir='ltr'><strong>mala;</strong></span> <span class='ocrx_word' id='word_1_166' title='bbox 1755 2038 2035 2094; x_wconf 83' lang='lat' dir='ltr'><strong>serviendo</strong></span> <span class='ocrx_word' id='word_1_167' title='bbox 2063 2039 2132 2103; x_wconf 91' lang='lat' dir='ltr'><strong>ei,</strong></span> 
     </span>
    </p>
   </div>
   <div class='ocr_carea' id='block_1_23' title="bbox 560 2129 2138 2207">
    <p class='ocr_par' dir='ltr' id='par_1_23' title="bbox 560 2129 2138 2207">
     <span class='ocr_line' id='line_1_23' title="bbox 560 2129 2138 2207; baseline -0.006 -14"><span class='ocrx_word' id='word_1_168' title='bbox 560 2139 676 2207; x_wconf 87' lang='lat' dir='ltr'><strong>ejus</strong></span> <span class='ocrx_word' id='word_1_169' title='bbox 722 2136 970 2190; x_wconf 89' lang='lat' dir='ltr'><strong>mandata</strong></span> <span class='ocrx_word' id='word_1_170' title='bbox 1018 2131 1378 2201; x_wconf 87' lang='lat' dir='ltr'><strong>complentur.</strong></span> <span class='ocrx_word' id='word_1_171' title='bbox 1427 2130 1526 2184; x_wconf 83' lang='lat' dir='ltr'><strong>Cui</strong></span> <span class='ocrx_word' id='word_1_172' title='bbox 1553 2130 1802 2183; x_wconf 90' lang='lat' dir='ltr'><strong>nimirum</strong></span> <span class='ocrx_word' id='word_1_173' title='bbox 1838 2129 1890 2183; x_wconf 94' lang='lat' dir='ltr'><strong>in</strong></span> <span class='ocrx_word' id='word_1_174' title='bbox 1912 2130 2138 2184; x_wconf 87' lang='lat' dir='ltr'><strong>veritate</strong></span> 
     </span>
    </p>
   </div>
   <div class='ocr_carea' id='block_1_24' title="bbox 560 2219 2133 2295">
    <p class='ocr_par' dir='ltr' id='par_1_24' title="bbox 560 2219 2133 2295">
     <span class='ocr_line' id='line_1_24' title="bbox 560 2219 2133 2295; baseline -0.006 -13"><span class='ocrx_word' id='word_1_175' title='bbox 560 2229 840 2295; x_wconf 83' lang='lat' dir='ltr'><strong>servimus,</strong></span> <span class='ocrx_word' id='word_1_176' title='bbox 883 2223 1095 2295; x_wconf 88' lang='lat' dir='ltr'><strong>quando</strong></span> <span class='ocrx_word' id='word_1_177' title='bbox 1151 2221 1265 2289; x_wconf 90' lang='lat' dir='ltr'><strong>ejus</strong></span> <span class='ocrx_word' id='word_1_178' title='bbox 1320 2229 1588 2288; x_wconf 65' lang='lat' dir='ltr'><strong>praecepta</strong></span> <span class='ocrx_word' id='word_1_179' title='bbox 1630 2234 1729 2288; x_wconf 93' lang='lat' dir='ltr'><strong>pro</strong></span> <span class='ocrx_word' id='word_1_180' title='bbox 1763 2219 1874 2273; x_wconf 90' lang='lat' dir='ltr'><strong>sola</strong></span> <span class='ocrx_word' id='word_1_181' title='bbox 1902 2234 2133 2288; x_wconf 87' lang='lat' dir='ltr'><strong>superna</strong></span> 
     </span>
    </p>
   </div>
   <div class='ocr_carea' id='block_1_25' title="bbox 560 2308 2136 2382">
    <p class='ocr_par' dir='ltr' id='par_1_25' title="bbox 560 2308 2136 2382">
     <span class='ocr_line' id='line_1_25' title="bbox 560 2308 2136 2382; baseline -0.006 -11"><span class='ocrx_word' id='word_1_182' title='bbox 560 2317 907 2373; x_wconf 87' lang='lat' dir='ltr'><strong>retributione</strong></span> <span class='ocrx_word' id='word_1_183' title='bbox 931 2312 1251 2382; x_wconf 88' lang='lat' dir='ltr'><strong>perlicimus.</strong></span> <span class='ocrx_word' id='word_1_184' title='bbox 1287 2308 1419 2364; x_wconf 88' lang='lat' dir='ltr'><strong>Nam</strong></span> <span class='ocrx_word' id='word_1_185' title='bbox 1443 2309 1532 2376; x_wconf 88' lang='lat' dir='ltr'><strong>qui</strong></span> <span class='ocrx_word' id='word_1_186' title='bbox 1556 2308 1623 2366; x_wconf 85' lang='lat' dir='ltr'><strong>de</strong></span> <span class='ocrx_word' id='word_1_187' title='bbox 1650 2308 1793 2363; x_wconf 88' lang='lat' dir='ltr'><strong>bono</strong></span> <span class='ocrx_word' id='word_1_188' title='bbox 1808 2323 1973 2378; x_wconf 88' lang='lat' dir='ltr'><strong>opere</strong></span> <span class='ocrx_word' id='word_1_189' title='bbox 2002 2315 2136 2362; x_wconf 89' lang='lat' dir='ltr'><strong>tem-</strong></span> 
     </span>
    </p>
   </div>
   <div class='ocr_carea' id='block_1_26' title="bbox 562 2400 2135 2477">
    <p class='ocr_par' dir='ltr' id='par_1_26' title="bbox 562 2400 2135 2477">
     <span class='ocr_line' id='line_1_26' title="bbox 562 2400 2135 2477; baseline -0.007 -14"><span class='ocrx_word' id='word_1_190' title='bbox 562 2408 797 2477; x_wconf 90' lang='lat' dir='ltr'><strong>poralem</strong></span> <span class='ocrx_word' id='word_1_191' title='bbox 830 2404 1128 2457; x_wconf 86' lang='lat' dir='ltr'><strong>mercedem</strong></span> <span class='ocrx_word' id='word_1_192' title='bbox 1160 2401 1381 2468; x_wconf 86' lang='lat' dir='ltr'><strong>expetit,</strong></span> <span class='ocrx_word' id='word_1_193' title='bbox 1418 2400 1525 2455; x_wconf 91' lang='lat' dir='ltr'><strong>Deo</strong></span> <span class='ocrx_word' id='word_1_194' title='bbox 1551 2400 1602 2453; x_wconf 88' lang='lat' dir='ltr'><strong>in</strong></span> <span class='ocrx_word' id='word_1_195' title='bbox 1638 2400 1863 2453; x_wconf 86' lang='lat' dir='ltr'><strong>veritate</strong></span> <span class='ocrx_word' id='word_1_196' title='bbox 1889 2415 1995 2455; x_wconf 93' lang='lat' dir='ltr'><strong>non</strong></span> <span class='ocrx_word' id='word_1_197' title='bbox 2023 2414 2135 2455; x_wconf 86' lang='lat' dir='ltr'><strong>ser-</strong></span> 
     </span>
    </p>
   </div>
   <div class='ocr_carea' id='block_1_27' title="bbox 570 2490 2136 2568">
    <p class='ocr_par' dir='ltr' id='par_1_27' title="bbox 570 2490 2136 2568">
     <span class='ocr_line' id='line_1_27' title="bbox 570 2490 2136 2568; baseline -0.004 -17"><span class='ocrx_word' id='word_1_198' title='bbox 570 2501 657 2568; x_wconf 83' lang='lat' dir='ltr'><strong>vit,</strong></span> <span class='ocrx_word' id='word_1_199' title='bbox 679 2513 835 2567; x_wconf 90' lang='lat' dir='ltr'><strong>quem</strong></span> <span class='ocrx_word' id='word_1_200' title='bbox 862 2496 992 2549; x_wconf 88' lang='lat' dir='ltr'><strong>falso</strong></span> <span class='ocrx_word' id='word_1_201' title='bbox 1016 2494 1292 2564; x_wconf 89' lang='lat' dir='ltr'><strong>proposito</strong></span> <span class='ocrx_word' id='word_1_202' title='bbox 1322 2493 1376 2546; x_wconf 90' lang='lat' dir='ltr'><strong>in</strong></span> <span class='ocrx_word' id='word_1_203' title='bbox 1405 2507 1501 2546; x_wconf 88' lang='lat' dir='ltr'><strong>sua</strong></span> <span class='ocrx_word' id='word_1_204' title='bbox 1531 2490 1841 2561; x_wconf 90' lang='lat' dir='ltr'><strong>operatione</strong></span> <span class='ocrx_word' id='word_1_205' title='bbox 1881 2506 1984 2544; x_wconf 91' lang='lat' dir='ltr'><strong>non</strong></span> <span class='ocrx_word' id='word_1_206' title='bbox 2016 2490 2136 2544; x_wconf 85' lang='lat' dir='ltr'><strong>dili-</strong></span> 
     </span>
    </p>
   </div>
   <div class='ocr_carea' id='block_1_28' title="bbox 563 2585 2133 2655">
    <p class='ocr_par' dir='ltr' id='par_1_28' title="bbox 563 2585 2133 2655">
     <span class='ocr_line' id='line_1_28' title="bbox 563 2585 2133 2655; baseline -0.004 -10"><span class='ocrx_word' id='word_1_207' title='bbox 563 2593 654 2653; x_wconf 68' lang='lat' dir='ltr'><strong>git.</strong></span> <span class='ocrx_word' id='word_1_208' title='bbox 705 2588 805 2655; x_wconf 86' lang='lat' dir='ltr'><strong>Qui</strong></span> <span class='ocrx_word' id='word_1_209' title='bbox 860 2596 1041 2643; x_wconf 89' lang='lat' dir='ltr'><strong>autem</strong></span> <span class='ocrx_word' id='word_1_210' title='bbox 1098 2587 1148 2640; x_wconf 92' lang='lat' dir='ltr'><strong>in</strong></span> <span class='ocrx_word' id='word_1_211' title='bbox 1190 2585 1415 2640; x_wconf 83' lang='lat' dir='ltr'><strong>veritate</strong></span> <span class='ocrx_word' id='word_1_212' title='bbox 1459 2585 1571 2639; x_wconf 92' lang='lat' dir='ltr'><strong>Deo</strong></span> <span class='ocrx_word' id='word_1_213' title='bbox 1628 2586 1831 2642; x_wconf 88' lang='lat' dir='ltr'><strong>servire</strong></span> <span class='ocrx_word' id='word_1_214' title='bbox 1879 2586 2133 2655; x_wconf 88' lang='lat' dir='ltr'><strong>cupiunt,</strong></span> 
     </span>
    </p>
   </div>
   <div class='ocr_carea' id='block_1_29' title="bbox 563 2673 2136 2742">
    <p class='ocr_par' dir='ltr' id='par_1_29' title="bbox 563 2673 2136 2742">
     <span class='ocr_line' id='line_1_29' title="bbox 563 2673 2136 2742; baseline -0.002 -10"><span class='ocrx_word' id='word_1_215' title='bbox 563 2689 731 2735; x_wconf 88' lang='lat' dir='ltr'><strong>totum</strong></span> <span class='ocrx_word' id='word_1_216' title='bbox 760 2694 853 2734; x_wconf 92' lang='lat' dir='ltr'><strong>cor</strong></span> <span class='ocrx_word' id='word_1_217' title='bbox 884 2678 937 2732; x_wconf 95' lang='lat' dir='ltr'><strong>in</strong></span> <span class='ocrx_word' id='word_1_218' title='bbox 976 2675 1168 2729; x_wconf 89' lang='lat' dir='ltr'><strong>divinis</strong></span> <span class='ocrx_word' id='word_1_219' title='bbox 1198 2673 1469 2742; x_wconf 88' lang='lat' dir='ltr'><strong>obsequiis</strong></span> <span class='ocrx_word' id='word_1_220' title='bbox 1506 2687 1709 2742; x_wconf 88' lang='lat' dir='ltr'><strong>ponere</strong></span> <span class='ocrx_word' id='word_1_221' title='bbox 1741 2673 2014 2741; x_wconf 89' lang='lat' dir='ltr'><strong>jubentur,</strong></span> <span class='ocrx_word' id='word_1_222' title='bbox 2074 2682 2136 2729; x_wconf 90' lang='lat' dir='ltr'><strong>ut</strong></span> 
     </span>
    </p>
   </div>
   <div class='ocr_carea' id='block_1_30' title="bbox 559 2762 2136 2838">
    <p class='ocr_par' dir='ltr' id='par_1_30' title="bbox 559 2762 2136 2838">
     <span class='ocr_line' id='line_1_30' title="bbox 559 2762 2136 2838; baseline -0.003 -14"><span class='ocrx_word' id='word_1_223' title='bbox 559 2772 637 2825; x_wconf 90' lang='lat' dir='ltr'><strong>sic</strong></span> <span class='ocrx_word' id='word_1_224' title='bbox 662 2784 779 2838; x_wconf 80' lang='lat' dir='ltr'><strong>quae</strong></span> <span class='ocrx_word' id='word_1_225' title='bbox 808 2768 902 2822; x_wconf 91' lang='lat' dir='ltr'><strong>Dei</strong></span> <span class='ocrx_word' id='word_1_226' title='bbox 929 2775 1054 2822; x_wconf 92' lang='lat' dir='ltr'><strong>sunt</strong></span> <span class='ocrx_word' id='word_1_227' title='bbox 1099 2772 1278 2833; x_wconf 82' lang='lat' dir='ltr'><strong>agant,</strong></span> <span class='ocrx_word' id='word_1_228' title='bbox 1342 2771 1400 2818; x_wconf 90' lang='lat' dir='ltr'><strong>ut</strong></span> <span class='ocrx_word' id='word_1_229' title='bbox 1446 2764 1499 2817; x_wconf 94' lang='lat' dir='ltr'><strong>in</strong></span> <span class='ocrx_word' id='word_1_230' title='bbox 1538 2772 1717 2818; x_wconf 86' lang='lat' dir='ltr'><strong>mente</strong></span> <span class='ocrx_word' id='word_1_231' title='bbox 1765 2762 1963 2832; x_wconf 93' lang='lat' dir='ltr'><strong>aliquid</strong></span> <span class='ocrx_word' id='word_1_232' title='bbox 1991 2764 2136 2832; x_wconf 90' lang='lat' dir='ltr'><strong>quod</strong></span> 
     </span>
    </p>
   </div>
   <div class='ocr_carea' id='block_1_31' title="bbox 560 2851 2133 2922">
    <p class='ocr_par' dir='ltr' id='par_1_31' title="bbox 560 2851 2133 2922">
     <span class='ocr_line' id='line_1_31' title="bbox 560 2851 2133 2922; baseline -0.003 -9"><span class='ocrx_word' id='word_1_233' title='bbox 560 2866 747 2914; x_wconf 89' lang='lat' dir='ltr'><strong>contra</strong></span> <span class='ocrx_word' id='word_1_234' title='bbox 771 2858 938 2912; x_wconf 91' lang='lat' dir='ltr'><strong>Deum</strong></span> <span class='ocrx_word' id='word_1_235' title='bbox 968 2856 1057 2918; x_wconf 91' lang='lat' dir='ltr'><strong>sit,</strong></span> <span class='ocrx_word' id='word_1_236' title='bbox 1114 2869 1219 2908; x_wconf 91' lang='lat' dir='ltr'><strong>non</strong></span> <span class='ocrx_word' id='word_1_237' title='bbox 1250 2854 1538 2907; x_wconf 79' lang='lat' dir='ltr'><strong>retineant.</strong></span> <span class='ocrx_word' id='word_1_238' title='bbox 1587 2851 1713 2907; x_wconf 76' lang='lat' dir='ltr'><strong>[Lee</strong></span> <span class='ocrx_word' id='word_1_239' title='bbox 1759 2852 2000 2922; x_wconf 86' lang='lat' dir='ltr'><strong>profectu</strong></span> <span class='ocrx_word' id='word_1_240' title='bbox 2051 2854 2133 2908; x_wconf 86' lang='lat' dir='ltr'><strong>via</strong></span> 
     </span>
    </p>
   </div>
   <div class='ocr_carea' id='block_1_32' title="bbox 559 2943 2133 3013">
    <p class='ocr_par' dir='ltr' id='par_1_32' title="bbox 559 2943 2133 3013">
     <span class='ocr_line' id='line_1_32' title="bbox 559 2943 2133 3013; baseline -0.003 -9"><span class='ocrx_word' id='word_1_241' title='bbox 559 2965 666 3004; x_wconf 87' lang='lat' dir='ltr'><strong>non</strong></span> <span class='ocrx_word' id='word_1_242' title='bbox 694 2949 867 3003; x_wconf 71' lang='lat' dir='ltr'><strong>solum</strong></span> <span class='ocrx_word' id='word_1_243' title='bbox 888 2948 1046 3008; x_wconf 91' lang='lat' dir='ltr'><strong>bona,</strong></span> <span class='ocrx_word' id='word_1_244' title='bbox 1071 2944 1167 2999; x_wconf 90' lang='lat' dir='ltr'><strong>sed</strong></span> <span class='ocrx_word' id='word_1_245' title='bbox 1190 2953 1335 2999; x_wconf 88' lang='lat' dir='ltr'><strong>recta</strong></span> <span class='ocrx_word' id='word_1_246' title='bbox 1360 2954 1441 2997; x_wconf 90' lang='lat' dir='ltr'><strong>est</strong></span> <span class='ocrx_word' id='word_1_247' title='bbox 1475 2962 1487 2997; x_wconf 84' lang='lat'><strong>:</strong></span> <span class='ocrx_word' id='word_1_248' title='bbox 1518 2944 1640 3013; x_wconf 90' lang='lat' dir='ltr'><strong>quia</strong></span> <span class='ocrx_word' id='word_1_249' title='bbox 1664 2943 1729 2997; x_wconf 90' lang='lat' dir='ltr'><strong>ad</strong></span> <span class='ocrx_word' id='word_1_250' title='bbox 1756 2945 1983 3000; x_wconf 91' lang='lat' dir='ltr'><strong>salutem</strong></span> <span class='ocrx_word' id='word_1_251' title='bbox 2015 2953 2133 3000; x_wconf 87' lang='lat' dir='ltr'><strong>ten-</strong></span> 
     </span>
    </p>
   </div>
   <div class='ocr_carea' id='block_1_33' title="bbox 555 3036 2134 3108">
    <p class='ocr_par' dir='ltr' id='par_1_33' title="bbox 555 3036 2134 3108">
     <span class='ocr_line' id='line_1_33' title="bbox 555 3036 2134 3108; baseline -0.002 -10"><span class='ocrx_word' id='word_1_252' title='bbox 555 3046 652 3108; x_wconf 85' lang='lat' dir='ltr'><strong>dit,</strong></span> <span class='ocrx_word' id='word_1_253' title='bbox 686 3053 739 3099; x_wconf 90' lang='lat' dir='ltr'><strong>et</strong></span> <span class='ocrx_word' id='word_1_254' title='bbox 768 3044 1026 3098; x_wconf 86' lang='lat' dir='ltr'><strong>viatorem</strong></span> <span class='ocrx_word' id='word_1_255' title='bbox 1054 3056 1208 3094; x_wconf 88' lang='lat' dir='ltr'><strong>suum</strong></span> <span class='ocrx_word' id='word_1_256' title='bbox 1241 3039 1307 3092; x_wconf 92' lang='lat' dir='ltr'><strong>ad</strong></span> <span class='ocrx_word' id='word_1_257' title='bbox 1354 3036 1734 3106; x_wconf 79' lang='lat' dir='ltr'><strong>perfectionem</strong></span> <span class='ocrx_word' id='word_1_258' title='bbox 1757 3037 2015 3094; x_wconf 89' lang='lat' dir='ltr'><strong>velociter</strong></span> <span class='ocrx_word' id='word_1_259' title='bbox 2040 3040 2134 3095; x_wconf 85' lang='lat' dir='ltr'><strong>de-</strong></span> 
     </span>
    </p>
   </div>
   <div class='ocr_carea' id='block_1_34' title="bbox 2239 500 3779 571">
    <p class='ocr_par' dir='ltr' id='par_1_34' title="bbox 2239 500 3779 571">
     <span class='ocr_line' id='line_1_34' title="bbox 2239 500 3779 571; baseline 0.005 -18"><span class='ocrx_word' id='word_1_260' title='bbox 2239 501 2571 570; x_wconf 86' lang='lat' dir='ltr'><strong>nipotentem</strong></span> <span class='ocrx_word' id='word_1_261' title='bbox 2621 501 2788 555; x_wconf 91' lang='lat' dir='ltr'><strong>Deum</strong></span> <span class='ocrx_word' id='word_1_262' title='bbox 2857 517 3020 571; x_wconf 87' lang='lat' dir='ltr'><strong>quam</strong></span> <span class='ocrx_word' id='word_1_263' title='bbox 3069 500 3379 556; x_wconf 87' lang='lat' dir='ltr'><strong>terribiliter</strong></span> <span class='ocrx_word' id='word_1_264' title='bbox 3434 512 3692 569; x_wconf 86' lang='lat' dir='ltr'><strong>metuere,</strong></span> <span class='ocrx_word' id='word_1_265' title='bbox 3734 514 3779 561; x_wconf 82' lang='lat' dir='ltr'><strong>et</strong></span> 
     </span>
    </p>
   </div>
   <div class='ocr_carea' id='block_1_35' title="bbox 2238 590 3778 662">
    <p class='ocr_par' dir='ltr' id='par_1_35' title="bbox 2238 590 3778 662">
     <span class='ocr_line' id='line_1_35' title="bbox 2238 590 3778 662; baseline 0.006 -23"><span class='ocrx_word' id='word_1_266' title='bbox 2238 604 2396 659; x_wconf 87' lang='lat' dir='ltr'><strong>quam</strong></span> <span class='ocrx_word' id='word_1_267' title='bbox 2428 590 2623 644; x_wconf 89' lang='lat' dir='ltr'><strong>devote</strong></span> <span class='ocrx_word' id='word_1_268' title='bbox 2671 590 2719 643; x_wconf 90' lang='lat' dir='ltr'><strong>ei</strong></span> <span class='ocrx_word' id='word_1_269' title='bbox 2750 606 2965 659; x_wconf 82' lang='lat' dir='ltr'><strong>semper</strong></span> <span class='ocrx_word' id='word_1_270' title='bbox 3003 590 3206 644; x_wconf 82' lang='lat' dir='ltr'><strong>servire</strong></span> <span class='ocrx_word' id='word_1_271' title='bbox 3233 590 3495 645; x_wconf 87' lang='lat' dir='ltr'><strong>debeatis.</strong></span> <span class='ocrx_word' id='word_1_272' title='bbox 3535 590 3652 657; x_wconf 64' lang='lat' dir='ltr'><strong>Qum-</strong></span> <span class='ocrx_word' id='word_1_273' title='bbox 3673 609 3778 662; x_wconf 82' lang='lat' dir='ltr'><strong>pro-</strong></span> 
     </span>
    </p>
   </div>
   <div class='ocr_carea' id='block_1_36' title="bbox 2236 678 3782 747">
    <p class='ocr_par' dir='ltr' id='par_1_36' title="bbox 2236 678 3782 747">
     <span class='ocr_line' id='line_1_36' title="bbox 2236 678 3782 747; baseline 0.005 -15"><span class='ocrx_word' id='word_1_274' title='bbox 2236 678 2380 734; x_wconf 91' lang='lat' dir='ltr'><strong>fecto</strong></span> <span class='ocrx_word' id='word_1_275' title='bbox 2407 681 2591 747; x_wconf 86' lang='lat' dir='ltr'><strong>verba,</strong></span> <span class='ocrx_word' id='word_1_276' title='bbox 2639 680 2684 734; x_wconf 91' lang='lat' dir='ltr'><strong>si</strong></span> <span class='ocrx_word' id='word_1_277' title='bbox 2714 680 2780 733; x_wconf 90' lang='lat' dir='ltr'><strong>ad</strong></span> <span class='ocrx_word' id='word_1_278' title='bbox 2805 696 2903 734; x_wconf 86' lang='lat' dir='ltr'><strong>nos</strong></span> <span class='ocrx_word' id='word_1_279' title='bbox 2934 681 3147 735; x_wconf 88' lang='lat' dir='ltr'><strong>trahere</strong></span> <span class='ocrx_word' id='word_1_280' title='bbox 3185 680 3455 747; x_wconf 87' lang='lat' dir='ltr'><strong>volumus,</strong></span> <span class='ocrx_word' id='word_1_281' title='bbox 3487 688 3628 736; x_wconf 86' lang='lat' dir='ltr'><strong>tanto</strong></span> <span class='ocrx_word' id='word_1_282' title='bbox 3655 685 3782 741; x_wconf 85' lang='lat' dir='ltr'><strong>nobis</strong></span> 
     </span>
    </p>
   </div>
   <div class='ocr_carea' id='block_1_37' title="bbox 2239 769 3782 836">
    <p class='ocr_par' dir='ltr' id='par_1_37' title="bbox 2239 769 3782 836">
     <span class='ocr_line' id='line_1_37' title="bbox 2239 769 3782 836; baseline 0.003 -11"><span class='ocrx_word' id='word_1_283' title='bbox 2239 779 2321 825; x_wconf 89' lang='lat' dir='ltr'><strong>est</strong></span> <span class='ocrx_word' id='word_1_284' title='bbox 2363 778 2419 826; x_wconf 90' lang='lat' dir='ltr'><strong>et</strong></span> <span class='ocrx_word' id='word_1_285' title='bbox 2472 771 2835 825; x_wconf 84' lang='lat' dir='ltr'><strong>venerabilius</strong></span> <span class='ocrx_word' id='word_1_286' title='bbox 2889 773 3253 836; x_wconf 84' lang='lat' dir='ltr'><strong>metuendum,</strong></span> <span class='ocrx_word' id='word_1_287' title='bbox 3308 779 3365 825; x_wconf 90' lang='lat' dir='ltr'><strong>et</strong></span> <span class='ocrx_word' id='word_1_288' title='bbox 3422 769 3654 826; x_wconf 84' lang='lat' dir='ltr'><strong>devotius</strong></span> <span class='ocrx_word' id='word_1_289' title='bbox 3692 773 3782 830; x_wconf 84' lang='lat' dir='ltr'><strong>Deo</strong></span> 
     </span>
    </p>
   </div>
   <div class='ocr_carea' id='block_1_38' title="bbox 2237 858 3779 929">
    <p class='ocr_par' dir='ltr' id='par_1_38' title="bbox 2237 858 3779 929">
     <span class='ocr_line' id='line_1_38' title="bbox 2237 858 3779 929; baseline 0.001 -15"><span class='ocrx_word' id='word_1_290' title='bbox 2237 859 2603 925; x_wconf 87' lang='lat' dir='ltr'><strong>serviendum,</strong></span> <span class='ocrx_word' id='word_1_291' title='bbox 2652 867 2853 929; x_wconf 90' lang='lat' dir='ltr'><strong>quanto</strong></span> <span class='ocrx_word' id='word_1_292' title='bbox 2898 858 2949 913; x_wconf 93' lang='lat' dir='ltr'><strong>in</strong></span> <span class='ocrx_word' id='word_1_293' title='bbox 2981 858 3344 929; x_wconf 79' lang='lat' dir='ltr'><strong>Redemptore</strong></span> <span class='ocrx_word' id='word_1_294' title='bbox 3374 865 3562 914; x_wconf 87' lang='lat' dir='ltr'><strong>nostro</strong></span> <span class='ocrx_word' id='word_1_295' title='bbox 3600 860 3779 915; x_wconf 86' lang='lat' dir='ltr'><strong>mirabi-</strong></span> 
     </span>
    </p>
   </div>
   <div class='ocr_carea' id='block_1_39' title="bbox 2238 948 3783 1019">
    <p class='ocr_par' dir='ltr' id='par_1_39' title="bbox 2238 948 3783 1019">
     <span class='ocr_line' id='line_1_39' title="bbox 2238 948 3783 1019; baseline -0.001 -16"><span class='ocrx_word' id='word_1_296' title='bbox 2238 950 2372 1004; x_wconf 90' lang='lat' dir='ltr'><strong>liora</strong></span> <span class='ocrx_word' id='word_1_297' title='bbox 2390 951 2775 1019; x_wconf 84' lang='lat' dir='ltr'><strong>perspeximus.</strong></span> <span class='ocrx_word' id='word_1_298' title='bbox 2806 949 2910 1005; x_wconf 87' lang='lat' dir='ltr'><strong>Sed</strong></span> <span class='ocrx_word' id='word_1_299' title='bbox 2935 950 3058 1018; x_wconf 87' lang='lat' dir='ltr'><strong>quia</strong></span> <span class='ocrx_word' id='word_1_300' title='bbox 3081 948 3222 1017; x_wconf 86' lang='lat' dir='ltr'><strong>quod</strong></span> <span class='ocrx_word' id='word_1_301' title='bbox 3234 948 3363 1004; x_wconf 91' lang='lat' dir='ltr'><strong>boni</strong></span> <span class='ocrx_word' id='word_1_302' title='bbox 3380 948 3620 1015; x_wconf 86' lang='lat' dir='ltr'><strong>audiunt,</strong></span> <span class='ocrx_word' id='word_1_303' title='bbox 3644 949 3783 1002; x_wconf 61' lang='lat' dir='ltr'><strong>suda.</strong></span> 
     </span>
    </p>
   </div>
   <div class='ocr_carea' id='block_1_40' title="bbox 2239 1035 3785 1106">
    <p class='ocr_par' dir='ltr' id='par_1_40' title="bbox 2239 1035 3785 1106">
     <span class='ocr_line' id='line_1_40' title="bbox 2239 1035 3785 1106; baseline -0.001 -12"><span class='ocrx_word' id='word_1_304' title='bbox 2239 1050 2355 1094; x_wconf 89' lang='lat' dir='ltr'><strong>cter</strong></span> <span class='ocrx_word' id='word_1_305' title='bbox 2379 1040 2503 1093; x_wconf 89' lang='lat' dir='ltr'><strong>mali</strong></span> <span class='ocrx_word' id='word_1_306' title='bbox 2533 1046 2913 1103; x_wconf 80' lang='lat' dir='ltr'><strong>contemnunt,</strong></span> <span class='ocrx_word' id='word_1_307' title='bbox 2965 1038 3259 1106; x_wconf 75' lang='lat' dir='ltr'><strong>subiunxit,</strong></span> <span class='ocrx_word' id='word_1_308' title='bbox 3316 1038 3505 1093; x_wconf 89' lang='lat' dir='ltr'><strong>dicens</strong></span> <span class='ocrx_word' id='word_1_309' title='bbox 3536 1055 3549 1090; x_wconf 89' lang='lat'><strong>:</strong></span> <span class='ocrx_word' id='word_1_310' title='bbox 3597 1035 3725 1101; x_wconf 81' lang='lat' dir='ltr'><strong>Quod</strong></span> <span class='ocrx_word' id='word_1_311' title='bbox 3750 1042 3785 1093; x_wconf 93' lang='lat' dir='ltr'><strong>si</strong></span> 
     </span>
    </p>
   </div>
   <div class='ocr_carea' id='block_1_41' title="bbox 2238 1131 3788 1203">
    <p class='ocr_par' dir='ltr' id='par_1_41' title="bbox 2238 1131 3788 1203">
     <span class='ocr_line' id='line_1_41' title="bbox 2238 1131 3788 1203; baseline -0.001 -17"><span class='ocrx_word' id='word_1_312' title='bbox 2238 1133 2675 1203; x_wconf 77' lang='lat' dir='ltr'><strong>perseveraveritis</strong></span> <span class='ocrx_word' id='word_1_313' title='bbox 2703 1133 2757 1186; x_wconf 86' lang='lat' dir='ltr'><strong>in</strong></span> <span class='ocrx_word' id='word_1_314' title='bbox 2782 1131 3006 1198; x_wconf 90' lang='lat' dir='ltr'><strong>malitia,</strong></span> <span class='ocrx_word' id='word_1_315' title='bbox 3035 1140 3085 1184; x_wconf 86' lang='lat' dir='ltr'><strong>et</strong></span> <span class='ocrx_word' id='word_1_316' title='bbox 3111 1146 3198 1185; x_wconf 79' lang='lat' dir='ltr'><strong>vos</strong></span> <span class='ocrx_word' id='word_1_317' title='bbox 3225 1139 3275 1185; x_wconf 85' lang='lat' dir='ltr'><strong>et</strong></span> <span class='ocrx_word' id='word_1_318' title='bbox 3303 1145 3397 1185; x_wconf 80' lang='lat' dir='ltr'><strong>rea:</strong></span> <span class='ocrx_word' id='word_1_319' title='bbox 3442 1137 3601 1184; x_wconf 76' lang='lat' dir='ltr'><strong>vester</strong></span> <span class='ocrx_word' id='word_1_320' title='bbox 3625 1132 3788 1198; x_wconf 79' lang='lat' dir='ltr'><strong>pariter</strong></span> 
     </span>
    </p>
   </div>
   <div class='ocr_carea' id='block_1_42' title="bbox 2237 1225 2803 1296">
    <p class='ocr_par' dir='ltr' id='par_1_42' title="bbox 2237 1225 2803 1296">
     <span class='ocr_line' id='line_1_42' title="bbox 2237 1225 2803 1296; baseline 0.012 -20"><span class='ocrx_word' id='word_1_321' title='bbox 2237 1225 2487 1296; x_wconf 79' lang='lat' dir='ltr'><strong>peribitis.</strong></span> <span class='ocrx_word' id='word_1_322' title='bbox 2796 1286 2803 1292; x_wconf 55' lang='grc'><strong><em>,</em></strong></span> 
     </span>
    </p>
   </div>
   <div class='ocr_carea' id='block_1_43' title="bbox 2851 1310 3195 1367">
    <p class='ocr_par' dir='ltr' id='par_1_43' title="bbox 2851 1310 3195 1367">
     <span class='ocr_line' id='line_1_43' title="bbox 2851 1310 3195 1367; baseline -0.003 0"><span class='ocrx_word' id='word_1_323' title='bbox 2851 1310 3079 1367; x_wconf 80' lang='lat' dir='ltr'><strong>CAPUT</strong></span> <span class='ocrx_word' id='word_1_324' title='bbox 3108 1310 3195 1366; x_wconf 86' lang='grc'><strong>111.</strong></span> 
     </span>
    </p>
   </div>
   <div class='ocr_carea' id='block_1_44' title="bbox 2310 1401 3792 1478">
    <p class='ocr_par' dir='ltr' id='par_1_44' title="bbox 2310 1401 3792 1478">
     <span class='ocr_line' id='line_1_44' title="bbox 2310 1401 3792 1478; baseline -0.003 -19"><span class='ocrx_word' id='word_1_325' title='bbox 2310 1406 2352 1478; x_wconf 91' lang='lat' dir='ltr'><strong>(l</strong></span> <span class='ocrx_word' id='word_1_326' title='bbox 2376 1406 2509 1473; x_wconf 67' lang='lat' dir='ltr'><strong>Reg.</strong></span> <span class='ocrx_word' id='word_1_327' title='bbox 2534 1420 2649 1470; x_wconf 85' lang='lat' dir='ltr'><strong>xnt,</strong></span> <span class='ocrx_word' id='word_1_328' title='bbox 2684 1403 2758 1473; x_wconf 92' lang='grc'><strong>1.)</strong></span> <span class='ocrx_word' id='word_1_329' title='bbox 2813 1401 2985 1457; x_wconf 86' lang='lat' dir='ltr'><strong>Filius</strong></span> <span class='ocrx_word' id='word_1_330' title='bbox 3012 1405 3167 1457; x_wconf 85' lang='lat' dir='ltr'><strong>unius</strong></span> <span class='ocrx_word' id='word_1_331' title='bbox 3190 1404 3453 1457; x_wconf 85' lang='lat' dir='ltr'><strong>annierat</strong></span> <span class='ocrx_word' id='word_1_332' title='bbox 3482 1401 3610 1457; x_wconf 85' lang='lat' dir='ltr'><strong>Saul</strong></span> <span class='ocrx_word' id='word_1_333' title='bbox 3630 1441 3645 1466; x_wconf 93' lang='lat'><strong>,</strong></span> <span class='ocrx_word' id='word_1_334' title='bbox 3696 1417 3792 1455; x_wconf 75' lang='lat' dir='ltr'><strong>sunt</strong></span> 
     </span>
    </p>
   </div>
   <div class='ocr_carea' id='block_1_45' title="bbox 2238 1494 3792 1566">
    <p class='ocr_par' dir='ltr' id='par_1_45' title="bbox 2238 1494 3792 1566">
     <span class='ocr_line' id='line_1_45' title="bbox 2238 1494 3792 1566; baseline -0.003 -17"><span class='ocrx_word' id='word_1_335' title='bbox 2238 1511 2457 1565; x_wconf 83' lang='lat' dir='ltr'><strong>regnare</strong></span> <span class='ocrx_word' id='word_1_336' title='bbox 2485 1496 2752 1566; x_wconf 72' lang='lat' dir='ltr'><strong>coepisset:</strong></span> <span class='ocrx_word' id='word_1_337' title='bbox 2780 1495 2976 1548; x_wconf 86' lang='lat' dir='ltr'><strong>duobus</strong></span> <span class='ocrx_word' id='word_1_338' title='bbox 3004 1503 3173 1549; x_wconf 89' lang='lat' dir='ltr'><strong>autem</strong></span> <span class='ocrx_word' id='word_1_339' title='bbox 3211 1495 3364 1548; x_wconf 80' lang='lat' dir='ltr'><strong>armis</strong></span> <span class='ocrx_word' id='word_1_340' title='bbox 3393 1494 3625 1564; x_wconf 69' lang='lat' dir='ltr'><strong>regnarit</strong></span> <span class='ocrx_word' id='word_1_341' title='bbox 3666 1510 3792 1561; x_wconf 85' lang='lat' dir='ltr'><strong>super</strong></span> 
     </span>
    </p>
   </div>
   <div class='ocr_carea' id='block_1_46' title="bbox 2240 1583 2429 1639">
    <p class='ocr_par' dir='ltr' id='par_1_46' title="bbox 2240 1583 2429 1639">
     <span class='ocr_line' id='line_1_46' title="bbox 2240 1583 2429 1639; baseline -0.005 -1"><span class='ocrx_word' id='word_1_342' title='bbox 2240 1583 2429 1639; x_wconf 83' lang='lat' dir='ltr'><strong>Israel.</strong></span> 
     </span>
    </p>
   </div>
   <div class='ocr_carea' id='block_1_47' title="bbox 2312 1674 3796 1745">
    <p class='ocr_par' dir='ltr' id='par_1_47' title="bbox 2312 1674 3796 1745">
     <span class='ocr_line' id='line_1_47' title="bbox 2312 1674 3796 1745; baseline 0 -16"><span class='ocrx_word' id='word_1_343' title='bbox 2312 1676 2363 1729; x_wconf 89' lang='grc'><strong>1.</strong></span> <span class='ocrx_word' id='word_1_344' title='bbox 2411 1674 2669 1745; x_wconf 87' lang='lat' dir='ltr'><strong>Superius</strong></span> <span class='ocrx_word' id='word_1_345' title='bbox 2688 1692 2808 1731; x_wconf 88' lang='lat' dir='ltr'><strong>cum</strong></span> <span class='ocrx_word' id='word_1_346' title='bbox 2839 1676 3119 1731; x_wconf 88' lang='lat' dir='ltr'><strong>ordinandi</strong></span> <span class='ocrx_word' id='word_1_347' title='bbox 3146 1676 3286 1743; x_wconf 88' lang='lat' dir='ltr'><strong>regis</strong></span> <span class='ocrx_word' id='word_1_348' title='bbox 3328 1674 3600 1743; x_wconf 77' lang='lat' dir='ltr'><strong>negotium</strong></span> <span class='ocrx_word' id='word_1_349' title='bbox 3624 1682 3796 1729; x_wconf 83' lang='lat' dir='ltr'><strong>tracta-</strong></span> 
     </span>
    </p>
   </div>
   <div class='ocr_carea' id='block_1_48' title="bbox 2170 1765 3795 1835">
    <p class='ocr_par' dir='ltr' id='par_1_48' title="bbox 2170 1765 3795 1835">
     <span class='ocr_line' id='line_1_48' title="bbox 2170 1765 3795 1835; baseline -0.001 -15"><span class='ocrx_word' id='word_1_350' title='bbox 2170 1769 2216 1830; x_wconf 79' lang='grc' dir='ltr'>Β</span> <span class='ocrx_word' id='word_1_351' title='bbox 2242 1773 2411 1832; x_wconf 87' lang='lat' dir='ltr'><strong>retur,</strong></span> <span class='ocrx_word' id='word_1_352' title='bbox 2453 1765 2521 1821; x_wconf 91' lang='lat' dir='ltr'><strong>de</strong></span> <span class='ocrx_word' id='word_1_353' title='bbox 2547 1780 2633 1830; x_wconf 89' lang='lat' dir='ltr'><strong>eo,</strong></span> <span class='ocrx_word' id='word_1_354' title='bbox 2683 1766 2775 1834; x_wconf 90' lang='lat' dir='ltr'><strong>qui</strong></span> <span class='ocrx_word' id='word_1_355' title='bbox 2827 1766 3007 1821; x_wconf 89' lang='lat' dir='ltr'><strong>divino</strong></span> <span class='ocrx_word' id='word_1_356' title='bbox 3044 1765 3246 1834; x_wconf 80' lang='lat' dir='ltr'><strong>judicio</strong></span> <span class='ocrx_word' id='word_1_357' title='bbox 3293 1765 3654 1835; x_wconf 66' lang='lat' dir='ltr'><strong>praeferendus</strong></span> <span class='ocrx_word' id='word_1_358' title='bbox 3696 1772 3795 1819; x_wconf 88' lang='lat' dir='ltr'><strong>erat</strong></span> 
     </span>
    </p>
   </div>
   <div class='ocr_carea' id='block_1_49' title="bbox 2240 1852 3793 1922">
    <p class='ocr_par' dir='ltr' id='par_1_49' title="bbox 2240 1852 3793 1922">
     <span class='ocr_line' id='line_1_49' title="bbox 2240 1852 3793 1922; baseline -0.003 -11"><span class='ocrx_word' id='word_1_359' title='bbox 2240 1856 2470 1921; x_wconf 68' lang='lat' dir='ltr'><strong>caeteris,</strong></span> <span class='ocrx_word' id='word_1_360' title='bbox 2501 1854 2701 1909; x_wconf 89' lang='lat' dir='ltr'><strong>dictum</strong></span> <span class='ocrx_word' id='word_1_361' title='bbox 2728 1864 2829 1922; x_wconf 88' lang='lat' dir='ltr'><strong>est,</strong></span> <span class='ocrx_word' id='word_1_362' title='bbox 2865 1852 2999 1920; x_wconf 83' lang='lat' dir='ltr'><strong>Quia</strong></span> <span class='ocrx_word' id='word_1_363' title='bbox 3024 1865 3137 1910; x_wconf 84' lang='lat' dir='ltr'><strong>erat</strong></span> <span class='ocrx_word' id='word_1_364' title='bbox 3161 1856 3367 1920; x_wconf 85' lang='lat' dir='ltr'><strong>electus,</strong></span> <span class='ocrx_word' id='word_1_365' title='bbox 3400 1863 3447 1909; x_wconf 88' lang='lat' dir='ltr'><strong>et</strong></span> <span class='ocrx_word' id='word_1_366' title='bbox 3479 1854 3653 1910; x_wconf 83' lang='lat' dir='ltr'><strong>bonus.</strong></span> <span class='ocrx_word' id='word_1_367' title='bbox 3682 1854 3793 1909; x_wconf 76' lang='lat' dir='ltr'><strong>ltem</strong></span> 
     </span>
    </p>
   </div>
   <div class='ocr_carea' id='block_1_50' title="bbox 2238 1943 3794 2015">
    <p class='ocr_par' dir='ltr' id='par_1_50' title="bbox 2238 1943 3794 2015">
     <span class='ocr_line' id='line_1_50' title="bbox 2238 1943 3794 2015; baseline -0.002 -14"><span class='ocrx_word' id='word_1_368' title='bbox 2238 1945 2307 2001; x_wconf 92' lang='lat' dir='ltr'><strong>de</strong></span> <span class='ocrx_word' id='word_1_369' title='bbox 2332 1960 2396 2001; x_wconf 91' lang='lat' dir='ltr'><strong>eo</strong></span> <span class='ocrx_word' id='word_1_370' title='bbox 2417 1944 2530 2014; x_wconf 90' lang='lat' dir='ltr'><strong>jam</strong></span> <span class='ocrx_word' id='word_1_371' title='bbox 2548 1945 2733 2001; x_wconf 14' lang='lat' dir='ltr'><strong>relecto</strong></span> <span class='ocrx_word' id='word_1_372' title='bbox 2762 1945 2817 1999; x_wconf 90' lang='lat' dir='ltr'><strong>in</strong></span> <span class='ocrx_word' id='word_1_373' title='bbox 2845 1960 3088 2015; x_wconf 81' lang='lat' dir='ltr'><strong>regnum,</strong></span> <span class='ocrx_word' id='word_1_374' title='bbox 3112 1954 3164 2000; x_wconf 92' lang='lat' dir='ltr'><strong>et</strong></span> <span class='ocrx_word' id='word_1_375' title='bbox 3190 1946 3242 2000; x_wconf 93' lang='lat' dir='ltr'><strong>in</strong></span> <span class='ocrx_word' id='word_1_376' title='bbox 3273 1945 3451 2001; x_wconf 87' lang='lat' dir='ltr'><strong>medio</strong></span> <span class='ocrx_word' id='word_1_377' title='bbox 3478 1943 3659 2013; x_wconf 87' lang='lat' dir='ltr'><strong>populi</strong></span> <span class='ocrx_word' id='word_1_378' title='bbox 3701 1952 3794 1998; x_wconf 88' lang='lat' dir='ltr'><strong>sta-</strong></span> 
     </span>
    </p>
   </div>
   <div class='ocr_carea' id='block_1_51' title="bbox 2240 2032 3792 2106">
    <p class='ocr_par' dir='ltr' id='par_1_51' title="bbox 2240 2032 3792 2106">
     <span class='ocr_line' id='line_1_51' title="bbox 2240 2032 3792 2106; baseline -0.003 -15"><span class='ocrx_word' id='word_1_379' title='bbox 2240 2044 2355 2091; x_wconf 89' lang='lat' dir='ltr'><strong>tuto</strong></span> <span class='ocrx_word' id='word_1_380' title='bbox 2384 2035 2599 2091; x_wconf 87' lang='lat' dir='ltr'><strong>Samuel</strong></span> <span class='ocrx_word' id='word_1_381' title='bbox 2627 2038 2703 2090; x_wconf 88' lang='lat' dir='ltr'><strong>ait</strong></span> <span class='ocrx_word' id='word_1_382' title='bbox 2728 2055 2740 2090; x_wconf 93' lang='lat'><strong>:</strong></span> <span class='ocrx_word' id='word_1_383' title='bbox 2772 2036 2919 2091; x_wconf 86' lang='lat' dir='ltr'><strong>Certe</strong></span> <span class='ocrx_word' id='word_1_384' title='bbox 2945 2037 3145 2101; x_wconf 83' lang='lat' dir='ltr'><strong>videtis,</strong></span> <span class='ocrx_word' id='word_1_385' title='bbox 3186 2052 3332 2105; x_wconf 84' lang='lat' dir='ltr'><strong>quem</strong></span> <span class='ocrx_word' id='word_1_386' title='bbox 3360 2036 3514 2106; x_wconf 84' lang='lat' dir='ltr'><strong>elegit</strong></span> <span class='ocrx_word' id='word_1_387' title='bbox 3545 2032 3792 2098; x_wconf 86' lang='lat' dir='ltr'><strong>Dominus,</strong></span> 
     </span>
    </p>
   </div>
   <div class='ocr_carea' id='block_1_52' title="bbox 2236 2121 3794 2198">
    <p class='ocr_par' dir='ltr' id='par_1_52' title="bbox 2236 2121 3794 2198">
     <span class='ocr_line' id='line_1_52' title="bbox 2236 2121 3794 2198; baseline -0.004 -18"><span class='ocrx_word' id='word_1_388' title='bbox 2236 2128 2480 2198; x_wconf 84' lang='lat' dir='ltr'><strong>quoniam</strong></span> <span class='ocrx_word' id='word_1_389' title='bbox 2510 2142 2613 2181; x_wconf 87' lang='lat' dir='ltr'><strong>non</strong></span> <span class='ocrx_word' id='word_1_390' title='bbox 2642 2136 2718 2179; x_wconf 85' lang='lat' dir='ltr'><strong>est</strong></span> <span class='ocrx_word' id='word_1_391' title='bbox 2742 2127 2789 2180; x_wconf 88' lang='lat' dir='ltr'><strong>ei</strong></span> <span class='ocrx_word' id='word_1_392' title='bbox 2816 2126 2999 2179; x_wconf 76' lang='lat' dir='ltr'><strong>similis</strong></span> <span class='ocrx_word' id='word_1_393' title='bbox 3027 2127 3083 2178; x_wconf 88' lang='lat' dir='ltr'><strong>in</strong></span> <span class='ocrx_word' id='word_1_394' title='bbox 3112 2126 3252 2179; x_wconf 89' lang='lat' dir='ltr'><strong>omni</strong></span> <span class='ocrx_word' id='word_1_395' title='bbox 3278 2126 3467 2194; x_wconf 57' lang='lat' dir='ltr'><strong>papula</strong></span> <span class='ocrx_word' id='word_1_396' title='bbox 3501 2122 3555 2193; x_wconf 78' lang='grc' dir='ltr'><strong>(Ι</strong></span> <span class='ocrx_word' id='word_1_397' title='bbox 3586 2121 3704 2192; x_wconf 85' lang='lat' dir='ltr'><strong>Reg.</strong></span> <span class='ocrx_word' id='word_1_398' title='bbox 3730 2138 3794 2188; x_wconf 71' lang='grc' dir='ltr'><strong>ιι,</strong></span> 
     </span>
    </p>
   </div>
   <div class='ocr_carea' id='block_1_53' title="bbox 2235 2216 3794 2289">
    <p class='ocr_par' dir='ltr' id='par_1_53' title="bbox 2235 2216 3794 2289">
     <span class='ocr_line' id='line_1_53' title="bbox 2235 2216 3794 2289; baseline 0 -18"><span class='ocrx_word' id='word_1_399' title='bbox 2235 2217 2347 2288; x_wconf 70' lang='lat'><strong>24).</strong></span> <span class='ocrx_word' id='word_1_400' title='bbox 2381 2218 2457 2273; x_wconf 89' lang='lat' dir='ltr'><strong>De</strong></span> <span class='ocrx_word' id='word_1_401' title='bbox 2486 2218 2679 2273; x_wconf 89' lang='lat' dir='ltr'><strong>eodem</strong></span> <span class='ocrx_word' id='word_1_402' title='bbox 2708 2218 2835 2272; x_wconf 92' lang='lat' dir='ltr'><strong>item</strong></span> <span class='ocrx_word' id='word_1_403' title='bbox 2872 2232 3000 2289; x_wconf 90' lang='lat' dir='ltr'><strong>rege</strong></span> <span class='ocrx_word' id='word_1_404' title='bbox 3022 2234 3165 2272; x_wconf 86' lang='lat' dir='ltr'><strong>nunc</strong></span> <span class='ocrx_word' id='word_1_405' title='bbox 3189 2218 3385 2273; x_wconf 88' lang='lat' dir='ltr'><strong>dicitur</strong></span> <span class='ocrx_word' id='word_1_406' title='bbox 3418 2235 3433 2270; x_wconf 90' lang='lat'>:</span> <span class='ocrx_word' id='word_1_407' title='bbox 3467 2216 3638 2271; x_wconf 73' lang='lat' dir='ltr'><strong>Filius</strong></span> <span class='ocrx_word' id='word_1_408' title='bbox 3666 2217 3794 2271; x_wconf 82' lang='lat' dir='ltr'><strong>unius</strong></span> 
     </span>
    </p>
   </div>
   <div class='ocr_carea' id='block_1_54' title="bbox 2237 2306 3794 2374">
    <p class='ocr_par' dir='ltr' id='par_1_54' title="bbox 2237 2306 3794 2374">
     <span class='ocr_line' id='line_1_54' title="bbox 2237 2306 3794 2374; baseline -0.001 -12"><span class='ocrx_word' id='word_1_409' title='bbox 2237 2311 2363 2363; x_wconf 88' lang='lat' dir='ltr'><strong>anni</strong></span> <span class='ocrx_word' id='word_1_410' title='bbox 2388 2317 2499 2363; x_wconf 87' lang='lat' dir='ltr'><strong>erat</strong></span> <span class='ocrx_word' id='word_1_411' title='bbox 2522 2308 2685 2373; x_wconf 87' lang='lat' dir='ltr'><strong>Saul;</strong></span> <span class='ocrx_word' id='word_1_412' title='bbox 2741 2317 2799 2363; x_wconf 90' lang='lat' dir='ltr'><strong>ut</strong></span> <span class='ocrx_word' id='word_1_413' title='bbox 2825 2309 2951 2363; x_wconf 92' lang='lat' dir='ltr'><strong>dum</strong></span> <span class='ocrx_word' id='word_1_414' title='bbox 2981 2316 3187 2364; x_wconf 90' lang='lat' dir='ltr'><strong>attente</strong></span> <span class='ocrx_word' id='word_1_415' title='bbox 3230 2308 3505 2374; x_wconf 87' lang='lat' dir='ltr'><strong>laudatur,</strong></span> <span class='ocrx_word' id='word_1_416' title='bbox 3537 2322 3569 2360; x_wconf 83' lang='lat' dir='ltr'><strong>a</strong></span> <span class='ocrx_word' id='word_1_417' title='bbox 3597 2306 3794 2361; x_wconf 87' lang='lat' dir='ltr'><strong>Domino</strong></span> 
     </span>
    </p>
   </div>
   <div class='ocr_carea' id='block_1_55' title="bbox 2237 2398 3793 2469">
    <p class='ocr_par' dir='ltr' id='par_1_55' title="bbox 2237 2398 3793 2469">
     <span class='ocr_line' id='line_1_55' title="bbox 2237 2398 3793 2469; baseline -0.001 -15"><span class='ocrx_word' id='word_1_418' title='bbox 2237 2400 2411 2456; x_wconf 91' lang='lat' dir='ltr'><strong>bonus</strong></span> <span class='ocrx_word' id='word_1_419' title='bbox 2439 2399 2643 2456; x_wconf 89' lang='lat' dir='ltr'><strong>electus</strong></span> <span class='ocrx_word' id='word_1_420' title='bbox 2671 2398 2837 2455; x_wconf 89' lang='lat' dir='ltr'><strong>fuisse</strong></span> <span class='ocrx_word' id='word_1_421' title='bbox 2854 2402 3148 2456; x_wconf 85' lang='lat' dir='ltr'><strong>&#39;sentiatur.</strong></span> <span class='ocrx_word' id='word_1_422' title='bbox 3197 2399 3307 2455; x_wconf 88' lang='lat' dir='ltr'><strong>Cur</strong></span> <span class='ocrx_word' id='word_1_423' title='bbox 3333 2413 3465 2469; x_wconf 86' lang='lat' dir='ltr'><strong>ergo</strong></span> <span class='ocrx_word' id='word_1_424' title='bbox 3494 2401 3652 2454; x_wconf 89' lang='lat' dir='ltr'><strong>unius</strong></span> <span class='ocrx_word' id='word_1_425' title='bbox 3688 2399 3793 2453; x_wconf 84' lang='lat' dir='ltr'><strong>anni</strong></span> 
     </span>
    </p>
   </div>
   <div class='ocr_carea' id='block_1_56' title="bbox 2237 2488 3794 2559">
    <p class='ocr_par' dir='ltr' id='par_1_56' title="bbox 2237 2488 3794 2559">
     <span class='ocr_line' id='line_1_56' title="bbox 2237 2488 3794 2559; baseline -0.002 -15"><span class='ocrx_word' id='word_1_426' title='bbox 2237 2504 2355 2544; x_wconf 58' lang='grc' dir='ltr'><strong>θδξθ</strong></span> <span class='ocrx_word' id='word_1_427' title='bbox 2375 2489 2590 2555; x_wconf 91' lang='lat' dir='ltr'><strong>dicitur,</strong></span> <span class='ocrx_word' id='word_1_428' title='bbox 2647 2504 2770 2544; x_wconf 89' lang='lat' dir='ltr'><strong>cum</strong></span> <span class='ocrx_word' id='word_1_429' title='bbox 2800 2502 3024 2557; x_wconf 87' lang='lat' dir='ltr'><strong>regnare</strong></span> <span class='ocrx_word' id='word_1_430' title='bbox 3054 2489 3323 2559; x_wconf 69' lang='lat' dir='ltr'><strong>coepisset,</strong></span> <span class='ocrx_word' id='word_1_431' title='bbox 3373 2489 3475 2543; x_wconf 89' lang='lat' dir='ltr'><strong>nisi</strong></span> <span class='ocrx_word' id='word_1_432' title='bbox 3510 2498 3569 2543; x_wconf 89' lang='lat' dir='ltr'><strong>ut</strong></span> <span class='ocrx_word' id='word_1_433' title='bbox 3597 2488 3701 2556; x_wconf 87' lang='lat' dir='ltr'><strong>ejus</strong></span> <span class='ocrx_word' id='word_1_434' title='bbox 3726 2488 3794 2541; x_wconf 87' lang='lat' dir='ltr'><strong>in-</strong></span> 
     </span>
    </p>
   </div>
   <div class='ocr_carea' id='block_1_57' title="bbox 2237 2581 3792 2651">
    <p class='ocr_par' dir='ltr' id='par_1_57' title="bbox 2237 2581 3792 2651">
     <span class='ocr_line' id='line_1_57' title="bbox 2237 2581 3792 2651; baseline -0.001 -15"><span class='ocrx_word' id='word_1_435' title='bbox 2237 2582 2485 2641; x_wconf 87' lang='lat' dir='ltr'><strong>nocentia</strong></span> <span class='ocrx_word' id='word_1_436' title='bbox 2540 2581 2902 2651; x_wconf 69' lang='lat' dir='ltr'><strong>przedicetur?</strong></span> <span class='ocrx_word' id='word_1_437' title='bbox 2941 2581 3073 2636; x_wconf 87' lang='lat' dir='ltr'><strong>Nam</strong></span> <span class='ocrx_word' id='word_1_438' title='bbox 3130 2582 3196 2637; x_wconf 92' lang='lat' dir='ltr'><strong>ad</strong></span> <span class='ocrx_word' id='word_1_439' title='bbox 3221 2582 3478 2647; x_wconf 88' lang='lat' dir='ltr'><strong>litteram,</strong></span> <span class='ocrx_word' id='word_1_440' title='bbox 3512 2581 3663 2636; x_wconf 86' lang='lat' dir='ltr'><strong>unius</strong></span> <span class='ocrx_word' id='word_1_441' title='bbox 3689 2582 3792 2637; x_wconf 88' lang='lat' dir='ltr'><strong>anni</strong></span> 
     </span>
    </p>
   </div>
   <div class='ocr_carea' id='block_1_58' title="bbox 2237 2673 3791 2744">
    <p class='ocr_par' dir='ltr' id='par_1_58' title="bbox 2237 2673 3791 2744">
     <span class='ocr_line' id='line_1_58' title="bbox 2237 2673 3791 2744; baseline 0 -17"><span class='ocrx_word' id='word_1_442' title='bbox 2237 2673 2506 2743; x_wconf 87' lang='lat' dir='ltr'><strong>quomodo</strong></span> <span class='ocrx_word' id='word_1_443' title='bbox 2529 2689 2648 2728; x_wconf 85' lang='lat' dir='ltr'><strong>esse</strong></span> <span class='ocrx_word' id='word_1_444' title='bbox 2688 2674 2827 2728; x_wconf 76' lang='lat' dir='ltr'><strong>(ilius</strong></span> <span class='ocrx_word' id='word_1_445' title='bbox 2878 2674 3073 2744; x_wconf 86' lang='lat' dir='ltr'><strong>potui&#39;,</strong></span> <span class='ocrx_word' id='word_1_446' title='bbox 3105 2676 3196 2744; x_wconf 88' lang='lat' dir='ltr'><strong>qui</strong></span> <span class='ocrx_word' id='word_1_447' title='bbox 3223 2675 3473 2729; x_wconf 77' lang='lat' dir='ltr'><strong>universo</strong></span> <span class='ocrx_word' id='word_1_448' title='bbox 3502 2675 3696 2743; x_wconf 52' lang='lat' dir='ltr'><strong>populo</strong></span> <span class='ocrx_word' id='word_1_449' title='bbox 3736 2673 3791 2727; x_wconf 88' lang='lat' dir='ltr'><strong>ab</strong></span> 
     </span>
    </p>
   </div>
   <div class='ocr_carea' id='block_1_59' title="bbox 2237 2761 3792 2831">
    <p class='ocr_par' dir='ltr' id='par_1_59' title="bbox 2237 2761 3792 2831">
     <span class='ocr_line' id='line_1_59' title="bbox 2237 2761 3792 2831; baseline -0.001 -14"><span class='ocrx_word' id='word_1_450' title='bbox 2237 2764 2461 2819; x_wconf 88' lang='lat' dir='ltr'><strong>humero</strong></span> <span class='ocrx_word' id='word_1_451' title='bbox 2492 2771 2547 2818; x_wconf 88' lang='lat' dir='ltr'><strong>et</strong></span> <span class='ocrx_word' id='word_1_452' title='bbox 2591 2779 2803 2818; x_wconf 79' lang='lat' dir='ltr'><strong>sursum</strong></span> <span class='ocrx_word' id='word_1_453' title='bbox 2834 2764 3140 2818; x_wconf 82' lang='lat' dir='ltr'><strong>eminebat?</strong></span> <span class='ocrx_word' id='word_1_454' title='bbox 3182 2763 3337 2830; x_wconf 87' lang='lat' dir='ltr'><strong>Quod</strong></span> <span class='ocrx_word' id='word_1_455' title='bbox 3358 2777 3489 2831; x_wconf 82' lang='lat' dir='ltr'><strong>ergo</strong></span> <span class='ocrx_word' id='word_1_456' title='bbox 3525 2761 3792 2818; x_wconf 85' lang='lat' dir='ltr'><strong>secundum</strong></span> 
     </span>
    </p>
   </div>
   <div class='ocr_carea' id='block_1_60' title="bbox 2238 2851 3793 2922">
    <p class='ocr_par' dir='ltr' id='par_1_60' title="bbox 2238 2851 3793 2922">
     <span class='ocr_line' id='line_1_60' title="bbox 2238 2851 3793 2922; baseline 0.001 -18"><span class='ocrx_word' id='word_1_457' title='bbox 2238 2851 2470 2905; x_wconf 85' lang='lat' dir='ltr'><strong>litteram</strong></span> <span class='ocrx_word' id='word_1_458' title='bbox 2525 2852 2748 2920; x_wconf 81' lang='lat' dir='ltr'><strong>intelligi</strong></span> <span class='ocrx_word' id='word_1_459' title='bbox 2778 2866 2885 2907; x_wconf 90' lang='lat' dir='ltr'><strong>non</strong></span> <span class='ocrx_word' id='word_1_460' title='bbox 2914 2857 3113 2921; x_wconf 89' lang='lat' dir='ltr'><strong>potest,</strong></span> <span class='ocrx_word' id='word_1_461' title='bbox 3166 2852 3391 2922; x_wconf 79' lang='lat' dir='ltr'><strong>intelligi</strong></span> <span class='ocrx_word' id='word_1_462' title='bbox 3443 2868 3549 2922; x_wconf 89' lang='lat' dir='ltr'><strong>per</strong></span> <span class='ocrx_word' id='word_1_463' title='bbox 3596 2852 3793 2906; x_wconf 81' lang='lat' dir='ltr'><strong>interna:</strong></span> 
     </span>
    </p>
   </div>
   <div class='ocr_carea' id='block_1_61' title="bbox 2238 2942 3791 3014">
    <p class='ocr_par' dir='ltr' id='par_1_61' title="bbox 2238 2942 3791 3014">
     <span class='ocr_line' id='line_1_61' title="bbox 2238 2942 3791 3014; baseline 0.002 -18"><span class='ocrx_word' id='word_1_464' title='bbox 2238 2942 2605 3012; x_wconf 73' lang='lat' dir='ltr'><strong>intelligentia:</strong></span> <span class='ocrx_word' id='word_1_465' title='bbox 2628 2945 2894 2998; x_wconf 90' lang='lat' dir='ltr'><strong>rationem</strong></span> <span class='ocrx_word' id='word_1_466' title='bbox 2918 2943 3096 2999; x_wconf 86' lang='lat' dir='ltr'><strong>debet.</strong></span> <span class='ocrx_word' id='word_1_467' title='bbox 3154 2943 3319 3000; x_wconf 89' lang='lat' dir='ltr'><strong>Unius</strong></span> <span class='ocrx_word' id='word_1_468' title='bbox 3362 2947 3547 3014; x_wconf 90' lang='lat' dir='ltr'><strong>itaque</strong></span> <span class='ocrx_word' id='word_1_469' title='bbox 3569 2945 3686 2999; x_wconf 89' lang='lat' dir='ltr'><strong>anni</strong></span> <span class='ocrx_word' id='word_1_470' title='bbox 3712 2959 3791 2999; x_wconf 79' lang='lat' dir='ltr'><strong>rex</strong></span> 
     </span>
    </p>
   </div>
   <div class='ocr_carea' id='block_1_62' title="bbox 2237 3034 3791 3107">
    <p class='ocr_par' dir='ltr' id='par_1_62' title="bbox 2237 3034 3791 3107">
     <span class='ocr_line' id='line_1_62' title="bbox 2237 3034 3791 3107; baseline 0.001 -19"><span class='ocrx_word' id='word_1_471' title='bbox 2237 3049 2357 3088; x_wconf 90' lang='lat' dir='ltr'><strong>esse</strong></span> <span class='ocrx_word' id='word_1_472' title='bbox 2383 3034 2720 3100; x_wconf 85' lang='lat' dir='ltr'><strong>describitur,</strong></span> <span class='ocrx_word' id='word_1_473' title='bbox 2754 3043 2810 3089; x_wconf 90' lang='lat' dir='ltr'><strong>ut</strong></span> <span class='ocrx_word' id='word_1_474' title='bbox 2838 3035 3035 3090; x_wconf 93' lang='lat' dir='ltr'><strong>donum</strong></span> <span class='ocrx_word' id='word_1_475' title='bbox 3059 3036 3301 3105; x_wconf 79' lang='lat' dir='ltr'><strong>pueritia:</strong></span> <span class='ocrx_word' id='word_1_476' title='bbox 3329 3036 3383 3091; x_wconf 91' lang='lat' dir='ltr'><strong>in</strong></span> <span class='ocrx_word' id='word_1_477' title='bbox 3416 3053 3647 3107; x_wconf 77' lang='lat' dir='ltr'><strong>persona</strong></span> <span class='ocrx_word' id='word_1_478' title='bbox 3674 3036 3791 3103; x_wconf 87' lang='lat' dir='ltr'><strong>regis</strong></span> 
     </span>
    </p>
   </div>
   <div class='ocr_carea' id='block_1_63' title="bbox 556 3124 3792 3200">
    <p class='ocr_par' dir='ltr' id='par_1_63' title="bbox 556 3124 3792 3200">
     <span class='ocr_line' id='line_1_63' title="bbox 556 3124 3792 3200; baseline -0.003 -10"><span class='ocrx_word' id='word_1_479' title='bbox 556 3138 722 3191; x_wconf 89' lang='lat' dir='ltr'><strong>ducit.</strong></span> <span class='ocrx_word' id='word_1_480' title='bbox 785 3134 939 3189; x_wconf 84' lang='lat' dir='ltr'><strong>Velut</strong></span> <span class='ocrx_word' id='word_1_481' title='bbox 991 3132 1132 3186; x_wconf 88' lang='lat' dir='ltr'><strong>enim</strong></span> <span class='ocrx_word' id='word_1_482' title='bbox 1178 3131 1347 3184; x_wconf 90' lang='lat' dir='ltr'><strong>altera</strong></span> <span class='ocrx_word' id='word_1_483' title='bbox 1380 3130 1460 3182; x_wconf 91' lang='lat' dir='ltr'><strong>via</strong></span> <span class='ocrx_word' id='word_1_484' title='bbox 1510 3137 1665 3184; x_wconf 74' lang='lat' dir='ltr'><strong>terrae</strong></span> <span class='ocrx_word' id='word_1_485' title='bbox 1702 3130 2134 3200; x_wconf 85' lang='lat' dir='ltr'><strong>repromissionis</strong></span> <span class='ocrx_word' id='word_1_486' title='bbox 2161 3129 2207 3193; x_wconf 71' lang='grc' dir='ltr'><strong>Ο</strong></span> <span class='ocrx_word' id='word_1_487' title='bbox 2238 3124 2558 3179; x_wconf 83' lang='lat' dir='ltr'><strong>innocentiae</strong></span> <span class='ocrx_word' id='word_1_488' title='bbox 2589 3125 2787 3180; x_wconf 92' lang='lat' dir='ltr'><strong>bonum</strong></span> <span class='ocrx_word' id='word_1_489' title='bbox 2810 3126 3002 3194; x_wconf 79' lang='lat' dir='ltr'><strong>signet.</strong></span> <span class='ocrx_word' id='word_1_490' title='bbox 3035 3124 3185 3180; x_wconf 90' lang='lat' dir='ltr'><strong>Unde</strong></span> <span class='ocrx_word' id='word_1_491' title='bbox 3209 3137 3264 3181; x_wconf 89' lang='lat' dir='ltr'><strong>et</strong></span> <span class='ocrx_word' id='word_1_492' title='bbox 3292 3129 3480 3183; x_wconf 71' lang='lat' dir='ltr'><strong>mterni</strong></span> <span class='ocrx_word' id='word_1_493' title='bbox 3514 3128 3663 3197; x_wconf 84' lang='lat' dir='ltr'><strong>regni</strong></span> <span class='ocrx_word' id='word_1_494' title='bbox 3690 3128 3792 3181; x_wconf 79' lang='lat' dir='ltr'><strong>liliis</strong></span> 
     </span>
    </p>
   </div>
   <div class='ocr_carea' id='block_1_64' title="bbox 554 3221 2133 3291">
    <p class='ocr_par' dir='ltr' id='par_1_64' title="bbox 554 3221 2133 3291">
     <span class='ocr_line' id='line_1_64' title="bbox 554 3221 2133 3291; baseline -0.003 -11"><span class='ocrx_word' id='word_1_495' title='bbox 554 3226 850 3283; x_wconf 87' lang='lat' dir='ltr'><strong>ostenditur</strong></span> <span class='ocrx_word' id='word_1_496' title='bbox 878 3225 1041 3289; x_wconf 89' lang='lat' dir='ltr'><strong>bona,</strong></span> <span class='ocrx_word' id='word_1_497' title='bbox 1083 3239 1200 3291; x_wconf 79' lang='lat' dir='ltr'><strong>quc</strong></span> <span class='ocrx_word' id='word_1_498' title='bbox 1246 3221 1541 3290; x_wconf 73' lang='lat' dir='ltr'><strong>perducat;</strong></span> <span class='ocrx_word' id='word_1_499' title='bbox 1590 3230 1759 3287; x_wconf 89' lang='lat' dir='ltr'><strong>recta,</strong></span> <span class='ocrx_word' id='word_1_500' title='bbox 1808 3237 1927 3290; x_wconf 78' lang='lat' dir='ltr'><strong>que</strong></span> <span class='ocrx_word' id='word_1_501' title='bbox 1954 3222 2133 3276; x_wconf 66' lang='lat' dir='ltr'><strong>dixer-</strong></span> 
     </span>
    </p>
   </div>
   <div class='ocr_carea' id='block_1_65' title="bbox 558 3310 2131 3382">
    <p class='ocr_par' dir='ltr' id='par_1_65' title="bbox 558 3310 2131 3382">
     <span class='ocr_line' id='line_1_65' title="bbox 558 3310 2131 3382; baseline 0.001 -13"><span class='ocrx_word' id='word_1_502' title='bbox 558 3317 774 3371; x_wconf 89' lang='lat' dir='ltr'><strong>ticulum</strong></span> <span class='ocrx_word' id='word_1_503' title='bbox 797 3320 999 3368; x_wconf 84' lang='lat' dir='ltr'><strong>caveat.</strong></span> <span class='ocrx_word' id='word_1_504' title='bbox 1059 3310 1160 3364; x_wconf 86' lang='lat' dir='ltr'><strong>Per</strong></span> <span class='ocrx_word' id='word_1_505' title='bbox 1182 3310 1319 3365; x_wconf 90' lang='lat' dir='ltr'><strong>bane</strong></span> <span class='ocrx_word' id='word_1_506' title='bbox 1363 3311 1560 3381; x_wconf 87' lang='lat' dir='ltr'><strong>quippe</strong></span> <span class='ocrx_word' id='word_1_507' title='bbox 1588 3313 1951 3382; x_wconf 85' lang='lat' dir='ltr'><strong>unusquisque</strong></span> <span class='ocrx_word' id='word_1_508' title='bbox 1983 3321 2131 3370; x_wconf 90' lang='lat' dir='ltr'><strong>tanto</strong></span> 
     </span>
    </p>
   </div>
   <div class='ocr_carea' id='block_1_66' title="bbox 559 3400 2128 3474">
    <p class='ocr_par' dir='ltr' id='par_1_66' title="bbox 559 3400 2128 3474">
     <span class='ocr_line' id='line_1_66' title="bbox 559 3400 2128 3474; baseline -0.001 -15"><span class='ocrx_word' id='word_1_509' title='bbox 559 3407 749 3459; x_wconf 72' lang='lat' dir='ltr'><strong>melius</strong></span> <span class='ocrx_word' id='word_1_510' title='bbox 778 3404 846 3457; x_wconf 90' lang='lat' dir='ltr'><strong>ad</strong></span> <span class='ocrx_word' id='word_1_511' title='bbox 873 3403 1081 3457; x_wconf 89' lang='lat' dir='ltr'><strong>culmen</strong></span> <span class='ocrx_word' id='word_1_512' title='bbox 1103 3400 1356 3454; x_wconf 67' lang='lat' dir='ltr'><strong>vinutum</strong></span> <span class='ocrx_word' id='word_1_513' title='bbox 1385 3401 1645 3470; x_wconf 89' lang='lat' dir='ltr'><strong>pervenit,</strong></span> <span class='ocrx_word' id='word_1_514' title='bbox 1673 3411 1876 3470; x_wconf 92' lang='lat' dir='ltr'><strong>quanto</strong></span> <span class='ocrx_word' id='word_1_515' title='bbox 1902 3419 1999 3474; x_wconf 88' lang='lat' dir='ltr'><strong>per</strong></span> <span class='ocrx_word' id='word_1_516' title='bbox 2030 3421 2128 3458; x_wconf 57' lang='lat' dir='ltr'><strong>ne-</strong></span> 
     </span>
    </p>
   </div>
   <div class='ocr_carea' id='block_1_67' title="bbox 558 3486 2125 3565">
    <p class='ocr_par' dir='ltr' id='par_1_67' title="bbox 558 3486 2125 3565">
     <span class='ocr_line' id='line_1_67' title="bbox 558 3486 2125 3565; baseline 0.001 -18"><span class='ocrx_word' id='word_1_517' title='bbox 558 3494 930 3563; x_wconf 72' lang='lat' dir='ltr'><strong>gligentiarum</strong></span> <span class='ocrx_word' id='word_1_518' title='bbox 959 3492 1211 3547; x_wconf 82' lang='lat' dir='ltr'><strong>circuitus</strong></span> <span class='ocrx_word' id='word_1_519' title='bbox 1241 3507 1347 3547; x_wconf 88' lang='lat' dir='ltr'><strong>non</strong></span> <span class='ocrx_word' id='word_1_520' title='bbox 1374 3491 1607 3546; x_wconf 89' lang='lat' dir='ltr'><strong>divertit.</strong></span> <span class='ocrx_word' id='word_1_521' title='bbox 1655 3491 1779 3548; x_wconf 65' lang='lat' dir='ltr'><strong>Hinc</strong></span> <span class='ocrx_word' id='word_1_522' title='bbox 1808 3495 2018 3565; x_wconf 89' lang='lat' dir='ltr'><strong>quidem</strong></span> <span class='ocrx_word' id='word_1_523' title='bbox 2046 3486 2125 3549; x_wconf 76' lang='lat' dir='ltr'><strong>via</strong></span> 
     </span>
    </p>
   </div>
   <div class='ocr_carea' id='block_1_68' title="bbox 560 3581 2129 3653">
    <p class='ocr_par' dir='ltr' id='par_1_68' title="bbox 560 3581 2129 3653">
     <span class='ocr_line' id='line_1_68' title="bbox 560 3581 2129 3653; baseline 0.004 -17"><span class='ocrx_word' id='word_1_524' title='bbox 560 3592 702 3638; x_wconf 88' lang='lat' dir='ltr'><strong>recta</strong></span> <span class='ocrx_word' id='word_1_525' title='bbox 756 3583 808 3635; x_wconf 92' lang='lat' dir='ltr'><strong>in</strong></span> <span class='ocrx_word' id='word_1_526' title='bbox 841 3582 926 3635; x_wconf 89' lang='lat' dir='ltr'><strong>illa</strong></span> <span class='ocrx_word' id='word_1_527' title='bbox 975 3581 1310 3651; x_wconf 67' lang='lat' dir='ltr'><strong>exprimitur,</strong></span> <span class='ocrx_word' id='word_1_528' title='bbox 1358 3598 1454 3653; x_wconf 89' lang='lat' dir='ltr'><strong>per</strong></span> <span class='ocrx_word' id='word_1_529' title='bbox 1507 3596 1666 3651; x_wconf 91' lang='lat' dir='ltr'><strong>quam</strong></span> <span class='ocrx_word' id='word_1_530' title='bbox 1712 3584 1965 3640; x_wconf 90' lang='lat' dir='ltr'><strong>Dominus</strong></span> <span class='ocrx_word' id='word_1_531' title='bbox 1994 3585 2129 3642; x_wconf 89' lang='lat' dir='ltr'><strong>filios</strong></span> 
     </span>
    </p>
   </div>
   <div class='ocr_carea' id='block_1_69' title="bbox 556 3665 2126 3745">
    <p class='ocr_par' dir='ltr' id='par_1_69' title="bbox 556 3665 2126 3745">
     <span class='ocr_line' id='line_1_69' title="bbox 556 3665 2126 3745; baseline 0.003 -21"><span class='ocrx_word' id='word_1_532' title='bbox 556 3672 715 3726; x_wconf 84' lang='lat' dir='ltr'><strong>Israel</strong></span> <span class='ocrx_word' id='word_1_533' title='bbox 739 3672 934 3726; x_wconf 79' lang='lat' dir='ltr'><strong>ducere</strong></span> <span class='ocrx_word' id='word_1_534' title='bbox 957 3670 1024 3725; x_wconf 89' lang='lat' dir='ltr'><strong>ad</strong></span> <span class='ocrx_word' id='word_1_535' title='bbox 1054 3680 1248 3725; x_wconf 87' lang='lat' dir='ltr'><strong>terram</strong></span> <span class='ocrx_word' id='word_1_536' title='bbox 1297 3671 1664 3739; x_wconf 63' lang='lat' dir='ltr'><strong>promissionis</strong></span> <span class='ocrx_word' id='word_1_537' title='bbox 1685 3674 1916 3729; x_wconf 91' lang='lat' dir='ltr'><strong>voluisse</strong></span> <span class='ocrx_word' id='word_1_538' title='bbox 1943 3665 2126 3745; x_wconf 62' lang='lat' dir='ltr'><strong>perhi-</strong></span> 
     </span>
    </p>
   </div>
   <div class='ocr_carea' id='block_1_70' title="bbox 556 3758 2124 3831">
    <p class='ocr_par' dir='ltr' id='par_1_70' title="bbox 556 3758 2124 3831">
     <span class='ocr_line' id='line_1_70' title="bbox 556 3758 2124 3831; baseline 0.003 -16"><span class='ocrx_word' id='word_1_539' title='bbox 556 3763 730 3815; x_wconf 90' lang='lat' dir='ltr'><strong>bctur.</strong></span> <span class='ocrx_word' id='word_1_540' title='bbox 764 3758 943 3814; x_wconf 83' lang='lat' dir='ltr'><strong>Voluit</strong></span> <span class='ocrx_word' id='word_1_541' title='bbox 964 3759 1160 3830; x_wconf 87' lang='lat' dir='ltr'><strong>quippe</strong></span> <span class='ocrx_word' id='word_1_542' title='bbox 1186 3759 1288 3813; x_wconf 88' lang='lat' dir='ltr'><strong>illis</strong></span> <span class='ocrx_word' id='word_1_543' title='bbox 1306 3758 1520 3814; x_wconf 88' lang='lat' dir='ltr'><strong>labores</strong></span> <span class='ocrx_word' id='word_1_544' title='bbox 1541 3761 1737 3817; x_wconf 62' lang='lat' dir='ltr'><strong>deserti</strong></span> <span class='ocrx_word' id='word_1_545' title='bbox 1770 3764 2124 3831; x_wconf 83' lang='lat' dir='ltr'><strong>committere,</strong></span> 
     </span>
    </p>
   </div>
   <div class='ocr_carea' id='block_1_71' title="bbox 557 3852 2128 3929">
    <p class='ocr_par' dir='ltr' id='par_1_71' title="bbox 557 3852 2128 3929">
     <span class='ocr_line' id='line_1_71' title="bbox 557 3852 2128 3929; baseline 0.004 -23"><span class='ocrx_word' id='word_1_546' title='bbox 557 3863 614 3907; x_wconf 89' lang='lat' dir='ltr'><strong>ut</strong></span> <span class='ocrx_word' id='word_1_547' title='bbox 634 3853 786 3907; x_wconf 88' lang='lat' dir='ltr'><strong>nobis</strong></span> <span class='ocrx_word' id='word_1_548' title='bbox 808 3860 928 3921; x_wconf 91' lang='lat' dir='ltr'><strong>post</strong></span> <span class='ocrx_word' id='word_1_549' title='bbox 957 3852 1211 3922; x_wconf 84' lang='lat' dir='ltr'><strong>unigeniti</strong></span> <span class='ocrx_word' id='word_1_550' title='bbox 1253 3853 1333 3906; x_wconf 93' lang='lat' dir='ltr'><strong>sui</strong></span> <span class='ocrx_word' id='word_1_551' title='bbox 1366 3854 1582 3929; x_wconf 86' lang='lat' dir='ltr'><strong>vestigia</strong></span> <span class='ocrx_word' id='word_1_552' title='bbox 1617 3855 1978 3922; x_wconf 78' lang='lat' dir='ltr'><strong>gradientibus</strong></span> <span class='ocrx_word' id='word_1_553' title='bbox 2006 3874 2128 3912; x_wconf 87' lang='lat' dir='ltr'><strong>cur-</strong></span> 
     </span>
    </p>
   </div>
   <div class='ocr_carea' id='block_1_72' title="bbox 555 3942 2127 4011">
    <p class='ocr_par' dir='ltr' id='par_1_72' title="bbox 555 3942 2127 4011">
     <span class='ocr_line' id='line_1_72' title="bbox 555 3942 2127 4011; baseline 0.003 -13"><span class='ocrx_word' id='word_1_554' title='bbox 555 3960 671 3998; x_wconf 90' lang='lat' dir='ltr'><strong>sum</strong></span> <span class='ocrx_word' id='word_1_555' title='bbox 702 3944 830 3996; x_wconf 91' lang='lat' dir='ltr'><strong>tanti</strong></span> <span class='ocrx_word' id='word_1_556' title='bbox 862 3943 1067 3997; x_wconf 90' lang='lat' dir='ltr'><strong>itineris</strong></span> <span class='ocrx_word' id='word_1_557' title='bbox 1089 3942 1364 4011; x_wconf 71' lang='lat' dir='ltr'><strong>levigaret.</strong></span> <span class='ocrx_word' id='word_1_558' title='bbox 1418 3944 1530 3997; x_wconf 85' lang='lat' dir='ltr'><strong>Non</strong></span> <span class='ocrx_word' id='word_1_559' title='bbox 1562 3945 1701 3999; x_wconf 87' lang='lat' dir='ltr'><strong>enim</strong></span> <span class='ocrx_word' id='word_1_560' title='bbox 1732 3947 1905 4002; x_wconf 86' lang='lat' dir='ltr'><strong>adhuc</strong></span> <span class='ocrx_word' id='word_1_561' title='bbox 1941 3948 2127 4002; x_wconf 89' lang='lat' dir='ltr'><strong>audire</strong></span> 
     </span>
    </p>
   </div>
   <div class='ocr_carea' id='block_1_73' title="bbox 554 4032 2126 4107">
    <p class='ocr_par' dir='ltr' id='par_1_73' title="bbox 554 4032 2126 4107">
     <span class='ocr_line' id='line_1_73' title="bbox 554 4032 2126 4107; baseline 0.005 -25"><span class='ocrx_word' id='word_1_562' title='bbox 554 4042 839 4102; x_wconf 81' lang='lat' dir='ltr'><strong>poterant:</strong></span> <span class='ocrx_word' id='word_1_563' title='bbox 893 4033 955 4086; x_wconf 95' lang='lat' dir='ltr'><strong>Si</strong></span> <span class='ocrx_word' id='word_1_564' title='bbox 998 4034 1069 4085; x_wconf 84' lang='lat' dir='ltr'><strong>vis</strong></span> <span class='ocrx_word' id='word_1_565' title='bbox 1117 4032 1277 4101; x_wconf 77' lang='lat'><strong>273</strong></span> <span class='ocrx_word' id='word_1_566' title='bbox 1333 4035 1587 4103; x_wconf 80' lang='lat' dir='ltr'><strong>perfectus</strong></span> <span class='ocrx_word' id='word_1_567' title='bbox 1633 4051 1777 4101; x_wconf 90' lang='lat' dir='ltr'><strong>esse,</strong></span> <span class='ocrx_word' id='word_1_568' title='bbox 1816 4037 1973 4089; x_wconf 83' lang='lat' dir='ltr'><strong>vende</strong></span> <span class='ocrx_word' id='word_1_569' title='bbox 2013 4053 2126 4107; x_wconf 79' lang='lat' dir='ltr'><strong>qua:</strong></span> 
     </span>
    </p>
   </div>
   <div class='ocr_carea' id='block_1_74' title="bbox 554 4119 2125 4189">
    <p class='ocr_par' dir='ltr' id='par_1_74' title="bbox 554 4119 2125 4189">
     <span class='ocr_line' id='line_1_74' title="bbox 554 4119 2125 4189; baseline 0.003 -17"><span class='ocrx_word' id='word_1_570' title='bbox 554 4120 730 4185; x_wconf 74' lang='lat' dir='ltr'><strong>habes,</strong></span> <span class='ocrx_word' id='word_1_571' title='bbox 779 4129 827 4170; x_wconf 88' lang='lat' dir='ltr'><strong>et</strong></span> <span class='ocrx_word' id='word_1_572' title='bbox 872 4119 939 4170; x_wconf 82' lang='lat' dir='ltr'><strong>cla</strong></span> <span class='ocrx_word' id='word_1_573' title='bbox 966 4119 1295 4187; x_wconf 79' lang='lat' dir='ltr'><strong>pauperibus,</strong></span> <span class='ocrx_word' id='word_1_574' title='bbox 1344 4128 1391 4172; x_wconf 82' lang='lat' dir='ltr'><strong>et</strong></span> <span class='ocrx_word' id='word_1_575' title='bbox 1442 4136 1649 4189; x_wconf 84' lang='lat' dir='ltr'><strong>sequere</strong></span> <span class='ocrx_word' id='word_1_576' title='bbox 1684 4139 1793 4186; x_wconf 86' lang='lat' dir='ltr'><strong>me;</strong></span> <span class='ocrx_word' id='word_1_577' title='bbox 1845 4133 1894 4176; x_wconf 89' lang='lat' dir='ltr'><strong>et</strong></span> <span class='ocrx_word' id='word_1_578' title='bbox 1916 4122 2125 4178; x_wconf 76' lang='lat' dir='ltr'><strong>habebis</strong></span> 
     </span>
    </p>
   </div>
   <div class='ocr_carea' id='block_1_75' title="bbox 553 4206 2121 4279">
    <p class='ocr_par' dir='ltr' id='par_1_75' title="bbox 553 4206 2121 4279">
     <span class='ocr_line' id='line_1_75' title="bbox 553 4206 2121 4279; baseline 0.005 -18"><span class='ocrx_word' id='word_1_579' title='bbox 553 4211 844 4262; x_wconf 73' lang='lat' dir='ltr'><strong>thesaurum</strong></span> <span class='ocrx_word' id='word_1_580' title='bbox 880 4209 935 4260; x_wconf 86' lang='lat' dir='ltr'><strong>in</strong></span> <span class='ocrx_word' id='word_1_581' title='bbox 974 4208 1097 4260; x_wconf 71' lang='lat' dir='ltr'><strong>caelo</strong></span> <span class='ocrx_word' id='word_1_582' title='bbox 1140 4206 1352 4276; x_wconf 79' lang='lat' dir='ltr'><strong>(Matth.</strong></span> <span class='ocrx_word' id='word_1_583' title='bbox 1390 4223 1500 4273; x_wconf 74' lang='lat' dir='ltr'><strong>XIX,</strong></span> <span class='ocrx_word' id='word_1_584' title='bbox 1527 4208 1641 4279; x_wconf 74' lang='grc'><strong>21).</strong></span> <span class='ocrx_word' id='word_1_585' title='bbox 1702 4211 1831 4266; x_wconf 92' lang='lat' dir='ltr'><strong>Dum</strong></span> <span class='ocrx_word' id='word_1_586' title='bbox 1884 4216 2023 4269; x_wconf 88' lang='lat' dir='ltr'><strong>enim</strong></span> <span class='ocrx_word' id='word_1_587' title='bbox 2055 4215 2121 4269; x_wconf 88' lang='lat' dir='ltr'><strong>li-</strong></span> 
     </span>
    </p>
   </div>
   <div class='ocr_carea' id='block_1_76' title="bbox 555 4296 2119 4372">
    <p class='ocr_par' dir='ltr' id='par_1_76' title="bbox 555 4296 2119 4372">
     <span class='ocr_line' id='line_1_76' title="bbox 555 4296 2119 4372; baseline 0.005 -21"><span class='ocrx_word' id='word_1_588' title='bbox 555 4298 729 4351; x_wconf 89' lang='lat' dir='ltr'><strong>centia</strong></span> <span class='ocrx_word' id='word_1_589' title='bbox 753 4312 929 4352; x_wconf 92' lang='lat' dir='ltr'><strong>rerum</strong></span> <span class='ocrx_word' id='word_1_590' title='bbox 951 4296 1319 4366; x_wconf 86' lang='lat' dir='ltr'><strong>temporalium</strong></span> <span class='ocrx_word' id='word_1_591' title='bbox 1362 4305 1513 4351; x_wconf 84' lang='lat' dir='ltr'><strong>vetus</strong></span> <span class='ocrx_word' id='word_1_592' title='bbox 1534 4301 1759 4370; x_wconf 90' lang='lat' dir='ltr'><strong>populus</strong></span> <span class='ocrx_word' id='word_1_593' title='bbox 1788 4318 1884 4372; x_wconf 89' lang='lat' dir='ltr'><strong>per</strong></span> <span class='ocrx_word' id='word_1_594' title='bbox 1912 4304 2119 4361; x_wconf 86' lang='lat' dir='ltr'><strong>diversa</strong></span> 
     </span>
    </p>
   </div>
   <div class='ocr_carea' id='block_1_77' title="bbox 549 4389 2119 4457">
    <p class='ocr_par' dir='ltr' id='par_1_77' title="bbox 549 4389 2119 4457">
     <span class='ocr_line' id='line_1_77' title="bbox 549 4389 2119 4457; baseline 0.004 -13"><span class='ocrx_word' id='word_1_595' title='bbox 549 4390 894 4449; x_wconf 85' lang='lat' dir='ltr'><strong>discurreret,</strong></span> <span class='ocrx_word' id='word_1_596' title='bbox 943 4389 1093 4457; x_wconf 89' lang='lat' dir='ltr'><strong>quasi</strong></span> <span class='ocrx_word' id='word_1_597' title='bbox 1128 4404 1224 4457; x_wconf 92' lang='lat' dir='ltr'><strong>per</strong></span> <span class='ocrx_word' id='word_1_598' title='bbox 1251 4390 1528 4444; x_wconf 90' lang='lat' dir='ltr'><strong>circuitum</strong></span> <span class='ocrx_word' id='word_1_599' title='bbox 1575 4392 1774 4449; x_wconf 90' lang='lat' dir='ltr'><strong>laboris</strong></span> <span class='ocrx_word' id='word_1_600' title='bbox 1826 4395 1891 4449; x_wconf 89' lang='lat' dir='ltr'><strong>ad</strong></span> <span class='ocrx_word' id='word_1_601' title='bbox 1923 4404 2119 4452; x_wconf 89' lang='lat' dir='ltr'><strong>terram</strong></span> 
     </span>
    </p>
   </div>
   <div class='ocr_carea' id='block_1_78' title="bbox 2226 3214 3791 3288">
    <p class='ocr_par' dir='ltr' id='par_1_78' title="bbox 2226 3214 3791 3288">
     <span class='ocr_line' id='line_1_78' title="bbox 2226 3214 3791 3288; baseline 0.003 -19"><span class='ocrx_word' id='word_1_602' title='bbox 2226 3215 2494 3284; x_wconf 88' lang='lat' dir='ltr'><strong>jubetur:</strong></span> <span class='ocrx_word' id='word_1_603' title='bbox 2541 3214 2721 3271; x_wconf 84' lang='lat' dir='ltr'><strong>Nolite</strong></span> <span class='ocrx_word' id='word_1_604' title='bbox 2775 3219 2919 3287; x_wconf 80' lang='lat' dir='ltr'><strong>pueri</strong></span> <span class='ocrx_word' id='word_1_605' title='bbox 2958 3219 3098 3288; x_wconf 76' lang='lat' dir='ltr'><strong>efﬁci</strong></span> <span class='ocrx_word' id='word_1_606' title='bbox 3144 3219 3377 3274; x_wconf 82' lang='lat' dir='ltr'><strong>sensibus</strong></span> <span class='ocrx_word' id='word_1_607' title='bbox 3404 3261 3420 3287; x_wconf 93' lang='lat'><strong>,</strong></span> <span class='ocrx_word' id='word_1_608' title='bbox 3475 3222 3573 3275; x_wconf 85' lang='lat' dir='ltr'><strong>sed</strong></span> <span class='ocrx_word' id='word_1_609' title='bbox 3616 3222 3791 3275; x_wconf 86' lang='lat' dir='ltr'><strong>malitia</strong></span> 
     </span>
    </p>
   </div>
   <div class='ocr_carea' id='block_1_79' title="bbox 2231 3306 3792 3379">
    <p class='ocr_par' dir='ltr' id='par_1_79' title="bbox 2231 3306 3792 3379">
     <span class='ocr_line' id='line_1_79' title="bbox 2231 3306 3792 3379; baseline 0.004 -21"><span class='ocrx_word' id='word_1_610' title='bbox 2231 3306 2430 3374; x_wconf 77' lang='lat' dir='ltr'><strong>parvuli</strong></span> <span class='ocrx_word' id='word_1_611' title='bbox 2466 3315 2625 3361; x_wconf 76' lang='lat' dir='ltr'><strong>estote</strong></span> <span class='ocrx_word' id='word_1_612' title='bbox 2655 3306 2707 3377; x_wconf 88' lang='grc' dir='ltr'><strong>(Ι</strong></span> <span class='ocrx_word' id='word_1_613' title='bbox 2728 3306 2848 3361; x_wconf 83' lang='lat' dir='ltr'><strong>Cor.</strong></span> <span class='ocrx_word' id='word_1_614' title='bbox 2881 3324 2988 3371; x_wconf 83' lang='lat' dir='ltr'><strong>xlv,</strong></span> <span class='ocrx_word' id='word_1_615' title='bbox 3022 3306 3134 3379; x_wconf 72' lang='lat'><strong>20).</strong></span> <span class='ocrx_word' id='word_1_616' title='bbox 3162 3308 3318 3375; x_wconf 84' lang='lat' dir='ltr'><strong>Quod</strong></span> <span class='ocrx_word' id='word_1_617' title='bbox 3348 3320 3498 3364; x_wconf 83' lang='lat' dir='ltr'><strong>certe</strong></span> <span class='ocrx_word' id='word_1_618' title='bbox 3531 3324 3585 3366; x_wconf 86' lang='lat' dir='ltr'><strong>et</strong></span> <span class='ocrx_word' id='word_1_619' title='bbox 3629 3309 3792 3365; x_wconf 78' lang='lat' dir='ltr'><strong>Eccle-</strong></span> 
     </span>
    </p>
   </div>
   <div class='ocr_carea' id='block_1_80' title="bbox 2231 3400 3786 3469">
    <p class='ocr_par' dir='ltr' id='par_1_80' title="bbox 2231 3400 3786 3469">
     <span class='ocr_line' id='line_1_80' title="bbox 2231 3400 3786 3469; baseline -0.001 -15"><span class='ocrx_word' id='word_1_620' title='bbox 2231 3400 2432 3454; x_wconf 87' lang='lat' dir='ltr'><strong>siarum</strong></span> <span class='ocrx_word' id='word_1_621' title='bbox 2472 3400 2777 3468; x_wconf 89' lang='lat' dir='ltr'><strong>pastoribus</strong></span> <span class='ocrx_word' id='word_1_622' title='bbox 2803 3400 2912 3469; x_wconf 90' lang='lat' dir='ltr'><strong>ipsa</strong></span> <span class='ocrx_word' id='word_1_623' title='bbox 2946 3400 3155 3455; x_wconf 73' lang='lat' dir='ltr'><strong>Ve.itas</strong></span> <span class='ocrx_word' id='word_1_624' title='bbox 3178 3403 3559 3465; x_wconf 87' lang='lat' dir='ltr'><strong>comminatur,</strong></span> <span class='ocrx_word' id='word_1_625' title='bbox 3587 3402 3786 3458; x_wconf 84' lang='lat' dir='ltr'><strong>dicens:</strong></span> 
     </span>
    </p>
   </div>
   <div class='ocr_carea' id='block_1_81' title="bbox 2232 3486 3787 3564">
    <p class='ocr_par' dir='ltr' id='par_1_81' title="bbox 2232 3486 3787 3564">
     <span class='ocr_line' id='line_1_81' title="bbox 2232 3486 3787 3564; baseline 0.002 -20"><span class='ocrx_word' id='word_1_626' title='bbox 2232 3486 2354 3544; x_wconf 79' lang='lat' dir='ltr'><strong>Nisi</strong></span> <span class='ocrx_word' id='word_1_627' title='bbox 2383 3491 2610 3544; x_wconf 83' lang='lat' dir='ltr'><strong>conversi</strong></span> <span class='ocrx_word' id='word_1_628' title='bbox 2639 3492 2841 3560; x_wconf 76' lang='lat' dir='ltr'><strong>fueritis</strong></span> <span class='ocrx_word' id='word_1_629' title='bbox 2862 3501 2910 3544; x_wconf 90' lang='lat' dir='ltr'><strong>et</strong></span> <span class='ocrx_word' id='word_1_630' title='bbox 2948 3492 3253 3561; x_wconf 74' lang='lat' dir='ltr'><strong>efﬁciamini</strong></span> <span class='ocrx_word' id='word_1_631' title='bbox 3277 3495 3408 3547; x_wconf 82' lang='lat' dir='ltr'><strong>sicut</strong></span> <span class='ocrx_word' id='word_1_632' title='bbox 3429 3496 3651 3564; x_wconf 81' lang='lat' dir='ltr'><strong>parvuli,</strong></span> <span class='ocrx_word' id='word_1_633' title='bbox 3698 3511 3787 3548; x_wconf 78' lang='lat' dir='ltr'><strong>non</strong></span> 
     </span>
    </p>
   </div>
   <div class='ocr_carea' id='block_1_82' title="bbox 2230 3581 3791 3656">
    <p class='ocr_par' dir='ltr' id='par_1_82' title="bbox 2230 3581 3791 3656">
     <span class='ocr_line' id='line_1_82' title="bbox 2230 3581 3791 3656; baseline 0.003 -21"><span class='ocrx_word' id='word_1_634' title='bbox 2230 3581 2488 3635; x_wconf 85' lang='lat' dir='ltr'><strong>intrabitis</strong></span> <span class='ocrx_word' id='word_1_635' title='bbox 2518 3584 2571 3634; x_wconf 86' lang='lat' dir='ltr'><strong>in</strong></span> <span class='ocrx_word' id='word_1_636' title='bbox 2616 3599 2828 3653; x_wconf 84' lang='lat' dir='ltr'><strong>regnum</strong></span> <span class='ocrx_word' id='word_1_637' title='bbox 2877 3584 3116 3638; x_wconf 75' lang='lat' dir='ltr'><strong>caelorum</strong></span> <span class='ocrx_word' id='word_1_638' title='bbox 3173 3584 3387 3656; x_wconf 72' lang='lat' dir='ltr'><strong>(Matth.</strong></span> <span class='ocrx_word' id='word_1_639' title='bbox 3431 3603 3585 3655; x_wconf 83' lang='lat' dir='ltr'><strong>xvnt,</strong></span> <span class='ocrx_word' id='word_1_640' title='bbox 3614 3587 3687 3656; x_wconf 84' lang='lat'><strong>&#39;5).</strong></span> <span class='ocrx_word' id='word_1_641' title='bbox 3726 3585 3791 3640; x_wconf 83' lang='lat' dir='ltr'><strong>De</strong></span> 
     </span>
    </p>
   </div>
   <div class='ocr_carea' id='block_1_83' title="bbox 2230 3673 3790 3744">
    <p class='ocr_par' dir='ltr' id='par_1_83' title="bbox 2230 3673 3790 3744">
     <span class='ocr_line' id='line_1_83' title="bbox 2230 3673 3790 3744; baseline 0.003 -18"><span class='ocrx_word' id='word_1_642' title='bbox 2230 3686 2355 3740; x_wconf 86' lang='lat' dir='ltr'><strong>rege</strong></span> <span class='ocrx_word' id='word_1_643' title='bbox 2380 3686 2529 3740; x_wconf 89' lang='lat' dir='ltr'><strong>ergo,</strong></span> <span class='ocrx_word' id='word_1_644' title='bbox 2558 3673 2650 3741; x_wconf 89' lang='lat' dir='ltr'><strong>qui</strong></span> <span class='ocrx_word' id='word_1_645' title='bbox 2679 3673 2824 3742; x_wconf 89' lang='lat' dir='ltr'><strong>prius</strong></span> <span class='ocrx_word' id='word_1_646' title='bbox 2846 3674 3041 3741; x_wconf 88' lang='lat' dir='ltr'><strong>bonus,</strong></span> <span class='ocrx_word' id='word_1_647' title='bbox 3065 3687 3252 3744; x_wconf 89' lang='lat' dir='ltr'><strong>postea</strong></span> <span class='ocrx_word' id='word_1_648' title='bbox 3282 3677 3455 3731; x_wconf 90' lang='lat' dir='ltr'><strong>malus</strong></span> <span class='ocrx_word' id='word_1_649' title='bbox 3472 3678 3697 3744; x_wconf 78' lang='lat' dir='ltr'><strong>exstitit,</strong></span> <span class='ocrx_word' id='word_1_650' title='bbox 3721 3678 3790 3730; x_wconf 86' lang='lat' dir='ltr'><strong>di-</strong></span> 
     </span>
    </p>
   </div>
   <div class='ocr_carea' id='block_1_84' title="bbox 2228 3764 3791 3838">
    <p class='ocr_par' dir='ltr' id='par_1_84' title="bbox 2228 3764 3791 3838">
     <span class='ocr_line' id='line_1_84' title="bbox 2228 3764 3791 3838; baseline 0 -19"><span class='ocrx_word' id='word_1_651' title='bbox 2228 3764 2394 3819; x_wconf 85' lang='lat' dir='ltr'><strong>citur:</strong></span> <span class='ocrx_word' id='word_1_652' title='bbox 2426 3765 2550 3832; x_wconf 91' lang='lat' dir='ltr'><strong>quia</strong></span> <span class='ocrx_word' id='word_1_653' title='bbox 2580 3766 2736 3818; x_wconf 90' lang='lat' dir='ltr'><strong>nnius</strong></span> <span class='ocrx_word' id='word_1_654' title='bbox 2773 3764 2899 3819; x_wconf 86' lang='lat' dir='ltr'><strong>anni</strong></span> <span class='ocrx_word' id='word_1_655' title='bbox 2947 3765 3063 3833; x_wconf 82' lang='lat' dir='ltr'><strong>fuit,</strong></span> <span class='ocrx_word' id='word_1_656' title='bbox 3095 3782 3217 3821; x_wconf 88' lang='lat' dir='ltr'><strong>eum</strong></span> <span class='ocrx_word' id='word_1_657' title='bbox 3265 3770 3433 3837; x_wconf 79' lang='lat' dir='ltr'><strong>ccepit</strong></span> <span class='ocrx_word' id='word_1_658' title='bbox 3476 3784 3721 3838; x_wconf 75' lang='lat' dir='ltr'><strong>regnare,</strong></span> <span class='ocrx_word' id='word_1_659' title='bbox 3745 3775 3791 3820; x_wconf 90' lang='lat' dir='ltr'><strong>et</strong></span> 
     </span>
    </p>
   </div>
   <div class='ocr_carea' id='block_1_85' title="bbox 2229 3852 3789 3922">
    <p class='ocr_par' dir='ltr' id='par_1_85' title="bbox 2229 3852 3789 3922">
     <span class='ocr_line' id='line_1_85' title="bbox 2229 3852 3789 3922; baseline 0.004 -16"><span class='ocrx_word' id='word_1_660' title='bbox 2229 3852 2435 3907; x_wconf 87' lang='lat' dir='ltr'><strong>duobus</strong></span> <span class='ocrx_word' id='word_1_661' title='bbox 2459 3854 2614 3907; x_wconf 74' lang='lat' dir='ltr'><strong>annis</strong></span> <span class='ocrx_word' id='word_1_662' title='bbox 2660 3856 2921 3922; x_wconf 82' lang='lat' dir='ltr'><strong>regnavit.</strong></span> <span class='ocrx_word' id='word_1_663' title='bbox 2966 3853 3115 3910; x_wconf 88' lang='lat' dir='ltr'><strong>Licet</strong></span> <span class='ocrx_word' id='word_1_664' title='bbox 3142 3856 3285 3909; x_wconf 88' lang='lat' dir='ltr'><strong>enim</strong></span> <span class='ocrx_word' id='word_1_665' title='bbox 3308 3856 3493 3912; x_wconf 89' lang='lat' dir='ltr'><strong>multis</strong></span> <span class='ocrx_word' id='word_1_666' title='bbox 3538 3858 3690 3912; x_wconf 86' lang='lat' dir='ltr'><strong>annis</strong></span> <span class='ocrx_word' id='word_1_667' title='bbox 3714 3871 3789 3911; x_wconf 88' lang='lat' dir='ltr'><strong>re—</strong></span> 
     </span>
    </p>
   </div>
   <div class='ocr_carea' id='block_1_86' title="bbox 2228 3944 3791 4018">
    <p class='ocr_par' dir='ltr' id='par_1_86' title="bbox 2228 3944 3791 4018">
     <span class='ocr_line' id='line_1_86' title="bbox 2228 3944 3791 4018; baseline 0.003 -21"><span class='ocrx_word' id='word_1_668' title='bbox 2228 3945 2495 4013; x_wconf 86' lang='lat' dir='ltr'><strong>gnaverit,</strong></span> <span class='ocrx_word' id='word_1_669' title='bbox 2529 3944 2633 4000; x_wconf 88' lang='lat' dir='ltr'><strong>illis</strong></span> <span class='ocrx_word' id='word_1_670' title='bbox 2661 3945 2791 4002; x_wconf 91' lang='lat' dir='ltr'><strong>solis</strong></span> <span class='ocrx_word' id='word_1_671' title='bbox 2816 3960 3042 4015; x_wconf 88' lang='lat' dir='ltr'><strong>regnare</strong></span> <span class='ocrx_word' id='word_1_672' title='bbox 3070 3947 3288 4010; x_wconf 85' lang='lat' dir='ltr'><strong>dicitur,</strong></span> <span class='ocrx_word' id='word_1_673' title='bbox 3322 3949 3377 4001; x_wconf 92' lang='lat' dir='ltr'><strong>in</strong></span> <span class='ocrx_word' id='word_1_674' title='bbox 3424 3949 3623 4018; x_wconf 89' lang='lat' dir='ltr'><strong>quibus</strong></span> <span class='ocrx_word' id='word_1_675' title='bbox 3649 3950 3791 4003; x_wconf 90' lang='lat' dir='ltr'><strong>inno-</strong></span> 
     </span>
    </p>
   </div>
   <div class='ocr_carea' id='block_1_87' title="bbox 2227 4032 3791 4108">
    <p class='ocr_par' dir='ltr' id='par_1_87' title="bbox 2227 4032 3791 4108">
     <span class='ocr_line' id='line_1_87' title="bbox 2227 4032 3791 4108; baseline 0.004 -22"><span class='ocrx_word' id='word_1_676' title='bbox 2227 4047 2356 4087; x_wconf 88' lang='lat' dir='ltr'><strong>cens</strong></span> <span class='ocrx_word' id='word_1_677' title='bbox 2380 4041 2435 4087; x_wconf 89' lang='lat' dir='ltr'><strong>et</strong></span> <span class='ocrx_word' id='word_1_678' title='bbox 2454 4032 2669 4089; x_wconf 87' lang='lat' dir='ltr'><strong>humilis</strong></span> <span class='ocrx_word' id='word_1_679' title='bbox 2691 4033 2851 4089; x_wconf 90' lang='lat' dir='ltr'><strong>fuisse</strong></span> <span class='ocrx_word' id='word_1_680' title='bbox 2877 4035 3209 4104; x_wconf 86' lang='lat' dir='ltr'><strong>perhibetur.</strong></span> <span class='ocrx_word' id='word_1_681' title='bbox 3239 4035 3371 4090; x_wconf 81' lang='lat' dir='ltr'><strong>Nam</strong></span> <span class='ocrx_word' id='word_1_682' title='bbox 3405 4047 3596 4107; x_wconf 83' lang='lat' dir='ltr'><strong>postea</strong></span> <span class='ocrx_word' id='word_1_683' title='bbox 3620 4054 3791 4108; x_wconf 88' lang='lat' dir='ltr'><strong>super-</strong></span> 
     </span>
    </p>
   </div>
   <div class='ocr_carea' id='block_1_88' title="bbox 2226 4122 3793 4197">
    <p class='ocr_par' dir='ltr' id='par_1_88' title="bbox 2226 4122 3793 4197">
     <span class='ocr_line' id='line_1_88' title="bbox 2226 4122 3793 4197; baseline 0.006 -22"><span class='ocrx_word' id='word_1_684' title='bbox 2226 4122 2326 4176; x_wconf 91' lang='lat' dir='ltr'><strong>bus</strong></span> <span class='ocrx_word' id='word_1_685' title='bbox 2352 4132 2405 4176; x_wconf 91' lang='lat' dir='ltr'><strong>et</strong></span> <span class='ocrx_word' id='word_1_686' title='bbox 2433 4122 2747 4179; x_wconf 89' lang='lat' dir='ltr'><strong>inobediens</strong></span> <span class='ocrx_word' id='word_1_687' title='bbox 2771 4124 2972 4178; x_wconf 86' lang='lat' dir='ltr'><strong>audivit</strong></span> <span class='ocrx_word' id='word_1_688' title='bbox 3001 4141 3015 4178; x_wconf 89' lang='lat'><strong>:</strong></span> <span class='ocrx_word' id='word_1_689' title='bbox 3061 4123 3195 4189; x_wconf 79' lang='lat' dir='ltr'><strong>Quia</strong></span> <span class='ocrx_word' id='word_1_690' title='bbox 3220 4127 3489 4197; x_wconf 81' lang='lat' dir='ltr'><strong>projecistt</strong></span> <span class='ocrx_word' id='word_1_691' title='bbox 3518 4146 3793 4184; x_wconf 72' lang='lat' dir='ltr'><strong>sermonem</strong></span> 
     </span>
    </p>
   </div>
   <div class='ocr_carea' id='block_1_89' title="bbox 2225 4211 3790 4292">
    <p class='ocr_par' dir='ltr' id='par_1_89' title="bbox 2225 4211 3790 4292">
     <span class='ocr_line' id='line_1_89' title="bbox 2225 4211 3790 4292; baseline 0.008 -28"><span class='ocrx_word' id='word_1_692' title='bbox 2225 4211 2460 4280; x_wconf 83' lang='lat' dir='ltr'><strong>Domini,</strong></span> <span class='ocrx_word' id='word_1_693' title='bbox 2504 4214 2720 4284; x_wconf 84' lang='lat' dir='ltr'><strong>projecit</strong></span> <span class='ocrx_word' id='word_1_694' title='bbox 2749 4222 2798 4273; x_wconf 82' lang='lat' dir='ltr'><strong>te</strong></span> <span class='ocrx_word' id='word_1_695' title='bbox 2826 4214 3098 4278; x_wconf 86' lang='lat' dir='ltr'><strong>Dominus,</strong></span> <span class='ocrx_word' id='word_1_696' title='bbox 3129 4233 3192 4270; x_wconf 87' lang='lat' dir='ltr'><strong>ne</strong></span> <span class='ocrx_word' id='word_1_697' title='bbox 3212 4220 3285 4271; x_wconf 85' lang='lat' dir='ltr'><strong>sis</strong></span> <span class='ocrx_word' id='word_1_698' title='bbox 3307 4235 3401 4272; x_wconf 78' lang='lat' dir='ltr'><strong>rea:</strong></span> <span class='ocrx_word' id='word_1_699' title='bbox 3456 4219 3513 4290; x_wconf 84' lang='grc' dir='ltr'><strong>(Ι</strong></span> <span class='ocrx_word' id='word_1_700' title='bbox 3551 4220 3680 4292; x_wconf 82' lang='lat' dir='ltr'><strong>Reg.</strong></span> <span class='ocrx_word' id='word_1_701' title='bbox 3712 4238 3790 4287; x_wconf 79' lang='grc' dir='ltr'><strong>ιν,</strong></span> 
     </span>
    </p>
   </div>
   <div class='ocr_carea' id='block_1_90' title="bbox 2224 4301 3793 4376">
    <p class='ocr_par' dir='ltr' id='par_1_90' title="bbox 2224 4301 3793 4376">
     <span class='ocr_line' id='line_1_90' title="bbox 2224 4301 3793 4376; baseline 0.007 -22"><span class='ocrx_word' id='word_1_702' title='bbox 2224 4301 2333 4375; x_wconf 71' lang='lat'><strong>26).</strong></span> <span class='ocrx_word' id='word_1_703' title='bbox 2365 4302 2435 4358; x_wconf 92' lang='lat' dir='ltr'><strong>Se</strong></span> <span class='ocrx_word' id='word_1_704' title='bbox 2463 4303 2677 4371; x_wconf 82' lang='lat' dir='ltr'><strong>quidem</strong></span> <span class='ocrx_word' id='word_1_705' title='bbox 2706 4319 2736 4357; x_wconf 87' lang='lat' dir='ltr'><strong>a</strong></span> <span class='ocrx_word' id='word_1_706' title='bbox 2761 4318 2925 4373; x_wconf 86' lang='lat' dir='ltr'><strong>regno</strong></span> <span class='ocrx_word' id='word_1_707' title='bbox 2951 4305 3249 4375; x_wconf 88' lang='lat' dir='ltr'><strong>projectum</strong></span> <span class='ocrx_word' id='word_1_708' title='bbox 3279 4309 3538 4376; x_wconf 68' lang='lat' dir='ltr'><strong>cognovit</strong></span> <span class='ocrx_word' id='word_1_709' title='bbox 3560 4351 3577 4376; x_wconf 84' lang='lat'><strong>,</strong></span> <span class='ocrx_word' id='word_1_710' title='bbox 3635 4319 3690 4365; x_wconf 92' lang='lat' dir='ltr'><strong>et</strong></span> <span class='ocrx_word' id='word_1_711' title='bbox 3714 4318 3793 4364; x_wconf 84' lang='lat' dir='ltr'><strong>ta-</strong></span> 
     </span>
    </p>
   </div>
   <div class='ocr_carea' id='block_1_91' title="bbox 2224 4395 3792 4475">
    <p class='ocr_par' dir='ltr' id='par_1_91' title="bbox 2224 4395 3792 4475">
     <span class='ocr_line' id='line_1_91' title="bbox 2224 4395 3792 4475; baseline 0.005 -26"><span class='ocrx_word' id='word_1_712' title='bbox 2224 4410 2346 4450; x_wconf 90' lang='lat' dir='ltr'><strong>men</strong></span> <span class='ocrx_word' id='word_1_713' title='bbox 2400 4395 2673 4465; x_wconf 90' lang='lat' dir='ltr'><strong>projectus</strong></span> <span class='ocrx_word' id='word_1_714' title='bbox 2701 4409 2926 4465; x_wconf 84' lang='lat' dir='ltr'><strong>regnare</strong></span> <span class='ocrx_word' id='word_1_715' title='bbox 2970 4413 3075 4453; x_wconf 92' lang='lat' dir='ltr'><strong>non</strong></span> <span class='ocrx_word' id='word_1_716' title='bbox 3107 4399 3299 4453; x_wconf 91' lang='lat' dir='ltr'><strong>timuit.</strong></span> <span class='ocrx_word' id='word_1_717' title='bbox 3359 4399 3578 4466; x_wconf 85' lang='lat' dir='ltr'><strong>Quanta</strong></span> <span class='ocrx_word' id='word_1_718' title='bbox 3616 4410 3792 4475; x_wconf 80' lang='lat' dir='ltr'><strong>postea</strong></span> 
     </span>
    </p>
   </div>
   <div class='ocr_carea' id='block_1_92' title="bbox 551 4481 3794 4558">
    <p class='ocr_par' dir='ltr' id='par_1_92' title="bbox 551 4481 3794 4558">
     <span class='ocr_line' id='line_1_92' title="bbox 551 4481 3794 4558; baseline 0.005 -22"><span class='ocrx_word' id='word_1_719' title='bbox 551 4481 921 4552; x_wconf 87' lang='lat' dir='ltr'><strong>promissionis</strong></span> <span class='ocrx_word' id='word_1_720' title='bbox 948 4482 1053 4535; x_wconf 89' lang='lat' dir='ltr'><strong>cito</strong></span> <span class='ocrx_word' id='word_1_721' title='bbox 1076 4482 1194 4535; x_wconf 92' lang='lat' dir='ltr'><strong>duci</strong></span> <span class='ocrx_word' id='word_1_722' title='bbox 1219 4497 1323 4535; x_wconf 93' lang='lat' dir='ltr'><strong>non</strong></span> <span class='ocrx_word' id='word_1_723' title='bbox 1354 4483 1544 4551; x_wconf 91' lang='lat' dir='ltr'><strong>potuit.</strong></span> <span class='ocrx_word' id='word_1_724' title='bbox 1580 4481 1650 4537; x_wconf 93' lang='lat' dir='ltr'><strong>Ut</strong></span> <span class='ocrx_word' id='word_1_725' title='bbox 1679 4500 1807 4555; x_wconf 88' lang='lat' dir='ltr'><strong>ergo</strong></span> <span class='ocrx_word' id='word_1_726' title='bbox 1836 4489 1990 4543; x_wconf 90' lang='lat' dir='ltr'><strong>nobis</strong></span> <span class='ocrx_word' id='word_1_727' title='bbox 2018 4506 2118 4545; x_wconf 63' lang='lat' dir='ltr'><strong>no»</strong></span> <span class='ocrx_word' id='word_1_728' title='bbox 2150 4486 2196 4545; x_wconf 85' lang='grc' dir='ltr'><strong>Ι)</strong></span> <span class='ocrx_word' id='word_1_729' title='bbox 2221 4484 2432 4540; x_wconf 69' lang='lat' dir='ltr'><strong>former</strong></span> <span class='ocrx_word' id='word_1_730' title='bbox 2459 4484 2600 4551; x_wconf 72' lang='lat' dir='ltr'><strong>egit?</strong></span> <span class='ocrx_word' id='word_1_731' title='bbox 2633 4483 2738 4540; x_wconf 75' lang='lat' dir='ltr'><strong>Sed</strong></span> <span class='ocrx_word' id='word_1_732' title='bbox 2767 4500 2895 4541; x_wconf 64' lang='lat' dir='ltr'><strong>ecce</strong></span> <span class='ocrx_word' id='word_1_733' title='bbox 2940 4486 3119 4541; x_wconf 74' lang='lat' dir='ltr'><strong>omnia</strong></span> <span class='ocrx_word' id='word_1_734' title='bbox 3148 4487 3237 4542; x_wconf 76' lang='lat' dir='ltr'><strong>illa</strong></span> <span class='ocrx_word' id='word_1_735' title='bbox 3293 4496 3544 4558; x_wconf 71' lang='lat' dir='ltr'><strong>tempora</strong></span> <span class='ocrx_word' id='word_1_736' title='bbox 3600 4490 3670 4545; x_wconf 64' lang='lat' dir='ltr'><strong>ad</strong></span> <span class='ocrx_word' id='word_1_737' title='bbox 3710 4504 3794 4546; x_wconf 53' lang='lat' dir='ltr'><strong>re.</strong></span> 
     </span>
    </p>
   </div>
   <div class='ocr_carea' id='block_1_93' title="bbox 553 4571 2119 4643">
    <p class='ocr_par' dir='ltr' id='par_1_93' title="bbox 553 4571 2119 4643">
     <span class='ocr_line' id='line_1_93' title="bbox 553 4571 2119 4643; baseline 0.006 -18"><span class='ocrx_word' id='word_1_738' title='bbox 553 4588 629 4625; x_wconf 70' lang='lat' dir='ltr'><strong>vae</strong></span> <span class='ocrx_word' id='word_1_739' title='bbox 655 4572 777 4625; x_wconf 66' lang='lat' dir='ltr'><strong>vitae</strong></span> <span class='ocrx_word' id='word_1_740' title='bbox 808 4573 940 4625; x_wconf 91' lang='lat' dir='ltr'><strong>viam</strong></span> <span class='ocrx_word' id='word_1_741' title='bbox 964 4573 1225 4643; x_wconf 89' lang='lat' dir='ltr'><strong>propheta</strong></span> <span class='ocrx_word' id='word_1_742' title='bbox 1256 4571 1505 4639; x_wconf 90' lang='lat' dir='ltr'><strong>insinuet,</strong></span> <span class='ocrx_word' id='word_1_743' title='bbox 1540 4574 1679 4629; x_wconf 88' lang='lat' dir='ltr'><strong>viam</strong></span> <span class='ocrx_word' id='word_1_744' title='bbox 1702 4576 1896 4632; x_wconf 90' lang='lat' dir='ltr'><strong>bonam</strong></span> <span class='ocrx_word' id='word_1_745' title='bbox 1925 4588 1978 4634; x_wconf 88' lang='lat' dir='ltr'><strong>et</strong></span> <span class='ocrx_word' id='word_1_746' title='bbox 2031 4596 2119 4635; x_wconf 91' lang='lat' dir='ltr'><strong>re-</strong></span> 
     </span>
    </p>
   </div>
   <div class='ocr_carea' id='block_1_94' title="bbox 549 4663 2116 4737">
    <p class='ocr_par' dir='ltr' id='par_1_94' title="bbox 549 4663 2116 4737">
     <span class='ocr_line' id='line_1_94' title="bbox 549 4663 2116 4737; baseline 0.004 -20"><span class='ocrx_word' id='word_1_747' title='bbox 549 4672 688 4717; x_wconf 89' lang='lat' dir='ltr'><strong>ctam</strong></span> <span class='ocrx_word' id='word_1_748' title='bbox 711 4678 829 4719; x_wconf 80' lang='lat' dir='ltr'><strong>esse</strong></span> <span class='ocrx_word' id='word_1_749' title='bbox 849 4663 994 4729; x_wconf 89' lang='lat' dir='ltr'><strong>dicit,</strong></span> <span class='ocrx_word' id='word_1_750' title='bbox 1028 4671 1082 4717; x_wconf 91' lang='lat' dir='ltr'><strong>et</strong></span> <span class='ocrx_word' id='word_1_751' title='bbox 1111 4663 1277 4716; x_wconf 86' lang='lat' dir='ltr'><strong>Deum</strong></span> <span class='ocrx_word' id='word_1_752' title='bbox 1308 4672 1571 4729; x_wconf 76' lang='lat' dir='ltr'><strong>metuere,</strong></span> <span class='ocrx_word' id='word_1_753' title='bbox 1620 4675 1674 4721; x_wconf 90' lang='lat' dir='ltr'><strong>et</strong></span> <span class='ocrx_word' id='word_1_754' title='bbox 1706 4667 1753 4727; x_wconf 83' lang='lat' dir='ltr'><strong>ei</strong></span> <span class='ocrx_word' id='word_1_755' title='bbox 1787 4668 1837 4723; x_wconf 93' lang='lat' dir='ltr'><strong>in</strong></span> <span class='ocrx_word' id='word_1_756' title='bbox 1870 4671 2116 4737; x_wconf 80' lang='lat' dir='ltr'><strong>veritate,</strong></span> 
     </span>
    </p>
   </div>
   <div class='ocr_carea' id='block_1_95' title="bbox 548 4752 2121 4821">
    <p class='ocr_par' dir='ltr' id='par_1_95' title="bbox 548 4752 2121 4821">
     <span class='ocr_line' id='line_1_95' title="bbox 548 4752 2121 4821; baseline 0.004 -14"><span class='ocrx_word' id='word_1_757' title='bbox 548 4762 603 4807; x_wconf 88' lang='lat' dir='ltr'><strong>et</strong></span> <span class='ocrx_word' id='word_1_758' title='bbox 632 4769 697 4807; x_wconf 79' lang='lat' dir='ltr'><strong>ex</strong></span> <span class='ocrx_word' id='word_1_759' title='bbox 722 4760 834 4809; x_wconf 90' lang='lat' dir='ltr'><strong>toto</strong></span> <span class='ocrx_word' id='word_1_760' title='bbox 864 4754 1024 4807; x_wconf 88' lang='lat' dir='ltr'><strong>corde</strong></span> <span class='ocrx_word' id='word_1_761' title='bbox 1045 4753 1246 4806; x_wconf 89' lang='lat' dir='ltr'><strong>servire</strong></span> <span class='ocrx_word' id='word_1_762' title='bbox 1273 4770 1284 4805; x_wconf 77' lang='grc' dir='ltr'>ε</span> <span class='ocrx_word' id='word_1_763' title='bbox 1315 4752 1439 4821; x_wconf 90' lang='lat' dir='ltr'><strong>quia</strong></span> <span class='ocrx_word' id='word_1_764' title='bbox 1469 4753 1534 4807; x_wconf 90' lang='lat' dir='ltr'><strong>ad</strong></span> <span class='ocrx_word' id='word_1_765' title='bbox 1569 4755 1953 4813; x_wconf 89' lang='lat' dir='ltr'><strong>sublimitatem</strong></span> <span class='ocrx_word' id='word_1_766' title='bbox 1984 4760 2121 4815; x_wconf 88' lang='lat' dir='ltr'><strong>divi-</strong></span> 
     </span>
    </p>
   </div>
   <div class='ocr_carea' id='block_1_96' title="bbox 544 4839 2118 4913">
    <p class='ocr_par' dir='ltr' id='par_1_96' title="bbox 544 4839 2118 4913">
     <span class='ocr_line' id='line_1_96' title="bbox 544 4839 2118 4913; baseline 0.004 -17"><span class='ocrx_word' id='word_1_767' title='bbox 544 4858 624 4896; x_wconf 71' lang='lat' dir='ltr'><strong>na:</strong></span> <span class='ocrx_word' id='word_1_768' title='bbox 646 4842 827 4909; x_wconf 57' lang='lat' dir='ltr'><strong>gratiae</strong></span> <span class='ocrx_word' id='word_1_769' title='bbox 855 4843 963 4896; x_wconf 85' lang='lat' dir='ltr'><strong>cito</strong></span> <span class='ocrx_word' id='word_1_770' title='bbox 992 4839 1328 4910; x_wconf 90' lang='lat' dir='ltr'><strong>perveniunt,</strong></span> <span class='ocrx_word' id='word_1_771' title='bbox 1373 4841 1463 4909; x_wconf 91' lang='lat' dir='ltr'><strong>qui</strong></span> <span class='ocrx_word' id='word_1_772' title='bbox 1500 4843 1922 4913; x_wconf 82' lang='lat' dir='ltr'><strong>omnipotentem</strong></span> <span class='ocrx_word' id='word_1_773' title='bbox 1951 4847 2118 4902; x_wconf 91' lang='lat' dir='ltr'><strong>Deum</strong></span> 
     </span>
    </p>
   </div>
   <div class='ocr_carea' id='block_1_97' title="bbox 542 4930 2111 5006">
    <p class='ocr_par' dir='ltr' id='par_1_97' title="bbox 542 4930 2111 5006">
     <span class='ocr_line' id='line_1_97' title="bbox 542 4930 2111 5006; baseline 0.003 -18"><span class='ocrx_word' id='word_1_774' title='bbox 542 4938 599 4988; x_wconf 87' lang='lat' dir='ltr'><strong>ct</strong></span> <span class='ocrx_word' id='word_1_775' title='bbox 625 4934 767 4987; x_wconf 91' lang='lat' dir='ltr'><strong>bono</strong></span> <span class='ocrx_word' id='word_1_776' title='bbox 797 4947 981 5000; x_wconf 86' lang='lat' dir='ltr'><strong>opere.</strong></span> <span class='ocrx_word' id='word_1_777' title='bbox 1039 4943 1094 4987; x_wconf 90' lang='lat' dir='ltr'><strong>et</strong></span> <span class='ocrx_word' id='word_1_778' title='bbox 1142 4930 1471 4986; x_wconf 86' lang='lat' dir='ltr'><strong>ferventibus</strong></span> <span class='ocrx_word' id='word_1_779' title='bbox 1516 4932 1793 4988; x_wconf 85' lang='lat' dir='ltr'><strong>desideriis</strong></span> <span class='ocrx_word' id='word_1_780' title='bbox 1842 4935 2111 5006; x_wconf 83' lang='lat' dir='ltr'><strong>inquirere</strong></span> 
     </span>
    </p>
   </div>
   <div class='ocr_carea' id='block_1_98' title="bbox 542 5021 2108 5094">
    <p class='ocr_par' dir='ltr' id='par_1_98' title="bbox 542 5021 2108 5094">
     <span class='ocr_line' id='line_1_98' title="bbox 542 5021 2108 5094; baseline 0.006 -16"><span class='ocrx_word' id='word_1_781' title='bbox 542 5039 653 5078; x_wconf 86' lang='lat' dir='ltr'><strong>non</strong></span> <span class='ocrx_word' id='word_1_782' title='bbox 681 5023 961 5077; x_wconf 89' lang='lat' dir='ltr'><strong>desistunt.</strong></span> <span class='ocrx_word' id='word_1_783' title='bbox 989 5021 1053 5075; x_wconf 87' lang='lat' dir='ltr'><strong>Et</strong></span> <span class='ocrx_word' id='word_1_784' title='bbox 1067 5024 1188 5091; x_wconf 85' lang='lat' dir='ltr'><strong>quia</strong></span> <span class='ocrx_word' id='word_1_785' title='bbox 1212 5023 1459 5078; x_wconf 90' lang='lat' dir='ltr'><strong>eumdem</strong></span> <span class='ocrx_word' id='word_1_786' title='bbox 1484 5025 1736 5094; x_wconf 86' lang='lat' dir='ltr'><strong>populum</strong></span> <span class='ocrx_word' id='word_1_787' title='bbox 1759 5028 1824 5080; x_wconf 91' lang='lat' dir='ltr'><strong>ad</strong></span> <span class='ocrx_word' id='word_1_788' title='bbox 1846 5029 2108 5086; x_wconf 86' lang='lat' dir='ltr'><strong>audienda</strong></span> 
     </span>
    </p>
   </div>
   <div class='ocr_carea' id='block_1_99' title="bbox 541 5111 2107 5189">
    <p class='ocr_par' dir='ltr' id='par_1_99' title="bbox 541 5111 2107 5189">
     <span class='ocr_line' id='line_1_99' title="bbox 541 5111 2107 5189; baseline 0.006 -22"><span class='ocrx_word' id='word_1_789' title='bbox 541 5111 932 5181; x_wconf 81' lang='lat' dir='ltr'><strong>praedicationis</strong></span> <span class='ocrx_word' id='word_1_790' title='bbox 954 5113 1112 5167; x_wconf 90' lang='lat' dir='ltr'><strong>verba</strong></span> <span class='ocrx_word' id='word_1_791' title='bbox 1143 5128 1239 5182; x_wconf 89' lang='lat' dir='ltr'><strong>per</strong></span> <span class='ocrx_word' id='word_1_792' title='bbox 1265 5113 1578 5168; x_wconf 90' lang='lat' dir='ltr'><strong>miraculum</strong></span> <span class='ocrx_word' id='word_1_793' title='bbox 1604 5123 1863 5170; x_wconf 88' lang='lat' dir='ltr'><strong>attentum</strong></span> <span class='ocrx_word' id='word_1_794' title='bbox 1887 5118 2107 5189; x_wconf 89' lang='lat' dir='ltr'><strong>fecerat,</strong></span> 
     </span>
    </p>
   </div>
   <div class='ocr_carea' id='block_1_100' title="bbox 542 5201 754 5255">
    <p class='ocr_par' dir='ltr' id='par_1_100' title="bbox 542 5201 754 5255">
     <span class='ocr_line' id='line_1_100' title="bbox 542 5201 754 5255; baseline -0.005 -1"><span class='ocrx_word' id='word_1_795' title='bbox 542 5201 718 5255; x_wconf 70' lang='lat' dir='ltr'><strong>subdit</strong></span> <span class='ocrx_word' id='word_1_796' title='bbox 743 5218 754 5253; x_wconf 91' lang='lat'>:</span> 
     </span>
    </p>
   </div>
   <div class='ocr_carea' id='block_1_101' title="bbox 609 5287 2107 5364">
    <p class='ocr_par' dir='ltr' id='par_1_101' title="bbox 609 5287 2107 5364">
     <span class='ocr_line' id='line_1_101' title="bbox 609 5287 2107 5364; baseline 0.008 -22"><span class='ocrx_word' id='word_1_797' title='bbox 609 5288 781 5356; x_wconf 87' lang='lat' dir='ltr'><strong>(Vers.</strong></span> <span class='ocrx_word' id='word_1_798' title='bbox 807 5287 921 5357; x_wconf 72' lang='grc'><strong>24.)</strong></span> <span class='ocrx_word' id='word_1_799' title='bbox 972 5288 1185 5342; x_wconf 83' lang='lat' dir='ltr'><strong>Vidistis</strong></span> <span class='ocrx_word' id='word_1_800' title='bbox 1232 5290 1367 5342; x_wconf 87' lang='lat' dir='ltr'><strong>enim</strong></span> <span class='ocrx_word' id='word_1_801' title='bbox 1396 5293 1690 5361; x_wconf 85' lang='lat' dir='ltr'><strong>magni/ica,</strong></span> <span class='ocrx_word' id='word_1_802' title='bbox 1741 5310 1855 5364; x_wconf 75' lang='lat' dir='ltr'><strong>qua:</strong></span> <span class='ocrx_word' id='word_1_803' title='bbox 1882 5298 1935 5350; x_wconf 86' lang='lat' dir='ltr'><strong>in</strong></span> <span class='ocrx_word' id='word_1_804' title='bbox 1963 5299 2107 5354; x_wconf 76' lang='lat' dir='ltr'><strong>nobis</strong></span> 
     </span>
    </p>
   </div>
   <div class='ocr_carea' id='block_1_102' title="bbox 544 5376 1056 5446">
    <p class='ocr_par' dir='ltr' id='par_1_102' title="bbox 544 5376 1056 5446">
     <span class='ocr_line' id='line_1_102' title="bbox 544 5376 1056 5446; baseline -0.008 -12"><span class='ocrx_word' id='word_1_805' title='bbox 544 5378 753 5446; x_wconf 85' lang='lat' dir='ltr'><strong>gesserit</strong></span> <span class='ocrx_word' id='word_1_806' title='bbox 782 5376 1056 5433; x_wconf 83' lang='lat' dir='ltr'><strong>Dominus.</strong></span> 
     </span>
    </p>
   </div>
   <div class='ocr_carea' id='block_1_103' title="bbox 606 5531 2109 5606">
    <p class='ocr_par' dir='ltr' id='par_1_103' title="bbox 606 5531 2109 5606">
     <span class='ocr_line' id='line_1_103' title="bbox 606 5531 2109 5606; baseline 0.009 -23"><span class='ocrx_word' id='word_1_807' title='bbox 606 5544 627 5569; x_wconf 80' lang='grc' dir='ltr'><strong><em>η</em></strong></span> <span class='ocrx_word' id='word_1_808' title='bbox 655 5531 850 5606; x_wconf 78' lang='lat' dir='ltr'><strong>Ordine</strong></span> <span class='ocrx_word' id='word_1_809' title='bbox 874 5543 1198 5606; x_wconf 66' lang='lat' dir='ltr'><strong>ppepostero</strong></span> <span class='ocrx_word' id='word_1_810' title='bbox 1221 5535 1278 5606; x_wconf 91' lang='lat' dir='ltr'><strong>_in</strong></span> <span class='ocrx_word' id='word_1_811' title='bbox 1311 5534 1429 5606; x_wconf 69' lang='lat' dir='ltr'><strong>aliis</strong></span> <span class='ocrx_word' id='word_1_812' title='bbox 1459 5533 1593 5589; x_wconf 88' lang='lat' dir='ltr'><strong>Edit.</strong></span> <span class='ocrx_word' id='word_1_813' title='bbox 1640 5535 1834 5606; x_wconf 85' lang='lat' dir='ltr'><strong>legitur</strong></span> <span class='ocrx_word' id='word_1_814' title='bbox 1865 5557 1877 5591; x_wconf 94' lang='lat'>:</span> <span class='ocrx_word' id='word_1_815' title='bbox 1910 5540 2109 5596; x_wconf 80' lang='lat' dir='ltr'><strong>Servite</strong></span> 
     </span>
    </p>
   </div>
   <div class='ocr_carea' id='block_1_104' title="bbox 523 5601 2105 5668">
    <p class='ocr_par' dir='ltr' id='par_1_104' title="bbox 523 5601 2105 5668">
     <span class='ocr_line' id='line_1_104' title="bbox 523 5601 2105 5668; baseline 0.008 -15"><span class='ocrx_word' id='word_1_816' title='bbox 523 5601 753 5668; x_wconf 56' lang='lat' dir='ltr'><strong>momina</strong></span> <span class='ocrx_word' id='word_1_817' title='bbox 780 5611 827 5652; x_wconf 88' lang='lat' dir='ltr'><strong>et</strong></span> <span class='ocrx_word' id='word_1_818' title='bbox 854 5601 1025 5652; x_wconf 61' lang='lat' dir='ltr'><strong>timere</strong></span> <span class='ocrx_word' id='word_1_819' title='bbox 1052 5617 1185 5652; x_wconf 88' lang='lat' dir='ltr'><strong>eum.</strong></span> <span class='ocrx_word' id='word_1_820' title='bbox 1220 5601 1274 5653; x_wconf 88' lang='lat' dir='ltr'><strong>ln</strong></span> <span class='ocrx_word' id='word_1_821' title='bbox 1308 5602 1469 5657; x_wconf 85' lang='lat' dir='ltr'><strong>Hebr.</strong></span> <span class='ocrx_word' id='word_1_822' title='bbox 1519 5614 1666 5659; x_wconf 81' lang='lat' dir='ltr'><strong>textu</strong></span> <span class='ocrx_word' id='word_1_823' title='bbox 1696 5601 1750 5661; x_wconf 68' lang='grc' dir='ltr'><strong>ἐι</strong></span> <span class='ocrx_word' id='word_1_824' title='bbox 1775 5607 1827 5660; x_wconf 84' lang='lat' dir='ltr'><strong>in</strong></span> <span class='ocrx_word' id='word_1_825' title='bbox 1858 5610 2105 5666; x_wconf 89' lang='lat' dir='ltr'><strong>omnibus</strong></span> 
     </span>
    </p>
   </div>
   <div class='ocr_carea' id='block_1_105' title="bbox 533 5669 2103 5746">
    <p class='ocr_par' dir='ltr' id='par_1_105' title="bbox 533 5669 2103 5746">
     <span class='ocr_line' id='line_1_105' title="bbox 533 5669 2103 5746; baseline 0.006 -23"><span class='ocrx_word' id='word_1_826' title='bbox 533 5671 888 5733; x_wconf 79' lang='lat' dir='ltr'><strong>\crsiunibus,</strong></span> <span class='ocrx_word' id='word_1_827' title='bbox 937 5669 1097 5721; x_wconf 86' lang='lat' dir='ltr'><strong>timor</strong></span> <span class='ocrx_word' id='word_1_828' title='bbox 1152 5672 1508 5737; x_wconf 53' lang='lat' dir='ltr'><strong>pennittitur.</strong></span> <span class='ocrx_word' id='word_1_829' title='bbox 1560 5673 1647 5728; x_wconf 89' lang='lat' dir='ltr'><strong>Sic</strong></span> <span class='ocrx_word' id='word_1_830' title='bbox 1698 5676 1859 5731; x_wconf 79' lang='lat' dir='ltr'><strong>etiam</strong></span> <span class='ocrx_word' id='word_1_831' title='bbox 1909 5678 2103 5746; x_wconf 83' lang='lat' dir='ltr'><strong>legisse</strong></span> 
     </span>
    </p>
   </div>
   <div class='ocr_carea' id='block_1_106' title="bbox 2217 4574 3795 4651">
    <p class='ocr_par' dir='ltr' id='par_1_106' title="bbox 2217 4574 3795 4651">
     <span class='ocr_line' id='line_1_106' title="bbox 2217 4574 3795 4651; baseline 0.006 -22"><span class='ocrx_word' id='word_1_832' title='bbox 2217 4588 2379 4644; x_wconf 88' lang='lat' dir='ltr'><strong>gnum</strong></span> <span class='ocrx_word' id='word_1_833' title='bbox 2408 4575 2458 4631; x_wconf 90' lang='lat' dir='ltr'><strong>ei</strong></span> <span class='ocrx_word' id='word_1_834' title='bbox 2487 4574 2740 4644; x_wconf 84' lang='lat' dir='ltr'><strong>deputata</strong></span> <span class='ocrx_word' id='word_1_835' title='bbox 2762 4591 2871 4630; x_wconf 91' lang='lat' dir='ltr'><strong>non</strong></span> <span class='ocrx_word' id='word_1_836' title='bbox 2901 4585 3042 4632; x_wconf 89' lang='lat' dir='ltr'><strong>sunt.</strong></span> <span class='ocrx_word' id='word_1_837' title='bbox 3067 4576 3162 4633; x_wconf 92' lang='lat' dir='ltr'><strong>lllo</strong></span> <span class='ocrx_word' id='word_1_838' title='bbox 3183 4592 3311 4648; x_wconf 89' lang='lat' dir='ltr'><strong>ergo</strong></span> <span class='ocrx_word' id='word_1_839' title='bbox 3339 4580 3515 4634; x_wconf 87' lang='lat' dir='ltr'><strong>solum</strong></span> <span class='ocrx_word' id='word_1_840' title='bbox 3556 4590 3795 4651; x_wconf 83' lang='lat' dir='ltr'><strong>tempore</strong></span> 
     </span>
    </p>
   </div>
   <div class='ocr_carea' id='block_1_107' title="bbox 2217 4667 3792 4737">
    <p class='ocr_par' dir='ltr' id='par_1_107' title="bbox 2217 4667 3792 4737">
     <span class='ocr_line' id='line_1_107' title="bbox 2217 4667 3792 4737; baseline 0.003 -15"><span class='ocrx_word' id='word_1_841' title='bbox 2217 4668 2544 4723; x_wconf 84' lang='lat' dir='ltr'><strong>nos‘vixisse</strong></span> <span class='ocrx_word' id='word_1_842' title='bbox 2571 4667 2925 4736; x_wconf 84' lang='lat' dir='ltr'><strong>gaudeamus,</strong></span> <span class='ocrx_word' id='word_1_843' title='bbox 2952 4684 3060 4737; x_wconf 90' lang='lat' dir='ltr'><strong>quo</strong></span> <span class='ocrx_word' id='word_1_844' title='bbox 3090 4669 3408 4725; x_wconf 85' lang='lat' dir='ltr'><strong>innocenter</strong></span> <span class='ocrx_word' id='word_1_845' title='bbox 3434 4682 3490 4726; x_wconf 90' lang='lat' dir='ltr'><strong>et</strong></span> <span class='ocrx_word' id='word_1_846' title='bbox 3520 4673 3792 4729; x_wconf 84' lang='lat' dir='ltr'><strong>humiliter</strong></span> 
     </span>
    </p>
   </div>
   <div class='ocr_carea' id='block_1_108' title="bbox 2216 4755 3790 4827">
    <p class='ocr_par' dir='ltr' id='par_1_108' title="bbox 2216 4755 3790 4827">
     <span class='ocr_line' id='line_1_108' title="bbox 2216 4755 3790 4827; baseline 0.003 -15"><span class='ocrx_word' id='word_1_847' title='bbox 2216 4759 2467 4813; x_wconf 79' lang='lat' dir='ltr'><strong>viximus.</strong></span> <span class='ocrx_word' id='word_1_848' title='bbox 2500 4755 2633 4812; x_wconf 84' lang='lat' dir='ltr'><strong>Nam</strong></span> <span class='ocrx_word' id='word_1_849' title='bbox 2664 4758 2751 4811; x_wconf 90' lang='lat' dir='ltr'><strong>illa</strong></span> <span class='ocrx_word' id='word_1_850' title='bbox 2783 4765 3046 4827; x_wconf 87' lang='lat' dir='ltr'><strong>tempora,</strong></span> <span class='ocrx_word' id='word_1_851' title='bbox 3077 4773 3196 4827; x_wconf 77' lang='lat' dir='ltr'><strong>qum</strong></span> <span class='ocrx_word' id='word_1_852' title='bbox 3219 4760 3270 4814; x_wconf 89' lang='lat' dir='ltr'><strong>in</strong></span> <span class='ocrx_word' id='word_1_853' title='bbox 3312 4762 3494 4815; x_wconf 69' lang='lat' dir='ltr'><strong>saeculi</strong></span> <span class='ocrx_word' id='word_1_854' title='bbox 3538 4764 3790 4826; x_wconf 69' lang='lat' dir='ltr'><strong>vanitate,</strong></span> 
     </span>
    </p>
   </div>
   <div class='ocr_carea' id='block_1_109' title="bbox 2196 4846 3795 4920">
    <p class='ocr_par' dir='ltr' id='par_1_109' title="bbox 2196 4846 3795 4920">
     <span class='ocr_line' id='line_1_109' title="bbox 2196 4846 3795 4920; baseline 0.002 -17"><span class='ocrx_word' id='word_1_855' title='bbox 2196 4856 2271 4903; x_wconf 86' lang='lat' dir='ltr'><strong>et</strong></span> <span class='ocrx_word' id='word_1_856' title='bbox 2296 4846 2437 4902; x_wconf 81' lang='lat' dir='ltr'><strong>fluxa</strong></span> <span class='ocrx_word' id='word_1_857' title='bbox 2467 4848 2645 4903; x_wconf 88' lang='lat' dir='ltr'><strong>carnis</strong></span> <span class='ocrx_word' id='word_1_858' title='bbox 2670 4849 2778 4902; x_wconf 85' lang='lat' dir='ltr'><strong>vita</strong></span> <span class='ocrx_word' id='word_1_859' title='bbox 2799 4849 3249 4917; x_wconf 88' lang='lat' dir='ltr'><strong>consumpsimus,</strong></span> <span class='ocrx_word' id='word_1_860' title='bbox 3280 4851 3433 4918; x_wconf 83' lang='lat' dir='ltr'><strong>quasi</strong></span> <span class='ocrx_word' id='word_1_861' title='bbox 3466 4853 3678 4920; x_wconf 85' lang='lat' dir='ltr'><strong>perdita</strong></span> <span class='ocrx_word' id='word_1_862' title='bbox 3701 4852 3795 4906; x_wconf 84' lang='lat' dir='ltr'><strong>mi-</strong></span> 
     </span>
    </p>
   </div>
   <div class='ocr_carea' id='block_1_110' title="bbox 2217 4935 3795 5007">
    <p class='ocr_par' dir='ltr' id='par_1_110' title="bbox 2217 4935 3795 5007">
     <span class='ocr_line' id='line_1_110' title="bbox 2217 4935 3795 5007; baseline 0.002 -16"><span class='ocrx_word' id='word_1_863' title='bbox 2217 4938 2362 4992; x_wconf 87' lang='lat' dir='ltr'><strong>nime</strong></span> <span class='ocrx_word' id='word_1_864' title='bbox 2389 4945 2774 4992; x_wconf 88' lang='lat' dir='ltr'><strong>memorantur.</strong></span> <span class='ocrx_word' id='word_1_865' title='bbox 2819 4935 2957 4991; x_wconf 86' lang='lat' dir='ltr'><strong>Sunt</strong></span> <span class='ocrx_word' id='word_1_866' title='bbox 2995 4937 3167 4992; x_wconf 88' lang='lat' dir='ltr'><strong>adhuc</strong></span> <span class='ocrx_word' id='word_1_867' title='bbox 3195 4952 3433 5006; x_wconf 80' lang='lat' dir='ltr'><strong>quoque,</strong></span> <span class='ocrx_word' id='word_1_868' title='bbox 3492 4940 3587 5007; x_wconf 89' lang='lat' dir='ltr'><strong>qui</strong></span> <span class='ocrx_word' id='word_1_869' title='bbox 3618 4940 3687 4994; x_wconf 88' lang='lat' dir='ltr'><strong>ad</strong></span> <span class='ocrx_word' id='word_1_870' title='bbox 3715 4956 3795 4995; x_wconf 85' lang='lat' dir='ltr'><strong>ra-</strong></span> 
     </span>
    </p>
   </div>
   <div class='ocr_carea' id='block_1_111' title="bbox 2216 5026 3796 5097">
    <p class='ocr_par' dir='ltr' id='par_1_111' title="bbox 2216 5026 3796 5097">
     <span class='ocr_line' id='line_1_111' title="bbox 2216 5026 3796 5097; baseline 0.001 -15"><span class='ocrx_word' id='word_1_871' title='bbox 2216 5028 2469 5097; x_wconf 88' lang='lat' dir='ltr'><strong>piendum</strong></span> <span class='ocrx_word' id='word_1_872' title='bbox 2523 5029 2735 5084; x_wconf 89' lang='lat' dir='ltr'><strong>culmen</strong></span> <span class='ocrx_word' id='word_1_873' title='bbox 2790 5036 2990 5083; x_wconf 69' lang='lat' dir='ltr'><strong>sancta:</strong></span> <span class='ocrx_word' id='word_1_874' title='bbox 3040 5026 3297 5084; x_wconf 77' lang='lat' dir='ltr'><strong>Ecclesiae</strong></span> <span class='ocrx_word' id='word_1_875' title='bbox 3337 5028 3702 5096; x_wconf 86' lang='lat' dir='ltr'><strong>ingeruntur:</strong></span> <span class='ocrx_word' id='word_1_876' title='bbox 3733 5030 3796 5084; x_wconf 84' lang='lat' dir='ltr'><strong>de</strong></span> 
     </span>
    </p>
   </div>
   <div class='ocr_carea' id='block_1_112' title="bbox 2215 5117 3793 5189">
    <p class='ocr_par' dir='ltr' id='par_1_112' title="bbox 2215 5117 3793 5189">
     <span class='ocr_line' id='line_1_112' title="bbox 2215 5117 3793 5189; baseline 0.002 -17"><span class='ocrx_word' id='word_1_877' title='bbox 2215 5119 2407 5187; x_wconf 90' lang='lat' dir='ltr'><strong>quibus</strong></span> <span class='ocrx_word' id='word_1_878' title='bbox 2435 5134 2533 5188; x_wconf 72' lang='lat' dir='ltr'><strong>per</strong></span> <span class='ocrx_word' id='word_1_879' title='bbox 2560 5118 2878 5187; x_wconf 86' lang='lat' dir='ltr'><strong>prophetam</strong></span> <span class='ocrx_word' id='word_1_880' title='bbox 2926 5120 3088 5189; x_wconf 74' lang='lat'><strong>279</strong></span> <span class='ocrx_word' id='word_1_881' title='bbox 3134 5117 3393 5173; x_wconf 88' lang='lat' dir='ltr'><strong>Dominus</strong></span> <span class='ocrx_word' id='word_1_882' title='bbox 3418 5122 3691 5189; x_wconf 86' lang='lat' dir='ltr'><strong>queritur,</strong></span> <span class='ocrx_word' id='word_1_883' title='bbox 3720 5120 3793 5175; x_wconf 89' lang='lat' dir='ltr'><strong>di-</strong></span> 
     </span>
    </p>
   </div>
   <div class='ocr_carea' id='block_1_113' title="bbox 2217 5208 3796 5282">
    <p class='ocr_par' dir='ltr' id='par_1_113' title="bbox 2217 5208 3796 5282">
     <span class='ocr_line' id='line_1_113' title="bbox 2217 5208 3796 5282; baseline 0 -18"><span class='ocrx_word' id='word_1_884' title='bbox 2217 5223 2344 5264; x_wconf 88' lang='lat' dir='ltr'><strong>cens</strong></span> <span class='ocrx_word' id='word_1_885' title='bbox 2373 5227 2386 5262; x_wconf 91' lang='lat'><strong>:</strong></span> <span class='ocrx_word' id='word_1_886' title='bbox 2421 5208 2801 5280; x_wconf 80' lang='lat' dir='ltr'><strong>Regnaverant,</strong></span> <span class='ocrx_word' id='word_1_887' title='bbox 2831 5218 2880 5263; x_wconf 84' lang='lat' dir='ltr'><strong>et</strong></span> <span class='ocrx_word' id='word_1_888' title='bbox 2913 5226 3015 5263; x_wconf 88' lang='lat' dir='ltr'><strong>non</strong></span> <span class='ocrx_word' id='word_1_889' title='bbox 3036 5225 3101 5263; x_wconf 76' lang='lat' dir='ltr'><strong>ea:</strong></span> <span class='ocrx_word' id='word_1_890' title='bbox 3131 5225 3252 5263; x_wconf 87' lang='lat' dir='ltr'><strong>me:</strong></span> <span class='ocrx_word' id='word_1_891' title='bbox 3279 5212 3541 5282; x_wconf 85' lang='lat' dir='ltr'><strong>principes</strong></span> <span class='ocrx_word' id='word_1_892' title='bbox 3586 5214 3796 5266; x_wconf 68' lang='lat' dir='ltr'><strong>exs‘ite-</strong></span> 
     </span>
    </p>
   </div>
   <div class='ocr_carea' id='block_1_114' title="bbox 2208 5300 3794 5371">
    <p class='ocr_par' dir='ltr' id='par_1_114' title="bbox 2208 5300 3794 5371">
     <span class='ocr_line' id='line_1_114' title="bbox 2208 5300 3794 5371; baseline 0.001 -17"><span class='ocrx_word' id='word_1_893' title='bbox 2208 5310 2347 5367; x_wconf 84' lang='lat' dir='ltr'><strong>runt,</strong></span> <span class='ocrx_word' id='word_1_894' title='bbox 2379 5311 2429 5355; x_wconf 86' lang='lat' dir='ltr'><strong>et</strong></span> <span class='ocrx_word' id='word_1_895' title='bbox 2455 5318 2547 5371; x_wconf 85' lang='lat' dir='ltr'><strong>ego</strong></span> <span class='ocrx_word' id='word_1_896' title='bbox 2568 5302 2801 5370; x_wconf 82' lang='lat' dir='ltr'><strong>ignoravi</strong></span> <span class='ocrx_word' id='word_1_897' title='bbox 2825 5300 2979 5371; x_wconf 86' lang='lat' dir='ltr'><strong>(Osee</strong></span> <span class='ocrx_word' id='word_1_898' title='bbox 3007 5317 3120 5367; x_wconf 81' lang='lat' dir='ltr'><strong>Vlll,</strong></span> <span class='ocrx_word' id='word_1_899' title='bbox 3148 5300 3224 5371; x_wconf 65' lang='grc'><strong>1).</strong></span> <span class='ocrx_word' id='word_1_900' title='bbox 3257 5301 3357 5368; x_wconf 86' lang='lat' dir='ltr'><strong>Qui</strong></span> <span class='ocrx_word' id='word_1_901' title='bbox 3384 5304 3641 5358; x_wconf 85' lang='lat' dir='ltr'><strong>nimirum</strong></span> <span class='ocrx_word' id='word_1_902' title='bbox 3674 5305 3794 5358; x_wconf 87' lang='lat' dir='ltr'><strong>dum</strong></span> 
     </span>
    </p>
   </div>
   <div class='ocr_carea' id='block_1_115' title="bbox 2210 5392 3793 5464">
    <p class='ocr_par' dir='ltr' id='par_1_115' title="bbox 2210 5392 3793 5464">
     <span class='ocr_line' id='line_1_115' title="bbox 2210 5392 3793 5464; baseline 0.003 -17"><span class='ocrx_word' id='word_1_903' title='bbox 2210 5393 2451 5464; x_wconf 62' lang='lat' dir='ltr'><strong>quaedam</strong></span> <span class='ocrx_word' id='word_1_904' title='bbox 2500 5392 2712 5448; x_wconf 87' lang='lat' dir='ltr'><strong>fortiter</strong></span> <span class='ocrx_word' id='word_1_905' title='bbox 2744 5402 2933 5461; x_wconf 87' lang='lat' dir='ltr'><strong>agunt,</strong></span> <span class='ocrx_word' id='word_1_906' title='bbox 2988 5393 3229 5463; x_wconf 75' lang='lat' dir='ltr'><strong>rapinazn</strong></span> <span class='ocrx_word' id='word_1_907' title='bbox 3286 5393 3457 5448; x_wconf 81' lang='lat' dir='ltr'><strong>invasi</strong></span> <span class='ocrx_word' id='word_1_908' title='bbox 3487 5395 3793 5451; x_wconf 72' lang='lat' dir='ltr'><strong>culminis:</strong></span> 
     </span>
    </p>
   </div>
   <div class='ocr_carea' id='block_1_116' title="bbox 2210 5528 3792 5618">
    <p class='ocr_par' dir='ltr' id='par_1_116' title="bbox 2210 5528 3792 5618">
     <span class='ocr_line' id='line_1_116' title="bbox 2210 5528 3792 5618; baseline 0.001 -18"><span class='ocrx_word' id='word_1_909' title='bbox 2210 5546 2548 5615; x_wconf 86' lang='lat' dir='ltr'><strong>Gregorium,</strong></span> <span class='ocrx_word' id='word_1_910' title='bbox 2579 5528 2787 5618; x_wconf 89' lang='lat' dir='ltr'><strong>liquet;</strong></span> <span class='ocrx_word' id='word_1_911' title='bbox 2841 5560 2962 5600; x_wconf 91' lang='lat' dir='ltr'><strong>cum</strong></span> <span class='ocrx_word' id='word_1_912' title='bbox 2990 5560 3055 5600; x_wconf 89' lang='lat' dir='ltr'><strong>ea</strong></span> <span class='ocrx_word' id='word_1_913' title='bbox 3078 5547 3239 5600; x_wconf 86' lang='lat' dir='ltr'><strong>verba</strong></span> <span class='ocrx_word' id='word_1_914' title='bbox 3263 5548 3614 5618; x_wconf 85' lang='lat' dir='ltr'><strong>exponendo,</strong></span> <span class='ocrx_word' id='word_1_915' title='bbox 3648 5548 3792 5618; x_wconf 76' lang='lat' dir='ltr'><strong>prius</strong></span> 
     </span>
    </p>
   </div>
   <div class='ocr_carea' id='block_1_117' title="bbox 2208 5616 3785 5687">
    <p class='ocr_par' dir='ltr' id='par_1_117' title="bbox 2208 5616 3785 5687">
     <span class='ocr_line' id='line_1_117' title="bbox 2208 5616 3785 5687; baseline -0.002 -15"><span class='ocrx_word' id='word_1_916' title='bbox 2208 5618 2388 5672; x_wconf 89' lang='lat' dir='ltr'><strong>dicat:</strong></span> <span class='ocrx_word' id='word_1_917' title='bbox 2420 5634 2510 5687; x_wconf 86' lang='lat' dir='ltr'><strong>per</strong></span> <span class='ocrx_word' id='word_1_918' title='bbox 2553 5617 2803 5683; x_wconf 85' lang='lat' dir='ltr'><strong>timorem,</strong></span> <span class='ocrx_word' id='word_1_919' title='bbox 2847 5624 2977 5682; x_wconf 89' lang='lat' dir='ltr'><strong>etc.,</strong></span> <span class='ocrx_word' id='word_1_920' title='bbox 3010 5625 3199 5686; x_wconf 88' lang='lat' dir='ltr'><strong>postea</strong></span> <span class='ocrx_word' id='word_1_921' title='bbox 3228 5634 3240 5669; x_wconf 87' lang='lat'><strong>:</strong></span> <span class='ocrx_word' id='word_1_922' title='bbox 3274 5616 3541 5671; x_wconf 80' lang='lat' dir='ltr'><strong>serviendo</strong></span> <span class='ocrx_word' id='word_1_923' title='bbox 3573 5616 3785 5685; x_wconf 54' lang='grc' dir='ltr'><strong>ἀίεις.</strong></span> 
     </span>
    </p>
   </div>
  </div>
