3962 6268
184 301 282 356 3'57

991 301 1055 356 IN
1097 302 1357 362 PRIMUM
1397 307 1633 364 REGUM
1674 305 2178 369 EXPOSITIUNES.
2222 346 2288 355 —
2327 318 2452 373 LIB.
2499 321 2559 374 V.

3254 371 3256 373 ›
3328 335 3435 394 338

179 418 282 471 Deo
313 408 565 466 oblivioni
588 411 836 466 traditam
864 413 1211 473 arbitrantur.
1239 418 1434 475 Secum
1461 435 1555 476 sua
1578 436 1742 493 opera
1776 423 1822 480 Α
1852 438 1968 477 rum
1991 425 2057 481 de
2080 426 2263 494 lsrael,
2294 431 2359 486 ad
2385 433 2636 502 virgines,
2669 446 2722 491 et
2752 438 3107 505 continentes,
3158 452 3211 496 et
3233 448 3436 502 verita-

180 509 469 569 numerant,
492 509 547 556 et
573 502 714 570 quod
747 512 941 573 przeter
962 505 1130 562 Deum
1157 519 1340 578 agunt,
1372 526 1402 566 a
1425 511 1536 568 Deo
1563 527 1742 569 remu-

1847 513 1912 565 tis
1940 513 2254 574 defensores
2281 523 2580 579 retulimus.
2616 525 2750 580 Dum
2777 543 2907 596 ergo
2936 529 3199 586 columba:
3229 535 3428 592 donum

177 592 455 651 perandum
486 599 697 662 putant.
752 594 853 661 Qui
901 605 1070 662 certe,
1116 608 1176 655 ut
1221 603 1420 658 rectius
1461 619 1564 671 ea,
1624 622 1738 676 quae

1847 598 2340 675 Jonathasdicitur,
2394 620 2448 664 et
2483 612 2534 665 in
2562 612 2761 680 Gabaa,
2796 592 2956 671 id'est
2999 619 3233 687 sublimi,
3289 624 3436 681 mil'e

174 693 347 754 agunt,
370 691 704 752 enumerent,
729 684 858 741 Saul
880 688 1073 758 abjecti
1105 699 1183 746 tot
1210 691 1368 748 fortia
1390 695 1530 750 facta
1555 712 1741 751 nume-

173 784 305 841 rent,
333 788 449 843 (παπ
475 774 687 830 divinus
713 792 967 832 numerus
989 794 1322 850 nequaquam
1357 792 1523 840 tenet.
1585 786 1740 842 Dicat

171 880 289 934 ergo
307 865 430 926 Saul
457 883 470 918 ί
499 864 713 921 Duobus
743 870 897 923 annis
919 873 1150 941 regnavit
1175 890 1330 944 super
1361 872 1549 944 Israel,
1587 885 1644 932 ut
1671 879 1740 935 de

167 955 404 1011 omnibus
427 957 693 1012 sentiatur
730 975 743 1011 :
775 959 900 1028 quia
941 961 1088 1030 quod
1125 962 1282 1018 nobis
1321 965 1564 1032 vivimus,
1597 983 1737 1023 mer-

166 1043 289 1098 cede
309 1053 597 1111 vacuatur;
630 1055 685 1101 et
715 1049 964 1117 nequiter
1011 1066 1262 1120 praeesse,
1312 1071 1418 1110 non
1463 1064 1546 1112 est
1591 1058 1736 1113 veri-

169 1142 244 1190 tas
287 1137 683 1204 pmeminendi,
741 1139 836 1195 sed
869 1140 1142 1197 temeritas
1170 1145 1451 1212 punienda:
1475 1163 1734 1217 prrsum-

167 1223 375 1294 ptioms.
440 1223 549 1282 Sed
608 1227 718 1296 jam
771 1229 898 1299 qui]
949 1230 1107 1287 unius
1161 1234 1287 1288 anni
1342 1251 1437 1290 rex
1504 1237 1731 1306 fecerit,

168 1313 451 1376 audiamus.

227 1405 394 1474 (Vers.
427 1405 509 1477 2.)
558 1407 626 1461 Et
663 1411 816 1482 elegit
865 1412 1000 1468 Saul
1027 1415 1130 1468 tria
1159 1417 1324 1471 millia
1351 1419 1414 1472 de
1443 1417 1630 1488 Israel,
1683 1432 1735 1476 et

161 1505 436 1550 erantcum
467 1496 600 1552 Saul
646 1499 748 1554 duo
779 1501 945 1556 millia
973 1504 1028 1558 in
1059 1502 1320 1575 Magmas,
1367 1518 1414 1563 et
1456 1511 1510 1563 in
1558 1520 1732 1567 monte

163 1583 326 1638 Betth
339 1602 357 1650 ;
387 1587 532 1641 mille
559 1597 730 1643 autem
749 1608 864 1645 cum
891 1584 1120 1648 lauat/ta
1147 1597 1202 1650 in
1225 1597 1405 1653 Gabaa
1428 1600 1724 1672 Benjamin.

221 1674 271 1727 2.
321 1672 654 1732 Millenarius
680 1695 958 1748 numerus,
1009 1684 1100 1753 qui
1141 1700 1171 1740 a
1200 1693 1513 1747 centenario
1545 1691 1726 1750 decies

1843 707 1964 746 cum
1991 706 2058 747 eo
2081 709 2199 748 esse
2236 697 2336 751 viri
2369 701 2745 766 perhibentur:
2773 705 2898 772 quid
2929 706 3093 773 aliud,
3117 723 3278 776 quam
3312 713 3433 770 illos

1841 781 2098 849 insinuat;
2127 784 2218 854 qui
2246 785 2576 844 lucidissimo
2606 793 2766 862 280
2814 793 3136 860 virginitatis
3158 803 3419 870 exemplo,

1839 869 1958 925 aliis
1984 871 2226 939 praebent
2245 873 2485 943 ejusdem
2514 893 2756 933 normam
2787 882 3046 949 pudoris?
3076 883 3220 941 Bene
3250 869 3428 945 autent

1837 959 2100 1016 columba:
2127 962 2346 1030 donum,
2395 965 2671 1023 institutor
2717 969 2981 1036 virginum
3011 972 3208 1029 dicitur
3251 993 3264 1029 :
3298 978 3423 1046 quia

1836 1049 2246 1122 incomparabili
2289 1057 2460 1125 gratia
2517 1057 2747 1128 Spiritus
2787 1063 2960 1118 sancti
3005 1064 3258 1136 efficitur,
3302 1079 3361 1123 ut
3391 1086 3427 1126 a-

1836 1142 2176 1199 manentibus
2222 1143 2278 1200 in
2333 1161 2519 1214 carne,
2570 1151 2747 1206 carnis
2801 1156 3090 1224 corruptio,
3129 1160 3422 1216 nesciatur.

1834 1227 1980 1284 Bene
2006 1238 2061 1285 et
2087 1231 2142 1286 in
2162 1233 2376 1290 sublimi
2405 1250 2531 1292 esse
2548 1239 2778 1307 virgines
2807 1241 3090 1298 dicuntur:
3122 1249 3248 1315 quia
3273 1250 3422 1318 quod

1834 1324 2083 1372 naturam
2114 1319 2403 1377 humanam
2434 1329 2856 1396 supergreditur,
2885 1332 2936 1386 in
2966 1334 3226 1391 altissimo
3257 1340 3424 1395 virtu-

1835 1415 1946 1461 tum
1971 1411 2205 1468 culmine
2259 1414 2420 1470 situm
2457 1430 2558 1473 est.
2615 1419 2766 1476 Unde
2795 1432 2849 1478 et
2901 1425 3050 1494 virgo
3080 1427 3170 1482 ille
3195 1428 3423 1488 dilectus

1833 1501 1958 1557 Jesu
2007 1505 2189 1560 locum
2243 1509 2509 1578 virginum
2558 1511 2853 1580 insinuans,
2902 1517 2980 1570 ait
3031 1536 3044 1571 :
3097 1519 3219 1574 Vidi
3261 1539 3422 1593 supra

1831 1603 2055 1648 montem
2080 1596 2208 1652 Sion
2235 1615 2430 1668 agnum
2456 1609 2699 1667 stantem,
2743 1615 2792 1658 et
2817 1621 2929 1660 cum
2951 1625 3009 1662 eo
3051 1619 3259 1665 centum
3289 1630 3419 1683 qua-

1831 1681 2076 1755 draginta
2102 1695 2323 1754 quatuor
2341 1690 2530 1757 millia,
2586 1693 2826 1748 habentia
2857 1714 3040 1752 nomen
3062 1701 3196 1771 ejus,
3256 1681 3310 1757 et
3335 1721 3422 1759 no-

162 1764 369 1820 collecto
402 1768 702 1836 perﬁcitur,
758 1786 1020 1828 summam
1073 1777 1422 1845 perfectionis
1468 1781 1722 1838 insinuat.

1832 1791 1948 1829 men
1974 1777 2136 1844 patris
2158 1779 2268 1848 ejus
2296 1782 2542 1850 scriptum
2564 1784 2618 1837 in
2666 1787 2922 1856 frontibus
2943 1791 3054 1843 suis
3084 1764 3277 1862 ⁷(Αροε.
3304 1810 3416 1864 xw,

161 1852 248 1918 Qui
297 1853 544 1921 profecto
597 1872 718 1912 cum
763 1869 847 1916 ter
888 1865 1172 1934 repetitur,
1227 1868 1281 1922 in
1329 1885 1394 1926 eo
1433 1872 1728 1930 electorum

160 1941 506 2013 perfectiones
526 1948 689 2006 varia:
708 1951 1075 2022 designantur.
1118 1957 1246 2014 Saul
1279 1975 1408 2031 ergo
1437 1965 1538 2019 tria
1561 1966 1727 2022 millia

160 2033 377 2088 virorum
401 2036 473 2092 de
516 2037 682 2093 Israel
719 2042 882 2112 elegit
912 2061 927 2098 τ
954 2046 1081 2115 quia
1119 2050 1442 2120 prtedicator
1486 2056 1729 2114 veritatis

159 2123 219 2177 ad
241 2123 602 2182 defensionem
631 2138 830 2186 sancte
851 2131 1104 2192 Ecclesiae
1130 2152 1240 2194 non
1283 2139 1525 2200 inﬁrmos
1553 2153 1609 2200 et
1628 2145 1726 2201 de-

157 2211 296 2279 biles,
323 2214 418 2268 sed
453 2215 713 2274 robustos
766 2229 822 2276 et
853 2223 1055 2281 validos
1081 2227 1374 2287 bellatores
1401 2233 1567 2290 ducit.
1603 2235 1728 2292 Tria

159 2303 338 2372 quippe
365 2305 534 2360 millia
561 2323 680 2364 esse
703 2311 1054 2379 perhibentur
1085 2335 1099 2371 :
1130 2319 1255 2389 quia
1279 2321 1332 2376 in
1363 2339 1571 2381 summa
1602 2343 1727 2398 per-

157 2392 380 2449 fectionis
422 2395 594 2464 lacie,
647 2401 882 2470 virgines
923 2407 1200 2475 proferunt
1231 2429 1246 2466 :
1271 2411 1425 2482 juxta
1479 2392 1617 2486 quos
1670 2429 1727 2476 et

157 2483 500 2552 continentes,
558 2498 613 2544 et
659 2493 898 2550 veritatis
950 2499 1259 2558 defensores
1310 2483 1536 2573 ponunt.
1588 2509 1723 2564 Dum

160 2572 288 2626 enim
313 2577 566 2645 exemplo
588 2579 848 2649 virginum
897 2585 965 2639 ad
993 2602 1258 2646 summam
1307 2593 1725 2669 incorruptionis

160 2660 279 2716 alios
305 2664 631 2734 accendunt,
655 2669 781 2724 dum
823 2676 1212 2735 continentium
1242 2683 1348 2738 vita
1378 2686 1513 2742 alios
1560 2703 1591 2744 a
1619 2705 1723 2743 sa:-

159 2750 246 2804 culi
269 2756 704 2824 corruptionibus
725 2761 990 2830 auferunt,
1012 2767 1138 2822 dum
1168 2771 1448 2830 humilium
1479 2778 1726 2835 debilita-

160 2847 252 2894 tem
279 2857 373 2911 per
396 2847 603 2903 auxilia
632 2855 930 2920 potentium
960 2859 1274 2930 defendunt,
1320 2878 1507 2924 contra
1535 2871 1721 2929 hostes

159 2941 334 2987 sancta:
360 2933 626 2994 Ecclesiae
653 2941 778 2998 boni
801 2945 1052 3005 doctores
1072 2955 1224 3021 quasi
1257 2971 1377 3012 cum
1415 2960 1584 3017 tribus
1611 2964 1723 3019 ele-

159 3027 344 3077 ctorum
390 3026 635 3084 virorum
678 3031 914 3091 millibus
963 3039 1205 3096 veniunt.
1257 3043 1368 3101 Viri
1408 3055 1590 3105 autem
1635 3051 1717 3106 di~

1835 1862 1910 1934 1).
1938 1862 2085 1931 Quos
2107 1867 2266 1921 etiam
2299 1883 2364 1922 ex
2395 1870 2515 1926 luce
2567 1874 2799 1942 prOpiiae
2825 1879 3250 1937 conversationis
3292 1883 3418 1936 insi-

1833 1963 1980 2018 nuat,
2012 1955 2196 2011 dicens
2229 1975 2241 2012 :
2274 1959 2348 2012 lli
2374 1970 2513 2028 sunt,
2566 1965 2651 2033 qui
2685 1981 2801 2018 cum
2822 1966 3116 2023 mufieribus
3148 1987 3250 2025 non
3299 1980 3418 2026 sunt

1831 2045 2167 2115 coinquinari,
2210 2048 2430 2120 uirgines
2459 2051 2597 2106 enim
2625 2062 2762 2120 sunt,
2811 2065 2860 2110 et
2909 2068 3189 2128 sequuntur
3228 2079 3418 2132 agnum

1829 2150 2141 2208 quocumque
2183 2139 2301 2193 ierit
2353 2141 2639 2217 (Ιὸὶάηιί).
2697 2145 2754 2200 In
2786 2156 2973 2203 monte
3029 2151 3246 2220 quidem
3297 2170 3418 2210 esse

1829 2241 1951 2281 cum
1972 2240 2108 2296 agno
2129 2229 2407 2299 dicuntur;
2439 2235 2563 2302 quia
2589 2251 2687 2304 per
2702 2254 2786 2294 me
2817 2239 2949 2294 itum
2974 2242 3412 2313 incorruptionis,

1827 2329 1936 2384 quo
1962 2332 1992 2371 a
2017 2323 2240 2376 terrenis
2267 2331 2322 2377 et
2361 2325 2666 2381 carnalibus
2713 2329 3163 2389 delectationibus
3192 2351 3251 2390 se
3282 2337 3414 2392 divi-

1825 2404 1978 2471 dunt,
2023 2407 2076 2461 in
2101 2423 2336 2480 superna
2390 2411 2766 2484 Redemptoris
2811 2420 2982 2487 gloria
3029 2423 3405 2481 sublimantur.

1825 2491 1961 2549 Cum
1989 2495 2118 2552 Saul
2141 2515 2268 2556 vero
2300 2501 2409 2558 duo
2439 2505 2604 2560 millia
2626 2523 2745 2565 esse
2775 2509 3028 2566 dicuntur
3057 2516 3108 2569 in
3150 2513 3407 2584 Magmas,

1825 2590 1881 2637 et
1909 2584 1964 2639 in
1991 2596 2175 2642 monte
2203 2587 2409 2646 Bethel.
2435 2591 2671 2662 Magmas
2699 2611 2817 2666 qua:
2847 2599 3116 2670 humilitas
3146 2604 3412 2675 interpre-

1825 2679 1991 2738 tatur,
2021 2674 2151 2743 quid
2179 2675 2344 2745 aliud,
2365 2693 2525 2748 quam
2549 2685 2939 2742 continentium
2961 2691 3212 2746 ruborem
3239 2694 3409 2762 signi-

1826 2758 1984 2816 ﬁcat?
2010 2761 2145 2816 Nam
2166 2764 2289 2819 dum
2318 2769 2588 2836 praeterita
2615 2774 2794 2830 carnis
2822 2777 3220 2835 oblectamenta
3251 2790 3408 2839 reCo-

1823 2849 1960 2920 lunt,
2016 2855 2362 2915 erubescunt.
2417 2859 2523 2915 Sed
2569 2865 2697 2934 quia
2748 2868 2847 2922 viri
2895 2869 3062 2927 fortes
3090 2883 3238 2942 sunt,
3282 2893 3406 2932 cum

1823 2937 1951 2995 Saul
1979 2956 2097 2997 esse
2125 2943 2431 3002 referuntur
2462 2967 2475 3016 ;
2507 2959 2560 3006 et
2585 2952 2710 3008 dum
2733 2965 2954 3026 experta
2991 2962 3172 3017 saeculi
3197 2937 3406 3020 blandi-

1821 3037 2001 3084 menta
2029 3030 2352 3104 despiciunt,
2390 3041 2639 3111 exemplo
2672 3059 2784 3098 sun
2823 3048 3036 3103 virtutis
3086 3051 3402 3112 innumeros

156 3123 328 3170 cum“,
352 3131 452 3187 pro
478 3119 815 3193 “unumne,
845 3126 912 3182 de
933 3128 1092 3186 Israel
1126 3146 1246 3188 esse
1270 3135 1575 3193 remum,“
1614 3157 1712 3211 pro
1745 3151 1787 3213 Ο
1821 3118 1960 3174 alios
1989 3120 2078 3213 ad-
2114 3123 2352 3192 ejusdem
2401 3131 2583 3186 saeculi
2612 3141 2982 3207 contemptum
3011 3143 3248 3198 trahunt.
3292 3145 3407 3202 Sed

155 3200 313 3259 divina
356 3212 836 3281 contemplatione.
895 3216 952 3272 In
993 3235 1204 3277 summo
1235 3227 1377 3281 enim
1400 3200 1716 3289 defectionis

1819 3215 2000 3264 tamen
2028 3209 2262 3282 Magmas
2291 3216 2589 3276 inhabitant
2619 3240 2632 3275 :
2668 3225 2792 3293 quia
2823 3225 2952 3282 dum
2973 3231 3238 3298 recolunt,
3271 3250 3401 3303 qua.-

153 3307 356 3354 ποωετο
381 3301 653 3358 comineﬁ
702 3321 810 3362 non
863 3319 1059 3379 pom“,
1105 3315 1196 3383 qui
1227 3327 1318 3372 au,
1346 3320 1540 3378 vim)“,
1566 3333 1716 3381 eam,
1817 3300 1896 3356 les
1916 3299 2206 3393 fueruntin
2232 3309 2454 3379 smculo,
2500 3315 2777 3383 superbire
2807 3333 2912 3374 non
2942 3332 3189 3390 possunt,
3211 3326 3278 3380 de
3309 3342 3401 3393 eo,

151 3387 308 3452 magni
336 3390 538 3458 operis,
571 3396 873 3452 aumamia
924 3391 1414 3464 “nernm'visionis.
1456 3411 1592 3478 Quid
1629 3422 1712 3469 es,
1813 3392 1959 3460 quod
1990 3409 2214 3464 magnos
2233 3413 2292 3453 se
2320 3400 2504 3456 vident
2540 3418 2659 3460 esse
2705 3407 2756 3461 in
2787 3408 2916 3464 Deo.
2967 3409 3066 3478 Qui
3106 3415 3244 3470 bene
3275 3435 3394 3472 cum

149 3479 278 3540 quod
297 3476 382 3532 alii
400 3494 526 3534 cum
548 3480 699 3548 Saul,
748 3485 840 3540 alii
867 3501 989 3544 cum
1016 3489 1249 3550 Jonatha
1279 3511 1345 3551 ex
1370 3476 1557 3557 electis
1582 3502 1710 3557 viris

151 3577 257 3618 esse
280 3567 670 3634 perhibentur?
721 3573 828 3631 Sed
858 3587 916 3632 et
943 3579 1057 3649 ipsa
1086 3583 1327 3642 locorum
1369 3604 1605 3659 nomina,
1652 3593 1706 3648 in

148 3650 324 3718 quibus
345 3669 461 3712 esse
487 3659 760 3730 dicuntur,
793 3671 1062 3737 mysteriis
1083 3689 1270 3730 vacua»
1301 3679 1572 3740 credenda
1599 3697 1704 3737 non

1812 3478 1941 3535 Saul
1967 3495 2086 3538 esse
2108 3485 2431 3556 referuntur,
2465 3493 2556 3560 qui
2579 3497 2767 3562 petitio
2797 3497 3013 3556 dicitur.
3068 3502 3239 3561 Prcedi
3276 3520 3398 3564 ator

1811 3571 2008 3628 etenim
2039 3577 2280 3633 veritatis
2321 3587 2484 3636 tanta:
2512 3583 2788 3642 charitatis
2817 3603 2935 3645 esse
2983 3591 3164 3661 debet,
3226 3606 3282 3652 ut
3308 3599 3402 3654 in-

1811 3663 1971 3717 stanti
2025 3664 2291 3723 desiderio
2322 3686 2429 3726 non
2461 3675 2678 3742 petitor,
2728 3681 2822 3735 sed
2868 3685 3058 3752 petitio
3101 3702 3222 3743 esse
3265 3706 3392 3746 seno

143 3750 270 3797 sum.
302 3743 583 3818 jonamas,
635 3756 724 3824 qui
779 3757 916 3816 ﬁlius
936 3763 1078 3832 regis
1104 3779 1225 3821 esse
1254 3763 1596 3841 describuur’
1651 3784 1708 3829 ει
1811 3751 1990 3841 tiatur.
2050 3754 2289 3814 Salutem
2311 3762 2511 3832 quippe
2555 3765 2786 3823 fidelium
2829 3778 2939 3826 tam
2982 3775 3266 3834 instantius
3296 3783 3393 3838 de—

147 3839 334 3896 partem
358 3836 683 3896 bellatorum
714 3844 898 3913 habet,
925 3865 1020 3906 eos
1050 3851 1300 3922 profecto
1328 3836 1593 3926 insinuat,
1613 3865 1703 3932 qui

143 3921 189 3972 in
203 3927 592 3989 praedicationis
619 3935 920 3993 ministerio
943 3921 1221 3998 doctorum
1248 3947 1526 4016 adjutores
1554 3921 1699 4008 sunt.

141 4005 244 4064 Filii
266 4015 461 4084 quippe
489 4033 682 4076 eorum
727 4033 853 4079 sunt
884 4044 896 4078 :
932 4030 1058 4096 quia
1086 4005 1435 4092 vehementer
1459 4054 1553 4096 eos
1579 4041 1670 4097 dili

141 4111 276 4170 gunt,
298 4120 528 4195 quorum
551 4111 851 4172 ministerio
880 4116 994 4173 Deo
1019 4132 1365 4188 generantur.
1426 4127 1530 4185 Sed
1560 4134 1699 4201 parti

141 4185 436 4251 bellatorum
489 4211 774 4269 pnesuut:
820 4208 946 4276 quia
992 4185 1190 4267 sancta:
1220 4213 1474 4282 Ecclesia:
1514 4185 1699 4278 curam

1809 3839 1900 3896 bet
1930 3851 2205 3912 appetere,
2239 3855 2298 3901 ut
2320 3864 2386 3903 ex
2409 3866 2504 3904 usu
2537 3853 2729 3909 interni
2759 3867 2965 3926 gustus,
3023 3879 3238 3921 onmem
3270 3885 3388 3924 mo-

1807 3937 1920 3985 tum
1962 3933 2138 3990 cordis
2185 3937 2236 3991 in
2283 3937 2532 3997 allectum
2576 3945 2738 4002 ducat
2771 3952 3200 4020 supplicationis.
3253 3961 3394 4018 Cum-

1806 4037 1915 4092 quo
1943 4025 2089 4080 mille
2113 4029 2213 4084 viri
2235 4040 2391 4086 sunt:
2423 4037 2547 4103 quia
2588 4038 2941 4107 perfectiores
2969 4047 3243 4108 auditores
3264 4068 3387 4110 eum

1804 4115 1992 4172 electis
2047 4119 2358 4180 doctoribus
2405 4127 2458 4181 in
2507 4129 2773 4190 charitate
2801 4140 3145 4208 conveniunt,
3189 4153 3244 4200 et
3287 4163 3409 4217 pro.

1803 4205 1976 4261 salute
2003 4206 2236 4266 fidelium
2268 4217 2688 4286 omnipotentem
2714 4223 2996 4282 Dominum
3027 4205 3389 4292 communiter

139 4291 329 4349 gemat,
380 4297 439 4341 et
460 4293 715 4362 exemplo
753 4295 907 4364 alios,
960 4299 1096 4356 alios
1124 4317 1252 4360 vero
1305 4307 1699 4368 exhortationi-

139 4367 502 4396 ι..-,.ι--.κν
627 4383 688 4396 ⁸-
738 4392 748 4396 -
1032 4391 1046 4396 -
1231 4395 1247 4396 ί

1821 4292 2183 4364 Ieprecantur.
2213 4300 2271 4355 In
2303 4303 2540 4372 Magmas
2578 4323 2706 4378 ergo
2738 4327 2860 4368 cum
2903 4330 3030 4385 rege
3057 4330 3183 4376 sunt
3215 4342 3227 4376 :
3259 4326 3396 4396 quia,

137 4367 222 4426 bus
245 4374 307 4427 ad
328 4391 569 4435 amorem
589 4383 844 4440 virtutum
865 4391 1183 4457 provehunt.
1215 4395 1376 4462 Quasi
1406 4402 1547 4456 enim
1578 4420 1695 4461 ma-

1801 4379 2158 4442 humilitatem
2191 4405 2290 4459 pro
2329 4408 2388 4448 se
2433 4394 2718 4466 incolunt;
2775 4412 2832 4457 ut
2871 4379 3112 4463 exaudiri
3143 4428 3242 4481 pro
3265 4379 3384 4469 aliis

134 4469 248 4524 guns
270 4479 365 4519 rex
397 4467 565 4524 lilium
592 4472 644 4527 in
667 4478 962 4535 exercitum
992 4484 1240 4552 miserat,
1267 4489 1358 4556 qui
1402 4490 1694 4555 Corinthiis
1721 4510 1780 4572 υ
1800 4483 2124 4572 tim"-
2149 4477 2254 4534 Sed
2283 4481 2410 4538 dum
2434 4486 2639 4544 θιθθίυδ
2667 4490 2860 4548 dom)"
2883 4499 3130 4556 omnibus
3157 4505 3385 4562 δυωίίίε

135 4546 325 4572 .--μμ
344 4563 356 4572 ,
511 4559 544 4572 ..
786 4564 807 4572 -
834 4567 845 4572 -

134 4546 448 4622 loquebatur,
491 4559 722 4618 dicens:
776 4564 904 4623 Ideo
934 4573 1054 4626 misi
1098 4575 1168 4630 ad
1346 4546 1689 4654 Timet/lentu;

132 4643 205 4708 qui
227 4655 299 4698 est
318 4647 462 4714 ﬁlius
492 4669 635 4708 meus
677 4655 1024 4726 eharissimus,
1049 4673 1100 4720 et
1118 4669 1311 4736 ﬁdelis,
1337 4672 1391 4726 in
1417 4673 1641 4734 Domino

128 4745 201 4829 qut
228 4748 308 4789 vos
334 4746 767 4815 commonefaciat
794 4750 900 4806 vias
924 4769 1084 4822 meas,
1108 4775 1222 4829 quia
1249 4773 1367 4816 sunt
1397 4767 1449 4819 in
1485 4766 1688 4826 Christo

1798 4561 2000 4618 utiliter
2051 4576 2264 4634 praeest,
2304 4572 2546 4629 omnium
2575 4578 2799 4635 virtutes
2852 4585 2917 4637 ad
2951 4587 3190 4644 victoria:
3219 4606 3377 4647 coro-

1798 4665 1895 4705 nas
1924 4666 2223 4721 promovet.
2255 4658 2389 4714 Nam
2417 4677 2538 4718 cum
2581 4666 2868 4726 humilibus
2906 4677 3188 4744 supplicat,
3254 4697 3380 4737 cum

1797 4739 2023 4797 fortibus
2052 4756 2272 4814 pugnat,
2323 4765 2446 4806 cum
2483 4757 2706 4812 remotis
2755 4761 2903 4828 viris,
2936 4739 3268 4824 orationibus
3299 4773 3388 4826 in-.

126 4814 254 4888 ιω,
279 4825 409 4881 da,
435 4831 496 4884 in
524 4814 762 4890 omnibus
800 4838 1048 4900 Emam
1072 4814 1688 4932 ἐλησιονᾷἧιωάξᾶξᾶ
1793 4833 1953 4899 sistit,
2001 4851 2121 4891 cum
2149 4843 2409 4909 expositis
2437 4843 2693 4902 Ecclesia:
2741 4850 3137 4923 defensoribus,
3162 4860 3367 4918 debiles

128 4905 218 4932 η,
257 4928 291 4932 μ
352 4917 431 4932 .-.
492 4919 550 4932 .-.
647 4925 660 4932 -
820 4929 849 4932 ρ

127 4905 232 4964 εον,
255 4917 459 4989 "’17).
485 4919 626 4978 Hinc
645 4925 772 4981 item
801 4929 964 4986 dicit:
998 4936 1125 4992 Cum
1147 4905 1683 5018 veneantéagu;
1791 4933 1846 4979 et
1876 4925 2115 4982 infirmos
2150 4905 2403 5000 protegit.
2459 4935 2603 4992 Bene
2630 4953 2760 5008 ergo
2801 4957 2906 4996 non
2938 4945 3110 5000 solum
3157 4949 3208 5002 in
3253 4950 3368 5005 Ma-

125 4999 273 5061 ,Μαι
294 5015 351 5060 ιι
373 5011 491 5065 ,εηε
519 5015 701 5071 ﬁmo"
725 5019 797 5072 δίε.
819 5024 962 5091 apud
988 5041 1111 5082 υσεδ
1141 5046 1270 5099 φη,
1294 4999 1695 5095 επεηίῇοῶξλξ
1788 5026 1966 5083 gmas,
1986 5020 2078 5074 sed
2108 5021 2160 5075 in
2183 4999 2363 5081 monte
2390 5025 2578 5084 Bethel
2605 5045 2724 5087 esse
2752 5050 2874 5089 cum
2901 5035 3028 5092 Saul
3053 5040 3106 5093 in
3148 5041 3378 5101 bellato-.

125 5105 361 5166 operatur,
390 5102 528 5156 sicut
548 5120 647 5175 ego
667 5106 724 5178 (I
745 5109 866 5166 Cor.
889 5129 1000 5182 XVI,
1027 5116 1135 5188 10).

1786 5122 1905 5162 rum
1926 5110 2160 5169 millibus
2189 5115 2438 5173 dicuntur
2472 5138 2486 5174 :
2515 5123 2638 5190 quia
2664 5128 2984 5194 prmdicator
3013 5131 3267 5191 Ecclesiae
3299 5141 3375 5192 si-

182 5190 229 5244 5.
257 5192 520 5254 Jonatbas
547 5218 675 5260 vero
695 5222 816 5264 cum
836 5213 983 5268 mille
1011 5217 1140 5273 viris
1167 5219 1220 5275 in
1259 5221 1440 5280 Gabaa
1482 5227 1682 5300 Benja-
1786 5200 2479 5329 ἓξηξςὶἷζῖίεοῆῖτξὲςξξξῗ
2507 5214 3249 5329 Αθέξῗξοΐιξὶιξιήρςαῗθιξιίηειλ
3300 5231 3374 5284 ita

182 5298 216 5329 ,n
235 5299 350 5329 an
369 5290 574 5329 ,ίίρίιιη-
622 5296 747 5329 ea":
775 5311 948 5329 -...--.-
975 5322 1089 5329 ---μ
1149 5313 1164 5329 .
1245 5315 1258 5329 .
1629 5327 1639 5329 -

126 5281 216 5335 min
235 5299 350 5343 esse
369 5290 591 5360 dicitur,
621 5296 747 5354 Saul
774 5311 951 5360 autem
969 5322 1094 5364 cum
1132 5313 1342 5371 duobus
1372 5281 1686 5381 millibus
1998 5305 2117 5348 esse
2147 5307 2469 5365 coapemmr
2505 5301 2686 5360 debet'
2743 5308 2931 5365 Remel
2956 5315 3180 5385 (μήρρῆ
3201 5318 3250 5372 id
3285 5331 3368 5375 es‘

128 5364 353 5482 ἔδεισας,
399 5381 537 5436 etin
568 5396 752 5444 monte
799 5391 1010 5451 Betbel.
1069 5399 1274 5468 Gabaa,
1322 5415 1380 5462 ut
1406 5425 1548 5482 saepe
1569 5413 1680 5482 jam

1786 5374 1880 5429 Dei
1910 5377 2128 5435 domum
2176 5389 2507 5458 custodiunt,
2549 5396 2640 5462 qui
2687 5400 2836 5454 verbi
2885 5374 3206 5462 auctori-tate
3253 5425 3350 5464 san

125 5459 345 5535 diximus,
376 5472 625 5531 sublimis
654 5478 1067 5552 ίυιενρτειδωη
1092 5459 1680 5573 Μθεηέπίὴῌῖῐςίῖὶίέξξ
1783 5471 1924 5568 ctam
1955 5468 2248 5592 defendunt
2301 5477 2635 5588 Ecclesiam.‘
2659 5486 2792 5592 Cum
2822 5493 3147 5592 'quibusque
3180 5506 3368 5567 tyrau.

127 5547 287 5592 Βριιιαι
331 5561 528 5592 ,ιηηηη
562 5566 684 5592 n-:-
717 5570 842 5592 (κη.
969 5581 1046 5592 -...
1170 5583 1191 5592 -
1326 5589 1339 5592 _
1783 5571 1865 5592 nnc
1917 5573 2050 5592 anno
2115 5579 2126 5592 .
2171 5579 2274 5592 Α-..
2329 5580 2612 5592 ..---.Αηημ

127 5547 308 5623 semel,
331 5561 532 5620 domm
560 5566 686 5636 Dei;
717 5547 862 5642 sam,
894 5581 1118 5648 penna;
1917 5573 2050 5616 voce
2093 5562 2278 5657 liberae
2327 5574 2667 5633 auctoritatis
2713 5580 2953 5651 obviant,
3012 5601 3135 5639 cum
3178 5599 3385 5650 contra.

126 5637 194 5693 bit:
217 5643 406 5707 donum
437 5651 652 5714 dicitur.
702 5659 823 5720 Tria
849 5637 984 5724 vero
1781 5647 1938 5719 huius
1966 5653 2144 5712 saeculi
2199 5667 2449 5730 pmemcs
2499 5681 2558 5721 se
2613 5669 2844 5739 erigum’
2897 5689 3019 5732 cum
3050 5692 3147 5746 Pw
3177 5678 3332 5736 delc"
3351 5719 3386 5734 ‘"
