3962 6272
551 374 655 431 559

1768 338 2008 397 SANCTI
2051 330 2376 389 GliEGORlI
2417 322 2628 385 MAC'NI

3702 305 3788 366 310

554 493 707 547 sione
746 479 1029 538 nummum
1053 514 1066 537 ν
1115 467 1294 527 saeculi
1344 462 1502 531 hujus
1531 454 1888 529 potestatibus
1913 462 2129 507 contra-
2166 455 2210 507 A
2239 445 2375 498 modi
2401 444 2613 511 famam.
2645 436 2904 489 Percussit
2938 429 3068 483 Saul
3114 425 3383 478 stationem
3414 414 3787 487 Philistinorum,

1848 546 1855 547 ,
1917 544 1948 547 --
2469 543 2479 547 -
2615 529 2634 547 ι
2708 545 2725 547 ,Α
2761 527 2773 547 ι
2809 525 3043 547 -.ι-,----.,-
3105 518 3393 547 [κάκου-η..
3460 513 3691 547 Γιηνηηκὶι
3728 533 3787 547 ...Α

557 544 761 636 dicunt.
812 568 998 626 Betth
1054 566 1272 619 domum
1314 557 1403 611 Dei
1426 552 1577 624 quasi
1610 550 1750 617 regis
1775 556 1798 579 ει
1846 544 2139 599 bellatores

558 666 888 726 custodiunt.
931 659 1033 725 Qui
1082 662 1232 710 certe
1283 664 1406 704 cum
1455 643 1583 700 Saul
1622 655 1742 696 esse
1787 636 2135 693 referuntur:

560 759 687 828 quia
734 756 787 809 in
834 748 1150 806 defensione
1186 738 1441 796 Ecclesia:
1489 745 1804 800 magnorum
1856 726 2140 779 doctorum

563 847 905 915 coadjutores
945 846 1090 893 sunt.
1145 834 1291 887 Bene
1320 837 1498 884 autem
1545 824 1612 878 de
1648 820 1867 888 reliquis
1902 815 2093 870 dicitur
2125 830 2138 866 :

640 959 815 1028 (Vers.
845 954 925 1020 2.)
974 953 1138 1005 Porro
1184 955 1422 1000 crateram
1451 936 1695 1010 populum
1740 930 1937 987 remisit
1960 943 2144 981 unum-

566 1065 812 1122 quemque
830 1048 883 1101 in
908 1038 1241 1098 tabernacula
1268 1053 1382 1090 sua.

640 1163 693 1216 Δ.
724 1160 987 1213 Caeterum
1015 1150 1269 1223 populum
1306 1144 1470 1207 dicit,
1501 1154 1660 1209 quem
1691 1132 2021 1190 millenarius
2050 1143 2149 1181 nu—

572 1270 751 1311 merus
804 1266 910 1306 non
966 1241 1257 1302 concludit.
1313 1236 1370 1291 In
1426 1230 1770 1288 tabernacula
1798 1224 2024 1294 quisque
2052 1233 2147 1273 sua

572 1346 883 1406 remittitur,
941 1339 1067 1409 quia
1098 1336 1163 1389 ad
1189 1344 1395 1388 summa
1445 1334 1501 1381 et
1530 1322 1685 1377 fortia
1735 1331 1899 1387 opera
1928 1310 2147 1373 infirmi,

573 1451 629 1495 et
657 1433 956 1508 imperfecti
987 1423 1316 1499 producendi
1344 1435 1448 1475 non
1477 1425 1623 1472 sunt.
1675 1412 1805 1466 Nam
1858 1422 1958 1459 nec
1984 1403 2151 1459 conti-

574 1539 783 1594 nentes,
807 1541 905 1579 nec
931 1520 1188 1589 virgine=,
1220 1529 1320 1569 nec
1349 1518 1618 1579 martyres
1649 1503 1762 1557 fieri
1793 1499 1998 1554 debiles
2027 1509 2151 1563 pos-

574 1631 717 1680 sunt.
746 1621 904 1692 233
935 1586 1044 1667 illis
1072 1608 1310 1676 quidem,
1352 1610 1413 1656 ut
1438 1600 1506 1655 ad
1534 1614 1629 1653 eos
1657 1592 1929 1664 przeterita
1977 1586 2155 1642 carnis

576 1714 965 1768 oblectamenta
992 1719 1099 1757 non
1128 1698 1350 1753 releant
1378 1712 1390 1745 :
1423 1691 1556 1754 istis,
1586 1696 1642 1741 ut
1674 1687 1951 1752 inexperta
1978 1676 2157 1734 carnis

2243 547 2291 589 et
2318 543 2480 588 erext
2523 548 2577 584 se
2608 529 2725 582 Isra
2757 527 2773 579 l
2800 525 3044 577 adversus
3099 518 3415 571 Philistrzos.
3460 513 3691 568 Clamavit
3725 533 3790 569 er-

2243 646 2307 700 go
2333 627 2552 697 populus
2577 632 2688 692 post
2720 618 2850 673 Saul
2872 618 2924 668 in
2955 612 3201 682 Galjala.

2315 695 2366 770 (i.
2400 695 2655 771 Percussa
2709 710 2907 778 quippe
2952 702 3356 757 Philistinorum
3400 695 3654 757 statione,
3686 697 3791 751 Saul

2246 809 2471 864 buccina
2500 804 2663 868 canit,
2691 810 2742 856 et
2771 807 2890 869 post
2918 795 3045 851 Saul
3070 792 3300 863 populus
3326 788 3525 843 clamat
3549 802 3563 839 :
3587 787 3693 854 quia
3718 801 3794 838 an-

2245 900 2384 954 ditas
2430 897 2723 950 electorum
2756 890 2978 942 virtutes
3008 883 3179 938 sancti
3227 877 3600 950 praedicatores
3641 876 3793 942 pacti.

2247 999 2391 1052 cant,
2423 996 2477 1042 et
2502 985 2682 1042 subdit
2710 996 2838 1036 rum
2866 978 3029 1033 corda
3056 974 3121 1028 ad
3153 968 3460 1038 exemplum
3490 964 3607 1019 boni
3644 963 3794 1031 operis

2248 1082 2598 1138 inflammant.
2624 1074 2860 1128 Buccina
2883 1068 3098 1137 quidem
3126 1075 3341 1122 canere,
3375 1064 3460 1112 est
3483 1063 3534 1110 et
3554 1055 3794 1108 victoriam

2252 1173 2523 1234 rmntiare,
2565 1176 2619 1221 et
2658 1162 2908 1231 exemplo
2951 1158 3215 1211 victorum
3260 1150 3490 1204 aliorum
3536 1153 3721 1199 mentes
3747 1144 3798 1195 al

2250 1261 2542 1336 spiritualis
2588 1256 2714 1312 belli
2758 1250 3091 1323 propositum
3140 1243 3399 1298 excitare.
3448 1235 3642 1304 Populo
3668 1234 3798 1286 etiam

2253 1359 2376 1424 post
2403 1350 2530 1405 Saul
2556 1347 2813 1405 clamare,
2839 1338 3003 1394 estde
3027 1333 3205 1388 audita
3228 1323 3609 1398 praedicatione
3631 1334 3734 1384 mag
3766 1336 3801 1371 ω

2254 1442 2557 1499 devotionis
2602 1448 2790 1491 ausum
2821 1430 3119 1497 suscipere.
3153 1423 3269 1489 Quo
3300 1420 3351 1472 in
3401 1418 3521 1470 loco
3550 1411 3803 1468 notandum

2255 1542 2369 1597 est,
2400 1531 2525 1599 quia
2554 1524 2814 1581 Jonathas
2840 1518 3126 1573 stationem
3164 1509 3563 1565 Philistinorum
3619 1515 3805 1570 percus-

2255 1625 2324 1678 sit
2368 1641 2380 1673 :
2413 1621 2507 1674 sed
2551 1615 2678 1671 Sanl
2724 1612 2847 1665 tuba
2889 1622 3108 1663 canens.
3142 1617 3198 1658 se
3232 1597 3558 1669 percussiSse
3599 1591 3805 1645 eamdem

2257 1717 2542 1772 stationem
2572 1704 2860 1778 perhibuit.
2884 1700 3020 1766 Quia
3053 1694 3300 1749 nimirum
3322 1691 3611 1744 eleCtorurn
3644 1680 3805 1749 pretii-

576 1801 939 1858 hlandimenta
982 1793 1362 1849 contemnant;
1418 1779 1540 1845 illis,
1602 1784 1662 1831 ut
1707 1774 1931 1827 adversa
1970 1766 2153 1821 mundi
2257 1766 2303 1772 "
2575 1766 2615 1811 '.
2790 1794 2801 1805 .
2985 1790 2996 1800 .
3042 1788 3052 1798 .
3355 1796 3359 1797 ί
3622 1773 3671 1784 ..

1305 1872 1323 1878 -
1410 1871 1420 1878 .
1506 1867 1517 1878 .
1787 1876 1798 1878 _
1944 1864 2015 1878 η,
2098 1853 2152 1878 ,Α
2187 1820 2235 1878 Β
2261 1813 2502 1861 calorum
2552 1797 2833 1865 triumphis
2862 1790 3146 1845 ascrlhttur
3177 1825 3192 1851 ,
3232 1778 3374 1850 quod
3407 1794 3435 1830 a
3486 1773 3700 1829 subditis
3733 1785 3806 1824 oc-

576 1908 686 1946 non
710 1893 974 1948 metuant,
1030 1878 1261 1934 maxima
1300 1867 1561 1927 fortitulo
1590 1860 1892 1918 necessaria
1938 1864 2039 1913 est.
2098 1853 2153 1908 In

582 1977 924 2037 tabernacula
953 1986 1080 2040 ergo
1102 1984 1198 2023 sua
1228 1973 1419 2021 caetera
1459 1958 1608 2028 tlebs
1635 1952 1949 2012 remittitur,
1996 1961 2065 2001 ne
2092 1945 2159 1999 de

582 2072 786 2128 a'tioris
828 2069 950 2121 viae
996 2036 1298 2117 temeritate
1353 2053 1658 2111 damnetur,
1718 2052 1773 2098 et
1796 2041 1943 2096 velut
1970 2036 2160 2092 debilis

584 2175 637 2216 et
662 2160 869 2214 infirma
902 2156 953 2208 in
974 2151 1119 2206 bello
1152 2151 1360 2217 pereat,
1413 2141 1538 2193 dum
1589 2136 1709 2189 alta:
1735 2126 2162 2187 conversationis

585 2255 742 2306 fidem
772 2247 1019 2318 spondet.
1068 2255 1187 2309 quae
1215 2238 1334 2290 alt-.13
1365 2229 1578 2285 virtutis
1627 2224 1794 2279 robur
1840 2235 1947 2275 non
1977 2218 2159 2272 balet.

585 2341 747 2408 Quasi
771 2337 912 2392 enim
941 2337 1374 2397 unumquemque
1400 2320 1452 2375 in
1484 2311 1831 2372 tabernacula
1862 2323 1957 2362 sua
1986 2305 2166 2360 dimit-

590 2435 735 2488 tebat
774 2431 963 2483 beatus
1020 2419 1215 2474 Paulus
1261 2410 1556 2482 apostolus,
1599 2420 1719 2460 cum
1751 2399 1995 2457 dicebat‘:
2031 2398 2167 2449 Pro-

589 2536 699 2595 pter
725 2518 1117 2592 fornicationem
1141 2509 1483 2579 unusquisque
1515 2517 1731 2556 uxorem
1770 2513 1918 2550 suam
1960 2492 2164 2555 habeat,
2193 2548 2202 2553 _

588 2624 639 2670 et
666 2622 982 2679 unaqanue
1009 2616 1157 2656 suum
1185 2598 1347 2651 rirnm
1373 2593 1423 2663 (1
1456 2590 1576 2645 Cor.
1609 2604 1700 2654 vn,
1719 2586 1799 2656 ‘2).
1831 2583 1991 2637 Velut
2024 2580 2168 2635 enim

592 2704 796 2773 peritus
827 2696 965 2761 magi
998 2701 1079 2744 ter
1104 2689 1326 2742 interna:
1371 2679 1592 2741 mi'itiae,
1642 2684 1695 2730 et
1742 2686 1972 2730 coronas
2003 2670 2170 2723 vieto-

593 2794 708 2855 riae,
752 2797 805 2843 et
834 2797 1023 2856 pugnae
1052 2776 1401 2835 considerans
1449 2769 1790 2838 gravitatem,
1837 2762 2062 2816 mi'itum
2093 2757 2169 2809 vi-

594 2897 681 2936 res
697 2847 759 2932 vin
788 2847 1184 2940 bellivpondere
1213 2862 1459 2924 librabat,
1491 2858 1751 2927 optimum
1798 2850 2040 2920 judicans
2090 2847 2171 2899 in-

594 2970 783 3033 tirmis,
837 2974 890 3019 ut
949 2965 1000 3017 in
1054 2959 1277 3015 urbibus
1317 2954 1587 3013 viverent,
1642 2962 1709 3000 ne
1757 2943 1954 2998 acerbo
2004 2945 2175 2992 marte

597 3057 850 3127 perirent.
895 3051 1071 3117 Quare
1095 3055 1149 3101 et
1179 3046 1304 3098 item
1349 3055 1445 3095 eos
1473 3053 1503 3091 a
1533 3033 1721 3090 castris
1762 3031 1974 3085 fortium
1996 3040 2175 3092 segre-

597 3162 749 3215 gans,
779 3144 853 3197 ait
878 3160 889 3194 :
928 3135 1255 3193 Rerertimini
1278 3136 1333 3187 in
1354 3130 1596 3200 idipsum,
1625 3141 1688 3177 ne
1718 3131 1871 3175 tentet
1899 3135 1985 3173 vos
2014 3117 2172 3171 Sata-

600 3205 697 3291 nas
737 3205 944 3307 propter
972 3225 1399 3284 incontinentiam
1447 3228 1667 3274 vestram
1708 3212 1895 3284 (lbid.,
1946 3208 2021 3278 5).
2072 3205 2177 3260 Sed

603 3326 823 3383 remotis
851 3320 1137 3383 dcbi‘ibus,
1190 3313 1318 3385 quid
1349 3312 1400 3365 in
1454 3306 1740 3362 fortissima
1770 3303 2037 3368 virginum
2070 3295 2184 3348 acie

606 3420 815 3481 agatur,
847 3407 1151 3476 exponitur,
1185 3415 1307 3455 cum
1336 3394 1675 3464 subiungitur
1707 3409 1718 3443 :

682 3533 856 3599 (Vers.
890 3528 966 3597 5.)
1015 3525 1083 3579 Et
1131 3521 1382 3593 percussit
1431 3514 1689 3570 Jonathas
1721 3509 1989 3564 stationem
2023 3504 2191 3557 Phili—

616 3627 892 3687 stinorum,
915 3632 1029 3689 qua:
1057 3621 1169 3669 erat
1200 3613 1253 3665 in
1291 3608 1471 3663 Gabaa

685 3754 735 3809 ὅ.
766 3754 917 3808 Sicut
940 3747 1156 3805 excellit
1178 3744 1366 3800 ordine
1392 3739 1575 3810 sponsi
1601 3738 1760 3798 acies,
1783 3735 1853 3787 ita
1876 3740 1931 3786 et
1955 3727 2194 3783 victoriae

615 3848 801 3902 titulos
845 3843 1016 3914 prima
1058 3837 1314 3905 suscepit.
1368 3832 1627 3886 Jonathas
1672 3826 1871 3895 quippe
1909 3821 2195 3876 stationem

616 3911 1017 3993 Philistinorum
1045 3927 1276 4001 percutit
1301 3943 1314 3978 :
1345 3923 1471 3992 quia
1496 3921 1665 3976 electa
1688 3913 1964 3984 virginitas
1989 3911 2056 3966 de
2081 3923 2200 3964 car-

621 4044 709 4093 ne,
739 4023 1085 4081 continentiae
1112 4033 1234 4073 arce
1254 4014 1556 4076 sublimata,
1587 4016 1768 4064 motus
1792 4014 1972 4073 turpes
1999 3998 2200 4054 exstin-

621 4120 756 4189 guit.
794 4116 939 4169 Bene
966 4120 1144 4166 autem
1178 4109 1338 4163 statio
1366 4102 1771 4157 Philistinorum
1800 4097 1993 4151 dicitur
2030 4108 2046 4146 :
2075 4090 2200 4160 quia

624 4213 680 4263 in
709 4219 936 4275 corpore
970 4199 1239 4269 virginali,
1269 4195 1513 4250 carnales
1539 4199 1716 4244 motus
1760 4201 1866 4240 non
1895 4183 2094 4237 habent
2119 4192 2205 4233 rc-

625 4298 805 4366 quiem
851 4288 1245 4353 delectationis,
1294 4284 1389 4340 sed
1425 4290 1626 4335 statum
1674 4272 2011 4345 certaminis.
2052 4270 2209 4324 Stant

628 4390 863 4459 quippe:
903 4384 1028 4453 quia
1066 4381 1399 4449 irnpugnant,
1431 4373 1525 4429 sed
1563 4368 1901 4438 requiescere
1930 4378 2037 4417 non
2083 4375 2209 4430 pos-

629 4489 791 4537 sunt:
823 4452 946 4547 quia
977 4482 1210 4529 mentem
1240 4475 1482 4525 sanctam
1512 4463 1729 4518 minime
1760 4458 2052 4513 oblectant.
2083 4452 2223 4506 Sta-'

2262 1893 2395 1949 culti
2423 1886 2717 1959 adversarii
2750 1887 3093 1952 superentur.
3126 1871 3233 1929 Sed
3257 1867 3471 1938 quoties
3503 1865 3633 1919 alios
3659 1862 3809 1915 hostes

2261 1981 2545 2043 vincimus,
2597 1987 2820 2030 necesse
2873 1976 2955 2023 est
3010 1973 3067 2019 ut
3124 1962 3192 2017 ad
3237 1960 3465 2014 aliorum
3520 1947 3810 2007 devincenda

2262 2069 2558 2128 certamina
2590 2074 2970 2136 prteparcmur.
2992 2052 3347 2120 Omnipotens
3374 2044 3517 2099 enim
3540 2041 3688 2103 Deus,
3713 2035 3810 2104 quia

2267 2161 2473 2215 electos
2501 2171 2629 2210 suos
2651 2149 2923 2220 copiosius
2944 2145 3273 2203 remunerat,
3304 2151 3399 2190 eos
3419 2145 3626 2199 semper
3651 2125 3748 2180 rult
3769 2126 3811 2178 in

2265 2264 2439 2320 pugna
2464 2214 2797 2302 consistere:
2829 2247 2889 2293 ut
2927 2234 3026 2307 ipsi
3052 2245 3266 2301 semper
3296 2224 3507 2296 possint
3543 2219 3637 2274 sibi
3663 2214 3815 2270 :etcnii

2267 2339 2505 2395 muneris
2528 2336 2672 2390 bona
2701 2341 3004 2398 przeparare
3053 2321 3230 2387 Quare
3259 2325 3314 2371 et
3341 2329 3464 2370 cum
3494 2306 3707 2380 populus
3724 2304 3816 2358 cla-

2270 2444 2446 2485 masse
2473 2433 2597 2496 post
2625 2421 2755 2477 Saul
2783 2417 2979 2473 dicitur
3003 2455 3018 2480 ,
3049 2410 3391 2479 subjnnctum
3423 2411 3533 2457 est:

2342 2489 2500 2593 282:
2533 2518 2708 2589 (Vers.
2742 2512 2817 2581 5.)
2867 2509 2936 2563 Et
2992 2503 3254 2560 Philisla’i
3300 2495 3594 2569 congregati
3630 2500 3731 2545 sunt
3760 2489 3819 2542 ad

2271 2590 2615 2685 pra—Iliondum
2646 2614 2825 2661 contra
2852 2599 3040 2663 Israel,
3077 2596 3289 2667 triginta
3317 2590 3485 2644 millia
3520 2600 3755 2647 curruum,
3777 2593 3821 2635 et

2274 2722 2363 2758 sea:
2384 2701 2546 2756 millia
2574 2698 2826 2769 equitum,
2874 2700 2923 2744 et
2962 2688 3214 2757 reliquum
3274 2680 3451 2750 vulgus
3494 2676 3622 2729 sicut
3670 2687 3820 2733 arena,

2274 2809 2388 2862 qna:
2408 2800 2481 2845 est
2514 2790 2568 2842 in
2598 2786 2769 2840 littore
2806 2780 2965 2835 maris
2986 2776 3227 2846 plurima.

2348 2844 2689 2945 i.Superitis
2719 2885 2811 2924 rex
2855 2844 2993 2920 Sauli
3013 2862 3113 2915 tria
3164 2857 3327 2911 millia
3361 2853 3596 2907 virorum
3622 2846 3707 2903 sibi
3746 2844 3825 2898 eli.L

2279 2972 2419 3040 gisse
2446 2964 2783 3021 describitur.
2826 2957 2883 3013 Si
2910 2970 3037 3023 ergo
3069 2959 3249 3021 partes
3279 2945 3558 3010 utriusque
3599 2936 3825 2993 exercitus

2281 3062 2530 3118 conferre
2551 3055 2820 3111 volumus.
2847 3055 3035 3103 contra
3058 3048 3493 3103 unumquemque
3517 3032 3674 3086 virum
3700 3025 3826 3081 Saul.

2209 3184 2251 3245 ρ
2282 3154 2468 3209 decem
2514 3159 2703 3202 currus
2760 3136 3185 3193 Philistinorum,
3229 3136 3287 3183 et
3321 3125 3429 3185 duo
3468 3120 3666 3189 equites
3690 3128 3829 3183 depu-

2541 3236 2577 3245 ·“
2656 3234 2666 3245 ·
2833 3227 2897 3245 οη-
2926 3223 3021 3245 -_:-
3056 3219 3216 3245 ....:n:..
3274 3214 3490 3245 Ιοῖηἶηιει
3534 3207 3683 3245 millia
3710 3211 3826 3245 eunt-

2285 3250 2487 3298 tantur.
2541 3234 2733 3289 Decies
2762 3227 2903 3283 enim
2926 3223 3026 3277 tria
3056 3219 3240 3281 millia,
3274 3214 3493 3281 triginta
3534 3207 3686 3262 millia
3710 3211 3826 3258 sunt.

2287 3330 2345 3384 In
2375 3326 2589 3383 senario
2614 3333 2829 3391 quoque
2860 3326 3086 3369 numero
3118 3304 3387 3368 ternarius
3414 3293 3832 3371 geminatur.Quo

2292 3419 2543 3475 nimirum
2574 3410 2718 3467 bello
2742 3383 3100 3462 becultorum
3142 3395 3405 3453 hostium
3429 3400 3541 3445 tam
3567 3383 3831 3441 multitudo,

2292 3522 2451 3579 quam
2484 3503 2667 3558 feritas
2696 3496 3024 3564 designatur.
3050 3489 3107 3543 ln
3133 3484 3381 3542 curribus
3404 3479 3617 3550 quidem
3637 3484 3684 3529 et
3709 3472 3835 3539 equis

2294 3606 2483 3655 contra
2533 3608 2631 3649 nos
2659 3588 2919 3646 veniunt:
2953 3583 3077 3653 quia
3118 3576 3283 3634 modo
3322 3573 3493 3629 malas
3523 3566 3838 3638 cogitationes

2296 3692 2590 3745 electorum
2625 3679 2895 3742 cordibus,
2923 3673 3085 3729 modo
3113 3683 3299 3725 eorum
3328 3660 3603 3733 corporeis
3632 3655 3838 3712 sensibus

2296 3790 2476 3833 rerum
2507 3770 2789 3825 visibilium
2817 3762 3181 3819 blanlimenta
3224 3754 3384 3810 noxia
3413 3749 3609 3807 otl‘erre
3631 3743 3829 3801 moliun-

2303 3874 2408 3919 tur.
2440 3860 2577 3930 Equi
2609 3869 2843 3925 namque
2871 3852 2938 3906 ad
2967 3862 3183 3905 cursum
3205 3844 3413 3899 celeres
3437 3846 3583 3901 sunt,
3613 3834 3673 3888 ad
3698 3833 3842 3897 imp-r-

2302 3964 2415 4009 tum
2458 3950 2643 4005 fortes.
2671 3922 2876 4011 Quibus
2907 3940 3154 3995 nimirum
3187 3932 3546 4002 cogitationes
3581 3922 3721 3979 mala:
3748 3926 3847 3987 apte

2305 4047 2705 4113 comparantur,
2735 4048 2857 4104 quas
2886 4031 2952 4086 ad
2980 4044 3075 4083 cor
3098 4024 3361 4081 velociter
3385 4018 3625 4079 veniunt,
3654 4021 3703 4068 et
3724 4006 3850 4064 forti-

2307 4142 2389 4189 ter
2417 4103 2678 4201 pungunt.
2707 4103 2925 4194 Equites
2952 4125 3142 4175 contra
3168 4129 3265 4168 nos
3294 4112 3345 4165 in
3376 4108 3620 4181 prtelium
3648 4103 3852 4159 veniunt,

2308 4194 2767 4295 quando'maligni
2795 4212 3015 4284 spiritus
3044 4206 3203 4263 nobis
3246 4201 3415 4257 malas
3458 4194 3794 4265 cogitationes
3812 4194 3855 4240 et

2311 4312 2561 4369 celeriter
2587 4308 2846 4371 excitant,
2876 4310 2933 4355 et
2961 4315 3058 4354 nos
3087 4312 3182 4367 per
3206 4310 3299 4349 eas
3329 4289 3543 4345 fortiter
3564 4285 3856 4353 impngnanl.

2312 4403 2420 4458 Sed
2449 4408 2636 4456 contra
2669 4403 3102 4462 unumquemque
3143 4383 3377 4437 ﬁdi-lium
3410 4379 3521 4430 duo
3552 4373 3749 4441 equites
3785 4379 3855 4416 vc-

2314 4492 2501 4546 niunt:
2534 4486 2657 4558 quia
2701 4483 2744 4536 si
2793 4480 3035 4535 occultas
3072 4472 3425 4543 reproborum
3459 4465 3730 4533 spirituum
3756 4453 3857 4509 insi-

630 4585 706 4627 uo
733 4584 862 4639 ergo
892 4567 1295 4622 Phlhsumwm
1326 4575 1378 4612 ω
1430 4555 1610 4609 Gabaa
1633 4555 1961 4621 percumur’
1993 4540 2207 4611 quando
2240 4550 2290 4610 Ι)
2314 4581 2431 4634 dias
2459 4579 2511 4632 in
2540 4540 2987 4630 considerationis
3008 4540 3269 4619 summam
3296 4555 3619 4624 colligimus,
3652 4546 3767 4603 illud
3790 4558 3861 4595 co—

632 4666 701 4719 ab
728 4661 917 4718 electis
961 4654 1256 4725 virginibus
1298 4649 1475 4706 carnis
1502 4642 1766 4701 desideria
1809 4639 2021 4709 penitus
2050 4649 2209 4689 ener-

631 4763 849 4819 vantnr,
882 4760 937 4806 et
965 4722 1154 4819 pacem
1186 4739 1437 4811 triumphi
1463 4736 1725 4797 obtinent,
1756 4731 1883 4784 dum
1913 4727 2071 4782 solita
2101 4722 2214 4778 bel-

634 4848 683 4900 la
716 4859 821 4897 non
873 4813 1092 4895 habent.
1125 4834 1204 4889 Ad
1257 4845 1415 4901 quam
1451 4824 1690 4897 profecto
1742 4821 2042 4879 victoriam,
2089 4813 2241 4882 quia'

638 4939 897 5003 majorum
928 4927 1305 4986 exhortatione
1333 4936 1475 4989 sche
1515 4916 1821 4988 proliciunt,
1852 4909 1997 4964 mille
2035 4906 2134 4959 viri
2163 4905 2216 4958 in

637 5024 820 5078 Gabaa
866 5036 988 5075 cum
1031 5017 1259 5073 Jonatha
1298 5019 1457 5067 sunt:
1490 5007 1583 5063 sed
1628 5003 1889 5059 Jonathas
1934 5005 2218 5069 percutere

642 5113 1039 5169 Philistinorum
1082 5116 1256 5162 castra
1298 5099 1629 5173 perhibetur.
1680 5092 1744 5144 Et
1786 5090 1909 5159 quia
1970 5084 2218 5153 exemplo

636 5226 663 5257 ιι
692 5208 889 5265 iorum,
925 5213 1068 5267 smpe
1108 5196 1196 5249 alii
1227 5193 1294 5247 ad
1320 5186 1717 5245 aemulationem
1750 5178 1958 5233 virtutis
1982 5174 2220 5229 excitan-

641 5306 745 5358 tur,
774 5290 1013 5359 sequitur
1039 5305 1049 5339 :

716 5404 889 5473 (νει-ε.
924 5402 978 5468 5,
1007 5399 1085 5465 4.)
1126 5397 1195 5451 Et
1224 5394 1473 5466 percussit
1501 5385 1758 5443 Jonathas
1788 5384 2062 5434 stationem
2100 5372 2226 5424 1³1ιὶ-

646 5498 968 5559 lis'inorum,
1017 5507 1131 5562 quas
1158 5498 1270 5543 erat
1298 5490 1353 5540 in
1386 5484 1583 5539 Gabaa.
1621 5480 1770 5545 Quod
1801 5496 1912 5532 cum
1961 5475 2226 5529 audissent

655 5587 924 5647 I’Itilistrci,
953 5583 1084 5637 Saul
1108 5580 1289 5634 cecinit
1313 5577 1525 5630 buccina
1546 5576 1600 5627 in
1626 5572 1767 5627 omni
1804 5579 1967 5631 terra,
1990 5568 2162 5621 dicens
2206 5581 2223 5618 :

651 5676 878 5730 Audiam
916 5670 1127 5726 Hebraei
1183 5669 1249 5723 Et
1274 5669 1539 5721 universus
1572 5662 1738 5717 Israel
1769 5660 1962 5714 amiirit
1988 5658 2226 5721 [minace-

728 5837 752 5864 ⁸
789 5825 957 5881 Gilot.
986 5832 1040 5879 et
1072 5824 1263 5887 Vatia,
1306 5802 1601 5875 b;llatoris.i

2313 4684 2433 4723 rum
2482 4661 2717 4734 speciale
2769 4656 3101 4727 propositum
3150 4656 3272 4704 est:
3331 4654 3391 4700 ut
3444 4641 3697 4697 videlicet
3744 4632 3865 4687 nobis

2316 4754 2665 4827 principalem
2714 4750 2966 4803 virtutem
2997 4743 3212 4805 feriant,
3260 4745 3315 4793 et
3346 4734 3668 4791 charitatem
3710 4727 3790 4781 Dei
3826 4732 3866 4774 ct

2318 4845 2549 4918 proximi
2584 4842 2795 4913 penitus
2821 4832 3386 4904 exstinguant.Equus
3400 4840 3533 4881 vero
3560 4838 3692 4878 unus
3715 4814 3865 4873 scrin?

2323 4934 2582 4996 cernitur,
2607 4929 2821 4999 quando
2847 4925 3076 4996 reproba
3106 4918 3437 4987 cogitatione
3464 4914 3620 4968 nobis
3648 4908 3868 4972 malignus

2326 5024 2545 5094 spiritus
2592 5018 2848 5087 suggerit,
2900 5025 2961 5069 ut
2990 5011 3265 5083 proximus
3314 5007 3441 5062 odio
3488 5003 3758 5058 habeatur.
3786 4988 3867 5045 Sed

2329 5128 2517 5183 equus,
2550 5111 2642 5180 qui
2668 5110 2815 5164 solus
2844 5105 3103 5169 cernitur,
3130 5101 3279 5157 solus
3308 5113 3415 5152 non
3446 5105 3530 5149 est
3556 5113 3568 5146 :
3595 5092 3711 5161 quia
3738 5088 3867 5139 Deum

2331 5219 2489 5259 nemo
2514 5173 2707 5270 diligit,
2751 5198 2842 5268 qui
2871 5198 3089 5251 fratrem
3120 5193 3233 5248 odit
3263 5188 3314 5262 (1
3342 5188 3500 5243 Joan.
3536 5201 3607 5248 iv,
3640 5180 3739 5249 ‘20).
3766 5173 3868 5239 Quia

2332 5298 2458 5350 item
2498 5294 2676 5348 divina
2722 5290 2958 5346 charitas
3000 5302 3121 5342 cum
3170 5284 3318 5338 tmllo
3348 5279 3627 5350 principali
3680 5273 3793 5327 vitio
3831 5266 3868 5318 in

2334 5398 2515 5442 mente
2558 5384 2831 5447 convenit,
2865 5381 3080 5449 quoties
3101 5374 3380 5446 spirituale
3408 5373 3594 5424 vitium
3626 5365 3767 5421 nobis
3791 5358 3868 5409 dar

2334 5491 2552 5533 menum
2578 5473 2763 5529 fraude
2784 5470 3107 5539 suggeritur,
3136 5466 3373 5536 equitum
3398 5459 3727 5514 saevientium
3748 5460 3865 5505 cave-

2335 5585 2393 5622 re
2421 5569 2679 5622 debemus
2708 5562 3051 5617 velocitatem
3104 5555 3320 5610 nimiam
3351 5560 3405 5605 et
3432 5549 3757 5603 ferocit..tem
3783 5537 3858 5589 rio

2331 5661 2551 5716 lentam.
2599 5657 2654 5712 In
2693 5652 3096 5722 comparatione
3134 5646 3350 5716 quidem
3398 5640 3614 5710 equitis,
3661 5619 3872 5707 sagittarii
