3962 6264
177 298 262 355 5,1
969 287 1034 341 ΙΝ
1076 286 1331 343 PRIMUM
1374 286 1615 342 REGUM‘
1655 284 2164 344 EXPUSITIONES.
2205 321 2272 332 -—
2314 293 2443 351 LIB.
2489 296 2548 349 ν.

3299 309 3404 364 542

172 413 250 460 aut
275 400 454 471 peditis
486 399 626 453 ictus
648 396 957 454 omnimodo
975 395 1170 450 debilis
1191 404 1294 450 est.
1327 396 1562 464 Impetus
1589 407 1720 449 vero
1749 396 1800 452 Α
1825 395 2029 464 impeti,
2056 407 2114 453 ut
2133 402 2659 468 magniﬁcentissime
2683 405 2735 460 in
2759 407 2962 462 ρωιρδιί
2989 425 3152 478 τρεηο
3175 413 3405 471 debeam

172 492 364 564 equitis,
394 489 517 557 equi
543 487 747 542 viribus
771 486 1041 540 violentus
1066 495 1146 539 est
1175 485 1327 555 :quia
1345 485 1595 538 nimirum
1619 484 1724 537 vir-

172 596 245 638 tus
260 578 694 648 malignispiritus
719 577 859 630 nulla
888 584 971 630 est
997 576 1050 629 in
1078 576 1379 630 electorum
1404 576 1722 642 certamine,

169 674 205 728 si
230 673 331 739 ipse
355 666 588 723 residere
615 680 721 720 non
751 665 1078 733 permittitur
1121 664 1174 717 in
1210 663 1350 716 mala
1374 663 1720 731 cogitatione.

169 761 284 828 Quia
331 771 450 824 ergo
497 755 658 808 valde
696 754 862 808 fortes
893 753 945 806 in
976 753 1120 807 bello
1151 754 1335 807 hostes
1379 752 1546 806 nostri
1577 760 1722 818 sunt,

169 849 358 921 quando
379 848 612 902 insidere
642 845 869 900 internis
887 845 1297 914 cogitationibus
1321 845 1721 914 permittuntur,

171 943 222 995 in
244 939 637 993 Philistinorum
675 937 916 991 exercitu
949 937 1186 1004 equitnm
1209 935 1364 990 turba
1388 944 1720 991 numeratur.

169 1032 348 1083 Currus
397 1042 527 1080 vero
573 1025 759 1079 decem
817 1024 1105 1092 unicuique
1152 1023 1326 1078 electo
1371 1023 1425 1077 in
1481 1021 1723 1092 publium

169 1119 482 1189 deputantur.
515 1113 764 1183 Quinque
794 1115 938 1168 enim
967 1114 1120 1168 nobis
1158 1121 1283 1167 sunt
1309 1127 1496 1168 sensus
1525 1127 1722 1182 corpo-

171 1213 248 1275 ris,
277 1208 461 1278 quibus
509 1207 940 1277 experimentum
987 1206 1280 1276 accipimus
1321 1205 1718 1262 delectationis.

168 1300 258 1355 Sed
284 1299 492 1368 spiritus
521 1298 762 1366 maligni,
789 1297 1003 1366 quando
1030 1312 1126 1367 per
1151 1296 1514 1352 blandimenta
1543 1296 1723 1350 carnis

170 1399 376 1442 utentem
404 1386 658 1456 decipere
685 1388 939 1456 gestiunt,
969 1387 1246 1456 corporeis
1270 1386 1514 1441 sensibus
1541 1400 1721 1440 rerum

167 1481 347 1546 s,.ecies
376 1479 667 1534 ostendunt
708 1494 840 1549 quas
870 1494 998 1534 caro
1033 1486 1271 1548 appetat,
1300 1485 1356 1532 et
1382 1493 1480 1548 per
1504 1493 1719 1532 earum-

166 1572 271 1625 dem
297 1584 470 1624 rerum
497 1571 709 1638 species
737 1572 989 1639 suggerit,
1021 1578 1078 1623 ut
1117 1585 1272 1626 mens
1300 1569 1480 1625 oblata
1517 1585 1719 1626 concu-

169 1663 211 1732 pi
237 1671 332 1716 cat.
367 1661 532 1728 Qna=i
562 1678 592 1717 e
633 1663 704 1716 im
746 1664 797 1717 in
841 1663 976 1718 roti's
1013 1663 1121 1718 suis
1149 1678 1364 1716 currum
1380 1661 1721 1716 adversarius

168 1752 319 1819 erigit,
348 1751 473 1804 dum
506 1751 632 1806 hinc
663 1767 836 1806 rerum
871 1752 1231 1805 blandimenta
1265 1751 1444 1817 offert,
1473 1751 1594 1804 inte
1619 1767 1714 1805 co-

168 1841 426 1908 gitationes
470 1841 706 1905 retinet;
749 1841 848 1895 ista
892 1842 1134 1911 porrigit,
1188 1841 1304 1895 illas
1355 1840 1619 1904 immit'it,
1663 1848 1718 1894 et

167 1932 293 2000 quasi
317 1931 580 1987 volvendo
604 1948 662 1986 se
682 1934 963 1988 sublimem
997 1933 1062 1986 ad
1105 1933 1334 1987 animam
1354 1933 1716 1996 invehit,dum

167 2032 328 2077 contra
367 2022 574 2078 electos
616 2040 675 2078 se
720 2025 984 2094 mangnus
1032 2025 1143 2094 spir
1167 2031 1250 2080 tus
1297 2025 1490 2092 erigit,
1533 2033 1586 2078 et
1622 2039 1718 2092 per

167 2111 502 2166 blandimenta
536 2129 713 2168 rerum
751 2122 804 2169 et
831 2130 927 2186 per
955 2123 1124 2169 artem
1157 2115 1576 2184 suggesﬁonum.
1610 2113 1715 2168 De-

167 2218 264 2258 cem
301 2218 424 2272 crgo
464 2220 656 2260 currus
696 2215 855 2260 sunt:
888 2207 1011 2275 quia
1042 2214 1228 2262 contra
1257 2205 1494 2276 singulos
1527 2220 1719 2260 sensus

167 2295 378 2363 corporis
399 2295 571 2349 nostri
592 2295 789 2349 habent
807 2297 1014 2364 species
1036 2296 1521 2350 blandimentorum
1538 2295 1717 2349 visibi-

167 2385 294 2450 lium,
327 2386 526 2439 ltabent
564 2395 753 2440 contra
793 2386 1011 2441 totidem
1043 2403 1232 2443 sensus
1268 2389 1490 2452 animae,
1524 2394 1581 2441 et
1620 2387 1716 2440 de-

168 2473 399 2540 ceptorias
439 2483 589 2528 artes
615 2478 943 2528 suasionum.

225 2563 269 2616 8.
310 2563 443 2630 Quid
497 2573 583 2619 est
631 2573 807 2618 autem
837 2565 982 2636 quod
1028 2567 1290 2636 reliquum
1341 2567 1528 2636 vulgus
1579 2569 1719 2624 sicut

169 2665 325 2716 arena,
354 2667 475 2721 qua:
505 2662 585 2708 est
615 2655 666 2709 in
695 2654 873 2709 l;ttore
903 2656 1087 2723 maris,
1118 2671 1236 2710 esse
1264 2656 1489 2726 plurima
1521 2672 1720 2712 memo-

170 2752 310 2808 ratur,
335 2744 430 2797 nisi
465 2745 593 2813 quia
625 2745 689 2799 ad
719 2745 970 2799 ducatum
1000 2745 1259 2800 malorum
1303 2746 1606 2815 Spirituutn,
1637 2746 1720 2800 in-

170 2833 484 2888 numerabilis
513 2833 667 2888 smvit
705 2842 891 2888 contra
923 2850 1021 2889 nos
1047 2835 1200 2890 turba
1241 2835 1536 2888 vitiorum?
1564 2834 1720 2890 Velut

171 2926 287 2980 enim
313 2925 612 2994 subjectum
662 2927 868 2994 vulgus,
899 2942 1087 2982 currus
1113 2934 1170 2981 et
1215 2926 1422 2996 equites
1451 2927 1714 2994 sequitur,

169 3021 352 3085 quando
371 3018 679 3074 dmmouum
704 3018 908 3072 insidia:
933 3025 1164 3076 mentem
1196 3016 1554 3086 impugnando
1579 3031 1717 3086 prm-

1827 488 2074 540 coronari
2107 505 2120 540 :
2145 489 2237 543 sed
2267 505 2456 558 magna
2485 494 2663 562 prcelia
2690 497 2971 563 permittit,
2999 513 3117 565 qua:
3150 501 3356 555 vincant
3388 521 3402 568 ;

1825 571 1963 626 levia
1993 577 2213 645 excitat,
2246 579 2298 633 iu
2328 581 2522 648 quibus
2549 583 2747 637 cadant
2775 603 2785 636 :
2820 593 2878 638 ut
2927 586 3151 641 victoria
3184 589 3403 644 fortium

1826 681 2018 735 magna
2046 669 2134 733 sit,
2167 685 2322 724 casus
2350 671 2599 727 innoxius
2623 691 2637 738 ;
2663 684 2723 728 ut
2751 675 3008 731 cadentes
3033 693 3092 732 se
3119 679 3274 735 facile
3293 682 3404 736 eri-

1826 767 1972 824 gant,
2004 766 2058 811 et
2101 774 2194 813 eos
2223 757 2400 824 fortia,
2427 762 2479 814 in
2508 763 2700 830 quibus
2719 765 2952 820 victores
2977 776 3261 834 steterant,
3295 786 3404 825 non

1825 849 2108 903 extollant.
2137 850 2268 904 Nam
2297 851 2341 904 si
2362 867 2575 918 currus,
2604 860 2658 907 et
2682 855 2892 922 equites
2914 856 3194 923 vincimus,
3218 859 3402 913 extolli

1825 938 1892 992 de
1919 939 2140 994 victoria
2171 955 2278 995 non
2324 941 2612 996 debemus:
2645 943 2769 1012 quia
2821 945 3226 1008 innumerabilia
3255 953 3390 1014 sunt,

1825 1041 1944 1096 qua:
1970 1028 2279 1098 cogitando,
2311 1031 2603 1098 loquendo,
2633 1033 2883 1099 vivendo,
2916 1035 3198 1101 gustando,
3227 1044 3284 1090 et
3306 1051 3399 1091 au-

1824 1119 2039 1183 diendo,
2085 1128 2141 1174 et
2185 1122 2459 1190 operando
2507 1123 2909 1178 committimus.
2957 1124 3125 1194 Hujus
3172 1141 3401 1194 namque

1825 1210 1965 1279 vulgi
2009 1213 2410 1267 innumerabilis
2437 1214 2562 1277 tela,
2594 1215 2754 1268 etiam
2799 1215 2886 1268 iile
2915 1218 3082 1270 vitare
3113 1231 3218 1272 non
3248 1225 3401 1286 pote-

1824 1315 1925 1366 rat,
1975 1308 2064 1373 qui
2093 1307 2342 1362 dicebat:
2378 1307 2442 1361 In
2474 1310 2648 1362 multis
2695 1311 3002 1379 o/Tendimus
3043 1328 3217 1365 omnes
3261 1311 3398 1381 (Jac.

1824 1410 1898 1458 ιιι,
1934 1394 2008 1461 9.).
2044 1395 2177 1450 l‘linc
2218 1397 2346 1451 item
2377 1397 2604 1453 dilectus
2633 1398 2754 1452 Jcsu
2785 1401 3037 1469 loquitur,
3085 1400 3308 1457 dicens:
3339 1401 3402 1456 Si

1823 1483 2123 1551 dixerimus,
2167 1489 2286 1558 quia
2324 1498 2586 1557 peccatum
2625 1507 2725 1543 non
2757 1490 3024 1558 lmbenms,
3055 1493 3153 1561 ipsi
3199 1509 3291 1546 nos
3313 1509 3396 1546 se-

1823 1570 2076 1638 ducimus,
2102 1582 2150 1626 et
2174 1575 2360 1628 veritas
2383 1576 2435 1627 in
2459 1576 2605 1628 nobis
2627 1593 2726 1629 non
2750 1586 2824 1630 est
2847 1576 2900 1646 (1
2919 1577 3074 1631 Joan.
3108 1595 3144 1642 ι,
3172 1577 3247 1648 8).
3273 1579 3403 1645 Quis

1823 1675 1952 1728 ergo
1970 1661 2081 1729 jam
2103 1664 2254 1732 quasi
2285 1665 2459 1718 victor
2486 1665 2669 1720 extolli
2692 1667 2906 1733 audeat,
2929 1669 2973 1722 si
2997 1671 3130 1723 tanti
3157 1670 3253 1722 viri
3279 1686 3402 1728 Dcc—

1748 1749 1794 1808 B
1821 1757 2061 1804 catorum
2093 1752 2197 1806 tela
2228 1767 2286 1807 se
2311 1753 2528 1808 omnino
2557 1756 2787 1810 evadere
2830 1772 2935 1810 non
2961 1772 3120 1826 posse
3149 1758 3399 1812 manifes-

1820 1842 1973 1895 tant?
2001 1841 2107 1897 Sed
2136 1844 2259 1911 quia
2291 1844 2406 1900 haec
2429 1846 2480 1898 iu
2511 1846 2756 1914 spirtuali
2799 1848 2939 1903 bello
2997 1849 3397 1910 describuntur.

1819 1945 1924 1984 non
1955 1931 2212 1988 debemus
2234 1948 2376 1989 nunc
2400 1935 2691 2003 aestimare,
2712 1937 2838 2006 quid
2871 1938 3117 2006 patimur,
3150 1939 3243 1994 sed
3265 1955 3401 2009 qua-

1820 2023 2185 2079 literhostium
2208 2033 2514 2081 nostrorum
2534 2027 2790 2096 impetum
2814 2028 3084 2085 intirmare
3101 2029 3399 2084 valeamus.

1819 2113 2021 2182 Vulgus
2047 2113 2449 2170 Philistinorum
2485 2131 2662 2170 arenae
2691 2127 3055 2186 comparatur,
3086 2133 3206 2186 qua:
3237 2127 3318 2172 est
3347 2118 3400 2172 in

1819 2201 2001 2258 littore
2040 2205 2203 2260 maris
2231 2205 2459 2275 plurima
2487 2224 2500 2258 :
2532 2208 2658 2275 quia
2687 2223 2860 2262 omnis
2885 2220 3052 2263 virtus
3082 2208 3326 2262 vitiorum
3347 2216 3404 2262 et

1818 2309 2072 2349 numerus
2107 2311 2170 2350 ex
2201 2296 2378 2350 s:eculi
2430 2298 2921 2366 perturbationibus
2967 2308 3212 2366 augetur.
3257 2297 3404 2352 Mare

1818 2386 2014 2455 quippe
2027 2385 2134 2440 hoc
2145 2386 2398 2440 smculum
2415 2387 2656 2454 designat
2680 2405 2692 2439 :
2717 2389 2841 2455 quia
2867 2388 2991 2441 dum
3015 2400 3204 2456 magna
3218 2403 3400 2441 rerum

1817 2485 1874 2530 et
1901 2483 2200 2546 temporum
2242 2475 2504 2530 vaiietale
2534 2477 2828 2545 impellitur
2855 2517 2869 2541 ,
2911 2477 3062 2546 quasi
3113 2478 3290 2531 ventis
3320 2475 3403 2530 fu~

1818 2565 2058 2619 rentibus
2079 2565 2441 2635 perturbatur.
2468 2565 2524 2618 In
2547 2565 2726 2621 littore
2749 2575 2948 2631 autem,
2974 2566 3189 2636 quando
3211 2565 3402 2636 impul-

1818 2671 1877 2712 sa
1907 2655 2068 2711 maris
2098 2671 2234 2726 aqua
2267 2655 2584 2722 refunditur,
2636 2656 3054 2712 innumerabiles
3082 2670 3260 2712 arenae
3299 2656 3398 2710 mi-

1819 2750 1982 2803 nutim
2021 2749 2408 2818 glomerartur.
2452 2745 2589 2813 Quid
2638 2757 2722 2802 est
2749 2759 2878 2815 ergo
2910 2747 3058 2802 li'.tus
3087 2747 3268 2812 maris,
3303 2745 3404 2801 nisi

1819 2853 1915 2894 cor
1945 2837 2362 2906 uniuscujusque
2388 2837 2441 2891 in
2481 2835 2747 2905 spirituali
2775 2835 3188 2890 conversatione
3232 2835 3404 2903 negli-

1821 2926 2040 2993 gentis?
2071 2925 2175 2980 Per
2220 2925 2462 2980 ordinem
2497 2925 2698 2995 quippe
2727 2924 3022 2991 religionis,
3055 2925 3207 2994 quasi
3234 2926 3286 2979 in
3315 2940 3404 2980 so-

1822 3018 1928 3072 lido
1957 3025 2100 3072 stare
2137 3018 2374 3072 cernitur
2401 3035 2416 3082 ;
2446 3017 2540 3071 sed
2569 3017 2693 3070 dum
2725 3015 3012 3071 saculares
3039 3017 3404 3085 cogitationes

169 3107 355 3162 veniunt
383 3125 396 3160 :
427 3115 494 3161 ut
539 3121 570 3160 a
600 3107 1047 3175 subsequentibus
1075 3107 1235 3170 vitiis,
1278 3107 1429 3176 quasi
1459 3105 1526 3160 ab
1557 3107 1716 3176 283
1749 3118 1790 3179 ε
1823 3125 1930 3164 non
1976 3108 2239 3178 reprimit,
2287 3108 2440 3176 quasi
2485 3107 2791 3175 frangentes
2823 3109 2872 3161 iu
2925 3121 2984 3161 se
3023 3106 3184 3161 maris
3213 3105 3406 3162 ﬂuctus

167 3195 518 3250 imtionabilis
546 3194 682 3264 vulgi
704 3194 1062 3260 multitudine,
1092 3194 1418 3250 devastetur.
1451 3195 1593 3249 liene
1621 3209 1718 3248 au-

170 3292 260 3338 tem
286 3285 424 3354 prius
454 3300 647 3340 currus
679 3297 734 3340 et
763 3285 994 3354 equites,
1027 3284 1220 3339 deinde
1244 3284 1386 3353 vulgi
1415 3284 1716 3338 numerosi-

167 3383 236 3428 tas
259 3376 305 3429 in
337 3377 600 3446 sp'rituali
637 3386 944 3433 sanctorum
986 3391 1158 3447 pugna
1199 3377 1518 3432 describitur
1550 3395 1562 3430 :
1595 3377 1720 3446 quia

166 3464 385 3520 nimirum
415 3467 563 3522 nulla
593 3478 676 3522 est
706 3469 1062 3523 numerositas
1085 3510 1100 3535 ,
1143 3469 1285 3524 nulla
1335 3469 1590 3524 fortitudo
1638 3469 1718 3522 vi-

167 3554 375 3622 tiorum,
418 3557 461 3613 si
517 3558 803 3613 excitando
833 3569 888 3614 et
915 3558 1251 3614 immittendo
1295 3575 1402 3614 non
1451 3559 1721 3630 pimeedat

167 3641 286 3698 hanc
336 3646 685 3714 malignorum
745 3648 897 3702 turba
951 3648 1255 3717 spirituum.
1307 3647 1508 3715 Quibus
1555 3649 1718 3703 etiam

165 3732 318 3788 verbis
346 3735 612 3800 innuitur,
652 3752 811 3806 quam
861 3745 1015 3793 cauta
1047 3746 1101 3792 et
1144 3739 1529 3807 circumspecta
1573 3753 1718 3794 sem-

167 3835 248 3888 per
286 3839 397 3879 esse
439 3826 640 3880 debeat
704 3827 810 3881 vita
859 3836 1186 3884 sanctorum.
1247 3827 1378 3882 Nam
1434 3829 1479 3883 si
1535 3831 1720 3899 vulgus

166 3914 400 3983 reliquum
441 3933 620 3973 arente
663 3918 826 3974 maris
864 3919 1106 3988 plurima:
1145 3928 1522 3990 comparatur,
1553 3919 1720 3996 innu-

168 4008 410 4062 merabilis
453 4017 512 4064 et
559 4009 669 4064 fere
721 4010 1043 4066 inevitabilis
1091 4019 1172 4066 est
1228 4010 1514 4066 multitudo
1561 4011 1718 4081 jacu-

166 4095 334 4152 lorum.
372 4098 624 4164 Quamvis
653 4100 794 4154 enim
841 4101 1028 4170 peritis
1075 4099 1318 4154 fidelibus
1361 4101 1542 4155 omnia
1591 4109 1718 4156 nota

167 4186 255 4241 sint
300 4189 421 4242 vitia
449 4228 468 4256 ,
525 4191 738 4258 quantis
789 4199 970 4245 tamen
1018 4206 1114 4246 cor
1170 4190 1403 4245 motibus
1455 4191 1716 4260 pulsent,

166 4276 334 4344 quibus
359 4278 552 4343 modis,
586 4287 680 4332 aut
705 4278 898 4348 quibus
941 4280 1116 4332 causis
1153 4293 1366 4350 semper
1395 4279 1460 4335 ad
1488 4296 1581 4336 cor
1623 4295 1717 4335 ve-

169 4366 314 4432 niant,
343 4368 562 4422 omnino
589 4367 729 4422 scire
776 4383 881 4422 non
921 4376 1167 4438 possunt.
1217 4369 1444 4438 Apertas
1499 4371 1714 4439 quidem

1827 3198 2059 3267 excipit,
2116 3206 2172 3252 et
2221 3197 2466 3253 cumulos
2519 3212 2803 3252 arenarum
2854 3215 2866 3250 :
2910 3205 2965 3251 et
3007 3197 3131 3252 inde
3185 3197 3405 3268 quidem

1825 3289 2026 3359 impelli
2073 3285 2324 3366 fluctibus
2355 3323 2371 3350 ,
2437 3295 2492 3340 et
2547 3287 2702 3342 obrui
2763 3301 2927 3341 arena
2991 3294 3213 3357 potest,
3261 3286 3406 3342 unde

1824 3382 1958 3431 mari
1983 3377 2418 3446 appmpinquare
2446 3390 2556 3430 non
2602 3375 2756 3429 timet
2799 3392 2811 3428 :
2859 3374 2985 3444 quia
3023 3375 3068 3429 si
3098 3375 3278 3430 saeculi
3307 3389 3405 3429 εον

1823 3465 2110 3534 gitationes
2167 3464 2524 3535 spiritualium
2580 3478 2760 3518 rerum
2809 3464 3266 3534 contemplatione
3320 3477 3406 3518 re-

1823 3558 2100 3626 primeret,
2130 3558 2259 3612 vitia
2291 3557 2486 3613 mentis
2513 3565 2567 3610 et
2595 3557 2854 3627 corporis,
2887 3572 3004 3626 quae
3030 3557 3209 3612 saeculi
3239 3572 3406 3611 occu-

1822 3649 1969 3718 patio
1999 3649 2144 3703 velut
2183 3663 2379 3703 arenas
2422 3656 2476 3702 et
2522 3645 2715 3703 fluctus
2747 3648 2970 3712 invehit,
3020 3662 3126 3700 non
3156 3647 3402 3702 sentiret.

1821 3738 1931 3794 Cur
1959 3752 2088 3806 ergo
2118 3738 2308 3806 vulgus
2335 3736 2572 3793 hostium
2613 3751 2790 3790 arente
2817 3735 2993 3789 simile
3037 3750 3156 3790 esse
3183 3735 3402 3799 dicitur,

1821 3829 1924 3884 nisi
1953 3828 2079 3897 quia
2101 3826 2319 3897 maligni
2341 3826 2562 3896 spiritus
2582 3826 2783 3880 eisdem
2806 3825 2949 3879 vitiis
2974 3825 3178 3880 electos
3202 3825 3401 3879 Christi

1823 3919 1986 3991 285
2013 3919 2242 3972 athletas
2282 3918 2616 3988 impugnant,
2661 3917 2856 3985 quibus
2885 3917 3209 3984 negligentes.
3240 3931 3401 3984 supe-

1821 4013 1986 4066 rant?
2015 4011 2148 4066 Cum
2178 4009 2333 4065 turba
2359 4009 2572 4079 quidem
2616 4009 2888 4063 surcularis
2917 4010 3175 4078 strepitus
3203 4016 3393 4063 centra

1822 4123 1918 4163 eos
1972 4106 2214 4171 veniunt,
2257 4104 2348 4174 qui
2383 4103 2635 4160 saculum
2695 4102 2747 4155 in
2803 4103 2913 4157 suis
2955 4100 3401 4155 delectationibus

1821 4210 2074 4267 spernere
2101 4202 2215 4250 tota
2239 4203 2418 4250 mente
2458 4193 2776 4249 didicerunt.
2808 4191 3036 4262 Pompas
3067 4209 3245 4248 rerum
3276 4192 3403 4246 visi-

1822 4287 2006 4342 bilium
2036 4284 2288 4350 formant,
2312 4291 2678 4352 contemptum
2697 4282 2806 4352 jam
2830 4283 3008 4337 seaculi
3032 4297 3270 4336 amorem
3302 4277 3408 4332 flu-

1820 4379 1996 4450 gendo
2026 4386 2286 4434 renovant
2313 4396 2325 4430 :
2359 4385 2417 4432 ut
2446 4376 2611 4432 corda
2643 4391 2877 4446 superno
2907 4391 3091 4431 amore
3122 4374 3402 4432 naniman-

169 4457 493 4511 Ientationum
536 4458 785 4514 tenebras
830 4466 1078 4528 potenter
1117 4458 1404 4528 abiiciunt;
1435 4461 1529 4516 sed
1575 4477 1716 4532 saepe
1742 4478 1796 4539 ι)
1822 4471 1912 4537 tia,
1956 4470 2022 4524 ad
2051 4470 2242 4524 noxias
2267 4467 2654 4523 delectationes
2687 4468 2917 4522 trahant.
2943 4467 3049 4522 Sed
3080 4467 3252 4522 sancti
3281 4466 3402 4540 viri,

167 4547 422 4614 caliginem
449 4549 767 4617 ignorantia:
789 4550 841 4603 in
869 4551 1028 4604 rebus
1050 4549 1338 4604 levioribus
1369 4551 1521 4619 quasi
1543 4567 1720 4606 arente

168 4636 391 4693 minutias
417 4655 526 4693 non
576 4639 829 4695 evadunt.
875 4641 1100 4710 Semper
1127 4640 1493 4696 fortitudinem
1533 4652 1719 4697 osten-

169 4723 280 4781 dunt
297 4727 420 4782 boni
461 4729 642 4799 operis
667 4746 684 4796 ;
711 4729 805 4784 sed
826 4731 917 4799 qui
944 4745 1167 4798 magnos
1195 4733 1460 4786 exercitus
1481 4733 1720 4801 equitum

170 4829 334 4886 magna
379 4821 579 4875 virtute
623 4827 900 4890 superant,
943 4821 1180 4888 linguam
1226 4822 1440 4892 penitus
1468 4822 1536 4878 ab
1573 4823 1721 4879 omni

169 4906 406 4976 supeitlna
428 4911 701 4968 locutione
721 4926 830 4966 non
859 4909 1152 4967 refrenant.
1175 4913 1441 4968 Continuo
1467 4929 1564 4969 usu
1591 4930 1714 4970 cor-

170 5012 255 5067 pus
276 5001 322 5054 in
343 5001 435 5056 Dei
456 5002 839 5072 omnipotentis
861 5003 1082 5057 servitio
1106 5001 1340 5067 dirigunt
1367 5020 1381 5068 ;
1413 5005 1505 5058 sed
1530 5020 1717 5060 eorum

169 5101 319 5153 mens,
332 5102 449 5156 qua:
463 5087 591 5144 foris
604 5089 843 5144 membra
865 5089 1102 5159 perfecte
1117 5089 1351 5159 ordinat,
1365 5092 1728 5160 cogitationes-

169 5177 437 5244 supertluas
450 5179 736 5249 aliquando
748 5191 1082 5249 nequaquam
1095 5181 1237 5234 vitat.
1262 5181 1400 5246 Quid
1421 5183 1562 5236 enim
1577 5183 1724 5238 aliud

172 5272 295 5329 tunc,
319 5283 475 5336 quam
488 5268 1006 5338 vulgiimportunam
1035 5270 1251 5324 multitu
1270 5271 1430 5325 linem
1459 5273 1718 5338 sentiunt,

174 5356 248 5423 qui
272 5372 452 5412 currus
482 5366 538 5413 et
571 5359 780 5428 equites
804 5373 995 5429 magna
1035 5360 1232 5414 virtute
1272 5363 1721 5429 prostraverunt?

229 5445 276 5501 9.
303 5445 405 5503 Sed
438 5448 628 5506 doctor
672 5450 919 5518 egregius
961 5450 1126 5506 dicit:
1162 5450 1509 5521 Diligentibus
1555 5450 1720 5505 Deum

176 5537 323 5590 omnia
345 5548 682 5608 cooperantur
701 5539 756 5594 in
787 5537 973 5595 bonum
1003 5539 1180 5611 (Rom.
1207 5557 1316 5608 vm,
1346 5541 1459 5611 28).
1493 5542 1721 5597 Permit-

178 5620 228 5675 tit
265 5626 470 5694 quidem
515 5629 653 5686 Deus
706 5629 907 5686 electos
929 5646 1055 5686 suos
1100 5632 1304 5702 magnis
1335 5633 1718 5688 tcutationibus

1825 4561 1949 4630 quia
1979 4558 2421 4614 innumerabilem
2452 4557 2591 4612 hanc
2619 4573 2846 4625 nequam
2875 4557 3263 4624 cogitationum
3289 4563 3402 4609 tur-

1827 4650 1950 4702 bam
1972 4648 2040 4702 de
2083 4647 2263 4701 saeculi
2292 4645 2484 4716 pelago
2513 4645 2729 4714 prodire
2755 4643 3117 4708 considerant,
3150 4643 3403 4699 saeculum

1825 4744 1940 4792 tota
1986 4743 2169 4790 mente
2219 4732 2486 4804 fugiendo,
2539 4731 2654 4786 ﬁeri
2701 4732 2885 4786 littora
2915 4731 3078 4785 maris
3123 4731 3311 4796 vitant,
3350 4737 3405 4785 et

1825 4834 2032 4881 tantum
2059 4824 2248 4893 vulgus
2293 4822 2526 4877 hostium
2554 4821 2664 4889 jam
2715 4835 2820 4875 non
2851 4820 3078 4874 timent:
3110 4820 3236 4888 quia
3279 4820 3406 4874 dum

1824 4913 1880 4968 in
1935 4913 2122 4968 intima
2173 4910 2625 4980 contemplatione
2681 4923 2742 4962 se
2797 4907 3078 4973 retinent,
3152 4907 3404 4962 vitiorum

1822 5003 1979 5060 turba
2030 5001 2100 5057 ad
2151 5015 2247 5057 eos
2301 5014 2575 5055 accessum
2627 4997 2827 5052 habere
2885 5011 2992 5051 non
3042 5004 3242 5066 potest.
3303 4997 3400 5051 Se-

1823 5093 2006 5162 quitur
2030 5109 2043 5144 :

1897 5180 2073 5252 (Vers.
2107 5177 2184 5250 5.)
2215 5179 2283 5233 Et
2303 5179 2651 5242 ascendentes,
2684 5178 3033 5232 castrametati
3055 5187 3176 5232 sunt
3204 5181 3258 5231 in
3287 5176 3406 5230 Ma-

1823 5288 1970 5344 gmas
1995 5273 2064 5326 aut
2089 5274 2336 5326 orientem
2365 5269 2643 5324 Bethaven.

1898 5361 1984 5416 to.
2022 5361 2266 5430 Maliguis
2292 5360 2568 5428 spiritibus
2590 5357 2902 5422 ascendere,
2934 5367 3012 5413 est
3043 5357 3109 5412 ad
3131 5356 3406 5426 decipien-

1823 5451 1892 5507 da
1933 5458 2240 5505 sanctorum
2290 5448 2477 5514 corda,
2528 5463 2622 5516 per
2663 5447 2885 5502 caeleste
2923 5447 3244 5502 desiderium
3295 5446 3403 5500 alta

1821 5541 2030 5597 conari.
2089 5539 2234 5595 Bene
2287 5549 2468 5594 autem
2499 5539 2731 5594 dicitur:
2782 5527 3148 5594 Castrametati
3177 5545 3297 5591 sunt
3348 5537 3406 5590 in

1823 5631 2062 5705 Magmas
2090 5646 2107 5686 :
2137 5630 2261 5702 quia
2284 5629 2336 5684 in
2360 5629 2462 5686 illis
2491 5629 2742 5687 cordibus
2790 5630 3046 5696 resident,
3073 5643 3191 5701 qum
3215 5627 3266 5682 in
3290 5627 3420 5682 altis
