  <div class='ocr_page' id='page_1' title='image "/cluster/home/n/w/nwhite01/storage/ocr_20150623/79/uva.x000827091/181.png"; bbox 0 0 3962 6284; ppageno 0'>
   <div class='ocr_carea' id='block_1_1' title="bbox 577 275 681 333">
    <p class='ocr_par' dir='ltr' id='par_1_1' title="bbox 577 275 681 333">
     <span class='ocr_line' id='line_1_1' title="bbox 577 275 681 333; baseline -0.048 -1"><span class='ocrx_word' id='word_1_1' title='bbox 577 275 681 333; x_wconf 66' lang='grc'><strong>545</strong></span> 
     </span>
    </p>
   </div>
   <div class='ocr_carea' id='block_1_2' title="bbox 1740 274 3794 354">
    <p class='ocr_par' dir='ltr' id='par_1_2' title="bbox 1740 274 3794 354">
     <span class='ocr_line' id='line_1_2' title="bbox 1740 274 3794 354; baseline -0.003 -18"><span class='ocrx_word' id='word_1_2' title='bbox 1740 280 1978 337; x_wconf 80' lang='lat' dir='ltr'><strong>SANCTI</strong></span> <span class='ocrx_word' id='word_1_3' title='bbox 2016 277 2339 334; x_wconf 77' lang='lat' dir='ltr'><strong>caecoun</strong></span> <span class='ocrx_word' id='word_1_4' title='bbox 2376 279 2586 334; x_wconf 62' lang='lat' dir='ltr'><strong>MAGNI</strong></span> <span class='ocrx_word' id='word_1_5' title='bbox 3705 274 3794 354; x_wconf 55' lang='grc' dir='ltr'>αι</span> 
     </span>
    </p>
   </div>
   <div class='ocr_carea' id='block_1_3' title="bbox 578 391 3794 466">
    <p class='ocr_par' dir='ltr' id='par_1_3' title="bbox 578 391 3794 466">
     <span class='ocr_line' id='line_1_3' title="bbox 578 391 3794 466; baseline 0.001 -13"><span class='ocrx_word' id='word_1_6' title='bbox 578 410 761 453; x_wconf 72' lang='lat' dir='ltr'><strong>amore</strong></span> <span class='ocrx_word' id='word_1_7' title='bbox 781 395 1077 452; x_wconf 79' lang='lat' dir='ltr'><strong>cmlestium</strong></span> <span class='ocrx_word' id='word_1_8' title='bbox 1099 393 1381 447; x_wconf 84' lang='lat' dir='ltr'><strong>sublimata</strong></span> <span class='ocrx_word' id='word_1_9' title='bbox 1402 406 1508 445; x_wconf 91' lang='lat' dir='ltr'><strong>non</strong></span> <span class='ocrx_word' id='word_1_10' title='bbox 1523 392 1724 446; x_wconf 88' lang='lat' dir='ltr'><strong>vident.</strong></span> <span class='ocrx_word' id='word_1_11' title='bbox 1743 393 1978 460; x_wconf 78' lang='lat' dir='ltr'><strong>Magmas</strong></span> <span class='ocrx_word' id='word_1_12' title='bbox 1993 391 2146 461; x_wconf 87' lang='lat' dir='ltr'><strong>quip-</strong></span> <span class='ocrx_word' id='word_1_13' title='bbox 2175 392 2219 451; x_wconf 79' lang='grc' dir='ltr'><strong>Α</strong></span> <span class='ocrx_word' id='word_1_14' title='bbox 2250 392 2499 461; x_wconf 75' lang='lat' dir='ltr'><strong>speritas,</strong></span> <span class='ocrx_word' id='word_1_15' title='bbox 2526 394 2611 447; x_wconf 86' lang='lat' dir='ltr'><strong>lux</strong></span> <span class='ocrx_word' id='word_1_16' title='bbox 2644 394 2695 447; x_wconf 92' lang='lat' dir='ltr'><strong>in</strong></span> <span class='ocrx_word' id='word_1_17' title='bbox 2728 394 2995 461; x_wconf 84' lang='lat' dir='ltr'><strong>tenebras,</strong></span> <span class='ocrx_word' id='word_1_18' title='bbox 3026 396 3163 451; x_wconf 85' lang='lat' dir='ltr'><strong>risus</strong></span> <span class='ocrx_word' id='word_1_19' title='bbox 3188 397 3241 450; x_wconf 91' lang='lat' dir='ltr'><strong>in</strong></span> <span class='ocrx_word' id='word_1_20' title='bbox 3262 412 3563 466; x_wconf 65' lang='lat' dir='ltr'><strong>matronam,</strong></span> <span class='ocrx_word' id='word_1_21' title='bbox 3589 401 3794 460; x_wconf 83' lang='lat' dir='ltr'><strong>dulcedo</strong></span> 
     </span>
    </p>
   </div>
   <div class='ocr_carea' id='block_1_4' title="bbox 577 480 2145 558">
    <p class='ocr_par' dir='ltr' id='par_1_4' title="bbox 577 480 2145 558">
     <span class='ocr_line' id='line_1_4' title="bbox 577 480 2145 558; baseline -0.004 -16"><span class='ocrx_word' id='word_1_22' title='bbox 577 502 643 558; x_wconf 87' lang='lat' dir='ltr'><strong>pe</strong></span> <span class='ocrx_word' id='word_1_23' title='bbox 687 487 957 542; x_wconf 90' lang='lat' dir='ltr'><strong>lmmilitas</strong></span> <span class='ocrx_word' id='word_1_24' title='bbox 986 486 1383 551; x_wconf 73' lang='lat' dir='ltr'><strong>interpretatur.</strong></span> <span class='ocrx_word' id='word_1_25' title='bbox 1426 480 1704 536; x_wconf 84' lang='lat' dir='ltr'><strong>llumiliari</strong></span> <span class='ocrx_word' id='word_1_26' title='bbox 1734 498 1862 538; x_wconf 87' lang='lat' dir='ltr'><strong>vero</strong></span> <span class='ocrx_word' id='word_1_27' title='bbox 1891 483 1943 536; x_wconf 91' lang='lat' dir='ltr'><strong>in</strong></span> <span class='ocrx_word' id='word_1_28' title='bbox 1990 498 2145 536; x_wconf 90' lang='lat' dir='ltr'><strong>sacro</strong></span> 
     </span>
    </p>
   </div>
   <div class='ocr_carea' id='block_1_5' title="bbox 573 572 2149 645">
    <p class='ocr_par' dir='ltr' id='par_1_5' title="bbox 573 572 2149 645">
     <span class='ocr_line' id='line_1_5' title="bbox 573 572 2149 645; baseline -0.002 -17"><span class='ocrx_word' id='word_1_29' title='bbox 573 577 791 645; x_wconf 76' lang='lat' dir='ltr'><strong>eloquio</strong></span> <span class='ocrx_word' id='word_1_30' title='bbox 820 591 918 645; x_wconf 91' lang='lat' dir='ltr'><strong>pro</strong></span> <span class='ocrx_word' id='word_1_31' title='bbox 955 573 1161 628; x_wconf 85' lang='lat' dir='ltr'><strong>defectu</strong></span> <span class='ocrx_word' id='word_1_32' title='bbox 1192 587 1332 641; x_wconf 68' lang='lat' dir='ltr'><strong>stupe</strong></span> <span class='ocrx_word' id='word_1_33' title='bbox 1360 572 1572 626; x_wconf 87' lang='lat' dir='ltr'><strong>virtutis</strong></span> <span class='ocrx_word' id='word_1_34' title='bbox 1600 573 1876 641; x_wconf 65' lang='lat' dir='ltr'><strong>accipitur.</strong></span> <span class='ocrx_word' id='word_1_35' title='bbox 1911 572 2064 627; x_wconf 82' lang='lat' dir='ltr'><strong>Unde</strong></span> <span class='ocrx_word' id='word_1_36' title='bbox 2093 581 2149 627; x_wconf 90' lang='lat' dir='ltr'><strong>et</strong></span> 
     </span>
    </p>
   </div>
   <div class='ocr_carea' id='block_1_6' title="bbox 572 660 2147 730">
    <p class='ocr_par' dir='ltr' id='par_1_6' title="bbox 572 660 2147 730">
     <span class='ocr_line' id='line_1_6' title="bbox 572 660 2147 730; baseline -0.002 -13"><span class='ocrx_word' id='word_1_37' title='bbox 572 666 623 718; x_wconf 89' lang='lat' dir='ltr'><strong>lu</strong></span> <span class='ocrx_word' id='word_1_38' title='bbox 657 667 755 719; x_wconf 88' lang='lat' dir='ltr'><strong>hac</strong></span> <span class='ocrx_word' id='word_1_39' title='bbox 776 664 960 719; x_wconf 89' lang='lat' dir='ltr'><strong>eadem</strong></span> <span class='ocrx_word' id='word_1_40' title='bbox 986 676 1168 729; x_wconf 73' lang='lat' dir='ltr'><strong>rrgum</strong></span> <span class='ocrx_word' id='word_1_41' title='bbox 1199 662 1419 716; x_wconf 73' lang='lat' dir='ltr'><strong>historia</strong></span> <span class='ocrx_word' id='word_1_42' title='bbox 1452 660 1686 715; x_wconf 83' lang='lat' dir='ltr'><strong>Thamar</strong></span> <span class='ocrx_word' id='word_1_43' title='bbox 1712 661 1876 716; x_wconf 81' lang='lat' dir='ltr'><strong>David</strong></span> <span class='ocrx_word' id='word_1_44' title='bbox 1919 665 2059 730; x_wconf 55' lang='lat' dir='ltr'><strong>regis</strong></span> <span class='ocrx_word' id='word_1_45' title='bbox 2088 662 2147 714; x_wconf 84' lang='lat' dir='ltr'><strong>li-</strong></span> 
     </span>
    </p>
   </div>
   <div class='ocr_carea' id='block_1_7' title="bbox 572 739 2147 821">
    <p class='ocr_par' dir='ltr' id='par_1_7' title="bbox 572 739 2147 821">
     <span class='ocr_line' id='line_1_7' title="bbox 572 739 2147 821; baseline -0.001 -15"><span class='ocrx_word' id='word_1_46' title='bbox 572 754 662 817; x_wconf 62' lang='lat' dir='ltr'><strong>lia,</strong></span> <span class='ocrx_word' id='word_1_47' title='bbox 688 767 845 821; x_wconf 88' lang='lat' dir='ltr'><strong>quam</strong></span> <span class='ocrx_word' id='word_1_48' title='bbox 869 752 1098 807; x_wconf 83' lang='lat' dir='ltr'><strong>violasse</strong></span> <span class='ocrx_word' id='word_1_49' title='bbox 1127 739 1300 804; x_wconf 71' lang='lat' dir='ltr'><strong>Anton</strong></span> <span class='ocrx_word' id='word_1_50' title='bbox 1328 751 1493 805; x_wconf 80' lang='lat' dir='ltr'><strong>frater</strong></span> <span class='ocrx_word' id='word_1_51' title='bbox 1514 750 1627 817; x_wconf 71' lang='lat' dir='ltr'><strong>Pjtts</strong></span> <span class='ocrx_word' id='word_1_52' title='bbox 1655 751 1871 819; x_wconf 75' lang='lat' dir='ltr'><strong>legitur,</strong></span> <span class='ocrx_word' id='word_1_53' title='bbox 1901 753 2147 805; x_wconf 88' lang='lat' dir='ltr'><strong>humilia-</strong></span> 
     </span>
    </p>
   </div>
   <div class='ocr_carea' id='block_1_8' title="bbox 570 840 2145 912">
    <p class='ocr_par' dir='ltr' id='par_1_8' title="bbox 570 840 2145 912">
     <span class='ocr_line' id='line_1_8' title="bbox 570 840 2145 912; baseline -0.001 -16"><span class='ocrx_word' id='word_1_54' title='bbox 570 853 623 896; x_wconf 84' lang='lat' dir='ltr'><strong>ta</strong></span> <span class='ocrx_word' id='word_1_55' title='bbox 653 843 980 912; x_wconf 84' lang='lat' dir='ltr'><strong>perhibetur.</strong></span> <span class='ocrx_word' id='word_1_56' title='bbox 1010 840 1272 910; x_wconf 61' lang='lat' dir='ltr'><strong>Corrupta</strong></span> <span class='ocrx_word' id='word_1_57' title='bbox 1304 840 1517 908; x_wconf 82' lang='lat' dir='ltr'><strong>quilem</strong></span> <span class='ocrx_word' id='word_1_58' title='bbox 1547 840 1821 894; x_wconf 90' lang='lat' dir='ltr'><strong>humiliata</strong></span> <span class='ocrx_word' id='word_1_59' title='bbox 1854 848 1934 894; x_wconf 90' lang='lat' dir='ltr'><strong>est</strong></span> <span class='ocrx_word' id='word_1_60' title='bbox 1959 857 1971 892; x_wconf 89' lang='lat'><strong>:</strong></span> <span class='ocrx_word' id='word_1_61' title='bbox 2021 841 2145 907; x_wconf 87' lang='lat' dir='ltr'><strong>quia</strong></span> 
     </span>
    </p>
   </div>
   <div class='ocr_carea' id='block_1_9' title="bbox 574 929 2147 997">
    <p class='ocr_par' dir='ltr' id='par_1_9' title="bbox 574 929 2147 997">
     <span class='ocr_line' id='line_1_9' title="bbox 574 929 2147 997; baseline -0.005 -9"><span class='ocrx_word' id='word_1_62' title='bbox 574 934 816 988; x_wconf 82' lang='lat' dir='ltr'><strong>sublimis</strong></span> <span class='ocrx_word' id='word_1_63' title='bbox 831 940 1054 987; x_wconf 86' lang='lat' dir='ltr'><strong>steterat</strong></span> <span class='ocrx_word' id='word_1_64' title='bbox 1074 932 1243 997; x_wconf 81' lang='lat' dir='ltr'><strong>virgo.</strong></span> <span class='ocrx_word' id='word_1_65' title='bbox 1271 939 1324 983; x_wconf 91' lang='lat' dir='ltr'><strong>et</strong></span> <span class='ocrx_word' id='word_1_66' title='bbox 1351 930 1474 983; x_wconf 92' lang='lat' dir='ltr'><strong>dum</strong></span> <span class='ocrx_word' id='word_1_67' title='bbox 1497 930 1660 983; x_wconf 87' lang='lat' dir='ltr'><strong>altum</strong></span> <span class='ocrx_word' id='word_1_68' title='bbox 1682 929 1903 982; x_wconf 80' lang='lat' dir='ltr'><strong>honoris</strong></span> <span class='ocrx_word' id='word_1_69' title='bbox 1925 929 2147 996; x_wconf 68' lang='lat' dir='ltr'><strong>virginei</strong></span> 
     </span>
    </p>
   </div>
   <div class='ocr_carea' id='block_1_10' title="bbox 574 1018 2147 1091">
    <p class='ocr_par' dir='ltr' id='par_1_10' title="bbox 574 1018 2147 1091">
     <span class='ocr_line' id='line_1_10' title="bbox 574 1018 2147 1091; baseline -0.004 -13"><span class='ocrx_word' id='word_1_70' title='bbox 574 1024 782 1078; x_wconf 77' lang='lat' dir='ltr'><strong>culmen</strong></span> <span class='ocrx_word' id='word_1_71' title='bbox 795 1021 1041 1091; x_wconf 86' lang='lat' dir='ltr'><strong>perdidit,</strong></span> <span class='ocrx_word' id='word_1_72' title='bbox 1058 1020 1201 1073; x_wconf 89' lang='lat' dir='ltr'><strong>velut</strong></span> <span class='ocrx_word' id='word_1_73' title='bbox 1213 1020 1277 1073; x_wconf 90' lang='lat' dir='ltr'><strong>de</strong></span> <span class='ocrx_word' id='word_1_74' title='bbox 1291 1019 1502 1072; x_wconf 90' lang='lat' dir='ltr'><strong>sublimi</strong></span> <span class='ocrx_word' id='word_1_75' title='bbox 1518 1018 1583 1070; x_wconf 88' lang='lat' dir='ltr'><strong>ad</strong></span> <span class='ocrx_word' id='word_1_76' title='bbox 1600 1018 1812 1086; x_wconf 90' lang='lat' dir='ltr'><strong>planum</strong></span> <span class='ocrx_word' id='word_1_77' title='bbox 1828 1028 1874 1071; x_wconf 64' lang='lat' dir='ltr'><strong>cf</strong></span> <span class='ocrx_word' id='word_1_78' title='bbox 1894 1018 2147 1072; x_wconf 85' lang='lat' dir='ltr'><strong>humilem</strong></span> 
     </span>
    </p>
   </div>
   <div class='ocr_carea' id='block_1_11' title="bbox 574 1108 2149 1183">
    <p class='ocr_par' dir='ltr' id='par_1_11' title="bbox 574 1108 2149 1183">
     <span class='ocr_line' id='line_1_11' title="bbox 574 1108 2149 1183; baseline -0.006 -12"><span class='ocrx_word' id='word_1_79' title='bbox 574 1118 751 1172; x_wconf 89' lang='lat' dir='ltr'><strong>locum</strong></span> <span class='ocrx_word' id='word_1_80' title='bbox 768 1114 915 1170; x_wconf 90' lang='lat' dir='ltr'><strong>venit</strong></span> <span class='ocrx_word' id='word_1_81' title='bbox 931 1112 1017 1182; x_wconf 84' lang='grc' dir='ltr'><strong>(ΙΙ</strong></span> <span class='ocrx_word' id='word_1_82' title='bbox 1038 1112 1162 1183; x_wconf 83' lang='lat' dir='ltr'><strong>Reg.</strong></span> <span class='ocrx_word' id='word_1_83' title='bbox 1180 1110 1313 1179; x_wconf 93' lang='lat' dir='ltr'><strong>xm).</strong></span> <span class='ocrx_word' id='word_1_84' title='bbox 1339 1110 1409 1164; x_wconf 92' lang='lat' dir='ltr'><strong>De</strong></span> <span class='ocrx_word' id='word_1_85' title='bbox 1429 1109 1604 1163; x_wconf 90' lang='lat' dir='ltr'><strong>futura</strong></span> <span class='ocrx_word' id='word_1_86' title='bbox 1625 1110 1785 1163; x_wconf 90' lang='lat' dir='ltr'><strong>etiam</strong></span> <span class='ocrx_word' id='word_1_87' title='bbox 1798 1108 2149 1178; x_wconf 88' lang='lat' dir='ltr'><strong>superborum</strong></span> 
     </span>
    </p>
   </div>
   <div class='ocr_carea' id='block_1_12' title="bbox 575 1197 2151 1274">
    <p class='ocr_par' dir='ltr' id='par_1_12' title="bbox 575 1197 2151 1274">
     <span class='ocr_line' id='line_1_12' title="bbox 575 1197 2151 1274; baseline -0.007 -13"><span class='ocrx_word' id='word_1_88' title='bbox 575 1205 922 1274; x_wconf 74' lang='lat' dir='ltr'><strong>depressione</strong></span> <span class='ocrx_word' id='word_1_89' title='bbox 943 1202 1137 1257; x_wconf 90' lang='lat' dir='ltr'><strong>dicitur</strong></span> <span class='ocrx_word' id='word_1_90' title='bbox 1165 1218 1178 1254; x_wconf 87' lang='lat'><strong>:</strong></span> <span class='ocrx_word' id='word_1_91' title='bbox 1204 1200 1407 1260; x_wconf 82' lang='lat' dir='ltr'><strong>Omnis.</strong></span> <span class='ocrx_word' id='word_1_92' title='bbox 1431 1201 1514 1271; x_wconf 85' lang='lat' dir='ltr'><strong>qui</strong></span> <span class='ocrx_word' id='word_1_93' title='bbox 1537 1215 1589 1253; x_wconf 88' lang='lat' dir='ltr'><strong>se</strong></span> <span class='ocrx_word' id='word_1_94' title='bbox 1613 1199 1828 1262; x_wconf 77' lang='lat' dir='ltr'><strong>exultat,</strong></span> <span class='ocrx_word' id='word_1_95' title='bbox 1854 1197 2151 1251; x_wconf 86' lang='lat' dir='ltr'><strong>humi&#39;iabi-</strong></span> 
     </span>
    </p>
   </div>
   <div class='ocr_carea' id='block_1_13' title="bbox 562 1289 2147 1361">
    <p class='ocr_par' dir='ltr' id='par_1_13' title="bbox 562 1289 2147 1361">
     <span class='ocr_line' id='line_1_13' title="bbox 562 1289 2147 1361; baseline -0.003 -14"><span class='ocrx_word' id='word_1_96' title='bbox 562 1305 658 1357; x_wconf 56' lang='lat' dir='ltr'><strong>,tur</strong></span> <span class='ocrx_word' id='word_1_97' title='bbox 677 1291 829 1355; x_wconf 62' lang='lat' dir='ltr'><strong>ian.</strong></span> <span class='ocrx_word' id='word_1_98' title='bbox 847 1308 952 1355; x_wconf 81' lang='lat' dir='ltr'><strong>xtv,</strong></span> <span class='ocrx_word' id='word_1_99' title='bbox 971 1291 1058 1361; x_wconf 84' lang='lat' dir='ltr'><strong>ll)</strong></span> <span class='ocrx_word' id='word_1_100' title='bbox 1082 1290 1233 1359; x_wconf 85' lang='lat' dir='ltr'><strong>:quia</strong></span> <span class='ocrx_word' id='word_1_101' title='bbox 1251 1290 1304 1343; x_wconf 90' lang='lat' dir='ltr'><strong>in</strong></span> <span class='ocrx_word' id='word_1_102' title='bbox 1320 1290 1567 1343; x_wconf 83' lang='lat' dir='ltr'><strong>examine</strong></span> <span class='ocrx_word' id='word_1_103' title='bbox 1587 1289 2007 1358; x_wconf 87' lang='lat' dir='ltr'><strong>supernijudicis</strong></span> <span class='ocrx_word' id='word_1_104' title='bbox 2032 1306 2147 1343; x_wconf 87' lang='lat' dir='ltr'><strong>cor-</strong></span> 
     </span>
    </p>
   </div>
   <div class='ocr_carea' id='block_1_14' title="bbox 574 1378 2148 1449">
    <p class='ocr_par' dir='ltr' id='par_1_14' title="bbox 574 1378 2148 1449">
     <span class='ocr_line' id='line_1_14' title="bbox 574 1378 2148 1449; baseline -0.003 -13"><span class='ocrx_word' id='word_1_105' title='bbox 574 1392 757 1447; x_wconf 89' lang='lat' dir='ltr'><strong>ruunt,</strong></span> <span class='ocrx_word' id='word_1_106' title='bbox 785 1383 873 1449; x_wconf 90' lang='lat' dir='ltr'><strong>qui</strong></span> <span class='ocrx_word' id='word_1_107' title='bbox 894 1397 1029 1434; x_wconf 88' lang='lat' dir='ltr'><strong>vane</strong></span> <span class='ocrx_word' id='word_1_108' title='bbox 1050 1380 1115 1433; x_wconf 87' lang='lat' dir='ltr'><strong>de</strong></span> <span class='ocrx_word' id='word_1_109' title='bbox 1130 1379 1284 1448; x_wconf 85' lang='lat' dir='ltr'><strong>hujus</strong></span> <span class='ocrx_word' id='word_1_110' title='bbox 1296 1378 1813 1432; x_wconf 63' lang='lat' dir='ltr'><strong>saeculisublimitate</strong></span> <span class='ocrx_word' id='word_1_111' title='bbox 1834 1378 2148 1445; x_wconf 79' lang='lat' dir='ltr'><strong>gloriantur.</strong></span> 
     </span>
    </p>
   </div>
   <div class='ocr_carea' id='block_1_15' title="bbox 576 1469 2150 1540">
    <p class='ocr_par' dir='ltr' id='par_1_15' title="bbox 576 1469 2150 1540">
     <span class='ocr_line' id='line_1_15' title="bbox 576 1469 2150 1540; baseline -0.001 -13"><span class='ocrx_word' id='word_1_112' title='bbox 576 1473 721 1527; x_wconf 65' lang='lat' dir='ltr'><strong>Bene</strong></span> <span class='ocrx_word' id='word_1_113' title='bbox 750 1486 877 1540; x_wconf 86' lang='lat' dir='ltr'><strong>ergo</strong></span> <span class='ocrx_word' id='word_1_114' title='bbox 915 1473 965 1526; x_wconf 90' lang='lat' dir='ltr'><strong>in</strong></span> <span class='ocrx_word' id='word_1_115' title='bbox 997 1472 1232 1539; x_wconf 82' lang='lat' dir='ltr'><strong>Magmas</strong></span> <span class='ocrx_word' id='word_1_116' title='bbox 1250 1477 1425 1525; x_wconf 89' lang='lat' dir='ltr'><strong>castra</strong></span> <span class='ocrx_word' id='word_1_117' title='bbox 1449 1485 1650 1538; x_wconf 90' lang='lat' dir='ltr'><strong>ponere</strong></span> <span class='ocrx_word' id='word_1_118' title='bbox 1678 1469 1926 1524; x_wconf 77' lang='lat' dir='ltr'><strong>Philistzei</strong></span> <span class='ocrx_word' id='word_1_119' title='bbox 1970 1470 2150 1537; x_wconf 79' lang='lat' dir='ltr'><strong>perhi-</strong></span> 
     </span>
    </p>
   </div>
   <div class='ocr_carea' id='block_1_16' title="bbox 573 1558 2153 1631">
    <p class='ocr_par' dir='ltr' id='par_1_16' title="bbox 573 1558 2153 1631">
     <span class='ocr_line' id='line_1_16' title="bbox 573 1558 2153 1631; baseline -0.004 -14"><span class='ocrx_word' id='word_1_120' title='bbox 573 1564 766 1617; x_wconf 87' lang='lat' dir='ltr'><strong>bentur</strong></span> <span class='ocrx_word' id='word_1_121' title='bbox 789 1565 937 1631; x_wconf 88' lang='lat' dir='ltr'><strong>:quia</strong></span> <span class='ocrx_word' id='word_1_122' title='bbox 961 1577 1057 1631; x_wconf 89' lang='lat' dir='ltr'><strong>per</strong></span> <span class='ocrx_word' id='word_1_123' title='bbox 1078 1561 1254 1629; x_wconf 87' lang='lat' dir='ltr'><strong>iniqua</strong></span> <span class='ocrx_word' id='word_1_124' title='bbox 1272 1561 1492 1614; x_wconf 88' lang='lat' dir='ltr'><strong>consilia</strong></span> <span class='ocrx_word' id='word_1_125' title='bbox 1514 1561 1565 1616; x_wconf 86' lang='lat' dir='ltr'><strong>in</strong></span> <span class='ocrx_word' id='word_1_126' title='bbox 1588 1560 1666 1615; x_wconf 91' lang='lat' dir='ltr'><strong>eis</strong></span> <span class='ocrx_word' id='word_1_127' title='bbox 1678 1560 1743 1613; x_wconf 74' lang='lat' dir='ltr'><strong>da</strong></span> <span class='ocrx_word' id='word_1_128' title='bbox 1759 1559 1938 1613; x_wconf 75' lang='lat' dir='ltr'><strong>moaia</strong></span> <span class='ocrx_word' id='word_1_129' title='bbox 1957 1571 1980 1594; x_wconf 73' lang='grc' dir='ltr'>οι</span> <span class='ocrx_word' id='word_1_130' title='bbox 2003 1558 2153 1612; x_wconf 83' lang='lat' dir='ltr'><strong>habi-</strong></span> 
     </span>
    </p>
   </div>
   <div class='ocr_carea' id='block_1_17' title="bbox 575 1648 2149 1722">
    <p class='ocr_par' dir='ltr' id='par_1_17' title="bbox 575 1648 2149 1722">
     <span class='ocr_line' id='line_1_17' title="bbox 575 1648 2149 1722; baseline -0.006 -13"><span class='ocrx_word' id='word_1_131' title='bbox 575 1656 811 1722; x_wconf 85' lang='lat' dir='ltr'><strong>tant,qei</strong></span> <span class='ocrx_word' id='word_1_132' title='bbox 832 1654 937 1707; x_wconf 89' lang='lat' dir='ltr'><strong>alta</strong></span> <span class='ocrx_word' id='word_1_133' title='bbox 958 1654 1210 1706; x_wconf 89' lang='lat' dir='ltr'><strong>virtutum</strong></span> <span class='ocrx_word' id='word_1_134' title='bbox 1232 1652 1461 1705; x_wconf 88' lang='lat' dir='ltr'><strong>culmina</strong></span> <span class='ocrx_word' id='word_1_135' title='bbox 1483 1658 1503 1703; x_wconf 92' lang='lat' dir='ltr'><strong>t</strong></span> <span class='ocrx_word' id='word_1_136' title='bbox 1538 1665 1664 1705; x_wconf 91' lang='lat' dir='ltr'><strong>nere</strong></span> <span class='ocrx_word' id='word_1_137' title='bbox 1677 1666 1783 1703; x_wconf 92' lang='lat' dir='ltr'><strong>non</strong></span> <span class='ocrx_word' id='word_1_138' title='bbox 1795 1656 2000 1703; x_wconf 87' lang='lat' dir='ltr'><strong>curant.</strong></span> <span class='ocrx_word' id='word_1_139' title='bbox 2020 1648 2149 1700; x_wconf 84' lang='lat' dir='ltr'><strong>Nam</strong></span> 
     </span>
    </p>
   </div>
   <div class='ocr_carea' id='block_1_18' title="bbox 2250 479 3793 557">
    <p class='ocr_par' dir='ltr' id='par_1_18' title="bbox 2250 479 3793 557">
     <span class='ocr_line' id='line_1_18' title="bbox 2250 479 3793 557; baseline 0.01 -26"><span class='ocrx_word' id='word_1_140' title='bbox 2250 479 2301 532; x_wconf 92' lang='lat' dir='ltr'><strong>in</strong></span> <span class='ocrx_word' id='word_1_141' title='bbox 2319 495 2572 545; x_wconf 84' lang='lat' dir='ltr'><strong>vcrmetn,</strong></span> <span class='ocrx_word' id='word_1_142' title='bbox 2595 481 2760 535; x_wconf 89' lang='lat' dir='ltr'><strong>decor</strong></span> <span class='ocrx_word' id='word_1_143' title='bbox 2782 482 2832 534; x_wconf 93' lang='lat' dir='ltr'><strong>in</strong></span> <span class='ocrx_word' id='word_1_144' title='bbox 2856 480 3272 548; x_wconf 87' lang='lat' dir='ltr'><strong>deformitatem,</strong></span> <span class='ocrx_word' id='word_1_145' title='bbox 3295 487 3468 540; x_wconf 88' lang='lat' dir='ltr'><strong>honor</strong></span> <span class='ocrx_word' id='word_1_146' title='bbox 3488 488 3537 540; x_wconf 91' lang='lat' dir='ltr'><strong>in</strong></span> <span class='ocrx_word' id='word_1_147' title='bbox 3562 488 3793 557; x_wconf 60' lang='lat' dir='ltr'><strong>dedecus,</strong></span> 
     </span>
    </p>
   </div>
   <div class='ocr_carea' id='block_1_19' title="bbox 2249 570 3795 640">
    <p class='ocr_par' dir='ltr' id='par_1_19' title="bbox 2249 570 3795 640">
     <span class='ocr_line' id='line_1_19' title="bbox 2249 570 3795 640; baseline 0.008 -17"><span class='ocrx_word' id='word_1_148' title='bbox 2249 570 2611 624; x_wconf 85' lang='lat' dir='ltr'><strong>blandimenta</strong></span> <span class='ocrx_word' id='word_1_149' title='bbox 2644 572 2696 624; x_wconf 90' lang='lat' dir='ltr'><strong>in</strong></span> <span class='ocrx_word' id='word_1_150' title='bbox 2742 587 2929 640; x_wconf 63' lang='lat' dir='ltr'><strong>poenas</strong></span> <span class='ocrx_word' id='word_1_151' title='bbox 2968 583 3023 627; x_wconf 89' lang='lat' dir='ltr'><strong>et</strong></span> <span class='ocrx_word' id='word_1_152' title='bbox 3046 584 3245 629; x_wconf 66' lang='lat' dir='ltr'><strong>mterna</strong></span> <span class='ocrx_word' id='word_1_153' title='bbox 3290 585 3552 633; x_wconf 87' lang='lat' dir='ltr'><strong>tormenta</strong></span> <span class='ocrx_word' id='word_1_154' title='bbox 3581 595 3795 637; x_wconf 82' lang='lat' dir='ltr'><strong>commu-</strong></span> 
     </span>
    </p>
   </div>
   <div class='ocr_carea' id='block_1_20' title="bbox 2248 660 3789 736">
    <p class='ocr_par' dir='ltr' id='par_1_20' title="bbox 2248 660 3789 736">
     <span class='ocr_line' id='line_1_20' title="bbox 2248 660 3789 736; baseline 0.01 -26"><span class='ocrx_word' id='word_1_155' title='bbox 2248 666 2446 712; x_wconf 86' lang='lat' dir='ltr'><strong>tantur.</strong></span> <span class='ocrx_word' id='word_1_156' title='bbox 2486 660 2608 714; x_wconf 70' lang='lat' dir='ltr'><strong>llrc</strong></span> <span class='ocrx_word' id='word_1_157' title='bbox 2652 663 2913 730; x_wconf 89' lang='lat' dir='ltr'><strong>profecto,</strong></span> <span class='ocrx_word' id='word_1_158' title='bbox 2958 665 3082 731; x_wconf 87' lang='lat' dir='ltr'><strong>quia</strong></span> <span class='ocrx_word' id='word_1_159' title='bbox 3132 681 3276 720; x_wconf 87' lang='lat' dir='ltr'><strong>nunc</strong></span> <span class='ocrx_word' id='word_1_160' title='bbox 3321 667 3601 736; x_wconf 89' lang='lat' dir='ltr'><strong>impiorum</strong></span> <span class='ocrx_word' id='word_1_161' title='bbox 3647 673 3789 726; x_wconf 78' lang='lat' dir='ltr'><strong>corda</strong></span> 
     </span>
    </p>
   </div>
   <div class='ocr_carea' id='block_1_21' title="bbox 2250 752 3798 826">
    <p class='ocr_par' dir='ltr' id='par_1_21' title="bbox 2250 752 3798 826">
     <span class='ocr_line' id='line_1_21' title="bbox 2250 752 3798 826; baseline 0.009 -25"><span class='ocrx_word' id='word_1_162' title='bbox 2250 765 2355 802; x_wconf 92' lang='lat' dir='ltr'><strong>non</strong></span> <span class='ocrx_word' id='word_1_163' title='bbox 2385 752 2639 815; x_wconf 14' lang='lat' dir='ltr'><strong>sentiurt,</strong></span> <span class='ocrx_word' id='word_1_164' title='bbox 2672 752 2935 807; x_wconf 87' lang='lat' dir='ltr'><strong>bonorum</strong></span> <span class='ocrx_word' id='word_1_165' title='bbox 2966 770 3145 810; x_wconf 88' lang='lat' dir='ltr'><strong>mores</strong></span> <span class='ocrx_word' id='word_1_166' title='bbox 3196 756 3389 811; x_wconf 77' lang='lat' dir='ltr'><strong>imitari</strong></span> <span class='ocrx_word' id='word_1_167' title='bbox 3440 756 3723 826; x_wconf 76' lang='lat' dir='ltr'><strong>refugiunt;</strong></span> <span class='ocrx_word' id='word_1_168' title='bbox 3750 772 3798 815; x_wconf 90' lang='lat' dir='ltr'><strong>et</strong></span> 
     </span>
    </p>
   </div>
   <div class='ocr_carea' id='block_1_22' title="bbox 2247 841 3799 918">
    <p class='ocr_par' dir='ltr' id='par_1_22' title="bbox 2247 841 3799 918">
     <span class='ocr_line' id='line_1_22' title="bbox 2247 841 3799 918; baseline 0.006 -26"><span class='ocrx_word' id='word_1_169' title='bbox 2247 841 2495 910; x_wconf 87' lang='lat' dir='ltr'><strong>exemplo</strong></span> <span class='ocrx_word' id='word_1_170' title='bbox 2523 841 2873 912; x_wconf 63' lang='lat' dir='ltr'><strong>pcrditorum,</strong></span> <span class='ocrx_word' id='word_1_171' title='bbox 2912 843 3167 912; x_wconf 90' lang='lat' dir='ltr'><strong>quidquid</strong></span> <span class='ocrx_word' id='word_1_172' title='bbox 3203 846 3269 899; x_wconf 91' lang='lat' dir='ltr'><strong>de</strong></span> <span class='ocrx_word' id='word_1_173' title='bbox 3296 847 3493 900; x_wconf 61' lang='lat' dir='ltr'><strong>saeculo</strong></span> <span class='ocrx_word' id='word_1_174' title='bbox 3522 848 3598 902; x_wconf 84' lang='lat' dir='ltr'><strong>eis</strong></span> <span class='ocrx_word' id='word_1_175' title='bbox 3625 850 3799 918; x_wconf 87' lang='lat' dir='ltr'><strong>placet,</strong></span> 
     </span>
    </p>
   </div>
   <div class='ocr_carea' id='block_1_23' title="bbox 2250 934 3799 1007">
    <p class='ocr_par' dir='ltr' id='par_1_23' title="bbox 2250 934 3799 1007">
     <span class='ocr_line' id='line_1_23' title="bbox 2250 934 3799 1007; baseline 0.007 -25"><span class='ocrx_word' id='word_1_176' title='bbox 2250 944 2461 984; x_wconf 81' lang='lat' dir='ltr'><strong>sumere</strong></span> <span class='ocrx_word' id='word_1_177' title='bbox 2500 947 2835 1000; x_wconf 80' lang='lat' dir='ltr'><strong>nequaquam</strong></span> <span class='ocrx_word' id='word_1_178' title='bbox 2888 934 3113 987; x_wconf 90' lang='lat' dir='ltr'><strong>timent:</strong></span> <span class='ocrx_word' id='word_1_179' title='bbox 3163 935 3288 1003; x_wconf 90' lang='lat' dir='ltr'><strong>quia</strong></span> <span class='ocrx_word' id='word_1_180' title='bbox 3341 936 3461 990; x_wconf 88' lang='lat' dir='ltr'><strong>illos</strong></span> <span class='ocrx_word' id='word_1_181' title='bbox 3505 937 3799 1007; x_wconf 79' lang='lat' dir='ltr'><strong>imitantur,</strong></span> 
     </span>
    </p>
   </div>
   <div class='ocr_carea' id='block_1_24' title="bbox 2248 1019 3799 1088">
    <p class='ocr_par' dir='ltr' id='par_1_24' title="bbox 2248 1019 3799 1088">
     <span class='ocr_line' id='line_1_24' title="bbox 2248 1019 3799 1088; baseline 0.008 -18"><span class='ocrx_word' id='word_1_182' title='bbox 2248 1019 2337 1086; x_wconf 92' lang='lat' dir='ltr'><strong>qui</strong></span> <span class='ocrx_word' id='word_1_183' title='bbox 2369 1034 2464 1088; x_wconf 90' lang='lat' dir='ltr'><strong>per</strong></span> <span class='ocrx_word' id='word_1_184' title='bbox 2491 1020 2651 1073; x_wconf 85' lang='lat' dir='ltr'><strong>vitam</strong></span> <span class='ocrx_word' id='word_1_185' title='bbox 2682 1022 2963 1088; x_wconf 82' lang='lat' dir='ltr'><strong>reprobam</strong></span> <span class='ocrx_word' id='word_1_186' title='bbox 3012 1023 3314 1078; x_wconf 84' lang='lat' dir='ltr'><strong>habitacula</strong></span> <span class='ocrx_word' id='word_1_187' title='bbox 3354 1025 3655 1080; x_wconf 62' lang='lat' dir='ltr'><strong>demonum</strong></span> <span class='ocrx_word' id='word_1_188' title='bbox 3688 1020 3799 1083; x_wconf 72' lang='lat' dir='ltr'><strong>iacti</strong></span> 
     </span>
    </p>
   </div>
   <div class='ocr_carea' id='block_1_25' title="bbox 2250 1107 3801 1185">
    <p class='ocr_par' dir='ltr' id='par_1_25' title="bbox 2250 1107 3801 1185">
     <span class='ocr_line' id='line_1_25' title="bbox 2250 1107 3801 1185; baseline 0.006 -25"><span class='ocrx_word' id='word_1_189' title='bbox 2250 1118 2392 1160; x_wconf 80' lang='lat' dir='ltr'><strong>sunt.</strong></span> <span class='ocrx_word' id='word_1_190' title='bbox 2429 1107 2578 1163; x_wconf 85' lang='lat' dir='ltr'><strong>Unde</strong></span> <span class='ocrx_word' id='word_1_191' title='bbox 2606 1122 2660 1163; x_wconf 91' lang='lat' dir='ltr'><strong>et</strong></span> <span class='ocrx_word' id='word_1_192' title='bbox 2690 1111 2883 1163; x_wconf 88' lang='lat' dir='ltr'><strong>merito</strong></span> <span class='ocrx_word' id='word_1_193' title='bbox 2912 1112 3102 1166; x_wconf 78' lang='lat' dir='ltr'><strong>domus</strong></span> <span class='ocrx_word' id='word_1_194' title='bbox 3132 1112 3335 1168; x_wconf 88' lang='lat' dir='ltr'><strong>inutilis</strong></span> <span class='ocrx_word' id='word_1_195' title='bbox 3373 1115 3657 1169; x_wconf 84' lang='lat' dir='ltr'><strong>dicuntur:</strong></span> <span class='ocrx_word' id='word_1_196' title='bbox 3694 1122 3801 1185; x_wconf 80' lang='lat' dir='ltr'><strong>quis</strong></span> 
     </span>
    </p>
   </div>
   <div class='ocr_carea' id='block_1_26' title="bbox 2251 1198 3797 1271">
    <p class='ocr_par' dir='ltr' id='par_1_26' title="bbox 2251 1198 3797 1271">
     <span class='ocr_line' id='line_1_26' title="bbox 2251 1198 3797 1271; baseline 0.008 -24"><span class='ocrx_word' id='word_1_197' title='bbox 2251 1210 2303 1247; x_wconf 72' lang='lat' dir='ltr'><strong>s-</strong></span> <span class='ocrx_word' id='word_1_198' title='bbox 2324 1210 2393 1263; x_wconf 86' lang='lat' dir='ltr'><strong>pe</strong></span> <span class='ocrx_word' id='word_1_199' title='bbox 2420 1206 2726 1250; x_wconf 89' lang='lat' dir='ltr'><strong>sanctorum</strong></span> <span class='ocrx_word' id='word_1_200' title='bbox 2759 1198 2901 1265; x_wconf 72' lang='lat' dir='ltr'><strong>pned</strong></span> <span class='ocrx_word' id='word_1_201' title='bbox 2927 1199 3193 1254; x_wconf 90' lang='lat' dir='ltr'><strong>cationem</strong></span> <span class='ocrx_word' id='word_1_202' title='bbox 3229 1203 3548 1271; x_wconf 62' lang='lat' dir='ltr'><strong>suscipiunt,</strong></span> <span class='ocrx_word' id='word_1_203' title='bbox 3575 1204 3665 1258; x_wconf 90' lang='lat' dir='ltr'><strong>sed</strong></span> <span class='ocrx_word' id='word_1_204' title='bbox 3698 1221 3797 1260; x_wconf 85' lang='lat' dir='ltr'><strong>ver-</strong></span> 
     </span>
    </p>
   </div>
   <div class='ocr_carea' id='block_1_27' title="bbox 2250 1282 3801 1365">
    <p class='ocr_par' dir='ltr' id='par_1_27' title="bbox 2250 1282 3801 1365">
     <span class='ocr_line' id='line_1_27' title="bbox 2250 1282 3801 1365; baseline 0.009 -28"><span class='ocrx_word' id='word_1_205' title='bbox 2250 1282 2378 1337; x_wconf 89' lang='lat' dir='ltr'><strong>bum</strong></span> <span class='ocrx_word' id='word_1_206' title='bbox 2409 1286 2552 1351; x_wconf 88' lang='lat' dir='ltr'><strong>quod</strong></span> <span class='ocrx_word' id='word_1_207' title='bbox 2581 1286 2648 1339; x_wconf 91' lang='lat' dir='ltr'><strong>ab</strong></span> <span class='ocrx_word' id='word_1_208' title='bbox 2678 1301 2863 1343; x_wconf 90' lang='lat' dir='ltr'><strong>eorum</strong></span> <span class='ocrx_word' id='word_1_209' title='bbox 2895 1304 2989 1343; x_wconf 90' lang='lat' dir='ltr'><strong>ore</strong></span> <span class='ocrx_word' id='word_1_210' title='bbox 3017 1291 3261 1357; x_wconf 89' lang='lat' dir='ltr'><strong>audiunt,</strong></span> <span class='ocrx_word' id='word_1_211' title='bbox 3287 1293 3339 1345; x_wconf 92' lang='lat' dir='ltr'><strong>in</strong></span> <span class='ocrx_word' id='word_1_212' title='bbox 3370 1308 3429 1347; x_wconf 87' lang='lat' dir='ltr'><strong>se</strong></span> <span class='ocrx_word' id='word_1_213' title='bbox 3454 1294 3690 1350; x_wconf 86' lang='lat' dir='ltr'><strong>habitare</strong></span> <span class='ocrx_word' id='word_1_214' title='bbox 3724 1312 3801 1365; x_wconf 85' lang='lat' dir='ltr'><strong>per</strong></span> 
     </span>
    </p>
   </div>
   <div class='ocr_carea' id='block_1_28' title="bbox 2253 1378 3805 1451">
    <p class='ocr_par' dir='ltr' id='par_1_28' title="bbox 2253 1378 3805 1451">
     <span class='ocr_line' id='line_1_28' title="bbox 2253 1378 3805 1451; baseline 0.01 -27"><span class='ocrx_word' id='word_1_215' title='bbox 2253 1386 2491 1427; x_wconf 88' lang='lat' dir='ltr'><strong>amorem</strong></span> <span class='ocrx_word' id='word_1_216' title='bbox 2522 1390 2859 1444; x_wconf 78' lang='lat' dir='ltr'><strong>nequaquam</strong></span> <span class='ocrx_word' id='word_1_217' title='bbox 2891 1378 3188 1445; x_wconf 85' lang='lat' dir='ltr'><strong>patiuntur.</strong></span> <span class='ocrx_word' id='word_1_218' title='bbox 3237 1379 3443 1436; x_wconf 78' lang='lat' dir='ltr'><strong>Inutilis</strong></span> <span class='ocrx_word' id='word_1_219' title='bbox 3472 1396 3604 1451; x_wconf 86' lang='lat' dir='ltr'><strong>ergo</strong></span> <span class='ocrx_word' id='word_1_220' title='bbox 3638 1384 3805 1441; x_wconf 78' lang='lat' dir='ltr'><strong>donius</strong></span> 
     </span>
    </p>
   </div>
   <div class='ocr_carea' id='block_1_29' title="bbox 2252 1465 3803 1534">
    <p class='ocr_par' dir='ltr' id='par_1_29' title="bbox 2252 1465 3803 1534">
     <span class='ocr_line' id='line_1_29' title="bbox 2252 1465 3803 1534; baseline 0.009 -19"><span class='ocrx_word' id='word_1_221' title='bbox 2252 1470 2414 1515; x_wconf 84' lang='lat' dir='ltr'><strong>sunt:</strong></span> <span class='ocrx_word' id='word_1_222' title='bbox 2460 1465 2583 1531; x_wconf 87' lang='lat' dir='ltr'><strong>quia</strong></span> <span class='ocrx_word' id='word_1_223' title='bbox 2612 1473 2789 1534; x_wconf 87' lang='lat' dir='ltr'><strong>aptam</strong></span> <span class='ocrx_word' id='word_1_224' title='bbox 2838 1467 2891 1520; x_wconf 88' lang='lat' dir='ltr'><strong>in</strong></span> <span class='ocrx_word' id='word_1_225' title='bbox 2919 1483 2977 1523; x_wconf 88' lang='lat' dir='ltr'><strong>se</strong></span> <span class='ocrx_word' id='word_1_226' title='bbox 3018 1467 3132 1525; x_wconf 90' lang='lat' dir='ltr'><strong>Deo</strong></span> <span class='ocrx_word' id='word_1_227' title='bbox 3168 1471 3555 1527; x_wconf 88' lang='lat' dir='ltr'><strong>habitationem</strong></span> <span class='ocrx_word' id='word_1_228' title='bbox 3595 1490 3698 1529; x_wconf 90' lang='lat' dir='ltr'><strong>non</strong></span> <span class='ocrx_word' id='word_1_229' title='bbox 3738 1476 3803 1530; x_wconf 88' lang='lat' dir='ltr'><strong>fa-</strong></span> 
     </span>
    </p>
   </div>
   <div class='ocr_carea' id='block_1_30' title="bbox 2254 1544 3806 1632">
    <p class='ocr_par' dir='ltr' id='par_1_30' title="bbox 2254 1544 3806 1632">
     <span class='ocr_line' id='line_1_30' title="bbox 2254 1544 3806 1632; baseline 0.008 -25"><span class='ocrx_word' id='word_1_230' title='bbox 2254 1554 2419 1608; x_wconf 90' lang='lat' dir='ltr'><strong>ciunt.</strong></span> <span class='ocrx_word' id='word_1_231' title='bbox 2447 1554 2595 1610; x_wconf 90' lang='lat' dir='ltr'><strong>llanc</strong></span> <span class='ocrx_word' id='word_1_232' title='bbox 2625 1557 2865 1613; x_wconf 84' lang='lat' dir='ltr'><strong>inutilem</strong></span> <span class='ocrx_word' id='word_1_233' title='bbox 2896 1560 3109 1614; x_wconf 89' lang='lat' dir='ltr'><strong>domum</strong></span> <span class='ocrx_word' id='word_1_234' title='bbox 3134 1544 3231 1632; x_wconf 86' lang='lat' dir='ltr'><strong>per</strong></span> <span class='ocrx_word' id='word_1_235' title='bbox 3252 1564 3597 1632; x_wconf 80' lang='lat' dir='ltr'><strong>semetipsatc</strong></span> <span class='ocrx_word' id='word_1_236' title='bbox 3622 1564 3806 1621; x_wconf 79' lang='lat' dir='ltr'><strong>Veritar</strong></span> 
     </span>
    </p>
   </div>
   <div class='ocr_carea' id='block_1_31' title="bbox 2255 1643 3805 1722">
    <p class='ocr_par' dir='ltr' id='par_1_31' title="bbox 2255 1643 3805 1722">
     <span class='ocr_line' id='line_1_31' title="bbox 2255 1643 3805 1722; baseline 0.007 -26"><span class='ocrx_word' id='word_1_237' title='bbox 2255 1643 2306 1697; x_wconf 91' lang='lat' dir='ltr'><strong>in</strong></span> <span class='ocrx_word' id='word_1_238' title='bbox 2331 1643 2618 1713; x_wconf 83' lang='lat' dir='ltr'><strong>Evangelio</strong></span> <span class='ocrx_word' id='word_1_239' title='bbox 2645 1646 2907 1714; x_wconf 79' lang='lat' dir='ltr'><strong>designat,</strong></span> <span class='ocrx_word' id='word_1_240' title='bbox 2931 1650 3144 1705; x_wconf 84' lang='lat' dir='ltr'><strong>dicens:</strong></span> <span class='ocrx_word' id='word_1_241' title='bbox 3185 1652 3373 1719; x_wconf 78' lang='lat' dir='ltr'><strong>Vulpes</strong></span> <span class='ocrx_word' id='word_1_242' title='bbox 3404 1656 3579 1722; x_wconf 73' lang='lat' dir='ltr'><strong>foveas</strong></span> <span class='ocrx_word' id='word_1_243' title='bbox 3621 1654 3805 1718; x_wconf 79' lang='lat' dir='ltr'><strong>habent,</strong></span> 
     </span>
    </p>
   </div>
   <div class='ocr_carea' id='block_1_32' title="bbox 572 1740 3792 1814">
    <p class='ocr_par' dir='ltr' id='par_1_32' title="bbox 572 1740 3792 1814">
     <span class='ocr_line' id='line_1_32' title="bbox 572 1740 3792 1814; baseline -0.002 -16"><span class='ocrx_word' id='word_1_244' title='bbox 572 1746 695 1799; x_wconf 84' lang='lat' dir='ltr'><strong>dum</strong></span> <span class='ocrx_word' id='word_1_245' title='bbox 720 1754 930 1800; x_wconf 88' lang='lat' dir='ltr'><strong>terrena</strong></span> <span class='ocrx_word' id='word_1_246' title='bbox 948 1753 1209 1814; x_wconf 66' lang='lat' dir='ltr'><strong>quaerunt,</strong></span> <span class='ocrx_word' id='word_1_247' title='bbox 1235 1745 1379 1797; x_wconf 90' lang='lat' dir='ltr'><strong>velut</strong></span> <span class='ocrx_word' id='word_1_248' title='bbox 1407 1742 1560 1813; x_wconf 88' lang='lat' dir='ltr'><strong>plana</strong></span> <span class='ocrx_word' id='word_1_249' title='bbox 1584 1751 1637 1795; x_wconf 89' lang='lat' dir='ltr'><strong>ct</strong></span> <span class='ocrx_word' id='word_1_250' title='bbox 1657 1742 1872 1795; x_wconf 86' lang='lat' dir='ltr'><strong>humilia</strong></span> <span class='ocrx_word' id='word_1_251' title='bbox 1892 1740 2148 1801; x_wconf 85' lang='lat' dir='ltr'><strong>incolunt,</strong></span> <span class='ocrx_word' id='word_1_252' title='bbox 2188 1752 2230 1808; x_wconf 79' lang='grc' dir='ltr'><strong>Β</strong></span> <span class='ocrx_word' id='word_1_253' title='bbox 2256 1747 2304 1788; x_wconf 86' lang='lat' dir='ltr'><strong>et</strong></span> <span class='ocrx_word' id='word_1_254' title='bbox 2332 1740 2558 1789; x_wconf 81' lang='lat' dir='ltr'><strong>uolucres</strong></span> <span class='ocrx_word' id='word_1_255' title='bbox 2588 1740 2699 1792; x_wconf 71' lang='lat' dir='ltr'><strong>cali</strong></span> <span class='ocrx_word' id='word_1_256' title='bbox 2724 1740 2871 1794; x_wconf 82' lang='lat' dir='ltr'><strong>nidos</strong></span> <span class='ocrx_word' id='word_1_257' title='bbox 2895 1758 2911 1793; x_wconf 89' lang='lat'><strong>:</strong></span> <span class='ocrx_word' id='word_1_258' title='bbox 2930 1741 2972 1791; x_wconf 82' lang='lat' dir='ltr'><strong><em>F</em></strong></span> <span class='ocrx_word' id='word_1_259' title='bbox 2978 1743 3095 1795; x_wconf 84' lang='lat' dir='ltr'><strong>ilius</strong></span> <span class='ocrx_word' id='word_1_260' title='bbox 3122 1753 3292 1797; x_wconf 77' lang='lat' dir='ltr'><strong>autem</strong></span> <span class='ocrx_word' id='word_1_261' title='bbox 3313 1745 3538 1798; x_wconf 74' lang='lat' dir='ltr'><strong>hominis</strong></span> <span class='ocrx_word' id='word_1_262' title='bbox 3567 1747 3792 1799; x_wconf 58' lang='lat' dir='ltr'><strong>nuntiati;</strong></span> 
     </span>
    </p>
   </div>
   <div class='ocr_carea' id='block_1_33' title="bbox 574 1832 2153 1902">
    <p class='ocr_par' dir='ltr' id='par_1_33' title="bbox 574 1832 2153 1902">
     <span class='ocr_line' id='line_1_33' title="bbox 574 1832 2153 1902; baseline -0.003 -13"><span class='ocrx_word' id='word_1_263' title='bbox 574 1836 662 1890; x_wconf 86' lang='lat' dir='ltr'><strong>ubi</strong></span> <span class='ocrx_word' id='word_1_264' title='bbox 684 1835 973 1890; x_wconf 54' lang='lat' dir='ltr'><strong>invisibiles</strong></span> <span class='ocrx_word' id='word_1_265' title='bbox 993 1836 1175 1889; x_wconf 81' lang='lat' dir='ltr'><strong>hostes</strong></span> <span class='ocrx_word' id='word_1_266' title='bbox 1194 1850 1255 1887; x_wconf 90' lang='lat' dir='ltr'><strong>ca</strong></span> <span class='ocrx_word' id='word_1_267' title='bbox 1270 1842 1367 1886; x_wconf 63' lang='grc' dir='ltr'>ιιι-ει</span> <span class='ocrx_word' id='word_1_268' title='bbox 1392 1848 1592 1902; x_wconf 83' lang='lat' dir='ltr'><strong>ponere</strong></span> <span class='ocrx_word' id='word_1_269' title='bbox 1614 1833 1800 1885; x_wconf 80' lang='lat' dir='ltr'><strong>leviter</strong></span> <span class='ocrx_word' id='word_1_270' title='bbox 1815 1840 2051 1900; x_wconf 89' lang='lat' dir='ltr'><strong>possunt.</strong></span> <span class='ocrx_word' id='word_1_271' title='bbox 2080 1832 2153 1885; x_wconf 83' lang='lat' dir='ltr'><strong>De</strong></span> 
     </span>
    </p>
   </div>
   <div class='ocr_carea' id='block_1_34' title="bbox 573 1920 2148 1993">
    <p class='ocr_par' dir='ltr' id='par_1_34' title="bbox 573 1920 2148 1993">
     <span class='ocr_line' id='line_1_34' title="bbox 573 1920 2148 1993; baseline -0.007 -13"><span class='ocrx_word' id='word_1_272' title='bbox 573 1928 763 1993; x_wconf 63' lang='lat' dir='ltr'><strong>quibus</strong></span> <span class='ocrx_word' id='word_1_273' title='bbox 821 1926 1069 1979; x_wconf 87' lang='lat' dir='ltr'><strong>nimirum</strong></span> <span class='ocrx_word' id='word_1_274' title='bbox 1125 1927 1193 1977; x_wconf 93' lang='grc' dir='ltr'><strong>Ιιο</strong></span> <span class='ocrx_word' id='word_1_275' title='bbox 1224 1923 1365 1977; x_wconf 90' lang='lat' dir='ltr'><strong>tibus</strong></span> <span class='ocrx_word' id='word_1_276' title='bbox 1412 1938 1507 1990; x_wconf 54' lang='lat' dir='ltr'><strong>per</strong></span> <span class='ocrx_word' id='word_1_277' title='bbox 1557 1920 1871 1989; x_wconf 56' lang='lat' dir='ltr'><strong>prolihetam</strong></span> <span class='ocrx_word' id='word_1_278' title='bbox 1921 1920 2148 1973; x_wconf 89' lang='lat' dir='ltr'><strong>dicitur:</strong></span> 
     </span>
    </p>
   </div>
   <div class='ocr_carea' id='block_1_35' title="bbox 576 2016 2153 2085">
    <p class='ocr_par' dir='ltr' id='par_1_35' title="bbox 576 2016 2153 2085">
     <span class='ocr_line' id='line_1_35' title="bbox 576 2016 2153 2085; baseline -0.008 -9"><span class='ocrx_word' id='word_1_279' title='bbox 576 2020 675 2085; x_wconf 83' lang='lat' dir='ltr'><strong>Qui</strong></span> <span class='ocrx_word' id='word_1_280' title='bbox 726 2022 904 2075; x_wconf 83' lang='lat' dir='ltr'><strong>dicunt</strong></span> <span class='ocrx_word' id='word_1_281' title='bbox 951 2021 1140 2073; x_wconf 80' lang='lat' dir='ltr'><strong>anima:</strong></span> <span class='ocrx_word' id='word_1_282' title='bbox 1190 2028 1325 2071; x_wconf 78' lang='lat' dir='ltr'><strong>tute:</strong></span> <span class='ocrx_word' id='word_1_283' title='bbox 1377 2016 1674 2078; x_wconf 75' lang='lat' dir='ltr'><strong>Incurrere,</strong></span> <span class='ocrx_word' id='word_1_284' title='bbox 1722 2022 1777 2066; x_wconf 87' lang='lat' dir='ltr'><strong>ut</strong></span> <span class='ocrx_word' id='word_1_285' title='bbox 1830 2022 2153 2066; x_wconf 85' lang='lat' dir='ltr'><strong>transeamus</strong></span> 
     </span>
    </p>
   </div>
   <div class='ocr_carea' id='block_1_36' title="bbox 577 2104 2148 2179">
    <p class='ocr_par' dir='ltr' id='par_1_36' title="bbox 577 2104 2148 2179">
     <span class='ocr_line' id='line_1_36' title="bbox 577 2104 2148 2179; baseline -0.006 -14"><span class='ocrx_word' id='word_1_286' title='bbox 577 2111 732 2175; x_wconf 71' lang='lat' dir='ltr'><strong>llsai.</strong></span> <span class='ocrx_word' id='word_1_287' title='bbox 794 2128 862 2174; x_wconf 79' lang='grc' dir='ltr'>ιι,</span> <span class='ocrx_word' id='word_1_288' title='bbox 891 2109 1004 2179; x_wconf 64' lang='grc'><strong>95).</strong></span> <span class='ocrx_word' id='word_1_289' title='bbox 1052 2108 1241 2163; x_wconf 84' lang='lat' dir='ltr'><strong>Erecta</strong></span> <span class='ocrx_word' id='word_1_290' title='bbox 1270 2107 1482 2177; x_wconf 84' lang='lat' dir='ltr'><strong>quidem</strong></span> <span class='ocrx_word' id='word_1_291' title='bbox 1533 2104 1775 2158; x_wconf 76' lang='lat' dir='ltr'><strong>sublimis</strong></span> <span class='ocrx_word' id='word_1_292' title='bbox 1817 2111 1901 2157; x_wconf 89' lang='lat' dir='ltr'><strong>est</strong></span> <span class='ocrx_word' id='word_1_293' title='bbox 1950 2104 2148 2165; x_wconf 60' lang='lat' dir='ltr'><strong>anima,</strong></span> 
     </span>
    </p>
   </div>
   <div class='ocr_carea' id='block_1_37' title="bbox 576 2193 2149 2266">
    <p class='ocr_par' dir='ltr' id='par_1_37' title="bbox 576 2193 2149 2266">
     <span class='ocr_line' id='line_1_37' title="bbox 576 2193 2149 2266; baseline -0.004 -15"><span class='ocrx_word' id='word_1_294' title='bbox 576 2202 850 2255; x_wconf 87' lang='lat' dir='ltr'><strong>incurvata</strong></span> <span class='ocrx_word' id='word_1_295' title='bbox 879 2199 1133 2253; x_wconf 89' lang='lat' dir='ltr'><strong>hmnilis:</strong></span> <span class='ocrx_word' id='word_1_296' title='bbox 1182 2197 1305 2266; x_wconf 86' lang='lat' dir='ltr'><strong>quia</strong></span> <span class='ocrx_word' id='word_1_297' title='bbox 1339 2212 1431 2266; x_wconf 88' lang='lat' dir='ltr'><strong>per</strong></span> <span class='ocrx_word' id='word_1_298' title='bbox 1472 2196 1725 2249; x_wconf 90' lang='lat' dir='ltr'><strong>virtutum</strong></span> <span class='ocrx_word' id='word_1_299' title='bbox 1756 2193 2149 2257; x_wconf 79' lang='lat' dir='ltr'><strong>celsitudinem,</strong></span> 
     </span>
    </p>
   </div>
   <div class='ocr_carea' id='block_1_38' title="bbox 573 2283 2151 2358">
    <p class='ocr_par' dir='ltr' id='par_1_38' title="bbox 573 2283 2151 2358">
     <span class='ocr_line' id='line_1_38' title="bbox 573 2283 2151 2358; baseline -0.004 -15"><span class='ocrx_word' id='word_1_300' title='bbox 573 2298 656 2343; x_wconf 86' lang='lat' dir='ltr'><strong>est</strong></span> <span class='ocrx_word' id='word_1_301' title='bbox 682 2304 779 2358; x_wconf 89' lang='lat' dir='ltr'><strong>per</strong></span> <span class='ocrx_word' id='word_1_302' title='bbox 821 2288 1044 2344; x_wconf 73' lang='lat' dir='ltr'><strong>cmleste</strong></span> <span class='ocrx_word' id='word_1_303' title='bbox 1072 2288 1393 2341; x_wconf 86' lang='lat' dir='ltr'><strong>desiderium</strong></span> <span class='ocrx_word' id='word_1_304' title='bbox 1439 2287 1491 2339; x_wconf 92' lang='lat' dir='ltr'><strong>in</strong></span> <span class='ocrx_word' id='word_1_305' title='bbox 1540 2286 1647 2339; x_wconf 90' lang='lat' dir='ltr'><strong>alta</strong></span> <span class='ocrx_word' id='word_1_306' title='bbox 1686 2284 2023 2339; x_wconf 91' lang='lat' dir='ltr'><strong>sustollitur:</strong></span> <span class='ocrx_word' id='word_1_307' title='bbox 2057 2283 2151 2337; x_wconf 86' lang='lat' dir='ltr'><strong>sed</strong></span> 
     </span>
    </p>
   </div>
   <div class='ocr_carea' id='block_1_39' title="bbox 574 2375 2153 2447">
    <p class='ocr_par' dir='ltr' id='par_1_39' title="bbox 574 2375 2153 2447">
     <span class='ocr_line' id='line_1_39' title="bbox 574 2375 2153 2447; baseline -0.002 -16"><span class='ocrx_word' id='word_1_308' title='bbox 574 2380 788 2447; x_wconf 84' lang='lat' dir='ltr'><strong>quando</strong></span> <span class='ocrx_word' id='word_1_309' title='bbox 815 2379 882 2433; x_wconf 81' lang='lat' dir='ltr'><strong>ad</strong></span> <span class='ocrx_word' id='word_1_310' title='bbox 923 2379 1073 2437; x_wconf 86' lang='lat' dir='ltr'><strong>vitia.</strong></span> <span class='ocrx_word' id='word_1_311' title='bbox 1108 2379 1191 2431; x_wconf 86' lang='lat' dir='ltr'><strong>vel</strong></span> <span class='ocrx_word' id='word_1_312' title='bbox 1223 2378 1288 2430; x_wconf 89' lang='lat' dir='ltr'><strong>ad</strong></span> <span class='ocrx_word' id='word_1_313' title='bbox 1319 2378 1498 2430; x_wconf 60' lang='lat' dir='ltr'><strong>surculi</strong></span> <span class='ocrx_word' id='word_1_314' title='bbox 1531 2392 1767 2430; x_wconf 84' lang='lat' dir='ltr'><strong>amorem</strong></span> <span class='ocrx_word' id='word_1_315' title='bbox 1798 2375 2003 2440; x_wconf 83' lang='lat' dir='ltr'><strong>defluit,</strong></span> <span class='ocrx_word' id='word_1_316' title='bbox 2029 2377 2153 2428; x_wconf 90' lang='lat' dir='ltr'><strong>illuc</strong></span> 
     </span>
    </p>
   </div>
   <div class='ocr_carea' id='block_1_40' title="bbox 582 2467 2148 2537">
    <p class='ocr_par' dir='ltr' id='par_1_40' title="bbox 582 2467 2148 2537">
     <span class='ocr_line' id='line_1_40' title="bbox 582 2467 2148 2537; baseline -0.004 -14"><span class='ocrx_word' id='word_1_317' title='bbox 582 2471 799 2537; x_wconf 86' lang='lat' dir='ltr'><strong>quidem</strong></span> <span class='ocrx_word' id='word_1_318' title='bbox 841 2468 1005 2535; x_wconf 82' lang='lat' dir='ltr'><strong>cadit,</strong></span> <span class='ocrx_word' id='word_1_319' title='bbox 1031 2471 1118 2523; x_wconf 87' lang='lat' dir='ltr'><strong>ubi</strong></span> <span class='ocrx_word' id='word_1_320' title='bbox 1151 2471 1287 2522; x_wconf 90' lang='lat' dir='ltr'><strong>hanc</strong></span> <span class='ocrx_word' id='word_1_321' title='bbox 1315 2469 1482 2522; x_wconf 85' lang='lat' dir='ltr'><strong>hostis</strong></span> <span class='ocrx_word' id='word_1_322' title='bbox 1512 2470 1716 2521; x_wconf 88' lang='lat' dir='ltr'><strong>irruens</strong></span> <span class='ocrx_word' id='word_1_323' title='bbox 1744 2467 1929 2520; x_wconf 79' lang='lat' dir='ltr'><strong>leviter</strong></span> <span class='ocrx_word' id='word_1_324' title='bbox 1948 2467 2148 2519; x_wconf 89' lang='lat' dir='ltr'><strong>atterit.</strong></span> 
     </span>
    </p>
   </div>
   <div class='ocr_carea' id='block_1_41' title="bbox 585 2557 2146 2626">
    <p class='ocr_par' dir='ltr' id='par_1_41' title="bbox 585 2557 2146 2626">
     <span class='ocr_line' id='line_1_41' title="bbox 585 2557 2146 2626; baseline -0.004 -14"><span class='ocrx_word' id='word_1_325' title='bbox 585 2559 779 2612; x_wconf 77' lang='lat' dir='ltr'><strong>Dicunt</strong></span> <span class='ocrx_word' id='word_1_326' title='bbox 808 2572 939 2626; x_wconf 88' lang='lat' dir='ltr'><strong>ergo</strong></span> <span class='ocrx_word' id='word_1_327' title='bbox 986 2559 1177 2611; x_wconf 60' lang='lat' dir='ltr'><strong>anima:</strong></span> <span class='ocrx_word' id='word_1_328' title='bbox 1206 2566 1340 2610; x_wconf 76' lang='lat' dir='ltr'><strong>tum:</strong></span> <span class='ocrx_word' id='word_1_329' title='bbox 1373 2557 1671 2620; x_wconf 89' lang='lat' dir='ltr'><strong>incurvare,</strong></span> <span class='ocrx_word' id='word_1_330' title='bbox 1696 2564 1754 2608; x_wconf 93' lang='lat' dir='ltr'><strong>ut</strong></span> <span class='ocrx_word' id='word_1_331' title='bbox 1783 2563 2146 2607; x_wconf 88' lang='lat' dir='ltr'><strong>transeamus:</strong></span> 
     </span>
    </p>
   </div>
   <div class='ocr_carea' id='block_1_42' title="bbox 577 2644 2147 2717">
    <p class='ocr_par' dir='ltr' id='par_1_42' title="bbox 577 2644 2147 2717">
     <span class='ocr_line' id='line_1_42' title="bbox 577 2644 2147 2717; baseline -0.004 -15"><span class='ocrx_word' id='word_1_332' title='bbox 577 2651 702 2717; x_wconf 87' lang='lat' dir='ltr'><strong>quia</strong></span> <span class='ocrx_word' id='word_1_333' title='bbox 732 2649 777 2703; x_wconf 90' lang='lat' dir='ltr'><strong>si</strong></span> <span class='ocrx_word' id='word_1_334' title='bbox 828 2648 965 2702; x_wconf 89' lang='lat' dir='ltr'><strong>hanc.</strong></span> <span class='ocrx_word' id='word_1_335' title='bbox 994 2647 1059 2700; x_wconf 90' lang='lat' dir='ltr'><strong>ad</strong></span> <span class='ocrx_word' id='word_1_336' title='bbox 1100 2646 1324 2715; x_wconf 88' lang='lat' dir='ltr'><strong>agenda,</strong></span> <span class='ocrx_word' id='word_1_337' title='bbox 1373 2645 1455 2699; x_wconf 85' lang='lat' dir='ltr'><strong>vel</strong></span> <span class='ocrx_word' id='word_1_338' title='bbox 1485 2644 1765 2712; x_wconf 79' lang='lat' dir='ltr'><strong>cogitanda</strong></span> <span class='ocrx_word' id='word_1_339' title='bbox 1797 2652 2009 2696; x_wconf 72' lang='lat' dir='ltr'><strong>terrena</strong></span> <span class='ocrx_word' id='word_1_340' title='bbox 2041 2658 2147 2695; x_wconf 92' lang='lat' dir='ltr'><strong>non</strong></span> 
     </span>
    </p>
   </div>
   <div class='ocr_carea' id='block_1_43' title="bbox 576 2735 2147 2805">
    <p class='ocr_par' dir='ltr' id='par_1_43' title="bbox 576 2735 2147 2805">
     <span class='ocr_line' id='line_1_43' title="bbox 576 2735 2147 2805; baseline -0.004 -14"><span class='ocrx_word' id='word_1_341' title='bbox 576 2738 877 2800; x_wconf 87' lang='lat' dir='ltr'><strong>humiliant,</strong></span> <span class='ocrx_word' id='word_1_342' title='bbox 922 2752 1023 2791; x_wconf 90' lang='lat' dir='ltr'><strong>nec</strong></span> <span class='ocrx_word' id='word_1_343' title='bbox 1069 2736 1310 2805; x_wconf 78' lang='lat' dir='ltr'><strong>malignis</strong></span> <span class='ocrx_word' id='word_1_344' title='bbox 1360 2735 1796 2804; x_wconf 74' lang='lat' dir='ltr'><strong>persuasionibus</strong></span> <span class='ocrx_word' id='word_1_345' title='bbox 1842 2742 2147 2803; x_wconf 87' lang='lat' dir='ltr'><strong>penetrant,</strong></span> 
     </span>
    </p>
   </div>
   <div class='ocr_carea' id='block_1_44' title="bbox 578 2825 1449 2894">
    <p class='ocr_par' dir='ltr' id='par_1_44' title="bbox 578 2825 1449 2894">
     <span class='ocr_line' id='line_1_44' title="bbox 578 2825 1449 2894; baseline -0.005 -14"><span class='ocrx_word' id='word_1_346' title='bbox 578 2842 676 2881; x_wconf 77' lang='lat' dir='ltr'><strong>nec</strong></span> <span class='ocrx_word' id='word_1_347' title='bbox 697 2827 945 2880; x_wconf 89' lang='lat' dir='ltr'><strong>vitiorum</strong></span> <span class='ocrx_word' id='word_1_348' title='bbox 967 2825 1107 2880; x_wconf 83' lang='lat' dir='ltr'><strong>bello</strong></span> <span class='ocrx_word' id='word_1_349' title='bbox 1138 2830 1449 2894; x_wconf 62' lang='lat' dir='ltr'><strong>perturbant</strong></span> 
     </span>
    </p>
   </div>
   <div class='ocr_carea' id='block_1_45' title="bbox 644 2918 2145 2985">
    <p class='ocr_par' dir='ltr' id='par_1_45' title="bbox 644 2918 2145 2985">
     <span class='ocr_line' id='line_1_45' title="bbox 644 2918 2145 2985; baseline -0.003 -14"><span class='ocrx_word' id='word_1_350' title='bbox 644 2919 729 2971; x_wconf 83' lang='lat' dir='ltr'><strong>ll.</strong></span> <span class='ocrx_word' id='word_1_351' title='bbox 763 2918 897 2973; x_wconf 91' lang='lat' dir='ltr'><strong>llinc</strong></span> <span class='ocrx_word' id='word_1_352' title='bbox 924 2932 1053 2985; x_wconf 90' lang='lat' dir='ltr'><strong>ergo</strong></span> <span class='ocrx_word' id='word_1_353' title='bbox 1077 2918 1327 2985; x_wconf 84' lang='lat' dir='ltr'><strong>colligere</strong></span> <span class='ocrx_word' id='word_1_354' title='bbox 1347 2932 1649 2985; x_wconf 86' lang='lat' dir='ltr'><strong>possumus,</strong></span> <span class='ocrx_word' id='word_1_355' title='bbox 1682 2926 1939 2983; x_wconf 87' lang='lat' dir='ltr'><strong>quantum</strong></span> <span class='ocrx_word' id='word_1_356' title='bbox 1971 2932 1999 2967; x_wconf 88' lang='lat' dir='ltr'><strong>a</strong></span> <span class='ocrx_word' id='word_1_357' title='bbox 2044 2928 2145 2967; x_wconf 68' lang='lat' dir='ltr'><strong>5.x:-</strong></span> 
     </span>
    </p>
   </div>
   <div class='ocr_carea' id='block_1_46' title="bbox 574 3004 2145 3073">
    <p class='ocr_par' dir='ltr' id='par_1_46' title="bbox 574 3004 2145 3073">
     <span class='ocr_line' id='line_1_46' title="bbox 574 3004 2145 3073; baseline -0.002 -13"><span class='ocrx_word' id='word_1_358' title='bbox 574 3007 695 3060; x_wconf 84' lang='lat' dir='ltr'><strong>culo</strong></span> <span class='ocrx_word' id='word_1_359' title='bbox 716 3014 857 3071; x_wconf 88' lang='lat' dir='ltr'><strong>actu,</strong></span> <span class='ocrx_word' id='word_1_360' title='bbox 888 3006 1055 3060; x_wconf 86' lang='lat' dir='ltr'><strong>verbo</strong></span> <span class='ocrx_word' id='word_1_361' title='bbox 1082 3015 1135 3059; x_wconf 91' lang='lat' dir='ltr'><strong>et</strong></span> <span class='ocrx_word' id='word_1_362' title='bbox 1164 3005 1488 3073; x_wconf 89' lang='lat' dir='ltr'><strong>cogitatione</strong></span> <span class='ocrx_word' id='word_1_363' title='bbox 1516 3006 1668 3073; x_wconf 84' lang='lat' dir='ltr'><strong>longe</strong></span> <span class='ocrx_word' id='word_1_364' title='bbox 1697 3005 1809 3059; x_wconf 86' lang='lat' dir='ltr'><strong>fieri</strong></span> <span class='ocrx_word' id='word_1_365' title='bbox 1832 3004 2145 3059; x_wconf 88' lang='lat' dir='ltr'><strong>debeamus.</strong></span> 
     </span>
    </p>
   </div>
   <div class='ocr_carea' id='block_1_47' title="bbox 579 3093 2223 3168">
    <p class='ocr_par' dir='ltr' id='par_1_47' title="bbox 579 3093 2223 3168">
     <span class='ocr_line' id='line_1_47' title="bbox 579 3093 2223 3168; baseline -0.002 -21"><span class='ocrx_word' id='word_1_366' title='bbox 579 3094 747 3149; x_wconf 71' lang='lat' dir='ltr'><strong>Vtrha</strong></span> <span class='ocrx_word' id='word_1_367' title='bbox 797 3096 995 3164; x_wconf 90' lang='lat' dir='ltr'><strong>quippe</strong></span> <span class='ocrx_word' id='word_1_368' title='bbox 1043 3104 1247 3162; x_wconf 88' lang='lat' dir='ltr'><strong>nostra,</strong></span> <span class='ocrx_word' id='word_1_369' title='bbox 1299 3094 1669 3161; x_wconf 79' lang='lat' dir='ltr'><strong>cogitationes,</strong></span> <span class='ocrx_word' id='word_1_370' title='bbox 1704 3102 1760 3148; x_wconf 92' lang='lat' dir='ltr'><strong>et</strong></span> <span class='ocrx_word' id='word_1_371' title='bbox 1796 3109 1959 3161; x_wconf 81' lang='lat' dir='ltr'><strong>opera</strong></span> <span class='ocrx_word' id='word_1_372' title='bbox 1990 3093 2144 3162; x_wconf 83' lang='lat' dir='ltr'><strong>p&#39;ana</strong></span> <span class='ocrx_word' id='word_1_373' title='bbox 2177 3105 2223 3168; x_wconf 74' lang='grc' dir='ltr'>ο</span> 
     </span>
    </p>
   </div>
   <div class='ocr_carea' id='block_1_48' title="bbox 574 3182 2147 3252">
    <p class='ocr_par' dir='ltr' id='par_1_48' title="bbox 574 3182 2147 3252">
     <span class='ocr_line' id='line_1_48' title="bbox 574 3182 2147 3252; baseline -0.001 -15"><span class='ocrx_word' id='word_1_374' title='bbox 574 3192 629 3237; x_wconf 85' lang='lat' dir='ltr'><strong>et</strong></span> <span class='ocrx_word' id='word_1_375' title='bbox 657 3185 875 3239; x_wconf 88' lang='lat' dir='ltr'><strong>humilia</strong></span> <span class='ocrx_word' id='word_1_376' title='bbox 904 3192 1048 3249; x_wconf 90' lang='lat' dir='ltr'><strong>sunt,</strong></span> <span class='ocrx_word' id='word_1_377' title='bbox 1076 3199 1181 3252; x_wconf 91' lang='lat' dir='ltr'><strong>qua</strong></span> <span class='ocrx_word' id='word_1_378' title='bbox 1207 3184 1290 3237; x_wconf 66' lang='lat' dir='ltr'><strong>ldo</strong></span> <span class='ocrx_word' id='word_1_379' title='bbox 1337 3184 1627 3237; x_wconf 65' lang='lat' dir='ltr'><strong>saecularia.</strong></span> <span class='ocrx_word' id='word_1_380' title='bbox 1661 3182 1763 3236; x_wconf 85' lang='lat' dir='ltr'><strong>Per</strong></span> <span class='ocrx_word' id='word_1_381' title='bbox 1790 3183 1900 3236; x_wconf 75' lang='lat' dir='ltr'><strong>hzec</strong></span> <span class='ocrx_word' id='word_1_382' title='bbox 1927 3183 2147 3249; x_wconf 75' lang='lat' dir='ltr'><strong>quidem</strong></span> 
     </span>
    </p>
   </div>
   <div class='ocr_carea' id='block_1_49' title="bbox 577 3273 2145 3341">
    <p class='ocr_par' dir='ltr' id='par_1_49' title="bbox 577 3273 2145 3341">
     <span class='ocr_line' id='line_1_49' title="bbox 577 3273 2145 3341; baseline -0.003 -11"><span class='ocrx_word' id='word_1_383' title='bbox 577 3277 650 3330; x_wconf 86' lang='lat' dir='ltr'><strong>ibi</strong></span> <span class='ocrx_word' id='word_1_384' title='bbox 679 3292 883 3340; x_wconf 84' lang='lat' dir='ltr'><strong>sumus,</strong></span> <span class='ocrx_word' id='word_1_385' title='bbox 910 3276 996 3330; x_wconf 91' lang='lat' dir='ltr'><strong>ubi</strong></span> <span class='ocrx_word' id='word_1_386' title='bbox 1028 3276 1205 3330; x_wconf 87' lang='lat' dir='ltr'><strong>occult</strong></span> <span class='ocrx_word' id='word_1_387' title='bbox 1226 3292 1359 3329; x_wconf 57' lang='lat' dir='ltr'><strong>trum</strong></span> <span class='ocrx_word' id='word_1_388' title='bbox 1386 3275 1621 3328; x_wconf 88' lang='lat' dir='ltr'><strong>hostimn</strong></span> <span class='ocrx_word' id='word_1_389' title='bbox 1658 3282 1834 3327; x_wconf 88' lang='lat' dir='ltr'><strong>castra</strong></span> <span class='ocrx_word' id='word_1_390' title='bbox 1863 3273 2031 3327; x_wconf 86' lang='lat' dir='ltr'><strong>libere</strong></span> <span class='ocrx_word' id='word_1_391' title='bbox 2059 3288 2145 3341; x_wconf 82' lang='lat' dir='ltr'><strong>po-</strong></span> 
     </span>
    </p>
   </div>
   <div class='ocr_carea' id='block_1_50' title="bbox 578 3364 2148 3433">
    <p class='ocr_par' dir='ltr' id='par_1_50' title="bbox 578 3364 2148 3433">
     <span class='ocr_line' id='line_1_50' title="bbox 578 3364 2148 3433; baseline -0.001 -14"><span class='ocrx_word' id='word_1_392' title='bbox 578 3375 799 3433; x_wconf 73' lang='lat' dir='ltr'><strong>nuntur,</strong></span> <span class='ocrx_word' id='word_1_393' title='bbox 846 3367 935 3421; x_wconf 88' lang='lat' dir='ltr'><strong>ubi</strong></span> <span class='ocrx_word' id='word_1_394' title='bbox 985 3374 1135 3421; x_wconf 90' lang='lat' dir='ltr'><strong>tanto</strong></span> <span class='ocrx_word' id='word_1_395' title='bbox 1183 3364 1389 3421; x_wconf 79' lang='lat' dir='ltr'><strong>facilius</strong></span> <span class='ocrx_word' id='word_1_396' title='bbox 1436 3365 1551 3432; x_wconf 79' lang='lat' dir='ltr'><strong>capi</strong></span> <span class='ocrx_word' id='word_1_397' title='bbox 1595 3378 1897 3433; x_wconf 87' lang='lat' dir='ltr'><strong>possumus,</strong></span> <span class='ocrx_word' id='word_1_398' title='bbox 1944 3372 2148 3431; x_wconf 91' lang='lat' dir='ltr'><strong>quanto</strong></span> 
     </span>
    </p>
   </div>
   <div class='ocr_carea' id='block_1_51' title="bbox 578 3452 2149 3521">
    <p class='ocr_par' dir='ltr' id='par_1_51' title="bbox 578 3452 2149 3521">
     <span class='ocr_line' id='line_1_51' title="bbox 578 3452 2149 3521; baseline -0.004 -11"><span class='ocrx_word' id='word_1_399' title='bbox 578 3457 720 3510; x_wconf 87' lang='lat' dir='ltr'><strong>nulla</strong></span> <span class='ocrx_word' id='word_1_400' title='bbox 745 3456 1054 3510; x_wconf 88' lang='lat' dir='ltr'><strong>munitionis</strong></span> <span class='ocrx_word' id='word_1_401' title='bbox 1093 3470 1217 3509; x_wconf 87' lang='lat' dir='ltr'><strong>arce</strong></span> <span class='ocrx_word' id='word_1_402' title='bbox 1244 3455 1605 3509; x_wconf 69' lang='lat' dir='ltr'><strong>sublevantur.</strong></span> <span class='ocrx_word' id='word_1_403' title='bbox 1638 3453 1767 3519; x_wconf 85' lang='lat' dir='ltr'><strong>Quis</strong></span> <span class='ocrx_word' id='word_1_404' title='bbox 1795 3454 1935 3506; x_wconf 91' lang='lat' dir='ltr'><strong>enim</strong></span> <span class='ocrx_word' id='word_1_405' title='bbox 1952 3452 2061 3521; x_wconf 88' lang='lat' dir='ltr'><strong>jam</strong></span> <span class='ocrx_word' id='word_1_406' title='bbox 2092 3455 2149 3505; x_wconf 79' lang='lat' dir='ltr'><strong>li-</strong></span> 
     </span>
    </p>
   </div>
   <div class='ocr_carea' id='block_1_52' title="bbox 578 3543 2145 3613">
    <p class='ocr_par' dir='ltr' id='par_1_52' title="bbox 578 3543 2145 3613">
     <span class='ocr_line' id='line_1_52' title="bbox 578 3543 2145 3613; baseline -0.001 -16"><span class='ocrx_word' id='word_1_407' title='bbox 578 3545 714 3599; x_wconf 65' lang='lat' dir='ltr'><strong>delis</strong></span> <span class='ocrx_word' id='word_1_408' title='bbox 744 3545 985 3599; x_wconf 83' lang='lat' dir='ltr'><strong>nesciat:</strong></span> <span class='ocrx_word' id='word_1_409' title='bbox 1018 3546 1142 3613; x_wconf 86' lang='lat' dir='ltr'><strong>quia</strong></span> <span class='ocrx_word' id='word_1_410' title='bbox 1174 3544 1277 3611; x_wconf 63' lang='lat' dir='ltr'><strong>cul,</strong></span> <span class='ocrx_word' id='word_1_411' title='bbox 1300 3559 1361 3597; x_wconf 90' lang='lat' dir='ltr'><strong>as</strong></span> <span class='ocrx_word' id='word_1_412' title='bbox 1388 3544 1694 3605; x_wconf 87' lang='lat' dir='ltr'><strong>verborum,</strong></span> <span class='ocrx_word' id='word_1_413' title='bbox 1742 3543 2145 3610; x_wconf 85' lang='lat' dir='ltr'><strong>cogitationum,</strong></span> 
     </span>
    </p>
   </div>
   <div class='ocr_carea' id='block_1_53' title="bbox 574 3631 2147 3705">
    <p class='ocr_par' dir='ltr' id='par_1_53' title="bbox 574 3631 2147 3705">
     <span class='ocr_line' id='line_1_53' title="bbox 574 3631 2147 3705; baseline -0.003 -14"><span class='ocrx_word' id='word_1_414' title='bbox 574 3645 630 3691; x_wconf 84' lang='lat' dir='ltr'><strong>et</strong></span> <span class='ocrx_word' id='word_1_415' title='bbox 664 3651 884 3705; x_wconf 88' lang='lat' dir='ltr'><strong>operum</strong></span> <span class='ocrx_word' id='word_1_416' title='bbox 913 3645 1062 3689; x_wconf 75' lang='lat' dir='ltr'><strong>nostr</strong></span> <span class='ocrx_word' id='word_1_417' title='bbox 1100 3650 1216 3687; x_wconf 90' lang='lat' dir='ltr'><strong>rum</strong></span> <span class='ocrx_word' id='word_1_418' title='bbox 1247 3634 1531 3700; x_wconf 83' lang='lat' dir='ltr'><strong>colligant,</strong></span> <span class='ocrx_word' id='word_1_419' title='bbox 1562 3642 1614 3687; x_wconf 92' lang='lat' dir='ltr'><strong>et</strong></span> <span class='ocrx_word' id='word_1_420' title='bbox 1644 3631 1710 3686; x_wconf 92' lang='lat' dir='ltr'><strong>ad</strong></span> <span class='ocrx_word' id='word_1_421' title='bbox 1747 3634 2147 3687; x_wconf 75' lang='lat' dir='ltr'><strong>accusationem</strong></span> 
     </span>
    </p>
   </div>
   <div class='ocr_carea' id='block_1_54' title="bbox 575 3722 2151 3799">
    <p class='ocr_par' dir='ltr' id='par_1_54' title="bbox 575 3722 2151 3799">
     <span class='ocr_line' id='line_1_54' title="bbox 575 3722 2151 3799; baseline -0.004 -16"><span class='ocrx_word' id='word_1_422' title='bbox 575 3737 810 3785; x_wconf 76' lang='lat' dir='ltr'><strong>nostram</strong></span> <span class='ocrx_word' id='word_1_423' title='bbox 835 3725 888 3784; x_wconf 85' lang='lat' dir='ltr'><strong>in</strong></span> <span class='ocrx_word' id='word_1_424' title='bbox 915 3726 1146 3784; x_wconf 71' lang='lat' dir='ltr'><strong>a&#39;lventlt</strong></span> <span class='ocrx_word' id='word_1_425' title='bbox 1174 3724 1386 3785; x_wconf 81' lang='lat' dir='ltr'><strong>venturi</strong></span> <span class='ocrx_word' id='word_1_426' title='bbox 1411 3723 1607 3799; x_wconf 73' lang='lat' dir='ltr'><strong>jurliris</strong></span> <span class='ocrx_word' id='word_1_427' title='bbox 1627 3726 1886 3783; x_wconf 74' lang='lat' dir='ltr'><strong>servent?</strong></span> <span class='ocrx_word' id='word_1_428' title='bbox 1914 3722 2063 3777; x_wconf 68' lang='lat' dir='ltr'><strong>Unde</strong></span> <span class='ocrx_word' id='word_1_429' title='bbox 2095 3732 2151 3776; x_wconf 88' lang='lat' dir='ltr'><strong>et</strong></span> 
     </span>
    </p>
   </div>
   <div class='ocr_carea' id='block_1_55' title="bbox 575 3813 2149 3892">
    <p class='ocr_par' dir='ltr' id='par_1_55' title="bbox 575 3813 2149 3892">
     <span class='ocr_line' id='line_1_55' title="bbox 575 3813 2149 3892; baseline -0.006 -16"><span class='ocrx_word' id='word_1_430' title='bbox 575 3823 718 3879; x_wconf 88' lang='lat' dir='ltr'><strong>hunc</strong></span> <span class='ocrx_word' id='word_1_431' title='bbox 762 3823 1014 3877; x_wconf 91' lang='lat' dir='ltr'><strong>humilem</strong></span> <span class='ocrx_word' id='word_1_432' title='bbox 1046 3832 1206 3890; x_wconf 85' lang='lat' dir='ltr'><strong>atque</strong></span> <span class='ocrx_word' id='word_1_433' title='bbox 1244 3823 1554 3892; x_wconf 83' lang='lat' dir='ltr'><strong>despectum</strong></span> <span class='ocrx_word' id='word_1_434' title='bbox 1585 3822 1760 3876; x_wconf 85' lang='lat' dir='ltr'><strong>locum</strong></span> <span class='ocrx_word' id='word_1_435' title='bbox 1791 3814 2027 3889; x_wconf 73' lang='lat' dir='ltr'><strong>Mngmas</strong></span> <span class='ocrx_word' id='word_1_436' title='bbox 2067 3813 2149 3868; x_wconf 75' lang='lat' dir='ltr'><strong>fu-</strong></span> 
     </span>
    </p>
   </div>
   <div class='ocr_carea' id='block_1_56' title="bbox 574 3904 2151 3981">
    <p class='ocr_par' dir='ltr' id='par_1_56' title="bbox 574 3904 2151 3981">
     <span class='ocr_line' id='line_1_56' title="bbox 574 3904 2151 3981; baseline -0.003 -15"><span class='ocrx_word' id='word_1_437' title='bbox 574 3912 821 3981; x_wconf 81' lang='lat' dir='ltr'><strong>giendum</strong></span> <span class='ocrx_word' id='word_1_438' title='bbox 853 3914 1005 3967; x_wconf 88' lang='lat' dir='ltr'><strong>nobis</strong></span> <span class='ocrx_word' id='word_1_439' title='bbox 1032 3927 1149 3967; x_wconf 89' lang='lat' dir='ltr'><strong>esse</strong></span> <span class='ocrx_word' id='word_1_440' title='bbox 1178 3912 1432 3967; x_wconf 84' lang='lat' dir='ltr'><strong>Dominus</strong></span> <span class='ocrx_word' id='word_1_441' title='bbox 1460 3913 1753 3974; x_wconf 73' lang='lat' dir='ltr'><strong>insinuans,</strong></span> <span class='ocrx_word' id='word_1_442' title='bbox 1782 3911 1912 3964; x_wconf 84' lang='lat' dir='ltr'><strong>dicit</strong></span> <span class='ocrx_word' id='word_1_443' title='bbox 1938 3929 1949 3962; x_wconf 90' lang='lat'><strong>:</strong></span> <span class='ocrx_word' id='word_1_444' title='bbox 1985 3904 2151 3962; x_wconf 67' lang='lat' dir='ltr'><strong>Omne</strong></span> 
     </span>
    </p>
   </div>
   <div class='ocr_carea' id='block_1_57' title="bbox 572 3999 2149 4071">
    <p class='ocr_par' dir='ltr' id='par_1_57' title="bbox 572 3999 2149 4071">
     <span class='ocr_line' id='line_1_57' title="bbox 572 3999 2149 4071; baseline -0.003 -16"><span class='ocrx_word' id='word_1_445' title='bbox 572 4002 775 4056; x_wconf 77' lang='lat' dir='ltr'><strong>uerbum</strong></span> <span class='ocrx_word' id='word_1_446' title='bbox 804 4004 1039 4065; x_wconf 85' lang='lat' dir='ltr'><strong>otiosum,</strong></span> <span class='ocrx_word' id='word_1_447' title='bbox 1068 4002 1203 4071; x_wconf 81' lang='lat' dir='ltr'><strong>quod</strong></span> <span class='ocrx_word' id='word_1_448' title='bbox 1231 4003 1386 4056; x_wconf 86' lang='lat' dir='ltr'><strong>locuti</strong></span> <span class='ocrx_word' id='word_1_449' title='bbox 1416 4003 1607 4071; x_wconf 79' lang='lat' dir='ltr'><strong>fuerint</strong></span> <span class='ocrx_word' id='word_1_450' title='bbox 1639 4001 1889 4063; x_wconf 75' lang='lat' dir='ltr'><strong>homines,</strong></span> <span class='ocrx_word' id='word_1_451' title='bbox 1935 3999 2149 4053; x_wconf 79' lang='lat' dir='ltr'><strong>reddent</strong></span> 
     </span>
    </p>
   </div>
   <div class='ocr_carea' id='block_1_58' title="bbox 573 4088 2147 4159">
    <p class='ocr_par' dir='ltr' id='par_1_58' title="bbox 573 4088 2147 4159">
     <span class='ocr_line' id='line_1_58' title="bbox 573 4088 2147 4159; baseline -0.001 -16"><span class='ocrx_word' id='word_1_452' title='bbox 573 4092 824 4143; x_wconf 75' lang='lat' dir='ltr'><strong>rationm</strong></span> <span class='ocrx_word' id='word_1_453' title='bbox 850 4091 904 4143; x_wconf 87' lang='lat' dir='ltr'><strong>in</strong></span> <span class='ocrx_word' id='word_1_454' title='bbox 936 4091 1017 4143; x_wconf 83' lang='lat' dir='ltr'><strong>die</strong></span> <span class='ocrx_word' id='word_1_455' title='bbox 1057 4090 1241 4159; x_wconf 73' lang='lat' dir='ltr'><strong>judicii</strong></span> <span class='ocrx_word' id='word_1_456' title='bbox 1282 4088 1495 4159; x_wconf 80' lang='lat' dir='ltr'><strong>(Matth.</strong></span> <span class='ocrx_word' id='word_1_457' title='bbox 1529 4105 1624 4155; x_wconf 88' lang='lat' dir='ltr'><strong>xu,</strong></span> <span class='ocrx_word' id='word_1_458' title='bbox 1654 4089 1765 4159; x_wconf 73' lang='lat'><strong>36).</strong></span> <span class='ocrx_word' id='word_1_459' title='bbox 1819 4089 1991 4142; x_wconf 82' lang='lat' dir='ltr'><strong>Locus</strong></span> <span class='ocrx_word' id='word_1_460' title='bbox 2018 4102 2147 4157; x_wconf 85' lang='lat' dir='ltr'><strong>ergo</strong></span> 
     </span>
    </p>
   </div>
   <div class='ocr_carea' id='block_1_59' title="bbox 573 4178 2143 4248">
    <p class='ocr_par' dir='ltr' id='par_1_59' title="bbox 573 4178 2143 4248">
     <span class='ocr_line' id='line_1_59' title="bbox 573 4178 2143 4248; baseline -0.001 -16"><span class='ocrx_word' id='word_1_461' title='bbox 573 4180 805 4233; x_wconf 88' lang='lat' dir='ltr'><strong>hostium</strong></span> <span class='ocrx_word' id='word_1_462' title='bbox 834 4179 1049 4233; x_wconf 79' lang='lat' dir='ltr'><strong>humilis</strong></span> <span class='ocrx_word' id='word_1_463' title='bbox 1077 4180 1301 4244; x_wconf 88' lang='lat' dir='ltr'><strong>dicitur;</strong></span> <span class='ocrx_word' id='word_1_464' title='bbox 1343 4188 1400 4232; x_wconf 91' lang='lat' dir='ltr'><strong>ut</strong></span> <span class='ocrx_word' id='word_1_465' title='bbox 1438 4180 1681 4248; x_wconf 89' lang='lat' dir='ltr'><strong>profecto</strong></span> <span class='ocrx_word' id='word_1_466' title='bbox 1710 4179 1865 4234; x_wconf 89' lang='lat' dir='ltr'><strong>nobis</strong></span> <span class='ocrx_word' id='word_1_467' title='bbox 1895 4178 2143 4240; x_wconf 87' lang='lat' dir='ltr'><strong>insinuet,</strong></span> 
     </span>
    </p>
   </div>
   <div class='ocr_carea' id='block_1_60' title="bbox 574 4266 2147 4338">
    <p class='ocr_par' dir='ltr' id='par_1_60' title="bbox 574 4266 2147 4338">
     <span class='ocr_line' id='line_1_60' title="bbox 574 4266 2147 4338; baseline 0.001 -19"><span class='ocrx_word' id='word_1_468' title='bbox 574 4270 699 4336; x_wconf 79' lang='lat' dir='ltr'><strong>quia</strong></span> <span class='ocrx_word' id='word_1_469' title='bbox 748 4269 932 4333; x_wconf 89' lang='lat' dir='ltr'><strong>verbo,</strong></span> <span class='ocrx_word' id='word_1_470' title='bbox 983 4269 1307 4338; x_wconf 79' lang='lat' dir='ltr'><strong>cogitatione</strong></span> <span class='ocrx_word' id='word_1_471' title='bbox 1349 4276 1405 4322; x_wconf 91' lang='lat' dir='ltr'><strong>et</strong></span> <span class='ocrx_word' id='word_1_472' title='bbox 1432 4283 1597 4337; x_wconf 88' lang='lat' dir='ltr'><strong>opere</strong></span> <span class='ocrx_word' id='word_1_473' title='bbox 1642 4282 1855 4336; x_wconf 81' lang='lat' dir='ltr'><strong>semper</strong></span> <span class='ocrx_word' id='word_1_474' title='bbox 1893 4266 2147 4321; x_wconf 88' lang='lat' dir='ltr'><strong>sublimes</strong></span> 
     </span>
    </p>
   </div>
   <div class='ocr_carea' id='block_1_61' title="bbox 573 4355 2146 4425">
    <p class='ocr_par' dir='ltr' id='par_1_61' title="bbox 573 4355 2146 4425">
     <span class='ocr_line' id='line_1_61' title="bbox 573 4355 2146 4425; baseline -0.001 -15"><span class='ocrx_word' id='word_1_475' title='bbox 573 4373 694 4412; x_wconf 74' lang='lat' dir='ltr'><strong>esse</strong></span> <span class='ocrx_word' id='word_1_476' title='bbox 741 4358 1048 4412; x_wconf 85' lang='lat' dir='ltr'><strong>debeamus.</strong></span> <span class='ocrx_word' id='word_1_477' title='bbox 1092 4357 1159 4411; x_wconf 81' lang='lat' dir='ltr'><strong>Et</strong></span> <span class='ocrx_word' id='word_1_478' title='bbox 1186 4358 1311 4425; x_wconf 90' lang='lat' dir='ltr'><strong>quia</strong></span> <span class='ocrx_word' id='word_1_479' title='bbox 1350 4358 1474 4410; x_wconf 88' lang='lat' dir='ltr'><strong>dum</strong></span> <span class='ocrx_word' id='word_1_480' title='bbox 1505 4357 1557 4410; x_wconf 90' lang='lat' dir='ltr'><strong>in</strong></span> <span class='ocrx_word' id='word_1_481' title='bbox 1606 4356 1790 4411; x_wconf 91' lang='lat' dir='ltr'><strong>humili</strong></span> <span class='ocrx_word' id='word_1_482' title='bbox 1827 4355 2146 4410; x_wconf 84' lang='lat' dir='ltr'><strong>remissioris</strong></span> 
     </span>
    </p>
   </div>
   <div class='ocr_carea' id='block_1_62' title="bbox 573 4445 2145 4516">
    <p class='ocr_par' dir='ltr' id='par_1_62' title="bbox 573 4445 2145 4516">
     <span class='ocr_line' id='line_1_62' title="bbox 573 4445 2145 4516; baseline 0 -17"><span class='ocrx_word' id='word_1_483' title='bbox 573 4447 695 4500; x_wconf 77' lang='lat' dir='ltr'><strong>vite</strong></span> <span class='ocrx_word' id='word_1_484' title='bbox 724 4462 834 4501; x_wconf 74' lang='lat' dir='ltr'><strong>sua:</strong></span> <span class='ocrx_word' id='word_1_485' title='bbox 859 4448 981 4503; x_wconf 92' lang='lat' dir='ltr'><strong>loco</strong></span> <span class='ocrx_word' id='word_1_486' title='bbox 1010 4446 1224 4516; x_wconf 90' lang='lat' dir='ltr'><strong>reprobi</strong></span> <span class='ocrx_word' id='word_1_487' title='bbox 1252 4447 1555 4516; x_wconf 90' lang='lat' dir='ltr'><strong>capiuntur,</strong></span> <span class='ocrx_word' id='word_1_488' title='bbox 1597 4446 1841 4516; x_wconf 85' lang='lat' dir='ltr'><strong>exempla</strong></span> <span class='ocrx_word' id='word_1_489' title='bbox 1870 4445 2145 4515; x_wconf 88' lang='lat' dir='ltr'><strong>pravitatis</strong></span> 
     </span>
    </p>
   </div>
   <div class='ocr_carea' id='block_1_63' title="bbox 575 4540 2144 4610">
    <p class='ocr_par' dir='ltr' id='par_1_63' title="bbox 575 4540 2144 4610">
     <span class='ocr_line' id='line_1_63' title="bbox 575 4540 2144 4610; baseline -0.001 -16"><span class='ocrx_word' id='word_1_490' title='bbox 575 4540 898 4605; x_wconf 85' lang='lat' dir='ltr'><strong>ostendunt,</strong></span> <span class='ocrx_word' id='word_1_491' title='bbox 952 4556 1072 4609; x_wconf 76' lang='lat' dir='ltr'><strong>qua:</strong></span> <span class='ocrx_word' id='word_1_492' title='bbox 1122 4541 1239 4595; x_wconf 90' lang='lat' dir='ltr'><strong>aliis</strong></span> <span class='ocrx_word' id='word_1_493' title='bbox 1305 4540 1559 4595; x_wconf 89' lang='lat' dir='ltr'><strong>imitanda</strong></span> <span class='ocrx_word' id='word_1_494' title='bbox 1613 4548 2019 4610; x_wconf 90' lang='lat' dir='ltr'><strong>proponantur:</strong></span> <span class='ocrx_word' id='word_1_495' title='bbox 2076 4540 2144 4593; x_wconf 91' lang='lat' dir='ltr'><strong>ab</strong></span> 
     </span>
    </p>
   </div>
   <div class='ocr_carea' id='block_1_64' title="bbox 574 4629 2146 4700">
    <p class='ocr_par' dir='ltr' id='par_1_64' title="bbox 574 4629 2146 4700">
     <span class='ocr_line' id='line_1_64' title="bbox 574 4629 2146 4700; baseline -0.001 -17"><span class='ocrx_word' id='word_1_496' title='bbox 574 4631 782 4685; x_wconf 87' lang='lat' dir='ltr'><strong>oriente</strong></span> <span class='ocrx_word' id='word_1_497' title='bbox 832 4631 1101 4686; x_wconf 85' lang='lat' dir='ltr'><strong>Bethaven</strong></span> <span class='ocrx_word' id='word_1_498' title='bbox 1149 4633 1386 4699; x_wconf 85' lang='lat' dir='ltr'><strong>Magmas</strong></span> <span class='ocrx_word' id='word_1_499' title='bbox 1437 4645 1558 4686; x_wconf 86' lang='lat' dir='ltr'><strong>esse</strong></span> <span class='ocrx_word' id='word_1_500' title='bbox 1605 4630 1819 4684; x_wconf 89' lang='lat' dir='ltr'><strong>dicitur.</strong></span> <span class='ocrx_word' id='word_1_501' title='bbox 1850 4629 2009 4700; x_wconf 72' lang='lat'><strong>285</strong></span> <span class='ocrx_word' id='word_1_502' title='bbox 2064 4630 2146 4683; x_wconf 88' lang='lat' dir='ltr'><strong>Ab</strong></span> 
     </span>
    </p>
   </div>
   <div class='ocr_carea' id='block_1_65' title="bbox 573 4718 2143 4789">
    <p class='ocr_par' dir='ltr' id='par_1_65' title="bbox 573 4718 2143 4789">
     <span class='ocr_line' id='line_1_65' title="bbox 573 4718 2143 4789; baseline -0.003 -15"><span class='ocrx_word' id='word_1_503' title='bbox 573 4721 781 4776; x_wconf 85' lang='lat' dir='ltr'><strong>oriente</strong></span> <span class='ocrx_word' id='word_1_504' title='bbox 819 4720 1033 4789; x_wconf 87' lang='lat' dir='ltr'><strong>quidem</strong></span> <span class='ocrx_word' id='word_1_505' title='bbox 1063 4721 1192 4775; x_wconf 90' lang='lat' dir='ltr'><strong>solis</strong></span> <span class='ocrx_word' id='word_1_506' title='bbox 1230 4720 1401 4774; x_wconf 89' lang='lat' dir='ltr'><strong>lucem</strong></span> <span class='ocrx_word' id='word_1_507' title='bbox 1451 4719 1580 4773; x_wconf 90' lang='lat' dir='ltr'><strong>oriri</strong></span> <span class='ocrx_word' id='word_1_508' title='bbox 1608 4719 1894 4773; x_wconf 87' lang='lat' dir='ltr'><strong>cernimus.</strong></span> <span class='ocrx_word' id='word_1_509' title='bbox 1938 4718 2143 4786; x_wconf 67' lang='lat' dir='ltr'><strong>[lepro-</strong></span> 
     </span>
    </p>
   </div>
   <div class='ocr_carea' id='block_1_66' title="bbox 572 4808 2148 4879">
    <p class='ocr_par' dir='ltr' id='par_1_66' title="bbox 572 4808 2148 4879">
     <span class='ocr_line' id='line_1_66' title="bbox 572 4808 2148 4879; baseline -0.003 -13"><span class='ocrx_word' id='word_1_510' title='bbox 572 4812 760 4867; x_wconf 84' lang='lat' dir='ltr'><strong>borum</strong></span> <span class='ocrx_word' id='word_1_511' title='bbox 802 4820 978 4865; x_wconf 87' lang='lat' dir='ltr'><strong>autem</strong></span> <span class='ocrx_word' id='word_1_512' title='bbox 1010 4812 1137 4874; x_wconf 87' lang='lat' dir='ltr'><strong>vita,</strong></span> <span class='ocrx_word' id='word_1_513' title='bbox 1162 4824 1484 4879; x_wconf 89' lang='lat' dir='ltr'><strong>quamquam</strong></span> <span class='ocrx_word' id='word_1_514' title='bbox 1506 4810 1785 4864; x_wconf 85' lang='lat' dir='ltr'><strong>veritatem</strong></span> <span class='ocrx_word' id='word_1_515' title='bbox 1807 4808 2148 4862; x_wconf 86' lang='lat' dir='ltr'><strong>obscuritatis</strong></span> 
     </span>
    </p>
   </div>
   <div class='ocr_carea' id='block_1_67' title="bbox 574 4898 2148 4969">
    <p class='ocr_par' dir='ltr' id='par_1_67' title="bbox 574 4898 2148 4969">
     <span class='ocr_line' id='line_1_67' title="bbox 574 4898 2148 4969; baseline -0.002 -16"><span class='ocrx_word' id='word_1_516' title='bbox 574 4900 802 4965; x_wconf 88' lang='lat' dir='ltr'><strong>habeat;</strong></span> <span class='ocrx_word' id='word_1_517' title='bbox 855 4902 945 4968; x_wconf 91' lang='lat' dir='ltr'><strong>qui</strong></span> <span class='ocrx_word' id='word_1_518' title='bbox 975 4902 1113 4955; x_wconf 90' lang='lat' dir='ltr'><strong>hanc</strong></span> <span class='ocrx_word' id='word_1_519' title='bbox 1149 4910 1326 4954; x_wconf 91' lang='lat' dir='ltr'><strong>tamen</strong></span> <span class='ocrx_word' id='word_1_520' title='bbox 1372 4914 1471 4969; x_wconf 87' lang='lat' dir='ltr'><strong>pro</strong></span> <span class='ocrx_word' id='word_1_521' title='bbox 1524 4914 1659 4953; x_wconf 90' lang='lat' dir='ltr'><strong>vana</strong></span> <span class='ocrx_word' id='word_1_522' title='bbox 1686 4899 1864 4953; x_wconf 72' lang='lat' dir='ltr'><strong>sazculi</strong></span> <span class='ocrx_word' id='word_1_523' title='bbox 1914 4898 2148 4951; x_wconf 88' lang='lat' dir='ltr'><strong>delecta-</strong></span> 
     </span>
    </p>
   </div>
   <div class='ocr_carea' id='block_1_68' title="bbox 577 4988 2147 5060">
    <p class='ocr_par' dir='ltr' id='par_1_68' title="bbox 577 4988 2147 5060">
     <span class='ocr_line' id='line_1_68' title="bbox 577 4988 2147 5060; baseline -0.002 -18"><span class='ocrx_word' id='word_1_524' title='bbox 577 4991 725 5044; x_wconf 90' lang='lat' dir='ltr'><strong>tione</strong></span> <span class='ocrx_word' id='word_1_525' title='bbox 774 5006 986 5059; x_wconf 77' lang='lat' dir='ltr'><strong>semper</strong></span> <span class='ocrx_word' id='word_1_526' title='bbox 1014 4998 1293 5060; x_wconf 87' lang='lat' dir='ltr'><strong>appetunt,</strong></span> <span class='ocrx_word' id='word_1_527' title='bbox 1340 4990 1591 5043; x_wconf 89' lang='lat' dir='ltr'><strong>nimirum</strong></span> <span class='ocrx_word' id='word_1_528' title='bbox 1632 4989 1778 5043; x_wconf 85' lang='lat' dir='ltr'><strong>velut</strong></span> <span class='ocrx_word' id='word_1_529' title='bbox 1821 4988 1967 5042; x_wconf 66' lang='lat' dir='ltr'><strong>falsa:</strong></span> <span class='ocrx_word' id='word_1_530' title='bbox 2014 4988 2147 5041; x_wconf 72' lang='lat' dir='ltr'><strong>lucis</strong></span> 
     </span>
    </p>
   </div>
   <div class='ocr_carea' id='block_1_69' title="bbox 575 5078 2139 5149">
    <p class='ocr_par' dir='ltr' id='par_1_69' title="bbox 575 5078 2139 5149">
     <span class='ocr_line' id='line_1_69' title="bbox 575 5078 2139 5149; baseline -0.001 -17"><span class='ocrx_word' id='word_1_531' title='bbox 575 5078 860 5148; x_wconf 68' lang='lat' dir='ltr'><strong>Splendore</strong></span> <span class='ocrx_word' id='word_1_532' title='bbox 883 5078 1153 5133; x_wconf 80' lang='lat' dir='ltr'><strong>falluntur.</strong></span> <span class='ocrx_word' id='word_1_533' title='bbox 1179 5080 1330 5135; x_wconf 88' lang='lat' dir='ltr'><strong>Unde</strong></span> <span class='ocrx_word' id='word_1_534' title='bbox 1351 5089 1405 5135; x_wconf 86' lang='lat' dir='ltr'><strong>et</strong></span> <span class='ocrx_word' id='word_1_535' title='bbox 1428 5096 1524 5149; x_wconf 92' lang='lat' dir='ltr'><strong>per</strong></span> <span class='ocrx_word' id='word_1_536' title='bbox 1545 5081 1758 5133; x_wconf 87' lang='lat' dir='ltr'><strong>beatum</strong></span> <span class='ocrx_word' id='word_1_537' title='bbox 1780 5078 1879 5132; x_wconf 75' lang='lat' dir='ltr'><strong>Job</strong></span> <span class='ocrx_word' id='word_1_538' title='bbox 1904 5078 2103 5133; x_wconf 91' lang='lat' dir='ltr'><strong>dicitur</strong></span> <span class='ocrx_word' id='word_1_539' title='bbox 2127 5097 2139 5131; x_wconf 92' lang='lat'><strong>:</strong></span> 
     </span>
    </p>
   </div>
   <div class='ocr_carea' id='block_1_70' title="bbox 574 5165 2142 5239">
    <p class='ocr_par' dir='ltr' id='par_1_70' title="bbox 574 5165 2142 5239">
     <span class='ocr_line' id='line_1_70' title="bbox 574 5165 2142 5239; baseline -0.001 -18"><span class='ocrx_word' id='word_1_540' title='bbox 574 5169 850 5239; x_wconf 76' lang='lat' dir='ltr'><strong>Auferetnr</strong></span> <span class='ocrx_word' id='word_1_541' title='bbox 876 5165 941 5220; x_wconf 89' lang='lat' dir='ltr'><strong>ab</strong></span> <span class='ocrx_word' id='word_1_542' title='bbox 977 5166 1146 5236; x_wconf 79' lang='lat' dir='ltr'><strong>impiis</strong></span> <span class='ocrx_word' id='word_1_543' title='bbox 1170 5170 1259 5222; x_wconf 69' lang='lat' dir='ltr'><strong>lux</strong></span> <span class='ocrx_word' id='word_1_544' title='bbox 1280 5186 1373 5222; x_wconf 82' lang='lat' dir='ltr'><strong>sua</strong></span> <span class='ocrx_word' id='word_1_545' title='bbox 1404 5168 1542 5237; x_wconf 79' lang='lat' dir='ltr'><strong>(Job.</strong></span> <span class='ocrx_word' id='word_1_546' title='bbox 1587 5182 1808 5232; x_wconf 66' lang='lat' dir='ltr'><strong>xxxvm,</strong></span> <span class='ocrx_word' id='word_1_547' title='bbox 1842 5166 1953 5237; x_wconf 83' lang='grc'><strong>15).</strong></span> <span class='ocrx_word' id='word_1_548' title='bbox 1984 5166 2142 5221; x_wconf 75' lang='lat' dir='ltr'><strong>Modo</strong></span> 
     </span>
    </p>
   </div>
   <div class='ocr_carea' id='block_1_71' title="bbox 574 5256 2144 5326">
    <p class='ocr_par' dir='ltr' id='par_1_71' title="bbox 574 5256 2144 5326">
     <span class='ocr_line' id='line_1_71' title="bbox 574 5256 2144 5326; baseline 0 -16"><span class='ocrx_word' id='word_1_549' title='bbox 574 5256 788 5325; x_wconf 86' lang='lat' dir='ltr'><strong>quidem</strong></span> <span class='ocrx_word' id='word_1_550' title='bbox 817 5257 962 5311; x_wconf 90' lang='lat' dir='ltr'><strong>velut</strong></span> <span class='ocrx_word' id='word_1_551' title='bbox 1006 5256 1239 5311; x_wconf 83' lang='lat' dir='ltr'><strong>lucidum</strong></span> <span class='ocrx_word' id='word_1_552' title='bbox 1278 5258 1356 5312; x_wconf 91' lang='lat' dir='ltr'><strong>eis</strong></span> <span class='ocrx_word' id='word_1_553' title='bbox 1385 5258 1556 5326; x_wconf 88' lang='lat' dir='ltr'><strong>placet</strong></span> <span class='ocrx_word' id='word_1_554' title='bbox 1582 5257 2003 5312; x_wconf 87' lang='lat' dir='ltr'><strong>blandimentum</strong></span> <span class='ocrx_word' id='word_1_555' title='bbox 2045 5271 2144 5310; x_wconf 73' lang='lat' dir='ltr'><strong>sa:-</strong></span> 
     </span>
    </p>
   </div>
   <div class='ocr_carea' id='block_1_72' title="bbox 575 5348 2144 5419">
    <p class='ocr_par' dir='ltr' id='par_1_72' title="bbox 575 5348 2144 5419">
     <span class='ocr_line' id='line_1_72' title="bbox 575 5348 2144 5419; baseline -0.003 -15"><span class='ocrx_word' id='word_1_556' title='bbox 575 5350 711 5417; x_wconf 87' lang='lat' dir='ltr'><strong>culi;</strong></span> <span class='ocrx_word' id='word_1_557' title='bbox 740 5351 831 5404; x_wconf 88' lang='lat' dir='ltr'><strong>sed</strong></span> <span class='ocrx_word' id='word_1_558' title='bbox 860 5351 986 5407; x_wconf 89' lang='lat' dir='ltr'><strong>dum</strong></span> <span class='ocrx_word' id='word_1_559' title='bbox 1016 5351 1081 5404; x_wconf 88' lang='lat' dir='ltr'><strong>de</strong></span> <span class='ocrx_word' id='word_1_560' title='bbox 1110 5350 1305 5405; x_wconf 64' lang='lat' dir='ltr'><strong>saeculo</strong></span> <span class='ocrx_word' id='word_1_561' title='bbox 1330 5357 1548 5412; x_wconf 74' lang='lat' dir='ltr'><strong>exeunt,</strong></span> <span class='ocrx_word' id='word_1_562' title='bbox 1575 5356 1860 5419; x_wconf 87' lang='lat' dir='ltr'><strong>perpetuas</strong></span> <span class='ocrx_word' id='word_1_563' title='bbox 1888 5348 2144 5402; x_wconf 89' lang='lat' dir='ltr'><strong>subibunt</strong></span> 
     </span>
    </p>
   </div>
   <div class='ocr_carea' id='block_1_73' title="bbox 572 5437 2142 5508">
    <p class='ocr_par' dir='ltr' id='par_1_73' title="bbox 572 5437 2142 5508">
     <span class='ocr_line' id='line_1_73' title="bbox 572 5437 2142 5508; baseline -0.001 -15"><span class='ocrx_word' id='word_1_564' title='bbox 572 5439 843 5503; x_wconf 86' lang='lat' dir='ltr'><strong>tenebras,</strong></span> <span class='ocrx_word' id='word_1_565' title='bbox 883 5455 1016 5508; x_wconf 84' lang='lat' dir='ltr'><strong>quas</strong></span> <span class='ocrx_word' id='word_1_566' title='bbox 1062 5439 1235 5494; x_wconf 88' lang='lat' dir='ltr'><strong>lucem</strong></span> <span class='ocrx_word' id='word_1_567' title='bbox 1264 5454 1383 5495; x_wconf 90' lang='lat' dir='ltr'><strong>esse</strong></span> <span class='ocrx_word' id='word_1_568' title='bbox 1410 5438 1770 5493; x_wconf 86' lang='lat' dir='ltr'><strong>crediderunt.</strong></span> <span class='ocrx_word' id='word_1_569' title='bbox 1820 5437 1967 5494; x_wconf 86' lang='lat' dir='ltr'><strong>Tunc</strong></span> <span class='ocrx_word' id='word_1_570' title='bbox 1994 5437 2142 5492; x_wconf 86' lang='lat' dir='ltr'><strong>vide-</strong></span> 
     </span>
    </p>
   </div>
   <div class='ocr_carea' id='block_1_74' title="bbox 582 5531 2141 5602">
    <p class='ocr_par' dir='ltr' id='par_1_74' title="bbox 582 5531 2141 5602">
     <span class='ocr_line' id='line_1_74' title="bbox 582 5531 2141 5602; baseline 0.001 -17"><span class='ocrx_word' id='word_1_571' title='bbox 582 5536 707 5588; x_wconf 81' lang='lat' dir='ltr'><strong>bant</strong></span> <span class='ocrx_word' id='word_1_572' title='bbox 727 5535 853 5602; x_wconf 89' lang='lat' dir='ltr'><strong>quia</strong></span> <span class='ocrx_word' id='word_1_573' title='bbox 876 5534 967 5588; x_wconf 91' lang='lat' dir='ltr'><strong>lux</strong></span> <span class='ocrx_word' id='word_1_574' title='bbox 992 5546 1101 5586; x_wconf 89' lang='lat' dir='ltr'><strong>non</strong></span> <span class='ocrx_word' id='word_1_575' title='bbox 1129 5532 1246 5595; x_wconf 88' lang='lat' dir='ltr'><strong>fuit,</strong></span> <span class='ocrx_word' id='word_1_576' title='bbox 1295 5534 1509 5600; x_wconf 86' lang='lat' dir='ltr'><strong>quando</strong></span> <span class='ocrx_word' id='word_1_577' title='bbox 1532 5532 1583 5587; x_wconf 90' lang='lat' dir='ltr'><strong>in</strong></span> <span class='ocrx_word' id='word_1_578' title='bbox 1613 5531 1989 5587; x_wconf 87' lang='lat' dir='ltr'><strong>adversitatem</strong></span> <span class='ocrx_word' id='word_1_579' title='bbox 2017 5546 2141 5600; x_wconf 83' lang='lat' dir='ltr'><strong>pro-</strong></span> 
     </span>
    </p>
   </div>
   <div class='ocr_carea' id='block_1_75' title="bbox 646 5667 1394 5735">
    <p class='ocr_par' dir='ltr' id='par_1_75' title="bbox 646 5667 1394 5735">
     <span class='ocr_line' id='line_1_75' title="bbox 646 5667 1394 5735; baseline -0.001 -15"><span class='ocrx_word' id='word_1_580' title='bbox 646 5676 669 5701; x_wconf 81' lang='grc'>⁶</span> <span class='ocrx_word' id='word_1_581' title='bbox 697 5667 859 5721; x_wconf 66' lang='grc' dir='ltr'>(ιιιυι.</span> <span class='ocrx_word' id='word_1_582' title='bbox 889 5676 943 5722; x_wconf 82' lang='lat' dir='ltr'><strong>et</strong></span> <span class='ocrx_word' id='word_1_583' title='bbox 970 5667 1164 5735; x_wconf 60' lang='lat' dir='ltr'><strong>Velim,</strong></span> <span class='ocrx_word' id='word_1_584' title='bbox 1198 5669 1394 5719; x_wconf 82' lang='lat' dir='ltr'><strong>habent.</strong></span> 
     </span>
    </p>
   </div>
   <div class='ocr_carea' id='block_1_76' title="bbox 2256 1826 3806 1903">
    <p class='ocr_par' dir='ltr' id='par_1_76' title="bbox 2256 1826 3806 1903">
     <span class='ocr_line' id='line_1_76' title="bbox 2256 1826 3806 1903; baseline 0.011 -26"><span class='ocrx_word' id='word_1_585' title='bbox 2256 1826 2341 1878; x_wconf 87' lang='lat' dir='ltr'><strong>ubi</strong></span> <span class='ocrx_word' id='word_1_586' title='bbox 2371 1836 2519 1895; x_wconf 84' lang='lat' dir='ltr'><strong>caput</strong></span> <span class='ocrx_word' id='word_1_587' title='bbox 2541 1845 2686 1881; x_wconf 86' lang='lat' dir='ltr'><strong>suum</strong></span> <span class='ocrx_word' id='word_1_588' title='bbox 2709 1831 2918 1884; x_wconf 85' lang='lat' dir='ltr'><strong>reclinet</strong></span> <span class='ocrx_word' id='word_1_589' title='bbox 2939 1830 3151 1901; x_wconf 77' lang='lat' dir='ltr'><strong>(Matth.</strong></span> <span class='ocrx_word' id='word_1_590' title='bbox 3184 1850 3297 1901; x_wconf 84' lang='lat' dir='ltr'><strong>vm,</strong></span> <span class='ocrx_word' id='word_1_591' title='bbox 3323 1834 3437 1903; x_wconf 69' lang='lat'><strong>20).</strong></span> <span class='ocrx_word' id='word_1_592' title='bbox 3472 1834 3611 1889; x_wconf 83' lang='lat' dir='ltr'><strong>llinc</strong></span> <span class='ocrx_word' id='word_1_593' title='bbox 3637 1836 3806 1893; x_wconf 85' lang='lat' dir='ltr'><strong>iterum</strong></span> 
     </span>
    </p>
   </div>
   <div class='ocr_carea' id='block_1_77' title="bbox 2254 1919 3803 2000">
    <p class='ocr_par' dir='ltr' id='par_1_77' title="bbox 2254 1919 3803 2000">
     <span class='ocr_line' id='line_1_77' title="bbox 2254 1919 3803 2000; baseline 0.008 -29"><span class='ocrx_word' id='word_1_594' title='bbox 2254 1919 2507 1986; x_wconf 82' lang='lat' dir='ltr'><strong>scriptum</strong></span> <span class='ocrx_word' id='word_1_595' title='bbox 2537 1929 2655 1975; x_wconf 87' lang='lat' dir='ltr'><strong>est:</strong></span> <span class='ocrx_word' id='word_1_596' title='bbox 2708 1922 2933 1991; x_wconf 84' lang='lat' dir='ltr'><strong>Spiritus</strong></span> <span class='ocrx_word' id='word_1_597' title='bbox 2979 1936 3187 1980; x_wconf 79' lang='lat' dir='ltr'><strong>sanctus</strong></span> <span class='ocrx_word' id='word_1_598' title='bbox 3216 1928 3508 1995; x_wconf 69' lang='lat' dir='ltr'><strong>disciplina:</strong></span> <span class='ocrx_word' id='word_1_599' title='bbox 3543 1930 3716 2000; x_wconf 72' lang='lat' dir='ltr'><strong>eﬂ&#39;ugit</strong></span> <span class='ocrx_word' id='word_1_600' title='bbox 3754 1932 3803 2000; x_wconf 73' lang='lat' dir='ltr'><strong>ﬁ-</strong></span> 
     </span>
    </p>
   </div>
   <div class='ocr_carea' id='block_1_78' title="bbox 2254 2011 3804 2087">
    <p class='ocr_par' dir='ltr' id='par_1_78' title="bbox 2254 2011 3804 2087">
     <span class='ocr_line' id='line_1_78' title="bbox 2254 2011 3804 2087; baseline 0.009 -27"><span class='ocrx_word' id='word_1_601' title='bbox 2254 2017 2409 2072; x_wconf 75' lang='lat' dir='ltr'><strong>ctum,</strong></span> <span class='ocrx_word' id='word_1_602' title='bbox 2443 2018 2490 2062; x_wconf 80' lang='lat' dir='ltr'><strong>et</strong></span> <span class='ocrx_word' id='word_1_603' title='bbox 2518 2027 2618 2063; x_wconf 89' lang='lat' dir='ltr'><strong>non</strong></span> <span class='ocrx_word' id='word_1_604' title='bbox 2649 2011 2845 2066; x_wconf 80' lang='lat' dir='ltr'><strong>habitat</strong></span> <span class='ocrx_word' id='word_1_605' title='bbox 2873 2015 2925 2066; x_wconf 87' lang='lat' dir='ltr'><strong>in</strong></span> <span class='ocrx_word' id='word_1_606' title='bbox 2952 2031 3163 2083; x_wconf 88' lang='lat' dir='ltr'><strong>corpore</strong></span> <span class='ocrx_word' id='word_1_607' title='bbox 3182 2016 3383 2071; x_wconf 87' lang='lat' dir='ltr'><strong>subdito</strong></span> <span class='ocrx_word' id='word_1_608' title='bbox 3421 2022 3645 2087; x_wconf 80' lang='lat' dir='ltr'><strong>peccatis</strong></span> <span class='ocrx_word' id='word_1_609' title='bbox 3674 2019 3804 2087; x_wconf 71' lang='grc' dir='ltr'><strong>(δίῳ.</strong></span> 
     </span>
    </p>
   </div>
   <div class='ocr_carea' id='block_1_79' title="bbox 2257 2097 3808 2169">
    <p class='ocr_par' dir='ltr' id='par_1_79' title="bbox 2257 2097 3808 2169">
     <span class='ocr_line' id='line_1_79' title="bbox 2257 2097 3808 2169; baseline 0.008 -20"><span class='ocrx_word' id='word_1_610' title='bbox 2257 2113 2293 2162; x_wconf 91' lang='grc' dir='ltr'>ι,</span> <span class='ocrx_word' id='word_1_611' title='bbox 2342 2097 2420 2165; x_wconf 83' lang='lat'><strong>5).</strong></span> <span class='ocrx_word' id='word_1_612' title='bbox 2458 2098 2614 2163; x_wconf 81' lang='lat' dir='ltr'><strong>Bene</strong></span> <span class='ocrx_word' id='word_1_613' title='bbox 2655 2116 2784 2169; x_wconf 87' lang='lat' dir='ltr'><strong>ergo</strong></span> <span class='ocrx_word' id='word_1_614' title='bbox 2814 2103 3013 2157; x_wconf 88' lang='lat' dir='ltr'><strong>inutilis</strong></span> <span class='ocrx_word' id='word_1_615' title='bbox 3043 2104 3234 2159; x_wconf 85' lang='lat' dir='ltr'><strong>domus</strong></span> <span class='ocrx_word' id='word_1_616' title='bbox 3274 2106 3473 2160; x_wconf 74' lang='lat' dir='ltr'><strong>habere</strong></span> <span class='ocrx_word' id='word_1_617' title='bbox 3528 2107 3581 2160; x_wconf 87' lang='lat' dir='ltr'><strong>in</strong></span> <span class='ocrx_word' id='word_1_618' title='bbox 3610 2109 3808 2162; x_wconf 87' lang='lat' dir='ltr'><strong>orientis</strong></span> 
     </span>
    </p>
   </div>
   <div class='ocr_carea' id='block_1_80' title="bbox 2254 2185 3809 2267">
    <p class='ocr_par' dir='ltr' id='par_1_80' title="bbox 2254 2185 3809 2267">
     <span class='ocr_line' id='line_1_80' title="bbox 2254 2185 3809 2267; baseline 0.009 -30"><span class='ocrx_word' id='word_1_619' title='bbox 2254 2195 2408 2253; x_wconf 87' lang='lat' dir='ltr'><strong>parte</strong></span> <span class='ocrx_word' id='word_1_620' title='bbox 2442 2185 2681 2255; x_wconf 86' lang='lat' dir='ltr'><strong>Magmas</strong></span> <span class='ocrx_word' id='word_1_621' title='bbox 2725 2189 2921 2245; x_wconf 77' lang='lat' dir='ltr'><strong>dicitur</strong></span> <span class='ocrx_word' id='word_1_622' title='bbox 2950 2210 2961 2243; x_wconf 92' lang='lat'><strong>:</strong></span> <span class='ocrx_word' id='word_1_623' title='bbox 2995 2195 3142 2261; x_wconf 86' lang='lat' dir='ltr'><strong>quia,</strong></span> <span class='ocrx_word' id='word_1_624' title='bbox 3172 2195 3263 2262; x_wconf 93' lang='lat' dir='ltr'><strong>qui</strong></span> <span class='ocrx_word' id='word_1_625' title='bbox 3293 2205 3607 2251; x_wconf 88' lang='lat' dir='ltr'><strong>sanctorum</strong></span> <span class='ocrx_word' id='word_1_626' title='bbox 3634 2199 3809 2267; x_wconf 75' lang='lat' dir='ltr'><strong>przeli-</strong></span> 
     </span>
    </p>
   </div>
   <div class='ocr_carea' id='block_1_81' title="bbox 2254 2276 3807 2357">
    <p class='ocr_par' dir='ltr' id='par_1_81' title="bbox 2254 2276 3807 2357">
     <span class='ocr_line' id='line_1_81' title="bbox 2254 2276 3807 2357; baseline 0.008 -28"><span class='ocrx_word' id='word_1_627' title='bbox 2254 2276 2520 2330; x_wconf 80' lang='lat' dir='ltr'><strong>cntionem</strong></span> <span class='ocrx_word' id='word_1_628' title='bbox 2561 2290 2843 2348; x_wconf 88' lang='lat' dir='ltr'><strong>spernunt,</strong></span> <span class='ocrx_word' id='word_1_629' title='bbox 2890 2282 2943 2335; x_wconf 93' lang='lat' dir='ltr'><strong>in</strong></span> <span class='ocrx_word' id='word_1_630' title='bbox 2974 2284 3325 2352; x_wconf 81' lang='lat' dir='ltr'><strong>reproborum</strong></span> <span class='ocrx_word' id='word_1_631' title='bbox 3354 2288 3607 2357; x_wconf 80' lang='lat' dir='ltr'><strong>exemplo</strong></span> <span class='ocrx_word' id='word_1_632' title='bbox 3642 2287 3736 2340; x_wconf 88' lang='lat' dir='ltr'><strong>ima</strong></span> <span class='ocrx_word' id='word_1_633' title='bbox 3762 2296 3807 2341; x_wconf 90' lang='lat' dir='ltr'><strong>et</strong></span> 
     </span>
    </p>
   </div>
   <div class='ocr_carea' id='block_1_82' title="bbox 2254 2370 3807 2443">
    <p class='ocr_par' dir='ltr' id='par_1_82' title="bbox 2254 2370 3807 2443">
     <span class='ocr_line' id='line_1_82' title="bbox 2254 2370 3807 2443; baseline 0.012 -28"><span class='ocrx_word' id='word_1_634' title='bbox 2254 2372 2466 2419; x_wconf 87' lang='lat' dir='ltr'><strong>terrena</strong></span> <span class='ocrx_word' id='word_1_635' title='bbox 2511 2370 2880 2434; x_wconf 73' lang='lat' dir='ltr'><strong>qumrcntium,</strong></span> <span class='ocrx_word' id='word_1_636' title='bbox 2929 2372 3075 2425; x_wconf 88' lang='lat' dir='ltr'><strong>velut</strong></span> <span class='ocrx_word' id='word_1_637' title='bbox 3106 2374 3157 2426; x_wconf 93' lang='lat' dir='ltr'><strong>in</strong></span> <span class='ocrx_word' id='word_1_638' title='bbox 3204 2389 3408 2443; x_wconf 67' lang='lat' dir='ltr'><strong>magna:</strong></span> <span class='ocrx_word' id='word_1_639' title='bbox 3452 2377 3591 2431; x_wconf 89' lang='lat' dir='ltr'><strong>lueis</strong></span> <span class='ocrx_word' id='word_1_640' title='bbox 3633 2390 3807 2433; x_wconf 73' lang='lat' dir='ltr'><strong>exortu</strong></span> 
     </span>
    </p>
   </div>
   <div class='ocr_carea' id='block_1_83' title="bbox 2253 2455 3807 2531">
    <p class='ocr_par' dir='ltr' id='par_1_83' title="bbox 2253 2455 3807 2531">
     <span class='ocr_line' id='line_1_83' title="bbox 2253 2455 3807 2531; baseline 0.01 -26"><span class='ocrx_word' id='word_1_641' title='bbox 2253 2455 2604 2520; x_wconf 77' lang='lat' dir='ltr'><strong>gratulantur.</strong></span> <span class='ocrx_word' id='word_1_642' title='bbox 2652 2458 2756 2512; x_wconf 90' lang='lat' dir='ltr'><strong>Sed</strong></span> <span class='ocrx_word' id='word_1_643' title='bbox 2800 2459 2947 2529; x_wconf 84' lang='lat' dir='ltr'><strong>dum,</strong></span> <span class='ocrx_word' id='word_1_644' title='bbox 2993 2462 3329 2531; x_wconf 43' lang='lat' dir='ltr'><strong>lnqu‘ntibus</strong></span> <span class='ocrx_word' id='word_1_645' title='bbox 3373 2480 3549 2519; x_wconf 72' lang='lat' dir='ltr'><strong>sacra:</strong></span> <span class='ocrx_word' id='word_1_646' title='bbox 3596 2466 3807 2521; x_wconf 66' lang='lat' dir='ltr'><strong>historia:</strong></span> 
     </span>
    </p>
   </div>
   <div class='ocr_carea' id='block_1_84' title="bbox 2253 2548 3806 2625">
    <p class='ocr_par' dir='ltr' id='par_1_84' title="bbox 2253 2548 3806 2625">
     <span class='ocr_line' id='line_1_84' title="bbox 2253 2548 3806 2625; baseline 0.007 -26"><span class='ocrx_word' id='word_1_647' title='bbox 2253 2548 2539 2616; x_wconf 82' lang='lat' dir='ltr'><strong>mysteriis,</strong></span> <span class='ocrx_word' id='word_1_648' title='bbox 2572 2550 2832 2605; x_wconf 89' lang='lat' dir='ltr'><strong>malorum</strong></span> <span class='ocrx_word' id='word_1_649' title='bbox 2855 2556 3193 2609; x_wconf 74' lang='lat' dir='ltr'><strong>conversatio</strong></span> <span class='ocrx_word' id='word_1_650' title='bbox 3215 2556 3639 2621; x_wconf 89' lang='lat' dir='ltr'><strong>demonstratur,</strong></span> <span class='ocrx_word' id='word_1_651' title='bbox 3666 2572 3806 2625; x_wconf 84' lang='lat' dir='ltr'><strong>quam</strong></span> 
     </span>
    </p>
   </div>
   <div class='ocr_carea' id='block_1_85' title="bbox 2250 2636 3803 2716">
    <p class='ocr_par' dir='ltr' id='par_1_85' title="bbox 2250 2636 3803 2716">
     <span class='ocr_line' id='line_1_85' title="bbox 2250 2636 3803 2716; baseline 0.006 -27"><span class='ocrx_word' id='word_1_652' title='bbox 2250 2636 2324 2689; x_wconf 90' lang='lat' dir='ltr'><strong>sit</strong></span> <span class='ocrx_word' id='word_1_653' title='bbox 2370 2647 2527 2693; x_wconf 90' lang='lat' dir='ltr'><strong>cauta</strong></span> <span class='ocrx_word' id='word_1_654' title='bbox 2557 2651 2863 2696; x_wconf 83' lang='lat' dir='ltr'><strong>sanctorum</strong></span> <span class='ocrx_word' id='word_1_655' title='bbox 2903 2644 3035 2708; x_wconf 86' lang='lat' dir='ltr'><strong>vita,</strong></span> <span class='ocrx_word' id='word_1_656' title='bbox 3077 2645 3467 2716; x_wconf 85' lang='lat' dir='ltr'><strong>subsequenter</strong></span> <span class='ocrx_word' id='word_1_657' title='bbox 3505 2647 3803 2702; x_wconf 87' lang='lat' dir='ltr'><strong>ostenditur.</strong></span> 
     </span>
    </p>
   </div>
   <div class='ocr_carea' id='block_1_86' title="bbox 2252 2723 2674 2795">
    <p class='ocr_par' dir='ltr' id='par_1_86' title="bbox 2252 2723 2674 2795">
     <span class='ocr_line' id='line_1_86' title="bbox 2252 2723 2674 2795; baseline 0.002 -15"><span class='ocrx_word' id='word_1_658' title='bbox 2252 2723 2383 2781; x_wconf 79' lang='lat' dir='ltr'><strong>Nam</strong></span> <span class='ocrx_word' id='word_1_659' title='bbox 2405 2728 2674 2795; x_wconf 81' lang='lat' dir='ltr'><strong>sequitur:</strong></span> 
     </span>
    </p>
   </div>
   <div class='ocr_carea' id='block_1_87' title="bbox 2324 2817 3806 2893">
    <p class='ocr_par' dir='ltr' id='par_1_87' title="bbox 2324 2817 3806 2893">
     <span class='ocr_line' id='line_1_87' title="bbox 2324 2817 3806 2893; baseline 0.009 -24"><span class='ocrx_word' id='word_1_660' title='bbox 2324 2817 2498 2886; x_wconf 77' lang='lat' dir='ltr'><strong>(Vera.</strong></span> <span class='ocrx_word' id='word_1_661' title='bbox 2530 2819 2609 2889; x_wconf 85' lang='lat'><strong>6.)</strong></span> <span class='ocrx_word' id='word_1_662' title='bbox 2650 2819 2799 2884; x_wconf 75' lang='lat' dir='ltr'><strong>Quod</strong></span> <span class='ocrx_word' id='word_1_663' title='bbox 2843 2840 2956 2877; x_wconf 86' lang='lat' dir='ltr'><strong>cum</strong></span> <span class='ocrx_word' id='word_1_664' title='bbox 3004 2826 3245 2881; x_wconf 64' lang='lat' dir='ltr'><strong>uidtssent</strong></span> <span class='ocrx_word' id='word_1_665' title='bbox 3290 2830 3386 2881; x_wconf 72' lang='lat' dir='ltr'><strong>uiri</strong></span> <span class='ocrx_word' id='word_1_666' title='bbox 3438 2827 3641 2893; x_wconf 81' lang='lat' dir='ltr'><strong>Israel,</strong></span> <span class='ocrx_word' id='word_1_667' title='bbox 3677 2847 3728 2882; x_wconf 82' lang='lat' dir='ltr'><strong>se</strong></span> <span class='ocrx_word' id='word_1_668' title='bbox 3763 2831 3806 2882; x_wconf 87' lang='lat' dir='ltr'><strong>in</strong></span> 
     </span>
    </p>
   </div>
   <div class='ocr_carea' id='block_1_88' title="bbox 2251 2911 3806 2984">
    <p class='ocr_par' dir='ltr' id='par_1_88' title="bbox 2251 2911 3806 2984">
     <span class='ocr_line' id='line_1_88' title="bbox 2251 2911 3806 2984; baseline 0.009 -26"><span class='ocrx_word' id='word_1_669' title='bbox 2251 2916 2395 2961; x_wconf 87' lang='lat' dir='ltr'><strong>arcto</strong></span> <span class='ocrx_word' id='word_1_670' title='bbox 2424 2911 2565 2976; x_wconf 89' lang='lat' dir='ltr'><strong>sitos,</strong></span> <span class='ocrx_word' id='word_1_671' title='bbox 2596 2912 2822 2980; x_wconf 77' lang='lat' dir='ltr'><strong>afﬂictus</strong></span> <span class='ocrx_word' id='word_1_672' title='bbox 2852 2923 2927 2967; x_wconf 87' lang='lat' dir='ltr'><strong>est</strong></span> <span class='ocrx_word' id='word_1_673' title='bbox 2954 2917 3192 2984; x_wconf 86' lang='lat' dir='ltr'><strong>populus,</strong></span> <span class='ocrx_word' id='word_1_674' title='bbox 3221 2928 3269 2970; x_wconf 90' lang='lat' dir='ltr'><strong>et</strong></span> <span class='ocrx_word' id='word_1_675' title='bbox 3297 2917 3673 2972; x_wconf 75' lang='lat' dir='ltr'><strong>absconderant</strong></span> <span class='ocrx_word' id='word_1_676' title='bbox 3694 2921 3806 2972; x_wconf 80' lang='lat' dir='ltr'><strong>sein</strong></span> 
     </span>
    </p>
   </div>
   <div class='ocr_carea' id='block_1_89' title="bbox 2250 2996 3805 3078">
    <p class='ocr_par' dir='ltr' id='par_1_89' title="bbox 2250 2996 3805 3078">
     <span class='ocr_line' id='line_1_89' title="bbox 2250 2996 3805 3078; baseline 0.008 -30"><span class='ocrx_word' id='word_1_677' title='bbox 2250 2996 2526 3064; x_wconf 80' lang='lat' dir='ltr'><strong>speluncis,</strong></span> <span class='ocrx_word' id='word_1_678' title='bbox 2556 3008 2605 3051; x_wconf 86' lang='lat' dir='ltr'><strong>et</strong></span> <span class='ocrx_word' id='word_1_679' title='bbox 2633 3000 2684 3052; x_wconf 87' lang='lat' dir='ltr'><strong>in</strong></span> <span class='ocrx_word' id='word_1_680' title='bbox 2708 3000 2915 3066; x_wconf 80' lang='lat' dir='ltr'><strong>abditis,</strong></span> <span class='ocrx_word' id='word_1_681' title='bbox 2941 3003 2995 3055; x_wconf 89' lang='lat' dir='ltr'><strong>in</strong></span> <span class='ocrx_word' id='word_1_682' title='bbox 3021 3005 3180 3072; x_wconf 75' lang='lat' dir='ltr'><strong>petris</strong></span> <span class='ocrx_word' id='word_1_683' title='bbox 3218 3022 3438 3078; x_wconf 85' lang='lat' dir='ltr'><strong>quoque,</strong></span> <span class='ocrx_word' id='word_1_684' title='bbox 3468 3018 3520 3061; x_wconf 81' lang='lat' dir='ltr'><strong>et</strong></span> <span class='ocrx_word' id='word_1_685' title='bbox 3553 3011 3604 3062; x_wconf 90' lang='lat' dir='ltr'><strong>in</strong></span> <span class='ocrx_word' id='word_1_686' title='bbox 3639 3011 3805 3072; x_wconf 80' lang='lat' dir='ltr'><strong>antris,</strong></span> 
     </span>
    </p>
   </div>
   <div class='ocr_carea' id='block_1_90' title="bbox 2251 3086 2585 3141">
    <p class='ocr_par' dir='ltr' id='par_1_90' title="bbox 2251 3086 2585 3141">
     <span class='ocr_line' id='line_1_90' title="bbox 2251 3086 2585 3141; baseline 0.015 -5"><span class='ocrx_word' id='word_1_687' title='bbox 2251 3094 2301 3137; x_wconf 85' lang='lat' dir='ltr'><strong>et</strong></span> <span class='ocrx_word' id='word_1_688' title='bbox 2329 3086 2585 3141; x_wconf 76' lang='lat' dir='ltr'><strong>cisternis.</strong></span> 
     </span>
    </p>
   </div>
   <div class='ocr_carea' id='block_1_91' title="bbox 2324 3175 3806 3252">
    <p class='ocr_par' dir='ltr' id='par_1_91' title="bbox 2324 3175 3806 3252">
     <span class='ocr_line' id='line_1_91' title="bbox 2324 3175 3806 3252; baseline 0.009 -25"><span class='ocrx_word' id='word_1_689' title='bbox 2324 3175 2410 3228; x_wconf 73' lang='lat' dir='ltr'><strong>l2.</strong></span> <span class='ocrx_word' id='word_1_690' title='bbox 2452 3176 2507 3229; x_wconf 93' lang='lat' dir='ltr'><strong>ln</strong></span> <span class='ocrx_word' id='word_1_691' title='bbox 2532 3185 2682 3231; x_wconf 86' lang='lat' dir='ltr'><strong>arcto</strong></span> <span class='ocrx_word' id='word_1_692' title='bbox 2711 3178 2924 3249; x_wconf 88' lang='lat' dir='ltr'><strong>quidem</strong></span> <span class='ocrx_word' id='word_1_693' title='bbox 2955 3197 3165 3248; x_wconf 89' lang='lat' dir='ltr'><strong>sumus,</strong></span> <span class='ocrx_word' id='word_1_694' title='bbox 3201 3185 3413 3252; x_wconf 85' lang='lat' dir='ltr'><strong>quando</strong></span> <span class='ocrx_word' id='word_1_695' title='bbox 3449 3188 3519 3241; x_wconf 89' lang='lat' dir='ltr'><strong>ab</strong></span> <span class='ocrx_word' id='word_1_696' title='bbox 3546 3188 3806 3241; x_wconf 85' lang='lat' dir='ltr'><strong>immundis</strong></span> 
     </span>
    </p>
   </div>
   <div class='ocr_carea' id='block_1_92' title="bbox 2250 3266 3804 3334">
    <p class='ocr_par' dir='ltr' id='par_1_92' title="bbox 2250 3266 3804 3334">
     <span class='ocr_line' id='line_1_92' title="bbox 2250 3266 3804 3334; baseline 0.006 -15"><span class='ocrx_word' id='word_1_697' title='bbox 2250 3266 2521 3334; x_wconf 83' lang='lat' dir='ltr'><strong>spiritibus</strong></span> <span class='ocrx_word' id='word_1_698' title='bbox 2544 3267 2685 3320; x_wconf 72' lang='lat' dir='ltr'><strong>intus</strong></span> <span class='ocrx_word' id='word_1_699' title='bbox 2717 3277 3001 3334; x_wconf 91' lang='lat' dir='ltr'><strong>tentamur,</strong></span> <span class='ocrx_word' id='word_1_700' title='bbox 3029 3281 3083 3325; x_wconf 84' lang='lat' dir='ltr'><strong>et</strong></span> <span class='ocrx_word' id='word_1_701' title='bbox 3111 3272 3239 3327; x_wconf 90' lang='lat' dir='ltr'><strong>foris</strong></span> <span class='ocrx_word' id='word_1_702' title='bbox 3259 3275 3521 3329; x_wconf 91' lang='lat' dir='ltr'><strong>malorum</strong></span> <span class='ocrx_word' id='word_1_703' title='bbox 3549 3278 3804 3331; x_wconf 83' lang='lat' dir='ltr'><strong>hominum</strong></span> 
     </span>
    </p>
   </div>
   <div class='ocr_carea' id='block_1_93' title="bbox 2250 3355 3806 3433">
    <p class='ocr_par' dir='ltr' id='par_1_93' title="bbox 2250 3355 3806 3433">
     <span class='ocr_line' id='line_1_93' title="bbox 2250 3355 3806 3433; baseline 0.007 -25"><span class='ocrx_word' id='word_1_704' title='bbox 2250 3355 2492 3424; x_wconf 85' lang='lat' dir='ltr'><strong>exempla</strong></span> <span class='ocrx_word' id='word_1_705' title='bbox 2523 3357 2905 3424; x_wconf 83' lang='lat' dir='ltr'><strong>conspicimus.</strong></span> <span class='ocrx_word' id='word_1_706' title='bbox 2952 3359 3151 3414; x_wconf 89' lang='lat' dir='ltr'><strong>Contra</strong></span> <span class='ocrx_word' id='word_1_707' title='bbox 3199 3363 3461 3419; x_wconf 88' lang='lat' dir='ltr'><strong>internam</strong></span> <span class='ocrx_word' id='word_1_708' title='bbox 3490 3379 3622 3433; x_wconf 79' lang='lat' dir='ltr'><strong>ergo</strong></span> <span class='ocrx_word' id='word_1_709' title='bbox 3658 3366 3806 3419; x_wconf 65' lang='lat' dir='ltr'><strong>maluo</strong></span> 
     </span>
    </p>
   </div>
   <div class='ocr_carea' id='block_1_94' title="bbox 2251 3445 3806 3523">
    <p class='ocr_par' dir='ltr' id='par_1_94' title="bbox 2251 3445 3806 3523">
     <span class='ocr_line' id='line_1_94' title="bbox 2251 3445 3806 3523; baseline 0.008 -27"><span class='ocrx_word' id='word_1_710' title='bbox 2251 3457 2368 3497; x_wconf 91' lang='lat' dir='ltr'><strong>rum</strong></span> <span class='ocrx_word' id='word_1_711' title='bbox 2406 3445 2686 3514; x_wconf 88' lang='lat' dir='ltr'><strong>spirituum</strong></span> <span class='ocrx_word' id='word_1_712' title='bbox 2728 3448 3076 3504; x_wconf 90' lang='lat' dir='ltr'><strong>tentationem</strong></span> <span class='ocrx_word' id='word_1_713' title='bbox 3109 3450 3246 3505; x_wconf 87' lang='lat' dir='ltr'><strong>bene</strong></span> <span class='ocrx_word' id='word_1_714' title='bbox 3283 3452 3482 3507; x_wconf 88' lang='lat' dir='ltr'><strong>dictum</strong></span> <span class='ocrx_word' id='word_1_715' title='bbox 3528 3464 3647 3508; x_wconf 90' lang='lat' dir='ltr'><strong>est:</strong></span> <span class='ocrx_word' id='word_1_716' title='bbox 3674 3456 3806 3523; x_wconf 76' lang='lat' dir='ltr'><strong>Afﬂi-</strong></span> 
     </span>
    </p>
   </div>
   <div class='ocr_carea' id='block_1_95' title="bbox 2251 3537 3807 3611">
    <p class='ocr_par' dir='ltr' id='par_1_95' title="bbox 2251 3537 3807 3611">
     <span class='ocr_line' id='line_1_95' title="bbox 2251 3537 3807 3611; baseline 0.006 -25"><span class='ocrx_word' id='word_1_717' title='bbox 2251 3544 2361 3588; x_wconf 83' lang='lat' dir='ltr'><strong>ctus</strong></span> <span class='ocrx_word' id='word_1_718' title='bbox 2382 3546 2458 3588; x_wconf 86' lang='lat' dir='ltr'><strong>est</strong></span> <span class='ocrx_word' id='word_1_719' title='bbox 2485 3537 2723 3605; x_wconf 80' lang='lat' dir='ltr'><strong>populus,</strong></span> <span class='ocrx_word' id='word_1_720' title='bbox 2753 3546 2807 3593; x_wconf 87' lang='lat' dir='ltr'><strong>et</strong></span> <span class='ocrx_word' id='word_1_721' title='bbox 2834 3547 3020 3593; x_wconf 74' lang='lat' dir='ltr'><strong>centra</strong></span> <span class='ocrx_word' id='word_1_722' title='bbox 3052 3541 3321 3595; x_wconf 84' lang='lat' dir='ltr'><strong>exteriora</strong></span> <span class='ocrx_word' id='word_1_723' title='bbox 3348 3543 3597 3610; x_wconf 84' lang='lat' dir='ltr'><strong>exempla</strong></span> <span class='ocrx_word' id='word_1_724' title='bbox 3630 3542 3807 3611; x_wconf 81' lang='lat' dir='ltr'><strong>impio—</strong></span> 
     </span>
    </p>
   </div>
   <div class='ocr_carea' id='block_1_96' title="bbox 2250 3626 3807 3697">
    <p class='ocr_par' dir='ltr' id='par_1_96' title="bbox 2250 3626 3807 3697">
     <span class='ocr_line' id='line_1_96' title="bbox 2250 3626 3807 3697; baseline 0.002 -18"><span class='ocrx_word' id='word_1_725' title='bbox 2250 3641 2367 3679; x_wconf 93' lang='lat' dir='ltr'><strong>rum</strong></span> <span class='ocrx_word' id='word_1_726' title='bbox 2417 3626 2687 3681; x_wconf 89' lang='lat' dir='ltr'><strong>hominum</strong></span> <span class='ocrx_word' id='word_1_727' title='bbox 2720 3668 2734 3692; x_wconf 93' lang='lat'><strong>,</strong></span> <span class='ocrx_word' id='word_1_728' title='bbox 2778 3627 3165 3683; x_wconf 78' lang='lat' dir='ltr'><strong>Absconderunt</strong></span> <span class='ocrx_word' id='word_1_729' title='bbox 3218 3647 3292 3684; x_wconf 88' lang='lat' dir='ltr'><strong>se.</strong></span> <span class='ocrx_word' id='word_1_730' title='bbox 3348 3629 3478 3697; x_wconf 85' lang='lat' dir='ltr'><strong>Quia</strong></span> <span class='ocrx_word' id='word_1_731' title='bbox 3528 3632 3717 3685; x_wconf 86' lang='lat' dir='ltr'><strong>blanda</strong></span> <span class='ocrx_word' id='word_1_732' title='bbox 3762 3640 3807 3683; x_wconf 85' lang='lat' dir='ltr'><strong>et</strong></span> 
     </span>
    </p>
   </div>
   <div class='ocr_carea' id='block_1_97' title="bbox 2250 3715 3805 3791">
    <p class='ocr_par' dir='ltr' id='par_1_97' title="bbox 2250 3715 3805 3791">
     <span class='ocr_line' id='line_1_97' title="bbox 2250 3715 3805 3791; baseline 0.004 -23"><span class='ocrx_word' id='word_1_733' title='bbox 2250 3715 2371 3769; x_wconf 70' lang='lat' dir='ltr'><strong>lcuta</strong></span> <span class='ocrx_word' id='word_1_734' title='bbox 2413 3717 2567 3771; x_wconf 87' lang='lat' dir='ltr'><strong>nobis</strong></span> <span class='ocrx_word' id='word_1_735' title='bbox 2616 3719 2915 3787; x_wconf 86' lang='lat' dir='ltr'><strong>appetenda</strong></span> <span class='ocrx_word' id='word_1_736' title='bbox 2945 3719 3172 3775; x_wconf 90' lang='lat' dir='ltr'><strong>callidus</strong></span> <span class='ocrx_word' id='word_1_737' title='bbox 3200 3721 3542 3777; x_wconf 88' lang='lat' dir='ltr'><strong>adversarius</strong></span> <span class='ocrx_word' id='word_1_738' title='bbox 3570 3722 3805 3791; x_wconf 84' lang='lat' dir='ltr'><strong>suggerit,</strong></span> 
     </span>
    </p>
   </div>
   <div class='ocr_carea' id='block_1_98' title="bbox 2251 3806 3809 3880">
    <p class='ocr_par' dir='ltr' id='par_1_98' title="bbox 2251 3806 3809 3880">
     <span class='ocr_line' id='line_1_98' title="bbox 2251 3806 3809 3880; baseline 0.004 -20"><span class='ocrx_word' id='word_1_739' title='bbox 2251 3806 2344 3875; x_wconf 89' lang='lat' dir='ltr'><strong>qui</strong></span> <span class='ocrx_word' id='word_1_740' title='bbox 2373 3823 2643 3877; x_wconf 89' lang='lat' dir='ltr'><strong>nunquam</strong></span> <span class='ocrx_word' id='word_1_741' title='bbox 2672 3809 2863 3865; x_wconf 89' lang='lat' dir='ltr'><strong>melius</strong></span> <span class='ocrx_word' id='word_1_742' title='bbox 2888 3810 3119 3867; x_wconf 87' lang='lat' dir='ltr'><strong>vincitur</strong></span> <span class='ocrx_word' id='word_1_743' title='bbox 3141 3828 3299 3880; x_wconf 90' lang='lat' dir='ltr'><strong>quam</strong></span> <span class='ocrx_word' id='word_1_744' title='bbox 3340 3814 3385 3867; x_wconf 87' lang='lat' dir='ltr'><strong>si</strong></span> <span class='ocrx_word' id='word_1_745' title='bbox 3422 3815 3613 3867; x_wconf 87' lang='lat' dir='ltr'><strong>lentati</strong></span> <span class='ocrx_word' id='word_1_746' title='bbox 3645 3813 3707 3866; x_wconf 85' lang='lat' dir='ltr'><strong>ad</strong></span> <span class='ocrx_word' id='word_1_747' title='bbox 3730 3814 3809 3867; x_wconf 78' lang='lat' dir='ltr'><strong>de-</strong></span> 
     </span>
    </p>
   </div>
   <div class='ocr_carea' id='block_1_99' title="bbox 2252 3898 3811 3973">
    <p class='ocr_par' dir='ltr' id='par_1_99' title="bbox 2252 3898 3811 3973">
     <span class='ocr_line' id='line_1_99' title="bbox 2252 3898 3811 3973; baseline 0.005 -24"><span class='ocrx_word' id='word_1_748' title='bbox 2252 3905 2389 3950; x_wconf 68' lang='lat' dir='ltr'><strong>vola:</strong></span> <span class='ocrx_word' id='word_1_749' title='bbox 2412 3898 2671 3954; x_wconf 84' lang='lat' dir='ltr'><strong>orationis</strong></span> <span class='ocrx_word' id='word_1_750' title='bbox 2700 3899 2929 3954; x_wconf 87' lang='lat' dir='ltr'><strong>lamenta</strong></span> <span class='ocrx_word' id='word_1_751' title='bbox 2953 3917 3249 3956; x_wconf 90' lang='lat' dir='ltr'><strong>curramus.</strong></span> <span class='ocrx_word' id='word_1_752' title='bbox 3281 3901 3343 3955; x_wconf 84' lang='lat' dir='ltr'><strong>Et</strong></span> <span class='ocrx_word' id='word_1_753' title='bbox 3363 3904 3608 3972; x_wconf 83' lang='lat' dir='ltr'><strong>exempla</strong></span> <span class='ocrx_word' id='word_1_754' title='bbox 3638 3918 3811 3973; x_wconf 82' lang='lat' dir='ltr'><strong>pravo-</strong></span> 
     </span>
    </p>
   </div>
   <div class='ocr_carea' id='block_1_100' title="bbox 2248 3988 3810 4063">
    <p class='ocr_par' dir='ltr' id='par_1_100' title="bbox 2248 3988 3810 4063">
     <span class='ocr_line' id='line_1_100' title="bbox 2248 3988 3810 4063; baseline -0.004 -14"><span class='ocrx_word' id='word_1_755' title='bbox 2248 4010 2365 4050; x_wconf 88' lang='lat' dir='ltr'><strong>rum</strong></span> <span class='ocrx_word' id='word_1_756' title='bbox 2399 3988 2566 4049; x_wconf 77' lang='lat' dir='ltr'><strong>t&#39;ilare</strong></span> <span class='ocrx_word' id='word_1_757' title='bbox 2602 3991 2758 4045; x_wconf 85' lang='lat' dir='ltr'><strong>citius</strong></span> <span class='ocrx_word' id='word_1_758' title='bbox 2785 4007 3097 4061; x_wconf 85' lang='lat' dir='ltr'><strong>possumus,</strong></span> <span class='ocrx_word' id='word_1_759' title='bbox 3127 3993 3170 4047; x_wconf 89' lang='lat' dir='ltr'><strong>si</strong></span> <span class='ocrx_word' id='word_1_760' title='bbox 3215 4007 3278 4046; x_wconf 90' lang='lat' dir='ltr'><strong>ea</strong></span> <span class='ocrx_word' id='word_1_761' title='bbox 3307 3994 3465 4047; x_wconf 73' lang='lat' dir='ltr'><strong>etiam</strong></span> <span class='ocrx_word' id='word_1_762' title='bbox 3495 3993 3810 4063; x_wconf 84' lang='lat' dir='ltr'><strong>respicienda</strong></span> 
     </span>
    </p>
   </div>
   <div class='ocr_carea' id='block_1_101' title="bbox 2249 4080 3812 4155">
    <p class='ocr_par' dir='ltr' id='par_1_101' title="bbox 2249 4080 3812 4155">
     <span class='ocr_line' id='line_1_101' title="bbox 2249 4080 3812 4155; baseline -0.003 -16"><span class='ocrx_word' id='word_1_763' title='bbox 2249 4101 2357 4140; x_wconf 91' lang='lat' dir='ltr'><strong>non</strong></span> <span class='ocrx_word' id='word_1_764' title='bbox 2395 4099 2514 4141; x_wconf 87' lang='lat' dir='ltr'><strong>esse</strong></span> <span class='ocrx_word' id='word_1_765' title='bbox 2557 4085 2878 4155; x_wconf 78' lang='lat' dir='ltr'><strong>judiceutus.</strong></span> <span class='ocrx_word' id='word_1_766' title='bbox 2928 4080 3190 4136; x_wconf 83' lang='lat' dir='ltr'><strong>Ahscondi</strong></span> <span class='ocrx_word' id='word_1_767' title='bbox 3227 4096 3357 4151; x_wconf 90' lang='lat' dir='ltr'><strong>ergo</strong></span> <span class='ocrx_word' id='word_1_768' title='bbox 3380 4093 3710 4149; x_wconf 90' lang='lat' dir='ltr'><strong>sanctorum,</strong></span> <span class='ocrx_word' id='word_1_769' title='bbox 3739 4090 3812 4136; x_wconf 83' lang='lat' dir='ltr'><strong>est</strong></span> 
     </span>
    </p>
   </div>
   <div class='ocr_carea' id='block_1_102' title="bbox 2248 4170 3814 4247">
    <p class='ocr_par' dir='ltr' id='par_1_102' title="bbox 2248 4170 3814 4247">
     <span class='ocr_line' id='line_1_102' title="bbox 2248 4170 3814 4247; baseline -0.004 -17"><span class='ocrx_word' id='word_1_770' title='bbox 2248 4177 2478 4247; x_wconf 83' lang='lat' dir='ltr'><strong>reproba</strong></span> <span class='ocrx_word' id='word_1_771' title='bbox 2518 4177 2704 4234; x_wconf 86' lang='lat' dir='ltr'><strong>videre</strong></span> <span class='ocrx_word' id='word_1_772' title='bbox 2746 4172 3039 4244; x_wconf 86' lang='lat' dir='ltr'><strong>dedignari.</strong></span> <span class='ocrx_word' id='word_1_773' title='bbox 3087 4170 3151 4229; x_wconf 80' lang='lat' dir='ltr'><strong>Et</strong></span> <span class='ocrx_word' id='word_1_774' title='bbox 3187 4172 3309 4245; x_wconf 69' lang='lat' dir='ltr'><strong>quia</strong></span> <span class='ocrx_word' id='word_1_775' title='bbox 3356 4172 3597 4241; x_wconf 87' lang='lat' dir='ltr'><strong>quinque</strong></span> <span class='ocrx_word' id='word_1_776' title='bbox 3634 4186 3814 4225; x_wconf 84' lang='lat' dir='ltr'><strong>sensus</strong></span> 
     </span>
    </p>
   </div>
   <div class='ocr_carea' id='block_1_103' title="bbox 2248 4260 3811 4336">
    <p class='ocr_par' dir='ltr' id='par_1_103' title="bbox 2248 4260 3811 4336">
     <span class='ocr_line' id='line_1_103' title="bbox 2248 4260 3811 4336; baseline -0.004 -15"><span class='ocrx_word' id='word_1_777' title='bbox 2248 4267 2491 4336; x_wconf 89' lang='lat' dir='ltr'><strong>corporis</strong></span> <span class='ocrx_word' id='word_1_778' title='bbox 2525 4281 2555 4320; x_wconf 93' lang='lat' dir='ltr'><strong>a</strong></span> <span class='ocrx_word' id='word_1_779' title='bbox 2592 4266 2943 4335; x_wconf 87' lang='lat' dir='ltr'><strong>reproborum</strong></span> <span class='ocrx_word' id='word_1_780' title='bbox 2972 4266 3270 4321; x_wconf 85' lang='lat' dir='ltr'><strong>imitatione</strong></span> <span class='ocrx_word' id='word_1_781' title='bbox 3300 4263 3640 4331; x_wconf 81' lang='lat' dir='ltr'><strong>custodiunt,</strong></span> <span class='ocrx_word' id='word_1_782' title='bbox 3663 4260 3811 4334; x_wconf 81' lang='lat' dir='ltr'><strong>quin-</strong></span> 
     </span>
    </p>
   </div>
   <div class='ocr_carea' id='block_1_104' title="bbox 2247 4356 3811 4426">
    <p class='ocr_par' dir='ltr' id='par_1_104' title="bbox 2247 4356 3811 4426">
     <span class='ocr_line' id='line_1_104' title="bbox 2247 4356 3811 4426; baseline 0 -16"><span class='ocrx_word' id='word_1_783' title='bbox 2247 4370 2353 4424; x_wconf 87' lang='lat' dir='ltr'><strong>que</strong></span> <span class='ocrx_word' id='word_1_784' title='bbox 2368 4357 2529 4412; x_wconf 90' lang='lat' dir='ltr'><strong>etiam</strong></span> <span class='ocrx_word' id='word_1_785' title='bbox 2548 4356 2886 4412; x_wconf 90' lang='lat' dir='ltr'><strong>latibulorum</strong></span> <span class='ocrx_word' id='word_1_786' title='bbox 2905 4371 3101 4425; x_wconf 88' lang='lat' dir='ltr'><strong>genera</strong></span> <span class='ocrx_word' id='word_1_787' title='bbox 3122 4358 3495 4413; x_wconf 89' lang='lat' dir='ltr'><strong>describuntur</strong></span> <span class='ocrx_word' id='word_1_788' title='bbox 3515 4377 3527 4411; x_wconf 92' lang='lat'><strong>:</strong></span> <span class='ocrx_word' id='word_1_789' title='bbox 3555 4358 3811 4426; x_wconf 67' lang='lat' dir='ltr'><strong>speluncae</strong></span> 
     </span>
    </p>
   </div>
   <div class='ocr_carea' id='block_1_105' title="bbox 2248 4446 3811 4518">
    <p class='ocr_par' dir='ltr' id='par_1_105' title="bbox 2248 4446 3811 4518">
     <span class='ocr_line' id='line_1_105' title="bbox 2248 4446 3811 4518; baseline 0 -17"><span class='ocrx_word' id='word_1_790' title='bbox 2248 4447 2472 4511; x_wconf 87' lang='lat' dir='ltr'><strong>scilicet,</strong></span> <span class='ocrx_word' id='word_1_791' title='bbox 2500 4446 2697 4513; x_wconf 91' lang='lat' dir='ltr'><strong>abdita,</strong></span> <span class='ocrx_word' id='word_1_792' title='bbox 2726 4456 2919 4518; x_wconf 62' lang='lat' dir='ltr'><strong>petrae,</strong></span> <span class='ocrx_word' id='word_1_793' title='bbox 2950 4458 3135 4512; x_wconf 89' lang='lat' dir='ltr'><strong>antra,</strong></span> <span class='ocrx_word' id='word_1_794' title='bbox 3168 4458 3224 4503; x_wconf 92' lang='lat' dir='ltr'><strong>et</strong></span> <span class='ocrx_word' id='word_1_795' title='bbox 3248 4450 3509 4505; x_wconf 58' lang='lat' dir='ltr'><strong>cisternas.</strong></span> <span class='ocrx_word' id='word_1_796' title='bbox 3540 4449 3811 4517; x_wconf 78' lang='lat' dir='ltr'><strong>Spelunca:</strong></span> 
     </span>
    </p>
   </div>
   <div class='ocr_carea' id='block_1_106' title="bbox 2247 4538 3811 4613">
    <p class='ocr_par' dir='ltr' id='par_1_106' title="bbox 2247 4538 3811 4613">
     <span class='ocr_line' id='line_1_106' title="bbox 2247 4538 3811 4613; baseline -0.001 -21"><span class='ocrx_word' id='word_1_797' title='bbox 2247 4555 2378 4593; x_wconf 89' lang='lat' dir='ltr'><strong>vero</strong></span> <span class='ocrx_word' id='word_1_798' title='bbox 2402 4538 2659 4613; x_wconf 87' lang='lat' dir='ltr'><strong>montium</strong></span> <span class='ocrx_word' id='word_1_799' title='bbox 2690 4540 2901 4594; x_wconf 90' lang='lat' dir='ltr'><strong>occulta</strong></span> <span class='ocrx_word' id='word_1_800' title='bbox 2928 4548 3081 4594; x_wconf 92' lang='lat' dir='ltr'><strong>sunt:</strong></span> <span class='ocrx_word' id='word_1_801' title='bbox 3114 4541 3237 4608; x_wconf 89' lang='lat' dir='ltr'><strong>quia</strong></span> <span class='ocrx_word' id='word_1_802' title='bbox 3264 4556 3391 4595; x_wconf 86' lang='lat' dir='ltr'><strong>vero</strong></span> <span class='ocrx_word' id='word_1_803' title='bbox 3411 4542 3518 4594; x_wconf 89' lang='lat' dir='ltr'><strong>alta</strong></span> <span class='ocrx_word' id='word_1_804' title='bbox 3540 4541 3591 4594; x_wconf 93' lang='lat' dir='ltr'><strong>iu</strong></span> <span class='ocrx_word' id='word_1_805' title='bbox 3616 4539 3811 4593; x_wconf 56' lang='lat' dir='ltr'><strong>caelesti</strong></span> 
     </span>
    </p>
   </div>
   <div class='ocr_carea' id='block_1_107' title="bbox 2246 4626 3812 4697">
    <p class='ocr_par' dir='ltr' id='par_1_107' title="bbox 2246 4626 3812 4697">
     <span class='ocr_line' id='line_1_107' title="bbox 2246 4626 3812 4697; baseline -0.003 -15"><span class='ocrx_word' id='word_1_806' title='bbox 2246 4626 2515 4682; x_wconf 84' lang='lat' dir='ltr'><strong>desiderio</strong></span> <span class='ocrx_word' id='word_1_807' title='bbox 2543 4637 2666 4683; x_wconf 86' lang='lat' dir='ltr'><strong>sunt</strong></span> <span class='ocrx_word' id='word_1_808' title='bbox 2695 4629 2855 4683; x_wconf 88' lang='lat' dir='ltr'><strong>corda</strong></span> <span class='ocrx_word' id='word_1_809' title='bbox 2886 4638 3192 4684; x_wconf 89' lang='lat' dir='ltr'><strong>sanctorum</strong></span> <span class='ocrx_word' id='word_1_810' title='bbox 3210 4669 3224 4694; x_wconf 95' lang='lat'><strong>,</strong></span> <span class='ocrx_word' id='word_1_811' title='bbox 3252 4637 3306 4684; x_wconf 89' lang='lat' dir='ltr'><strong>et</strong></span> <span class='ocrx_word' id='word_1_812' title='bbox 3343 4628 3585 4696; x_wconf 87' lang='lat' dir='ltr'><strong>malignis</strong></span> <span class='ocrx_word' id='word_1_813' title='bbox 3621 4627 3812 4697; x_wconf 89' lang='lat' dir='ltr'><strong>spiriti-</strong></span> 
     </span>
    </p>
   </div>
   <div class='ocr_carea' id='block_1_108' title="bbox 2248 4714 3815 4785">
    <p class='ocr_par' dir='ltr' id='par_1_108' title="bbox 2248 4714 3815 4785">
     <span class='ocr_line' id='line_1_108' title="bbox 2248 4714 3815 4785; baseline 0.001 -16"><span class='ocrx_word' id='word_1_814' title='bbox 2248 4714 2347 4771; x_wconf 87' lang='lat' dir='ltr'><strong>bus</strong></span> <span class='ocrx_word' id='word_1_815' title='bbox 2374 4715 2554 4771; x_wconf 87' lang='lat' dir='ltr'><strong>clausa</strong></span> <span class='ocrx_word' id='word_1_816' title='bbox 2580 4725 2635 4769; x_wconf 90' lang='lat' dir='ltr'><strong>et</strong></span> <span class='ocrx_word' id='word_1_817' title='bbox 2660 4715 3044 4773; x_wconf 83' lang='lat' dir='ltr'><strong>inaccessibilia</strong></span> <span class='ocrx_word' id='word_1_818' title='bbox 3068 4726 3211 4771; x_wconf 90' lang='lat' dir='ltr'><strong>sunt.</strong></span> <span class='ocrx_word' id='word_1_819' title='bbox 3250 4716 3545 4785; x_wconf 84' lang='lat' dir='ltr'><strong>Speluncas</strong></span> <span class='ocrx_word' id='word_1_820' title='bbox 3575 4730 3706 4784; x_wconf 84' lang='lat' dir='ltr'><strong>ergo</strong></span> <span class='ocrx_word' id='word_1_821' title='bbox 3737 4718 3815 4771; x_wconf 91' lang='lat' dir='ltr'><strong>in-</strong></span> 
     </span>
    </p>
   </div>
   <div class='ocr_carea' id='block_1_109' title="bbox 2247 4807 3813 4877">
    <p class='ocr_par' dir='ltr' id='par_1_109' title="bbox 2247 4807 3813 4877">
     <span class='ocr_line' id='line_1_109' title="bbox 2247 4807 3813 4877; baseline 0 -16"><span class='ocrx_word' id='word_1_822' title='bbox 2247 4807 2524 4875; x_wconf 63' lang='lat' dir='ltr'><strong>gredimur</strong></span> <span class='ocrx_word' id='word_1_823' title='bbox 2545 4849 2560 4873; x_wconf 90' lang='lat'><strong>,</strong></span> <span class='ocrx_word' id='word_1_824' title='bbox 2589 4808 2805 4877; x_wconf 83' lang='lat' dir='ltr'><strong>quando</strong></span> <span class='ocrx_word' id='word_1_825' title='bbox 2833 4808 2898 4862; x_wconf 90' lang='lat' dir='ltr'><strong>ad</strong></span> <span class='ocrx_word' id='word_1_826' title='bbox 2939 4809 3198 4862; x_wconf 89' lang='lat' dir='ltr'><strong>mentium</strong></span> <span class='ocrx_word' id='word_1_827' title='bbox 3227 4824 3428 4865; x_wconf 63' lang='lat' dir='ltr'><strong>secreta</strong></span> <span class='ocrx_word' id='word_1_828' title='bbox 3458 4810 3813 4873; x_wconf 85' lang='lat' dir='ltr'><strong>recurrimus,</strong></span> 
     </span>
    </p>
   </div>
   <div class='ocr_carea' id='block_1_110' title="bbox 2251 4898 3814 4967">
    <p class='ocr_par' dir='ltr' id='par_1_110' title="bbox 2251 4898 3814 4967">
     <span class='ocr_line' id='line_1_110' title="bbox 2251 4898 3814 4967; baseline 0.001 -18"><span class='ocrx_word' id='word_1_829' title='bbox 2251 4912 2320 4950; x_wconf 88' lang='lat' dir='ltr'><strong>ne</strong></span> <span class='ocrx_word' id='word_1_830' title='bbox 2353 4899 2667 4965; x_wconf 87' lang='lat' dir='ltr'><strong>vagantibus</strong></span> <span class='ocrx_word' id='word_1_831' title='bbox 2695 4898 2863 4953; x_wconf 89' lang='lat' dir='ltr'><strong>oculis</strong></span> <span class='ocrx_word' id='word_1_832' title='bbox 2899 4899 3030 4953; x_wconf 89' lang='lat' dir='ltr'><strong>loris</strong></span> <span class='ocrx_word' id='word_1_833' title='bbox 3058 4900 3484 4967; x_wconf 87' lang='lat' dir='ltr'><strong>concupiscenda</strong></span> <span class='ocrx_word' id='word_1_834' title='bbox 3525 4899 3814 4953; x_wconf 85' lang='lat' dir='ltr'><strong>videamus.</strong></span> 
     </span>
    </p>
   </div>
   <div class='ocr_carea' id='block_1_111' title="bbox 2248 4987 3813 5058">
    <p class='ocr_par' dir='ltr' id='par_1_111' title="bbox 2248 4987 3813 5058">
     <span class='ocr_line' id='line_1_111' title="bbox 2248 4987 3813 5058; baseline -0.001 -16"><span class='ocrx_word' id='word_1_835' title='bbox 2248 4987 2303 5042; x_wconf 91' lang='lat' dir='ltr'><strong>ln</strong></span> <span class='ocrx_word' id='word_1_836' title='bbox 2333 4989 2527 5043; x_wconf 88' lang='lat' dir='ltr'><strong>abditis</strong></span> <span class='ocrx_word' id='word_1_837' title='bbox 2555 4989 2930 5044; x_wconf 88' lang='lat' dir='ltr'><strong>abscondinmr</strong></span> <span class='ocrx_word' id='word_1_838' title='bbox 2953 5031 2970 5057; x_wconf 93' lang='lat'><strong>,</strong></span> <span class='ocrx_word' id='word_1_839' title='bbox 3009 4990 3225 5058; x_wconf 88' lang='lat' dir='ltr'><strong>quando</strong></span> <span class='ocrx_word' id='word_1_840' title='bbox 3264 4988 3430 5043; x_wconf 89' lang='lat' dir='ltr'><strong>clausi</strong></span> <span class='ocrx_word' id='word_1_841' title='bbox 3460 4990 3570 5045; x_wconf 86' lang='lat' dir='ltr'><strong>oris</strong></span> <span class='ocrx_word' id='word_1_842' title='bbox 3604 4989 3813 5044; x_wconf 86' lang='lat' dir='ltr'><strong>silentia</strong></span> 
     </span>
    </p>
   </div>
   <div class='ocr_carea' id='block_1_112' title="bbox 2245 5079 3815 5149">
    <p class='ocr_par' dir='ltr' id='par_1_112' title="bbox 2245 5079 3815 5149">
     <span class='ocr_line' id='line_1_112' title="bbox 2245 5079 3815 5149; baseline -0.003 -13"><span class='ocrx_word' id='word_1_843' title='bbox 2245 5081 2454 5136; x_wconf 88' lang='lat' dir='ltr'><strong>occulta</strong></span> <span class='ocrx_word' id='word_1_844' title='bbox 2478 5095 2771 5135; x_wconf 87' lang='lat' dir='ltr'><strong>servamus.</strong></span> <span class='ocrx_word' id='word_1_845' title='bbox 2808 5079 2993 5135; x_wconf 87' lang='lat' dir='ltr'><strong>Petras</strong></span> <span class='ocrx_word' id='word_1_846' title='bbox 3024 5080 3379 5143; x_wconf 79' lang='lat' dir='ltr'><strong>ascendimus,</strong></span> <span class='ocrx_word' id='word_1_847' title='bbox 3401 5080 3613 5149; x_wconf 87' lang='lat' dir='ltr'><strong>quando</strong></span> <span class='ocrx_word' id='word_1_848' title='bbox 3640 5088 3815 5133; x_wconf 87' lang='lat' dir='ltr'><strong>aetum</strong></span> 
     </span>
    </p>
   </div>
   <div class='ocr_carea' id='block_1_113' title="bbox 2245 5168 3813 5239">
    <p class='ocr_par' dir='ltr' id='par_1_113' title="bbox 2245 5168 3813 5239">
     <span class='ocr_line' id='line_1_113' title="bbox 2245 5168 3813 5239; baseline -0.003 -14"><span class='ocrx_word' id='word_1_849' title='bbox 2245 5170 2486 5238; x_wconf 77' lang='lat' dir='ltr'><strong>corporis</strong></span> <span class='ocrx_word' id='word_1_850' title='bbox 2508 5170 2559 5223; x_wconf 89' lang='lat' dir='ltr'><strong>in</strong></span> <span class='ocrx_word' id='word_1_851' title='bbox 2586 5173 2804 5225; x_wconf 86' lang='lat' dir='ltr'><strong>robusta</strong></span> <span class='ocrx_word' id='word_1_852' title='bbox 2833 5170 3146 5239; x_wconf 59' lang='lat' dir='ltr'><strong>operatione</strong></span> <span class='ocrx_word' id='word_1_853' title='bbox 3174 5169 3435 5224; x_wconf 87' lang='lat' dir='ltr'><strong>locamus.</strong></span> <span class='ocrx_word' id='word_1_854' title='bbox 3492 5168 3640 5224; x_wconf 89' lang='lat' dir='ltr'><strong>Unde</strong></span> <span class='ocrx_word' id='word_1_855' title='bbox 3669 5179 3726 5224; x_wconf 89' lang='lat' dir='ltr'><strong>et</strong></span> <span class='ocrx_word' id='word_1_856' title='bbox 3750 5168 3813 5221; x_wconf 80' lang='lat' dir='ltr'><strong>de</strong></span> 
     </span>
    </p>
   </div>
   <div class='ocr_carea' id='block_1_114' title="bbox 2246 5259 3813 5331">
    <p class='ocr_par' dir='ltr' id='par_1_114' title="bbox 2246 5259 3813 5331">
     <span class='ocr_line' id='line_1_114' title="bbox 2246 5259 3813 5331; baseline -0.001 -18"><span class='ocrx_word' id='word_1_857' title='bbox 2246 5260 2328 5313; x_wconf 90' lang='lat' dir='ltr'><strong>his</strong></span> <span class='ocrx_word' id='word_1_858' title='bbox 2354 5260 2679 5316; x_wconf 80' lang='lat' dir='ltr'><strong>abscOnditis</strong></span> <span class='ocrx_word' id='word_1_859' title='bbox 2717 5276 2816 5329; x_wconf 90' lang='lat' dir='ltr'><strong>per</strong></span> <span class='ocrx_word' id='word_1_860' title='bbox 2844 5260 3158 5331; x_wconf 81' lang='lat' dir='ltr'><strong>pmphetam</strong></span> <span class='ocrx_word' id='word_1_861' title='bbox 3190 5259 3388 5314; x_wconf 89' lang='lat' dir='ltr'><strong>dicitur</strong></span> <span class='ocrx_word' id='word_1_862' title='bbox 3415 5261 3514 5315; x_wconf 90' lang='lat' dir='ltr'><strong>sub</strong></span> <span class='ocrx_word' id='word_1_863' title='bbox 3543 5260 3699 5315; x_wconf 88' lang='lat' dir='ltr'><strong>unius</strong></span> <span class='ocrx_word' id='word_1_864' title='bbox 3732 5273 3813 5313; x_wconf 84' lang='lat' dir='ltr'><strong>as-</strong></span> 
     </span>
    </p>
   </div>
   <div class='ocr_carea' id='block_1_115' title="bbox 2249 5338 3808 5418">
    <p class='ocr_par' dir='ltr' id='par_1_115' title="bbox 2249 5338 3808 5418">
     <span class='ocr_line' id='line_1_115' title="bbox 2249 5338 3808 5418; baseline -0.002 -15"><span class='ocrx_word' id='word_1_865' title='bbox 2249 5349 2546 5418; x_wconf 85' lang='lat' dir='ltr'><strong>signatione</strong></span> <span class='ocrx_word' id='word_1_866' title='bbox 2571 5369 2584 5403; x_wconf 91' lang='lat'><strong>:</strong></span> <span class='ocrx_word' id='word_1_867' title='bbox 2611 5350 2708 5414; x_wconf 84' lang='lat' dir='ltr'><strong>Qui</strong></span> <span class='ocrx_word' id='word_1_868' title='bbox 2739 5352 2931 5405; x_wconf 79' lang='lat' dir='ltr'><strong>claudit</strong></span> <span class='ocrx_word' id='word_1_869' title='bbox 2957 5338 3129 5406; x_wconf 76' lang='lat' dir='ltr'><strong>oculus</strong></span> <span class='ocrx_word' id='word_1_870' title='bbox 3153 5368 3299 5411; x_wconf 87' lang='lat' dir='ltr'><strong>suos.</strong></span> <span class='ocrx_word' id='word_1_871' title='bbox 3324 5367 3389 5405; x_wconf 89' lang='lat' dir='ltr'><strong>ne</strong></span> <span class='ocrx_word' id='word_1_872' title='bbox 3409 5351 3576 5405; x_wconf 78' lang='lat' dir='ltr'><strong>videat</strong></span> <span class='ocrx_word' id='word_1_873' title='bbox 3602 5349 3808 5411; x_wconf 80' lang='lat' dir='ltr'><strong>malum,</strong></span> 
     </span>
    </p>
   </div>
   <div class='ocr_carea' id='block_1_116' title="bbox 2246 5438 3811 5511">
    <p class='ocr_par' dir='ltr' id='par_1_116' title="bbox 2246 5438 3811 5511">
     <span class='ocr_line' id='line_1_116' title="bbox 2246 5438 3811 5511; baseline -0.003 -19"><span class='ocrx_word' id='word_1_874' title='bbox 2246 5450 2295 5492; x_wconf 90' lang='lat' dir='ltr'><strong>et</strong></span> <span class='ocrx_word' id='word_1_875' title='bbox 2322 5440 2524 5494; x_wconf 88' lang='lat' dir='ltr'><strong>obturat</strong></span> <span class='ocrx_word' id='word_1_876' title='bbox 2556 5457 2706 5493; x_wconf 76' lang='lat' dir='ltr'><strong>eum</strong></span> <span class='ocrx_word' id='word_1_877' title='bbox 2729 5457 2849 5493; x_wconf 80' lang='lat' dir='ltr'><strong>suos</strong></span> <span class='ocrx_word' id='word_1_878' title='bbox 2865 5482 2877 5504; x_wconf 93' lang='lat'><strong>,</strong></span> <span class='ocrx_word' id='word_1_879' title='bbox 2901 5457 2967 5495; x_wconf 86' lang='lat' dir='ltr'><strong>ne</strong></span> <span class='ocrx_word' id='word_1_880' title='bbox 2992 5442 3169 5495; x_wconf 77' lang='lat' dir='ltr'><strong>andist</strong></span> <span class='ocrx_word' id='word_1_881' title='bbox 3192 5441 3493 5511; x_wconf 81' lang='lat' dir='ltr'><strong>sanguinem</strong></span> <span class='ocrx_word' id='word_1_882' title='bbox 3509 5480 3522 5503; x_wconf 94' lang='lat'><strong>,</strong></span> <span class='ocrx_word' id='word_1_883' title='bbox 3550 5449 3598 5493; x_wconf 77' lang='lat' dir='ltr'><strong>st</strong></span> <span class='ocrx_word' id='word_1_884' title='bbox 3622 5438 3811 5491; x_wconf 78' lang='lat' dir='ltr'><strong>excutit</strong></span> 
     </span>
    </p>
   </div>
   <div class='ocr_carea' id='block_1_117' title="bbox 2246 5529 3812 5617">
    <p class='ocr_par' dir='ltr' id='par_1_117' title="bbox 2246 5529 3812 5617">
     <span class='ocr_line' id='line_1_117' title="bbox 2246 5529 3812 5617; baseline -0.004 -31"><span class='ocrx_word' id='word_1_885' title='bbox 2246 5548 2428 5586; x_wconf 78' lang='lat' dir='ltr'><strong>manus</strong></span> <span class='ocrx_word' id='word_1_886' title='bbox 2453 5533 2517 5587; x_wconf 83' lang='lat' dir='ltr'><strong>ab</strong></span> <span class='ocrx_word' id='word_1_887' title='bbox 2554 5533 2692 5586; x_wconf 89' lang='lat' dir='ltr'><strong>omni</strong></span> <span class='ocrx_word' id='word_1_888' title='bbox 2729 5547 2973 5586; x_wconf 76' lang='lat' dir='ltr'><strong>uulnere:</strong></span> <span class='ocrx_word' id='word_1_889' title='bbox 2997 5532 3048 5586; x_wconf 86' lang='lat' dir='ltr'><strong>in</strong></span> <span class='ocrx_word' id='word_1_890' title='bbox 3088 5532 3305 5589; x_wconf 74' lang='lat' dir='ltr'><strong>excelsis</strong></span> <span class='ocrx_word' id='word_1_891' title='bbox 3332 5531 3611 5603; x_wconf 75' lang='lat' dir='ltr'><strong>habitabit,</strong></span> <span class='ocrx_word' id='word_1_892' title='bbox 3639 5529 3812 5617; x_wconf 46' lang='lat' dir='ltr'><strong>muni-</strong></span> 
     </span>
    </p>
   </div>
  </div>
