3962 6266
170 248 274 304 5ῑὸ

167 367 326 410 menta
354 359 521 428 286
547 376 792 418 sacrorum
813 366 1099 423 sublimitas
1116 372 1224 442 ejus
1256 374 1389 443 (lsa.
1408 394 1594 442 xxxnt,
1618 377 1728 449 15).

165 448 318 498 Antra
347 454 402 499 et
431 448 691 504 cisternas
729 453 1021 521 intramus,
1054 462 1267 528 quando
1306 472 1359 517 et
1387 464 1637 523 olfactum
1664 448 1730 523 ab

163 535 596 593 obsccenitatibus
625 543 839 612 mundi,
867 554 921 598 et
942 562 1101 603 aures
1128 551 1195 604 ab
1223 554 1414 609 audien
1437 556 1499 610 'is
1527 559 1731 613 vanilo-

160 626 289 694 quiis
309 628 657 685 custodimus.
687 633 944 688 Cisternze
976 653 1206 708 namque
1236 659 1489 713 aquarum
1514 656 1728 704 sancta-

159 731 266 767 rum
294 714 688 792 Scripturarum
718 724 876 778 verba
902 736 1045 781 sunt.
1077 728 1133 782 In
1166 731 1411 789 cisternis
1446 750 1573 804 ergo
1600 740 1722 795 abs-

158 806 464 869 condimur,
516 810 730 876 quando
767 813 833 867 ad
874 817 1011 871 sacri
1060 819 1256 890 eloquii
1298 838 1464 893 aquas
1493 826 1725 896 ingredi-

156 911 284 959 mur,
310 904 367 948 ut
393 911 489 963 per
514 899 720 953 aurium
746 902 978 958 ofﬁcium
1006 910 1259 964 mentium
1291 922 1440 982 prata
1464 916 1716 981 rigemus.

157 983 291 1039 Bene
319 994 497 1039 autem
536 988 587 1041 in
624 990 918 1047 electorum
952 1004 1078 1065 typo
1106 998 1317 1055 lsraelis
1357 1003 1575 1060 latibula
1605 1025 1720 1064 me-

152 1085 419 1130 morantur
456 1096 470 1129 :
502 1081 628 1147 quia
675 1084 764 1151 qui
814 1099 1004 1142 sensus
1051 1092 1293 1159 corporis
1330 1109 1359 1146 a
1400 1094 1716 1154 delectatio-

149 1180 265 1217 num
293 1167 588 1222 carnalium
619 1170 1021 1240 inquinamento
1053 1194 1157 1231 non
1193 1184 1450 1251 protegit,
1475 1189 1714 1243 occulto-

147 1273 255 1318 rum
286 1256 519 1312 hostium
541 1262 773 1329 g'adium
797 1281 903 1319 non
935 1269 1129 1323 evadit.
1162 1272 1311 1327 Dicat
1338 1291 1465 1346 ergo
1493 1282 1712 1337 occulta:

146 1347 276 1400 illius
303 1352 697 1417 congressionis
724 1355 1018 1425 victoriam,
1042 1360 1187 1415 dicat
1213 1381 1225 1415 :
1254 1365 1492 1435 Afﬂiclus
1518 1380 1596 1423 est
1617 1389 1711 1440 po-

143 1439 301 1499 pulus.
335 1438 489 1494 Dicat
530 1452 714 1511 aperte
743 1446 939 1515 objecti
978 1460 1128 1506 extra
1169 1458 1475 1513 certaminis
1518 1438 1706 1516 trium-

142 1530 265 1598 phos
293 1546 307 1581 :
342 1532 734 1588 Absconderunt
764 1554 836 1590 se.
862 1538 1094 1595 Afﬂictio
1122 1546 1319 1624 quippe
1350 1550 1534 1605 electa:
1564 1568 1705 1610 men-

140 1618 217 1680 tis,
243 1620 420 1675 omnis
447 1622 725 1678 diabolica:
762 1629 1076 1686 tentationis
1097 1618 1488 1708 peremptorius
1515 1658 1703 1700 mucro

137 1720 227 1764 est.
274 1711 409 1766 Nam
459 1713 584 1769 dum
634 1716 896 1786 profunde
943 1728 1354 1795 compnngitur,
1389 1731 1441 1784 in
1481 1737 1699 1803 superni
1737 1748 1776 1805 Β

134 1798 295 1864 gaudii
318 1815 560 1855 amorem
596 1805 934 1872 sublevatur;
974 1818 1028 1863 et
1057 1819 1207 1869 tanto
1244 1815 1355 1883 jam
1386 1798 1579 1876 fortius
1601 1825 1697 1877 ob-

136 1888 228 1940 lata
256 1891 438 1943 mundi
470 1892 863 1950 oblectamenta
894 1900 1131 1968 respuit,
1162 1915 1365 1972 quanto
1397 1906 1506 1976 jatn
1535 1913 1701 1968 caele-

135 1977 221 2030 stia
246 1974 539 2035 ferventius
577 1982 762 2051 diligit,
790 1987 855 2039 al
883 2004 1000 2057 qua:
1028 1989 1203 2048 ﬂendo
1230 1974 1562 2056 conscendi'.
1593 2004 1699 2059 Do-

133 2076 236 2119 ctor
258 2083 492 2136 namque
522 2074 767 2140 egregius
792 2075 919 2130 dicit
950 2096 962 2130 :
991 2078 1092 2133 Per
1125 2084 1316 2140 multas
1344 2089 1697 2149 tribulatione:

133 2166 311 2224 Oportet
367 2176 463 2213 nos
507 2163 721 2217 introire
774 2167 827 2218 in
874 2184 1087 2239 regnum
1130 2171 1224 2227 Dii
1274 2176 1412 2245 (Act.
1446 2195 1551 2245 ειν,
1580 2180 1693 2251 2|).

131 2247 218 2312 Qui
245 2256 393 2302 certe
423 2253 575 2319 regni
604 2255 841 2311 cmlestis
862 2257 1111 2315 introitus
1131 2262 1209 2319 sic
1236 2276 1482 2333 speratur
1505 2271 1554 2323 in
1592 2247 1697 2328 ﬁne

131 2346 452 2409 temporum,
478 2350 537 2395 ut
582 2344 637 2399 in
677 2348 985 2414 quotidiana
1024 2361 1334 2410 sanctorum
1365 2359 1470 2414 vita
1498 2365 1697 2418 sentia-

132 2436 220 2479 tur.
260 2425 563 2486 Tribulatio
595 2433 754 2501 igitur
783 2447 963 2492 nostra
989 2445 1204 2512 superni
1239 2448 1415 2514 gaudii
1445 2450 1694 2508 introitus

132 2526 221 2570 est.
253 2508 447 2574 Merito
490 2536 620 2590 ergo
656 2526 869 2592 quoties
897 2530 1067 2585 electa
1098 2550 1249 2589 mens
1295 2537 1348 2592 in
1388 2538 1693 2598 afﬁictionis

131 2621 226 2659 s-te
246 2606 488 2662 lamento
515 2616 922 2683 compungitur,
951 2635 1010 2673 se
1041 2622 1268 2679 tribulan
1292 2627 1375 2692 lo,
1407 2630 1511 2685 hoc
1548 2633 1684 2687 obti-

128 2704 237 2761 net,
278 2707 332 2751 ut
388 2700 553 2755 intret
608 2704 660 2756 in
712 2710 1219 2781 contemplationem
1278 2718 1422 2773 illius
1474 2725 1689 2792 superni

128 2802 159 2839 r
180 2789 274 2854 gni.
306 2789 357 2843 in
399 2807 509 2861 quo
536 2793 878 2853 ineﬁ’abiliter
904 2804 1218 2869 gratuletur.
1270 2807 1337 2862 Et
1365 2810 1491 2865 dum
1519 2789 1688 2870 sancti

129 2877 211 2928 viri
235 2888 505 2936 amatores
551 2884 731 2939 mundi
764 2887 814 2940 in
858 2887 990 2945 ﬂore
1030 2898 1353 2951 transeuntis
1387 2898 1582 2956 lattitize
1610 2905 1690 2958 vi-

131 2963 241 3019 dere
265 2968 558 3039 refugiunt,
586 2974 710 3028 dum
740 2992 1030 3047 corporeos
1051 2997 1239 3040 sensus
1260 3002 1386 3043 suos
1412 2990 1478 3044 ab
1501 3006 1686 3048 eorum

128 3055 406 3116 imitatione
438 3065 795 3137 abscondunt,
825 3085 1032 3139 eorum,
1060 3091 1177 3145 quae
1202 3080 1438 3135 cernitur
1466 3099 1571 3138 non
1601 3094 1682 3139 est
1712 3100 1756 3161 (ζ

124 3146 248 3213 luga,
277 3151 369 3203 sed
399 3153 639 3219 gloriosa
685 3158 932 3215 victoria.
982 3164 1144 3219 Actus
1182 3168 1393 3235 quidem
1438 3181 1680 3230 terrenos

124 3235 327 3304 fugiunt,
346 3241 439 3295 sed
464 3245 714 3301 caelestes
736 3262 1123 3320 assequuntur;
1154 3259 1351 3312 mundo
1366 3259 1679 3319 delitescere

125 3328 379 3397 videmur,
412 3334 509 3387 sed
551 3337 756 3392 cmlesti
801 3340 985 3406 gloria:
1031 3346 1355 3403 revelantur.
1402 3350 1677 3419 Fugicndo

124 3419 264 3485 igitur
308 3424 502 3489 noxia,
555 3429 735 3484 hostes
788 3447 916 3487 suos
960 3435 1182 3491 validius
1212 3440 1594 3513 insequuntur,
1624 3456 1677 3501 et

121 3508 255 3563 valde
290 3513 523 3571 ntibilius
546 3518 903 3590 triumphant,
929 3541 1049 3579 cum
1080 3528 1155 3587 sic
1183 3531 1248 3583 ad
1279 3508 1516 3588 caelestia
1544 3508 1674 3605 pro-

119 3609 307 3664 perant,
338 3610 396 3656 ut
422 3619 519 3660 eos
553 3608 980 3668 adversariorum
1008 3624 1035 3652 ἰ
1072 3618 1273 3686 polluta
1313 3623 1517 3678 saevitia
1565 3641 1671 3681 non

116 3690 421 3759 contingant.
450 3695 491 3749 S
508 3699 705 3766 'quitur
737 3720 751 3756 :

177 3781 336 3853 (Vers.
383 3785 467 3858 7.)
517 3788 725 3847 ΙΙεὸνωί
770 3806 936 3852 autem
989 3801 1239 3855 transiere
1275 3802 1558 3864 Jordon-m
1602 3809 1673 3867 ad

116 3879 279 3925 terram
307 3870 443 3943 Gud,
472 3889 523 3932 et
553 3880 773 3939 Galaad.

174 3970 250 4023 l5.
288 3972 402 4029 lloc
434 3976 679 4045 profecto
700 3980 743 4033 si
778 3981 924 4048 prius
946 3985 1100 4055 juxta
1142 3990 1379 4049 litteram
1410 3996 1548 4050 scire
1570 4012 1668 4049 vo-

114 4058 296 4129 lumus,
330 4065 541 4122 llehrtei
568 4070 653 4124 isti
679 4080 734 4125 et
762 4073 952 4133 timore
981 4083 1282 4151 perterriti,
1309 4093 1363 4139 et
1393 4087 1457 4142 ad
1488 4089 1669 4142 hostes

112 4165 217 4206 suos
242 4154 550 4226 confugisse
578 4162 901 4219 sentiuntur.
946 4169 1077 4223 Nam
1109 4188 1216 4228 non
1247 4175 1415 4231 multo
1455 4186 1578 4247 post
1614 4179 1666 4232 in

113 4252 267 4310 aperta
297 4245 545 4302 Jonathze
572 4252 799 4309 victoria
839 4259 1090 4315 scribitur
1122 4280 1133 4315 :
1169 4262 1407 4332 Hebrmi,
1438 4245 1525 4336 qui
1554 4270 1666 4336 fne-

113 4344 208 4387 rant
253 4355 365 4391 cum
415 4339 701 4397 Pliilistiim
751 4346 863 4400 lteri
902 4358 950 4401 et
1000 4352 1369 4408 nudiustertius
1413 4357 1661 4411 ascende-

112 4433 294 4496 runtque
318 4445 436 4482 cum
463 4432 537 4484 eis
572 4432 624 4485 in
653 4444 825 4489 castra
847 4479 862 4503 ,
902 4442 1089 4495 reuersi
1126 4453 1244 4496 sunt
1270 4453 1325 4497 ut
1352 4455 1519 4500 essent
1548 4465 1660 4501 cum

113 4509 269 4583 Israel,
298 4519 387 4585 qui
415 4536 565 4575 erant
592 4539 705 4575 cum
726 4524 859 4579 Saul
871 4536 920 4580 et
934 4528 1162 4584 Jonatha
1195 4531 1249 4603 (Ι
1274 4534 1397 4603 Reg.
1423 4537 1659 4609 xw,2l).

112 4597 220 4663 Quid
239 4620 364 4659 vero
391 4607 444 4660 in
486 4608 592 4663 hoc
620 4610 760 4666 facto
788 4613 1060 4682 signatur,
1095 4597 1209 4673 nisi
1237 4597 1380 4692 quod
1424 4597 1663 4692 quotidie

112 4687 150 4738 in
172 4704 342 4747 sancta
380 4694 623 4751 Ecclesia
661 4700 773 4754 ﬁeri
806 4706 1104 4768 cemimus,
1138 4709 1398 4765 bonorum
1430 4729 1548 4768 esse
1581 4724 1663 4767 tu-

110 4784 197 4832 tam
216 4791 265 4835 et
288 4786 655 4841 cautissimam
696 4792 860 4846 vitam
882 4835 897 4860 ,
930 4798 1305 4864 negligentium
1337 4802 1659 4872 prmeipitem

110 4867 464 4937 impatientiam
483 4879 505 4930 2
531 4877 731 4934 Inﬁrmi
756 4884 968 4950 quidem
992 4895 1048 4940 et
1067 4889 1296 4943 audaces
1318 4901 1441 4946 sunt
1462 4896 1659 4953 curiosi

111 4956 159 5007 nl
200 4963 428 5020 actiones
464 4968 680 5033 szeculi;
719 4970 922 5027 debiles
967 4976 1033 5029 ad
1075 4978 1410 5035 tolerandum
1458 4985 1655 5041 bellum

113 5051 412 5107 tentationis.
441 5055 505 5109 Et
530 5058 576 5111 si
604 5058 655 5111 in
683 5060 765 5114 his
794 5071 973 5118 nostra
1004 5064 1316 5123 d'scutimus
1339 5112 1355 5137 ,
1386 5072 1440 5125 in
1470 5089 1657 5130 mona-

109 5140 255 5195 steriis
280 5144 523 5215 plerique
569 5151 702 5203 tales
742 5152 1102 5211 invenittntur.
1142 5156 1286 5211 Intra
1324 5169 1512 5229 portus
1538 5164 1656 5233 qui~

108 5224 201 5281 ἀνω
227 5236 505 5301 tranquilla
538 5237 873 5303 inhabitant,
905 5242 997 5297 sed
1042 5247 1213 5313 aperti
1242 5224 1416 5317 pelagi
1443 5224 1655 5319 procel-

112 5313 193 5380 las,
220 5330 271 5374 et
313 5332 695 5395 tempestatum
735 5331 973 5387 turbines
1022 5313 1361 5404 nequaquam
1402 5351 1651 5408 pensant.

114 5402 315 5477 Cumque
341 5412 479 5474 foris
496 5419 651 5486 quasi
680 5420 845 5475 fortes
866 5436 1026 5490 agere
1053 5402 1335 5496 seintagna
1362 5402 1648 5499 assumant,

168 5529 189 5555 ⁸
221 5521 382 5608 Locus
423 5529 709 5608 obscurus.
761 5533 922 5590 Forte
965 5536 1247 5608 legendum
1289 5542 1486 5608 polluta
1531 5544 1653 5597 vitia

116 5600 193 5642 non
215 5597 525 5668 contingant.
563 5599 655 5656 Vel
693 5597 1049 5683 expungendo
1079 5625 1167 5665 eos
1199 5628 1213 5665 :
1239 5597 1650 5669 adversariorum

981 259 1044 314 ΙΝ
1085 262 1342 322 PRIMUM
1378 267 1613 326 REGUM
1652 271 2159 336 EXPOSIHONES.
2198 312 2270 325 --
2307 284 2432 342 LIB.
2474 290 2536 344 ν.

3296 318 3398 371 ὄίϐ

1762 387 1804 441 Α
1837 385 1900 438 ad
1925 391 2233 454 gravissima
2261 400 2613 459 tentationum
2658 408 2835 475 praelia
2867 411 3044 471 faciles
3075 435 3301 489 exeunt;
3334 433 3399 491 ad

1834 474 1996 531 fortes
2020 479 2385 549 adversarios,
2419 474 2762 559 impotentes.
2808 501 3036 561 Ratione
3057 511 3271 577 quidem
3288 474 3398 572 in):

1831 569 2057 634 providi,
2085 573 2280 630 robore
2310 578 2521 648 inﬁrmi,
2545 587 2683 641 sicut
2704 600 2893 647 astutae
2926 569 3237 658 tentationis
3260 601 3409 664 lraul

1828 656 1923 710 des
1955 673 2060 713 non
2089 660 2414 733 intelligunt,
2457 672 2529 725 ita
2569 683 2623 728 et
2664 690 2879 747 apertas
2913 685 3394 754 blandimentorum

1825 743 2101 815 deeipulas
2146 766 2253 806 non
2298 757 2550 814 evadunt.
2597 743 2885 822 Jordanem
2926 787 3053 840 ergo
3096 785 3391 852 transeunt,

1822 835 1946 901 quia
2008 838 2077 891 ad
2126 847 2480 911 perpetranda
2533 855 2708 909 carnis
2763 856 2958 927 flagitia
2989 835 3373 928 iiincurvantur

1820 923 2065 983 Jordanis
2111 932 2355 1000 quidem,
2407 937 2697 999 descensus
2749 923 2934 1005 eorum
2987 955 3371 1028 interpretatur

1819 1010 1918 1077 Qui
1948 1029 2077 1084 ergo
2098 1019 2359 1086 justitiam
2382 1026 2653 1095 deserunt,
2683 1037 2750 1091 ab
2774 1039 2883 1094 alto
2915 1055 3096 1101 monte
3124 1010 3381 1109 i'irtutum

1816 1103 2029 1160 cadunt.
2062 1108 2195 1175 Quia
2235 1128 2362 1183 ergo
2397 1117 2595 1176 inﬁrmi
2632 1127 2830 1197 quique
2874 1131 3104 1190 libenter
3131 1103 3385 1209 appeti—in;

1814 1197 1998 1251 mundi
2026 1198 2388 1261 blandimenta
2410 1224 2528 1277 quae
2549 1226 2807 1282 cernunt,
2832 1220 2883 1274 in
2918 1238 3101 1280 eorum
3134 1197 3260 1300 tvpo
3282 1197 3385 1289 He-

1811 1284 1939 1340 brmi
1988 1303 2097 1345 non
2144 1300 2291 1349 trans
2340 1296 2626 1357 Iordanem
2680 1310 2904 1378 perlati,
2958 1316 3051 1370 sed
3100 1284 3385 1378 Jodr'danetn

1812 1377 2037 1433 transire
2066 1383 2436 1449 perhibentur.
2479 1395 2639 1463 287
2681 1396 2933 1456 Transire
2963 1406 3173 1474 quidem
3204 1412 3376 1466 voleno

1809 1464 1878 1519 tis
1905 1476 2006 1523 est.
2047 1468 2334 1529 Jordanem
2368 1479 2547 1548 itaque
2587 1492 2893 1558 transeunt,
2923 1464 3014 1560 qui
3051 1496 3115 1549 ad
3142 1502 3384 1558 carnaies

1804 1554 2198 1615 delectationes
2221 1564 2516 1629 voluntaria
2552 1572 2832 1630 et'festina
2871 1554 3256 1641 deliberatione
3284 1575 3383 1643 lle;

1805 1651 2040 1700 ctuntur.
2075 1648 2305 1707 Possunt
2333 1664 2510 1711 autem
2546 1660 2767 1732 intelligi
2805 1665 3090 1724 Jordanem
3130 1675 3378 1742 transire,

1803 1734 1892 1801 qui
1916 1736 2127 1791 noviter
2153 1754 2381 1808 peccare
2410 1744 2706 1816 incipiunt,
2738 1755 2831 1806 sed
2875 1756 3098 1811 aliorum
3132 1772 3373 1828 peccato-

1803 1838 1922 1876 rum
1960 1824 2236 1881 hominum
2267 1833 2531 1900 n'quitias
2567 1841 2840 1905 peccando
2865 1853 3106 1901 transcen
3130 1850 3261 1905 lunt.
3292 1852 3376 1909 Ad

1800 1913 2113 1971 descensum
2142 1921 2337 1992 quippe
2355 1929 2878 1999 eorum‘desinendo,
2909 1953 3015 1991 non
3051 1944 3377 2000 transeundo

1800 2006 2155 2075 pertingerenl
2176 2050 2191 2076 ,
2227 2013 2272 2067 si
2305 2015 2424 2070 aliis
2446 2020 2670 2087 mqualia
2702 2024 2841 2078 mala
2872 2026 3139 2094 facerent,
3184 2042 3238 2086 et
3266 2051 3374 2091 non

1800 2109 1863 2148 ea
1910 2097 2152 2152 audendo
2184 2114 2519 2169 superarent.
2566 2107 2633 2161 Et
2670 2112 2793 2178 quia
2838 2113 2891 2166 in
2936 2119 3175 2186 nequiori
3207 2110 3385 2178 etiam

1797 2185 1905 2238 vita
1944 2201 2100 2255 pares
2139 2205 2263 2243 suos
2293 2194 2598 2262 inveniunt,
2641 2200 2779 2254 bene
2819 2202 2884 2255 ad
2918 2213 3112 2260 terram
3160 2207 3273 2263 Gad
3317 2219 3370 2265 et

1796 2275 2027 2342 Galaad,
2060 2288 2203 2335 trans
2230 2281 2518 2339 Jordanem
2544 2292 2825 2356 petvenire
2853 2308 3234 2354 memorantur.
3267 2302 3367 2358 Ve-

1796 2365 1873 2418 lut
1894 2370 2037 2421 enim
2076 2378 2222 2426 trans
2248 2372 2532 2431 Iordanem
2563 2379 2837 2446 habitant,
2868 2386 2957 2454 qui
2987 2402 3084 2454 per
3118 2392 3370 2457 peccandi

1796 2472 1950 2511 nsunt
1979 2460 2130 2516 malis
2152 2462 2364 2530 pejores
2390 2466 2539 2520 ﬁunt.
2571 2469 2650 2525 Ab
2673 2470 2778 2526 hoc
2797 2473 3054 2532 descensu
3078 2480 3245 2548 culpa:
3266 2483 3371 2535 eri-

1792 2558 2263 2617 gere-peccatores
2296 2567 2514 2609 venerat
2555 2558 2679 2627 ille,
2710 2562 2776 2615 de
2804 2577 2912 2630 quo
2949 2568 3202 2635 scriptum
3244 2580 3365 2625 est:

1800 2637 1951 2692 Venit
1989 2641 2042 2694 in
2077 2659 2277 2697 omnem
2305 2647 2563 2716 regionem
2588 2650 2858 2719 Iordanis,
2880 2659 3171 2724 pra'dicans
3198 2661 3369 2733 bapti-

1791 2741 1958 2780 smum
1984 2732 2298 2798 paenitentia:
2316 2736 2368 2789 in
2400 2738 2749 2795 remissionem
2771 2756 3092 2808 peccatorum
3117 2749 3265 2819 (Luc.
3286 2767 3365 2822 ιιι,

1791 2816 1866 2885 ὃ).
1919 2816 2017 2883 Qui
2057 2821 2124 2874 de
2162 2824 2414 2880 omnibus
2450 2828 2619 2897 culpis
2662 2833 2951 2900 pedicare
3002 2816 3365 2905 pmnitentiarn

1789 2916 2031 2971 venerat,
2059 2909 2111 2963 in
2137 2926 2324 2968 omnes
2354 2917 2537 2985 utique
2565 2918 2854 2975 descensus
2883 2925 3126 2992 regiones
3154 2929 3365 2985 venisse

1790 2996 2017 3064 pudica
2028 3008 2127 3054 tur.
2158 3001 2412 3070 Sequitur
2443 3029 2457 3059 ;

1860 3089 2033 3156 (Vers.
2066 3092 2209 3166 7-9.)
2247 3095 2470 3169 Cumque
2497 3102 2663 3156 adhuc
2696 3116 2829 3159 esset
2857 3108 2988 3162 Saul
3014 3111 3067 3163 in
3096 3109 3318 3183 Calgala
3337 3151 3355 3178 ,

1783 3184 2047 3238 universus
2074 3189 2291 3257 populus
2319 3195 2618 3259 perterritus
2643 3207 2747 3264 est,
2783 3201 2867 3267 qui
2894 3201 3192 3270 sequebatur
3223 3220 3357 3260 eum.

1783 3269 2113 3341 Exspectat-it
2137 3287 2307 3332 autem
2343 3291 2535 3351 septem
2575 3285 2751 3340 diebus
2787 3289 2941 3357 juxta
2974 3291 3217 3359 placitum
3256 3293 3362 3348 Sa-

1780 3363 1991 3429 muelis,
2028 3374 2077 3417 et
2115 3382 2219 3421 non
2258 3372 2391 3423 venit
2422 3371 2633 3428 Samuel
2671 3376 2724 3429 in
2754 3375 3000 3446 Galgala,
3029 3379 3360 3453 dilapsusque

1778 3459 1852 3505 est
1881 3454 2102 3521 populus
2128 3455 2193 3508 ab
2213 3475 2290 3511 eo.
2314 3461 2400 3513 Ait
2420 3478 2537 3532 ergo
2560 3462 2691 3518 Saul
2714 3480 2731 3517 :
2756 3466 2945 3534 A/ferte
2965 3468 3087 3521 mihi
3110 3468 3357 3523 holocau-

1776 3549 1911 3595 stum
1939 3553 1989 3597 et
2012 3546 2269 3614 paci/ica:
2298 3557 2346 3601 et
2373 3550 2553 3604 obtulit
2573 3553 2943 3608 holocaustum.

1844 3630 1933 3687 14.
1972 3632 2259 3703 ﬂuensque
2287 3639 2409 3707 quia
2459 3641 2525 3695 de
2576 3641 2731 3704 Saul.
2776 3655 2832 3700 ut
2869 3648 3114 3718 superius
3150 3648 3352 3702 dictum

1773 3732 1885 3789 est.
1916 3725 2090 3787 electo
2113 3738 2165 3787 et
2190 3730 2333 3789 bono
2358 3732 2568 3792 divinus
2594 3755 2771 3795 sermo
2806 3741 3014 3796 locutus
3040 3752 3149 3809 est;
3189 3741 3356 3797 ratio»-

1771 3815 1951 3875 n‘abile
1984 3821 2155 3876 visum
2185 3829 2294 3890 est,
2330 3832 2388 3878 ut
2425 3841 2543 3894 quae
2570 3827 2636 3880 de
2657 3842 2721 3881 eo
2749 3828 3092 3894 dicebantur,
3120 3840 3225 3884 tam
3252 3846 3355 3900 per

1772 3907 2049 3965 historiam
2078 3926 2239 3979 quam
2279 3929 2375 3982 per
2401 3917 2756 3971 moralitatem
2781 3960 2795 3983 ,
2824 3918 2877 3972 in
2918 3919 3110 3973 bonam
3141 3929 3351 3988 partem

1772 3999 2159 4067 acciperemus.
2203 4001 2357 4058 Nunc
2382 4019 2535 4072 vero,
2562 4006 2685 4075 quia
2732 4008 2797 4062 ad
2843 4007 3017 4062 locum
3047 4017 3348 4079 transgres-

1768 4090 1934 4145 sionis
1964 4091 2080 4160 ejus
2119 4096 2457 4162 pervenimus
2480 4138 2496 4165 ,
2526 4098 2777 4155 nimirum
2808 4114 3023 4154 necesse
3061 4109 3173 4165 est,
3205 4110 3261 4157 ut
3292 4103 3349 4157 in

1768 4194 1835 4239 eo
1860 4182 2050 4249 etiam,
2090 4197 2210 4253 qua:
2235 4194 2360 4240 sunt
2383 4186 2616 4255 vitanda,
2643 4190 2934 4246 videamus.
2964 4192 3069 4247 Sed
3099 4192 3224 4261 quid
3255 4210 3349 4247 un.

1766 4283 1928 4337 quam
1978 4273 2268 4329 studiosius
2310 4276 2582 4331 vitandum
2629 4280 2811 4337 electis
2852 4283 3139 4349 omnibus,
3180 4298 3342 4352 quam

1766 4360 2032 4427 superbia:
2055 4370 2110 4416 et
2143 4362 2514 4421 inobedientire
2540 4368 2739 4424 malum
2769 4370 2934 4425 videri
2972 4371 3190 4427 debuit?
3217 4373 3341 4427 Hec

1693 4475 1740 4534 υ
1764 4446 1962 4516 quippe
1989 4450 2145 4518 primi
2174 4453 2349 4521 angeli
2374 4455 2753 4512 sublimitatem
2780 4459 3050 4529 deposuit,
3081 4461 3197 4516 lue
3216 4477 3340 4533 per-

1763 4538 1992 4593 ditorum
2021 4542 2304 4609 spirituum
2350 4545 2574 4613 gloriam
2612 4549 2819 4602 stravit.
2863 4549 2988 4605 Haec
3022 4550 3195 4619 primo
3236 4552 3340 4605 ho-

1762 4631 1891 4685 mini
1930 4631 2234 4687 felicitatem
2278 4635 2525 4702 abstulit;
2576 4638 2689 4692 haec
2730 4640 3053 4707 captivitatis
3095 4640 3338 4696 humana:

1765 4728 2049 4789 perpetuas
2088 4738 2350 4779 arumnas
2390 4725 2608 4780 invexit.
2657 4726 2721 4779 Et
2746 4742 2873 4781 ecce
2912 4728 3084 4798 primo
3122 4730 3333 4799 angelo.

1761 4811 1935 4879 primo
1963 4811 2198 4876 homini,
2241 4812 2398 4868 electi
2430 4814 2611 4883 pepuli
2658 4830 2754 4883 per
2783 4816 3197 4870 inobedientiam
3239 4834 3333 4874 rex

1760 4901 1964 4970 primus
1986 4901 2309 4970 adjungitur,
2340 4913 2390 4955 ut
2418 4904 2542 4957 dum
2573 4918 2764 4971 magna
2803 4914 3085 4975 proruunt,
3115 4908 3334 4961 minium

1762 4989 2055 5058 erigantur.
2105 4990 2248 5046 Bene
2290 4992 2486 5063 quippe
2512 4993 2793 5060 erigimur,
2841 4994 2885 5047 si
2928 5004 2983 5047 et
3011 4994 3221 5047 illorum
3254 4996 3335 5049 la;

1762 5096 1888 5150 psus
1913 5081 2220 5151 aspicimus,
2252 5091 2307 5136 et
2329 5084 2574 5137 vitamus.
2613 5082 2711 5137 Ubi
2740 5098 2867 5152 ergo
2889 5084 3014 5138 Saul
3044 5085 3291 5140 ceciderit
3318 5126 3335 5149 ,

1761 5178 1964 5225 attente
1985 5172 2428 5226 considerandum
2449 5183 2551 5228 θεν.
2581 5172 2836 5244 Superius
2857 5189 3089 5243 namque
3114 5175 3164 5228 ei
3192 5174 3336 5227 dixe-

1759 5267 1845 5312 rat
1890 5259 2103 5315 Samuel
2136 5278 2148 5313 :
2181 5260 2478 5315 Descendas
2523 5273 2643 5318 ante
2685 5281 2765 5318 me
2817 5265 2871 5318 in
2928 5263 3166 5335 Galgala.
3220 5262 3335 5334 Ego

1757 5349 1962 5419 quidem
2006 5350 2309 5403 descendam
2349 5351 2420 5403 ad
2459 5361 2536 5420 te,
2561 5361 2617 5405 ut
2646 5353 2835 5421 offeras
2878 5352 3254 5414 holocaustum,
3283 5357 3327 5401 et

1756 5436 2103 5506 oblationem,
2145 5446 2195 5492 et
2240 5439 2471 5494 immolas
2531 5442 2763 5495 uictimas
2808 5441 3070 5511 paciﬁcus.
3121 5439 3329 5509 Septem

1759 5548 1955 5615 polluta
1980 5567 2033 5609 se
2052 5552 2174 5606 vitia
2197 5568 2299 5607 non
2330 5555 2650 5627 contingant.
