  <div class='ocr_page' id='page_1' title='image "/cluster/home/n/w/nwhite01/storage/ocr_20150623/79/uva.x000827091/183.png"; bbox 0 0 3962 6268; ppageno 0'>
   <div class='ocr_carea' id='block_1_1' title="bbox 567 302 668 360">
    <p class='ocr_par' dir='ltr' id='par_1_1' title="bbox 567 302 668 360">
     <span class='ocr_line' id='line_1_1' title="bbox 567 302 668 360; baseline 0.01 -1"><span class='ocrx_word' id='word_1_1' title='bbox 567 302 668 360; x_wconf 73' lang='lat' dir='ltr'><strong>5i?</strong></span> 
     </span>
    </p>
   </div>
   <div class='ocr_carea' id='block_1_2' title="bbox 1768 288 2621 352">
    <p class='ocr_par' dir='ltr' id='par_1_2' title="bbox 1768 288 2621 352">
     <span class='ocr_line' id='line_1_2' title="bbox 1768 288 2621 352; baseline -0.012 0"><span class='ocrx_word' id='word_1_2' title='bbox 1768 294 2005 352; x_wconf 63' lang='lat' dir='ltr'><strong>SANCTI</strong></span> <span class='ocrx_word' id='word_1_3' title='bbox 2051 290 2372 347; x_wconf 63' lang='lat' dir='ltr'><strong>GliECORlI</strong></span> <span class='ocrx_word' id='word_1_4' title='bbox 2414 290 2506 344; x_wconf 81' lang='lat' dir='ltr'><strong>MA</strong></span> <span class='ocrx_word' id='word_1_5' title='bbox 2559 288 2621 343; x_wconf 82' lang='lat' dir='ltr'><strong>Nl</strong></span> 
     </span>
    </p>
   </div>
   <div class='ocr_carea' id='block_1_3' title="bbox 3704 295 3800 348">
    <p class='ocr_par' dir='ltr' id='par_1_3' title="bbox 3704 295 3800 348">
     <span class='ocr_line' id='line_1_3' title="bbox 3704 295 3800 348; baseline -0.021 0"><span class='ocrx_word' id='word_1_6' title='bbox 3704 295 3800 348; x_wconf 72' lang='grc' dir='ltr'><strong>διε</strong></span> 
     </span>
    </p>
   </div>
   <div class='ocr_carea' id='block_1_4' title="bbox 566 402 3803 484">
    <p class='ocr_par' dir='ltr' id='par_1_4' title="bbox 566 402 3803 484">
     <span class='ocr_line' id='line_1_4' title="bbox 566 402 3803 484; baseline -0.003 -13"><span class='ocrx_word' id='word_1_7' title='bbox 566 418 743 472; x_wconf 69' lang='lat' dir='ltr'><strong>diebus</strong></span> <span class='ocrx_word' id='word_1_8' title='bbox 778 416 1094 484; x_wconf 64' lang='lat' dir='ltr'><strong>exspectabis</strong></span> <span class='ocrx_word' id='word_1_9' title='bbox 1139 432 1235 481; x_wconf 86' lang='lat' dir='ltr'><strong>me,</strong></span> <span class='ocrx_word' id='word_1_10' title='bbox 1270 415 1429 469; x_wconf 89' lang='lat' dir='ltr'><strong>donec</strong></span> <span class='ocrx_word' id='word_1_11' title='bbox 1458 415 1658 468; x_wconf 81' lang='lat' dir='ltr'><strong><em>veniam</em></strong></span> <span class='ocrx_word' id='word_1_12' title='bbox 1687 414 1754 465; x_wconf 83' lang='lat' dir='ltr'><strong>ad</strong></span> <span class='ocrx_word' id='word_1_13' title='bbox 1777 422 1860 465; x_wconf 91' lang='lat' dir='ltr'><strong>te:</strong></span> <span class='ocrx_word' id='word_1_14' title='bbox 1892 420 1940 464; x_wconf 87' lang='lat' dir='ltr'><strong>et</strong></span> <span class='ocrx_word' id='word_1_15' title='bbox 1968 418 2144 464; x_wconf 83' lang='lat' dir='ltr'><strong>osten-</strong></span> <span class='ocrx_word' id='word_1_16' title='bbox 2179 409 2220 466; x_wconf 78' lang='grc' dir='ltr'><strong>Α</strong></span> <span class='ocrx_word' id='word_1_17' title='bbox 2250 405 2345 470; x_wconf 71' lang='lat' dir='ltr'><strong>ris,</strong></span> <span class='ocrx_word' id='word_1_18' title='bbox 2374 420 2479 457; x_wconf 89' lang='lat' dir='ltr'><strong>non</strong></span> <span class='ocrx_word' id='word_1_19' title='bbox 2509 402 2759 457; x_wconf 81' lang='lat' dir='ltr'><strong>attendis.</strong></span> <span class='ocrx_word' id='word_1_20' title='bbox 2793 402 3159 469; x_wconf 81' lang='lat' dir='ltr'><strong>interrogatur</strong></span> <span class='ocrx_word' id='word_1_21' title='bbox 3186 402 3400 469; x_wconf 84' lang='lat' dir='ltr'><strong>quidem</strong></span> <span class='ocrx_word' id='word_1_22' title='bbox 3426 414 3666 471; x_wconf 80' lang='lat' dir='ltr'><strong>peccator</strong></span> <span class='ocrx_word' id='word_1_23' title='bbox 3683 411 3803 476; x_wconf 80' lang='lat' dir='ltr'><strong>quid</strong></span> 
     </span>
    </p>
   </div>
   <div class='ocr_carea' id='block_1_5' title="bbox 568 488 2146 578">
    <p class='ocr_par' dir='ltr' id='par_1_5' title="bbox 568 488 2146 578">
     <span class='ocr_line' id='line_1_5' title="bbox 568 488 2146 578; baseline -0.004 -17"><span class='ocrx_word' id='word_1_24' title='bbox 568 513 687 562; x_wconf 82' lang='lat' dir='ltr'><strong>(lam</strong></span> <span class='ocrx_word' id='word_1_25' title='bbox 719 508 829 572; x_wconf 77' lang='lat' dir='ltr'><strong>ubi,</strong></span> <span class='ocrx_word' id='word_1_26' title='bbox 861 525 973 578; x_wconf 77' lang='lat' dir='ltr'><strong>qua:</strong></span> <span class='ocrx_word' id='word_1_27' title='bbox 1025 510 1189 578; x_wconf 77' lang='lat' dir='ltr'><strong>facias</strong></span> <span class='ocrx_word' id='word_1_28' title='bbox 1238 507 1292 575; x_wconf 84' lang='grc' dir='ltr'>(ι</span> <span class='ocrx_word' id='word_1_29' title='bbox 1322 506 1448 576; x_wconf 82' lang='lat' dir='ltr'><strong>Reg.</strong></span> <span class='ocrx_word' id='word_1_30' title='bbox 1480 522 1536 573; x_wconf 72' lang='grc' dir='ltr'><strong>χ,</strong></span> <span class='ocrx_word' id='word_1_31' title='bbox 1569 505 1682 574; x_wconf 76' lang='lat' dir='ltr'><strong>ea).</strong></span> <span class='ocrx_word' id='word_1_32' title='bbox 1733 488 1936 558; x_wconf 84' lang='lat' dir='ltr'><strong>Idcirco</strong></span> <span class='ocrx_word' id='word_1_33' title='bbox 1985 502 2146 569; x_wconf 84' lang='lat' dir='ltr'><strong>igitur</strong></span> 
     </span>
    </p>
   </div>
   <div class='ocr_carea' id='block_1_6' title="bbox 569 585 2144 667">
    <p class='ocr_par' dir='ltr' id='par_1_6' title="bbox 569 585 2144 667">
     <span class='ocr_line' id='line_1_6' title="bbox 569 585 2144 667; baseline -0.006 -16"><span class='ocrx_word' id='word_1_34' title='bbox 569 615 665 667; x_wconf 60' lang='lat' dir='ltr'><strong>p-‘r</strong></span> <span class='ocrx_word' id='word_1_35' title='bbox 693 598 1108 651; x_wconf 81' lang='lat' dir='ltr'><strong>inobcdientiam</strong></span> <span class='ocrx_word' id='word_1_36' title='bbox 1138 585 1329 651; x_wconf 65' lang='lat' dir='ltr'><strong>cecidit</strong></span> <span class='ocrx_word' id='word_1_37' title='bbox 1352 637 1367 662; x_wconf 89' lang='lat'><strong>,</strong></span> <span class='ocrx_word' id='word_1_38' title='bbox 1395 596 1519 663; x_wconf 86' lang='lat' dir='ltr'><strong>quia</strong></span> <span class='ocrx_word' id='word_1_39' title='bbox 1550 595 1695 661; x_wconf 70' lang='lat' dir='ltr'><strong>intrg</strong></span> <span class='ocrx_word' id='word_1_40' title='bbox 1727 594 1770 648; x_wconf 87' lang='lat' dir='ltr'><strong>is</strong></span> <span class='ocrx_word' id='word_1_41' title='bbox 1798 602 2001 663; x_wconf 75' lang='lat' dir='ltr'><strong>septem</strong></span> <span class='ocrx_word' id='word_1_42' title='bbox 2028 589 2144 643; x_wconf 86' lang='lat' dir='ltr'><strong>die-</strong></span> 
     </span>
    </p>
   </div>
   <div class='ocr_carea' id='block_1_7' title="bbox 567 681 2146 755">
    <p class='ocr_par' dir='ltr' id='par_1_7' title="bbox 567 681 2146 755">
     <span class='ocr_line' id='line_1_7' title="bbox 567 681 2146 755; baseline -0.006 -12"><span class='ocrx_word' id='word_1_43' title='bbox 567 704 687 751; x_wconf 83' lang='lat' dir='ltr'><strong>nus,</strong></span> <span class='ocrx_word' id='word_1_44' title='bbox 721 689 857 743; x_wconf 89' lang='lat' dir='ltr'><strong>sicut</strong></span> <span class='ocrx_word' id='word_1_45' title='bbox 900 688 1082 755; x_wconf 84' lang='lat' dir='ltr'><strong>jussus</strong></span> <span class='ocrx_word' id='word_1_46' title='bbox 1134 685 1220 741; x_wconf 83' lang='lat' dir='ltr'><strong>fue</strong></span> <span class='ocrx_word' id='word_1_47' title='bbox 1252 695 1325 752; x_wconf 88' lang='lat' dir='ltr'><strong>at,</strong></span> <span class='ocrx_word' id='word_1_48' title='bbox 1360 703 1465 739; x_wconf 86' lang='lat' dir='ltr'><strong>non</strong></span> <span class='ocrx_word' id='word_1_49' title='bbox 1509 684 1861 754; x_wconf 71' lang='lat' dir='ltr'><strong>exSpectavit.</strong></span> <span class='ocrx_word' id='word_1_50' title='bbox 1914 681 2045 734; x_wconf 84' lang='lat' dir='ltr'><strong>Nam</strong></span> <span class='ocrx_word' id='word_1_51' title='bbox 2093 681 2146 735; x_wconf 92' lang='lat' dir='ltr'><strong>in</strong></span> 
     </span>
    </p>
   </div>
   <div class='ocr_carea' id='block_1_8' title="bbox 569 778 1561 847">
    <p class='ocr_par' dir='ltr' id='par_1_8' title="bbox 569 778 1561 847">
     <span class='ocr_line' id='line_1_8' title="bbox 569 778 1561 847; baseline -0.005 -14"><span class='ocrx_word' id='word_1_52' title='bbox 569 782 758 834; x_wconf 84' lang='lat' dir='ltr'><strong>eodem</strong></span> <span class='ocrx_word' id='word_1_53' title='bbox 787 781 907 832; x_wconf 86' lang='lat' dir='ltr'><strong>loco</strong></span> <span class='ocrx_word' id='word_1_54' title='bbox 937 790 1159 847; x_wconf 83' lang='lat' dir='ltr'><strong>repente</strong></span> <span class='ocrx_word' id='word_1_55' title='bbox 1189 778 1525 846; x_wconf 74' lang='lat' dir='ltr'><strong>subjungitur</strong></span> <span class='ocrx_word' id='word_1_56' title='bbox 1550 795 1561 828; x_wconf 91' lang='lat'><strong>:</strong></span> 
     </span>
    </p>
   </div>
   <div class='ocr_carea' id='block_1_9' title="bbox 643 886 2151 965">
    <p class='ocr_par' dir='ltr' id='par_1_9' title="bbox 643 886 2151 965">
     <span class='ocr_line' id='line_1_9' title="bbox 643 886 2151 965; baseline -0.007 -19"><span class='ocrx_word' id='word_1_57' title='bbox 643 894 816 965; x_wconf 84' lang='lat' dir='ltr'><strong>(Vers.</strong></span> <span class='ocrx_word' id='word_1_58' title='bbox 872 892 981 956; x_wconf 81' lang='grc'><strong>10.)</strong></span> <span class='ocrx_word' id='word_1_59' title='bbox 1033 890 1255 962; x_wconf 81' lang='lat' dir='ltr'><strong>Cumque</strong></span> <span class='ocrx_word' id='word_1_60' title='bbox 1302 891 1599 960; x_wconf 77' lang='lat' dir='ltr'><strong>complesset</strong></span> <span class='ocrx_word' id='word_1_61' title='bbox 1645 889 1866 957; x_wconf 78' lang='lat' dir='ltr'><strong>o/ferens</strong></span> <span class='ocrx_word' id='word_1_62' title='bbox 1908 886 2151 940; x_wconf 81' lang='lat' dir='ltr'><strong>holocau-</strong></span> 
     </span>
    </p>
   </div>
   <div class='ocr_carea' id='block_1_10' title="bbox 569 980 1374 1048">
    <p class='ocr_par' dir='ltr' id='par_1_10' title="bbox 569 980 1374 1048">
     <span class='ocr_line' id='line_1_10' title="bbox 569 980 1374 1048; baseline -0.009 -10"><span class='ocrx_word' id='word_1_63' title='bbox 569 994 722 1048; x_wconf 87' lang='lat' dir='ltr'><strong>stum,</strong></span> <span class='ocrx_word' id='word_1_64' title='bbox 752 1001 861 1037; x_wconf 83' lang='lat' dir='ltr'><strong>esse</strong></span> <span class='ocrx_word' id='word_1_65' title='bbox 891 982 1101 1035; x_wconf 79' lang='lat' dir='ltr'><strong>Samuel</strong></span> <span class='ocrx_word' id='word_1_66' title='bbox 1128 980 1374 1034; x_wconf 81' lang='lat' dir='ltr'><strong>veniebat.</strong></span> 
     </span>
    </p>
   </div>
   <div class='ocr_carea' id='block_1_11' title="bbox 644 1088 2150 1162">
    <p class='ocr_par' dir='ltr' id='par_1_11' title="bbox 644 1088 2150 1162">
     <span class='ocr_line' id='line_1_11' title="bbox 644 1088 2150 1162; baseline -0.006 -12"><span class='ocrx_word' id='word_1_67' title='bbox 644 1097 731 1150; x_wconf 79' lang='grc'><strong>15.</strong></span> <span class='ocrx_word' id='word_1_68' title='bbox 774 1096 890 1162; x_wconf 88' lang='lat' dir='ltr'><strong>Quo</strong></span> <span class='ocrx_word' id='word_1_69' title='bbox 936 1097 986 1148; x_wconf 91' lang='lat' dir='ltr'><strong>in</strong></span> <span class='ocrx_word' id='word_1_70' title='bbox 1033 1095 1153 1149; x_wconf 90' lang='lat' dir='ltr'><strong>loco</strong></span> <span class='ocrx_word' id='word_1_71' title='bbox 1202 1093 1455 1147; x_wconf 87' lang='lat' dir='ltr'><strong>trementi</strong></span> <span class='ocrx_word' id='word_1_72' title='bbox 1500 1088 2150 1145; x_wconf 88' lang='lat' dir='ltr'><strong>corde.considerandnm</strong></span> 
     </span>
    </p>
   </div>
   <div class='ocr_carea' id='block_1_12' title="bbox 572 1166 2152 1253">
    <p class='ocr_par' dir='ltr' id='par_1_12' title="bbox 572 1166 2152 1253">
     <span class='ocr_line' id='line_1_12' title="bbox 572 1166 2152 1253; baseline -0.006 -13"><span class='ocrx_word' id='word_1_73' title='bbox 572 1195 689 1250; x_wconf 86' lang='lat' dir='ltr'><strong>et,</strong></span> <span class='ocrx_word' id='word_1_74' title='bbox 720 1201 879 1253; x_wconf 91' lang='lat' dir='ltr'><strong>quam</strong></span> <span class='ocrx_word' id='word_1_75' title='bbox 912 1183 1208 1236; x_wconf 80' lang='lat' dir='ltr'><strong>hrevissnni</strong></span> <span class='ocrx_word' id='word_1_76' title='bbox 1255 1166 1513 1249; x_wconf 83' lang='lat' dir='ltr'><strong>temporis</strong></span> <span class='ocrx_word' id='word_1_77' title='bbox 1542 1177 1944 1248; x_wconf 82' lang='lat' dir='ltr'><strong>exspectatione</strong></span> <span class='ocrx_word' id='word_1_78' title='bbox 1972 1178 2152 1244; x_wconf 82' lang='lat' dir='ltr'><strong>negle-</strong></span> 
     </span>
    </p>
   </div>
   <div class='ocr_carea' id='block_1_13' title="bbox 573 1268 2151 1342">
    <p class='ocr_par' dir='ltr' id='par_1_13' title="bbox 573 1268 2151 1342">
     <span class='ocr_line' id='line_1_13' title="bbox 573 1268 2151 1342; baseline -0.006 -14"><span class='ocrx_word' id='word_1_79' title='bbox 573 1284 690 1339; x_wconf 90' lang='lat' dir='ltr'><strong>cta,</strong></span> <span class='ocrx_word' id='word_1_80' title='bbox 734 1273 980 1342; x_wconf 89' lang='lat' dir='ltr'><strong>repulsus</strong></span> <span class='ocrx_word' id='word_1_81' title='bbox 1027 1272 1114 1326; x_wconf 91' lang='lat' dir='ltr'><strong>sit.</strong></span> <span class='ocrx_word' id='word_1_82' title='bbox 1168 1271 1293 1324; x_wconf 87' lang='lat' dir='ltr'><strong>Cum</strong></span> <span class='ocrx_word' id='word_1_83' title='bbox 1338 1270 1656 1338; x_wconf 83' lang='lat' dir='ltr'><strong>complesset,</strong></span> <span class='ocrx_word' id='word_1_84' title='bbox 1692 1268 1879 1337; x_wconf 86' lang='lat' dir='ltr'><strong>inquit,</strong></span> <span class='ocrx_word' id='word_1_85' title='bbox 1904 1268 2151 1321; x_wconf 82' lang='lat' dir='ltr'><strong>holocau-</strong></span> 
     </span>
    </p>
   </div>
   <div class='ocr_carea' id='block_1_14' title="bbox 573 1350 2154 1429">
    <p class='ocr_par' dir='ltr' id='par_1_14' title="bbox 573 1350 2154 1429">
     <span class='ocr_line' id='line_1_14' title="bbox 573 1350 2154 1429; baseline -0.004 -11"><span class='ocrx_word' id='word_1_86' title='bbox 573 1350 891 1429; x_wconf 32' lang='lat' dir='ltr'><strong>stum,~ecce</strong></span> <span class='ocrx_word' id='word_1_87' title='bbox 935 1363 1148 1417; x_wconf 70' lang='lat' dir='ltr'><strong>Samuel</strong></span> <span class='ocrx_word' id='word_1_88' title='bbox 1176 1363 1422 1416; x_wconf 79' lang='lat' dir='ltr'><strong>veniebat.</strong></span> <span class='ocrx_word' id='word_1_89' title='bbox 1469 1362 1522 1415; x_wconf 76' lang='lat' dir='ltr'><strong>Si</strong></span> <span class='ocrx_word' id='word_1_90' title='bbox 1564 1375 1691 1427; x_wconf 74' lang='lat' dir='ltr'><strong>ergo</strong></span> <span class='ocrx_word' id='word_1_91' title='bbox 1722 1376 1845 1414; x_wconf 86' lang='lat' dir='ltr'><strong>eum</strong></span> <span class='ocrx_word' id='word_1_92' title='bbox 1874 1360 1990 1414; x_wconf 89' lang='lat' dir='ltr'><strong>solo</strong></span> <span class='ocrx_word' id='word_1_93' title='bbox 2018 1368 2154 1413; x_wconf 88' lang='lat' dir='ltr'><strong>tem-</strong></span> 
     </span>
    </p>
   </div>
   <div class='ocr_carea' id='block_1_15' title="bbox 573 1450 2153 1526">
    <p class='ocr_par' dir='ltr' id='par_1_15' title="bbox 573 1450 2153 1526">
     <span class='ocr_line' id='line_1_15' title="bbox 573 1450 2153 1526; baseline -0.003 -18"><span class='ocrx_word' id='word_1_94' title='bbox 573 1456 717 1526; x_wconf 86' lang='lat' dir='ltr'><strong>poris</strong></span> <span class='ocrx_word' id='word_1_95' title='bbox 745 1454 1062 1509; x_wconf 86' lang='lat' dir='ltr'><strong>brevissimo</strong></span> <span class='ocrx_word' id='word_1_96' title='bbox 1094 1453 1376 1506; x_wconf 83' lang='lat' dir='ltr'><strong>intervallo</strong></span> <span class='ocrx_word' id='word_1_97' title='bbox 1418 1460 1786 1520; x_wconf 78' lang='lat' dir='ltr'><strong>exspectaret,</strong></span> <span class='ocrx_word' id='word_1_98' title='bbox 1819 1466 1927 1519; x_wconf 91' lang='lat' dir='ltr'><strong>quo</strong></span> <span class='ocrx_word' id='word_1_99' title='bbox 1958 1450 2153 1504; x_wconf 93' lang='lat' dir='ltr'><strong>obtulit</strong></span> 
     </span>
    </p>
   </div>
   <div class='ocr_carea' id='block_1_16' title="bbox 574 1540 2156 1610">
    <p class='ocr_par' dir='ltr' id='par_1_16' title="bbox 574 1540 2156 1610">
     <span class='ocr_line' id='line_1_16' title="bbox 574 1540 2156 1610; baseline -0.003 -12"><span class='ocrx_word' id='word_1_100' title='bbox 574 1545 950 1598; x_wconf 81' lang='lat' dir='ltr'><strong>holocaustum</strong></span> <span class='ocrx_word' id='word_1_101' title='bbox 972 1583 987 1608; x_wconf 93' lang='lat'><strong>,</strong></span> <span class='ocrx_word' id='word_1_102' title='bbox 1020 1558 1239 1597; x_wconf 91' lang='lat' dir='ltr'><strong>securus</strong></span> <span class='ocrx_word' id='word_1_103' title='bbox 1263 1542 1371 1610; x_wconf 85' lang='lat' dir='ltr'><strong>jam</strong></span> <span class='ocrx_word' id='word_1_104' title='bbox 1416 1544 1565 1610; x_wconf 64' lang='lat' dir='ltr'><strong>regni</strong></span> <span class='ocrx_word' id='word_1_105' title='bbox 1597 1542 1678 1595; x_wconf 89' lang='lat' dir='ltr'><strong>sui</strong></span> <span class='ocrx_word' id='word_1_106' title='bbox 1721 1541 1886 1595; x_wconf 86' lang='lat' dir='ltr'><strong>robur</strong></span> <span class='ocrx_word' id='word_1_107' title='bbox 1912 1540 2156 1594; x_wconf 88' lang='lat' dir='ltr'><strong>obtinere</strong></span> 
     </span>
    </p>
   </div>
   <div class='ocr_carea' id='block_1_17' title="bbox 572 1628 2156 1702">
    <p class='ocr_par' dir='ltr' id='par_1_17' title="bbox 572 1628 2156 1702">
     <span class='ocr_line' id='line_1_17' title="bbox 572 1628 2156 1702; baseline -0.001 -19"><span class='ocrx_word' id='word_1_108' title='bbox 572 1632 855 1702; x_wconf 86' lang='lat' dir='ltr'><strong>potuisset.</strong></span> <span class='ocrx_word' id='word_1_109' title='bbox 890 1630 1074 1699; x_wconf 84' lang='lat' dir='ltr'><strong>Itaque</strong></span> <span class='ocrx_word' id='word_1_110' title='bbox 1099 1631 1142 1685; x_wconf 92' lang='lat' dir='ltr'><strong>si</strong></span> <span class='ocrx_word' id='word_1_111' title='bbox 1174 1638 1320 1683; x_wconf 87' lang='lat' dir='ltr'><strong>tanta</strong></span> <span class='ocrx_word' id='word_1_112' title='bbox 1348 1646 1498 1698; x_wconf 60' lang='lat' dir='ltr'><strong>[mna</strong></span> <span class='ocrx_word' id='word_1_113' title='bbox 1525 1639 1625 1692; x_wconf 87' lang='lat' dir='ltr'><strong>est,</strong></span> <span class='ocrx_word' id='word_1_114' title='bbox 1656 1644 1795 1696; x_wconf 87' lang='lat' dir='ltr'><strong>quan</strong></span> <span class='ocrx_word' id='word_1_115' title='bbox 1815 1629 1869 1683; x_wconf 85' lang='lat' dir='ltr'><strong>lo</strong></span> <span class='ocrx_word' id='word_1_116' title='bbox 1893 1628 2156 1698; x_wconf 85' lang='lat' dir='ltr'><strong>prapbeta</strong></span> 
     </span>
    </p>
   </div>
   <div class='ocr_carea' id='block_1_18' title="bbox 574 1717 2154 1792">
    <p class='ocr_par' dir='ltr' id='par_1_18' title="bbox 574 1717 2154 1792">
     <span class='ocr_line' id='line_1_18' title="bbox 574 1717 2154 1792; baseline -0.002 -19"><span class='ocrx_word' id='word_1_117' title='bbox 574 1721 867 1792; x_wconf 66' lang='lat' dir='ltr'><strong>despicitur</strong></span> <span class='ocrx_word' id='word_1_118' title='bbox 895 1738 907 1772; x_wconf 95' lang='lat'>:</span> <span class='ocrx_word' id='word_1_119' title='bbox 941 1719 1068 1788; x_wconf 90' lang='lat' dir='ltr'><strong>quid</strong></span> <span class='ocrx_word' id='word_1_120' title='bbox 1105 1727 1353 1788; x_wconf 85' lang='lat' dir='ltr'><strong>putamus</strong></span> <span class='ocrx_word' id='word_1_121' title='bbox 1377 1718 1443 1772; x_wconf 91' lang='lat' dir='ltr'><strong>de</strong></span> <span class='ocrx_word' id='word_1_122' title='bbox 1479 1718 1665 1787; x_wconf 78' lang='lat' dir='ltr'><strong>pelago</strong></span> <span class='ocrx_word' id='word_1_123' title='bbox 1699 1718 1789 1772; x_wconf 92' lang='lat' dir='ltr'><strong>illo</strong></span> <span class='ocrx_word' id='word_1_124' title='bbox 1817 1718 2008 1772; x_wconf 70' lang='lat' dir='ltr'><strong>divina:</strong></span> <span class='ocrx_word' id='word_1_125' title='bbox 2037 1717 2154 1770; x_wconf 90' lang='lat' dir='ltr'><strong>ani-</strong></span> 
     </span>
    </p>
   </div>
   <div class='ocr_carea' id='block_1_19' title="bbox 576 1808 2156 1877">
    <p class='ocr_par' dir='ltr' id='par_1_19' title="bbox 576 1808 2156 1877">
     <span class='ocr_line' id='line_1_19' title="bbox 576 1808 2156 1877; baseline -0.004 -11"><span class='ocrx_word' id='word_1_126' title='bbox 576 1811 965 1866; x_wconf 88' lang='lat' dir='ltr'><strong>madversionis</strong></span> <span class='ocrx_word' id='word_1_127' title='bbox 1009 1810 1342 1875; x_wconf 82' lang='lat' dir='ltr'><strong>incurratur,</strong></span> <span class='ocrx_word' id='word_1_128' title='bbox 1375 1824 1493 1863; x_wconf 87' lang='lat' dir='ltr'><strong>cum</strong></span> <span class='ocrx_word' id='word_1_129' title='bbox 1534 1808 1646 1877; x_wconf 88' lang='lat' dir='ltr'><strong>ipsa</strong></span> <span class='ocrx_word' id='word_1_130' title='bbox 1684 1808 1858 1861; x_wconf 90' lang='lat' dir='ltr'><strong>divina</strong></span> <span class='ocrx_word' id='word_1_131' title='bbox 1890 1815 2156 1877; x_wconf 58' lang='lat' dir='ltr'><strong>praecepta</strong></span> 
     </span>
    </p>
   </div>
   <div class='ocr_carea' id='block_1_20' title="bbox 575 1899 2156 1970">
    <p class='ocr_par' dir='ltr' id='par_1_20' title="bbox 575 1899 2156 1970">
     <span class='ocr_line' id='line_1_20' title="bbox 575 1899 2156 1970; baseline -0.001 -14"><span class='ocrx_word' id='word_1_132' title='bbox 575 1902 938 1969; x_wconf 63' lang='lat' dir='ltr'><strong>dissipantur?</strong></span> <span class='ocrx_word' id='word_1_133' title='bbox 983 1899 1049 1953; x_wconf 89' lang='lat' dir='ltr'><strong>Et</strong></span> <span class='ocrx_word' id='word_1_134' title='bbox 1086 1902 1208 1970; x_wconf 90' lang='lat' dir='ltr'><strong>quia</strong></span> <span class='ocrx_word' id='word_1_135' title='bbox 1242 1900 1296 1954; x_wconf 90' lang='lat' dir='ltr'><strong>in</strong></span> <span class='ocrx_word' id='word_1_136' title='bbox 1338 1908 1611 1954; x_wconf 89' lang='lat' dir='ltr'><strong>momento</strong></span> <span class='ocrx_word' id='word_1_137' title='bbox 1641 1901 1833 1954; x_wconf 87' lang='lat' dir='ltr'><strong>transit</strong></span> <span class='ocrx_word' id='word_1_138' title='bbox 1861 1901 2037 1954; x_wconf 86' lang='lat' dir='ltr'><strong>carnis</strong></span> <span class='ocrx_word' id='word_1_139' title='bbox 2064 1900 2156 1954; x_wconf 87' lang='lat' dir='ltr'><strong>de-</strong></span> 
     </span>
    </p>
   </div>
   <div class='ocr_carea' id='block_1_21' title="bbox 576 1992 2159 2061">
    <p class='ocr_par' dir='ltr' id='par_1_21' title="bbox 576 1992 2159 2061">
     <span class='ocr_line' id='line_1_21' title="bbox 576 1992 2159 2061; baseline -0.001 -14"><span class='ocrx_word' id='word_1_140' title='bbox 576 1994 815 2055; x_wconf 85' lang='lat' dir='ltr'><strong>lectatio,</strong></span> <span class='ocrx_word' id='word_1_141' title='bbox 849 2002 903 2047; x_wconf 92' lang='lat' dir='ltr'><strong>et</strong></span> <span class='ocrx_word' id='word_1_142' title='bbox 933 1993 1108 2047; x_wconf 81' lang='lat' dir='ltr'><strong>omnis</strong></span> <span class='ocrx_word' id='word_1_143' title='bbox 1158 2001 1506 2061; x_wconf 84' lang='lat' dir='ltr'><strong>peccatorum</strong></span> <span class='ocrx_word' id='word_1_144' title='bbox 1535 1994 1874 2055; x_wconf 90' lang='lat' dir='ltr'><strong>commissio,</strong></span> <span class='ocrx_word' id='word_1_145' title='bbox 1898 2002 1953 2047; x_wconf 90' lang='lat' dir='ltr'><strong>et</strong></span> <span class='ocrx_word' id='word_1_146' title='bbox 1980 1992 2159 2046; x_wconf 79' lang='lat' dir='ltr'><strong>brevis</strong></span> 
     </span>
    </p>
   </div>
   <div class='ocr_carea' id='block_1_22' title="bbox 574 2081 2159 2152">
    <p class='ocr_par' dir='ltr' id='par_1_22' title="bbox 574 2081 2159 2152">
     <span class='ocr_line' id='line_1_22' title="bbox 574 2081 2159 2152; baseline 0.001 -17"><span class='ocrx_word' id='word_1_147' title='bbox 574 2082 793 2152; x_wconf 81' lang='lat' dir='ltr'><strong>quidem</strong></span> <span class='ocrx_word' id='word_1_148' title='bbox 823 2090 907 2136; x_wconf 80' lang='lat' dir='ltr'><strong>est</strong></span> <span class='ocrx_word' id='word_1_149' title='bbox 939 2083 1071 2137; x_wconf 88' lang='lat' dir='ltr'><strong>hora</strong></span> <span class='ocrx_word' id='word_1_150' title='bbox 1111 2081 1582 2151; x_wconf 83' lang='lat' dir='ltr'><strong>transgressionis,</strong></span> <span class='ocrx_word' id='word_1_151' title='bbox 1620 2098 1728 2136; x_wconf 91' lang='lat' dir='ltr'><strong>non</strong></span> <span class='ocrx_word' id='word_1_152' title='bbox 1772 2091 1950 2137; x_wconf 91' lang='lat' dir='ltr'><strong>tamen</strong></span> <span class='ocrx_word' id='word_1_153' title='bbox 1980 2082 2159 2137; x_wconf 87' lang='lat' dir='ltr'><strong>brevis</strong></span> 
     </span>
    </p>
   </div>
   <div class='ocr_carea' id='block_1_23' title="bbox 576 2172 2160 2243">
    <p class='ocr_par' dir='ltr' id='par_1_23' title="bbox 576 2172 2160 2243">
     <span class='ocr_line' id='line_1_23' title="bbox 576 2172 2160 2243; baseline -0.001 -16"><span class='ocrx_word' id='word_1_154' title='bbox 576 2189 734 2243; x_wconf 79' lang='lat' dir='ltr'><strong>pmna</strong></span> <span class='ocrx_word' id='word_1_155' title='bbox 766 2172 983 2243; x_wconf 78' lang='lat' dir='ltr'><strong>ﬂagitii;</strong></span> <span class='ocrx_word' id='word_1_156' title='bbox 1027 2174 1151 2242; x_wconf 91' lang='lat' dir='ltr'><strong>quia</strong></span> <span class='ocrx_word' id='word_1_157' title='bbox 1184 2174 1307 2226; x_wconf 89' lang='lat' dir='ltr'><strong>dum</strong></span> <span class='ocrx_word' id='word_1_158' title='bbox 1337 2172 1402 2225; x_wconf 91' lang='lat' dir='ltr'><strong>ad</strong></span> <span class='ocrx_word' id='word_1_159' title='bbox 1442 2189 1508 2225; x_wconf 76' lang='lat' dir='ltr'><strong>nn</strong></span> <span class='ocrx_word' id='word_1_160' title='bbox 1534 2181 1772 2227; x_wconf 89' lang='lat' dir='ltr'><strong>mentum</strong></span> <span class='ocrx_word' id='word_1_161' title='bbox 1806 2173 1855 2226; x_wconf 94' lang='lat' dir='ltr'><strong>in</strong></span> <span class='ocrx_word' id='word_1_162' title='bbox 1890 2173 2043 2226; x_wconf 91' lang='lat' dir='ltr'><strong>nobis</strong></span> <span class='ocrx_word' id='word_1_163' title='bbox 2073 2188 2160 2226; x_wconf 89' lang='lat' dir='ltr'><strong>re-</strong></span> 
     </span>
    </p>
   </div>
   <div class='ocr_carea' id='block_1_24' title="bbox 577 2264 2158 2333">
    <p class='ocr_par' dir='ltr' id='par_1_24' title="bbox 577 2264 2158 2333">
     <span class='ocr_line' id='line_1_24' title="bbox 577 2264 2158 2333; baseline 0 -16"><span class='ocrx_word' id='word_1_164' title='bbox 577 2278 739 2332; x_wconf 84' lang='lat' dir='ltr'><strong>gnum</strong></span> <span class='ocrx_word' id='word_1_165' title='bbox 772 2265 976 2332; x_wconf 77' lang='lat' dir='ltr'><strong>peccati</strong></span> <span class='ocrx_word' id='word_1_166' title='bbox 1006 2265 1257 2331; x_wconf 85' lang='lat' dir='ltr'><strong>erigimus</strong></span> <span class='ocrx_word' id='word_1_167' title='bbox 1276 2302 1290 2325; x_wconf 96' lang='lat'><strong>,</strong></span> <span class='ocrx_word' id='word_1_168' title='bbox 1320 2264 1405 2316; x_wconf 85' lang='lat' dir='ltr'><strong>illa</strong></span> <span class='ocrx_word' id='word_1_169' title='bbox 1430 2277 1591 2331; x_wconf 61' lang='lat' dir='ltr'><strong>rigua</strong></span> <span class='ocrx_word' id='word_1_170' title='bbox 1624 2264 1893 2333; x_wconf 69' lang='lat' dir='ltr'><strong>perdimus</strong></span> <span class='ocrx_word' id='word_1_171' title='bbox 1918 2265 2158 2318; x_wconf 66' lang='lat' dir='ltr'><strong>omnium</strong></span> 
     </span>
    </p>
   </div>
   <div class='ocr_carea' id='block_1_25' title="bbox 577 2352 2162 2424">
    <p class='ocr_par' dir='ltr' id='par_1_25' title="bbox 577 2352 2162 2424">
     <span class='ocr_line' id='line_1_25' title="bbox 577 2352 2162 2424; baseline -0.002 -15"><span class='ocrx_word' id='word_1_172' title='bbox 577 2355 917 2409; x_wconf 70' lang='lat' dir='ltr'><strong>saeculorum.</strong></span> <span class='ocrx_word' id='word_1_173' title='bbox 948 2352 1159 2417; x_wconf 88' lang='lat' dir='ltr'><strong>Statim_</strong></span> <span class='ocrx_word' id='word_1_174' title='bbox 1182 2354 1322 2407; x_wconf 89' lang='lat' dir='ltr'><strong>enim</strong></span> <span class='ocrx_word' id='word_1_175' title='bbox 1357 2361 1478 2422; x_wconf 90' lang='lat' dir='ltr'><strong>post</strong></span> <span class='ocrx_word' id='word_1_176' title='bbox 1516 2364 1793 2423; x_wconf 86' lang='lat' dir='ltr'><strong>peccatum</strong></span> <span class='ocrx_word' id='word_1_177' title='bbox 1824 2370 2001 2408; x_wconf 86' lang='lat' dir='ltr'><strong>sermo</strong></span> <span class='ocrx_word' id='word_1_178' title='bbox 2036 2371 2162 2424; x_wconf 88' lang='lat' dir='ltr'><strong>pro-</strong></span> 
     </span>
    </p>
   </div>
   <div class='ocr_carea' id='block_1_26' title="bbox 580 2448 2162 2521">
    <p class='ocr_par' dir='ltr' id='par_1_26' title="bbox 580 2448 2162 2521">
     <span class='ocr_line' id='line_1_26' title="bbox 580 2448 2162 2521; baseline 0.002 -21"><span class='ocrx_word' id='word_1_179' title='bbox 580 2448 824 2514; x_wconf 78' lang='lat' dir='ltr'><strong>pheticus</strong></span> <span class='ocrx_word' id='word_1_180' title='bbox 853 2449 1031 2511; x_wconf 79' lang='lat' dir='ltr'><strong>venit,</strong></span> <span class='ocrx_word' id='word_1_181' title='bbox 1062 2455 1120 2501; x_wconf 87' lang='lat' dir='ltr'><strong>ut</strong></span> <span class='ocrx_word' id='word_1_182' title='bbox 1166 2448 1408 2516; x_wconf 83' lang='lat' dir='ltr'><strong>increpet</strong></span> <span class='ocrx_word' id='word_1_183' title='bbox 1440 2466 1452 2501; x_wconf 95' lang='lat'>:</span> <span class='ocrx_word' id='word_1_184' title='bbox 1497 2450 1588 2517; x_wconf 92' lang='lat' dir='ltr'><strong>qui</strong></span> <span class='ocrx_word' id='word_1_185' title='bbox 1628 2449 1840 2504; x_wconf 88' lang='lat' dir='ltr'><strong>adesset</strong></span> <span class='ocrx_word' id='word_1_186' title='bbox 1865 2492 1877 2511; x_wconf 92' lang='lat'><strong>,</strong></span> <span class='ocrx_word' id='word_1_187' title='bbox 1923 2450 1965 2503; x_wconf 91' lang='lat' dir='ltr'><strong>si</strong></span> <span class='ocrx_word' id='word_1_188' title='bbox 1999 2453 2162 2521; x_wconf 76' lang='lat'><strong>288</strong></span> 
     </span>
    </p>
   </div>
   <div class='ocr_carea' id='block_1_27' title="bbox 580 2539 2162 2610">
    <p class='ocr_par' dir='ltr' id='par_1_27' title="bbox 580 2539 2162 2610">
     <span class='ocr_line' id='line_1_27' title="bbox 580 2539 2162 2610; baseline 0.001 -17"><span class='ocrx_word' id='word_1_189' title='bbox 580 2554 690 2593; x_wconf 89' lang='lat' dir='ltr'><strong>non</strong></span> <span class='ocrx_word' id='word_1_190' title='bbox 719 2553 1083 2608; x_wconf 88' lang='lat' dir='ltr'><strong>peccaremus,</strong></span> <span class='ocrx_word' id='word_1_191' title='bbox 1110 2547 1166 2592; x_wconf 89' lang='lat' dir='ltr'><strong>ut</strong></span> <span class='ocrx_word' id='word_1_192' title='bbox 1210 2540 1261 2593; x_wconf 90' lang='lat' dir='ltr'><strong>in</strong></span> <span class='ocrx_word' id='word_1_193' title='bbox 1301 2541 1441 2593; x_wconf 91' lang='lat' dir='ltr'><strong>bono</strong></span> <span class='ocrx_word' id='word_1_194' title='bbox 1465 2540 1766 2594; x_wconf 79' lang='lat' dir='ltr'><strong>roboraret.</strong></span> <span class='ocrx_word' id='word_1_195' title='bbox 1800 2539 2007 2594; x_wconf 85' lang='lat' dir='ltr'><strong>Polluta</strong></span> <span class='ocrx_word' id='word_1_196' title='bbox 2042 2541 2162 2610; x_wconf 91' lang='lat' dir='ltr'><strong>qui-</strong></span> 
     </span>
    </p>
   </div>
   <div class='ocr_carea' id='block_1_28' title="bbox 582 2631 2161 2702">
    <p class='ocr_par' dir='ltr' id='par_1_28' title="bbox 582 2631 2161 2702">
     <span class='ocr_line' id='line_1_28' title="bbox 582 2631 2161 2702; baseline 0.001 -17"><span class='ocrx_word' id='word_1_197' title='bbox 582 2631 703 2686; x_wconf 91' lang='lat' dir='ltr'><strong>dem</strong></span> <span class='ocrx_word' id='word_1_198' title='bbox 733 2633 1059 2687; x_wconf 86' lang='lat' dir='ltr'><strong>conscientia</strong></span> <span class='ocrx_word' id='word_1_199' title='bbox 1090 2633 1252 2686; x_wconf 87' lang='lat' dir='ltr'><strong>habet</strong></span> <span class='ocrx_word' id='word_1_200' title='bbox 1276 2634 1386 2702; x_wconf 91' lang='lat' dir='ltr'><strong>jam</strong></span> <span class='ocrx_word' id='word_1_201' title='bbox 1418 2631 1652 2686; x_wconf 87' lang='lat' dir='ltr'><strong>divinum</strong></span> <span class='ocrx_word' id='word_1_202' title='bbox 1676 2632 1945 2701; x_wconf 87' lang='lat' dir='ltr'><strong>eloquium</strong></span> <span class='ocrx_word' id='word_1_203' title='bbox 1975 2642 2161 2687; x_wconf 91' lang='lat' dir='ltr'><strong>contra</strong></span> 
     </span>
    </p>
   </div>
   <div class='ocr_carea' id='block_1_29' title="bbox 581 2721 2161 2791">
    <p class='ocr_par' dir='ltr' id='par_1_29' title="bbox 581 2721 2161 2791">
     <span class='ocr_line' id='line_1_29' title="bbox 581 2721 2161 2791; baseline -0.001 -15"><span class='ocrx_word' id='word_1_204' title='bbox 581 2738 673 2788; x_wconf 78' lang='lat' dir='ltr'><strong>se;</strong></span> <span class='ocrx_word' id='word_1_205' title='bbox 705 2737 822 2791; x_wconf 82' lang='lat' dir='ltr'><strong>quae</strong></span> <span class='ocrx_word' id='word_1_206' title='bbox 856 2723 899 2776; x_wconf 92' lang='lat' dir='ltr'><strong>si</strong></span> <span class='ocrx_word' id='word_1_207' title='bbox 934 2722 1098 2791; x_wconf 87' lang='lat' dir='ltr'><strong>pollui</strong></span> <span class='ocrx_word' id='word_1_208' title='bbox 1129 2723 1351 2785; x_wconf 77' lang='lat' dir='ltr'><strong>vitaret,</strong></span> <span class='ocrx_word' id='word_1_209' title='bbox 1381 2722 1448 2775; x_wconf 90' lang='lat' dir='ltr'><strong>ab</strong></span> <span class='ocrx_word' id='word_1_210' title='bbox 1478 2736 1544 2776; x_wconf 91' lang='lat' dir='ltr'><strong>eo</strong></span> <span class='ocrx_word' id='word_1_211' title='bbox 1585 2721 1761 2791; x_wconf 61' lang='lat' dir='ltr'><strong>adjuta</strong></span> <span class='ocrx_word' id='word_1_212' title='bbox 1784 2762 1798 2787; x_wconf 88' lang='lat'><strong>,</strong></span> <span class='ocrx_word' id='word_1_213' title='bbox 1832 2730 1886 2775; x_wconf 86' lang='lat' dir='ltr'><strong>et</strong></span> <span class='ocrx_word' id='word_1_214' title='bbox 1924 2722 2161 2776; x_wconf 78' lang='lat' dir='ltr'><strong>relevata</strong></span> 
     </span>
    </p>
   </div>
   <div class='ocr_carea' id='block_1_30' title="bbox 584 2810 2163 2882">
    <p class='ocr_par' dir='ltr' id='par_1_30' title="bbox 584 2810 2163 2882">
     <span class='ocr_line' id='line_1_30' title="bbox 584 2810 2163 2882; baseline -0.001 -17"><span class='ocrx_word' id='word_1_215' title='bbox 584 2812 803 2882; x_wconf 85' lang='lat' dir='ltr'><strong>proprio</strong></span> <span class='ocrx_word' id='word_1_216' title='bbox 845 2811 1028 2879; x_wconf 81' lang='lat' dir='ltr'><strong>vigore</strong></span> <span class='ocrx_word' id='word_1_217' title='bbox 1072 2812 1406 2866; x_wconf 88' lang='lat' dir='ltr'><strong>subsisteret.</strong></span> <span class='ocrx_word' id='word_1_218' title='bbox 1451 2810 1587 2876; x_wconf 84' lang='lat' dir='ltr'><strong>Quid</strong></span> <span class='ocrx_word' id='word_1_219' title='bbox 1632 2812 1775 2866; x_wconf 89' lang='lat' dir='ltr'><strong>enim</strong></span> <span class='ocrx_word' id='word_1_220' title='bbox 1826 2812 1978 2866; x_wconf 91' lang='lat' dir='ltr'><strong>nobis</strong></span> <span class='ocrx_word' id='word_1_221' title='bbox 2020 2810 2163 2865; x_wconf 88' lang='lat' dir='ltr'><strong>aliud</strong></span> 
     </span>
    </p>
   </div>
   <div class='ocr_carea' id='block_1_31' title="bbox 521 2890 2163 2973">
    <p class='ocr_par' dir='ltr' id='par_1_31' title="bbox 521 2890 2163 2973">
     <span class='ocr_line' id='line_1_31' title="bbox 521 2890 2163 2973; baseline -0.001 -16"><span class='ocrx_word' id='word_1_222' title='bbox 521 2890 533 2901; x_wconf 68' lang='grc'><em>’</em></span> <span class='ocrx_word' id='word_1_223' title='bbox 586 2902 932 2967; x_wconf 74' lang='lat' dir='ltr'><strong>spiritualiter</strong></span> <span class='ocrx_word' id='word_1_224' title='bbox 979 2901 1261 2970; x_wconf 87' lang='lat' dir='ltr'><strong>designat,</strong></span> <span class='ocrx_word' id='word_1_225' title='bbox 1302 2901 1447 2970; x_wconf 91' lang='lat' dir='ltr'><strong>quod</strong></span> <span class='ocrx_word' id='word_1_226' title='bbox 1483 2900 1678 2955; x_wconf 90' lang='lat' dir='ltr'><strong>dicitur</strong></span> <span class='ocrx_word' id='word_1_227' title='bbox 1708 2921 1721 2955; x_wconf 89' lang='lat'><strong>:</strong></span> <span class='ocrx_word' id='word_1_228' title='bbox 1755 2902 1979 2973; x_wconf 82' lang='lat' dir='ltr'><strong>Cumque</strong></span> <span class='ocrx_word' id='word_1_229' title='bbox 2019 2918 2163 2956; x_wconf 85' lang='lat' dir='ltr'><strong>com-</strong></span> 
     </span>
    </p>
   </div>
   <div class='ocr_carea' id='block_1_32' title="bbox 583 2991 2165 3063">
    <p class='ocr_par' dir='ltr' id='par_1_32' title="bbox 583 2991 2165 3063">
     <span class='ocr_line' id='line_1_32' title="bbox 583 2991 2165 3063; baseline -0.001 -17"><span class='ocrx_word' id='word_1_230' title='bbox 583 2993 770 3063; x_wconf 77' lang='lat' dir='ltr'><strong>plesset</strong></span> <span class='ocrx_word' id='word_1_231' title='bbox 797 2992 1019 3060; x_wconf 74' lang='lat' dir='ltr'><strong>offerens</strong></span> <span class='ocrx_word' id='word_1_232' title='bbox 1057 2992 1411 3045; x_wconf 78' lang='lat' dir='ltr'><strong>holocaustum</strong></span> <span class='ocrx_word' id='word_1_233' title='bbox 1436 3032 1450 3058; x_wconf 94' lang='lat'><strong>,</strong></span> <span class='ocrx_word' id='word_1_234' title='bbox 1487 3008 1601 3046; x_wconf 82' lang='lat' dir='ltr'><strong>ecce</strong></span> <span class='ocrx_word' id='word_1_235' title='bbox 1642 2991 1856 3046; x_wconf 81' lang='lat' dir='ltr'><strong>Samuel</strong></span> <span class='ocrx_word' id='word_1_236' title='bbox 1898 2991 2165 3045; x_wconf 84' lang='lat' dir='ltr'><strong>ueniebat?</strong></span> 
     </span>
    </p>
   </div>
   <div class='ocr_carea' id='block_1_33' title="bbox 584 3080 2163 3150">
    <p class='ocr_par' dir='ltr' id='par_1_33' title="bbox 584 3080 2163 3150">
     <span class='ocr_line' id='line_1_33' title="bbox 584 3080 2163 3150; baseline -0.001 -14"><span class='ocrx_word' id='word_1_237' title='bbox 584 3083 650 3136; x_wconf 79' lang='lat' dir='ltr'><strong>Et</strong></span> <span class='ocrx_word' id='word_1_238' title='bbox 676 3081 717 3136; x_wconf 90' lang='lat' dir='ltr'><strong>si</strong></span> <span class='ocrx_word' id='word_1_239' title='bbox 751 3096 854 3135; x_wconf 90' lang='lat' dir='ltr'><strong>non</strong></span> <span class='ocrx_word' id='word_1_240' title='bbox 885 3081 1166 3137; x_wconf 89' lang='lat' dir='ltr'><strong>obtulisset</strong></span> <span class='ocrx_word' id='word_1_241' title='bbox 1190 3081 1586 3150; x_wconf 87' lang='lat' dir='ltr'><strong>holocaustum,</strong></span> <span class='ocrx_word' id='word_1_242' title='bbox 1611 3081 1958 3136; x_wconf 72' lang='lat' dir='ltr'><strong>nihilominus</strong></span> <span class='ocrx_word' id='word_1_243' title='bbox 1981 3092 2035 3135; x_wconf 90' lang='lat' dir='ltr'><strong>et</strong></span> <span class='ocrx_word' id='word_1_244' title='bbox 2062 3080 2163 3135; x_wconf 89' lang='lat' dir='ltr'><strong>Sa-</strong></span> 
     </span>
    </p>
   </div>
   <div class='ocr_carea' id='block_1_34' title="bbox 584 3169 2161 3239">
    <p class='ocr_par' dir='ltr' id='par_1_34' title="bbox 584 3169 2161 3239">
     <span class='ocr_line' id='line_1_34' title="bbox 584 3169 2161 3239; baseline -0.001 -14"><span class='ocrx_word' id='word_1_245' title='bbox 584 3171 729 3225; x_wconf 86' lang='lat' dir='ltr'><strong>muel</strong></span> <span class='ocrx_word' id='word_1_246' title='bbox 750 3171 1001 3226; x_wconf 83' lang='lat' dir='ltr'><strong>venisset.</strong></span> <span class='ocrx_word' id='word_1_247' title='bbox 1036 3169 1126 3225; x_wconf 91' lang='lat' dir='ltr'><strong>Sic</strong></span> <span class='ocrx_word' id='word_1_248' title='bbox 1153 3170 1403 3225; x_wconf 88' lang='lat' dir='ltr'><strong>nimirum</strong></span> <span class='ocrx_word' id='word_1_249' title='bbox 1427 3178 1483 3226; x_wconf 91' lang='lat' dir='ltr'><strong>et</strong></span> <span class='ocrx_word' id='word_1_250' title='bbox 1509 3187 1630 3225; x_wconf 88' lang='lat' dir='ltr'><strong>eum</strong></span> <span class='ocrx_word' id='word_1_251' title='bbox 1662 3178 1929 3225; x_wconf 86' lang='lat' dir='ltr'><strong>tentamur</strong></span> <span class='ocrx_word' id='word_1_252' title='bbox 1950 3212 1965 3239; x_wconf 91' lang='lat'><strong>,</strong></span> <span class='ocrx_word' id='word_1_253' title='bbox 1988 3171 2161 3224; x_wconf 90' lang='lat' dir='ltr'><strong>divina</strong></span> 
     </span>
    </p>
   </div>
   <div class='ocr_carea' id='block_1_35' title="bbox 586 3258 2166 3330">
    <p class='ocr_par' dir='ltr' id='par_1_35' title="bbox 586 3258 2166 3330">
     <span class='ocr_line' id='line_1_35' title="bbox 586 3258 2166 3330; baseline 0 -17"><span class='ocrx_word' id='word_1_254' title='bbox 586 3262 755 3330; x_wconf 78' lang='lat' dir='ltr'><strong>gratia</strong></span> <span class='ocrx_word' id='word_1_255' title='bbox 781 3259 932 3329; x_wconf 90' lang='lat' dir='ltr'><strong>juxta</strong></span> <span class='ocrx_word' id='word_1_256' title='bbox 960 3268 1075 3325; x_wconf 88' lang='lat' dir='ltr'><strong>est,</strong></span> <span class='ocrx_word' id='word_1_257' title='bbox 1121 3274 1237 3327; x_wconf 75' lang='lat' dir='ltr'><strong>quae</strong></span> <span class='ocrx_word' id='word_1_258' title='bbox 1279 3262 1603 3314; x_wconf 89' lang='lat' dir='ltr'><strong>sustinentes</strong></span> <span class='ocrx_word' id='word_1_259' title='bbox 1642 3258 1891 3327; x_wconf 85' lang='lat' dir='ltr'><strong>adjuvet:</strong></span> <span class='ocrx_word' id='word_1_260' title='bbox 1933 3259 2086 3326; x_wconf 83' lang='lat' dir='ltr'><strong>juxta</strong></span> <span class='ocrx_word' id='word_1_261' title='bbox 2113 3271 2166 3313; x_wconf 90' lang='lat' dir='ltr'><strong>et</strong></span> 
     </span>
    </p>
   </div>
   <div class='ocr_carea' id='block_1_36' title="bbox 586 3347 2166 3417">
    <p class='ocr_par' dir='ltr' id='par_1_36' title="bbox 586 3347 2166 3417">
     <span class='ocr_line' id='line_1_36' title="bbox 586 3347 2166 3417; baseline 0.001 -15"><span class='ocrx_word' id='word_1_262' title='bbox 586 3350 763 3402; x_wconf 88' lang='lat' dir='ltr'><strong>divina</strong></span> <span class='ocrx_word' id='word_1_263' title='bbox 786 3348 990 3416; x_wconf 89' lang='lat' dir='ltr'><strong>justitia</strong></span> <span class='ocrx_word' id='word_1_264' title='bbox 1014 3390 1029 3416; x_wconf 88' lang='lat'><strong>,</strong></span> <span class='ocrx_word' id='word_1_265' title='bbox 1064 3364 1183 3417; x_wconf 68' lang='lat' dir='ltr'><strong>que</strong></span> <span class='ocrx_word' id='word_1_266' title='bbox 1219 3349 1527 3403; x_wconf 78' lang='lat' dir='ltr'><strong>deﬁcientes</strong></span> <span class='ocrx_word' id='word_1_267' title='bbox 1554 3350 1792 3404; x_wconf 86' lang='lat' dir='ltr'><strong>damnet.</strong></span> <span class='ocrx_word' id='word_1_268' title='bbox 1827 3347 1979 3402; x_wconf 89' lang='lat' dir='ltr'><strong>Unde</strong></span> <span class='ocrx_word' id='word_1_269' title='bbox 2013 3363 2166 3403; x_wconf 86' lang='lat' dir='ltr'><strong>sacra</strong></span> 
     </span>
    </p>
   </div>
   <div class='ocr_carea' id='block_1_37' title="bbox 587 3440 2167 3511">
    <p class='ocr_par' dir='ltr' id='par_1_37' title="bbox 587 3440 2167 3511">
     <span class='ocr_line' id='line_1_37' title="bbox 587 3440 2167 3511; baseline 0.001 -16"><span class='ocrx_word' id='word_1_270' title='bbox 587 3440 862 3509; x_wconf 84' lang='lat' dir='ltr'><strong>Scriptura</strong></span> <span class='ocrx_word' id='word_1_271' title='bbox 892 3457 990 3495; x_wconf 91' lang='lat' dir='ltr'><strong>nos</strong></span> <span class='ocrx_word' id='word_1_272' title='bbox 1018 3448 1333 3510; x_wconf 84' lang='lat' dir='ltr'><strong>exspectare</strong></span> <span class='ocrx_word' id='word_1_273' title='bbox 1366 3443 1657 3496; x_wconf 90' lang='lat' dir='ltr'><strong>cohortans</strong></span> <span class='ocrx_word' id='word_1_274' title='bbox 1677 3480 1691 3506; x_wconf 96' lang='lat'><strong>,</strong></span> <span class='ocrx_word' id='word_1_275' title='bbox 1724 3444 1836 3496; x_wconf 85' lang='lat' dir='ltr'><strong>ait:</strong></span> <span class='ocrx_word' id='word_1_276' title='bbox 1866 3442 1926 3496; x_wconf 83' lang='lat' dir='ltr'><strong>Si</strong></span> <span class='ocrx_word' id='word_1_277' title='bbox 1954 3444 2167 3511; x_wconf 82' lang='lat' dir='ltr'><strong>spiritus</strong></span> 
     </span>
    </p>
   </div>
   <div class='ocr_carea' id='block_1_38' title="bbox 587 3530 2168 3601">
    <p class='ocr_par' dir='ltr' id='par_1_38' title="bbox 587 3530 2168 3601">
     <span class='ocr_line' id='line_1_38' title="bbox 587 3530 2168 3601; baseline 0.002 -19"><span class='ocrx_word' id='word_1_278' title='bbox 587 3538 892 3600; x_wconf 78' lang='lat' dir='ltr'><strong>potestatem</strong></span> <span class='ocrx_word' id='word_1_279' title='bbox 927 3530 1120 3584; x_wconf 86' lang='lat' dir='ltr'><strong>babens</strong></span> <span class='ocrx_word' id='word_1_280' title='bbox 1159 3531 1445 3584; x_wconf 83' lang='lat' dir='ltr'><strong>ascenderit</strong></span> <span class='ocrx_word' id='word_1_281' title='bbox 1493 3546 1647 3601; x_wconf 86' lang='lat' dir='ltr'><strong>super</strong></span> <span class='ocrx_word' id='word_1_282' title='bbox 1694 3542 1771 3597; x_wconf 88' lang='lat' dir='ltr'><strong>te,</strong></span> <span class='ocrx_word' id='word_1_283' title='bbox 1818 3532 1985 3586; x_wconf 90' lang='lat' dir='ltr'><strong>locum</strong></span> <span class='ocrx_word' id='word_1_284' title='bbox 2030 3541 2168 3585; x_wconf 89' lang='lat' dir='ltr'><strong>tuum</strong></span> 
     </span>
    </p>
   </div>
   <div class='ocr_carea' id='block_1_39' title="bbox 589 3618 2169 3694">
    <p class='ocr_par' dir='ltr' id='par_1_39' title="bbox 589 3618 2169 3694">
     <span class='ocr_line' id='line_1_39' title="bbox 589 3618 2169 3694; baseline 0.001 -22"><span class='ocrx_word' id='word_1_285' title='bbox 589 3620 688 3674; x_wconf 80' lang='lat' dir='ltr'><strong>cito</strong></span> <span class='ocrx_word' id='word_1_286' title='bbox 710 3636 812 3674; x_wconf 89' lang='lat' dir='ltr'><strong>non</strong></span> <span class='ocrx_word' id='word_1_287' title='bbox 841 3620 1049 3674; x_wconf 79' lang='lat' dir='ltr'><strong>deseras</strong></span> <span class='ocrx_word' id='word_1_288' title='bbox 1081 3618 1279 3691; x_wconf 84' lang='lat' dir='ltr'><strong>(Eccle.</strong></span> <span class='ocrx_word' id='word_1_289' title='bbox 1306 3637 1358 3684; x_wconf 89' lang='lat' dir='ltr'><strong>x,</strong></span> <span class='ocrx_word' id='word_1_290' title='bbox 1389 3621 1464 3689; x_wconf 74' lang='lat'><strong>4).</strong></span> <span class='ocrx_word' id='word_1_291' title='bbox 1514 3620 1647 3675; x_wconf 86' lang='lat' dir='ltr'><strong>Hinc</strong></span> <span class='ocrx_word' id='word_1_292' title='bbox 1677 3622 1941 3694; x_wconf 85' lang='lat' dir='ltr'><strong>prepheta</strong></span> <span class='ocrx_word' id='word_1_293' title='bbox 1982 3619 2169 3676; x_wconf 83' lang='lat' dir='ltr'><strong>testiﬁ-</strong></span> 
     </span>
    </p>
   </div>
   <div class='ocr_carea' id='block_1_40' title="bbox 592 3712 2171 3780">
    <p class='ocr_par' dir='ltr' id='par_1_40' title="bbox 592 3712 2171 3780">
     <span class='ocr_line' id='line_1_40' title="bbox 592 3712 2171 3780; baseline 0.001 -12"><span class='ocrx_word' id='word_1_294' title='bbox 592 3728 741 3778; x_wconf 84' lang='lat' dir='ltr'><strong>cans,</strong></span> <span class='ocrx_word' id='word_1_295' title='bbox 776 3713 849 3766; x_wconf 92' lang='lat' dir='ltr'><strong>ait</strong></span> <span class='ocrx_word' id='word_1_296' title='bbox 876 3730 889 3765; x_wconf 91' lang='lat'><strong><em>:</em></strong></span> <span class='ocrx_word' id='word_1_297' title='bbox 924 3712 1176 3767; x_wconf 84' lang='lat' dir='ltr'><strong>Dominus</strong></span> <span class='ocrx_word' id='word_1_298' title='bbox 1206 3714 1490 3769; x_wconf 72' lang='lat' dir='ltr'><strong>auxiliator</strong></span> <span class='ocrx_word' id='word_1_299' title='bbox 1517 3730 1659 3768; x_wconf 89' lang='lat' dir='ltr'><strong>meus</strong></span> <span class='ocrx_word' id='word_1_300' title='bbox 1678 3756 1691 3780; x_wconf 89' lang='lat'><strong>,</strong></span> <span class='ocrx_word' id='word_1_301' title='bbox 1718 3725 1767 3767; x_wconf 87' lang='lat' dir='ltr'><strong>et</strong></span> <span class='ocrx_word' id='word_1_302' title='bbox 1796 3715 1910 3769; x_wconf 86' lang='lat' dir='ltr'><strong>ideo</strong></span> <span class='ocrx_word' id='word_1_303' title='bbox 1934 3732 2037 3769; x_wconf 89' lang='lat' dir='ltr'><strong>non</strong></span> <span class='ocrx_word' id='word_1_304' title='bbox 2059 3734 2171 3770; x_wconf 89' lang='lat' dir='ltr'><strong>sum</strong></span> 
     </span>
    </p>
   </div>
   <div class='ocr_carea' id='block_1_41' title="bbox 591 3803 2171 3875">
    <p class='ocr_par' dir='ltr' id='par_1_41' title="bbox 591 3803 2171 3875">
     <span class='ocr_line' id='line_1_41' title="bbox 591 3803 2171 3875; baseline 0.001 -17"><span class='ocrx_word' id='word_1_305' title='bbox 591 3807 834 3875; x_wconf 71' lang='lat' dir='ltr'><strong>confusus</strong></span> <span class='ocrx_word' id='word_1_306' title='bbox 866 3804 1023 3873; x_wconf 83' lang='lat' dir='ltr'><strong>(Isai.</strong></span> <span class='ocrx_word' id='word_1_307' title='bbox 1051 3821 1110 3867; x_wconf 84' lang='lat' dir='ltr'><strong>L,</strong></span> <span class='ocrx_word' id='word_1_308' title='bbox 1139 3804 1212 3872; x_wconf 91' lang='lat'><strong>7).</strong></span> <span class='ocrx_word' id='word_1_309' title='bbox 1262 3804 1398 3860; x_wconf 84' lang='lat' dir='ltr'><strong>Hinc</strong></span> <span class='ocrx_word' id='word_1_310' title='bbox 1442 3803 1722 3859; x_wconf 84' lang='lat' dir='ltr'><strong>Psalmista</strong></span> <span class='ocrx_word' id='word_1_311' title='bbox 1764 3806 1938 3860; x_wconf 90' lang='lat' dir='ltr'><strong>vicina</strong></span> <span class='ocrx_word' id='word_1_312' title='bbox 1983 3808 2171 3861; x_wconf 91' lang='lat' dir='ltr'><strong>eadem</strong></span> 
     </span>
    </p>
   </div>
   <div class='ocr_carea' id='block_1_42' title="bbox 591 3895 2170 3963">
    <p class='ocr_par' dir='ltr' id='par_1_42' title="bbox 591 3895 2170 3963">
     <span class='ocr_line' id='line_1_42' title="bbox 591 3895 2170 3963; baseline 0.001 -14"><span class='ocrx_word' id='word_1_313' title='bbox 591 3895 787 3949; x_wconf 81' lang='lat' dir='ltr'><strong>auxilia</strong></span> <span class='ocrx_word' id='word_1_314' title='bbox 812 3896 1123 3963; x_wconf 65' lang='lat' dir='ltr'><strong>respiciens,</strong></span> <span class='ocrx_word' id='word_1_315' title='bbox 1153 3896 1227 3949; x_wconf 88' lang='lat' dir='ltr'><strong>ait</strong></span> <span class='ocrx_word' id='word_1_316' title='bbox 1253 3913 1265 3947; x_wconf 91' lang='lat'><strong>:</strong></span> <span class='ocrx_word' id='word_1_317' title='bbox 1291 3896 1629 3950; x_wconf 85' lang='lat' dir='ltr'><strong>Providebam</strong></span> <span class='ocrx_word' id='word_1_318' title='bbox 1657 3895 1937 3951; x_wconf 71' lang='lat' dir='ltr'><strong>Dom’num</strong></span> <span class='ocrx_word' id='word_1_319' title='bbox 1962 3897 2015 3950; x_wconf 88' lang='lat' dir='ltr'><strong>in</strong></span> <span class='ocrx_word' id='word_1_320' title='bbox 2043 3913 2170 3950; x_wconf 85' lang='lat' dir='ltr'><strong>con-</strong></span> 
     </span>
    </p>
   </div>
   <div class='ocr_carea' id='block_1_43' title="bbox 590 3985 2174 4055">
    <p class='ocr_par' dir='ltr' id='par_1_43' title="bbox 590 3985 2174 4055">
     <span class='ocr_line' id='line_1_43' title="bbox 590 3985 2174 4055; baseline -0.001 -17"><span class='ocrx_word' id='word_1_321' title='bbox 590 3993 763 4053; x_wconf 72' lang='lat' dir='ltr'><strong>spectu</strong></span> <span class='ocrx_word' id='word_1_322' title='bbox 808 4001 919 4039; x_wconf 84' lang='lat' dir='ltr'><strong>meo</strong></span> <span class='ocrx_word' id='word_1_323' title='bbox 962 4001 1179 4054; x_wconf 82' lang='lat' dir='ltr'><strong>semper,</strong></span> <span class='ocrx_word' id='word_1_324' title='bbox 1211 3986 1455 4055; x_wconf 87' lang='lat' dir='ltr'><strong>quoniam</strong></span> <span class='ocrx_word' id='word_1_325' title='bbox 1499 4002 1531 4037; x_wconf 80' lang='grc' dir='ltr'><em>α</em></span> <span class='ocrx_word' id='word_1_326' title='bbox 1570 3985 1765 4039; x_wconf 73' lang='lat' dir='ltr'><strong>dextris</strong></span> <span class='ocrx_word' id='word_1_327' title='bbox 1807 3994 1883 4039; x_wconf 79' lang='lat' dir='ltr'><strong>est</strong></span> <span class='ocrx_word' id='word_1_328' title='bbox 1922 3986 2077 4050; x_wconf 86' lang='lat' dir='ltr'><strong>mihi,</strong></span> <span class='ocrx_word' id='word_1_329' title='bbox 2108 4001 2174 4038; x_wconf 85' lang='lat' dir='ltr'><strong>ne</strong></span> 
     </span>
    </p>
   </div>
   <div class='ocr_carea' id='block_1_44' title="bbox 590 4072 2173 4143">
    <p class='ocr_par' dir='ltr' id='par_1_44' title="bbox 590 4072 2173 4143">
     <span class='ocr_line' id='line_1_44' title="bbox 590 4072 2173 4143; baseline -0.001 -15"><span class='ocrx_word' id='word_1_330' title='bbox 590 4091 907 4128; x_wconf 83' lang='lat' dir='ltr'><strong>commoveor</strong></span> <span class='ocrx_word' id='word_1_331' title='bbox 956 4074 1128 4143; x_wconf 82' lang='lat' dir='ltr'><strong>(Psal.</strong></span> <span class='ocrx_word' id='word_1_332' title='bbox 1157 4090 1257 4141; x_wconf 82' lang='lat' dir='ltr'><strong>xv,</strong></span> <span class='ocrx_word' id='word_1_333' title='bbox 1292 4073 1370 4143; x_wconf 89' lang='lat'><strong>8).</strong></span> <span class='ocrx_word' id='word_1_334' title='bbox 1422 4074 1528 4128; x_wconf 89' lang='lat' dir='ltr'><strong>Sed</strong></span> <span class='ocrx_word' id='word_1_335' title='bbox 1576 4072 1688 4143; x_wconf 87' lang='lat' dir='ltr'><strong>jam</strong></span> <span class='ocrx_word' id='word_1_336' title='bbox 1737 4075 1997 4143; x_wconf 84' lang='lat' dir='ltr'><strong>propheta</strong></span> <span class='ocrx_word' id='word_1_337' title='bbox 2043 4072 2173 4142; x_wconf 86' lang='lat' dir='ltr'><strong>quid</strong></span> 
     </span>
    </p>
   </div>
   <div class='ocr_carea' id='block_1_45' title="bbox 594 4164 2172 4234">
    <p class='ocr_par' dir='ltr' id='par_1_45' title="bbox 594 4164 2172 4234">
     <span class='ocr_line' id='line_1_45' title="bbox 594 4164 2172 4234; baseline 0.001 -16"><span class='ocrx_word' id='word_1_338' title='bbox 594 4180 704 4219; x_wconf 84' lang='lat' dir='ltr'><strong>non</strong></span> <span class='ocrx_word' id='word_1_339' title='bbox 731 4165 1064 4234; x_wconf 85' lang='lat' dir='ltr'><strong>exspectanti</strong></span> <span class='ocrx_word' id='word_1_340' title='bbox 1086 4164 1258 4230; x_wconf 90' lang='lat' dir='ltr'><strong>dicat;</strong></span> <span class='ocrx_word' id='word_1_341' title='bbox 1289 4164 1418 4233; x_wconf 88' lang='lat' dir='ltr'><strong>quid</strong></span> <span class='ocrx_word' id='word_1_342' title='bbox 1441 4165 1503 4228; x_wconf 89' lang='lat' dir='ltr'><strong>is,</strong></span> <span class='ocrx_word' id='word_1_343' title='bbox 1526 4166 1617 4233; x_wconf 89' lang='lat' dir='ltr'><strong>qui</strong></span> <span class='ocrx_word' id='word_1_344' title='bbox 1638 4173 1952 4234; x_wconf 76' lang='lat' dir='ltr'><strong>exspectare</strong></span> <span class='ocrx_word' id='word_1_345' title='bbox 1982 4166 2172 4233; x_wconf 90' lang='lat' dir='ltr'><strong>noluit,</strong></span> 
     </span>
    </p>
   </div>
   <div class='ocr_carea' id='block_1_46' title="bbox 594 4255 1285 4324">
    <p class='ocr_par' dir='ltr' id='par_1_46' title="bbox 594 4255 1285 4324">
     <span class='ocr_line' id='line_1_46' title="bbox 594 4255 1285 4324; baseline -0.006 -15"><span class='ocrx_word' id='word_1_346' title='bbox 594 4255 933 4324; x_wconf 86' lang='lat' dir='ltr'><strong>respondeat,</strong></span> <span class='ocrx_word' id='word_1_347' title='bbox 965 4256 1241 4309; x_wconf 86' lang='lat' dir='ltr'><strong>audiamus</strong></span> <span class='ocrx_word' id='word_1_348' title='bbox 1273 4270 1285 4305; x_wconf 92' lang='lat'><strong><em>:</em></strong></span> 
     </span>
    </p>
   </div>
   <div class='ocr_carea' id='block_1_47' title="bbox 671 4367 2176 4439">
    <p class='ocr_par' dir='ltr' id='par_1_47' title="bbox 671 4367 2176 4439">
     <span class='ocr_line' id='line_1_47' title="bbox 671 4367 2176 4439; baseline -0.001 -15"><span class='ocrx_word' id='word_1_349' title='bbox 671 4369 844 4438; x_wconf 87' lang='lat' dir='ltr'><strong>(Vers.</strong></span> <span class='ocrx_word' id='word_1_350' title='bbox 877 4367 992 4438; x_wconf 78' lang='grc' dir='ltr'><strong>Η.)</strong></span> <span class='ocrx_word' id='word_1_351' title='bbox 1031 4368 1352 4439; x_wconf 82' lang='lat' dir='ltr'><strong>Locutusque</strong></span> <span class='ocrx_word' id='word_1_352' title='bbox 1386 4376 1461 4421; x_wconf 61' lang='lat' dir='ltr'><strong>est</strong></span> <span class='ocrx_word' id='word_1_353' title='bbox 1506 4368 1577 4421; x_wconf 87' lang='lat' dir='ltr'><strong>ad</strong></span> <span class='ocrx_word' id='word_1_354' title='bbox 1612 4385 1725 4422; x_wconf 88' lang='lat' dir='ltr'><strong>eum</strong></span> <span class='ocrx_word' id='word_1_355' title='bbox 1754 4368 2006 4424; x_wconf 86' lang='lat' dir='ltr'><strong>Samuel:</strong></span> <span class='ocrx_word' id='word_1_356' title='bbox 2040 4367 2176 4432; x_wconf 85' lang='lat' dir='ltr'><strong>Quid</strong></span> 
     </span>
    </p>
   </div>
   <div class='ocr_carea' id='block_1_48' title="bbox 598 4460 804 4533">
    <p class='ocr_par' dir='ltr' id='par_1_48' title="bbox 598 4460 804 4533">
     <span class='ocr_line' id='line_1_48' title="bbox 598 4460 804 4533; baseline 0 -18"><span class='ocrx_word' id='word_1_357' title='bbox 598 4460 763 4533; x_wconf 76' lang='lat' dir='ltr'><strong>fecisti</strong></span> <span class='ocrx_word' id='word_1_358' title='bbox 780 4462 804 4515; x_wconf 84' lang='lat'><strong><em>?</em></strong></span> 
     </span>
    </p>
   </div>
   <div class='ocr_carea' id='block_1_49' title="bbox 668 4552 2173 4644">
    <p class='ocr_par' dir='ltr' id='par_1_49' title="bbox 668 4552 2173 4644">
     <span class='ocr_line' id='line_1_49' title="bbox 668 4552 2173 4644; baseline 0 -17"><span class='ocrx_word' id='word_1_359' title='bbox 668 4575 755 4629; x_wconf 72' lang='lat'><strong>16.</strong></span> <span class='ocrx_word' id='word_1_360' title='bbox 803 4574 1018 4630; x_wconf 85' lang='lat' dir='ltr'><strong>Sciebat</strong></span> <span class='ocrx_word' id='word_1_361' title='bbox 1064 4572 1279 4644; x_wconf 89' lang='lat' dir='ltr'><strong>quidem</strong></span> <span class='ocrx_word' id='word_1_362' title='bbox 1323 4573 1582 4642; x_wconf 90' lang='lat' dir='ltr'><strong>propheta</strong></span> <span class='ocrx_word' id='word_1_363' title='bbox 1625 4572 1753 4643; x_wconf 90' lang='lat' dir='ltr'><strong>quid</strong></span> <span class='ocrx_word' id='word_1_364' title='bbox 1797 4552 2033 4637; x_wconf 61' lang='lat' dir='ltr'><strong>fecerat,</strong></span> <span class='ocrx_word' id='word_1_365' title='bbox 2078 4574 2173 4628; x_wconf 89' lang='lat' dir='ltr'><strong>sed</strong></span> 
     </span>
    </p>
   </div>
   <div class='ocr_carea' id='block_1_50' title="bbox 596 4662 2174 4735">
    <p class='ocr_par' dir='ltr' id='par_1_50' title="bbox 596 4662 2174 4735">
     <span class='ocr_line' id='line_1_50' title="bbox 596 4662 2174 4735; baseline -0.002 -13"><span class='ocrx_word' id='word_1_366' title='bbox 596 4665 997 4735; x_wconf 84' lang='lat' dir='ltr'><strong>interrogando,</strong></span> <span class='ocrx_word' id='word_1_367' title='bbox 1025 4663 1403 4720; x_wconf 68' lang='lat' dir='ltr'><strong>inobedientia:</strong></span> <span class='ocrx_word' id='word_1_368' title='bbox 1428 4662 1626 4719; x_wconf 81' lang='lat' dir='ltr'><strong>factum</strong></span> <span class='ocrx_word' id='word_1_369' title='bbox 1648 4662 1991 4734; x_wconf 83' lang='lat' dir='ltr'><strong>reprobabat.</strong></span> <span class='ocrx_word' id='word_1_370' title='bbox 2023 4664 2174 4719; x_wconf 85' lang='lat' dir='ltr'><strong>Unde</strong></span> 
     </span>
    </p>
   </div>
   <div class='ocr_carea' id='block_1_51' title="bbox 595 4755 2173 4827">
    <p class='ocr_par' dir='ltr' id='par_1_51' title="bbox 595 4755 2173 4827">
     <span class='ocr_line' id='line_1_51' title="bbox 595 4755 2173 4827; baseline 0 -18"><span class='ocrx_word' id='word_1_371' title='bbox 595 4766 649 4810; x_wconf 91' lang='lat' dir='ltr'><strong>et</strong></span> <span class='ocrx_word' id='word_1_372' title='bbox 679 4756 746 4811; x_wconf 91' lang='lat' dir='ltr'><strong>ad</strong></span> <span class='ocrx_word' id='word_1_373' title='bbox 777 4766 1088 4827; x_wconf 68' lang='lat' dir='ltr'><strong>peccantem</strong></span> <span class='ocrx_word' id='word_1_374' title='bbox 1133 4756 1302 4810; x_wconf 88' lang='lat' dir='ltr'><strong>Adam</strong></span> <span class='ocrx_word' id='word_1_375' title='bbox 1346 4755 1398 4809; x_wconf 91' lang='lat' dir='ltr'><strong>in</strong></span> <span class='ocrx_word' id='word_1_376' title='bbox 1446 4755 1695 4826; x_wconf 90' lang='lat' dir='ltr'><strong>paradiso</strong></span> <span class='ocrx_word' id='word_1_377' title='bbox 1722 4770 1753 4809; x_wconf 93' lang='lat' dir='ltr'><strong>a</strong></span> <span class='ocrx_word' id='word_1_378' title='bbox 1780 4755 2006 4810; x_wconf 90' lang='lat' dir='ltr'><strong>Domino</strong></span> <span class='ocrx_word' id='word_1_379' title='bbox 2035 4755 2173 4810; x_wconf 88' lang='lat' dir='ltr'><strong>dici-</strong></span> 
     </span>
    </p>
   </div>
   <div class='ocr_carea' id='block_1_52' title="bbox 596 4844 2176 4918">
    <p class='ocr_par' dir='ltr' id='par_1_52' title="bbox 596 4844 2176 4918">
     <span class='ocr_line' id='line_1_52' title="bbox 596 4844 2176 4918; baseline -0.001 -17"><span class='ocrx_word' id='word_1_380' title='bbox 596 4856 685 4901; x_wconf 87' lang='lat' dir='ltr'><strong>tur</strong></span> <span class='ocrx_word' id='word_1_381' title='bbox 716 4865 729 4900; x_wconf 92' lang='lat'><strong>:</strong></span> <span class='ocrx_word' id='word_1_382' title='bbox 763 4848 929 4903; x_wconf 80' lang='lat' dir='ltr'><strong>Adam</strong></span> <span class='ocrx_word' id='word_1_383' title='bbox 956 4847 1046 4901; x_wconf 88' lang='lat' dir='ltr'><strong>ubi</strong></span> <span class='ocrx_word' id='word_1_384' title='bbox 1073 4847 1173 4901; x_wconf 85' lang='lat' dir='ltr'><strong>es?</strong></span> <span class='ocrx_word' id='word_1_385' title='bbox 1213 4844 1365 4918; x_wconf 84' lang='lat' dir='ltr'><strong>(Cen.</strong></span> <span class='ocrx_word' id='word_1_386' title='bbox 1397 4863 1480 4910; x_wconf 80' lang='grc' dir='ltr'>ιιι,</span> <span class='ocrx_word' id='word_1_387' title='bbox 1529 4844 1607 4916; x_wconf 82' lang='lat'><strong>9).</strong></span> <span class='ocrx_word' id='word_1_388' title='bbox 1653 4844 1838 4902; x_wconf 88' lang='lat' dir='ltr'><strong>Potest</strong></span> <span class='ocrx_word' id='word_1_389' title='bbox 1873 4846 2036 4900; x_wconf 90' lang='lat' dir='ltr'><strong>etiam</strong></span> <span class='ocrx_word' id='word_1_390' title='bbox 2080 4861 2176 4915; x_wconf 89' lang='lat' dir='ltr'><strong>per</strong></span> 
     </span>
    </p>
   </div>
   <div class='ocr_carea' id='block_1_53' title="bbox 598 4936 2178 5008">
    <p class='ocr_par' dir='ltr' id='par_1_53' title="bbox 598 4936 2178 5008">
     <span class='ocr_line' id='line_1_53' title="bbox 598 4936 2178 5008; baseline -0.001 -17"><span class='ocrx_word' id='word_1_391' title='bbox 598 4938 740 4991; x_wconf 91' lang='lat' dir='ltr'><strong>hanc</strong></span> <span class='ocrx_word' id='word_1_392' title='bbox 770 4938 1244 5008; x_wconf 70' lang='lat' dir='ltr'><strong>interrogationem</strong></span> <span class='ocrx_word' id='word_1_393' title='bbox 1277 4936 1585 5005; x_wconf 82' lang='lat' dir='ltr'><strong>magnitudo</strong></span> <span class='ocrx_word' id='word_1_394' title='bbox 1613 4945 1793 4991; x_wconf 86' lang='lat' dir='ltr'><strong>reatus</strong></span> <span class='ocrx_word' id='word_1_395' title='bbox 1820 4937 2071 4991; x_wconf 86' lang='lat' dir='ltr'><strong>intimari.</strong></span> <span class='ocrx_word' id='word_1_396' title='bbox 2100 4936 2178 4990; x_wconf 86' lang='lat' dir='ltr'><strong>Ac</strong></span> 
     </span>
    </p>
   </div>
   <div class='ocr_carea' id='block_1_54' title="bbox 601 5027 2180 5099">
    <p class='ocr_par' dir='ltr' id='par_1_54' title="bbox 601 5027 2180 5099">
     <span class='ocr_line' id='line_1_54' title="bbox 601 5027 2180 5099; baseline -0.003 -14"><span class='ocrx_word' id='word_1_397' title='bbox 601 5028 644 5085; x_wconf 90' lang='lat' dir='ltr'><strong>si</strong></span> <span class='ocrx_word' id='word_1_398' title='bbox 678 5037 861 5099; x_wconf 89' lang='lat' dir='ltr'><strong>aperte</strong></span> <span class='ocrx_word' id='word_1_399' title='bbox 898 5030 1043 5084; x_wconf 89' lang='lat' dir='ltr'><strong>dicat</strong></span> <span class='ocrx_word' id='word_1_400' title='bbox 1073 5048 1085 5082; x_wconf 90' lang='lat'><strong>:</strong></span> <span class='ocrx_word' id='word_1_401' title='bbox 1114 5029 1309 5085; x_wconf 89' lang='lat' dir='ltr'><strong>Parum</strong></span> <span class='ocrx_word' id='word_1_402' title='bbox 1358 5030 1453 5083; x_wconf 90' lang='lat' dir='ltr'><strong>tibi</strong></span> <span class='ocrx_word' id='word_1_403' title='bbox 1505 5028 1714 5082; x_wconf 88' lang='lat' dir='ltr'><strong>videtur</strong></span> <span class='ocrx_word' id='word_1_404' title='bbox 1739 5066 1752 5091; x_wconf 94' lang='lat'><strong>,</strong></span> <span class='ocrx_word' id='word_1_405' title='bbox 1799 5027 1943 5095; x_wconf 91' lang='lat' dir='ltr'><strong>quod</strong></span> <span class='ocrx_word' id='word_1_406' title='bbox 1991 5027 2180 5081; x_wconf 86' lang='lat' dir='ltr'><strong>inobe-</strong></span> 
     </span>
    </p>
   </div>
   <div class='ocr_carea' id='block_1_55' title="bbox 600 5118 2179 5189">
    <p class='ocr_par' dir='ltr' id='par_1_55' title="bbox 600 5118 2179 5189">
     <span class='ocr_line' id='line_1_55' title="bbox 600 5118 2179 5189; baseline -0.001 -16"><span class='ocrx_word' id='word_1_407' title='bbox 600 5118 798 5174; x_wconf 90' lang='lat' dir='ltr'><strong>diendo</strong></span> <span class='ocrx_word' id='word_1_408' title='bbox 826 5119 1113 5189; x_wconf 85' lang='lat' dir='ltr'><strong>deliqueris</strong></span> <span class='ocrx_word' id='word_1_409' title='bbox 1134 5160 1148 5185; x_wconf 94' lang='lat'><strong>,</strong></span> <span class='ocrx_word' id='word_1_410' title='bbox 1178 5121 1270 5175; x_wconf 85' lang='lat' dir='ltr'><strong>sed</strong></span> <span class='ocrx_word' id='word_1_411' title='bbox 1294 5136 1323 5174; x_wconf 91' lang='lat' dir='ltr'><strong>a</strong></span> <span class='ocrx_word' id='word_1_412' title='bbox 1353 5119 1470 5174; x_wconf 89' lang='lat' dir='ltr'><strong>sub‘l</strong></span> <span class='ocrx_word' id='word_1_413' title='bbox 1496 5120 1565 5173; x_wconf 79' lang='lat' dir='ltr'><strong>ini</strong></span> <span class='ocrx_word' id='word_1_414' title='bbox 1596 5119 1780 5187; x_wconf 69' lang='lat' dir='ltr'><strong>gloriae</strong></span> <span class='ocrx_word' id='word_1_415' title='bbox 1810 5128 1912 5172; x_wconf 68' lang='lat' dir='ltr'><strong>tua:</strong></span> <span class='ocrx_word' id='word_1_416' title='bbox 1947 5118 2179 5172; x_wconf 81' lang='lat' dir='ltr'><strong>culmine</strong></span> 
     </span>
    </p>
   </div>
   <div class='ocr_carea' id='block_1_56' title="bbox 600 5210 2178 5282">
    <p class='ocr_par' dir='ltr' id='par_1_56' title="bbox 600 5210 2178 5282">
     <span class='ocr_line' id='line_1_56' title="bbox 600 5210 2178 5282; baseline -0.003 -15"><span class='ocrx_word' id='word_1_417' title='bbox 600 5212 963 5282; x_wconf 89' lang='lat' dir='ltr'><strong>dclinquendo</strong></span> <span class='ocrx_word' id='word_1_418' title='bbox 989 5213 1249 5268; x_wconf 88' lang='lat' dir='ltr'><strong>cecidisti.</strong></span> <span class='ocrx_word' id='word_1_419' title='bbox 1280 5213 1430 5267; x_wconf 87' lang='lat' dir='ltr'><strong>Nunc</strong></span> <span class='ocrx_word' id='word_1_420' title='bbox 1454 5227 1581 5280; x_wconf 85' lang='lat' dir='ltr'><strong>ergo</strong></span> <span class='ocrx_word' id='word_1_421' title='bbox 1620 5210 1858 5281; x_wconf 89' lang='lat' dir='ltr'><strong>plerique</strong></span> <span class='ocrx_word' id='word_1_422' title='bbox 1886 5211 2021 5264; x_wconf 89' lang='lat' dir='ltr'><strong>intra</strong></span> <span class='ocrx_word' id='word_1_423' title='bbox 2050 5224 2178 5263; x_wconf 85' lang='lat' dir='ltr'><strong>san-</strong></span> 
     </span>
    </p>
   </div>
   <div class='ocr_carea' id='block_1_57' title="bbox 603 5300 2181 5370">
    <p class='ocr_par' dir='ltr' id='par_1_57' title="bbox 603 5300 2181 5370">
     <span class='ocr_line' id='line_1_57' title="bbox 603 5300 2181 5370; baseline -0.003 -12"><span class='ocrx_word' id='word_1_424' title='bbox 603 5314 745 5359; x_wconf 87' lang='lat' dir='ltr'><strong>ctam</strong></span> <span class='ocrx_word' id='word_1_425' title='bbox 793 5304 1088 5361; x_wconf 89' lang='lat' dir='ltr'><strong>Ecclesiam</strong></span> <span class='ocrx_word' id='word_1_426' title='bbox 1137 5319 1196 5359; x_wconf 86' lang='lat' dir='ltr'><strong>se</strong></span> <span class='ocrx_word' id='word_1_427' title='bbox 1244 5302 1457 5370; x_wconf 86' lang='lat' dir='ltr'><strong>ﬂagitiis</strong></span> <span class='ocrx_word' id='word_1_428' title='bbox 1503 5304 1770 5367; x_wconf 89' lang='lat' dir='ltr'><strong>obruunt,</strong></span> <span class='ocrx_word' id='word_1_429' title='bbox 1803 5308 1858 5356; x_wconf 88' lang='lat' dir='ltr'><strong>et</strong></span> <span class='ocrx_word' id='word_1_430' title='bbox 1898 5300 2047 5369; x_wconf 90' lang='lat' dir='ltr'><strong>quasi</strong></span> <span class='ocrx_word' id='word_1_431' title='bbox 2087 5300 2181 5367; x_wconf 89' lang='lat' dir='ltr'><strong>qui</strong></span> 
     </span>
    </p>
   </div>
   <div class='ocr_carea' id='block_1_58' title="bbox 604 5392 2177 5463">
    <p class='ocr_par' dir='ltr' id='par_1_58' title="bbox 604 5392 2177 5463">
     <span class='ocr_line' id='line_1_58' title="bbox 604 5392 2177 5463; baseline -0.002 -14"><span class='ocrx_word' id='word_1_432' title='bbox 604 5396 747 5449; x_wconf 87' lang='lat' dir='ltr'><strong>nulla</strong></span> <span class='ocrx_word' id='word_1_433' title='bbox 778 5403 870 5449; x_wconf 89' lang='lat' dir='ltr'><strong>aut</strong></span> <span class='ocrx_word' id='word_1_434' title='bbox 898 5396 1117 5449; x_wconf 89' lang='lat' dir='ltr'><strong>minima</strong></span> <span class='ocrx_word' id='word_1_435' title='bbox 1150 5393 1399 5463; x_wconf 83' lang='lat' dir='ltr'><strong>perdant,</strong></span> <span class='ocrx_word' id='word_1_436' title='bbox 1432 5394 1607 5446; x_wconf 88' lang='lat' dir='ltr'><strong>securi</strong></span> <span class='ocrx_word' id='word_1_437' title='bbox 1638 5400 1779 5445; x_wconf 89' lang='lat' dir='ltr'><strong>sunt.</strong></span> <span class='ocrx_word' id='word_1_438' title='bbox 1808 5392 2024 5446; x_wconf 90' lang='lat' dir='ltr'><strong>Dicatur</strong></span> <span class='ocrx_word' id='word_1_439' title='bbox 2047 5403 2177 5457; x_wconf 81' lang='lat' dir='ltr'><strong>ergo</strong></span> 
     </span>
    </p>
   </div>
   <div class='ocr_carea' id='block_1_59' title="bbox 604 5480 2176 5553">
    <p class='ocr_par' dir='ltr' id='par_1_59' title="bbox 604 5480 2176 5553">
     <span class='ocr_line' id='line_1_59' title="bbox 604 5480 2176 5553; baseline -0.002 -16"><span class='ocrx_word' id='word_1_440' title='bbox 604 5483 756 5553; x_wconf 89' lang='lat' dir='ltr'><strong>lapso</strong></span> <span class='ocrx_word' id='word_1_441' title='bbox 781 5526 796 5551; x_wconf 93' lang='lat'><strong>,</strong></span> <span class='ocrx_word' id='word_1_442' title='bbox 836 5485 1046 5538; x_wconf 90' lang='lat' dir='ltr'><strong>dicatur</strong></span> <span class='ocrx_word' id='word_1_443' title='bbox 1078 5501 1089 5537; x_wconf 88' lang='lat'>:</span> <span class='ocrx_word' id='word_1_444' title='bbox 1119 5482 1256 5545; x_wconf 84' lang='lat' dir='ltr'><strong>Quid</strong></span> <span class='ocrx_word' id='word_1_445' title='bbox 1302 5483 1505 5552; x_wconf 79' lang='lat' dir='ltr'><strong>fecisti?</strong></span> <span class='ocrx_word' id='word_1_446' title='bbox 1550 5480 1745 5534; x_wconf 85' lang='lat' dir='ltr'><strong>Parum</strong></span> <span class='ocrx_word' id='word_1_447' title='bbox 1797 5480 1888 5535; x_wconf 90' lang='lat' dir='ltr'><strong>tibi</strong></span> <span class='ocrx_word' id='word_1_448' title='bbox 1937 5481 2176 5546; x_wconf 88' lang='lat' dir='ltr'><strong>videtur,</strong></span> 
     </span>
    </p>
   </div>
   <div class='ocr_carea' id='block_1_60' title="bbox 605 5570 2177 5642">
    <p class='ocr_par' dir='ltr' id='par_1_60' title="bbox 605 5570 2177 5642">
     <span class='ocr_line' id='line_1_60' title="bbox 605 5570 2177 5642; baseline -0.002 -15"><span class='ocrx_word' id='word_1_449' title='bbox 605 5574 749 5641; x_wconf 89' lang='lat' dir='ltr'><strong>quod</strong></span> <span class='ocrx_word' id='word_1_450' title='bbox 776 5582 827 5627; x_wconf 89' lang='lat' dir='ltr'><strong>te</strong></span> <span class='ocrx_word' id='word_1_451' title='bbox 851 5573 1054 5642; x_wconf 87' lang='lat' dir='ltr'><strong>peccati</strong></span> <span class='ocrx_word' id='word_1_452' title='bbox 1086 5572 1245 5627; x_wconf 85' lang='lat' dir='ltr'><strong>sorde</strong></span> <span class='ocrx_word' id='word_1_453' title='bbox 1267 5572 1538 5642; x_wconf 56' lang='lat' dir='ltr'><strong>polluerie,</strong></span> <span class='ocrx_word' id='word_1_454' title='bbox 1570 5570 1696 5641; x_wconf 88' lang='lat' dir='ltr'><strong>quia</strong></span> <span class='ocrx_word' id='word_1_455' title='bbox 1719 5585 1879 5641; x_wconf 88' lang='lat' dir='ltr'><strong>quam</strong></span> <span class='ocrx_word' id='word_1_456' title='bbox 1903 5571 2177 5624; x_wconf 67' lang='lat' dir='ltr'><strong>asternita—</strong></span> 
     </span>
    </p>
   </div>
   <div class='ocr_carea' id='block_1_61' title="bbox 604 5662 2183 5733">
    <p class='ocr_par' dir='ltr' id='par_1_61' title="bbox 604 5662 2183 5733">
     <span class='ocr_line' id='line_1_61' title="bbox 604 5662 2183 5733; baseline -0.003 -13"><span class='ocrx_word' id='word_1_457' title='bbox 604 5664 672 5720; x_wconf 85' lang='lat' dir='ltr'><strong>tis</strong></span> <span class='ocrx_word' id='word_1_458' title='bbox 694 5663 916 5732; x_wconf 83' lang='lat' dir='ltr'><strong>gloriam</strong></span> <span class='ocrx_word' id='word_1_459' title='bbox 940 5663 1250 5733; x_wconf 68' lang='lat' dir='ltr'><strong>perdideris,</strong></span> <span class='ocrx_word' id='word_1_460' title='bbox 1276 5676 1436 5732; x_wconf 88' lang='lat' dir='ltr'><strong>quam</strong></span> <span class='ocrx_word' id='word_1_461' title='bbox 1459 5662 1714 5732; x_wconf 76' lang='lat' dir='ltr'><strong>gehenn-n</strong></span> <span class='ocrx_word' id='word_1_462' title='bbox 1734 5674 1944 5731; x_wconf 74' lang='lat' dir='ltr'><strong>pmuam</strong></span> <span class='ocrx_word' id='word_1_463' title='bbox 1972 5673 2183 5715; x_wconf 84' lang='lat' dir='ltr'><strong>merue-</strong></span> 
     </span>
    </p>
   </div>
   <div class='ocr_carea' id='block_1_62' title="bbox 2247 493 3804 567">
    <p class='ocr_par' dir='ltr' id='par_1_62' title="bbox 2247 493 3804 567">
     <span class='ocr_line' id='line_1_62' title="bbox 2247 493 3804 567; baseline 0.003 -20"><span class='ocrx_word' id='word_1_464' title='bbox 2247 493 2461 556; x_wconf 85' lang='lat' dir='ltr'><strong>l&#39;eceril,</strong></span> <span class='ocrx_word' id='word_1_465' title='bbox 2496 502 2555 547; x_wconf 91' lang='lat' dir='ltr'><strong>ut</strong></span> <span class='ocrx_word' id='word_1_466' title='bbox 2583 494 2647 547; x_wconf 94' lang='lat' dir='ltr'><strong>ad</strong></span> <span class='ocrx_word' id='word_1_467' title='bbox 2674 508 2770 549; x_wconf 90' lang='lat' dir='ltr'><strong>cor</strong></span> <span class='ocrx_word' id='word_1_468' title='bbox 2798 508 2896 564; x_wconf 89' lang='lat' dir='ltr'><strong>per</strong></span> <span class='ocrx_word' id='word_1_469' title='bbox 2930 493 3167 548; x_wconf 87' lang='lat' dir='ltr'><strong>lamenta</strong></span> <span class='ocrx_word' id='word_1_470' title='bbox 3194 493 3536 564; x_wconf 86' lang='lat' dir='ltr'><strong>perducatur,</strong></span> <span class='ocrx_word' id='word_1_471' title='bbox 3560 505 3614 549; x_wconf 93' lang='lat' dir='ltr'><strong>ut</strong></span> <span class='ocrx_word' id='word_1_472' title='bbox 3633 514 3804 567; x_wconf 81' lang='lat' dir='ltr'><strong>magna</strong></span> 
     </span>
    </p>
   </div>
   <div class='ocr_carea' id='block_1_63' title="bbox 2246 582 3803 655">
    <p class='ocr_par' dir='ltr' id='par_1_63' title="bbox 2246 582 3803 655">
     <span class='ocr_line' id='line_1_63' title="bbox 2246 582 3803 655; baseline 0.003 -18"><span class='ocrx_word' id='word_1_473' title='bbox 2246 596 2305 637; x_wconf 89' lang='lat' dir='ltr'><strong>se</strong></span> <span class='ocrx_word' id='word_1_474' title='bbox 2334 582 2624 637; x_wconf 84' lang='lat' dir='ltr'><strong>incurrisse</strong></span> <span class='ocrx_word' id='word_1_475' title='bbox 2650 583 2822 647; x_wconf 89' lang='lat' dir='ltr'><strong>sciat,</strong></span> <span class='ocrx_word' id='word_1_476' title='bbox 2864 590 2920 637; x_wconf 89' lang='lat' dir='ltr'><strong>et</strong></span> <span class='ocrx_word' id='word_1_477' title='bbox 2949 597 3136 652; x_wconf 85' lang='lat' dir='ltr'><strong>parum</strong></span> <span class='ocrx_word' id='word_1_478' title='bbox 3184 598 3289 637; x_wconf 91' lang='lat' dir='ltr'><strong>non</strong></span> <span class='ocrx_word' id='word_1_479' title='bbox 3330 582 3530 637; x_wconf 86' lang='lat' dir='ltr'><strong>doleat.</strong></span> <span class='ocrx_word' id='word_1_480' title='bbox 3571 584 3666 639; x_wconf 89' lang='lat' dir='ltr'><strong>Sed</strong></span> <span class='ocrx_word' id='word_1_481' title='bbox 3692 603 3803 655; x_wconf 70' lang='lat' dir='ltr'><strong>quia</strong></span> 
     </span>
    </p>
   </div>
   <div class='ocr_carea' id='block_1_64' title="bbox 2248 672 3805 743">
    <p class='ocr_par' dir='ltr' id='par_1_64' title="bbox 2248 672 3805 743">
     <span class='ocr_line' id='line_1_64' title="bbox 2248 672 3805 743; baseline 0.004 -17"><span class='ocrx_word' id='word_1_482' title='bbox 2248 688 2314 726; x_wconf 81' lang='lat' dir='ltr'><strong>ex</strong></span> <span class='ocrx_word' id='word_1_483' title='bbox 2344 672 2521 727; x_wconf 88' lang='lat' dir='ltr'><strong>radice</strong></span> <span class='ocrx_word' id='word_1_484' title='bbox 2550 673 2814 743; x_wconf 73' lang='lat' dir='ltr'><strong>superbin</strong></span> <span class='ocrx_word' id='word_1_485' title='bbox 2837 673 2950 741; x_wconf 89' lang='lat' dir='ltr'><strong>ipsa</strong></span> <span class='ocrx_word' id='word_1_486' title='bbox 2983 673 3139 743; x_wconf 88' lang='lat' dir='ltr'><strong>culpa</strong></span> <span class='ocrx_word' id='word_1_487' title='bbox 3170 672 3546 728; x_wconf 63' lang='lat' dir='ltr'><strong>inobedientite</strong></span> <span class='ocrx_word' id='word_1_488' title='bbox 3572 678 3805 743; x_wconf 83' lang='lat' dir='ltr'><strong>nascitur,</strong></span> 
     </span>
    </p>
   </div>
   <div class='ocr_carea' id='block_1_65' title="bbox 2248 764 3809 837">
    <p class='ocr_par' dir='ltr' id='par_1_65' title="bbox 2248 764 3809 837">
     <span class='ocr_line' id='line_1_65' title="bbox 2248 764 3809 837; baseline 0.002 -19"><span class='ocrx_word' id='word_1_489' title='bbox 2248 764 2425 818; x_wconf 90' lang='lat' dir='ltr'><strong>solent</strong></span> <span class='ocrx_word' id='word_1_490' title='bbox 2456 765 2615 818; x_wconf 89' lang='lat' dir='ltr'><strong>inobe</strong></span> <span class='ocrx_word' id='word_1_491' title='bbox 2637 765 2826 819; x_wconf 76' lang='lat' dir='ltr'><strong>fientes</strong></span> <span class='ocrx_word' id='word_1_492' title='bbox 2856 773 3037 819; x_wconf 87' lang='lat' dir='ltr'><strong>reatus</strong></span> <span class='ocrx_word' id='word_1_493' title='bbox 3074 765 3157 818; x_wconf 92' lang='lat' dir='ltr'><strong>sui</strong></span> <span class='ocrx_word' id='word_1_494' title='bbox 3188 766 3609 833; x_wconf 80' lang='lat' dir='ltr'><strong>magnitudinem</strong></span> <span class='ocrx_word' id='word_1_495' title='bbox 3647 769 3809 837; x_wconf 81' lang='lat' dir='ltr'><strong>objur-</strong></span> 
     </span>
    </p>
   </div>
   <div class='ocr_carea' id='block_1_66' title="bbox 2248 854 3813 922">
    <p class='ocr_par' dir='ltr' id='par_1_66' title="bbox 2248 854 3813 922">
     <span class='ocr_line' id='line_1_66' title="bbox 2248 854 3813 922; baseline 0.003 -16"><span class='ocrx_word' id='word_1_496' title='bbox 2248 855 2499 922; x_wconf 86' lang='lat' dir='ltr'><strong>gantibus</strong></span> <span class='ocrx_word' id='word_1_497' title='bbox 2527 855 2840 909; x_wconf 89' lang='lat' dir='ltr'><strong>doctoribus</strong></span> <span class='ocrx_word' id='word_1_498' title='bbox 2867 854 3074 920; x_wconf 88' lang='lat' dir='ltr'><strong>audire,</strong></span> <span class='ocrx_word' id='word_1_499' title='bbox 3106 854 3201 909; x_wconf 88' lang='lat' dir='ltr'><strong>sed</strong></span> <span class='ocrx_word' id='word_1_500' title='bbox 3231 871 3339 909; x_wconf 91' lang='lat' dir='ltr'><strong>non</strong></span> <span class='ocrx_word' id='word_1_501' title='bbox 3373 856 3641 911; x_wconf 88' lang='lat' dir='ltr'><strong>humiliter</strong></span> <span class='ocrx_word' id='word_1_502' title='bbox 3665 860 3813 912; x_wconf 63' lang='lat' dir='ltr'><strong>conti.</strong></span> 
     </span>
    </p>
   </div>
   <div class='ocr_carea' id='block_1_67' title="bbox 2253 943 3809 1016">
    <p class='ocr_par' dir='ltr' id='par_1_67' title="bbox 2253 943 3809 1016">
     <span class='ocr_line' id='line_1_67' title="bbox 2253 943 3809 1016; baseline 0.004 -21"><span class='ocrx_word' id='word_1_503' title='bbox 2253 944 2414 997; x_wconf 88' lang='lat' dir='ltr'><strong>tendo</strong></span> <span class='ocrx_word' id='word_1_504' title='bbox 2445 943 2776 998; x_wconf 78' lang='lat' dir='ltr'><strong>satisfacere.</strong></span> <span class='ocrx_word' id='word_1_505' title='bbox 2826 944 2959 997; x_wconf 77' lang='lat' dir='ltr'><strong>Nam</strong></span> <span class='ocrx_word' id='word_1_506' title='bbox 2999 959 3119 997; x_wconf 89' lang='lat' dir='ltr'><strong>cum</strong></span> <span class='ocrx_word' id='word_1_507' title='bbox 3168 943 3425 998; x_wconf 89' lang='lat' dir='ltr'><strong>sublimes</strong></span> <span class='ocrx_word' id='word_1_508' title='bbox 3455 943 3618 999; x_wconf 86' lang='lat' dir='ltr'><strong>videri</strong></span> <span class='ocrx_word' id='word_1_509' title='bbox 3660 961 3809 1016; x_wconf 86' lang='lat' dir='ltr'><strong>appe-</strong></span> 
     </span>
    </p>
   </div>
   <div class='ocr_carea' id='block_1_68' title="bbox 2252 1031 3811 1100">
    <p class='ocr_par' dir='ltr' id='par_1_68' title="bbox 2252 1031 3811 1100">
     <span class='ocr_line' id='line_1_68' title="bbox 2252 1031 3811 1100; baseline 0.004 -17"><span class='ocrx_word' id='word_1_510' title='bbox 2252 1039 2388 1093; x_wconf 89' lang='lat' dir='ltr'><strong>tunt,</strong></span> <span class='ocrx_word' id='word_1_511' title='bbox 2422 1033 2602 1100; x_wconf 90' lang='lat' dir='ltr'><strong>lapsus</strong></span> <span class='ocrx_word' id='word_1_512' title='bbox 2636 1047 2761 1085; x_wconf 90' lang='lat' dir='ltr'><strong>suos</strong></span> <span class='ocrx_word' id='word_1_513' title='bbox 2789 1031 3073 1085; x_wconf 76' lang='lat' dir='ltr'><strong>05tendere</strong></span> <span class='ocrx_word' id='word_1_514' title='bbox 3094 1031 3483 1099; x_wconf 84' lang='lat' dir='ltr'><strong>dedignantur;</strong></span> <span class='ocrx_word' id='word_1_515' title='bbox 3513 1040 3567 1086; x_wconf 91' lang='lat' dir='ltr'><strong>et</strong></span> <span class='ocrx_word' id='word_1_516' title='bbox 3598 1034 3703 1088; x_wconf 88' lang='lat' dir='ltr'><strong>ideo</strong></span> <span class='ocrx_word' id='word_1_517' title='bbox 3726 1052 3811 1090; x_wconf 83' lang='lat' dir='ltr'><strong>ex-</strong></span> 
     </span>
    </p>
   </div>
   <div class='ocr_carea' id='block_1_69' title="bbox 2253 1122 3812 1197">
    <p class='ocr_par' dir='ltr' id='par_1_69' title="bbox 2253 1122 3812 1197">
     <span class='ocr_line' id='line_1_69' title="bbox 2253 1122 3812 1197; baseline 0.004 -20"><span class='ocrx_word' id='word_1_518' title='bbox 2253 1123 2561 1178; x_wconf 90' lang='lat' dir='ltr'><strong>cusationes</strong></span> <span class='ocrx_word' id='word_1_519' title='bbox 2610 1124 2930 1192; x_wconf 81' lang='lat' dir='ltr'><strong>proferunt,</strong></span> <span class='ocrx_word' id='word_1_520' title='bbox 2978 1122 3240 1191; x_wconf 88' lang='lat' dir='ltr'><strong>justitiam</strong></span> <span class='ocrx_word' id='word_1_521' title='bbox 3292 1124 3656 1193; x_wconf 73' lang='lat' dir='ltr'><strong>prtetendunt;</strong></span> <span class='ocrx_word' id='word_1_522' title='bbox 3699 1130 3812 1197; x_wconf 84' lang='lat' dir='ltr'><strong>quia</strong></span> 
     </span>
    </p>
   </div>
   <div class='ocr_carea' id='block_1_70' title="bbox 2253 1213 3817 1287">
    <p class='ocr_par' dir='ltr' id='par_1_70' title="bbox 2253 1213 3817 1287">
     <span class='ocr_line' id='line_1_70' title="bbox 2253 1213 3817 1287; baseline 0.006 -24"><span class='ocrx_word' id='word_1_523' title='bbox 2253 1226 2517 1281; x_wconf 88' lang='lat' dir='ltr'><strong>apparere</strong></span> <span class='ocrx_word' id='word_1_524' title='bbox 2546 1222 2864 1281; x_wconf 88' lang='lat' dir='ltr'><strong>peccatores</strong></span> <span class='ocrx_word' id='word_1_525' title='bbox 2894 1213 3238 1267; x_wconf 88' lang='lat' dir='ltr'><strong>erubescunt.</strong></span> <span class='ocrx_word' id='word_1_526' title='bbox 3282 1213 3430 1268; x_wconf 89' lang='lat' dir='ltr'><strong>Bene</strong></span> <span class='ocrx_word' id='word_1_527' title='bbox 3458 1229 3588 1285; x_wconf 77' lang='lat' dir='ltr'><strong>ergo</strong></span> <span class='ocrx_word' id='word_1_528' title='bbox 3611 1218 3817 1287; x_wconf 76' lang='lat' dir='ltr'><strong>subjun-</strong></span> 
     </span>
    </p>
   </div>
   <div class='ocr_carea' id='block_1_71' title="bbox 2253 1302 2439 1370">
    <p class='ocr_par' dir='ltr' id='par_1_71' title="bbox 2253 1302 2439 1370">
     <span class='ocr_line' id='line_1_71' title="bbox 2253 1302 2439 1370; baseline 0 -17"><span class='ocrx_word' id='word_1_529' title='bbox 2253 1302 2396 1370; x_wconf 78' lang='lat' dir='ltr'><strong>gitur</strong></span> <span class='ocrx_word' id='word_1_530' title='bbox 2427 1319 2439 1353; x_wconf 92' lang='lat'><strong>:</strong></span> 
     </span>
    </p>
   </div>
   <div class='ocr_carea' id='block_1_72' title="bbox 2329 1390 3819 1469">
    <p class='ocr_par' dir='ltr' id='par_1_72' title="bbox 2329 1390 3819 1469">
     <span class='ocr_line' id='line_1_72' title="bbox 2329 1390 3819 1469; baseline 0.005 -24"><span class='ocrx_word' id='word_1_531' title='bbox 2329 1391 2508 1461; x_wconf 81' lang='lat' dir='ltr'><strong>(Vcrs.</strong></span> <span class='ocrx_word' id='word_1_532' title='bbox 2543 1390 2627 1455; x_wconf 74' lang='lat' dir='ltr'><strong>il,</strong></span> <span class='ocrx_word' id='word_1_533' title='bbox 2667 1390 2775 1461; x_wconf 76' lang='grc'><strong>19..)</strong></span> <span class='ocrx_word' id='word_1_534' title='bbox 2818 1392 3106 1460; x_wconf 75' lang='lat' dir='ltr'><strong>Respondit</strong></span> <span class='ocrx_word' id='word_1_535' title='bbox 3148 1393 3278 1447; x_wconf 84' lang='lat' dir='ltr'><strong>Saul</strong></span> <span class='ocrx_word' id='word_1_536' title='bbox 3308 1410 3325 1447; x_wconf 90' lang='lat'><strong><em>:</em></strong></span> <span class='ocrx_word' id='word_1_537' title='bbox 3351 1392 3486 1457; x_wconf 85' lang='lat' dir='ltr'><strong>Quia</strong></span> <span class='ocrx_word' id='word_1_538' title='bbox 3530 1396 3660 1463; x_wconf 75' lang='lat' dir='ltr'><strong>ridi,</strong></span> <span class='ocrx_word' id='word_1_539' title='bbox 3699 1401 3819 1469; x_wconf 81' lang='lat' dir='ltr'><strong>quod</strong></span> 
     </span>
    </p>
   </div>
   <div class='ocr_carea' id='block_1_73' title="bbox 2256 1482 3819 1556">
    <p class='ocr_par' dir='ltr' id='par_1_73' title="bbox 2256 1482 3819 1556">
     <span class='ocr_line' id='line_1_73' title="bbox 2256 1482 3819 1556; baseline 0.004 -22"><span class='ocrx_word' id='word_1_540' title='bbox 2256 1482 2571 1535; x_wconf 75' lang='lat' dir='ltr'><strong>dilaberetur</strong></span> <span class='ocrx_word' id='word_1_541' title='bbox 2598 1500 2629 1535; x_wconf 93' lang='lat' dir='ltr'><strong>a</strong></span> <span class='ocrx_word' id='word_1_542' title='bbox 2652 1500 2731 1535; x_wconf 88' lang='lat' dir='ltr'><strong>me</strong></span> <span class='ocrx_word' id='word_1_543' title='bbox 2759 1484 2976 1553; x_wconf 81' lang='lat' dir='ltr'><strong>populus</strong></span> <span class='ocrx_word' id='word_1_544' title='bbox 2995 1526 3010 1551; x_wconf 83' lang='lat'><strong>,</strong></span> <span class='ocrx_word' id='word_1_545' title='bbox 3032 1493 3080 1537; x_wconf 89' lang='lat' dir='ltr'><strong>et</strong></span> <span class='ocrx_word' id='word_1_546' title='bbox 3111 1494 3161 1536; x_wconf 86' lang='lat' dir='ltr'><strong>tu</strong></span> <span class='ocrx_word' id='word_1_547' title='bbox 3188 1501 3292 1538; x_wconf 88' lang='lat' dir='ltr'><strong>non</strong></span> <span class='ocrx_word' id='word_1_548' title='bbox 3316 1501 3525 1539; x_wconf 83' lang='lat' dir='ltr'><strong>veneras</strong></span> <span class='ocrx_word' id='word_1_549' title='bbox 3538 1486 3687 1555; x_wconf 69' lang='lat' dir='ltr'><strong>juxta</strong></span> <span class='ocrx_word' id='word_1_550' title='bbox 3711 1490 3819 1556; x_wconf 82' lang='lat' dir='ltr'><strong>pla-</strong></span> 
     </span>
    </p>
   </div>
   <div class='ocr_carea' id='block_1_74' title="bbox 2256 1572 3817 1646">
    <p class='ocr_par' dir='ltr' id='par_1_74' title="bbox 2256 1572 3817 1646">
     <span class='ocr_line' id='line_1_74' title="bbox 2256 1572 3817 1646; baseline 0.003 -20"><span class='ocrx_word' id='word_1_551' title='bbox 2256 1576 2382 1628; x_wconf 85' lang='lat' dir='ltr'><strong>citos</strong></span> <span class='ocrx_word' id='word_1_552' title='bbox 2425 1574 2552 1626; x_wconf 84' lang='lat' dir='ltr'><strong>dies.</strong></span> <span class='ocrx_word' id='word_1_553' title='bbox 2614 1573 2780 1627; x_wconf 84' lang='lat' dir='ltr'><strong>Porro</strong></span> <span class='ocrx_word' id='word_1_554' title='bbox 2829 1572 3112 1626; x_wconf 76' lang='lat' dir='ltr'><strong>Pliilistiim</strong></span> <span class='ocrx_word' id='word_1_555' title='bbox 3169 1576 3472 1646; x_wconf 81' lang='lat' dir='ltr'><strong>congregati</strong></span> <span class='ocrx_word' id='word_1_556' title='bbox 3538 1578 3728 1645; x_wconf 75' lang='lat' dir='ltr'><strong>fuerant</strong></span> <span class='ocrx_word' id='word_1_557' title='bbox 3772 1580 3817 1630; x_wconf 85' lang='lat' dir='ltr'><strong>in</strong></span> 
     </span>
    </p>
   </div>
   <div class='ocr_carea' id='block_1_75' title="bbox 2261 1665 3824 1738">
    <p class='ocr_par' dir='ltr' id='par_1_75' title="bbox 2261 1665 3824 1738">
     <span class='ocr_line' id='line_1_75' title="bbox 2261 1665 3824 1738; baseline 0.003 -19"><span class='ocrx_word' id='word_1_558' title='bbox 2261 1666 2520 1736; x_wconf 77' lang='lat' dir='ltr'><strong>Mugmas.</strong></span> <span class='ocrx_word' id='word_1_559' title='bbox 2574 1665 2796 1738; x_wconf 73' lang='lat' dir='ltr'><strong>Dixique</strong></span> <span class='ocrx_word' id='word_1_560' title='bbox 2844 1683 2862 1720; x_wconf 89' lang='lat'><strong><em>:</em></strong></span> <span class='ocrx_word' id='word_1_561' title='bbox 2918 1665 3073 1720; x_wconf 83' lang='lat' dir='ltr'><strong>Nunc</strong></span> <span class='ocrx_word' id='word_1_562' title='bbox 3104 1668 3410 1721; x_wconf 79' lang='lat' dir='ltr'><strong>descendent</strong></span> <span class='ocrx_word' id='word_1_563' title='bbox 3456 1666 3727 1721; x_wconf 71' lang='lat' dir='ltr'><strong>Plrilisliim</strong></span> <span class='ocrx_word' id='word_1_564' title='bbox 3760 1673 3824 1723; x_wconf 88' lang='lat' dir='ltr'><strong>ad</strong></span> 
     </span>
    </p>
   </div>
   <div class='ocr_carea' id='block_1_76' title="bbox 2192 1755 3823 1828">
    <p class='ocr_par' dir='ltr' id='par_1_76' title="bbox 2192 1755 3823 1828">
     <span class='ocr_line' id='line_1_76' title="bbox 2192 1755 3823 1828; baseline 0.001 -17"><span class='ocrx_word' id='word_1_565' title='bbox 2192 1762 2231 1818; x_wconf 78' lang='grc' dir='ltr'>Β</span> <span class='ocrx_word' id='word_1_566' title='bbox 2260 1775 2340 1811; x_wconf 89' lang='lat' dir='ltr'><strong>me</strong></span> <span class='ocrx_word' id='word_1_567' title='bbox 2362 1760 2413 1810; x_wconf 85' lang='lat' dir='ltr'><strong>in</strong></span> <span class='ocrx_word' id='word_1_568' title='bbox 2437 1755 2661 1828; x_wconf 74' lang='lat' dir='ltr'><strong>Gtt/gula</strong></span> <span class='ocrx_word' id='word_1_569' title='bbox 2685 1798 2700 1823; x_wconf 90' lang='lat'><strong>,</strong></span> <span class='ocrx_word' id='word_1_570' title='bbox 2732 1767 2781 1810; x_wconf 86' lang='lat' dir='ltr'><strong>et</strong></span> <span class='ocrx_word' id='word_1_571' title='bbox 2811 1758 2996 1826; x_wconf 80' lang='lat' dir='ltr'><strong>{aciem</strong></span> <span class='ocrx_word' id='word_1_572' title='bbox 3026 1755 3237 1810; x_wconf 87' lang='lat' dir='ltr'><strong>Domini</strong></span> <span class='ocrx_word' id='word_1_573' title='bbox 3266 1774 3368 1811; x_wconf 86' lang='lat' dir='ltr'><strong>non</strong></span> <span class='ocrx_word' id='word_1_574' title='bbox 3395 1760 3615 1827; x_wconf 82' lang='lat' dir='ltr'><strong>placavi.</strong></span> <span class='ocrx_word' id='word_1_575' title='bbox 3648 1757 3823 1813; x_wconf 79' lang='lat' dir='ltr'><strong>Neces-</strong></span> 
     </span>
    </p>
   </div>
   <div class='ocr_carea' id='block_1_77' title="bbox 2260 1847 3812 1925">
    <p class='ocr_par' dir='ltr' id='par_1_77' title="bbox 2260 1847 3812 1925">
     <span class='ocr_line' id='line_1_77' title="bbox 2260 1847 3812 1925; baseline -0.002 -24"><span class='ocrx_word' id='word_1_576' title='bbox 2260 1850 2412 1901; x_wconf 64' lang='lat' dir='ltr'><strong>sitate</strong></span> <span class='ocrx_word' id='word_1_577' title='bbox 2440 1848 2731 1919; x_wconf 84' lang='lat' dir='ltr'><strong>compulsus</strong></span> <span class='ocrx_word' id='word_1_578' title='bbox 2760 1848 2918 1901; x_wconf 88' lang='lat' dir='ltr'><strong>obtuli</strong></span> <span class='ocrx_word' id='word_1_579' title='bbox 2944 1847 3318 1925; x_wconf 59' lang='lat' dir='ltr'><strong>holocaustum.</strong></span> <span class='ocrx_word' id='word_1_580' title='bbox 3809 1915 3812 1918; x_wconf 18' lang='lat'><strong><em>.</em></strong></span> 
     </span>
    </p>
   </div>
   <div class='ocr_carea' id='block_1_78' title="bbox 2336 1939 3823 2009">
    <p class='ocr_par' dir='ltr' id='par_1_78' title="bbox 2336 1939 3823 2009">
     <span class='ocr_line' id='line_1_78' title="bbox 2336 1939 3823 2009; baseline 0.003 -18"><span class='ocrx_word' id='word_1_581' title='bbox 2336 1939 2419 1992; x_wconf 80' lang='lat' dir='ltr'><strong>i7.</strong></span> <span class='ocrx_word' id='word_1_582' title='bbox 2454 1941 2591 1994; x_wconf 81' lang='lat' dir='ltr'><strong>Ecce</strong></span> <span class='ocrx_word' id='word_1_583' title='bbox 2620 1940 2710 2007; x_wconf 90' lang='lat' dir='ltr'><strong>qui</strong></span> <span class='ocrx_word' id='word_1_584' title='bbox 2739 1941 2806 1994; x_wconf 90' lang='lat' dir='ltr'><strong>de</strong></span> <span class='ocrx_word' id='word_1_585' title='bbox 2836 1956 3041 2009; x_wconf 70' lang='lat' dir='ltr'><strong>magna:</strong></span> <span class='ocrx_word' id='word_1_586' title='bbox 3076 1941 3518 2008; x_wconf 67' lang='lat' dir='ltr'><strong>transgressionis</strong></span> <span class='ocrx_word' id='word_1_587' title='bbox 3548 1944 3823 1996; x_wconf 54' lang='lat' dir='ltr'><strong>temeritate</strong></span> 
     </span>
    </p>
   </div>
   <div class='ocr_carea' id='block_1_79' title="bbox 2264 2031 3823 2100">
    <p class='ocr_par' dir='ltr' id='par_1_79' title="bbox 2264 2031 3823 2100">
     <span class='ocr_line' id='line_1_79' title="bbox 2264 2031 3823 2100; baseline -0.002 -16"><span class='ocrx_word' id='word_1_588' title='bbox 2264 2032 2507 2100; x_wconf 76' lang='lat' dir='ltr'><strong>arguitur</strong></span> <span class='ocrx_word' id='word_1_589' title='bbox 2528 2072 2542 2095; x_wconf 91' lang='lat'><strong>,</strong></span> <span class='ocrx_word' id='word_1_590' title='bbox 2574 2046 2795 2099; x_wconf 84' lang='lat' dir='ltr'><strong>magnas</strong></span> <span class='ocrx_word' id='word_1_591' title='bbox 2823 2046 3013 2085; x_wconf 89' lang='lat' dir='ltr'><strong>causas</strong></span> <span class='ocrx_word' id='word_1_592' title='bbox 3033 2031 3254 2099; x_wconf 71' lang='lat' dir='ltr'><strong>justitiaa</strong></span> <span class='ocrx_word' id='word_1_593' title='bbox 3283 2046 3527 2085; x_wconf 80' lang='lat' dir='ltr'><strong>asserere</strong></span> <span class='ocrx_word' id='word_1_594' title='bbox 3556 2046 3659 2085; x_wconf 89' lang='lat' dir='ltr'><strong>non</strong></span> <span class='ocrx_word' id='word_1_595' title='bbox 3690 2046 3823 2081; x_wconf 72' lang='lat' dir='ltr'><strong>vec-</strong></span> 
     </span>
    </p>
   </div>
   <div class='ocr_carea' id='block_1_80' title="bbox 2262 2117 3822 2192">
    <p class='ocr_par' dir='ltr' id='par_1_80' title="bbox 2262 2117 3822 2192">
     <span class='ocr_line' id='line_1_80' title="bbox 2262 2117 3822 2192; baseline 0 -17"><span class='ocrx_word' id='word_1_596' title='bbox 2262 2132 2366 2176; x_wconf 88' lang='lat' dir='ltr'><strong>tur.</strong></span> <span class='ocrx_word' id='word_1_597' title='bbox 2408 2121 2545 2187; x_wconf 69' lang='lat' dir='ltr'><strong>Vidi,</strong></span> <span class='ocrx_word' id='word_1_598' title='bbox 2569 2122 2760 2190; x_wconf 87' lang='lat' dir='ltr'><strong>inquit,</strong></span> <span class='ocrx_word' id='word_1_599' title='bbox 2789 2122 2924 2192; x_wconf 85' lang='lat' dir='ltr'><strong>quod</strong></span> <span class='ocrx_word' id='word_1_600' title='bbox 2950 2121 3265 2175; x_wconf 79' lang='lat' dir='ltr'><strong>dilaberetur</strong></span> <span class='ocrx_word' id='word_1_601' title='bbox 3289 2122 3508 2192; x_wconf 80' lang='lat' dir='ltr'><strong>populus</strong></span> <span class='ocrx_word' id='word_1_602' title='bbox 3526 2137 3555 2173; x_wconf 93' lang='lat' dir='ltr'><strong>a</strong></span> <span class='ocrx_word' id='word_1_603' title='bbox 3580 2138 3669 2173; x_wconf 85' lang='lat' dir='ltr'><strong>me.</strong></span> <span class='ocrx_word' id='word_1_604' title='bbox 3698 2117 3822 2174; x_wconf 84' lang='lat' dir='ltr'><strong>Ecce</strong></span> 
     </span>
    </p>
   </div>
   <div class='ocr_carea' id='block_1_81' title="bbox 2264 2210 3827 2281">
    <p class='ocr_par' dir='ltr' id='par_1_81' title="bbox 2264 2210 3827 2281">
     <span class='ocr_line' id='line_1_81' title="bbox 2264 2210 3827 2281; baseline 0 -16"><span class='ocrx_word' id='word_1_605' title='bbox 2264 2212 2351 2266; x_wconf 92' lang='lat' dir='ltr'><strong>hic</strong></span> <span class='ocrx_word' id='word_1_606' title='bbox 2381 2212 2640 2266; x_wconf 68' lang='lat' dir='ltr'><strong>asseritur</strong></span> <span class='ocrx_word' id='word_1_607' title='bbox 2670 2211 2956 2266; x_wconf 89' lang='lat' dir='ltr'><strong>destitutus</strong></span> <span class='ocrx_word' id='word_1_608' title='bbox 2983 2227 3011 2265; x_wconf 93' lang='lat' dir='ltr'><strong>a</strong></span> <span class='ocrx_word' id='word_1_609' title='bbox 3041 2212 3238 2281; x_wconf 89' lang='lat' dir='ltr'><strong>populo</strong></span> <span class='ocrx_word' id='word_1_610' title='bbox 3273 2230 3284 2263; x_wconf 88' lang='lat'>:</span> <span class='ocrx_word' id='word_1_611' title='bbox 3317 2210 3489 2265; x_wconf 88' lang='lat' dir='ltr'><strong>Porro</strong></span> <span class='ocrx_word' id='word_1_612' title='bbox 3513 2228 3616 2265; x_wconf 89' lang='lat' dir='ltr'><strong>non</strong></span> <span class='ocrx_word' id='word_1_613' title='bbox 3637 2227 3827 2265; x_wconf 79' lang='lat' dir='ltr'><strong>veneras</strong></span> 
     </span>
    </p>
   </div>
   <div class='ocr_carea' id='block_1_82' title="bbox 2256 2302 3821 2372">
    <p class='ocr_par' dir='ltr' id='par_1_82' title="bbox 2256 2302 3821 2372">
     <span class='ocr_line' id='line_1_82' title="bbox 2256 2302 3821 2372; baseline 0.001 -16"><span class='ocrx_word' id='word_1_614' title='bbox 2256 2302 2412 2371; x_wconf 70' lang='lat' dir='ltr'><strong>juxta</strong></span> <span class='ocrx_word' id='word_1_615' title='bbox 2445 2302 2662 2370; x_wconf 78' lang='lat' dir='ltr'><strong>placitos</strong></span> <span class='ocrx_word' id='word_1_616' title='bbox 2710 2302 2839 2355; x_wconf 84' lang='lat' dir='ltr'><strong>dies.</strong></span> <span class='ocrx_word' id='word_1_617' title='bbox 2891 2302 2987 2357; x_wconf 83' lang='lat' dir='ltr'><strong>Hic</strong></span> <span class='ocrx_word' id='word_1_618' title='bbox 3028 2319 3087 2357; x_wconf 82' lang='lat' dir='ltr'><strong>se</strong></span> <span class='ocrx_word' id='word_1_619' title='bbox 3132 2313 3218 2355; x_wconf 77' lang='lat' dir='ltr'><strong>ost</strong></span> <span class='ocrx_word' id='word_1_620' title='bbox 3253 2302 3368 2356; x_wconf 89' lang='lat' dir='ltr'><strong>ndit</strong></span> <span class='ocrx_word' id='word_1_621' title='bbox 3413 2305 3684 2372; x_wconf 74' lang='lat' dir='ltr'><strong>praphetrc</strong></span> <span class='ocrx_word' id='word_1_622' title='bbox 3712 2319 3821 2371; x_wconf 74' lang='lat' dir='ltr'><strong>pro~</strong></span> 
     </span>
    </p>
   </div>
   <div class='ocr_carea' id='block_1_83' title="bbox 2262 2389 3824 2461">
    <p class='ocr_par' dir='ltr' id='par_1_83' title="bbox 2262 2389 3824 2461">
     <span class='ocr_line' id='line_1_83' title="bbox 2262 2389 3824 2461; baseline 0.001 -19"><span class='ocrx_word' id='word_1_623' title='bbox 2262 2390 2515 2443; x_wconf 82' lang='lat' dir='ltr'><strong>missione</strong></span> <span class='ocrx_word' id='word_1_624' title='bbox 2542 2389 2859 2443; x_wconf 54' lang='lat' dir='ltr'><strong>fzaudatum.</strong></span> <span class='ocrx_word' id='word_1_625' title='bbox 2888 2390 3056 2444; x_wconf 81' lang='lat' dir='ltr'><strong>Porro</strong></span> <span class='ocrx_word' id='word_1_626' title='bbox 3100 2391 3380 2443; x_wconf 78' lang='lat' dir='ltr'><strong>Pltilistiim</strong></span> <span class='ocrx_word' id='word_1_627' title='bbox 3414 2394 3703 2461; x_wconf 74' lang='lat' dir='ltr'><strong>congregati</strong></span> <span class='ocrx_word' id='word_1_628' title='bbox 3726 2394 3824 2461; x_wconf 77' lang='lat' dir='ltr'><strong>[ue-</strong></span> 
     </span>
    </p>
   </div>
   <div class='ocr_carea' id='block_1_84' title="bbox 2265 2480 3823 2550">
    <p class='ocr_par' dir='ltr' id='par_1_84' title="bbox 2265 2480 3823 2550">
     <span class='ocr_line' id='line_1_84' title="bbox 2265 2480 3823 2550; baseline 0.001 -18"><span class='ocrx_word' id='word_1_629' title='bbox 2265 2489 2383 2533; x_wconf 87' lang='lat' dir='ltr'><strong>rant</strong></span> <span class='ocrx_word' id='word_1_630' title='bbox 2413 2480 2465 2533; x_wconf 83' lang='lat' dir='ltr'><strong>in</strong></span> <span class='ocrx_word' id='word_1_631' title='bbox 2494 2480 2754 2550; x_wconf 80' lang='lat' dir='ltr'><strong>Magmas.</strong></span> <span class='ocrx_word' id='word_1_632' title='bbox 2789 2480 2883 2535; x_wconf 84' lang='lat' dir='ltr'><strong>llic</strong></span> <span class='ocrx_word' id='word_1_633' title='bbox 2923 2482 3124 2550; x_wconf 89' lang='lat' dir='ltr'><strong>pariter</strong></span> <span class='ocrx_word' id='word_1_634' title='bbox 3150 2481 3335 2549; x_wconf 85' lang='lat' dir='ltr'><strong>objicit</strong></span> <span class='ocrx_word' id='word_1_635' title='bbox 3379 2481 3664 2535; x_wconf 77' lang='lat' dir='ltr'><strong>imminens</strong></span> <span class='ocrx_word' id='word_1_636' title='bbox 3696 2480 3823 2549; x_wconf 84' lang='lat' dir='ltr'><strong>peri-</strong></span> 
     </span>
    </p>
   </div>
   <div class='ocr_carea' id='block_1_85' title="bbox 2268 2572 3826 2641">
    <p class='ocr_par' dir='ltr' id='par_1_85' title="bbox 2268 2572 3826 2641">
     <span class='ocr_line' id='line_1_85' title="bbox 2268 2572 3826 2641; baseline -0.001 -14"><span class='ocrx_word' id='word_1_637' title='bbox 2268 2574 2446 2627; x_wconf 90' lang='lat' dir='ltr'><strong>culum</strong></span> <span class='ocrx_word' id='word_1_638' title='bbox 2474 2572 2886 2641; x_wconf 80' lang='lat' dir='ltr'><strong>congressionis.</strong></span> <span class='ocrx_word' id='word_1_639' title='bbox 2937 2572 3116 2638; x_wconf 83' lang='lat' dir='ltr'><strong>Quae</strong></span> <span class='ocrx_word' id='word_1_640' title='bbox 3145 2590 3212 2626; x_wconf 84' lang='lat' dir='ltr'><strong>ex</strong></span> <span class='ocrx_word' id='word_1_641' title='bbox 3251 2574 3468 2627; x_wconf 89' lang='lat' dir='ltr'><strong>actione</strong></span> <span class='ocrx_word' id='word_1_642' title='bbox 3508 2588 3603 2627; x_wconf 91' lang='lat' dir='ltr'><strong>sua</strong></span> <span class='ocrx_word' id='word_1_643' title='bbox 3631 2574 3826 2626; x_wconf 78' lang='lat' dir='ltr'><strong>verbum</strong></span> 
     </span>
    </p>
   </div>
   <div class='ocr_carea' id='block_1_86' title="bbox 2266 2660 3833 2733">
    <p class='ocr_par' dir='ltr' id='par_1_86' title="bbox 2266 2660 3833 2733">
     <span class='ocr_line' id='line_1_86' title="bbox 2266 2660 3833 2733; baseline 0.001 -18"><span class='ocrx_word' id='word_1_644' title='bbox 2266 2660 2620 2727; x_wconf 75' lang='lat' dir='ltr'><strong>sobinl&#39;erens,</strong></span> <span class='ocrx_word' id='word_1_645' title='bbox 2668 2663 2743 2715; x_wconf 90' lang='lat' dir='ltr'><strong>ait</strong></span> <span class='ocrx_word' id='word_1_646' title='bbox 2776 2680 2787 2714; x_wconf 91' lang='lat'>:</span> <span class='ocrx_word' id='word_1_647' title='bbox 2819 2660 3140 2716; x_wconf 83' lang='lat' dir='ltr'><strong>Necessitate</strong></span> <span class='ocrx_word' id='word_1_648' title='bbox 3178 2664 3470 2733; x_wconf 75' lang='lat' dir='ltr'><strong>compulsus</strong></span> <span class='ocrx_word' id='word_1_649' title='bbox 3498 2663 3656 2716; x_wconf 89' lang='lat' dir='ltr'><strong>obtuli</strong></span> <span class='ocrx_word' id='word_1_650' title='bbox 3702 2663 3833 2716; x_wconf 87' lang='lat' dir='ltr'><strong>holo-</strong></span> 
     </span>
    </p>
   </div>
   <div class='ocr_carea' id='block_1_87' title="bbox 2266 2747 3827 2819">
    <p class='ocr_par' dir='ltr' id='par_1_87' title="bbox 2266 2747 3827 2819">
     <span class='ocr_line' id='line_1_87' title="bbox 2266 2747 3827 2819; baseline 0 -18"><span class='ocrx_word' id='word_1_651' title='bbox 2266 2758 2519 2801; x_wconf 84' lang='lat' dir='ltr'><strong>caustum.</strong></span> <span class='ocrx_word' id='word_1_652' title='bbox 2571 2747 2732 2814; x_wconf 70' lang='lat' dir='ltr'><strong>Quasi</strong></span> <span class='ocrx_word' id='word_1_653' title='bbox 2780 2748 2921 2802; x_wconf 90' lang='lat' dir='ltr'><strong>dicat</strong></span> <span class='ocrx_word' id='word_1_654' title='bbox 2952 2766 2965 2801; x_wconf 91' lang='lat'><strong>:</strong></span> <span class='ocrx_word' id='word_1_655' title='bbox 2995 2748 3075 2803; x_wconf 86' lang='lat' dir='ltr'><strong>Tu</strong></span> <span class='ocrx_word' id='word_1_656' title='bbox 3105 2765 3191 2803; x_wconf 89' lang='lat' dir='ltr'><strong>me</strong></span> <span class='ocrx_word' id='word_1_657' title='bbox 3219 2750 3286 2804; x_wconf 91' lang='lat' dir='ltr'><strong>de</strong></span> <span class='ocrx_word' id='word_1_658' title='bbox 3329 2764 3525 2819; x_wconf 87' lang='lat' dir='ltr'><strong>magno</strong></span> <span class='ocrx_word' id='word_1_659' title='bbox 3566 2758 3712 2803; x_wconf 89' lang='lat' dir='ltr'><strong>reatu</strong></span> <span class='ocrx_word' id='word_1_660' title='bbox 3749 2764 3827 2802; x_wconf 79' lang='lat' dir='ltr'><strong>ar-</strong></span> 
     </span>
    </p>
   </div>
   <div class='ocr_carea' id='block_1_88' title="bbox 2268 2838 3829 2908">
    <p class='ocr_par' dir='ltr' id='par_1_88' title="bbox 2268 2838 3829 2908">
     <span class='ocr_line' id='line_1_88' title="bbox 2268 2838 3829 2908; baseline 0.001 -17"><span class='ocrx_word' id='word_1_661' title='bbox 2268 2838 2404 2905; x_wconf 63' lang='lat' dir='ltr'><strong>guis,</strong></span> <span class='ocrx_word' id='word_1_662' title='bbox 2430 2853 2551 2892; x_wconf 87' lang='lat' dir='ltr'><strong>cum</strong></span> <span class='ocrx_word' id='word_1_663' title='bbox 2584 2847 2765 2893; x_wconf 73' lang='lat' dir='ltr'><strong>reatus</strong></span> <span class='ocrx_word' id='word_1_664' title='bbox 2793 2846 2941 2892; x_wconf 89' lang='lat' dir='ltr'><strong>tanto</strong></span> <span class='ocrx_word' id='word_1_665' title='bbox 2970 2838 3039 2891; x_wconf 89' lang='lat' dir='ltr'><strong>sit</strong></span> <span class='ocrx_word' id='word_1_666' title='bbox 3079 2838 3278 2903; x_wconf 83' lang='lat' dir='ltr'><strong>levior,</strong></span> <span class='ocrx_word' id='word_1_667' title='bbox 3307 2850 3511 2908; x_wconf 87' lang='lat' dir='ltr'><strong>quanto</strong></span> <span class='ocrx_word' id='word_1_668' title='bbox 3541 2855 3646 2893; x_wconf 91' lang='lat' dir='ltr'><strong>non</strong></span> <span class='ocrx_word' id='word_1_669' title='bbox 3675 2849 3829 2893; x_wconf 87' lang='lat' dir='ltr'><strong>teme-</strong></span> 
     </span>
    </p>
   </div>
   <div class='ocr_carea' id='block_1_89' title="bbox 2268 2932 3829 3001">
    <p class='ocr_par' dir='ltr' id='par_1_89' title="bbox 2268 2932 3829 3001">
     <span class='ocr_line' id='line_1_89' title="bbox 2268 2932 3829 3001; baseline 0.001 -16"><span class='ocrx_word' id='word_1_670' title='bbox 2268 2935 2306 2985; x_wconf 75' lang='lat' dir='ltr'><strong>r‘</strong></span> <span class='ocrx_word' id='word_1_671' title='bbox 2319 2941 2427 2985; x_wconf 87' lang='lat' dir='ltr'><strong>tate</strong></span> <span class='ocrx_word' id='word_1_672' title='bbox 2452 2939 2695 2995; x_wconf 90' lang='lat' dir='ltr'><strong>constat,</strong></span> <span class='ocrx_word' id='word_1_673' title='bbox 2727 2932 2821 2986; x_wconf 89' lang='lat' dir='ltr'><strong>sed</strong></span> <span class='ocrx_word' id='word_1_674' title='bbox 2850 2932 3188 2986; x_wconf 89' lang='lat' dir='ltr'><strong>necessitate.</strong></span> <span class='ocrx_word' id='word_1_675' title='bbox 3219 2932 3325 2986; x_wconf 89' lang='lat' dir='ltr'><strong>Sed</strong></span> <span class='ocrx_word' id='word_1_676' title='bbox 3349 2932 3566 3001; x_wconf 89' lang='lat' dir='ltr'><strong>qualem</strong></span> <span class='ocrx_word' id='word_1_677' title='bbox 3599 2947 3715 2986; x_wconf 90' lang='lat' dir='ltr'><strong>eum</strong></span> <span class='ocrx_word' id='word_1_678' title='bbox 3743 2946 3829 2986; x_wconf 82' lang='lat' dir='ltr'><strong>co-</strong></span> 
     </span>
    </p>
   </div>
   <div class='ocr_carea' id='block_1_90' title="bbox 2268 3022 3829 3093">
    <p class='ocr_par' dir='ltr' id='par_1_90' title="bbox 2268 3022 3829 3093">
     <span class='ocr_line' id='line_1_90' title="bbox 2268 3022 3829 3093; baseline 0 -18"><span class='ocrx_word' id='word_1_679' title='bbox 2268 3030 2492 3092; x_wconf 80' lang='lat' dir='ltr'><strong>gnoscat</strong></span> <span class='ocrx_word' id='word_1_680' title='bbox 2520 3022 2804 3093; x_wconf 88' lang='lat' dir='ltr'><strong>propheta,</strong></span> <span class='ocrx_word' id='word_1_681' title='bbox 2832 3022 2925 3091; x_wconf 92' lang='lat' dir='ltr'><strong>qui</strong></span> <span class='ocrx_word' id='word_1_682' title='bbox 2950 3037 3008 3077; x_wconf 77' lang='lat' dir='ltr'><strong>se</strong></span> <span class='ocrx_word' id='word_1_683' title='bbox 3030 3037 3355 3092; x_wconf 67' lang='lat' dir='ltr'><strong>cognoscere</strong></span> <span class='ocrx_word' id='word_1_684' title='bbox 3393 3023 3597 3087; x_wconf 90' lang='lat' dir='ltr'><strong>noluit,</strong></span> <span class='ocrx_word' id='word_1_685' title='bbox 3626 3022 3829 3091; x_wconf 88' lang='lat' dir='ltr'><strong>subjun-</strong></span> 
     </span>
    </p>
   </div>
   <div class='ocr_carea' id='block_1_91' title="bbox 2192 3114 2559 3186">
    <p class='ocr_par' dir='ltr' id='par_1_91' title="bbox 2192 3114 2559 3186">
     <span class='ocr_line' id='line_1_91' title="bbox 2192 3114 2559 3186; baseline -0.005 -19"><span class='ocrx_word' id='word_1_686' title='bbox 2192 3124 2238 3186; x_wconf 69' lang='grc' dir='ltr'><strong>ρ</strong></span> <span class='ocrx_word' id='word_1_687' title='bbox 2269 3127 2419 3182; x_wconf 85' lang='lat' dir='ltr'><strong>gens,</strong></span> <span class='ocrx_word' id='word_1_688' title='bbox 2444 3114 2521 3167; x_wconf 89' lang='lat' dir='ltr'><strong>ait</strong></span> <span class='ocrx_word' id='word_1_689' title='bbox 2547 3130 2559 3165; x_wconf 93' lang='lat'>:</span> 
     </span>
    </p>
   </div>
   <div class='ocr_carea' id='block_1_92' title="bbox 2341 3202 3834 3276">
    <p class='ocr_par' dir='ltr' id='par_1_92' title="bbox 2341 3202 3834 3276">
     <span class='ocr_line' id='line_1_92' title="bbox 2341 3202 3834 3276; baseline -0.001 -19"><span class='ocrx_word' id='word_1_690' title='bbox 2341 3203 2517 3272; x_wconf 77' lang='lat' dir='ltr'><strong>(Vers.</strong></span> <span class='ocrx_word' id='word_1_691' title='bbox 2552 3202 2664 3274; x_wconf 81' lang='lat' dir='ltr'><strong>l5.)</strong></span> <span class='ocrx_word' id='word_1_692' title='bbox 2719 3204 2886 3260; x_wconf 86' lang='lat' dir='ltr'><strong>Stulte</strong></span> <span class='ocrx_word' id='word_1_693' title='bbox 2930 3206 3111 3276; x_wconf 86' lang='lat' dir='ltr'><strong>egisti,</strong></span> <span class='ocrx_word' id='word_1_694' title='bbox 3162 3221 3254 3258; x_wconf 86' lang='lat' dir='ltr'><strong>nec</strong></span> <span class='ocrx_word' id='word_1_695' title='bbox 3299 3206 3567 3259; x_wconf 84' lang='lat' dir='ltr'><strong>custodisti</strong></span> <span class='ocrx_word' id='word_1_696' title='bbox 3608 3204 3834 3258; x_wconf 76' lang='lat' dir='ltr'><strong>mandata</strong></span> 
     </span>
    </p>
   </div>
   <div class='ocr_carea' id='block_1_93' title="bbox 2269 3293 2720 3349">
    <p class='ocr_par' dir='ltr' id='par_1_93' title="bbox 2269 3293 2720 3349">
     <span class='ocr_line' id='line_1_93' title="bbox 2269 3293 2720 3349; baseline 0.004 -2"><span class='ocrx_word' id='word_1_697' title='bbox 2269 3293 2483 3348; x_wconf 87' lang='lat' dir='ltr'><strong>Domini</strong></span> <span class='ocrx_word' id='word_1_698' title='bbox 2509 3294 2604 3348; x_wconf 89' lang='lat' dir='ltr'><strong>Dei</strong></span> <span class='ocrx_word' id='word_1_699' title='bbox 2630 3297 2720 3349; x_wconf 88' lang='lat' dir='ltr'><strong>tui.</strong></span> 
     </span>
    </p>
   </div>
   <div class='ocr_carea' id='block_1_94' title="bbox 2342 3384 3827 3455">
    <p class='ocr_par' dir='ltr' id='par_1_94' title="bbox 2342 3384 3827 3455">
     <span class='ocr_line' id='line_1_94' title="bbox 2342 3384 3827 3455; baseline 0.001 -19"><span class='ocrx_word' id='word_1_700' title='bbox 2342 3384 2431 3438; x_wconf 77' lang='grc'><strong>18.</strong></span> <span class='ocrx_word' id='word_1_701' title='bbox 2470 3384 2699 3455; x_wconf 90' lang='lat' dir='ltr'><strong>Superbi</strong></span> <span class='ocrx_word' id='word_1_702' title='bbox 2728 3385 2944 3454; x_wconf 82' lang='lat' dir='ltr'><strong>quique,</strong></span> <span class='ocrx_word' id='word_1_703' title='bbox 2974 3385 3096 3454; x_wconf 90' lang='lat' dir='ltr'><strong>quia</strong></span> <span class='ocrx_word' id='word_1_704' title='bbox 3138 3400 3235 3455; x_wconf 88' lang='lat' dir='ltr'><strong>per</strong></span> <span class='ocrx_word' id='word_1_705' title='bbox 3267 3392 3531 3439; x_wconf 87' lang='lat' dir='ltr'><strong>tumorem</strong></span> <span class='ocrx_word' id='word_1_706' title='bbox 3561 3399 3716 3453; x_wconf 84' lang='lat' dir='ltr'><strong>supra</strong></span> <span class='ocrx_word' id='word_1_707' title='bbox 3742 3385 3827 3437; x_wconf 87' lang='lat' dir='ltr'><strong>ho—</strong></span> 
     </span>
    </p>
   </div>
   <div class='ocr_carea' id='block_1_95' title="bbox 2270 3475 3832 3544">
    <p class='ocr_par' dir='ltr' id='par_1_95' title="bbox 2270 3475 3832 3544">
     <span class='ocr_line' id='line_1_95' title="bbox 2270 3475 3832 3544; baseline -0.001 -17"><span class='ocrx_word' id='word_1_708' title='bbox 2270 3475 2442 3530; x_wconf 89' lang='lat' dir='ltr'><strong>mines</strong></span> <span class='ocrx_word' id='word_1_709' title='bbox 2478 3489 2537 3529; x_wconf 90' lang='lat' dir='ltr'><strong>se</strong></span> <span class='ocrx_word' id='word_1_710' title='bbox 2576 3490 2697 3530; x_wconf 89' lang='lat' dir='ltr'><strong>esse</strong></span> <span class='ocrx_word' id='word_1_711' title='bbox 2738 3476 3098 3539; x_wconf 88' lang='lat' dir='ltr'><strong>arbitrantur,</strong></span> <span class='ocrx_word' id='word_1_712' title='bbox 3131 3482 3502 3544; x_wconf 88' lang='lat' dir='ltr'><strong>competenter</strong></span> <span class='ocrx_word' id='word_1_713' title='bbox 3537 3482 3832 3541; x_wconf 87' lang='lat' dir='ltr'><strong>arguuntur,</strong></span> 
     </span>
    </p>
   </div>
   <div class='ocr_carea' id='block_1_96' title="bbox 2272 3563 3833 3635">
    <p class='ocr_par' dir='ltr' id='par_1_96' title="bbox 2272 3563 3833 3635">
     <span class='ocr_line' id='line_1_96' title="bbox 2272 3563 3833 3635; baseline -0.004 -14"><span class='ocrx_word' id='word_1_714' title='bbox 2272 3580 2395 3621; x_wconf 88' lang='lat' dir='ltr'><strong>cum</strong></span> <span class='ocrx_word' id='word_1_715' title='bbox 2425 3565 2503 3620; x_wconf 89' lang='lat' dir='ltr'><strong>eis</strong></span> <span class='ocrx_word' id='word_1_716' title='bbox 2531 3565 2707 3619; x_wconf 86' lang='lat' dir='ltr'><strong>divina</strong></span> <span class='ocrx_word' id='word_1_717' title='bbox 2735 3566 2986 3620; x_wconf 86' lang='lat' dir='ltr'><strong>voluntas</strong></span> <span class='ocrx_word' id='word_1_718' title='bbox 3028 3564 3281 3634; x_wconf 92' lang='lat' dir='ltr'><strong>objicitur</strong></span> <span class='ocrx_word' id='word_1_719' title='bbox 3304 3607 3319 3629; x_wconf 92' lang='lat'><strong>,</strong></span> <span class='ocrx_word' id='word_1_720' title='bbox 3353 3579 3509 3635; x_wconf 89' lang='lat' dir='ltr'><strong>quam</strong></span> <span class='ocrx_word' id='word_1_721' title='bbox 3553 3563 3833 3618; x_wconf 80' lang='lat' dir='ltr'><strong>offendunt.</strong></span> 
     </span>
    </p>
   </div>
   <div class='ocr_carea' id='block_1_97' title="bbox 2274 3652 3836 3728">
    <p class='ocr_par' dir='ltr' id='par_1_97' title="bbox 2274 3652 3836 3728">
     <span class='ocr_line' id='line_1_97' title="bbox 2274 3652 3836 3728; baseline -0.002 -18"><span class='ocrx_word' id='word_1_722' title='bbox 2274 3658 2437 3728; x_wconf 77' lang='lat'><strong>289</strong></span> <span class='ocrx_word' id='word_1_723' title='bbox 2465 3656 2592 3710; x_wconf 90' lang='lat' dir='ltr'><strong>Saul</strong></span> <span class='ocrx_word' id='word_1_724' title='bbox 2620 3670 2748 3725; x_wconf 81' lang='lat' dir='ltr'><strong>ergo</strong></span> <span class='ocrx_word' id='word_1_725' title='bbox 2774 3656 3125 3726; x_wconf 88' lang='lat' dir='ltr'><strong>superborum</strong></span> <span class='ocrx_word' id='word_1_726' title='bbox 3154 3670 3306 3710; x_wconf 89' lang='lat' dir='ltr'><strong>more</strong></span> <span class='ocrx_word' id='word_1_727' title='bbox 3333 3654 3573 3724; x_wconf 78' lang='lat' dir='ltr'><strong>arguitur</strong></span> <span class='ocrx_word' id='word_1_728' title='bbox 3592 3695 3608 3721; x_wconf 91' lang='lat'><strong>,</strong></span> <span class='ocrx_word' id='word_1_729' title='bbox 3632 3655 3722 3724; x_wconf 89' lang='lat' dir='ltr'><strong>qui</strong></span> <span class='ocrx_word' id='word_1_730' title='bbox 3744 3652 3836 3707; x_wconf 50' lang='lat' dir='ltr'><strong>Do.</strong></span> 
     </span>
    </p>
   </div>
   <div class='ocr_carea' id='block_1_98' title="bbox 2274 3742 3836 3815">
    <p class='ocr_par' dir='ltr' id='par_1_98' title="bbox 2274 3742 3836 3815">
     <span class='ocr_line' id='line_1_98' title="bbox 2274 3742 3836 3815; baseline -0.006 -12"><span class='ocrx_word' id='word_1_731' title='bbox 2274 3750 2404 3804; x_wconf 90' lang='lat' dir='ltr'><strong>mini</strong></span> <span class='ocrx_word' id='word_1_732' title='bbox 2432 3748 2527 3802; x_wconf 90' lang='lat' dir='ltr'><strong>Dei</strong></span> <span class='ocrx_word' id='word_1_733' title='bbox 2554 3748 2636 3802; x_wconf 89' lang='lat' dir='ltr'><strong>sui</strong></span> <span class='ocrx_word' id='word_1_734' title='bbox 2665 3747 2918 3801; x_wconf 89' lang='lat' dir='ltr'><strong>mandata</strong></span> <span class='ocrx_word' id='word_1_735' title='bbox 2938 3746 3327 3815; x_wconf 83' lang='lat' dir='ltr'><strong>contempsisse</strong></span> <span class='ocrx_word' id='word_1_736' title='bbox 3346 3744 3676 3814; x_wconf 89' lang='lat' dir='ltr'><strong>perhibetur.</strong></span> <span class='ocrx_word' id='word_1_737' title='bbox 3698 3742 3836 3810; x_wconf 83' lang='lat' dir='ltr'><strong>Quod</strong></span> 
     </span>
    </p>
   </div>
   <div class='ocr_carea' id='block_1_99' title="bbox 2274 3837 3841 3908">
    <p class='ocr_par' dir='ltr' id='par_1_99' title="bbox 2274 3837 3841 3908">
     <span class='ocr_line' id='line_1_99' title="bbox 2274 3837 3841 3908; baseline -0.004 -15"><span class='ocrx_word' id='word_1_738' title='bbox 2274 3841 2384 3894; x_wconf 88' lang='lat' dir='ltr'><strong>tale</strong></span> <span class='ocrx_word' id='word_1_739' title='bbox 2411 3848 2495 3894; x_wconf 88' lang='lat' dir='ltr'><strong>est</strong></span> <span class='ocrx_word' id='word_1_740' title='bbox 2518 3881 2533 3907; x_wconf 91' lang='lat'><strong>,</strong></span> <span class='ocrx_word' id='word_1_741' title='bbox 2578 3855 2642 3894; x_wconf 92' lang='lat' dir='ltr'><strong>ac</strong></span> <span class='ocrx_word' id='word_1_742' title='bbox 2679 3838 2723 3893; x_wconf 89' lang='lat' dir='ltr'><strong>si</strong></span> <span class='ocrx_word' id='word_1_743' title='bbox 2766 3837 3167 3908; x_wconf 83' lang='lat' dir='ltr'><strong>superbientem</strong></span> <span class='ocrx_word' id='word_1_744' title='bbox 3196 3844 3251 3890; x_wconf 92' lang='lat' dir='ltr'><strong>et</strong></span> <span class='ocrx_word' id='word_1_745' title='bbox 3288 3842 3723 3891; x_wconf 84' lang='lat' dir='ltr'><strong>contemnentem</strong></span> <span class='ocrx_word' id='word_1_746' title='bbox 3752 3842 3841 3887; x_wconf 88' lang='lat' dir='ltr'><strong>ter-</strong></span> 
     </span>
    </p>
   </div>
   <div class='ocr_carea' id='block_1_100' title="bbox 2275 3929 3838 3998">
    <p class='ocr_par' dir='ltr' id='par_1_100' title="bbox 2275 3929 3838 3998">
     <span class='ocr_line' id='line_1_100' title="bbox 2275 3929 3838 3998; baseline -0.006 -10"><span class='ocrx_word' id='word_1_747' title='bbox 2275 3941 2413 3998; x_wconf 90' lang='lat' dir='ltr'><strong>reat,</strong></span> <span class='ocrx_word' id='word_1_748' title='bbox 2446 3931 2630 3987; x_wconf 88' lang='lat' dir='ltr'><strong>dicens</strong></span> <span class='ocrx_word' id='word_1_749' title='bbox 2662 3949 2675 3985; x_wconf 91' lang='lat'><strong>:</strong></span> <span class='ocrx_word' id='word_1_750' title='bbox 2701 3930 2768 3985; x_wconf 85' lang='lat' dir='ltr'><strong>Et</strong></span> <span class='ocrx_word' id='word_1_751' title='bbox 2797 3931 2843 3985; x_wconf 89' lang='lat' dir='ltr'><strong>si</strong></span> <span class='ocrx_word' id='word_1_752' title='bbox 2872 3930 3121 3984; x_wconf 90' lang='lat' dir='ltr'><strong>homines</strong></span> <span class='ocrx_word' id='word_1_753' title='bbox 3144 3929 3399 3998; x_wconf 90' lang='lat' dir='ltr'><strong>despicis,</strong></span> <span class='ocrx_word' id='word_1_754' title='bbox 3433 3944 3575 3983; x_wconf 90' lang='lat' dir='ltr'><strong>nunc</strong></span> <span class='ocrx_word' id='word_1_755' title='bbox 3599 3943 3702 3983; x_wconf 90' lang='lat' dir='ltr'><strong>non</strong></span> <span class='ocrx_word' id='word_1_756' title='bbox 3727 3944 3838 3982; x_wconf 91' lang='lat' dir='ltr'><strong>con-</strong></span> 
     </span>
    </p>
   </div>
   <div class='ocr_carea' id='block_1_101' title="bbox 2276 4020 3841 4090">
    <p class='ocr_par' dir='ltr' id='par_1_101' title="bbox 2276 4020 3841 4090">
     <span class='ocr_line' id='line_1_101' title="bbox 2276 4020 3841 4090; baseline -0.004 -12"><span class='ocrx_word' id='word_1_757' title='bbox 2276 4024 2453 4079; x_wconf 91' lang='lat' dir='ltr'><strong>silium</strong></span> <span class='ocrx_word' id='word_1_758' title='bbox 2495 4024 2806 4090; x_wconf 88' lang='lat' dir='ltr'><strong>hominum,</strong></span> <span class='ocrx_word' id='word_1_759' title='bbox 2838 4022 2931 4078; x_wconf 90' lang='lat' dir='ltr'><strong>sed</strong></span> <span class='ocrx_word' id='word_1_760' title='bbox 2957 4022 3167 4076; x_wconf 89' lang='lat' dir='ltr'><strong>Domini</strong></span> <span class='ocrx_word' id='word_1_761' title='bbox 3194 4021 3287 4075; x_wconf 92' lang='lat' dir='ltr'><strong>Dei</strong></span> <span class='ocrx_word' id='word_1_762' title='bbox 3317 4022 3392 4075; x_wconf 90' lang='lat' dir='ltr'><strong>tui</strong></span> <span class='ocrx_word' id='word_1_763' title='bbox 3423 4021 3674 4075; x_wconf 89' lang='lat' dir='ltr'><strong>mandata</strong></span> <span class='ocrx_word' id='word_1_764' title='bbox 3704 4020 3841 4073; x_wconf 85' lang='lat' dir='ltr'><strong>dissi-</strong></span> 
     </span>
    </p>
   </div>
   <div class='ocr_carea' id='block_1_102' title="bbox 2275 4114 3839 4187">
    <p class='ocr_par' dir='ltr' id='par_1_102' title="bbox 2275 4114 3839 4187">
     <span class='ocr_line' id='line_1_102' title="bbox 2275 4114 3839 4187; baseline -0.004 -16"><span class='ocrx_word' id='word_1_765' title='bbox 2275 4116 2435 4187; x_wconf 88' lang='lat' dir='ltr'><strong>pasti.</strong></span> <span class='ocrx_word' id='word_1_766' title='bbox 2479 4115 2646 4171; x_wconf 83' lang='lat' dir='ltr'><strong>Recte</strong></span> <span class='ocrx_word' id='word_1_767' title='bbox 2684 4130 2812 4184; x_wconf 85' lang='lat' dir='ltr'><strong>ergo</strong></span> <span class='ocrx_word' id='word_1_768' title='bbox 2860 4124 3009 4170; x_wconf 89' lang='lat' dir='ltr'><strong>tuum</strong></span> <span class='ocrx_word' id='word_1_769' title='bbox 3052 4122 3261 4169; x_wconf 87' lang='lat' dir='ltr'><strong>reatum</strong></span> <span class='ocrx_word' id='word_1_770' title='bbox 3305 4129 3533 4184; x_wconf 89' lang='lat' dir='ltr'><strong>pensas,</strong></span> <span class='ocrx_word' id='word_1_771' title='bbox 3585 4114 3630 4168; x_wconf 86' lang='lat' dir='ltr'><strong>si</strong></span> <span class='ocrx_word' id='word_1_772' title='bbox 3681 4114 3839 4175; x_wconf 88' lang='lat' dir='ltr'><strong>illum,</strong></span> 
     </span>
    </p>
   </div>
   <div class='ocr_carea' id='block_1_103' title="bbox 2275 4203 3843 4276">
    <p class='ocr_par' dir='ltr' id='par_1_103' title="bbox 2275 4203 3843 4276">
     <span class='ocr_line' id='line_1_103' title="bbox 2275 4203 3843 4276; baseline -0.005 -14"><span class='ocrx_word' id='word_1_773' title='bbox 2275 4223 2434 4276; x_wconf 88' lang='lat' dir='ltr'><strong>quem</strong></span> <span class='ocrx_word' id='word_1_774' title='bbox 2457 4206 2779 4272; x_wconf 82' lang='lat' dir='ltr'><strong>contemnis,</strong></span> <span class='ocrx_word' id='word_1_775' title='bbox 2810 4206 3062 4261; x_wconf 88' lang='lat' dir='ltr'><strong>trementi</strong></span> <span class='ocrx_word' id='word_1_776' title='bbox 3099 4205 3263 4260; x_wconf 88' lang='lat' dir='ltr'><strong>corde</strong></span> <span class='ocrx_word' id='word_1_777' title='bbox 3287 4204 3618 4259; x_wconf 89' lang='lat' dir='ltr'><strong>consideras.</strong></span> <span class='ocrx_word' id='word_1_778' title='bbox 3667 4203 3731 4256; x_wconf 88' lang='lat' dir='ltr'><strong>Et</strong></span> <span class='ocrx_word' id='word_1_779' title='bbox 3759 4219 3843 4255; x_wconf 84' lang='lat' dir='ltr'><strong>no-</strong></span> 
     </span>
    </p>
   </div>
   <div class='ocr_carea' id='block_1_104' title="bbox 2278 4292 3839 4367">
    <p class='ocr_par' dir='ltr' id='par_1_104' title="bbox 2278 4292 3839 4367">
     <span class='ocr_line' id='line_1_104' title="bbox 2278 4292 3839 4367; baseline -0.006 -13"><span class='ocrx_word' id='word_1_780' title='bbox 2278 4301 2528 4366; x_wconf 90' lang='lat' dir='ltr'><strong>tandum,</strong></span> <span class='ocrx_word' id='word_1_781' title='bbox 2566 4299 2691 4367; x_wconf 90' lang='lat' dir='ltr'><strong>quia</strong></span> <span class='ocrx_word' id='word_1_782' title='bbox 2729 4314 2833 4351; x_wconf 91' lang='lat' dir='ltr'><strong>non</strong></span> <span class='ocrx_word' id='word_1_783' title='bbox 2866 4298 2941 4350; x_wconf 88' lang='lat' dir='ltr'><strong>ait</strong></span> <span class='ocrx_word' id='word_1_784' title='bbox 2972 4315 2985 4349; x_wconf 89' lang='lat'>:</span> <span class='ocrx_word' id='word_1_785' title='bbox 3019 4296 3135 4350; x_wconf 88' lang='lat' dir='ltr'><strong>Non</strong></span> <span class='ocrx_word' id='word_1_786' title='bbox 3178 4294 3458 4349; x_wconf 89' lang='lat' dir='ltr'><strong>custodisti</strong></span> <span class='ocrx_word' id='word_1_787' title='bbox 3487 4292 3734 4347; x_wconf 86' lang='lat' dir='ltr'><strong>mandata</strong></span> <span class='ocrx_word' id='word_1_788' title='bbox 3760 4292 3839 4345; x_wconf 85' lang='lat' dir='ltr'><strong>Dei</strong></span> 
     </span>
    </p>
   </div>
   <div class='ocr_carea' id='block_1_105' title="bbox 2278 4381 3843 4455">
    <p class='ocr_par' dir='ltr' id='par_1_105' title="bbox 2278 4381 3843 4455">
     <span class='ocr_line' id='line_1_105' title="bbox 2278 4381 3843 4455; baseline -0.008 -12"><span class='ocrx_word' id='word_1_789' title='bbox 2278 4390 2376 4455; x_wconf 89' lang='lat' dir='ltr'><strong>tui,</strong></span> <span class='ocrx_word' id='word_1_790' title='bbox 2426 4396 2538 4454; x_wconf 89' lang='lat' dir='ltr'><strong>aut,</strong></span> <span class='ocrx_word' id='word_1_791' title='bbox 2571 4387 2818 4441; x_wconf 87' lang='lat' dir='ltr'><strong>mandata</strong></span> <span class='ocrx_word' id='word_1_792' title='bbox 2852 4386 3057 4441; x_wconf 88' lang='lat' dir='ltr'><strong>Domini</strong></span> <span class='ocrx_word' id='word_1_793' title='bbox 3101 4386 3174 4439; x_wconf 92' lang='lat' dir='ltr'><strong>tui</strong></span> <span class='ocrx_word' id='word_1_794' title='bbox 3202 4424 3216 4448; x_wconf 92' lang='lat'><strong>,</strong></span> <span class='ocrx_word' id='word_1_795' title='bbox 3254 4384 3348 4439; x_wconf 87' lang='lat' dir='ltr'><strong>sed</strong></span> <span class='ocrx_word' id='word_1_796' title='bbox 3379 4404 3389 4435; x_wconf 91' lang='lat'><strong>:</strong></span> <span class='ocrx_word' id='word_1_797' title='bbox 3422 4381 3549 4437; x_wconf 87' lang='lat' dir='ltr'><strong>Non</strong></span> <span class='ocrx_word' id='word_1_798' title='bbox 3598 4382 3843 4436; x_wconf 79' lang='lat' dir='ltr'><strong>custodisti</strong></span> 
     </span>
    </p>
   </div>
   <div class='ocr_carea' id='block_1_106' title="bbox 2205 4472 3843 4551">
    <p class='ocr_par' dir='ltr' id='par_1_106' title="bbox 2205 4472 3843 4551">
     <span class='ocr_line' id='line_1_106' title="bbox 2205 4472 3843 4551; baseline -0.005 -19"><span class='ocrx_word' id='word_1_799' title='bbox 2205 4494 2256 4551; x_wconf 81' lang='lat' dir='ltr'><strong>D</strong></span> <span class='ocrx_word' id='word_1_800' title='bbox 2282 4480 2529 4532; x_wconf 85' lang='lat' dir='ltr'><strong>numdata</strong></span> <span class='ocrx_word' id='word_1_801' title='bbox 2554 4478 2763 4532; x_wconf 88' lang='lat' dir='ltr'><strong>Domini</strong></span> <span class='ocrx_word' id='word_1_802' title='bbox 2805 4475 2901 4531; x_wconf 88' lang='lat' dir='ltr'><strong>Dei</strong></span> <span class='ocrx_word' id='word_1_803' title='bbox 2944 4477 3037 4530; x_wconf 86' lang='lat' dir='ltr'><strong>tui.</strong></span> <span class='ocrx_word' id='word_1_804' title='bbox 3069 4476 3146 4530; x_wconf 82' lang='lat' dir='ltr'><strong>Ac</strong></span> <span class='ocrx_word' id='word_1_805' title='bbox 3172 4475 3215 4529; x_wconf 90' lang='lat' dir='ltr'><strong>si</strong></span> <span class='ocrx_word' id='word_1_806' title='bbox 3248 4482 3432 4544; x_wconf 80' lang='lat' dir='ltr'><strong>aperte</strong></span> <span class='ocrx_word' id='word_1_807' title='bbox 3478 4473 3660 4527; x_wconf 90' lang='lat' dir='ltr'><strong>dicat:</strong></span> <span class='ocrx_word' id='word_1_808' title='bbox 3689 4472 3843 4526; x_wconf 81' lang='lat' dir='ltr'><strong>Ausus</strong></span> 
     </span>
    </p>
   </div>
   <div class='ocr_carea' id='block_1_107' title="bbox 2280 4564 3843 4637">
    <p class='ocr_par' dir='ltr' id='par_1_107' title="bbox 2280 4564 3843 4637">
     <span class='ocr_line' id='line_1_107' title="bbox 2280 4564 3843 4637; baseline -0.006 -12"><span class='ocrx_word' id='word_1_809' title='bbox 2280 4583 2487 4637; x_wconf 66' lang='lat' dir='ltr'><strong>magna:</strong></span> <span class='ocrx_word' id='word_1_810' title='bbox 2528 4568 2968 4637; x_wconf 81' lang='lat' dir='ltr'><strong>transgressionis</strong></span> <span class='ocrx_word' id='word_1_811' title='bbox 2993 4574 3164 4634; x_wconf 89' lang='lat' dir='ltr'><strong>esset,</strong></span> <span class='ocrx_word' id='word_1_812' title='bbox 3199 4567 3244 4621; x_wconf 93' lang='lat' dir='ltr'><strong>si</strong></span> <span class='ocrx_word' id='word_1_813' title='bbox 3280 4566 3397 4632; x_wconf 88' lang='lat' dir='ltr'><strong>ille,</strong></span> <span class='ocrx_word' id='word_1_814' title='bbox 3427 4567 3583 4636; x_wconf 87' lang='lat' dir='ltr'><strong>cujus</strong></span> <span class='ocrx_word' id='word_1_815' title='bbox 3614 4564 3843 4619; x_wconf 83' lang='lat' dir='ltr'><strong>mandata</strong></span> 
     </span>
    </p>
   </div>
   <div class='ocr_carea' id='block_1_108' title="bbox 2280 4653 3847 4730">
    <p class='ocr_par' dir='ltr' id='par_1_108' title="bbox 2280 4653 3847 4730">
     <span class='ocr_line' id='line_1_108' title="bbox 2280 4653 3847 4730; baseline -0.004 -17"><span class='ocrx_word' id='word_1_816' title='bbox 2280 4659 2511 4730; x_wconf 86' lang='lat' dir='ltr'><strong>desp&#39;eis</strong></span> <span class='ocrx_word' id='word_1_817' title='bbox 2533 4701 2548 4726; x_wconf 92' lang='lat'><strong>,</strong></span> <span class='ocrx_word' id='word_1_818' title='bbox 2580 4666 2787 4713; x_wconf 91' lang='lat' dir='ltr'><strong>tantum</strong></span> <span class='ocrx_word' id='word_1_819' title='bbox 2814 4657 3072 4714; x_wconf 89' lang='lat' dir='ltr'><strong>Dominus</strong></span> <span class='ocrx_word' id='word_1_820' title='bbox 3095 4665 3237 4725; x_wconf 88' lang='lat' dir='ltr'><strong>tuus,</strong></span> <span class='ocrx_word' id='word_1_821' title='bbox 3262 4672 3369 4711; x_wconf 91' lang='lat' dir='ltr'><strong>non</strong></span> <span class='ocrx_word' id='word_1_822' title='bbox 3395 4657 3556 4711; x_wconf 91' lang='lat' dir='ltr'><strong>etiam</strong></span> <span class='ocrx_word' id='word_1_823' title='bbox 3587 4655 3729 4711; x_wconf 88' lang='lat' dir='ltr'><strong>Deus</strong></span> <span class='ocrx_word' id='word_1_824' title='bbox 3749 4653 3847 4709; x_wconf 81' lang='lat' dir='ltr'><strong>exi-</strong></span> 
     </span>
    </p>
   </div>
   <div class='ocr_carea' id='block_1_109' title="bbox 2279 4744 3846 4815">
    <p class='ocr_par' dir='ltr' id='par_1_109' title="bbox 2279 4744 3846 4815">
     <span class='ocr_line' id='line_1_109' title="bbox 2279 4744 3846 4815; baseline -0.006 -13"><span class='ocrx_word' id='word_1_825' title='bbox 2279 4756 2467 4802; x_wconf 83' lang='lat' dir='ltr'><strong>steret.</strong></span> <span class='ocrx_word' id='word_1_826' title='bbox 2521 4745 2792 4813; x_wconf 89' lang='lat' dir='ltr'><strong>Quantum</strong></span> <span class='ocrx_word' id='word_1_827' title='bbox 2841 4760 2969 4815; x_wconf 83' lang='lat' dir='ltr'><strong>ergo</strong></span> <span class='ocrx_word' id='word_1_828' title='bbox 3015 4755 3099 4801; x_wconf 92' lang='lat' dir='ltr'><strong>est</strong></span> <span class='ocrx_word' id='word_1_829' title='bbox 3145 4747 3291 4815; x_wconf 90' lang='lat' dir='ltr'><strong>quod</strong></span> <span class='ocrx_word' id='word_1_830' title='bbox 3334 4744 3846 4809; x_wconf 87' lang='lat' dir='ltr'><strong>committitur,cum</strong></span> 
     </span>
    </p>
   </div>
   <div class='ocr_carea' id='block_1_110' title="bbox 2282 4834 3847 4905">
    <p class='ocr_par' dir='ltr' id='par_1_110' title="bbox 2282 4834 3847 4905">
     <span class='ocr_line' id='line_1_110' title="bbox 2282 4834 3847 4905; baseline -0.004 -13"><span class='ocrx_word' id='word_1_831' title='bbox 2282 4838 2376 4892; x_wconf 84' lang='lat' dir='ltr'><strong>Dei</strong></span> <span class='ocrx_word' id='word_1_832' title='bbox 2407 4848 2461 4892; x_wconf 90' lang='lat' dir='ltr'><strong>et</strong></span> <span class='ocrx_word' id='word_1_833' title='bbox 2491 4837 2701 4892; x_wconf 90' lang='lat' dir='ltr'><strong>Domini</strong></span> <span class='ocrx_word' id='word_1_834' title='bbox 2730 4836 2982 4891; x_wconf 89' lang='lat' dir='ltr'><strong>mandata</strong></span> <span class='ocrx_word' id='word_1_835' title='bbox 3013 4836 3388 4905; x_wconf 84' lang='lat' dir='ltr'><strong>negliguntur?</strong></span> <span class='ocrx_word' id='word_1_836' title='bbox 3437 4834 3573 4901; x_wconf 84' lang='lat' dir='ltr'><strong>Quia</strong></span> <span class='ocrx_word' id='word_1_837' title='bbox 3599 4835 3730 4888; x_wconf 89' lang='lat' dir='ltr'><strong>item</strong></span> <span class='ocrx_word' id='word_1_838' title='bbox 3758 4848 3847 4887; x_wconf 88' lang='lat' dir='ltr'><strong>non</strong></span> 
     </span>
    </p>
   </div>
   <div class='ocr_carea' id='block_1_111' title="bbox 2282 4924 3850 4994">
    <p class='ocr_par' dir='ltr' id='par_1_111' title="bbox 2282 4924 3850 4994">
     <span class='ocr_line' id='line_1_111' title="bbox 2282 4924 3850 4994; baseline -0.005 -9"><span class='ocrx_word' id='word_1_839' title='bbox 2282 4930 2419 4985; x_wconf 87' lang='lat' dir='ltr'><strong>dixit</strong></span> <span class='ocrx_word' id='word_1_840' title='bbox 2446 4948 2459 4983; x_wconf 85' lang='lat'><strong>:</strong></span> <span class='ocrx_word' id='word_1_841' title='bbox 2492 4928 2702 4985; x_wconf 87' lang='lat' dir='ltr'><strong>Domini</strong></span> <span class='ocrx_word' id='word_1_842' title='bbox 2742 4928 2838 4983; x_wconf 91' lang='lat' dir='ltr'><strong>Dei</strong></span> <span class='ocrx_word' id='word_1_843' title='bbox 2868 4928 2990 4994; x_wconf 88' lang='lat' dir='ltr'><strong>mei,</strong></span> <span class='ocrx_word' id='word_1_844' title='bbox 3019 4936 3111 4982; x_wconf 87' lang='lat' dir='ltr'><strong>aut</strong></span> <span class='ocrx_word' id='word_1_845' title='bbox 3139 4927 3351 4983; x_wconf 89' lang='lat' dir='ltr'><strong>Domini</strong></span> <span class='ocrx_word' id='word_1_846' title='bbox 3395 4926 3491 4981; x_wconf 90' lang='lat' dir='ltr'><strong>Dei</strong></span> <span class='ocrx_word' id='word_1_847' title='bbox 3522 4927 3713 4987; x_wconf 85' lang='lat' dir='ltr'><strong>nostri.</strong></span> <span class='ocrx_word' id='word_1_848' title='bbox 3736 4924 3850 4979; x_wconf 80' lang='lat' dir='ltr'><strong>divi—</strong></span> 
     </span>
    </p>
   </div>
   <div class='ocr_carea' id='block_1_112' title="bbox 2284 5018 3846 5094">
    <p class='ocr_par' dir='ltr' id='par_1_112' title="bbox 2284 5018 3846 5094">
     <span class='ocr_line' id='line_1_112' title="bbox 2284 5018 3846 5094; baseline -0.006 -15"><span class='ocrx_word' id='word_1_849' title='bbox 2284 5040 2367 5079; x_wconf 72' lang='lat' dir='ltr'><strong>na:</strong></span> <span class='ocrx_word' id='word_1_850' title='bbox 2397 5025 2775 5080; x_wconf 83' lang='lat' dir='ltr'><strong>familiaritatis</strong></span> <span class='ocrx_word' id='word_1_851' title='bbox 2803 5026 3028 5094; x_wconf 86' lang='lat' dir='ltr'><strong>gratiam</strong></span> <span class='ocrx_word' id='word_1_852' title='bbox 3074 5037 3198 5077; x_wconf 89' lang='lat' dir='ltr'><strong>eum</strong></span> <span class='ocrx_word' id='word_1_853' title='bbox 3242 5020 3533 5077; x_wconf 69' lang='lat' dir='ltr'><strong>oﬂendi=se</strong></span> <span class='ocrx_word' id='word_1_854' title='bbox 3570 5018 3846 5086; x_wconf 85' lang='lat' dir='ltr'><strong>redarguit.</strong></span> 
     </span>
    </p>
   </div>
   <div class='ocr_carea' id='block_1_113' title="bbox 2283 5108 3845 5186">
    <p class='ocr_par' dir='ltr' id='par_1_113' title="bbox 2283 5108 3845 5186">
     <span class='ocr_line' id='line_1_113' title="bbox 2283 5108 3845 5186; baseline -0.004 -20"><span class='ocrx_word' id='word_1_855' title='bbox 2283 5115 2447 5181; x_wconf 80' lang='lat' dir='ltr'><strong>Quasi</strong></span> <span class='ocrx_word' id='word_1_856' title='bbox 2489 5116 2632 5171; x_wconf 89' lang='lat' dir='ltr'><strong>dicat</strong></span> <span class='ocrx_word' id='word_1_857' title='bbox 2665 5133 2678 5170; x_wconf 90' lang='lat'><strong>:</strong></span> <span class='ocrx_word' id='word_1_858' title='bbox 2711 5114 2837 5184; x_wconf 87' lang='lat' dir='ltr'><strong>Ejus</strong></span> <span class='ocrx_word' id='word_1_859' title='bbox 2870 5122 3136 5186; x_wconf 85' lang='lat' dir='ltr'><strong>praecepta</strong></span> <span class='ocrx_word' id='word_1_860' title='bbox 3174 5112 3577 5181; x_wconf 65' lang='lat' dir='ltr'><strong>contempsisti,</strong></span> <span class='ocrx_word' id='word_1_861' title='bbox 3611 5111 3701 5181; x_wconf 92' lang='lat' dir='ltr'><strong>qui</strong></span> <span class='ocrx_word' id='word_1_862' title='bbox 3740 5108 3845 5162; x_wconf 87' lang='lat' dir='ltr'><strong>dum</strong></span> 
     </span>
    </p>
   </div>
   <div class='ocr_carea' id='block_1_114' title="bbox 2285 5202 3845 5277">
    <p class='ocr_par' dir='ltr' id='par_1_114' title="bbox 2285 5202 3845 5277">
     <span class='ocr_line' id='line_1_114' title="bbox 2285 5202 3845 5277; baseline -0.004 -17"><span class='ocrx_word' id='word_1_863' title='bbox 2285 5215 2339 5262; x_wconf 86' lang='lat' dir='ltr'><strong>te</strong></span> <span class='ocrx_word' id='word_1_864' title='bbox 2359 5207 2426 5261; x_wconf 89' lang='lat' dir='ltr'><strong>de</strong></span> <span class='ocrx_word' id='word_1_865' title='bbox 2452 5207 2559 5260; x_wconf 92' lang='lat' dir='ltr'><strong>imo</strong></span> <span class='ocrx_word' id='word_1_866' title='bbox 2587 5207 2799 5273; x_wconf 83' lang='lat' dir='ltr'><strong>extulit,</strong></span> <span class='ocrx_word' id='word_1_867' title='bbox 2831 5207 2957 5261; x_wconf 88' lang='lat' dir='ltr'><strong>dum</strong></span> <span class='ocrx_word' id='word_1_868' title='bbox 2984 5223 3148 5277; x_wconf 89' lang='lat' dir='ltr'><strong>super</strong></span> <span class='ocrx_word' id='word_1_869' title='bbox 3176 5206 3312 5260; x_wconf 89' lang='lat' dir='ltr'><strong>alios</strong></span> <span class='ocrx_word' id='word_1_870' title='bbox 3341 5214 3394 5259; x_wconf 83' lang='lat' dir='ltr'><strong>te</strong></span> <span class='ocrx_word' id='word_1_871' title='bbox 3419 5202 3845 5269; x_wconf 83' lang='lat' dir='ltr'><strong>constituit,dum</strong></span> 
     </span>
    </p>
   </div>
   <div class='ocr_carea' id='block_1_115' title="bbox 2283 5298 3840 5368">
    <p class='ocr_par' dir='ltr' id='par_1_115' title="bbox 2283 5298 3840 5368">
     <span class='ocr_line' id='line_1_115' title="bbox 2283 5298 3840 5368; baseline -0.01 -14"><span class='ocrx_word' id='word_1_872' title='bbox 2283 5313 2467 5368; x_wconf 80' lang='lat' dir='ltr'><strong>regem</strong></span> <span class='ocrx_word' id='word_1_873' title='bbox 2493 5298 2640 5363; x_wconf 76' lang='lat' dir='ltr'><strong>iecit,</strong></span> <span class='ocrx_word' id='word_1_874' title='bbox 2673 5312 2770 5367; x_wconf 92' lang='lat' dir='ltr'><strong>per</strong></span> <span class='ocrx_word' id='word_1_875' title='bbox 2798 5298 3197 5367; x_wconf 88' lang='lat' dir='ltr'><strong>impositionem</strong></span> <span class='ocrx_word' id='word_1_876' title='bbox 3245 5303 3516 5350; x_wconf 82' lang='lat' dir='ltr'><strong>tantorum</strong></span> <span class='ocrx_word' id='word_1_877' title='bbox 3564 5303 3840 5349; x_wconf 77' lang='lat' dir='ltr'><strong>munerum,</strong></span> 
     </span>
    </p>
   </div>
   <div class='ocr_carea' id='block_1_116' title="bbox 2284 5378 3843 5459">
    <p class='ocr_par' dir='ltr' id='par_1_116' title="bbox 2284 5378 3843 5459">
     <span class='ocr_line' id='line_1_116' title="bbox 2284 5378 3843 5459; baseline -0.009 -16"><span class='ocrx_word' id='word_1_878' title='bbox 2284 5390 2431 5444; x_wconf 86' lang='lat' dir='ltr'><strong>velut</strong></span> <span class='ocrx_word' id='word_1_879' title='bbox 2457 5388 2765 5459; x_wconf 87' lang='lat' dir='ltr'><strong>specialiter</strong></span> <span class='ocrx_word' id='word_1_880' title='bbox 2804 5396 2925 5442; x_wconf 84' lang='lat' dir='ltr'><strong>tuus</strong></span> <span class='ocrx_word' id='word_1_881' title='bbox 2961 5386 3080 5442; x_wconf 82' lang='lat' dir='ltr'><strong>fuit.</strong></span> <span class='ocrx_word' id='word_1_882' title='bbox 3121 5386 3309 5441; x_wconf 81' lang='lat' dir='ltr'><strong>Adhuc</strong></span> <span class='ocrx_word' id='word_1_883' title='bbox 3337 5400 3555 5454; x_wconf 90' lang='lat' dir='ltr'><strong>quoque</strong></span> <span class='ocrx_word' id='word_1_884' title='bbox 3594 5378 3843 5451; x_wconf 80' lang='lat' dir='ltr'><strong>subjungi-</strong></span> 
     </span>
    </p>
   </div>
   <div class='ocr_carea' id='block_1_117' title="bbox 2287 5474 3843 5546">
    <p class='ocr_par' dir='ltr' id='par_1_117' title="bbox 2287 5474 3843 5546">
     <span class='ocr_line' id='line_1_117' title="bbox 2287 5474 3843 5546; baseline -0.006 -11"><span class='ocrx_word' id='word_1_885' title='bbox 2287 5488 2405 5545; x_wconf 90' lang='lat' dir='ltr'><strong>tur,</strong></span> <span class='ocrx_word' id='word_1_886' title='bbox 2452 5479 2594 5534; x_wconf 90' lang='lat' dir='ltr'><strong>unde</strong></span> <span class='ocrx_word' id='word_1_887' title='bbox 2644 5477 3087 5546; x_wconf 85' lang='lat' dir='ltr'><strong>transgressionis</strong></span> <span class='ocrx_word' id='word_1_888' title='bbox 3127 5476 3240 5546; x_wconf 87' lang='lat' dir='ltr'><strong>ejus</strong></span> <span class='ocrx_word' id='word_1_889' title='bbox 3276 5476 3499 5532; x_wconf 91' lang='lat' dir='ltr'><strong>audacia</strong></span> <span class='ocrx_word' id='word_1_890' title='bbox 3538 5474 3714 5543; x_wconf 87' lang='lat' dir='ltr'><strong>major</strong></span> <span class='ocrx_word' id='word_1_891' title='bbox 3747 5481 3843 5525; x_wconf 76' lang='lat' dir='ltr'><strong>esse</strong></span> 
     </span>
    </p>
   </div>
   <div class='ocr_carea' id='block_1_118' title="bbox 2287 5569 3107 5624">
    <p class='ocr_par' dir='ltr' id='par_1_118' title="bbox 2287 5569 3107 5624">
     <span class='ocr_line' id='line_1_118' title="bbox 2287 5569 3107 5624; baseline -0.013 0"><span class='ocrx_word' id='word_1_892' title='bbox 2287 5569 2548 5624; x_wconf 84' lang='lat' dir='ltr'><strong>doceatur</strong></span> <span class='ocrx_word' id='word_1_893' title='bbox 2582 5586 2592 5620; x_wconf 92' lang='lat'><strong>:</strong></span> <span class='ocrx_word' id='word_1_894' title='bbox 3104 5612 3107 5613; x_wconf 65' lang='lat'><strong>,</strong></span> 
     </span>
    </p>
   </div>
   <div class='ocr_carea' id='block_1_119' title="bbox 2364 5656 3487 5733">
    <p class='ocr_par' dir='ltr' id='par_1_119' title="bbox 2364 5656 3487 5733">
     <span class='ocr_line' id='line_1_119' title="bbox 2364 5656 3487 5733; baseline -0.005 -18"><span class='ocrx_word' id='word_1_895' title='bbox 2364 5661 2539 5733; x_wconf 80' lang='lat' dir='ltr'><strong>(Vers.</strong></span> <span class='ocrx_word' id='word_1_896' title='bbox 2570 5659 2682 5730; x_wconf 76' lang='grc'><strong>15.)</strong></span> <span class='ocrx_word' id='word_1_897' title='bbox 2716 5658 2861 5727; x_wconf 73' lang='lat' dir='ltr'><strong>Quae,</strong></span> <span class='ocrx_word' id='word_1_898' title='bbox 2894 5657 3080 5730; x_wconf 85' lang='lat' dir='ltr'><strong>inquit,</strong></span> <span class='ocrx_word' id='word_1_899' title='bbox 3111 5659 3349 5730; x_wconf 67' lang='lat' dir='ltr'><strong>prwcepit</strong></span> <span class='ocrx_word' id='word_1_900' title='bbox 3376 5656 3487 5711; x_wconf 84' lang='lat' dir='ltr'><strong>tibi.</strong></span> 
     </span>
    </p>
   </div>
  </div>
