3962 6264
156 327 253 385 Si!)
963 323 1026 378 IN
1069 323 1330 381 PRIMUM
1370 325 1611 382 REGUM
1653 323 2162 385 EXPOSITIONES.
2203 360 2272 372 —
2312 331 2436 386 LIB.
2483 332 2542 386 V.

3304 339 3410 398 5‘30

221 440 303 495 i9.
336 439 588 505 Quasdam
609 437 839 508 denique
866 437 958 492 Dei
983 447 1248 508 praecepta
1276 449 1399 492 sunt
1422 439 1724 493 communia
1754 438 1800 495 Α
1827 437 2048 493 obedire
2079 440 2189 494 Deo
2215 441 2453 510 perfecte
2473 441 2584 511 jam
2611 443 2788 509 novit;
2819 445 2908 514 qui
2939 445 3109 499 solum
3137 447 3240 503 huc
3267 466 3407 519 [ιιω-

155 530 406 595 omnium,
435 543 540 582 non
562 527 818 597 specialia
847 526 1172 597 aliquorum.
1215 527 1282 581 Ut
1311 543 1439 597 ergo
1470 529 1727 583 audacem

154 637 294 678 tcum
332 620 648 673 temeritatis
688 634 796 676 sua:
835 619 1040 690 patenti
1078 619 1385 687 objectione
1423 621 1724 686 convincat,

155 727 252 764 non
282 725 400 762 cum
432 719 702 778 prmcepta
736 711 1064 776 communia,
1095 709 1189 765 sed
1212 710 1424 780 propria
1466 721 1518 764 et
1545 713 1728 780 singu-

157 805 276 857 laria
317 803 706 866 contemsisse
749 802 1103 858 demonstrat.
1156 801 1305 868 Quaz,
1349 806 1441 870 ait,
1487 807 1729 874 praecepit

153 895 256 947 tibi.
306 894 380 946 Ac
423 891 467 946 si
498 891 641 946 dicat
689 910 702 944 :
753 891 845 945 Illa
875 892 968 946 Dei
1017 902 1071 946 et
1112 892 1320 947 Domini
1361 894 1434 947 tui
1480 893 1726 947 mandata

153 982 530 1052 c0iztcmp-i~ti,
565 998 683 1052 quae
707 999 812 1036 non
833 983 979 1036 velut
1005 985 1310 1038 communia
1340 985 1605 1046 omnibus,
1635 984 1726 1038 sed

152 1076 286 1129 Velut
315 1074 530 1143 propria
552 1116 567 1138 ,
598 1082 652 1128 et
681 1075 780 1128 soli
815 1075 908 1128 tibi
943 1075 1284 1142 singulariter
1306 1074 1506 1129 credita
1536 1075 1727 1131 obser-

153 1181 268 1219 vare
290 1165 540 1219 debuisti.
573 1163 680 1219 Sed
701 1165 827 1233 quid
849 1175 1139 1228 mereatur,
1168 1164 1408 1232 exponit,
1434 1165 1652 1218 dicens:

217 1255 397 1324 (Vers.
427 1254 527 1318 15,
565 1253 689 1320 14.)
723 1252 874 1318 Quod
909 1256 954 1309 si
984 1271 1084 1310 non
1116 1257 1354 1326 fecisses,
1379 1257 1492 1324 jam
1521 1272 1726 1324 prwpa-

151 1356 302 1401 rasset
336 1345 587 1400 Dominus
633 1363 850 1416 regnum
892 1354 1035 1399 tuum
1081 1363 1236 1414 super
1277 1344 1446 1399 Israel
1488 1361 1642 1417 usque
1670 1347 1721 1399 in

150 1437 520 1504 s‘mpiternum,
556 1436 646 1488 sed
675 1451 995 1506 nequaquam
1018 1436 1157 1489 ultra
1186 1444 1481 1504 consurget.

209 1525 292 1578 20.
347 1524 490 1579 Ecce
519 1541 682 1595 quam
721 1539 912 1594 magna
949 1524 1222 1594 perdidit,
1252 1526 1363 1592 qui,
1396 1533 1454 1580 ut
1483 1525 1723 1595 putabat,

151 1618 280 1672 nulla
327 1618 674 1686 contempsit.
729 1618 867 1672 Ecce
909 1625 1117 1686 septem
1169 1616 1359 1671 diebus
1406 1617 1723 1686 prophetam

149 1705 384 1761 sustinuit
407 1723 421 1771 ;
455 1705 551 1760 sed
580 1705 708 1759 dum
734 1706 1034 1775 praestolari
1062 1721 1183 1760 eum
1215 1706 1267 1760 in
1293 1705 1396 1760 ﬁne
1417 1705 1523 1760 diei
1543 1704 1720 1770 desiit,

1831 529 1980 598 cipit,
2011 530 2154 598 quod
2183 547 2245 586 es
2271 533 2497 586 consilio
2524 533 2766 602 procedit
2795 535 2991 587 intima:
3010 535 3270 591 veritatis.

1901 618 1990 672 22.
2022 619 2126 674 Sed
2156 621 2284 688 quid
2306 630 2409 687 est,
2437 622 2580 689 quod
2609 624 2760 690 quasi
2785 623 2852 677 de
2876 625 3147 692 praeterito
3177 625 3372 678 dicitur
3399 645 3414 680 :

1835 712 2080 777 Quaesivit
2105 709 2202 764 sibi
2235 710 2484 764 Dominus
2513 713 2696 776 virum,
2735 723 2782 766 et
2812 717 3054 784 prwcepit
3092 717 3156 780 ei,
3201 725 3256 768 ut
3285 725 3417 769 esset

1831 803 1958 867 dux,
1985 818 2106 856 cum
2143 819 2250 856 non
2279 801 2438 855 fuerit
2472 804 2751 870 quaesitus,
2783 819 2881 857 nec
2909 806 2977 868 ei,
3012 814 3069 858 ut
3095 806 3293 873 populo
3320 821 3418 859 suo

1832 899 2104 958 praeesﬁet,
2148 889 2484 958 injunctum?
2514 889 2644 942 Nam
2680 901 2965 958 postquam
2995 892 3120 945 Saul
3154 895 3417 959 percussit

1831 981 2109 1047 Amalech,
2142 981 2314 1035 eidem
2343 983 2618 1052 propheta:
2647 983 2902 1037 Dominus
2922 985 2996 1036 ait
3026 1003 3038 1037 :
3072 984 3238 1051 Imple
3258 1002 3418 1039 cornu

1831 1079 1969 1122 tuum
2009 1070 2142 1136 oleo,
2180 1080 2228 1124 et
2263 1072 2374 1124 veni
2394 1112 2409 1136 ,
2457 1073 2656 1125 mittam
2688 1082 2736 1126 te
2763 1074 2833 1126 ad
2861 1073 2972 1127 Isai
3003 1074 3418 1128 Det/ilcliernitem

1830 1161 1895 1233 (Ι
1930 1162 2057 1233 Reg.
2093 1179 2200 1226 xvr,
2235 1164 2320 1233 l).
2353 1165 2458 1218 Sed
2491 1165 2605 1220 haec
2629 1169 2856 1235 quaestio
2887 1169 3042 1224 fatile
3083 1171 3327 1235 solvitur,
3373 1171 3414 1225 si

1827 1253 2214 1322 omnipotentis
2237 1253 2328 1308 Dei
2353 1256 2712 1322 pnnscicntia,
2740 1266 2794 1310 et
2817 1259 3216 1326 pratdcstinatio
3235 1260 3416 1313 videa~

1828 1351 1931 1396 tur.
1963 1342 2024 1396 Ei
2051 1343 2265 1412 quidem
2299 1344 2700 1412 pnndestinare,
2735 1347 2911 1401 facere
2941 1358 3041 1412 est,
3079 1358 3132 1403 et
3159 1350 3299 1418 apud
3332 1350 3415 1418 ip-

1824 1448 1940 1486 sum
1980 1432 2088 1501 jam
2128 1432 2266 1487 facta
2316 1443 2469 1500 sunt,
2513 1450 2634 1504 qua:
2663 1437 2729 1490 ab
2757 1437 2874 1506 ipso
2905 1437 3016 1491 lleri
3058 1440 3413 1507 prmordinaea

1824 1531 1968 1577 sunt.
2006 1521 2158 1576 Unde
2185 1532 2239 1576 et
2267 1523 2335 1576 de
2363 1539 2428 1578 eo
2456 1526 2713 1593 scriptum
2743 1535 2825 1579 est
2859 1544 2870 1578 :
2906 1525 3072 1591 Fecit,
3103 1545 3214 1598 (μαλ’
3241 1531 3414 1598 futura

1824 1621 1944 1666 sunt
1975 1611 2126 1683 (Isu.
2160 1628 2285 1679 xu,
2319 1612 2404 1678 11,
2438 1630 2540 1667 sec.
2575 1612 2771 1684 LXX).
2814 1615 2919 1670 Sed
2962 1619 3215 1686 qutL-sisse
3247 1620 3414 1678 virum

1829 1702 1969 1757 Deus
2000 1703 2212 1767 dicitur,
2247 1711 2305 1758 ut
2332 1704 2696 1772 eligendorum
2724 1707 3021 1761 antistitum
3049 1709 3217 1762 forma
3239 1711 3408 1764 homi-

149 1798 352 1867 gloriam
385 1803 550 1848 tantm
578 1795 849 1863 dignitatis
877 1785 1074 1849 amisit.
1105 1793 1258 1848 Unde
1286 1801 1342 1848 et
1364 1808 1459 1864 per
1484 1794 1719 1864 prophe-
1751 1788 1800 1847 B
1826 1793 1982 1846 nibus
2024 1792 2347 1862 praebeatur.
2393 1791 2644 1858 Quaerere
2681 1794 2823 1848 enim
2864 1795 3130 1863 solemus,
3179 1813 3294 1865 quae
3323 1809 3418 1852 aut

150 1897 244 1939 tam
288 1886 483 1940 dicitur
535 1903 547 1936 :
599 1884 689 1938 Va:
743 1884 808 1937 iis
849 1883 935 1954 qui
984 1882 1316 1949 perdiderunt
1361 1883 1723 1936 sustinentium

149 1978 320 2046 (Eccli.
373 1993 428 2041 ιι,
481 1975 592 2042 l6).
641 1973 1028 2029 Sustinentiam
1077 1973 1291 2043 quidem
1334 1973 1584 2043 perdunt,
1629 1973 1723 2041 qui

149 2071 293 2132 bona,
322 2081 436 2134 qum
471 2066 746 2127 inchoant,
775 2081 882 2118 non
905 2072 1304 2119 consummant.
1336 2063 1538 2129 Quibus
1561 2064 1720 2117 nimi-

147 2174 250 2214 rum
279 2174 354 2212 va:
375 2173 500 2211 esse
525 2156 727 2210 dicitur
756 2173 768 2208 :
801 2156 926 2223 quia
955 2170 1062 2208 non
1083 2154 1254 2208 solum
1279 2155 1497 2223 inempti
1525 2154 1724 2208 laboris

148 2250 430 2306 mercedem
468 2249 721 2318 perdunt,
762 2246 855 2302 sed
885 2247 1044 2301 etiam
1075 2253 1412 2314 apostatatns
1440 2246 1521 2300 sui
1564 2261 1722 2315 paena

148 2338 406 2393 feriuntur.
457 2336 621 2391 Pinna
656 2344 832 2388 autem
863 2333 1077 2402 superbi
1108 2341 1163 2387 et
1201 2333 1554 2387 inobedicntis
1585 2334 1724 2401 regis

149 2428 456 2492 dctlaratu",
491 2441 610 2479 cum
634 2425 829 2478 dicitur
857 2441 870 2473 :
900 2422 1050 2486 Quod
1074 2423 1119 2476 si
1142 2439 1242 2476 non
1268 2425 1496 2492 fecisses,
1519 2440 1722 2493 prama-

151 2527 297 2572 rasset
317 2521 429 2587 jam
470 2515 722 2570 Dominus
748 2531 959 2585 regnum
991 2522 1132 2566 tuum
1161 2530 1313 2583 super
1342 2512 1511 2566 Israel
1537 2513 1722 2567 amodo

151 2620 192 2661 et
213 2624 357 2679 usque
391 2609 449 2661 in
485 2607 883 2676 sempiternum;
930 2603 1022 2657 sed
1047 2620 1149 2656 non
1189 2611 1481 2672 consurget.
1517 2603 1723 2657 Amodo

152 2708 198 2752 et
231 2713 389 2766 usque
418 2698 478 2750 in
506 2695 890 2765 sempiternum
930 2692 1159 2747 electum
1194 2705 1416 2759 regnum
1455 2701 1673 2760 paratur
1705 2710 1718 2745 :

153 2787 262 2854 quia
289 2787 374 2855 qui
414 2783 740 2855 temporalia
789 2783 927 2837 bene
952 2781 1229 2848 ordinant,
1279 2789 1492 2835 :nterna:
1540 2781 1590 2848 gl
1630 2781 1722 2835 riae

154 2878 241 2931 sibi
267 2877 651 2932 sublimitatem
695 2882 905 2944 parant.
955 2873 1115 2928 Modo
1159 2871 1287 2942 quid
1324 2888 1378 2926 m
1428 2873 1722 2926 electorum

154 2982 352 3036 regnum
398 2977 660 3036 paratur,
711 2979 832 3020 cum
877 2979 976 3034 per
1019 2964 1252 3018 divinam
1302 2964 1526 3033 gratiam
1576 2972 1723 3018 recte

151 3073 317 3112 eorum
336 3057 641 3111 ministeria
664 3055 1057 3124 dispensantur.
1084 3052 1238 3119 Quod
1260 3053 1455 3107 amodo
1476 3061 1528 3106 et
1556 3066 1723 3120 usque

1825 1883 2112 1953 praesentia
2145 1899 2252 1938 non
2295 1885 2698 1952 cognoscimus,
2730 1895 2821 1939 aut
2856 1886 3096 1940 absentia
3128 1903 3233 1941 non
3268 1888 3390 1941 vide

1824 1989 1964 2028 mus.
1997 1972 2138 2028 Deus
2179 1982 2380 2038 autem,
2412 1975 2496 2028 cui
2526 1974 2655 2027 nihil
2687 1983 2768 2028 cst
2802 1975 3016 2041 absens,
3055 1977 3184 2030 nihil
3217 1979 3410 2043 latens,

1825 2079 1933 2116 non
1956 2062 2153 2116 dicitur
2173 2063 2428 2132 quassisse
2451 2064 2641 2129 virum,
2673 2073 2728 2118 ut
2755 2065 3054 2133 absentem,
3079 2076 3165 2120 aut
3191 2067 3388 2121 abscon

1823 2154 2022 2208 ditunt:
2055 2155 2151 2209 sed
2171 2155 2425 2223 quaesisse
2441 2155 2656 2222 dicitur,
2686 2165 2743 2208 ut
2769 2157 2961 2222 omnis,
2997 2158 3085 2226 qui
3117 2158 3182 2210 ad
3214 2165 3414 2214 sancta

1825 2245 2082 2301 Ecclesia:
2117 2247 2330 2301 culmen
2361 2247 2595 2316 cligitur,
2623 2247 2987 2302 discutiendus
3012 2249 3078 2302 ab
3109 2249 3414 2304 hominibus

1824 2351 1942 2390 esse
1964 2335 2243 2390 doceatur.
2277 2335 2382 2390 Sed
2408 2336 2576 2405 quaeri
2599 2335 2758 2391 debet
2783 2337 3073 2391 secundum
3096 2353 3190 2392 cor
3210 2338 3331 2402 Dei;
3357 2350 3414 2394 ut

1824 2426 2078 2481 videlicet
2118 2443 2223 2481 non
2278 2427 2450 2480 solum
2492 2427 2727 2480 divinam
2767 2429 3096 2481 voluntatem
3128 2429 3409 2496 intelligat.

1822 2520 1917 2574 sed
1946 2519 2101 2573 bonis
2130 2518 2384 2588 Opertbus
2414 2517 2680 2572 ostendat.
2706 2517 2840 2583 Quia
2871 2517 2998 2571 item
3021 2519 3176 2572 electi
3205 2519 3304 2572 viri
3337 2519 3405 2572 ad

1823 2607 2085 2663 honorem
2121 2606 2382 2675 primatus
2423 2621 2530 2660 non
2575 2621 2642 2661 ex
2691 2605 2982 2661 ambitione
3025 2608 3268 2672 veniunt,
3311 2607 3407 2662 sed

1823 2696 1998 2752 coacti
2028 2696 2412 2766 perducuntur,
2439 2695 2577 2750 bene
2605 2697 2805 2749 dictum
2828 2707 2910 2750 est
2934 2715 2947 2750 :
2975 2697 3043 2750 Et
3070 2700 3312 2768 prmecpit
3338 2699 3406 2762 ei,

1824 2796 1880 2839 ut
1907 2796 2038 2840 esset
2067 2785 2172 2838 dua:
2203 2802 2222 2839 :
2254 2784 2415 2851 Quasi
2442 2785 2584 2840 dicat
2629 2803 2642 2838 :
2683 2786 2742 2840 In
2786 2785 3048 2840 honorem
3085 2787 3410 2856 prmlationis

1827 2891 1937 2930 non
1977 2890 2074 2945 per
2102 2874 2450 2929 ambitionem
2497 2874 2694 2939 subiit,
2743 2875 2836 2929 sed
2879 2884 3100 2929 coactus
3146 2876 3408 2930 ascendit.

1826 2965 2013 3021 Potest
2042 2966 2201 3020 etiam
2234 2965 2458 3032 intelligi
2491 2965 2571 3018 vir
2597 2980 2695 3033 pro
2726 2963 3066 3031 fortitudine;
3110 2967 3405 3020 secundum

1825 3071 1920 3110 cor
1963 3053 2100 3119 Dei,
2140 3068 2237 3123 pro
2283 3051 2489 3106 interna
2521 3053 2800 3107 charitate.
2849 3052 3073 3118 Quando
3121 3054 3280 3121 igitur
3318 3070 3404 3108 ne-

153 3153 197 3204 in
239 3149 628 3219 sempiternum
673 3144 884 3217 proﬁcit
919 3163 932 3199 :
965 3145 1090 3214 quia
1143 3145 1210 3200 de
1255 3145 1469 3199 sublimi
1509 3144 1721 3199 actione
1750 3141 1794 3200 C
1825 3149 2047 3202 cessitas
2083 3145 2266 3212 exigit,
2307 3142 2372 3197 ad
2419 3158 2603 3196 curam
2633 3151 2829 3196 sancta:
2860 3142 3108 3196 Ecclesia:
3134 3153 3404 3211 qumratur

151 3242 293 3311 hujus
308 3241 594 3312 temporis,
618 3239 982 3294 sublimiorem
1006 3237 1149 3291 illam
1166 3236 1410 3290 aaternita
1419 3236 1482 3290 tis
1497 3235 1720 3303 gloriam

151 3322 589 3404 promerentur‘in
622 3330 794 3386 caelis.
838 3329 897 3383 In
925 3328 1084 3384 ﬁnem
1115 3329 1295 3397 itaque
1335 3327 1569 3398 reprobo
1607 3328 1720 3395 regi

149 3425 328 3478 dicitur
370 3442 383 3477 :
434 3425 674 3496 Regnum
723 3434 863 3476 tuum
903 3439 1224 3493 nequaquam
1253 3423 1388 3474 ultra
1427 3431 1718 3493 consurget.

149 3515 297 3580 Quasi
325 3515 468 3568 dicat
500 3533 513 3567 :
549 3515 684 3568 Dum
711 3529 740 3567 a
768 3513 1050 3583 temporali
1080 3513 1398 3566 rectitudine
1423 3509 1618 3577 deﬁcit,
1653 3511 1721 3566 ad

148 3606 446 3659 aziernitatis
474 3602 851 3660 celsitudinem
875 3617 982 3656 non
1006 3601 1276 3670 pertingit.
1306 3600 1402 3654 Vel
1429 3600 1627 3655 idcirco
1653 3599 1720 3654 ad

147 3698 364 3752 litteram
386 3714 493 3752 non
525 3710 855 3764 consurgere
876 3694 1106 3749 dicitur:
1151 3693 1275 3765 quia
1304 3707 1424 3748 cum
1446 3693 1562 3762 ipso
1593 3707 1720 3748 cor-

149 3786 264 3852 ruit,
292 3794 345 3840 et
374 3794 498 3856 post
529 3786 702 3855 ipsum
734 3785 786 3839 in
816 3781 932 3852 ejus
973 3780 1097 3837 ﬁliis
1125 3797 1232 3838 non
1260 3783 1538 3837 remansit.
1587 3780 1716 3848 Sed,

148 3883 199 3928 ut
240 3875 416 3931 livoris
463 3889 626 3945 paena
681 3873 924 3940 feriatur,
977 3888 1084 3926 non
1141 3871 1313 3925 solum
1358 3869 1717 3940 repulsionem

148 3983 303 4030 suam,
332 3967 429 4022 sed
461 3969 628 4021 etiam
660 3965 982 4020 electionem
1007 3963 1240 4017 alienam
1269 3961 1455 4016 audire
1481 3960 1720 4030 compel-

148 4056 276 4111 litur.
306 4057 437 4112 Nam
459 4058 790 4126 subjungens
818 4055 1081 4124 propheta
1109 4053 1181 4106 ait
1206 4070 1220 4105 :

208 4150 376 4220 (Vers.
414 4150 528 4220 Η.)
567 4150 809 4216 Quaesivit
847 4145 945 4201 sibi
983 4145 1237 4200 Dominus
1265 4147 1429 4198 virum
1450 4146 1604 4213 juxta
1632 4160 1720 4196 cor

149 4257 296 4306 suum,
325 4252 372 4295 et
394 4241 644 4310 pracepit
668 4241 734 4304 ei,
764 4246 818 4290 ut
839 4244 970 4290 esset
1000 4234 1105 4288 dua:
1128 4250 1280 4303 super
1306 4231 1549 4303 populum
1572 4247 1718 4285 suum

149 4329 422 4476 1:03.?“
453 4421 638 4475 omnia
662 4417 823 4472 verba
848 4417 962 4470 haec
982 4414 1244 4484 superbus
1271 4412 1488 4468 eliditur
1515 4429 1527 4464 :
1555 4412 1717 4482 290

1825 3238 1923 3302 vir,
1959 3244 2018 3289 ut
2055 3235 2124 3290 sit
2152 3233 2561 3288 conversatione
2589 3230 2769 3297 fortis;
2809 3243 3078 3302 quaeratur
3105 3233 3400 3286 secandum

1822 3342 1917 3383 cor
1947 3325 2061 3389 Dei,
2094 3333 2152 3378 ut
2181 3338 2277 3393 per
2305 3321 2552 3377 effectum
2581 3321 2760 3390 magni
2800 3321 3020 3386 amoris,
3049 3321 3200 3390 quasi
3229 3322 3407 3376 unitus

1822 3421 1893 3475 sit
1915 3419 2106 3473 divina:
2130 3415 2392 3472 voluntati
2432 3432 2445 3468 :
2478 3414 2820 3484 przecipiatur
2839 3412 2907 3478 ei,
2941 3421 2997 3465 ut
3017 3412 3086 3465 sit
3113 3413 3248 3477 dux;
3280 3429 3402 3480 qua-

1825 3518 1981 3565 tenus
2005 3507 2344 3562 sublim'tatis
2373 3504 2611 3560 ordinem
2633 3501 2998 3558 conscendere
3027 3517 3090 3556 ex
3115 3502 3408 3572 cupiditate-

1806 3580 1931 3658 'non
1962 3602 2192 3668 ambiat,
2242 3598 2335 3653 sed
2375 3613 2442 3652 ex
2473 3596 2772 3650 humilitate
2801 3593 3146 3663 pertimescat
3177 3611 3189 3645 :
3224 3594 3408 3660 sicqus

1822 3695 1924 3750 sibi
1955 3693 2170 3748 humilis
2201 3699 2344 3744 metu
2366 3697 2426 3751 .t,
2470 3696 2529 3742 ut
2556 3686 2708 3741 subdi
2739 3695 3008 3754 prmcepto
3040 3684 3131 3738 Dei
3163 3683 3405 3739 devotius

1823 3793 2099 3855 agnoscat.
2150 3781 2257 3836 Sed
2302 3781 2426 3846 quia
2470 3780 2553 3834 his
2581 3777 2758 3832 verbis
2785 3776 3049 3846 pr0pheta
3092 3775 3227 3845 lapsi
3271 3776 3407 3844 regis

1822 3881 1985 3934 vitam
2011 3875 2448 3947 reprehenderat,
2479 3871 2724 3940 sequitur
2746 3887 2760 3923 :

1897 3969 2073 4041 (Vcrs.
2118 3967 2228 4038 15.)
2263 3966 2504 4020 Surrexit
2533 3971 2704 4016 autem
2735 3959 2968 4021 Samuel,
2999 3969 3048 4014 et
3086 3960 3314 4013 ascendit
3343 3961 3402 4014 de

1825 4062 2060 4132 Calgalis
2090 4061 2144 4113 in
2174 4056 2353 4110 Gabaa
2386 4054 2684 4124 Benjamin.

1893 4152 1981 4205 25.
2036 4149 2198 4216 Quasi
2250 4147 2318 4200 ab
2367 4146 2476 4199 alto
2524 4144 2590 4198 ad
2643 4143 2860 4213 planum
2911 4149 3110 4196 sancth
3155 4139 3408 4195 Ecclesia:

1820 4243 2011 4298 doctor
2036 4241 2201 4302 vi-nit,
2249 4236 2464 4306 quando
2509 4241 2856 4304 peccatorum
2901 4231 3084 4301 culpas
3113 4231 3412 4306 redarguit,

1821 4341 1876 4388 et
1899 4340 2070 4388 status
2090 4330 2172 4385 sui
2190 4305 2569 4384 sublimitatem
2592 4331 2799 4389 curvat,
2831 4338 2951 4377 cum
2981 4323 3046 4375 ad
3068 4305 3402 4376 discuiienda

1821 4426 2082 4479 malorum
2110 4421 2333 4477 crimina
2365 4433 2422 4472 se
2445 4433 2542 4487 per
2562 4415 2810 4471 affectum
2832 4413 3109 4469 charitatis
3137 4413 3402 4466 humiliat.

147 4512 389 4580 Qwst't'it.
421 4513 620 4583 inquit.
648 4513 810 4565 virum
841 4510 998 4580 juxta
1026 4525 1115 4562 σοι’
1143 4522 1311 4561 "mmo
1339 4505 1502 4571 0035i
1529 4504 1705 4558 dicati
1737 4499 1786 4560 Ι)
1813 4514 1958 4568 Bene
1983 4525 2111 4578 ergo
2142 4509 2208 4563 de
2237 4524 2336 4573 eo,
2378 4506 2468 4574 qui
2499 4513 2834 4574 peccatorem
2866 4509 3135 4570 arguerat,
3165 4501 3402 4555 dicitur:

148 4603 255 4660 ldeo
273 4621 392 4660 eum
423 4603 696 4674 qumsivit,
739 4601 863 4668 quia
894 4608 952 4654 tu
976 4598 1130 4668 juxta
1161 4612 1258 4651 cor
1283 4610 1436 4651 suum
1467 4609 1586 4648 esse
1611 4609 1711 4648 no-

149 4697 293 4750 luisti.
326 4696 494 4763 Quasi
524 4693 668 4749 dicat
705 4710 717 4745 :
751 4689 935 4745 Talem
963 4689 1137 4743 virum
1179 4685 1364 4756 papuli
1403 4684 1486 4738 sui
1522 4682 1714 4736 ducem

149 4789 426 4854 constituit,
459 4787 554 4856 qui
601 4790 927 4854 praceptum
959 4779 1124 4834 divini
1152 4775 1362 4833 consilii
1390 4782 1717 4842 exsequatur

147 4880 325 4934 virtute
342 4880 401 4934 (ιι
413 4877 672 4934 votionis.
705 4874 840 4940 Quia
861 4873 1003 4927 enim
1029 4870 1194 4926 corde
1213 4883 1277 4923 ea
1302 4881 1421 4937 quae
1441 4877 1600 4932 agere
1622 4879 1712 4917 vo-

151 4969 322 5033 lumus,
352 4969 658 5023 deliberare
685 4964 951 5020 solemus:
984 4960 1108 5015 dum
1137 4973 1236 5012 usu
1263 4963 1459 5010 nostra:
1485 4951 1717 5006 locutio.

146 5059 217 5112 nis
243 5075 332 5113 cor
361 5059 458 5112 Dei
493 5058 546 5110 in
577 5070 735 5110 sacro
758 5052 972 5120 eloquio
999 5049 1234 5119 ponitur,
1261 5061 1358 5116 per
1380 5058 1500 5098 eum
1524 5041 1713 5095 volun-

147 5155 218 5200 tas
243 5147 355 5214 ejus
381 5147 573 5200 intima
603 5144 943 5210 designatur,
990 5153 1109 5208 qua:
1158 5152 1188 5189 a
1239 5133 1394 5188 nobis
1434 5142 1559 5184 tunc
1583 5127 1714 5183 foris

145 5240 455 5306 agnoscitur,
479 5234 696 5306 quando
713 5229 1088 5288 inobedientia:
1103 5232 1368 5298 przecepta
1385 5219 1709 5276 revelantur.

148 5324 286 5380 Juxta
316 5342 435 5380 eam
477 5339 608 5379 vero
629 5337 834 5382 sumus,
866 5317 1081 5388 quando
1110 5317 1269 5379 hanc,
1300 5320 1355 5367 et
1379 5327 1475 5381 per
1501 5308 1713 5363 intelle-

148 5421 274 5466 ctum
301 5411 667 5480 agnoscimus,
699 5417 755 5464 et
783 5421 880 5476 per
905 5419 1144 5459 amorem
1179 5400 1528 5457 custodimus.
1571 5395 1716 5450 Bene

149 5517 261 5570 ergo
283 5504 348 5558 de
372 5505 607 5559 Domino
631 5504 888 5573 propheta
911 5499 1126 5557 Samuel
1149 5497 1277 5552 dicit
1306 5515 1318 5549 :
1355 5495 1467 5560 Qua
1482 5493 1597 5547 sivit
1619 5491 1718 5544 sibi

153 5607 295 5646 mum
312 5596 468 5663 juxta
500 5611 590 5650 cor
615 5609 779 5658 suum,
812 5601 862 5646 et
889 5590 1152 5661 praecepit,
1182 5596 1238 5640 ut
1267 5594 1396 5640 esset
1426 5586 1532 5637 dua:
1561 5597 1715 5650 super

150 5683 371 5746 rapulum
411 5701 584 5737 suum.
626 5683 760 5750 Quia
804 5681 893 5737 ille
932 5679 1048 5736 aliis
1076 5677 1278 5734 utiliter
1315 5673 1574 5748 prmt‘ipit,
1622 5671 1713 5740 qui

1816 4602 2089 4668 Surrexit,
2137 4609 2186 4652 et
2227 4598 2476 4651 ascendit.
2525 4595 2708 4665 Surgit
2735 4595 2933 4663 quippe
2971 4593 3176 4646 electus
3205 4593 3402 4660 praedi-

1815 4701 1988 4759 cator,
2017 4687 2230 4758 quando
2259 4687 2327 4740 ad
2356 4685 2690 4740 alt'tudinem
2716 4700 2826 4740 sua:
2848 4681 3140 4750 spiritualis
3168 4695 3399 4736 conver-

1815 4780 2036 4838 sationis
2074 4794 2133 4833 se
2160 4791 2257 4847 per
2283 4775 2635 4828 intentionem
2667 4772 2824 4839 erigit
2864 4788 2878 4824 :
2909 4769 3152 4825 ascendit
3195 4781 3396 4833 autem,

1813 4870 2029 4942 quando
2070 4868 2136 4922 ad
2175 4867 2395 4920 arduam
2435 4863 2674 4932 ejusdem
2717 4861 2840 4914 vita:
2882 4875 2990 4915 sua:
3030 4858 3399 4914 celsitudinem

1817 4977 1916 5032 per
1943 4963 2262 5014 consuetum
2291 4968 2426 5023 Opus
2453 4951 2616 5007 venit.
2649 4949 2900 5004 leestia
2944 4947 3161 5016 quidem
3188 4945 3416 5028 deside-V

1819 5056 1918 5119 ria,
1950 5050 2256 5121 spirituales
2278 5048 2525 5112 virtutes,
2555 5044 2697 5099 bona
2727 5056 2892 5114 Opera
2920 5041 2972 5095 in
3002 5039 3216 5096 sublimi
3242 5047 3393 5093 sunt:

1818 5142 2041 5198 aﬁ‘ectus
2084 5137 2301 5200 terreni,
2350 5133 2799 5203 concupiscentiae
2835 5131 3136 5194 saeculares,
3185 5129 3313 5184 vitia
3345 5135 3400 5180 et

1816 5238 2039 5302 peccata
2068 5229 2122 5282 in
2150 5225 2362 5280 inﬁmis.
2399 5223 2598 5277 Doctor
2620 5236 2767 5283 vero,
2795 5221 2950 5290 291
2977 5226 3033 5272 ut
3055 5218 3234 5286 lapsos
3260 5217 3399 5269 bene

1817 5319 2072 5386 corrigat,
2102 5315 2250 5385 prius
2275 5311 2460 5380 culpas
2485 5307 2820 5362 discutiendo
2841 5305 3064 5367 invenit,
3093 5302 3288 5357 deinde
3312 5302 3397 5356 in-

1819 5417 2006 5465 ventas
2029 5405 2169 5460 ferit.
2202 5401 2270 5456 Ut
2308 5414 2436 5468 ergo
2463 5414 2581 5467 quae
2603 5397 2776 5464 feriat,
2819 5397 3100 5467 perspicue
3127 5405 3182 5450 et
3209 5402 3396 5464 aperte

1819 5499 2016 5563 videat,
2060 5493 2254 5549 mentis
2295 5490 2482 5546 oculos
2523 5487 2588 5542 ad
2623 5486 2854 5542 videnda
2894 5487 2998 5541 ima
3045 5494 3391 5556 peccatorum

1816 5591 2034 5645 vulnera
2072 5593 2280 5642 curvat.
2319 5581 2424 5637 Sed
2451 5587 2732 5652 perspecta
2764 5594 2870 5634 non
2908 5579 3061 5647 ferit,
3102 5579 3146 5633 si
3176 5577 3242 5632 ad
3273 5586 3392 5632 tan~

1815 5683 1988 5754 gcnda
2017 5697 2079 5736 ca
2123 5680 2174 5734 in
2203 5675 2414 5743 inlimis,
2441 5691 2554 5732 non
2581 5671 2873 5733 descendit.
2921 5672 3152 5742 Surgere
3181 5685 3309 5742 ergo
3335 5677 3392 5727 et
