3962 6278
542 303 633 361 551

1763 287 2003 345 ΞΛΝΟΪΙ
2042 282 2367 343 GREGORII
2408 281 2621 337 MAG.“

3678 287 3771 343 352

539 413 831 470 ascendere
853 410 1117 481 propheta
1136 406 1350 469 dicitur,
1379 402 1503 471 quia
1530 401 1685 455 electi
1709 400 1926 455 dolores
1951 399 2028 453 sic
2050 398 2115 452 ad
2148 402 2190 459 Α
2220 405 2558 466 perpetrasse
2594 394 2868 459 recolunt,
2913 406 3074 460 agere
3114 394 3256 449 bona
3284 395 3567 452 instantius
3595 414 3775 455 coma-

538 506 645 561 ima
670 512 850 559 nostra
871 499 1091 555 videnda
1114 505 1167 552 et
1186 492 1515 550 emendanda
1536 490 1851 561 plerumque
1873 488 2111 553 veniunt,

539 604 596 649 ut
619 593 794 649 redire
817 591 997 646 statim
1028 587 1093 641 ad
1123 586 1230 639 alta
1257 582 1678 640 conversationis
1706 597 1815 635 smn
1844 594 2115 646 nunquam

538 683 942 739 obliviscantur.
970 677 1172 747 Quibus
1197 676 1358 731 etiam
1387 675 1565 731 verbis
1584 674 1929 729 sacerdotalis
1955 672 2117 726 animi

537 775 759 829 libertas
793 771 1066 826 asseritur.
1104 768 1238 824 Nam
1265 768 1510 838 plerique
1535 767 1671 822 alios
1699 767 1999 835 increpant,
2028 764 2119 833 qui

537 860 857 930 semetipsos
884 858 1212 913 validissimo
1240 858 1330 910 irae
1355 855 1496 910 bello
1516 855 1853 925 perturbant.
1885 853 2009 911 Post
2041 853 2124 907 in-

541 960 793 1021 crepatas
812 966 940 1005 vero
965 950 1149 1019 culpas
1172 961 1391 1016 surgere
1414 955 1470 1002 et
1497 946 1788 1001 ascendere
1816 954 2118 1014 nequeunt:

543 1042 668 1109 quia
695 1041 748 1094 in
771 1040 1072 1110 semetipsis
1096 1038 1312 1103 turbidi,
1344 1036 1410 1090 ad
1437 1038 1541 1091 alta
1564 1037 1763 1090 intima:
1782 1037 1978 1106 quietis
1999 1052 2125 1106 pro-

544 1130 694 1197 gredi
729 1143 1063 1198 nequaquam
1102 1128 1504 1198 permittuntur.
1535 1124 1760 1192 Quidem
1801 1126 2125 1181 coercendas

546 1222 775 1275 aliorum
809 1220 1164 1294 turpitudines
1192 1220 1447 1282 audiunt;
1478 1218 1569 1273 sed
1596 1233 1715 1272 cum
1747 1218 1811 1271 ad
1841 1219 2125 1285 cngitanda

546 1313 653 1368 ima
692 1313 1090 1378 descenderint,
1139 1312 1298 1366 noxia
1336 1326 1522 1367 eorum
1562 1310 1921 1365 delectatione
1949 1310 2125 1364 s-trdi-

546 1406 760 1460 dantur.
798 1401 997 1457 lnllrmi
1034 1401 1249 1471 quidem
1290 1409 1344 1455 et
1373 1400 1506 1454 tanti
1548 1399 1830 1454 tninisterii
1872 1399 2124 1469 impares,

544 1497 670 1551 dum
709 1495 919 1550 solvere
945 1492 1166 1549 inferius
1190 1491 1416 1546 aliorum
1444 1499 1467 1526 ⁸
1498 1489 1673 1545 nodos
1700 1488 1964 1557 gestiunt,
2008 1489 2128 1543 illos

546 1601 652 1639 non
681 1583 932 1647 liberant,
963 1583 1057 1637 sed
1086 1581 1405 1649 semetipsos
1431 1579 1618 1648 ligant.
1643 1577 1779 1645 Quid
1808 1592 1935 1647 ergo
1965 1578 2128 1650 signi-

545 1674 691 1741 ficat,
720 1672 863 1743 quod
890 1672 956 1725 de
978 1669 1229 1725 Samuele
1252 1668 1446 1723 dicitur
1469 1685 1483 1721 :
1513 1667 1771 1731 Surrexit,
1803 1677 1851 1720 et
1872 1668 2125 1728 ascendit,

2221 494 2326 540 tur.
2360 486 2517 554 292
2540 483 2760 553 Agendo
2778 484 2977 553 quippe
2999 484 3162 551 bona,
3192 485 3330 539 mala
3356 500 3476 554 qua-
3498 486 3780 557 relinquunt

2220 587 2471 646 operiunt
2509 595 2520 628 :
2554 591 2622 630 ne
2662 577 2729 629 ab
2756 582 2960 630 a‘terno
2996 575 3181 644 judice
3222 574 3437 630 detecta
3474 576 3778 644 iudicentur.

2221 666 2335 720 Hoc
2365 667 2608 720 nimirum
2634 665 2678 719 si
2704 664 2898 720 factum
2929 664 3055 719 Saul
3082 666 3136 719 in
3166 666 3365 720 bonam
3394 676 3597 736 partem
3624 669 3777 723 dedu-

2223 755 2414 818 cimus,
2459 755 2561 809 hoc
2591 754 2920 819 invenimus;
2961 754 3083 823 quia
3127 754 3217 823 qui
3249 754 3397 824 prius
3441 755 3496 809 in
3525 757 3787 825 sacrificio,

2224 856 2470 899 metuens
2499 846 2774 915 propheta:
2812 845 3064 899 mandata
3091 846 3432 915 contempsit,
3465 856 3647 916 postea
3673 865 3786 903 vero

2226 940 2292 993 ad
2324 954 2444 1002 eos,
2478 952 2613 1006 quos
2654 945 2913 990 metuerat
2933 975 2949 999 ,
2981 938 3339 992 conterendos
3384 938 3565 1008 populi
3596 939 3679 993 Dei
3706 941 3788 994 ad-

2223 1027 2493 1083 versarios
2518 1026 2807 1081 festinavit.
2841 1025 2958 1092 Qu‘o
2984 1026 3039 1079 in
3064 1026 3182 1082 loco
3205 1027 3367 1080 etiam
3393 1027 3499 1081 hoc
3520 1027 3787 1081 notandum

2225 1127 2336 1185 est,
2381 1119 2505 1189 quia
2544 1133 2704 1188 quem
2748 1119 3011 1187 propheta
3057 1117 3327 1183 deseruit,
3378 1118 3447 1172 ad
3486 1118 3789 1185 experienda

2225 1209 2366 1265 bella
2390 1209 2622 1264 hostium
2651 1209 2718 1263 de
2742 1207 2975 1277 Galgalis
2996 1208 3256 1264 ascendit.
3287 1208 3584 1279 Plerosque
3610 1209 3791 1263 etenim

2227 1308 2545 1372 peccatores
2586 1299 2730 1368 iusta
2783 1298 3193 1369 praedicatorum
3247 1300 3510 1354 severitas
3558 1298 3795 1371 proiicit,

2229 1406 2368 1461 quos
2392 1400 2569 1445 tamen
2593 1389 2772 1444 divina
2796 1390 3055 1444 memoria
3085 1405 3193 1445 non
3220 1390 3495 1459 relinquit.
3529 1390 3730 1446 So'atia
3753 1400 3800 1446 et

2229 1481 2634 1537 adhortationes
2656 1488 2926 1535 rectorum
2957 1488 3174 1549 propter
3200 1479 3382 1551 culpas
3408 1481 3691 1535 amittunt:
3719 1482 3800 1535 sed

2228 1585 2413 1626 sacras
2456 1567 2762 1637 Scripturas
2791 1567 3099 1632 consulunt,
3129 1568 3462 1637 propositum
3504 1578 3799 1634 resumuut;

2230 1668 2286 1715 et
2339 1659 2429 1729 qui
2487 1656 2866 1712 inobedientire
2921 1656 3063 1711 malo
3118 1656 3267 1711 velut
3319 1656 3454 1726 lapsi
3514 1657 3801 1715 iacuerant.

547 1767 649 1821 nisi
690 1764 832 1835 quod
873 1764 925 1817 in
967 1761 1377 1833 perfectioribus
1404 1760 1532 1813 viris
1571 1760 1890 1829 aspicimus,
1932 1759 2129 1828 quisic
2163 1771 2208 1830 Β
2235 1755 2401 1810 erecti
2443 1769 2538 1823 per
2574 1752 2892 1807 obedientiae
2926 1750 3190 1807 fervorem
3229 1751 3294 1806 ad
3336 1752 3674 1827 occultorum
3714 1752 3801 1807 ho-

549 1863 732 1908 nostra
760 1853 1159 1922 inquinamenta
1183 1849 1494 1920 respiciunt,
1524 1858 1581 1903 ut
1601 1849 1667 1902 ab
1691 1849 1769 1903 eis
1795 1863 2131 1918 nequaquam

548 1942 917 1999 sordidentur:
946 1941 1027 1995 sic
1052 1939 1206 1995 nobis
1236 1939 1558 2005 irascuntur,
1582 1946 1641 1992 ut
1662 1937 1855 2006 quietis
1879 1939 2019 1992 intus
2044 1954 2134 1992 se-

549 2036 681 2090 creti
720 2035 803 2088 sui
839 2034 945 2087 alta
979 2031 1343 2105 conscendere
1380 2031 1639 2085 velociter
1666 2031 1911 2100 possint?
1948 2031 2136 2084 Fortes

550 2144 784 2196 namque
814 2134 867 2181 et
892 2134 1141 2196 potentes
1170 2132 1313 2187 sunt,
1346 2130 1400 2177 et
1439 2123 1529 2192 qui
1554 2136 1747 2191 magna
1776 2129 1828 2176 et
1858 2120 2015 2176 fortia
2042 2137 2136 2175 sua

557 2218 749 2273 levit‘er
790 2216 989 2281 ferunt,
1021 2215 1219 2269 nostris
1249 2212 1647 2266 inﬁrmitatibus
1690 2226 1796 2265 non
1826 2219 2133 2278 gravantur.

552 2307 619 2363 Et
640 2308 764 2377 quia
794 2307 847 2360 in
879 2305 1219 2359 correctione
1240 2310 1426 2356 nostra
1454 2309 1655 2356 sanctae
1681 2300 1969 2370 Scriptum
1990 2301 2139 2354 testi-

556 2396 737 2451 monia
767 2395 1080 2465 proferunt,
1130 2409 1161 2447 a
1204 2391 1440 2458 Galgalis
1468 2405 1717 2459 surgere,
1767 2400 1822 2444 et
1852 2390 2141 2445 ascendere

556 2486 929 2557 perhibentur.
958 2484 1176 2551 Galgala
1203 2481 1437 2551 quidem,
1470 2488 1529 2534 nt
1549 2481 1863 2549 plerumque
1877 2479 1986 2547 iam
2008 2478 2136 2543 dixi,

558 2582 677 2630 rota
709 2575 1036 2628 nominatur.
1069 2570 1400 2626 Testimonia
1422 2584 1550 2624 vero
1571 2570 1989 2640 Scripturarum,
2017 2568 2140 2638 quia

558 2679 657 2735 per
683 2663 924 2718 diversos
965 2676 1155 2716 sensus
1184 2660 1235 2713 in
1266 2670 1448 2713 nostra
1483 2658 1785 2713 eruditione
1831 2658 2140 2725 volvuntur,

557 2753 705 2809 velut
750 2760 882 2807 rotae
928 2758 1073 2805 sunt.
1123 2747 1190 2802 Et
1235 2748 1360 2817 quia
1399 2762 1521 2802 cum
1561 2748 1732 2802 sancti
1764 2746 2142 2816 pradicator‘es

556 2843 895 2899 subditorum
921 2839 1335 2896 sollicitudinem
1365 2838 1642 2905 deserunt,
1676 2837 1729 2890 in
1770 2844 1986 2891 aternae
2023 2838 2143 2890 vite

559 2932 1017 3003 contemplatione
1071 2930 1459 2995 sublimantur,
1524 2929 1579 2983 in
1629 2926 1813 2983 Gabaa
1866 2927 2140 2997 Beniamin

557 3025 774 3082 Samuel
810 3024 1103 3080 ascendere
1132 3022 1344 3078 dicitur.
1374 3021 1555 3076 Gabaa
1585 3020 1816 3089 denique
1841 3019 2139 3089 Beniamin,

2234 1847 2396 1902 stium
2428 1844 2568 1899 bella
2598 1842 2913 1913 procedunt.
2938 1841 3081 1896 Bene
3117 1855 3246 1910 ergo
3273 1840 3340 1895 de
3368 1839 3627 1909 Galgalis,
3664 1840 3713 1893 id
3736 1848 3808 1894 est

2235 1940 2302 1994 de
2326 1939 2463 1994 rotis
2482 1937 2666 1993 venire
2688 1944 3054 1991 memorantur
3077 1952 3090 1987 :
3120 1933 3245 2003 quia
3268 1932 3336 1988 de
3355 1933 3556 1987 sanctis
3581 1931 3805 2002 Scriptus

2234 2032 2309 2086 ris
2338 2030 2641 2099 accipiunt,
2675 2026 2817 2081 unde
2845 2026 3083 2081 adversae
3111 2025 3279 2095 partis
3307 2024 3555 2077 militiam
3585 2022 3805 2092 compri-

2238 2137 2384 2177 mere
2413 2121 2626 2175 fortiter
2645 2118 2872 2189 possint.
2899 2116 3033 2183 Quia
3061 2131 3191 2171 vero
3212 2114 3435 2185 perditae
3453 2114 3807 2169 conversatio~

2239 2217 2322 2269 ris
2371 2212 2708 2267 altitudinem
2757 2224 3076 2279 recuperare
3127 2206 3391 2262 vincendo
3441 2215 3709 2274 satagunt,
3765 2206 3807 2261 in

2239 2304 2421 2360 Gabaa
2444 2301 2721 2370 Beniamin
2765 2299 3058 2354 ascendere
3097 2298 3367 2352 dicuntur.
3410 2295 3547 2362 Quia
3584 2295 3709 2349 item
3732 2293 3807 2348 alii

2239 2397 2293 2450 in
2323 2393 2556 2448 latibulis
2579 2406 2637 2446 se
2666 2390 2988 2451 clauserant,
3018 2387 3106 2441 alii
3143 2386 3210 2440 ad
3241 2387 3424 2441 hostes
3451 2383 3807 2450 confugerant.

2238 2486 2430 2556 reliqui
2460 2484 2643 2555 populi
2681 2488 2970 2546 vocantur,
3011 2478 3103 2549 qui
3132 2477 3279 2533 nullo
3318 2484 3446 2530 sunt
3476 2475 3675 2528 timore
3701 2488 3808 2542 pcr-

2240 2574 2433 2639 territi,
2461 2572 2554 2627 sed
2574 2585 2695 2627 cum
2718 2582 2845 2638 rege
2868 2583 2968 2623 suo
2991 2567 3056 2621 ad
3082 2566 3257 2620 locum
3281 2563 3537 2619 festinant
3567 2575 3805 2630 congres-

2240 2668 2429 2723 sionis.
2476 2664 2628 2732 Quod
2655 2663 2818 2719 etiam
2851 2674 2995 2714 nunc
3023 2659 3077 2713 in
3108 2656 3347 2713 Ecclesia
3378 2654 3625 2710 videmus
3658 2671 3670 2705 :
3702 2654 3811 2721 quia

2241 2757 2490 2812 videlicet
2515 2754 2759 2825 plerique
2784 2751 2936 2821 quasi
2965 2750 3167 2820 parvuli
3196 2748 3457 2818 prolicere
3492 2761 3590 2816 per
3609 2745 3814 2815 privata)

2241 2848 2367 2903 vita
2393 2846 2626 2901 studium
2652 2848 2980 2914 proponunt,
3018 2840 3262 2909 plerique
3287 2836 3454 2892 fortes
3490 2837 3542 2890 in
3573 2835 3813 2906 expositis

2243 2954 2459 3010 quoque
2484 2936 2702 3006 maligni
2728 2934 2897 2991 hostis
2918 2931 3303 2988 certaminibus
3328 2931 3561 2985 audaces
3587 2936 3737 2993 sunt;
3766 2934 3815 2982 ut

2243 3041 2432 3101 aperte
2448 3029 2660 3083 videant
2681 3025 2860 3081 saaculi
2884 3023 3270 3088 blandimenta,
3295 3036 3413 3090 quae
3437 3027 3712 3089 appetant,
3733 3016 3814 3073 sed

558 3116 711 3171 collis
750 3115 843 3169 lilii
872 3115 1074 3170 dextrae
1102 3114 1507 3183 interpretatur.
1555 3110 1684 3177 Quis
1724 3123 1853 3179 ergo
1883 3117 1967 3164 est
2005 3108 2136 3163 filius

2250 3134 2504 3193 appetere
2530 3120 2644 3175 visa
2675 3122 3044 3173 contemnunt.
3078 3112 3143 3166 lli
3165 3126 3214 3181 q.
3239 3110 3379 3165 idem
3408 3124 3515 3164 non
3548 3109 3600 3162 in
3632 3107 3817 3160 latibu-

559 3206 790 3269 dextrae,
841 3204 942 3259 nisi
979 3219 1137 3274 quem
1175 3210 1364 3258 sancta
1406 3199 1691 3268 Evangelia
1730 3197 2057 3253 confitentur
2079 3198 2145 3252 ad

560 3295 729 3351 caelos
758 3292 1088 3357 ascendere,
1138 3300 1193 3345 et
1220 3290 1286 3345 ad
1315 3290 1559 3344 dextram
1591 3289 1686 3343 Dei
1717 3287 1891 3345 Patris
1921 3287 2146 3343 sedere?

561 3384 727 3439 Collis
749 3385 907 3452 igitur
934 3382 1026 3436 lilii
1051 3382 1271 3446 dextrar,
1295 3387 1494 3434 aeterna
1522 3388 1603 3434 est
1629 3379 1889 3434 celsitudo
1920 3379 2149 3434 Redem-

562 3477 754 3548 ptoris.
773 3474 999 3543 Quando
1036 3474 1180 3528 enim
1207 3473 1313 3527 ima
1351 3480 1532 3526 nostra
1571 3471 1741 3526 sancti
1772 3470 2149 3539 praedicatores

563 3569 839 3633 deserunt,
889 3567 944 3619 in
973 3565 1079 3618 alta
1109 3564 1200 3619 illa
1234 3563 1412 3618 divina
1442 3561 1819 3631 Redemptoris
1847 3577 1943 3631 per
1972 3562 2150 3615 inten-

562 3658 763 3711 tionem
789 3663 1033 3725 surgunt,
1066 3661 1122 3709 et
1156 3669 1252 3723 per
1282 3653 1539 3708 visionem
1569 3650 1955 3707 conscendunt.

633 3747 723 3800 24.
752 3745 938 3801 Potest
959 3754 1014 3799 et
1040 3742 1330 3799 secundum
1362 3742 1675 3798 historicum
1703 3756 1919 3796 sensum
1945 3739 2148 3809 simpli-

562 3839 678 3893 cius
700 3837 919 3905 intelligi
941 3836 1063 3899 hoc,
1089 3833 1232 3903 quod
1252 3832 1449 3887 dicitur
1473 3850 1485 3885 :
1518 3831 1779 3894 Surrexit,
1803 3839 1851 3883 et
1873 3830 2143 3883 ascendit:

563 3929 689 3998 quia
718 3910 970 3983 videlicet
999 3928 1055 3982 in
1085 3939 1230 3996 rege,
1272 3940 1434 3995 quem
1464 3930 1714 3993 arguerat
1739 3963 1753 3988 ,
1789 3923 2147 3977 humilitatem

563 4019 918 4090 pmnitentir,
939 4032 1044 4086 qua
1070 4031 1289 4071 manere
1304 4025 1609 4084 cogeretur,
1634 4014 1853 4068 minime
1874 4014 2143 4082 cognovit.

564 4109 710 4164 Idem
752 4116 930 4161 tamen
978 4121 1073 4160 rex
1117 4106 1170 4160 in
1214 4106 1515 4161 ministerio
1544 4104 1890 4172 relinquitur,
1931 4111 1991 4157 ut
2033 4102 2148 4171 ipsa

566 4196 843 4269 propheta;
886 4195 1228 4267 separatione
1275 4194 1603 4264 corrigatur;
1654 4192 1780 4260 quia
1831 4192 2148 4260 plerumque

569 4305 707 4359 quos
723 4288 1094 4359 pmdicatoris
1123 4286 1283 4342 verba
1311 4301 1417 4339 non
1445 4285 1739 4352 corrigunt,
1766 4282 1927 4338 dividi
1956 4298 1986 4335 a
2011 4298 2149 4352 prae.

566 4380 864 4435 dicatorum
890 4377 1269 4443 familiaritate,
1293 4376 1427 4431 vela
1448 4384 1647 4430 sanctae
1670 4372 1921 4428 Ecclesiae
1943 4374 2146 4426 unitate

567 4469 974 4541 pertimescunt.
1004 4466 1161 4522 Juxta
1188 4467 1566 4537 praedicatores
1594 4463 1711 4518 duri
1749 4470 1904 4529 sunt,
1935 4463 2028 4517 sed
2056 4477 2143 4517 se-
2175 4486 2223 4546 ο

566 4560 739 4633 parati
774 4560 1129 4631 resipiscam;
1172 4567 1226 4613 et
1253 4561 1345 4627 qui
1378 4554 1733 4611 inobediendo
1762 4562 2139 4625 peccaverunt,

565 4653 787 4709 obedire
814 4652 946 4716 Deo,
974 4652 1085 4721 iam
1112 4651 1382 4706 humiliter
1412 4655 1620 4719 parant.
1653 4645 1805 4702 Unde
1825 4655 1879 4702 et
1898 4661 1993 4701 rex
2016 4646 2144 4701 Saul

566 4761 675 4801 non
702 4744 871 4800 multo
897 4752 1019 4815 post
1040 4742 1284 4798 demoliri
1309 4739 1671 4794 Amalechitas
1692 4739 2028 4809 praecipitur:
2062 4746 2139 4801 ut,

562 4836 610 4892 si
638 4834 944 4889 mandatum
971 4832 1180 4889 Domini
1209 4831 1449 4900 eiusdem
1475 4831 1619 4886 ctede
1646 4830 1819 4898 gentis
1840 4826 2139 4900 perliceret,

565 4927 761 4998 prioris
808 4926 1186 4983 inohedientia:
1230 4940 1401 4980 nexus
1448 4924 1709 4979 enodaret
1754 4921 1817 4994 (Ι
1845 4922 1974 4991 Reg.
2010 4922 2135 4986 xv).

566 5020 858 5096 Separatus
884 5020 1099 5089 quidem
1128 5034 1159 5073 a
1189 5018 1468 5089 propheta,
1502 5032 1565 5070 ea
1594 5030 1755 5085 agere
1782 5015 1927 5070 visus
1955 5022 2056 5081 est,
2087 5023 2145 5069 ut

564 5109 630 5164 ad
661 5109 863 5179 agenda
893 5109 995 5163 alia
1015 5108 1310 5177 iuberetur.
1340 5107 1517 5173 Quare
1545 5113 1601 5160 et
1621 5103 1865 5160 subditur
1894 5122 1908 5156 :

636 5200 812 5272 (νοτε.
839 5198 955 5272 15.)
983 5199 1052 5253 Et
1082 5200 1263 5269 reliqui
1293 5188 1469 5270 populi
1496 5196 1838 5252 ascenderunt
1865 5206 1980 5265 post
2009 5194 2141 5250 Saul

564 5291 764 5348 obviam
793 5292 1010 5363 populo,
1056 5292 1142 5362 qui
1178 5290 1508 5361 expugnabat
1553 5289 1671 5343 illos
1713 5303 1732 5342 :
1778 5288 2031 5341 venientes
2076 5302 2141 5341 ea:

565 5382 786 5453 Galqala
816 5383 870 5436 in
900 5381 1081 5437 Gabaa
1111 5380 1403 5451 Benjamin.

635 5471 722 5526 25.
768 5472 1019 5527 Nonnulli
1052 5472 1130 5526 sic
1158 5472 1210 5525 in
1236 5475 1465 5539 peccato
1492 5476 1782 5532 corruunt,
1830 5476 1887 5521 ut
1913 5467 1965 5521 in
1997 5466 2146 5521 nullo

566 5563 709 5618 bono
747 5577 914 5632 opere
951 5568 1233 5617 teneantur
1264 5577 1277 5612 :
1319 5558 1561 5614 nonnulli
1603 5574 1732 5614 vero
1757 5559 1881 5614 dum
1921 5557 2059 5611 mala
2089 5572 2149 5612 se

2247 3214 2341 3278 lis,
2388 3209 2479 3266 sed
2511 3209 2563 3263 in
2593 3206 2767 3278 aperti
2796 3202 3109 3261 certaminis
3143 3214 3333 3269 campo
3372 3198 3703 3261 consistunt,
3735 3212 3817 3250 ex-

2247 3302 2408 3375 positi
2432 3301 2496 3355 ad
2518 3299 2780 3370 prmlium,
2803 3295 2968 3350 fortes
2997 3293 3062 3347 ad
3100 3300 3120 3346 t
3150 3291 3446 3361 iumphum,
3472 3289 3565 3358 qui
3593 3301 3818 3358 pugnare

2246 3399 2489 3464 pos‘unt,
2517 3397 2573 3445 et
2592 3393 2863 3456 nequeunt
2884 3383 3145 3453 superari.
3175 3379 3326 3436 Unde
3340 3388 3396 3436 et
3415 3395 3512 3450 per
3532 3377 3821 3449 perfectum

2246 3494 2529 3535 numerum
2557 3476 2921 3544 designantur,
2954 3486 3075 3526 cum
3104 3468 3382 3525 subditur:

2321 3611 2496 3683 (Vers.
2527 3606 2638 3678 15.)
2671 3605 2740 3660 Et
2766 3605 3015 3660 recensuit
3054 3602 3187 3659 Saul
3214 3601 3457 3672 populum
3483 3602 3570 3672 qui
3599 3602 3823 3654 inventus

2249 3707 2417 3767 fuerat
2445 3718 2559 3755 cum
2578 3717 2658 3768 eo,
2690 3699 2836 3771 quasi
2864 3703 3129 3751 sexcentos
3155 3695 3310 3747 viros.

2319 3813 2408 3866 26.
2458 3811 2677 3881 Septem
2722 3808 2921 3879 quippe
2964 3805 3151 3859 diebus
3190 3800 3525 3858 hebdomada
3558 3800 3821 3873 impletur,

2247 3905 2343 3959 sel
2373 3917 2509 3957 unus
2551 3914 2737 3956 eorum
2772 3897 2839 3952 ad
2882 3894 3211 3965 operandum
3250 3892 3552 3963 prohibitus
3581 3898 3690 3955 est,
3733 3906 3825 3945 sex

2248 4012 2377 4052 vero
2407 3995 2460 4048 in
2488 3993 2615 4048 boni
2645 3990 2824 4061 operis
2853 3987 3030 4042 studio
3059 3985 3445 4041 conceduntur.
3478 3981 3827 4038 Centenarius

2249 4095 2430 4141 autem
2469 4096 2723 4139 numerus
2768 4092 3029 4133 summam
3077 4075 3317 4130 continet
3361 4087 3725 4128 numerorum.
3772 4070 3827 4123 ln

2248 4175 2518 4233 sexcentis
2548 4188 2677 4242 ergo
2708 4171 2866 4237 viris,
2915 4168 3004 4238 qui
3035 4167 3123 4221 a‘ii
3170 4165 3551 4233 designantur,
3591 4162 3694 4217 nisi
3736 4161 3828 4230 qui

2248 4284 2433 4339 opere,
2466 4275 2520 4321 et
2544 4264 2720 4320 cordis
2744 4260 3131 4317 deliberatione
3152 4258 3352 4313 robusti
3375 4257 3536 4310 sunt?
3556 4254 3688 4310 Nam
3708 4256 3829 4322 qui-

2248 4358 2370 4412 dam
2402 4355 2553 4411 fortia
2577 4362 2902 4425 proponunt,
2933 4349 3025 4405 sed
3049 4349 3169 4418 quia
3197 4347 3340 4415 quod
3366 4352 3689 4415 proponunt,
3723 4359 3829 4397 non

2251 4448 2473 4511 faciunt,
2502 4445 2570 4499 ad
2596 4450 2971 4498 sescentorum
3002 4440 3238 4493 virorum
3272 4451 3549 4491 numerum
3581 4450 3687 4489 non
3717 4449 3829 4503 per-

2251 4532 2481 4604 tin‘gnnt.
2511 4534 2566 4587 ln
2594 4531 2868 4587 sexcentis
2897 4543 3025 4597 ergo
3059 4528 3216 4589 viris,
3252 4526 3415 4579 fortes
3441 4524 3671 4594 operarii
3700 4538 3828 4577 san-

2249 4635 2350 4680 ctre
2375 4623 2627 4680 Ecclesiae
2651 4620 3021 4689 designantur,
3050 4617 3173 4687 quia
3205 4629 3394 4683 magna
3420 4620 3748 4683 proponunt,
3778 4619 3829 4666 et

2250 4718 2483 4784 rigorem
2530 4711 2819 4784 propositi,
2872 4708 3184 4765 fortitudine
3212 4707 3486 4775 complent
3512 4706 3667 4759 bona!
3696 4718 3828 4772 ope-

2252 4807 2494 4863 rationis.
2515 4804 2614 4871 Qni
2637 4805 2773 4858 bene
2794 4817 2914 4857 cum
2939 4799 3093 4867 regei
3120 4798 3279 4851 .venti
3307 4797 3675 4867 perhibentur,
3704 4795 3831 4861 quia

2251 4912 2371 4951 cum
2413 4894 2715 4965 pastoribus
2745 4900 2945 4946 sancte
2974 4888 3227 4943 Ecclesiae
3270 4887 3320 4940 in
3364 4888 3504 4941 bona
3529 4884 3828 4947 voluntate,

2250 4995 2305 5043 et
2331 4988 2415 5058 pia
2442 4986 2654 5040 actione
2683 4981 3029 5037 conveniunt.
3061 4978 3193 5033 Cum
3223 4977 3301 5032 eis
3342 4989 3575 5044 namque
3610 4981 3761 5036 sunt,
3803 4989 3831 5026 a

2250 5080 2440 5148 quibus
2470 5092 2571 5131 nec
2593 5074 2872 5129 voluntate
2899 5072 3236 5140 discrepant,
3273 5084 3374 5122 nec
3404 5067 3721 5137 Operatione
3752 5066 3832 5119 di—

2245 5168 2521 5223 scordant.
2568 5165 2669 5232 Qui
2710 5164 2788 5218 sic
2828 5160 3117 5216 convenire
3154 5159 3432 5218 dicuntur,
3468 5164 3525 5209 ut
3566 5154 3833 5210 excellere

2245 5254 2659 5327 praedicatorum
2692 5250 2925 5318 dignitas
2952 5247 3245 5309 sentiatur;
3276 5245 3397 5314 quia
3428 5242 3529 5298 etsi
3559 5242 3700 5297 idem
3734 5242 3833 5294 bo-

2251 5368 2377 5407 num
2406 5350 2632 5417 subditi,
2664 5345 2806 5417 quod
2839 5342 3220 5415 praedicatores
3252 5338 3467 5405 volunt,
3497 5335 3718 5400 faciunt,
3761 5333 3829 5387 illi

2254 5452 2431 5498 tamen
2479 5442 2530 5495 in
2580 5439 2771 5495 eodem
2818 5436 2964 5490 bono
2997 5427 3251 5505 prxéipui
3281 5436 3423 5493 sunt,
3470 5440 3723 5503 quorum,
3781 5431 3825 5476 ut

2254 5533 2389 5588 ordo
2419 5540 2501 5588 est
2529 5529 2743 5593 celsior,
2774 5527 2849 5582 ita
2879 5532 2935 5580 et
2962 5522 3233 5578 ardentior
3256 5520 3422 5574 virtus
3449 5515 3638 5583 animi,
3671 5523 3731 5570 et
3750 5528 3830 5568 ro—

639 5709 664 5737 δ
699 5698 757 5755 ιιι
786 5695 949 5751 Gilot.
996 5702 1050 5748 et
1084 5693 1277 5758 Vatia,
1312 5692 1517 5757 modos,
1560 5690 1711 5759 quod»
1738 5689 1954 5744 minime
1997 5686 2384 5759 recipiendum.
