3962 6266
128 277 229 334 553

934 282 997 335 Di
1040 284 1296 339 PRIMUM
1339 282 1576 340 REGUM
1620 285 2125 351 EXPOSITIONES.
2168 327 2238 337 —
2279 300 2403 354 LIB.
2450 300 2512 357 ν.

3277 309 3384 365 334

118 392 321 449 bustior
367 391 528 449 nixus
575 396 923 464 operationis.
974 398 1151 463 Quare
1201 407 1255 452 et
1299 400 1587 468 separatim
1637 400 1703 453 de
1736 409 1778 464 Λ
1812 404 1969 459 tionis
1997 422 2025 458 a
2058 416 2235 462 mente
2265 426 2369 463 non
2420 411 2690 477 auleunt,
2722 413 2788 468 ad
2832 413 3183 471 eradicandos
3212 420 3387 475 virtu-

118 499 257 552 rege,
290 493 346 539 et
374 484 493 552 ejus
522 484 633 540 lilio
657 486 850 541 dicitur
874 505 887 541 :

100 644 101 647 η
184 576 365 640 (Vers.
396 576 510 648 16.)
551 576 621 631 Et
653 579 801 643 Saul,
832 590 881 632 et
898 580 1177 635 Jonatltas.

186 662 252 717 Ut
279 665 409 734 quid
436 666 579 720 enim
605 668 896 737 separatim
926 684 1039 733 rex,
1072 678 1127 723 et
1154 669 1270 738 t-jus
1294 670 1430 726 illius
1458 674 1704 726 nomina-

131 763 236 818 tur,
267 756 370 809 nisi
400 757 524 825 quia
554 758 694 811 actio
732 758 856 812 boni
889 760 1127 827 pmsulis
1167 761 1336 815 claret
1369 777 1487 818 esse
1524 765 1702 833 singu-

115 844 279 897 laris?
316 844 385 899 Et
410 847 535 915 quia
571 851 809 903 omnium
843 852 1079 908 lidelium
1107 855 1445 911 subditorum
1482 873 1591 912 nou
1619 865 1702 912 est

114 933 389 990 uniformis
415 939 713 1008 aequalitas,
743 945 983 1011 sequitur
1013 962 1027 997 :

180 1023 355 1093 (Vers.
391 1026 501 1099 16.)
533 1027 601 1080 Et
627 1032 869 1101 populus,
899 1035 985 1104 qui
1017 1035 1250 1090 inventus
1279 1038 1333 1091 in
1359 1036 1540 1092 Gabaa
1568 1038 1698 1093 Ben-

108 1131 273 1185 lamin

176 1206 267 1260 27.
296 1207 441 1264 Satis
472 1213 793 1281 replicatum
818 1226 923 1284 est,
953 1219 1095 1287 quod
1125 1220 1307 1276 Gabaa
1334 1224 1487 1279 collis
1518 1225 1692 1281 inter-

108 1305 369 1364 pretatur.
398 1304 558 1372 293
590 1304 753 1361 Collis
782 1322 911 1362 vero
944 1325 1050 1364 non
1081 1313 1380 1378 summitas,
1409 1314 1502 1369 sed
1532 1331 1691 1370 mon-

107 1390 234 1443 tium
265 1402 348 1446 est
377 1394 605 1450 altitudo
636 1401 931 1454 summitati
956 1403 1149 1458 vicina.
1180 1404 1315 1471 Quid
1348 1424 1478 1463 vero
1504 1410 1556 1464 in
1584 1412 1689 1466 isto

104 1483 259 1550 Colle,
282 1486 383 1538 nisi
436 1488 544 1541 alta
587 1498 640 1543 et
684 1491 918 1559 perlecta
950 1496 1055 1549 vita
1112 1497 1426 1568 intelligitur
1456 1502 1688 1559 lidelium

105 1570 473 1629 subditorum?
524 1576 648 1633 Haec
698 1581 945 1635 nimirum
986 1586 1229 1651 quamvis
1277 1591 1686 1656 prmdicatorum

109 1663 405 1719 celsitudlni
432 1683 586 1736 arqua
617 1687 721 1724 non
764 1674 851 1738 sit,
885 1684 1059 1729 tamen
1092 1678 1160 1731 ab
1207 1680 1436 1735 aliorum
1482 1685 1686 1740 meritis

1811 501 1922 544 tntn
1965 494 2083 561 ejus
2130 496 2335 552 fructus
2383 502 2664 568 pervenire
2733 518 2838 555 non
2894 513 3136 572 possunt.
3187 505 3386 564 Contra

1809 579 2058 648 prraim
2074 582 2235 649 igitur
2259 587 2649 651 viamvcniunt,
2672 592 3050 657 quaniobontc
3070 595 3384 660 cogitationi

1805 669 2146 741 insidiantur,
2169 687 2276 741 qua
2304 677 2386 728 via
2414 677 2479 729 ad
2504 686 2700 732 terram
2731 680 2859 733 Saul
2908 682 3129 737 tendere
3163 684 3379 740 dicitur.

1804 756 1941 823 Quid
1970 760 2111 813 enim
2160 770 2241 818 est
2280 764 2425 817 aliud
2450 780 2603 820 mens
2633 768 2789 821 electi
2820 771 3084 839 discipuli,
3118 774 3219 827 nisi
3267 774 3382 829 fru-

1801 849 1989 904 ctifera
2019 851 2175 906 valde
2224 862 2367 907 terra
2414 856 2689 910 doctoris?
2725 857 2872 912 Unde
2917 867 2971 913 et
3012 861 3271 916 Dominus
3327 865 3379 917 in

1803 936 2098 1008 Evangtlio
2123 944 2431 1010 parabolam
2461 948 2726 1003 seminum
2761 964 3056 1019 exponens,
3084 955 3158 1007 ait
3188 972 3200 1007 :
3230 956 3381 1019 Quod

1797 1033 1980 1085 cecidit
2008 1035 2062 1086 in
2093 1043 2283 1090 terram
2313 1037 2496 1091 bonam
2542 1040 2594 1092 Ιιὶ
2625 1050 2763 1103 sunt,
2787 1043 2871 1109 qui
2900 1043 2952 1094 in
2981 1044 3133 1097 corde
3174 1045 3307 1099 bono
3330 1055 3379 1099 et

1796 1122 1988 1189 Optimo
2012 1123 2215 1177 verbum
2261 1128 2542 1196 excipiunt,
2588 1140 2638 1182 et
2670 1132 2891 1198 [ructant
2930 1133 3155 1201 afferunt
3203 1138 3256 1187 in
3284 1154 3379 1203 pa-

1798 1211 1977 1264 tientia
2008 1211 2158 1283 (Luc.
2179 1230 2297 1282 vui,
2327 1214 2436 1287 ~15).
2485 1217 2688 1273 Dicitur
2733 1234 2862 1287 ergo
2891 1222 2957 1274 de
2986 1223 3157 1290 primo
3201 1240 3377 1281 cuneo

1794 1298 2197 1357 Pbilistinorum
2228 1321 2241 1357 :
2287 1304 2575 1376 Pergebant
2627 1320 2806 1362 contra
2848 1327 2979 1362 vtam
3009 1310 3288 1380 Epltraim:
3314 1324 3377 1369 ut

1792 1388 1919 1443 dum
1950 1391 2140 1446 littera:
2160 1409 2377 1449 sensum
2409 1397 2742 1465 spiritualem
2780 1399 3121 1467 percipimus.
3167 1404 3374 1470 cogita-

1797 1480 1960 1534 tionis
1986 1482 2193 1536 aditum
2248 1484 2494 1552 malignis
2544 1484 2820 1555 spiritibus
2851 1488 3214 1542 Obslflhlllu‘.
3268 1491 3375 1545 Sed

1792 1568 1922 1622 dum
1943 1585 2041 1625 cor
2064 1573 2359 1639 munimus,
2380 1575 2615 1641 linguam
2642 1577 2844 1644 pariter
2872 1592 2899 1630 a
2921 1578 3203 1646 superﬂuis
3226 1581 3374 1635 locu-

1793 1660 2031 1716 tionibus
2075 1663 2349 1719 refrenare
2388 1668 2777 1735 compellimur.
2834 1668 2980 1723 Unde
3003 1681 3057 1724 et
3103 1673 3373 1729 secundus

106 1753 258 1809 “me
277 1758 519 1811 cemitur
548 1775 668 1815 esse
688 1763 947 1820 sublimis.
976 1763 1125 1824 unde
1164 1778 1220 1823 ει
1268 1770 1335 1825 de
1363 1773 1681 1839 quibusdam
1720 1767 1761 1824 Β
1793 1765 1995 1807 cuneus
2024 1768 2121 1822 per
2148 1755 2287 1809 viam
2316 1756 2589 1813 Betlioron
2621 1759 2827 1825 ingredi
2858 1760 3072 1826 dicitur;
3098 1764 3367 1820 Betltoron

104 1846 376 1917 praecipuis
398 1850 587 1905 electis
611 1853 660 1905 in
685 1853 1006 1927 Apocalypsi
1035 1859 1258 1926 legitur:
1288 1861 1458 1917 Nemo
1485 1874 1685 1934 poterat

103 1934 267 1988 dicere
302 1941 585 2006 canticum,
609 1944 709 1996 nisi
740 1944 831 1997 illa
859 1956 1060 1999 centum
1090 1950 1437 2022 quadraginta
1466 1964 1685 2025 quatuor

100 2025 260 2078 millia
293 2027 477 2096 (Apoc.
514 2046 622 2096 xxv,
649 2028 727 2102 ὅ).
760 2033 904 2100 Quos
946 2046 1000 2090 et
1029 2039 1227 2092 clarius
1268 2041 1641 2099 demonstrans
1663 2086 1678 2112 ,

100 2118 164 2169 ait
186 2136 198 2171 :
219 2118 293 2172 lli
324 2130 466 2183 sunt,
495 2125 580 2193 qui
609 2141 722 2178 cum
753 2127 1049 2183 mulieribus
1073 2147 1175 2184 non
1195 2142 1313 2185 sunt
1340 2136 1676 2207 coinquinati,

100 2209 311 2277 virgines
363 2213 503 2265 enim
530 2224 689 2282 sunt,
722 2224 773 2269 et
808 2228 1087 2287 sequuntur
1130 2238 1351 2291 agnum,
1383 2240 1680 2297 quocunque

100 2300 219 2350 ierit.
239 2300 376 2353 Dum
390 2316 521 2371 ergo
534 2304 832 2373 Spiritualia
846 2308 1027 2377 praelia
1042 2309 1433 2379 describuntur,
1450 2316 1678 2385 populus

101 2387 336 2443 inventus
372 2391 428 2445 in
467 2392 652 2448 Gabaa
682 2395 957 2465 Beniamin
980 2400 1286 2469 specialiter
1322 2414 1634 2461 recensetur
1658 2446 1672 2470 ,

100 2480 210 2547 quia
238 2482 505 2550 virginum
534 2487 731 2541 chorus
751 2496 936 2543 contra
966 2491 1361 2548 immundorum
1391 2496 1675 2565 spirituum

100 2569 131 2621 i.
147 2572 423 2627 rocitatem
451 2582 605 2631 tanto
629 2577 918 2635 violentior
939 2589 1042 2650 est,
1065 2594 1267 2652 quanto
1311 2587 1457 2642 nullo
1486 2603 1674 2642 eorum

102 2659 311 2715 vulnere
336 2665 574 2731 saucius,
608 2668 750 2721 nulla
772 2684 957 2725 eorum
988 2674 1343 2742 suggestionis
1369 2676 1529 2731 sorde
1559 2678 1676 2747 pol-

101 2758 247 2813 lutus.
276 2757 442 2812 Liber
464 2759 662 2829 quippe
686 2770 740 2815 et
770 2762 995 2831 integer,
1021 2767 1303 2834 expeditus
1353 2777 1436 2822 est
1466 2769 1531 2822 ad
1581 2785 1671 2825 oc-

100 2865 297 2903 cursum
320 2892 337 2917 ,
372 2848 528 2905 fortis
555 2852 622 2903 ad
649 2851 837 2906 ictum.
870 2856 951 2907 An
980 2869 1087 2909 non
1118 2856 1170 2911 in
1193 2858 1330 2913 colle
1354 2859 1442 2913 lilii
1468 2859 1672 2916 dextrae

99 2957 167 2995 sui
192 2948 231 3007 ι,
259 2956 398 3009 quos
426 2941 753 3009 integritatis
773 2960 881 3000 sua:
928 2947 1120 3000 merito
1152 2948 1378 3006 dilectus
1406 2949 1528 3007 Jesu
1558 2968 1671 3008 res.

100 3030 232 3097 picit,
264 3030 455 3085 dicens
486 3049 500 3084 :
538 3031 656 3086 Vidi
682 3050 842 3104 supra
870 3045 1098 3091 montem
1126 3039 1256 3094 Sion
1305 3058 1493 3111 agnum
1523 3052 1669 3097 stan-

1786 1846 2003 1915 quippe,
2037 1845 2231 1901 domus
2278 1848 2369 1901 ira:
2403 1849 2813 1918 interpretatur.
2844 1850 3043 1906 Domus
3074 1870 3202 1907 vero
3254 1855 3373 1919 itm,

1786 1945 1869 1989 est
1887 1951 2038 1991 mens
2067 1939 2185 1992 usui
2215 1941 2459 1995 serviens
2481 1941 2673 2008 lingua:
2703 1942 2969 2011 Lt‘giosm.
3019 1944 3187 2011 Quant
3217 1956 3367 2003 certe

1784 2024 2000 2081 domum
2029 2029 2244 2096 sapiens
2268 2031 2426 2100 294,
2458 2032 2545 2086 ille
2569 2032 2821 2097 insinuat,
2871 2036 2961 2103 qui
3009 2038 3083 2088 ait
3116 2054 3129 2089 :
3162 2036 3253 2090 Ira
3282 2056 3365 2093 reo

1783 2117 1994 2186 quiescit
2017 2119 2072 2171 in
2100 2120 2216 2171 sinu
2244 2120 2385 2173 stulti
2408 2120 2575 2190 (Eccl.
2604 2138 2692 2187 vn,
2727 2122 2837 2191 Η).
2866 2122 2967 2179 Per
2988 2125 3126 2178 hanc
3144 2125 3366 2193 quidem

1782 2209 1849 2262 ad
1879 2223 1972 2264 cor
1998 2210 2146 2264 stulti
2163 2212 2346 2266 hostes
2374 2212 2763 2279 ingrediuntu",
2795 2216 2921 2284 quia
2952 2217 3168 2285 maligni
3202 2218 3364 2288 spiri-

1782 2307 1886 2365 tus,
1918 2301 2042 2355 dum
2055 2302 2119 2354 ad
2142 2301 2395 2357 etlrenata
2427 2305 2587 2357 verba
2616 2304 2847 2371 linguam
2869 2305 3104 2371 solvunt,
3130 2308 3240 2363 iras
3267 2324 3361 2362 ac-

1780 2389 2037 2456 cendunt,
2064 2399 2121 2446 et
2149 2400 2389 2445 mutuam
2420 2393 2655 2448 lidelium
2686 2395 3002 2449 cliaritatem
3028 2396 3241 2452 feriunt.
3262 2398 3363 2464 Qui

1778 2495 1907 2548 ergo
1935 2497 2127 2537 cavere
2156 2483 2512 2553 cogitationes
2537 2486 2730 2541 noxias
2765 2487 2986 2555 didicit,
3017 2490 3061 2541 si
3115 2490 3224 2543 ori.
3266 2505 3364 2544 cu-

1778 2573 2006 2628 stodiam
2038 2582 2225 2630 tenere
2242 2590 2348 2629 non
2368 2577 2536 2641 novit,
2567 2577 2723 2631 unius
2741 2578 2898 2631 cunei
2927 2579 3183 2648 impetum
3212 2581 3360 2646 vicit,

1778 2662 2000 2718 alt-irius
2030 2679 2137 2717 non
2166 2666 2362 2719 evasit.
2390 2665 2603 2721 Tertius
2626 2682 2755 2722 vero
2784 2684 2986 2723 cuneus
3015 2670 3178 2725 vertit
3204 2685 3264 2724 se
3291 2672 3359 2725 ad

1777 2754 1881 2810 iter
1909 2758 2144 2810 termini.
2177 2758 2307 2823 Quis
2328 2767 2409 2813 est
2437 2760 2697 2814 tcrminus
2721 2760 3063 2828 cogitationis
3088 2770 3142 2816 et
3171 2762 3316 2837 verbi
3344 2803 3360 2830 ,

1778 2846 2285 2904 nisiconsummatio
2310 2850 2437 2904 boni
2464 2852 2689 2921 operis?
2713 2851 2845 2905 Nam
2868 2853 3069 2907 idcirco
3099 2854 3240 2909 bona
3265 2870 3362 2909 co-

1776 2939 2010 3008 gitamus
2037 2946 2093 2993 et
2120 2938 2409 3007 loquimur,
2443 2950 2499 2993 ut
2528 2956 2590 2995 ea
2614 2941 2680 2996 ad
2704 2942 2861 2996 linem
2890 2944 3012 2997 b0ni
3035 2945 3212 3013 operis
3239 2960 3365 3014 per-

1775 3030 2055 3084 ducamus.
2082 3029 2187 3085 Sed
2212 3047 2333 3085 cum
2365 3034 2617 3101 antiquus
2647 3033 2817 3089 hostis
2846 3036 3021 3089 verbis
3070 3044 3127 3091 et
3156 3038 3363 3106 cogita-

102 3132 203 3187 tam,
234 3133 282 3177 et
320 3140 439 3177 cum
482 3142 544 3180 eo
598 3138 801 3182 centum
840 3130 1189 3203 quadraginta
1214 3145 1433 3205 quatuor
1455 3137 1622 3190 millia
1652 3138 1677 3191 .’
1706 3131 1749 3191 C
1789 3119 2024 3174 ‘ionibus
2054 3135 2249 3175 nocere
2270 3137 2376 3175 “0"
2407 3123 2676 3190 i’mvale",
2702 3124 2755 3178 ίη
2789 3124 2948 3177 ﬁnem
2986 3123 3206 3195 laqueos
3238 3136 3358 3180 ⁸⁸³⁸·

98 3216 398 3285 (Αροαῃγ,
431 3215 511 3285 1.)
540 3215 648 3272 Sed
695 3228 750 3273 et
796 3222 896 3275 nisi
927 3224 1083 3277 valde
1137 3224 1300 3280 lortes
1354 3236 1553 3292 essent,
1600 3228 1668 3283 ad

99 3312 285 3359 tantam
340 3307 719 3363 celsitudinem
752 3312 957 3381 fatigati
992 3316 1284 3371 ascendere
1325 3332 1667 3388 nequaquam

96 3404 322 3460 possent.
351 3394 486 3451 Item
517 3398 617 3452 nisi
662 3402 901 3456 omnium
945 3405 1335 3473 cogitationum
1384 3409 1538 3464 liberi
1579 3426 1668 3465 es-

94 3495 221 3553 sent,
250 3497 377 3559 post
406 3504 601 3559 agnum
632 3492 829 3561 ubique
855 3509 1073 3550 currere
1103 3514 1209 3551 non
1243 3500 1503 3555 valerent.
1530 3502 1666 3568 Quia

92 3593 209 3647 ergo
238 3580 292 3634 in
323 3582 526 3637 occulti
574 3586 881 3642 certaminis
933 3588 1208 3658 triumpho
1234 3590 1383 3659 virgo
1441 3594 1667 3663 quisque

93 3671 339 3725 mirabilis
388 3683 490 3736 est,
540 3674 660 3727 ium
703 3677 835 3732 ordo
873 3680 1268 3747 congressionis
1305 3681 1661 3750 describitur,

93 3761 181 3814 sub
207 3769 331 3833 typo
362 3765 545 3832 populi
576 3763 775 3831 Gabaa,
803 3769 1124 3837 virginitatis
1154 3773 1402 3841 specialis
1432 3775 1665 3844 dignitas

92 3860 427 3905 memoratur.
455 3854 710 3922 Sequitur
735 3873 748 3908 :

155 3940 323 4006 (Vers.
355 3942 571 4014 16-18.)
626 3944 791 4001 Porro
832 3947 1114 4004 Philistiim
1143 3955 1549 4009 conscenderant
1604 3958 1660 4011 in

99 4027 345 4100 Blagmas.
384 4031 454 4085 Et
501 4037 691 4104 egressi
713 4048 830 4091 sunt
885 4045 953 4092 ad
998 4043 1342 4111 prwliandum
1370 4046 1435 4099 de
1475 4051 1660 4101 castris

92 4117 357 4174 l‘hilistiim
403 4133 506 4176 (res
534 4128 681 4179 cunei
717 4144 729 4179 :
773 4145 903 4183 unus
947 4147 1133 4185 cuneus
1181 4134 1422 4204 pergebat
1476 4147 1658 4191 contra

92 4211 209 4263 riam
230 4211 514 4281 Epitraint,
540 4217 610 4267 ad
637 4225 828 4271 terram
892 4219 1058 4284 Saul;
1097 4239 1251 4291 porro
1304 4226 1437 4279 alius
1476 4228 1656 4297 ingre-

90 4299 305 4356 diebatur
345 4321 440 4372 per
475 4307 611 4359 riam
654 4306 940 4374 Betharon;
990 4314 1166 4367 tertius
1210 4326 1381 4369 autem
1426 4320 1576 4371 vertit
1605 4335 1659 4372 se

92 4391 149 4441 ad
171 4393 297 4446 rium
328 4397 541 4449 termini
569 4398 620 4451 in
663 4406 802 4453 terra
852 4402 1050 4472 Sab.:a,
1079 4406 1366 4462 imminenti
1388 4409 1510 4464 calli
1558 4409 1655 4465 Se-

93 4478 228 4545 boim,
257 4494 439 4537 contra
463 4487 746 4544 desertum.

149 4568 391 4638 28.Qnid
422 4584 524 4639 est,
558 4578 699 4644 quod
752 4577 1005 4635 Pbilistmi
1049 4590 1159 4638 tres
1201 4599 1403 4642 cuneos
1450 4588 1653 4645 faciunt

92 4660 179 4715 nisi
204 4663 327 4731 quia
377 4666 598 4734 maligni
634 4668 855 4737 Spiritus
900 4672 1049 4726 cordi
1080 4684 1285 4742 nostro,
1339 4677 1552 4748 linguae,
1598 4689 1653 4736 et

89 4751 218 4818 operi
238 4753 479 4808 inserere
502 4769 643 4823 perv.
665 4772 750 4810 rsa
793 4759 1121 4817 moliuntur?
1151 4763 1285 4830 Quia
1325 4768 1467 4822 enim
1501 4771 1649 4840 cogi-

90 4842 255 4907 tando,
278 4845 360 4898 vel
398 4844 690 4914 loquendo,
721 4848 835 4902 sive
870 4850 1113 4907 faciendo
1159 4870 1319 4911 omne
1372 4871 1649 4928 peccatum

87 4934 449 4998 committitur,
484 4943 596 4989 tres
624 4948 747 4990 sunt
797 4935 1198 4996 Philistinorum
1241 4947 1399 4998 cunei
1459 4964 1473 5001 :
1529 4950 1650 5016 quia

88 5022 283 5090 maligni
310 5027 533 5093 spiritus
569 5026 846 5096 impellere
871 5028 937 5084 ad
964 5034 1293 5099 peccandum
1335 5038 1541 5092 animas
1560 5054 1650 5093 sa-

88 5122 276 5181 tagunt,
307 5119 634 5186 negligentia
661 5123 859 5193 cordis,
887 5125 1239 5182 elirenatione
1265 5129 1393 5195 oris,
1422 5132 1648 5187 audacia

88 5208 307 5269 perversi
331 5209 536 5277 Operis.
559 5207 708 5267 Unde
734 5220 789 5267 et
818 5216 1020 5284 primus
1043 5233 1248 5272 cuneus
1274 5230 1461 5275 contra
1512 5223 1649 5276 viam

92 5292 321 5361 Ephraim
352 5315 581 5369 pergere
604 5302 818 5370 dicitur,
859 5308 984 5374 quia
1036 5323 1346 5377 expugnaxe
1395 5311 1652 5367 innocen-

91 5385 199 5437 t'atn
229 5402 257 5441 a
299 5390 463 5446 corde
506 5392 787 5461 incipiunt.
818 5394 913 5449 Via
955 5398 1153 5468 quippe
1196 5398 1466 5468 Ephraim,
1496 5400 1547 5454 id
1570 5410 1652 5456 est

93 5474 326 5533 trut'titeri
353 5482 554 5549 cordis,
579 5482 719 5536 bona
742 5493 823 5539 est
851 5489 1127 5555 cogitatio.
1160 5490 1360 5545 Contra
1392 5492 1529 5545 viam
1560 5507 1648 5547 cr-

90 5574 147 5626 £0
184 5561 422 5633 Ephraim
463 5571 674 5639 primus
718 5570 1116 5631 Philistinomm
1174 5592 1376 5634 cuneus
1425 5581 1596 5647 pergit
1631 5597 1643 5632 :

88 5657 194 5722 quia
221 5663 415 5717 occulti
443 5663 760 5735 adversarii,
796 5668 840 5722 si
870 5668 1019 5738 prius
1052 5686 1205 5726 usum
1253 5672 1406 5746 bona:
1442 5672 1645 5743 cogita-

1774 3210 1870 3277 dit,
1897 3220 1954 3266 et
1975 3213 2176 3267 bonum
2206 3229 2342 3283 opus
2373 3214 2609 3268 lidelium
2639 3229 2903 3271 evacuare
2927 3258 2941 3280 ,
2974 3218 3057 3272 vel
3101 3218 3363 3287 impedire

1772 3302 1995 3370 appetit.
2026 3301 2181 3369 Quod
2202 3318 2332 3358 vero
2356 3311 2438 3357 est
2466 3305 2568 3358 iter
2592 3305 2827 3368 termini,
2850 3305 2962 3360 nisi
2989 3306 3223 3361 studium
3254 3308 3355 3362 bo-

1774 3407 1856 3446 naa
1888 3395 2267 3462 operationis?
2317 3394 2451 3461 Quia
2495 3410 2624 3464 ergo
2671 3396 2854 3451 multis
2902 3396 3107 3452 insidiis
3137 3398 3355 3465 maligni

1768 3483 1989 3550 spiritus
2015 3483 2277 3551 nituntur,
2304 3493 2361 3539 ut
2386 3496 2475 3539 sm
2494 3486 2622 3539 lium
2681 3486 2808 3541 boni
2836 3486 3015 3555 operis
3036 3487 3314 3542 drseratur
3338 3525 3355 3551 ,

1769 3573 1836 3626 ad
1876 3573 1979 3627 iter
2007 3576 2223 3629 termini
2248 3577 2441 3631 tertius
2469 3591 2673 3632 cantus
2728 3577 2865 3632 verti
2896 3577 3112 3633 dicitur.
3169 3577 3356 3634 Potest

1771 3666 1934 3720 etiam
1964 3666 2017 3719 in
2042 3667 2147 3721 hoc
2174 3669 2423 3732 termino,
2454 3670 2578 3722 vita:
2608 3678 2806 3723 nostrae
2836 3668 2957 3723 linis
2987 3670 3230 3739 intelligi.
3262 3670 3346 3724 Ad

1769 3756 1869 3809 iter
1898 3771 2028 3810 vero
2058 3757 2272 3812 termini
2292 3773 2498 3813 cuneus
2522 3760 2768 3824 vertitur,
2798 3759 2921 3829 quia
2952 3760 3351 3828 interrumpere

1766 3843 1939 3898 hostis
1968 3860 2105 3915 opus
2132 3847 2331 3900 bonum
2357 3847 2565 3915 nititur,
2596 3862 2664 3901 ne
2692 3862 2862 3915 usque
2909 3846 2978 3900 ad
3008 3848 3127 3901 vita:
3185 3846 3254 3901 lin
3294 3865 3346 3901 ιιι

1765 3936 2103 4006 perducatur.
2134 3936 2285 3993 Unde
2326 3947 2381 3994 et
2407 3938 2685 3995 Psalmista
2716 3939 2985 4007 lapsorum
3017 3937 3172 3993 ﬂetus
3202 3939 3253 3993 in
3284 3954 3347 3994 se

1762 4028 2088 4097 exprimens,
2122 4030 2196 4082 ait
2227 4048 2240 4082 :
2270 4028 2445 4083 Funes
2467 4031 2806 4084 extenderunt
2852 4031 2903 4083 in
2924 4030 3160 4100 laqueum
3205 4030 3350 4099 pedi-

1762 4119 1853 4174 bus
1881 4123 2028 4189 meis,
2054 4123 2210 4192 juxta
2238 4124 2335 4176 iter
2364 4123 2667 4177 scandalum
2689 4132 2967 4193 posuerunt
3018 4123 3143 4177 mihi
3176 4122 3349 4192 (l’sal.

1761 4225 1981 4275 cxxxtx,
2011 4210 2087 4282 6).
2117 4210 2277 4265 Juxta
2301 4212 2404 4267 iter
2430 4213 2644 4280 quidem
2667 4212 2979 4267 scandalum
3022 4210 3258 4280 ponitur,
3292 4220 3351 4265 ut

1760 4301 1901 4356 bona
1941 4302 2238 4357 electorum
2266 4319 2432 4375 opera
2455 4312 2580 4359 ante
2603 4303 2762 4374 hujus
2782 4304 2905 4359 vita:
2926 4304 3349 4359 cor-summatim

1761 4407 1882 4446 nem
1913 4393 2253 4448 deserantur.
2602 4418 2605 4421 ί

1687 4490 1734 4549 D
1832 4494 1924 4548 29.
1950 4496 2088 4560 Quid
2116 4503 2200 4549 est
2227 4502 2405 4550 autem
2437 4495 2581 4563 quod
2607 4497 2680 4549 ait
2708 4511 2721 4548 :
2762 4494 2823 4548 In
2856 4504 2994 4549 terra
3018 4494 3217 4558 Sabaa,
3248 4495 3349 4548 im-

1760 4587 1978 4639 minenti
2000 4586 2340 4639 valliSeboim
2362 4596 2543 4639 contra
2565 4587 2816 4639 desertum
2834 4586 2859 4638 ?
2881 4585 2988 4640 Sed
3023 4585 3138 4640 hate
3163 4586 3342 4638 nomi-

1762 4692 1828 4731 na
1861 4677 2099 4730 locorum
2148 4677 2217 4730 ad
2267 4677 2651 4744 designandum
2691 4676 2852 4731 situm
2907 4676 3140 4741 termini,
3182 4691 3343 4744 qnem

1759 4767 1990 4832 dixerat,
2016 4767 2190 4836 posita
2237 4774 2381 4821 sunt.
2413 4766 2589 4822 Sabaa
2618 4781 2747 4820 vero
2803 4766 2855 4819 in
2885 4766 3065 4833 lingua
3109 4774 3291 4819 nostra
3324 4802 3342 4831 ,

1759 4860 1968 4929 captiva
1998 4858 2231 4914 dicitur:
2263 4857 2501 4922 Seboim,
2533 4870 2742 4925 capreae
2785 4866 3180 4924 nuncupantur.
3213 4855 3343 4922 Quae

1758 4958 1842 5004 est
1871 4958 2048 5004 autem
2077 4948 2175 5002 ista
2197 4947 2426 5016 captiva,
2456 4945 2558 5002 nisi
2584 4946 2815 5000 humana
2862 4952 3076 5010 natura,
3119 4959 3239 5013 quae
3287 4946 3340 5000 in

1757 5038 2009 5109 paradiso
2042 5038 2138 5092 luit
2166 5037 2360 5106 posita,
2390 5044 2445 5091 et
2483 5049 2625 5090 nunc
2681 5034 2749 5089 ad
2792 5033 3139 5104 perlerendas
3184 5034 3340 5103 hujus

1757 5127 2099 5182 mo:talitwtis
2160 5141 2427 5182 :erumnas
2476 5125 2530 5180 in
2573 5126 2679 5180 hoc
2720 5122 2973 5179 saetulum
3026 5131 3108 5178 est
3136 5122 3339 5190 ligata?

1758 5215 1889 5283 Quae
1918 5225 2002 5270 est
2022 5222 2200 5267 autem
2226 5221 2365 5268 terra
2392 5202 2619 5282 captiva:
2646 5211 2829 5281 hujus,
2856 5210 2956 5265 nisi
2978 5210 3339 5280 peregrinatio

1756 5309 1880 5362 vita:
1908 5304 2255 5374 temporalis?
2299 5303 2442 5357 Bene
2471 5302 2658 5371 igitur,
2687 5301 2811 5356 dum
2839 5302 2978 5356 verti
3023 5317 3229 5356 cuneus
3257 5302 3339 5356 di-

1758 5405 1896 5455 citur
1922 5405 2066 5453 terra
2093 5396 2319 5465 captiva
2341 5403 2696 5449 memoratur:
2729 5394 2854 5463 quia
2901 5391 3121 5459 maligni
3172 5392 3334 5461 spiri-

1759 5499 1843 5546 tus
1871 5492 1923 5545 in
1954 5490 2058 5544 hac
2080 5498 2223 5542 terra
2247 5487 2692 5557 peregrinationis
2716 5492 2913 5539 nostrae
2936 5485 3118 5554 pratia
3145 5494 3333 5539 contra

1756 5598 1856 5637 nos
1882 5596 2103 5637 movere
2149 5588 2414 5650 possunt;
2449 5580 2501 5632 in
2551 5578 2642 5631 illa
2700 5592 2829 5633 vero
2856 5577 2964 5631 vita
3009 5583 3195 5631 nostra
3227 5591 3333 5635 non

1753 5679 1999 5743 possunt.
2030 5669 2136 5725 Sed
2167 5669 2459 5725 electorum
2505 5682 2742 5741 praesens
2767 5666 3106 5724 conversatio
3143 5679 3326 5735 quam-
