3962 6310
569 300 672 353 5:5

1771 289 2013 345 SANCTI
2058 286 2380 343 GREGOllll
2423 286 2634 341 MAGNI

3711 291 3799 345 320

570 411 647 464 vis
677 410 728 463 iu
757 409 861 462 hac
883 404 1209 475 captivitatis
1225 402 1598 467 exsi'ioposita
1620 401 1708 467 sit,
1740 401 1782 454 si
1817 402 1918 454 iter
1934 399 2143 453 termini
2182 405 2221 459 Α
2255 400 2534 453 ΡΙιὶιὶειὶἱηι
2563 415 2626 452 ne
2655 401 2785 470 {or.‘e
2808 401 3036 469 facerent
3084 398 3290 453 Hebraei
3333 401 3561 470 gladium
3582 442 3595 465 ,
3633 414 3677 455 et
3714 407 3807 459 lun-

568 500 805 569 petfecte
822 497 1075 559 custodit,
1095 504 1218 563 post
1245 492 1456 546 termini
1471 491 1624 561 hujus
1640 493 2020 560 angtlslius,,ad
2034 492 2151 544 alti-

573 591 813 642 tudinem
831 584 1248 639 immortalitatis
1262 582 1526 652 pervenit.
1550 581 1697 636 Unde
1709 594 1761 635 et
1776 584 1985 635 termini
1999 583 2159 648 huius

568 688 727 732 terra:
755 675 1147 738 valli‘Seboim,
1180 673 1230 727 id
1261 682 1345 726 est
1384 686 1696 739 caprearum
1727 671 2007 724 imminere
2037 685 2160 738 per-

571 769 850 822 hibentur.
872 765 1036 818 Vallis
1062 764 1261 832 quippe
1280 776 1614 829 caprearum,
1646 768 1728 813 est
1754 774 1899 813 mors
1922 759 2156 827 pretiosa

571 867 882 913 sanctorum
905 873 918 909 :
943 857 1069 925 quia
1087 854 1228 908 unde
1245 851 1528 907 moriendo
1550 852 1916 920 deponuntur,
1943 850 2065 903 inde
2092 847 2159 902 ad

571 950 763 1019 gaudia
790 956 993 1004 aeterna
1025 946 1394 1001 sublevantur.
1418 945 1653 1013 Capreas
1691 942 1908 1012 quidem
1950 940 2158 995 velocia

574 1039 826 1092 animalia
858 1052 996 1102 esse,
1028 1043 1083 1090 et
1107 1048 1328 1101 magnos
1380 1033 1549 1087 saltus
1577 1032 1706 1085 dare
1759 1032 1878 1099 quis
1924 1030 2161 1084 nesciat?

578 1130 743 1185 Recte
771 1143 901 1197 ergo
945 1135 1253 1181 sanctarum
1282 1124 1581 1178 animarum
1609 1122 1920 1190 dignitatem
1954 1134 2162 1189 capreae

574 1219 874 1285 designant,
909 1215 1095 1286 quasi"
1118 1223 1291 1268 morte
1320 1228 1547 1282 corpora
1571 1211 1857 1277 deserunt,
1888 1210 1980 1265 sed
2008 1210 2160 1278 quasi

577 1325 801 1377 magnos
823 1304 992 1363 saltus
1016 1309 1227 1372 dantes,
1250 1322 1347 1375 per
1365 1304 1599 1373 ingentia
1619 1303 1809 1357 merita
1830 1302 1903 1357 ad
1926 1315 2159 1370 superna

580 1415 747 1470 regna
777 1399 1165 1454 conscendunt.
1192 1397 1344 1450 Dicat
1366 1408 1514 1462 ergo,
1548 1394 1671 1463 quia
1705 1394 1961 1447 terminus
2004 1400 2163 1445 terra:

576 1492 800 1559 captiva:
847 1490 1088 1542 imminet
1116 1487 1238 1541 valli
1284 1485 1541 1539 Seboim:
1588 1485 1714 1552 quia
1761 1484 1864 1537 etsi
1909 1483 2159 1535 damnata

578 1591 660 1634 est
689 1581 924 1634 humana
957 1578 1221 1642 conditio,
1246 1577 1325 1631 sic
1357 1586 1532 1629 tamen
1557 1575 1713 1629 estin
1745 1574 1839 1628 Dei
1870 1574 1978 1628 lilio
2008 1573 2159 1627 exal-

581 1680 712 1733 tata,
743 1681 802 1723 ut
823 1685 943 1723 cum
969 1669 1034 1722 ad
1062 1668 1185 1722 vias
1208 1667 1519 1735 temporalis
1568 1666 1855 1719 terminum
1904 1665 2117 1719 ducitur
2140 1705 2155 1730 ,

2257 506 2420 542 ccam.
2453 487 2653 557 Aperte
2684 488 2897 556 quidem
2919 489 3191 544 damoues
3217 490 3415 558 sciunt,
3438 492 3559 559 quia
3594 490 3703 545 dum
3726 511 3807 551 sa:-

2257 579 2527 632 culaiibus
2559 578 2749 632 luti-ris
2779 578 3113 642 instruimur,
3140 581 3193 633 in
3224 580 3589 648 spiritualibus
3613 581 3806 650 alljuva~

2260 685 2398 722 mur.
2426 668 2557 722 Cum
2590 684 2717 737 ergo
2744 685 2842 723 nos
2862 684 2924 724 ea
2954 670 3163 724 discere
3182 671 3650 739 dissuadent,qui.l
3669 673 3808 738 aliwl,

2259 772 2418 825 quam
2450 774 2518 812 ne
2547 759 2785 814 lanceam
2817 769 2912 813 aut
2940 761 3173 827 gladium
3204 762 3467 816 faciamus
3494 771 3812 830 prmeavet?

2259 844 2411 899 Dicat
2439 861 2567 915 ergo
2596 848 2868 913 historica,
2893 856 2947 902 et
2969 850 3203 903 studium
3247 851 3545 904 electomm
3588 855 3811 921 propheti

2262 937 2513 1001 insinuet,
2547 948 2601 992 et
2628 947 2866 1007 exponat
2899 957 2911 991 :
2947 939 3299 993 Descendebat
3352 940 3526 994 Israel
3554 942 3619 993 ad
3652 941 3815 997 Philis-

2261 1029 2404 1092 tiim,
2463 1038 2518 1082 ut
2561 1040 2834 1084 exacuere:
2875 1034 3219 1102 unusquisque
3267 1048 3520 1085 vomerem
3548 1050 3705 1097 suum,
3747 1046 3817 1087 aut

2262 1120 2508 1189 ligonem.
2544 1122 2623 1174 Ad
2648 1122 2949 1177 Philistzeos
2978 1124 3376 1191 descendimus,
3409 1124 3625 1192 quando
3653 1125 3716 1178 ad
3743 1128 3822 1181 dis-

2264 1212 2467 1266 ceudos
2496 1214 2780 1268 saeculares
2815 1214 2982 1268 libros
3011 1216 3247 1269 animum
3281 1215 3623 1270 inelinamus.
3653 1215 3714 1269 Et
3748 1217 3819 1272 de-

2261 1318 2483 1358 scensus
2503 1303 2719 1370 dicitur,
2750 1305 2873 1373 quia
2893 1304 3196 1360 Christiana
3212 1306 3530 1373 simplicitas
3552 1308 3604 1360 in
3622 1307 3724 1361 alto
3740 1317 3821 1362 est.

2263 1390 2369 1445 Sed
2397 1392 2521 1460 quid
2573 1401 2674 1459 est,
2715 1392 2861 1460 quod
2914 1395 3201 1448 saeculares
3250 1394 3444 1448 littera:
3498 1394 3739 1450 dicuntur
3782 1398 3825 1451 iu

2263 1483 2424 1551 plano
2457 1498 2595 1550 essr,
2640 1485 2832 1538 modus
2855 1501 2990 1551 vero
3036 1496 3058 1518 υ
3109 1484 3338 1539 docendi
3393 1485 3678 1540 sublimis?
3714 1486 3825 1553 Quia

2263 1590 2385 1630 cum
2413 1575 2563 1630 cmle:
2584 1576 2655 1629 tia
2688 1577 2827 1629 nulla
2860 1584 3101 1641 narrent,
3128 1585 3183 1630 et
3208 1578 3344 1631 miro
3377 1577 3591 1631 dicendi
3621 1578 3790 1632 ordine
3811 1619 3823 1641 ,

2265 1677 2383 1729 quae
2410 1673 2785 1733 proponuntur
2809 1706 2824 1730 ,
2856 1665 3145 1733 explicant,
3181 1676 3235 1718 et
3273 1665 3542 1718 narrando
3572 1666 3830 1719 sublimau-

582 1762 634 1813 in
667 1768 843 1814 morte
874 1761 1047 1822 datur,
1073 1767 1129 1811 ut
1160 1758 1211 1810 in
1236 1765 1452 1810 mterntc
1476 1757 1596 1810 vitae.
1637 1756 2007 1810 celsitudinem
2037 1757 2163 1809 sub-
2200 1752 2241 1809 Β
2270 1761 2373 1818 tur,
2422 1764 2476 1808 et
2513 1754 2539 1794 ι)
2584 1756 2819 1810 carnalia
2857 1756 3083 1809 dicendo
3116 1755 3476 1824 deponuntur.
3522 1756 3689 1821 Quem
3728 1774 3831 1827 pro-

582 1848 977 1905 levetur.Dicat
998 1862 1155 1915 ergo:
1189 1844 1324 1910 Quia
1354 1848 1531 1900 tertius
1561 1862 1749 1898 cuneus
1773 1847 1841 1897 ad
1869 1847 1967 1898 iter
1994 1862 2047 1898 se
2070 1862 2174 1898 ver-

586 1944 645 1994 tit
678 1941 880 1992 termini
903 1941 955 1991 in
979 1948 1114 1991 terra
1141 1938 1500 2007 captivw,qnw
1544 1936 1773 1987 imminet
1802 1936 1921 1987 valli
1967 1950 2175 2002 caprea-

589 2046 737 2081 rum:
766 2038 823 2082 ut
850 2029 1112 2095 malignos
1144 2027 1360 2095 spiritus
1382 2026 1446 2077 ad
1476 2026 1579 2078 hoc
1609 2025 1905 2078 electorum
1932 2035 2172 2077 extrema

588 2120 727 2172 bona
758 2125 1062 2186 pervertere
1091 2116 1275 2170 conari
1298 2124 1519 2179 asserat,
1551 2124 1605 2169 ut
1628 2114 1693 2167 ad
1724 2129 1955 2183 superna
1983 2115 2173 2184 gaudia

587 2226 691 2262 nun
719 2207 1103 2262 conscendant.
1130 2206 1259 2273 Quae
1280 2208 1440 2260 etiam
1464 2207 1616 2259 vallis
1639 2208 1741 2259 sita
1771 2217 1959 2261 contra
1991 2207 2173 2261 deser-

589 2309 699 2351 tum
729 2299 939 2353 dicitur.
968 2298 1105 2363 Quid
1137 2298 1331 2352 deserti
1354 2298 1572 2351 nomine
1601 2299 1703 2352 hoc
1725 2299 1864 2360 loco,
1884 2300 1983 2352 nisi
2009 2297 2174 2352 infer-

588 2407 716 2444 num
745 2389 1041 2458 accipitur?
1065 2390 1341 2443 Desertum
1370 2388 1584 2457 quidem
1637 2405 1781 2443 rcce
1813 2390 2126 2458 intelligitur
2157 2430 2171 2454 ,

592 2480 679 2531 ubi
708 2479 1004 2532 electorum
1032 2476 1207 2529 nullus
1236 2477 1521 2529 invenitur.
1549 2475 1827 2530 Desertum
1852 2478 2013 2531 etiam
2044 2477 2177 2531 diei-

592 2577 695 2631 tur,
731 2568 782 2620 iu
833 2582 941 2634 quo
992 2580 1352 2620 aerumnarum
1404 2566 1597 2618 solatia
1651 2567 1793 2619 nulla
1846 2568 2171 2621 sentiuntur.
2216 2580 2219 2583 ‘

594 2662 909 2729 Va‘lisergo
942 2673 1257 2728 caprearum
1303 2666 1490 2711 contra
1538 2658 1807 2712 desertum
1863 2660 1963 2713 sita
2004 2661 2178 2728 perhi-

588 2752 784 2805 betur:
812 2752 934 2819 quia
958 2761 1266 2803 sanctorum
1297 2764 1441 2803 mors
1486 2750 1645 2819 295
1701 2750 1972 2804 diversum
2017 2766 2177 2804 omre

589 2847 658 2900 ab
680 2845 871 2899 inferni
919 2844 1123 2898 meritis
1153 2845 1332 2907 habet,
1366 2853 1422 2898 ct
1475 2844 1801 2898 conveniens
1844 2842 2067 2911 aliquil,
2121 2850 2178 2895 et

589 2937 807 3005 dignum
841 2936 1031 2989 inferni
1066 2935 1237 3004 poenis
1265 2951 1370 2990 non
1392 2936 1572 2990 habet.
1605 2934 1858 3004 Sequitur
1889 2953 1901 2986 :

664 3026 838 3096 (Vers.
872 3026 961 3090 ‘20,
993 3025 1108 3093 2|.)
1142 3025 1309 3079 Porro
1340 3024 1487 3094 faber
1518 3027 1768 3093 ferrarius
1809 3041 1912 3077 non
1960 3025 2177 3076 invenie-

2276 1846 2417 1900 fecto
2446 1847 2681 1911 dicendi,
2717 1847 2829 1901 sive
2865 1848 3195 1916 'ntelligendi
3232 1849 3449 1902 modum
3483 1849 3573 1920 qui
3605 1850 3735 1903 scire
3756 1866 3831 1919 ap-

2274 1939 2427 2005 petit,
2452 1938 2745 1992 descendat
2784 1938 2849 1990 ad
2881 1936 3162 1992 Pbilistiim
3193 1978 3209 2004 ,
3237 1955 3514 1994 vomerem
3545 1950 3601 1995 el
3629 1941 3831 2009 lignum

2275 2034 2455 2092 acuat,
2486 2034 2546 2078 ut
2575 2026 2640 2079 ad
2664 2026 2999 2079 smculurium
3026 2027 3186 2079 etiam
3200 2028 3435 2082 carnalia
3474 2029 3731 2083 audienda
3755 2030 3833 2084 de-

2275 2125 2523 2183 ponatur,
2565 2115 2654 2181 qui
2687 2130 2872 2168 eurum
2902 2116 3211 2185 e'oquentia
3245 2117 3437 2171 instrui
3488 2119 3699 2187 penitus
3729 2120 3833 2173 niti-

2277 2212 2384 2259 tur.
2417 2203 2568 2259 llanc
2596 2210 2796 2275 quippe
2843 2206 3155 2260 sazcularem
3193 2207 3475 2261 scientiam
3520 2209 3835 2278 omnipotens

2276 2296 2417 2352 Deus
2446 2296 2496 2351 in
2526 2298 2689 2365 plano
2720 2297 3045 2365 anteposuit,
3089 2306 3147 2351 ut
3191 2298 3346 2354 nobis
3392 2300 3712 2355 ascendendi
3739 2315 3835 2369 gra-

2276 2386 2399 2440 dum
2425 2384 2649 2455 Lcertt,
2679 2390 2766 2455 qui
2800 2403 2897 2441 nos
2938 2387 3003 2442 ad
3033 2388 3227 2443 divina:
3273 2388 3567 2459 Scriptura:
3621 2392 3834 2447 altitudi-

2276 2494 2397 2532 nem
2427 2480 2608 2533 levare
2633 2480 2922 2535 debuisset.
2955 2478 3156 2536 Idcirco
3177 2496 3295 2535 eam
3321 2483 3645 2551 praemittere
3671 2500 3715 2538 v.
3736 2484 3833 2550 luit,

2280 2578 2337 2622 ut
2392 2570 2446 2622 in
2499 2570 2615 2638 ipsa
2668 2587 2766 2623 nos
2807 2571 3098 2625 instrueret
3142 2571 3209 2625 ad
3258 2573 3560 2641 spiritualia
3614 2576 3835 2629 transire.

2282 2658 2431 2714 Unde
2459 2669 2511 2713 et
2565 2661 2794 2731 Moyses,
2827 2662 2919 2730 qui
2970 2663 3123 2716 nobis
3167 2663 3473 2716 divinorum
3528 2664 3839 2733 eloquiorum

2275 2750 2538 2818 principia
2569 2750 2754 2815 edidit,
2782 2768 2886 2805 non
2918 2753 3065 2821 prius
3092 2752 3273 2806 divina
3297 2753 3501 2818 didicit,
3543 2755 3634 2809 sed
3688 2766 3743 2807 ut
3763 2770 3841 2808 ca-

2278 2854 2426 2909 pere,
2461 2840 2872 2909 velexprimerc
2900 2842 3079 2895 divina
3120 2852 3335 2912 posset,
3386 2845 3440 2897 in
3487 2845 3633 2898 omni
3686 2843 3840 2915 Aigy-

2280 2928 2515 2996 ptiorutu
2565 2930 2789 2983 scicntia
2833 2930 3018 2985 rudem
3062 2932 3298 2986 animum
3342 2932 3664 2987 informavit.
3697 2933 3843 2989 lsa‘as

2280 3020 2439 3073 etiam
2474 3023 2753 3091 prophetis
2782 3024 2904 3077 aliis
2942 3025 3285 3093 eloquentior
3312 3026 3489 3079 extitit
3516 3043 3529 3077 :
3575 3027 3694 3095 quia
3721 3042 3810 3082 nec
3828 3068 3842 3089 .

591 3118 742 3170 batur
774 3119 824 3169 i-i
846 3116 986 3169 omni
1015 3123 1153 3167 terra
1201 3114 1389 3168 Israel.
1420 3114 1671 3168 Carerant
1710 3118 1843 3167 enim
1893 3114 2175 3167 Pliilistiim
2207 3112 2250 3171 C
2283 3120 2341 3165 ut
2367 3110 2627 3167 let-etuias
2655 3113 3015 3179 Auathotites,
3048 3130 3166 3177 nec,
3207 3123 3263 3168 ut
3291 3115 3457 3170 Amos
3486 3117 3843 3174 armentarius.

590 3225 655 3262 ne
689 3211 817 3278 {orte
849 3210 1074 3278 facerent
1110 3206 1313 3258 llebrrri
1364 3207 1595 3276 gladium
1651 3216 1739 3258 aut
1780 3208 2032 3258 lanceam.
2079 3204 2177 3257 De-

591 3297 866 3352 scendebat
900 3314 1020 3366 ergo
1057 3299 1223 3349 omnis
1250 3296 1419 3349 Israel
1446 3298 1513 3348 ad
1534 3296 1840 3363 Pliilisliim,
1868 3309 1923 3348 ut
1970 3313 2183 3350 exacue-

596 3396 674 3441 ret
703 3388 1050 3457 unusquisque
1082 3403 1348 3450 vomerem,
1377 3394 1465 3439 ant
1514 3387 1758 3457 ligonem,
1785 3397 1830 3440 et
1863 3388 2098 3452 securim,
2132 3394 2180 3439 et

598 3479 876 3534 sarculum.

667 3572 755 3624 50.
785 3571 905 3625 Hinc
936 3570 1176 3639 profecto
1216 3572 1393 3625 omnia
1437 3572 1845 3635 describuntur,
1900 3582 1957 3625 ut
1989 3571 2178 3625 modus

596 3661 966 3716 subsecutum
995 3663 1231 3717 victoria:
1255 3664 1569 3717 iusmuetur.
1629 3662 1833 3716 Annali
1883 3663 2081 3730 quippe
2111 3662 2178 3716 ab

604 3754 896 3808 inermibus
928 3754 1047 3808 victi
1079 3762 1223 3818 sunt,
1254 3764 1313 3808 ut
1355 3762 1545 3817 totum,
1596 3754 1739 3823 quod
1786 3754 2037 3819 vincitur,
2064 3768 2168 3805 om-

600 3843 892 3911 nipoten'is
922 3843 1014 3896 Dei
1038 3843 1287 3899 laudibus
1318 3843 1600 3897 tribuatur.
1635 3842 1742 3896 Nos
1764 3852 1941 3895 autem
1986 3842 2029 3895 si
2061 3856 2179 3893 mo.

596 3948 657 3987 re
684 3941 869 3987 nostro
921 3933 1275 4002 spiritualiter
1330 3934 1431 3987 ista
1483 3933 1875 4002 prosequimur,
1911 3930 2181 4002 mysteriis

598 4038 769 4077 vacua
802 4038 906 4076 non
936 4023 1285 4077 inveniemus.
1316 4022 1453 4088 Quid
1483 4031 1565 4076 est
1590 4036 1737 4090 ergo,
1770 4021 1915 4090 quod
1937 4022 2136 4075 dicitur
2160 4038 2178 4074 :

602 4111 778 4164 Faber
808 4114 1060 4180 ferrarius
1093 4128 1196 4164 non
1222 4111 1574 4165 inveniebatur
1601 4112 1653 4162 in
1687 4109 1854 4163 Israel
1877 4126 1895 4162 :
1925 4110 2026 4163 nisi
2054 4110 2180 4178 quia

603 4202 671 4253 ad
700 4199 998 4267 spiritualia
1026 4199 1162 4252 bella
1197 4215 1303 4252 non
1352 4214 1449 4268 per
1496 4199 1775 4253 smculares
1812 4198 2037 4263 litteras,
2087 4199 2181 4253 sed

598 4307 699 4361 per
721 4290 928 4343 divinas
978 4290 1311 4343 instruimur.
1369 4290 1545 4343 Faber
1590 4291 1790 4357 qui,~pe
1843 4288 2096 4344 ferrarius
2127 4290 2179 4344 in

599 4379 762 4432 Israel
787 4393 890 4432 non
926 4379 1225 4441 invenitur,
1250 4379 1374 4445 quia
1408 4378 1591 4433 titleles
1633 4379 1845 4433 Domini
1885 4380 2126 4433 videntes
2160 4418 2174 4442 ,

599 4576 869 4632 quaquam
902 4561 1232 4629 prmliantur.
1261 4561 1419 4615 Fabri
1443 4578 1673 4631 uanique
1716 4570 1833 4617 arte
1863 4562 2030 4631 adiuti
2062 4563 2179 4616 viu-

598 4660 803 4717 cerent,
834 4653 877 4706 si
900 4651 1170 4706 saecularis
1194 4652 1517 4722 eloquentize
1545 4652 1757 4720 iaculis,
1787 4653 2016 4706 occultis
2049 4653 2177 4706 hos-

598 4743 740 4797 tibus
770 4742 1144 4812 praevalerent.
1185 4741 1316 4808 Quas
1342 4742 1584 4811 profecto
1614 4742 1955 4797 saecularium
2010 4742 2178 4795 libro-

596 4849 714 4886 rum
742 4832 991 4899 eruditio,
1027 4841 1084 4887 et
1135 4835 1177 4887 si
1206 4849 1302 4903 per
1340 4833 1684 4902 semetipsum
1734 4833 1801 4886 ad
1846 4832 2179 4901 spiritualem

596 4934 904 4980 sanctorum
954 4923 1262 4981 c0uﬂictum
1293 4942 1398 4981 non
1430 4929 1679 4994 prodest,
1731 4925 1774 4978 si
1813 4924 1935 4977 divi.
1958 4940 2006 4979 ω
2032 4924 2069 4978 S
2104 4925 2178 4979 ri-

601 5020 773 5079 pturc
798 5013 1162 5082 coniungitur,
1188 5014 1429 5082 ejusdem
1445 5014 1736 5081 Scriptura:
1752 5012 1976 5068 scientia
2005 5014 2175 5067 subti-

594 5100 702 5154 lius
730 5100 988 5154 eruditur.
1015 5100 1095 5156 Ad
1122 5102 1225 5156 hoc
1254 5101 1469 5171 quidem
1494 5109 1697 5154 tantum
1743 5100 1994 5156 liberales
2032 5110 2177 5157 artes

595 5192 865 5246 discenda:
890 5200 1036 5259 sunt,
1060 5200 1119 5246 ut
1161 5207 1257 5261 per
1292 5192 1700 5246 instructionem
1742 5190 1954 5245 illarum
1993 5191 2174 5245 divina

594 5283 809 5353 eloquia
840 5284 1089 5338 subtilius
1134 5284 1519 5351 intelligantur.
1569 5283 1611 5335 A
1644 5282 2025 5336 nonnullorum
2053 5298 2177 5338 cor—

595 5374 751 5427 dibus
780 5376 1020 5431 discendi
1071 5376 1395 5431 desiderium
1442 5376 1661 5444 maligni
1698 5376 1914 5445 spiritus
1941 5376 2172 5431 tollunt:

598 5471 655 5515 ut
682 5475 735 5516 et
760 5465 1037 5518 saecularia
1068 5466 1327 5529 nesciant,
1374 5476 1426 5520 et
1454 5467 1519 5521 ad
1547 5468 1927 5522 sublimitatem
1956 5467 2174 5535 spirita-

598 5552 727 5605 lium
759 5570 865 5608 non
908 5556 1230 5623 pertingant.
1281 5555 1425 5612 Bene
1471 5572 1600 5627 ergo
1627 5558 1865 5614 dicitur:
1924 5557 2176 5613 Caverant

685 5692 701 5710 '
730 5687 915 5758 :iilot.,
947 5689 1147 5743 dicendi
1174 5692 1445 5745 sublimis?

2284 3203 2374 3255 sed
2407 3202 2659 3257 nobiliter
2702 3205 2994 3259 instructus
3031 3216 3193 3274 atque
3235 3206 3473 3261 urb‘uus
3524 3208 3638 3261 fuit.
3670 3206 3848 3263 Paulus

2283 3306 2498 3359 quoque
2528 3308 2623 3347 vas
2644 3292 2921 3347 electionis
2948 3302 3073 3347 ante
3106 3296 3169 3346 ad
3201 3293 3515 3349 Gamalielis
3563 3296 3723 3365 pedes
3771 3298 3844 3350 in-

2283 3385 2525 3445 Struitur,
2561 3399 2721 3453 quam
2752 3384 2989 3451 rapiatur
3024 3385 3075 3437 in
3119 3384 3445 3454 paradisum,
3497 3387 3583 3440 vel
3625 3387 3689 3440 ad
3742 3388 3848 3441 cudi

2287 3473 2424 3526 tertii
2450 3473 2782 3527 altitudinem
2808 3474 3116 3528 sublevetur
3146 3478 3281 3545 (Art.
3309 3477 3458 3545 χχιι).
3504 3474 3573 3529 Et
3628 3476 3740 3530 ideo
3764 3476 3849 3529 fur-

2284 3565 2844 3633 tasseperdoclrinazn
2870 3567 3030 3637 296
3052 3567 3167 3621 aliis
3186 3583 3306 3636 apo.-
3325 3568 3448 3621 tolis
3470 3569 3684 3622 exet-lit
3704 3587 3716 3621 :
3739 3570 3850 3638 quia

2283 3653 2490 3707 futurus
2513 3655 2564 3708 iu
2582 3656 2917 3721 cmlestibus,
2958 3665 3169 3710 terrena
3200 3658 3347 3726 prius
3366 3659 3640 3712 stuliosus
3661 3658 3847 3712 didicit.

2356 3744 2443 3795 5|.
2470 3744 2573 3799 Sed
2597 3744 2730 3812 jam,
2769 3752 2827 3798 ut
2860 3745 3124 3809 arbitror,
3170 3746 3430 3799 ruralium
3480 3747 3850 3801 instrumento-

2284 3850 2345 3888 ru
2371 3853 2399 3886 ιι
2429 3838 2785 3905 proprietates
2806 3836 3159 3906 spiritualiter
3187 3839 3533 3906 exquirenla:
3558 3847 3704 3894 sunt.
3724 3837 3851 3904 Quid

2283 3940 2412 3992 ergo
2438 3925 2487 3978 in
2513 3940 2749 3992 vomere,
2781 3927 2873 3995 qui
2903 3928 3263 3988 przeeuntibus
3285 3929 3455 3982 bobus
3486 3929 3737 3993 trahitur,
3762 3928 3851 3981 nisi

2284 4017 2504 4073 allectus
2534 4019 2757 4086 geminm
2787 4019 3066 4075 charitatis
3097 4021 3441 4074 insinuatur?
3469 4020 3537 4075 Et
3564 4021 3691 4090 quid
3720 4022 3771 4074 in
3790 4022 3850 4074 li-

2283 4123 2443 4176 gone,
2476 4123 2582 4177 quo
2611 4111 2759 4164 solus
2784 4112 3015 4180 quisque
3055 4111 3105 4165 in
3141 4112 3252 4180 agri
3283 4113 3493 4166 cultura
3542 4124 3852 4179 exercetur,

2286 4197 2385 4251 nisi
2428 4199 2645 4267 private
2675 4200 2797 4253 vita:
2817 4201 3052 4254 studium
3078 4202 3420 4255 ostenditur?
3450 4200 3680 4267 Quidam
3714 4218 3849 4256 natu-

2282 4305 2334 4359 ψ
2359 4307 2389 4345 e
2417 4303 2470 4345 et
2496 4292 2632 4346 dites
2653 4302 2709 4345 et
2737 4291 2903 4347 fortes
2930 4294 3176 4349 ruricolae
3208 4294 3259 4348 in
3290 4293 3463 4348 bobus
3519 4304 3711 4349 arant:
3740 4297 3856 4363 quia

2283 4390 2338 4436 et
2359 4383 2641 4437 Dominum
2672 4382 2884 4438 fortiter
2911 4385 3159 4453 diligunt,
3188 4394 3241 4438 et
3270 4400 3366 4454 per
3390 4385 3687 4440 fraternum
3714 4402 3856 4439 auio-

599 4480 715 4523 arte
743 4469 1019 4524 saecularis
1040 4470 1277 4524 scientiae
1305 4478 1493 4524 contra
1536 4471 1797 4539 malignos
1830 4472 2046 4540 spiritus
2085 4488 2178 4525 ne-
2209 4479 2257 4536 D
2283 4488 2396 4526 rem
2426 4474 2721 4528 animarum
2750 4475 2914 4528 lucris
2960 4475 3266 4544 diligentius
3311 4475 3616 4531 intendunt.
3664 4476 3853 4530 Vome-

2284 4579 2399 4617 rem
2439 4564 2601 4631 igitur
2626 4565 2766 4632 apud
2794 4563 3199 4619 Phi‘istinorum
3237 4564 3417 4619 fabros
3447 4575 3648 4619 acuunt
3679 4584 3691 4617 :
3734 4569 3855 4633 quia

2289 4661 2490 4707 sanctae
2513 4653 2910 4722 ptmdicatiuns
2940 4656 3170 4709 studium
3202 4653 3270 4708 de
3298 4656 3540 4709 saaculari
3563 4678 3577 4707 ‹
3596 4657 3855 4709 ruditiune

2286 4754 2641 4813 componunt.
2675 4745 2926 4800 Nonnulli
2950 4762 3100 4812 vero,
3121 4757 3178 4800 ut
3200 4761 3482 4815 pauperes,
3515 4746 3694 4815 ligone
3716 4755 3858 4800 utun-

2285 4844 2371 4895 tur
2403 4853 2415 4888 :
2450 4836 2572 4903 quia
2605 4838 2694 4905 qui
2726 4836 2790 4889 ad
2840 4838 3122 4891 lucrandas
3160 4838 3389 4891 aliorum
3435 4837 3644 4892 animas
3671 4852 3731 4892 se
3762 4854 3857 4891 non

2284 4940 2445 4994 posse
2466 4925 2713 4980 suflLere
2763 4926 3109 4991 arbitrantur,
3158 4928 3260 4981 sibi
3307 4927 3437 4981 solis
3472 4943 3579 4981 non
3618 4928 3856 4981 desinunt

2284 5030 2589 5083 praeparare
2632 5015 2699 5069 de
2722 5016 3027 5070 mternitate
3055 5018 3197 5084 quod
3227 5028 3472 5085 possuat.
3506 5017 3667 5072 Velut
3693 5018 3859 5083 ligone

2283 5104 2508 5171 quisque
2532 5119 2720 5158 eorum
2753 5104 2920 5157 utitur
2944 5122 2957 5156 :
2987 5105 3111 5172 quia
3134 5119 3321 5172 agrum
3344 5121 3453 5158 sua:
3469 5106 3665 5158 mentis
3687 5106 3858 5158 divino

2282 5191 2447 5246 cultui
2476 5208 2776 5261 praeparare
2799 5208 2903 5246 no.1
2936 5193 3205 5248 desinunt.
3238 5193 3304 5246 Et
3333 5196 3457 5263 quia
3488 5196 3541 5247 in
3569 5195 3672 5247 hoc
3701 5196 3856 5246 etiam

2281 5281 2499 5352 privata:
2531 5284 2649 5336 vita:
2674 5283 2852 5337 studio
2883 5284 3038 5336 valde
3065 5284 3166 5336 sibi
3192 5283 3463 5337 smcularis
3483 5282 3717 5339 eruditio
3748 5298 3850 5350 pro

2278 5374 2412 5437 dest,
2440 5373 2694 5443 ligonem,
2724 5373 2849 5427 dum
2877 5373 3101 5428 doci‘tur
3122 5374 3342 5439 exacuit
3367 5373 3524 5441 :quia
3553 5373 3606 5425 in
3636 5371 3855 5440 promis

2277 5467 2399 5521 vita:
2427 5465 2603 5519 studio
2632 5466 2875 5520 eruditus
2904 5480 3135 5535 qumque
3180 5464 3431 5519 subtilius
3470 5463 3725 5518 intendit.
3772 5460 3853 5514 Sc-

2276 5556 2388 5611 curi
2418 5562 2596 5609 autem
2623 5569 2730 5609 non
2754 5565 2953 5609 terram
2986 5555 3234 5619 lodimus,
3262 5554 3355 5609 sed
3381 5568 3562 5609 ramos
3606 5554 3854 5607 arborum

2363 5696 2387 5734 δ
2416 5695 2577 5750 Gilot.
2611 5695 2877 5761 elYatic.,
2911 5705 2958 5748 et
2985 5695 3217 5748 carnalia
3260 5694 3478 5748 docendi
3506 5694 3851 5764 deponuntur.
