3962 6286
127 284 153 300 ὀ
166 285 221 302 ι’.

125 284 221 338 557
929 282 991 338 IN
1033 283 1288 341 PRIMUM
1330 286 1566 343 REGUM
1609 286 2118 350 EXI’OSITI'JNES.
2159 321 2228 334 -
2269 295 2394 350 [ΑΒ.
2443 298 2500 351 ν.

3272 313 3374 366 5⁵1⁸

125 397 510 448 ιιειιτιιιιειιηιιιε.
542 392 680 459 Quid
702 407 830 462 ergo
855 393 998 448 aliud
1014 395 1192 466 signat
1220 397 1440 462 securis,
1473 413 1572 452 ms:
1596 413 1683 452 ze-

1794 398 2000 452 crudita
2031 416 2126 469 per
2148 402 2446 482 scientiam,
2475 407 2757 474 pungenda
2796 424 2904 463 non
2931 411 3090 466 videt.
3127 414 3278 472 Unde
3323 430 3376 474 et

127 486 221 538 lim
251 485 402 538 bona
437 484 839 538 ternulationis?
881 484 1011 539 Nam
1058 486 1274 556 quando
1323 486 1390 541 ad
1439 486 1692 541 imitanda

123 575 390 627 meliorum
423 575 672 642 exempla
711 575 1108 638 succendimur,
1136 576 1284 630 velut
1323 591 1504 631 ramos
1535 577 1685 632 nobis

124 664 416 728 incidimus,
442 665 639 733 quibus
667 664 842 730 ignem
860 665 1193 734 depellendis
1238 666 1575 734 negligentie
1604 680 1697 720 no~

123 765 237 810 stra:
264 754 550 822 trigoribus
573 763 894 809 nutriamus.
920 755 1072 810 llanc
1115 771 1362 811 securem
1385 771 1482 810 nos
1508 763 1695 810 tenere

124 847 308 901 Paulus
335 849 616 916 apostolus
641 849 906 918 praecipit,
935 848 1120 904 dicens
1146 867 1159 901 :
1187 848 1382 902 Bonum
1406 849 1694 902 temulami-

121 938 172 988 ni
194 939 241 989 in
264 937 392 990 bono
414 955 592 991 omnes
625 936 767 1009 (Gul.
800 953 870 1002 Iv,
903 937 1014 1007 18).
1048 937 1177 1004 Qua:
1205 939 1454 992 nimirum
1485 937 1693 992 SCilﬂ'iS

121 1030 319 1082 arnitur
343 1047 356 1081 :
381 1030 507 1098 quia
535 1029 730 1083 eruditi
764 1029 970 1093 ﬁdeles,
1002 1031 1140 1084 sicut
1172 1029 1362 1083 melius
1392 1037 1694 1096 agnoscunt

120 1121 351 1189 exempla
378 1120 638 1186 ﬁdelium,
661 1121 733 1174 ita
756 1130 810 1175 et
844 1120 1138 1175 ferventius
1177 1120 1378 1174 imitari
1416 1120 1695 1188 concupis-

118 1223 254 1266 cunt.
285 1211 564 1266 Sarculum
595 1212 710 1266 sive
742 1211 941 1264 tridens
989 1211 1236 1264 subtilius
1267 1219 1463 1263 terram
1509 1208 1643 1262 ludit
1674 1224 1689 1272 ;

119 1307 182 1357 ila
215 1315 267 1356 ut
291 1320 394 1356 ιιοιι
427 1315 533 1354 tan
560 1303 765 1366 fodere,
789 1317 949 1370 quam
973 1307 1240 1370 sea'pere,
1273 1309 1330 1354 et
1355 1300 1539 1368 glebas
1557 1316 1688 1355 cun-

120 1393 255 1462 fring.
275 1408 332 1446 re
359 1400 740 1460 cognoscatur.
765 1391 900 1457 Quid
931 1407 1024 1460 per
1053 1391 1157 1445 hoc
1177 1390 1378 1445 tridens
1398 1389 1688 1455 sarculum,

117 1483 212 1536 nisi
235 1484 403 1536 virtus
428 1482 778 1536 discretionis
805 1481 1170 1552 exprimitur?
1201 1478 1304 1533 Per
1342 1496 1502 1549 quam
1543 1489 1691 1534 certe

115 1574 230 1627 dum
257 1581 394 1636 acta,
425 1573 510 1626 vel
541 1572 747 1638 agenda
783 1572 962 1626 subtili
991 1571 1426 1626 consideratione
1457 1571 1689 1625 discuti-

114 1680 243 1726 mus,
279 1665 422 1716 velut
449 1663 690 1718 serenda:
720 1671 871 1716 terra:
900 1671 1097 1717 nostra:
1141 1663 1324 1731 glebas
1365 1664 1418 1716 in
1473 1671 1688 1718 tenuem

1804 487 1856 539 in
1888 497 2015 558 typo
2055 490 2384 546 eruditorum
2434 496 2774 564 praelatorum
2822 500 2959 554 bene
2987 503 3328 574 subjungitur
3361 529 3373 562 :

1871 575 2043 644 (Vers.
2075 577 2190 648 9.9..)
2218 579 2444 652 Cumque
2473 587 2687 640 venisset
2709 589 2816 642 dies
2837 592 3024 658 prtelii,
3057 609 3159 648 non
3187 605 3262 650 est
3290 600 3375 652 in-

1796 673 1972 717 ventus
1999 669 2156 730 ensis,
2183 679 2230 720 et
2271 669 2453 724 lancea
2484 675 2539 725 in
2571 692 2724 728 manu
2750 680 2906 732 totius
2932 683 3108 749 populi
3135 687 3220 754 qui
3266 697 3379 739 erat

1795 770 1907 808 cum
1927 757 2058 810 Saul
2080 765 2126 809 et
2141 756 2388 824 Jonat/ta,
2407 772 2616 833 excepto
2635 765 2767 821 Saul
2787 779 2834 821 et
2850 767 3081 826 Jonatha
3103 775 3217 843 ﬁlio
3243 779 3375 847 ejus.

1864 845 1952 898 55.
1984 845 2122 912 Quid
2153 864 2248 916 per
2293 849 2556 917 lanceam,
2586 856 2687 909 nisi
2717 867 3023 916 sanctorum
3055 845 3378 932 praedicato-

1793 947 1913 986 rum
1935 946 2092 989 acuta
2118 937 2458 1006 providentia
2484 943 2778 1012 accipitur“!
2801 946 2869 1000 Et
2897 950 3021 1016 quid
3049 958 3146 1020 per
3172 967 3376 1020 ensem,

1795 1025 1895 1078 nisi
1919 1039 2106 1080 eorum
2136 1027 2501 1096 intelligentia:
2529 1034 2795 1089 subtilitas
2821 1037 3250 1096 demonstratur?
3277 1042 3381 1098 Per

1794 1113 2033 1169 lanceam
2059 1118 2258 1187 quippe
2287 1118 2442 1188 longe
2465 1123 2620 1179 nobis
2643 1134 2767 1180 ante
2788 1127 3000 1196 objecta
3025 1131 3378 1201 perfudimus.

1797 1204 1900 1260 Per
1927 1223 1991 1261 en
2023 1225 2108 1262 ein
2133 1227 2260 1265 vero
2284 1214 2467 1281 vicini,
2493 1224 2550 1269 et
2578 1216 2687 1271 fere
2712 1220 2983 1288 conjuncti
3012 1225 3167 1279 nobis
3197 1226 3379 1282 hostes

1799 1302 1820 1347 t
1850 1298 2152 1353 ucidantur.
2184 1301 2324 1356 Bene
2349 1318 2477 1372 ergo
2503 1306 2552 1358 in
2586 1307 2792 1376 lancea,
2820 1312 3150 1380 providentia
3179 1315 3381 1371 electo-

1793 1398 1913 1437 rum
1929 1388 2246 1455 ostenditur,
2266 1406 2361 1458 per
2385 1408 2543 1460 quam
2572 1397 2812 1452 occultos
2843 1399 3022 1454 hostes
3051 1407 3376 1472 perc..tiunt,

1795 1483 2084 1546 antequam
2133 1479 2366 1534 vicinum
2416 1498 2601 1538 eorum
2633 1485 2887 1556 impetum
2916 1491 3207 1558 patiantur.
3242 1495 3376 1549 Dum

1794 1564 1935 1618 enim
1967 1564 2171 1622 futuras
2193 1571 2491 1626 daemonum
2517 1573 2732 1629 insidias
2757 1579 2996 1634 cavendo
3025 1585 3374 1653 prteveniunt,

1792 1654 1938 1708 velut
1965 1671 1994 1708 a
2025 1656 2184 1726 longe
2212 1660 2400 1715 lancea
2441 1661 2670 1734 feriunt,
2702 1682 2930 1735 quorum
2978 1671 3180 1727 vicinos
3229 1677 3378 1729 exc-i-

116 1753 374 1822 pulverem
430 1753 860 1822 comptammus.
926 1751 1080 1818 de
1125 1753 1370 1823 profecto
1418 1755 1686 1809 sarculum
1724 1771 1765 1829 Β
1792 1761 1923 1815 pere
1953 1747 2090 1803 ictus
2125 1751 2335 1804 nolunt.
2367 1752 2514 1808 Unde
2542 1764 2596 1810 et
2634 1757 2824 1814 beatus
2865 1759 3058 1816 Paulus
3099 1767 3375 1832 apostolus

116 1844 304 1898 tridens
339 1844 622 1908 asseritur,
666 1844 791 1912 quia
831 1845 911 1899 vis
959 1844 1299 1900 discretionis
1351 1862 1458 1900 non
1513 1847 1688 1901 solum

114 1934 327 2002 agenda.
352 1934 451 1989 sed
481 1934 644 1988 etiam
674 1936 982 2004 cogitanda,
1015 1945 1069 1990 et
1091 1936 1357 2006 loquenda
1383 1939 1683 2007 componit.

113 2025 152 2078 Δ
178 2039 332 2078 manu
353 2024 590 2093 quilem,
621 2026 807 2092 corde,
867 2034 922 2080 et
951 2026 1129 2094 lingua
1160 2035 1355 2081 cuncta
1389 2029 1551 2083 noxia
1599 2045 1688 2083 re-

111 2124 244 2170 serat
268 2133 282 2180 ;
307 2125 364 2170 ut
391 2131 602 2184 semen,
633 2101 778 2187 quod
808 2126 963 2172 terra:
993 2119 1186 2172 mentis
1212 2130 1410 2173 nostra:
1438 2121 1690 2176 commit-

113 2208 282 2272 timus,
308 2208 530 2262 uberem
574 2193 808 2262 lructum
846 2209 999 2263 lerat.
1057 2207 1196 2278 Apte
1226 2210 1408 2279 itaque
1449 2210 1682 2266 dicitur:

113 2297 452 2351 Descendebat
483 2300 650 2354 omnis
693 2297 867 2352 Israel
907 2299 976 2351 ad
1003 2298 1309 2367 Philistiim,
1333 2308 1387 2352 ut
1413 2309 1688 2353 exacueret

110 2377 438 2458 unusquisque
459 2404 711 2441 vomerem
739 2405 906 2450 suum,
934 2388 1178 2457 ligonem,
1202 2404 1464 2454 securem,
1493 2397 1542 2441 et
1567 2405 1686 2442 sar-

111 2480 263 2532 culum
283 2495 301 2530 :
329 2479 454 2547 quia
487 2477 738 2533 allectum
767 2478 992 2547 gemina:
1014 2478 1315 2543 charitatis,
1349 2479 1571 2548 priva'm
1601 2479 1683 2532 \i-

113 2570 449 2636 tzestudium,
499 2570 692 2625 aliena:
741 2571 1086 2640 perfectionis
1131 2571 1377 2641 exempla
1425 2572 1480 2626 in
1527 2587 1681 2627 sacro

111 2661 308 2730 eloquio
337 2660 567 2730 legimus
599 2679 614 2714 :
647 2660 741 2716 sed
764 2660 1006 2730 ejusdem
1042 2660 1185 2715 sacri
1227 2660 1428 2730 eloquii
1455 2659 1680 2730 proluu-

109 2753 315 2809 ditatem
344 2763 633 2824 penetrare
661 2754 833 2823 ignari
863 2753 1137 2809 saacularis
1157 2752 1399 2823 scientia:
1427 2767 1536 2807 non
1585 2767 1680 2806 va-

110 2842 282 2898 lemus.
317 2844 470 2900 l‘nde
497 2852 566 2916 et.
581 2844 974 2900 rationabiliter
993 2842 1351 2912 subinferens,
1385 2845 1461 2897 ait
1486 2861 1500 2896 :

176 2932 338 3002 (Vers.
365 2934 484 3005 21.)
513 2933 726 2989 Retuste
744 2936 915 3005 itaque
959 2942 1108 2988 erant
1132 2935 1269 2989 acies
1316 2950 1602 3000 romerum,
1634 2944 1684 2988 et

109 3026 346 3095 ligurium.
399 3035 450 3080 et
500 3027 776 3093 securium,
833 3036 882 3080 et
927 3026 1244 3090 tridentium,
1275 3042 1433 3095 usque
1471 3025 1541 3078 ad
1587 3027 1682 3080 sti-

108 3117 282 3170 mulum
309 3117 693 3188 corrigendum.

169 3204 253 3260 52.
281 3205 398 3261 Non
426 3206 678 3262 dicuntur
707 3205 851 3261 acies
878 3205 1168 3274 replicatur,
1201 3211 1295 3258 aut
1317 3204 1512 3258 attrita:
1538 3199 1558 3257 ε’
1583 3203 1680 3259 sed

107 3305 304 3350 retusae.
328 3295 464 3350 Nam
496 3297 541 3350 si
563 3297 834 3366 replicata:
855 3303 1062 3361 essent,
1094 3295 1183 3350 vel
1211 3295 1424 3357 attritae,
1455 3296 1679 3350 omnino

105 3384 225 3438 nihil
245 3385 562 3442 inciderent.
591 3386 793 3441 Retusa
810 3401 939 3441 vero
965 3385 1133 3448 acies,
1157 3385 1268 3440 etsi
1296 3385 1546 3440 celeriter
1570 3399 1678 3440 non

107 3475 281 3531 incidit
314 3481 516 3544 omnia,
547 3479 794 3546 quaedam
823 3477 1034 3546 objecta
1092 3477 1144 3530 in
1175 3491 1325 3530 mora
1352 3476 1552 3531 laboris
1595 3490 1680 3532 se-

105 3581 200 3623 cat.
230 3568 319 3624 Sic
341 3569 590 3624 nimirum
613 3579 738 3624 sunt
763 3569 927 3624 corda
947 3568 1290 3638 sintplicium,
1324 3583 1443 3638 quin
1471 3567 1515 3622 si
1553 3567 1680 3622 sub-

105 3661 259 3716 tilitér
285 3663 582 3731 spiritualia
611 3677 718 3716 non
749 3661 1082 3729 intelligunt,
1111 3668 1136 3695 ⁸
1162 3659 1289 3714 dum
1325 3669 1504 3713 tamen
1528 3660 1680 3714 tarde

104 3753 336 3820 qntetlam
379 3753 714 3823 intelligunt,
747 3752 1035 3807 acuitatem
1082 3751 1280 3820 ingenii
1327 3765 1434 3804 non
1464 3756 1678 3804 acutam

105 3839 319 3908 habent,
347 3842 442 3896 sed
481 3851 740 3896 retusam.
769 3840 923 3910 Stepe
969 3842 1114 3896 enim
1143 3841 1413 3896 discutere
1449 3839 1678 3894 obscura

103 3931 320 3997 volunt;
349 3931 448 3987 sed
474 3931 601 3986 dum
632 3932 720 3986 vix
747 3932 837 3988 diu
857 3931 1145 4002 cogitando
1166 3930 1234 3985 ad
1255 3945 1318 3984 ea
1347 3930 1533 3997 etiam,
1560 3944 1681 3999 qua:

102 4030 216 4075 sunt
243 4031 452 4092 aperta,
483 4023 823 4091 ierveniunt,
853 4022 1001 4077 velut
1053 4030 1232 4078 retusa
1263 4021 1380 4076 acie
1417 4021 1680 4076 morando

103 4110 354 4166 incidunt.
389 4110 545 4178 Quod
566 4121 715 4167 certe
744 4127 849 4167 non
875 4111 1050 4166 solum
1078 4111 1237 4183 297
1269 4110 1322 4165 in
1347 4110 1574 4166 occultis
1594 4125 1682 4164 sa-

103 4207 383 4260 cramentis
421 4205 820 4275 Scripturarum
846 4203 1174 4265 ostenditur.
1204 4203 1301 4258 sed
1326 4203 1487 4270 etiam
1517 4203 1571 4256 in
1603 4202 1681 4255 la-

105 4295 332 4349 tentibus
360 4296 796 4365 suggestionibus
819 4295 1148 4350 dmmonum.
1176 4293 1453 4363 Depellere
1481 4292 1681 4362 quippe

104 4401 204 4442 sse
231 4388 445 4442 hostem
505 4395 800 4456 nequeunt,
847 4402 1010 4456 quem
1052 4391 1378 4454 cogndsccre
1423 4385 1532 4440 cito
1571 4400 1679 4439 non

105 4487 337 4546 possunt.
370 4477 507 4531 Dum
528 4493 658 4547 ergo
686 4492 879 4546 magna
899 4492 1052 4532 mora
1069 4475 1433 4545 cogitationis,
1461 4475 1680 4530 insidias

105 4570 244 4624 malae
261 4571 627 4639 suggestionis
643 4571 940 4641 expellunt,
954 4569 1101 4625 velut
1126 4576 1307 4624 retusa
1329 4569 1446 4623 acie
1469 4576 1678 4633 secant,

105 4660 234 4726 quod
263 4675 362 4729 per
389 4660 684 4715 acuitatem
733 4661 935 4730 ingenii
965 4659 1284 4715 abscindere
1326 4659 1565 4713 velocius
1592 4673 1683 4726 po-

105 4760 294 4805 terant.
318 4752 455 4818 Quid
493 4761 578 4807 est
603 4759 781 4806 autem
811 4751 956 4821 quod
1005 4751 1200 4805 dicitur
1232 4767 1246 4802 :
1283 4748 1454 4818 Usque
1473 4748 1542 4800 ad
1590 4749 1684 4800 sti-

101 4841 286 4893 mulum
314 4841 710 4911 corrigendum?
735 4841 996 4896 Stimulus
1011 4840 1208 4894 dicitur
1223 4831 1520 4909 increpatio
1543 4853 1682 4905 pra:-

100 4928 341 4985 latorum.
396 4929 547 4985 Unde
594 4940 651 4985 et
701 4931 956 5000 scriptum
1008 4939 1134 4985 est:
1185 4927 1353 4983 Verba
1396 4929 1681 4998 sapientum

100 5027 210 5070 sunt
229 5019 377 5083 quasi
403 5019 601 5072 stimuli
656 5017 825 5091 (Eccl.
873 5035 964 5084 xu,
999 5019 1110 5089 ll).
1161 5017 1420 5072 Stimulus
1460 5016 1678 5085 quidem

100 5107 388 5178 increpatio
411 5111 627 5176 dicitur,
659 5113 783 5181 quia
813 5111 937 5167 dum
971 5111 1156 5181 culpas
1196 5111 1394 5179 arguit,
1438 5117 1676 5164 mentem

102 5199 296 5267 pungit.
328 5200 435 5256 Sed
487 5215 702 5256 retusus
757 5211 842 5257 est
882 5203 1150 5268 stimulus,
1203 5200 1418 5270 quando
1470 5199 1676 5269 prmlati

103 5285 310 5356 languet
345 5291 674 5360 intellectus,
703 5303 762 5346 ut
812 5293 1148 5348 subditorum
1198 5291 1404 5361 culpas,
1439 5306 1540 5346 nec
1581 5305 1674 5345 co-

103 5380 396 5438 gnoscendo
415 5383 674 5450 reperiat,
696 5397 796 5436 nec
813 5381 1134 5439 inveniendo
1163 5381 1542 5451 reprehendat.
1565 5379 1667 5436 Be-

104 5479 164 5519 tzc
191 5483 316 5536 ergo
338 5471 642 5540 increpatio
662 5475 886 5529 rectoris
913 5473 1162 5527 stimulus
1211 5473 1494 5540 asseritur,
1547 5473 1669 5540 quia

104 5563 328 5616 timores
351 5564 607 5618 vitiorum
638 5579 873 5634 pungere
885 5582 990 5621 non
1003 5566 1278 5637 praevalet,
1307 5567 1351 5622 si
1381 5566 1496 5636 ejus
1523 5580 1674 5622 meus

169 5701 202 5751 ⁸,
225 5694 415 5768 Vatia,
437 5706 496 5756 et
529 5695 721 5768 Gilot.,
743 5701 865 5756 dum
894 5710 999 5757 tam
1027 5708 1194 5755 tarde.

1707 3136 1756 3201 C

1792 1834 1916 1890 dum
1947 1851 1978 1891 a
2008 1838 2168 1909 longe
2196 1851 2436 1898 armatos
2469 1847 2838 1906 fornicationis
2864 1852 3081 1921 spiritus
3108 1868 3371 1923 cerneret,

1790 1927 2126 1996 conjugalem
2147 1934 2516 1990 castimoniam
2543 1940 2697 2008 quasi
2720 1939 2958 1998 lanceam
2985 1947 3172 2012 tenuit,
3199 1959 3255 2003 et
3281 1965 3376 2006 cos

1791 2019 2049 2074 accedere
2077 2023 2299 2091 propius
2328 2041 2436 2079 non
2475 2031 2736 2096 permisit,
2771 2031 2991 2089 dicens:
3016 2034 3238 2106 Propter
3266 2041 3375 2108 for-

1791 2108 2104 2164 nicationem
2147 2116 2490 2187 unusquisque
2518 2134 2728 2172 uxorem
2756 2137 2903 2175 suam
2930 2124 3136 2191 habeat,
3167 2135 3217 2180 et
3245 2146 3375 2181 una-

1790 2219 2000 2275 quteque
2044 2208 2231 2261 virum.
2282 2207 2445 2262 Uxori
2490 2212 2568 2264 vir
2616 2212 2842 2268 debitum
2890 2217 3094 2287 reddat,
3135 2221 3375 2275 similiter

1789 2304 1960 2347 autem
2000 2312 2134 2349 uxor
2170 2297 2278 2352 tiro
2313 2297 2364 2368 (1
2388 2297 2508 2352 Cor.
2533 2317 2628 2368 vu,
2655 2301 2733 2371 2).
2766 2303 2834 2357 Et
2864 2305 3056 2360 iterum
3084 2326 3097 2360 :
3138 2308 3374 2363 Reverti~

1792 2382 1918 2433 mini
1947 2382 1999 2434 in
2023 2382 2346 2450 idipsum,ne
2363 2393 2516 2438 tentet
2537 2403 2624 2440 vos
2642 2386 2872 2444 Satanas
2901 2404 3111 2463 propter
3140 2397 3367 2450 inconti-

1790 2475 2019 2528 nentiam
2045 2485 2263 2529 vestram
2287 2476 2450 2547 (Ibid.
2486 2478 2562 2544 5).
2615 2478 2752 2535 Illuc
2785 2485 2945 2536 etiam
2976 2485 3043 2540 de
3077 2489 3369 2558 semetipso

1790 2563 1866 2616 ait
1907 2583 1918 2614 :
1951 2565 2162 2636 Castigo
2186 2583 2373 2635 corpus
2397 2585 2582 2634 meum,
2616 2580 2665 2624 et
2686 2573 2739 2625 in
2767 2576 3058 2628 servitutem
3078 2578 3274 2648 redigo,
3307 2595 3370 2633 ne

1789 2657 2082 2724 praedicans
2114 2660 2254 2726 aliis,
2295 2661 2539 2728 reprobus
2567 2664 2772 2733 efﬁciar
2801 2664 2854 2734 (1
2877 2665 2996 2722 Cor.
3021 2684 3097 2736 ιχ,
3121 2667 3237 2740 27).
3268 2670 3370 2737 Qui

1789 2744 1932 2798 enim
1955 2761 2021 2800 ne
2035 2748 2295 2815 reprobus
2314 2749 2484 2814 lieret,
2509 2767 2704 2820 corpus
2726 2754 2949 2821 castigat
2965 2766 3102 2824 crat,
3121 2758 3372 2813 nimirum

1787 2831 1975 2887 lancea
2007 2833 2188 2890 ho.-tes
2210 2852 2338 2891 SUO)
2365 2837 2697 2907 longiuscule
2725 2843 2930 2910 positos
2957 2853 3083 2900 ante
3103 2861 3162 2900 se
3190 2848 3370 2916 perfo-

1786 2921 1987 2976 diebat.
2035 2924 2375 2980 Providentia
2404 2941 2534 2998 ergo
2564 2930 2901 2987 abstinentiae
2948 2949 3041 3002 pro
3071 2935 3370 2993 edomanda

1786 3013 1964 3067 carnis
2011 3014 2227 3070 libidine
2279 3018 2430 3086 quasi
2486 3019 2671 3074 lancea
2727 3022 3016 3092 accipitur,
3066 3040 3163 3094 per
3209 3043 3370 3096 quam

1785 3118 1834 3152 Vl
1852 3106 1993 3158 nturi
2022 3105 2204 3161 hostes
2226 3106 2510 3162 feriuntur.
2538 3108 2680 3164 Bene
2705 3112 2867 3165 etiam
2891 3129 2986 3182 per
3005 3129 3188 3170 ensem
3214 3118 3373 3173 intel-

1787 3195 1958 3250 lectus
1989 3198 2308 3266 exprimitur
2339 3217 2353 3252 :
2402 3201 2528 3269 quia
2557 3202 2646 3269 qui
2676 3218 2869 3271 pravas
2911 3207 3125 3274 maligni
3153 3209 3371 3278 spiritus

1782 3290 2154 3358 suggestiones
2178 3291 2230 3344 in
2254 3293 2505 3359 presenti
2526 3300 2766 3362 tempore
2797 3299 3067 3363 cognoscit
3088 3307 3140 3353 et
3161 3299 3366 3368 abjicit,

1783 3381 1931 3435 velut
1958 3381 2211 3446 vicinum,
2243 3389 2298 3436 et
2315 3381 2466 3449 juxta
2495 3397 2555 3437 se
2599 3385 2829 3452 positum
2859 3386 3068 3441 hostem
3095 3389 3233 3444 ierit.
3266 3391 3370 3458 Qui

1783 3474 1945 3528 etiam
1977 3473 2124 3527 velut
2167 3488 2297 3528 ense
2328 3483 2556 3543 utraque
2583 3485 2735 3544 parte
2771 3487 2932 3532 acuto
2981 3479 3168 3534 incidit
3197 3499 3212 3537 :
3242 3483 3370 3552 quia

1784 3571 1891 3616 tam
1925 3561 2055 3617 falsa
2098 3563 2257 3628 bona,
2293 3579 2456 3633 quam
2505 3580 2632 3619 vera
2658 3568 2796 3620 mala
2833 3570 3199 3637 reprehendit.
3232 3572 3369 3639 Quid

1781 3669 1912 3709 vero
1942 3663 2044 3719 est,
2068 3656 2212 3723 quod
2241 3655 2296 3709 in
2338 3671 2502 3711 manu
2529 3657 2657 3711 Saul
2694 3667 2748 3714 et
2775 3657 3020 3716 Junathae
3059 3665 3203 3719 ensis
3251 3681 3370 3722 esse

1783 3745 2130 3814 perhibetur?
2156 3743 2260 3800 Sed
2283 3746 2336 3800 in
2369 3761 2530 3801 manu
2555 3763 2660 3801 non
2689 3758 2814 3803 sunt
2843 3765 3026 3805 eorum
3047 3792 3062 3815 ,
3093 3756 3183 3823 qui
3212 3766 3369 3813 acute

1781 3837 1958 3892 vicina
1987 3847 2041 3892 et
2066 3839 2349 3906 praesentia
2393 3839 2715 3906 intelligunt,
2756 3850 2811 3894 et
2838 3840 3012 3895 futura
3051 3845 3366 3914 pnnrident,

1783 3936 1838 3981 et
1863 3927 1927 3979 ad
1969 3929 2353 3996 exstinguenda
2400 3945 2461 3982 ea
2504 3913 2661 3984 fo'itia
2694 3946 2799 3984 non
2849 3947 2914 3986 ex
2951 3943 3122 3988 rcent.
3168 3913 3370 4005 Aperte

1781 4017 1897 4073 sciu
1942 4027 1978 4082 t,
2002 4018 2126 4087 quia
2149 4019 2399 4087 antiquus
2420 4019 2588 4074 hostis
2610 4020 2898 4075 maximam
2920 4031 3126 4092 partem
3149 4025 3370 4082 humani

1781 4108 1994 4175 generis
2023 4123 2121 4176 per
2149 4109 2312 4163 robur
2340 4110 2515 4164 carnis
2545 4110 2597 4164 in
2620 4109 3027 4168 fornicationem
3052 4117 3369 4186 pracip'tat,

1782 4200 1873 4269 qui
1922 4208 2100 4254 tamen
2147 4215 2366 4254 carnem
2396 4215 2495 4270 per
2534 4189 2932 4281 abstinentiam~
2965 4205 3229 4274 castigare
3261 4223 3369 4260 non

1782 4299 1990 4344 curant.
2037 4289 2126 4345 Sic
2165 4291 2328 4344 etiam
2375 4291 2615 4346 nonnulli
2663 4295 2948 4362 prassentia
3001 4295 3140 4349 mala
3186 4307 3373 4366 aperte

1783 4381 2140 4450 COIISplCiUIII,
2173 4381 2268 4436 sed
2292 4382 2406 4436 haec
2435 4382 2604 4437 vitare
2632 4384 2854 4440 minime
2879 4395 3162 4442 conantur.
3197 4387 3259 4442 lli
3287 4390 3372 4442 ni-

1715 4513 1754 4539 ,,
1785 4471 1978 4526 mirum
2024 4487 2208 4526 ensem
2238 4481 2294 4526 et
2322 4472 2563 4527 lanceam
2609 4473 2836 4539 habent,
2868 4476 2961 4530 sed
2990 4477 3041 4530 in
3071 4492 3230 4532 manu
3263 4496 3371 4534 non

1783 4561 2003 4615 habent.
2038 4560 2180 4615 Bene
2210 4575 2339 4630 ergo
2369 4562 2422 4615 in
2453 4562 2540 4617 die
2569 4563 2736 4632 praelii
2765 4564 2817 4617 in
2847 4580 3006 4619 manu
3045 4567 3172 4621 Saul
3203 4579 3255 4623 ct
3281 4569 3374 4624 Jo-

1787 4652 1962 4705 nathie
2003 4651 2146 4706 ensis
2178 4661 2235 4706 et
2259 4652 2448 4707 lancea
2493 4653 2953 4722 inveniturzquia
2995 4656 3171 4710 solum
3213 4659 3373 4714 electi

1786 4746 1883 4800 viri
1914 4755 2060 4812 sunt,
2091 4748 2182 4816 qui
2213 4755 2265 4802 et
2287 4747 2570 4815 praesentia
2597 4755 2650 4801 et
2679 4746 2854 4801 futura
2881 4749 3019 4802 mala
3050 4750 3370 4819 intelligant,

1788 4847 1842 4891 et
1863 4853 1927 4892 ea
1943 4838 2118 4893 cordis
2135 4839 2428 4892 intentione
2442 4838 2658 4893 vincere
2672 4839 2946 4894 ardentius
2968 4843 3370 4910 concupiscant.

1788 4927 1942 4993 Quod
1975 4936 2153 4982 tamen
2186 4928 2289 4982 hoc
2319 4928 2436 4983 loco
2467 4928 2586 4983 ideo
2615 4927 2836 4994 dicitur,
2868 4937 2926 4983 ut
2956 4931 3183 4999 populus
3212 4936 3375 5005 273.3

1783 5017 1915 5071 nihil
1939 5017 1991 5070 in
2009 5032 2168 5071 manu
2187 5017 2420 5073 tenuisse
2450 5019 2729 5084 doceatur,
2747 5017 2837 5086 qui
2857 5034 3119 5085 vomeres,
3145 5021 3368 5090 ligones,

1780 5119 2021 5169 secures,
2049 5113 2105 5158 et
2129 5105 2369 5160 sarculos
2399 5113 2584 5160 tenere
2613 5105 2932 5161 ostenditur.
2962 5106 3056 5162 llis
3085 5112 3226 5163 enim
3255 5128 3372 5166 ver-

1778 5194 1861 5250 bis
1886 5211 1994 5250 non
2023 5196 2180 5250 electi
2206 5195 2602 5264 distinguuntur
2623 5211 2653 5250 a
2676 5197 2942 5265 reprobis,
2969 5201 3061 5253 sed
3093 5201 3315 5256 hebetes
3341 5221 3371 5258 a

1777 5287 1983 5356 peritis.
2014 5287 2118 5342 Sed
2145 5287 2267 5356 quia
2292 5286 2398 5355 jam
2425 5295 2662 5342 armatos
2687 5287 2830 5341 viros
2853 5291 3185 5348 ostendimus
3207 5335 3223 5362 ,
3253 5312 3368 5349 It;0-

1774 5380 1900 5435 dum
1926 5381 2233 5436 certaminis
2255 5379 2602 5449 explicemus.
2630 5378 2900 5446 Sequitur.

2391 5469 2617 5525 CAPUT
2653 5469 2742 5524 lV.

1853 5566 1894 5636 (Ι
1930 5564 2063 5636 Reg.
2106 5580 2215 5629 xiv,
2276 5563 2352 5634 l.)
2386 5562 2616 5635 Egressa
2645 5573 2720 5618 est
2761 5566 2918 5620 statio
2955 5566 3361 5626 Philistum-um
