3962 6276
571 265 675 322 559

1779 269 2021 327 SANCTI
2059 270 2386 327 GRECORII
2424 270 2639 326 MAGNI

3715 279 3808 337 ’ὀεο

571 399 623 443 at
644 388 944 443 ascenderet
970 388 1025 441 in
1060 384 1316 456 Magmas,
1347 390 1396 437 et
1417 383 1605 437 accidit
1633 383 1856 454 quadam
1891 385 1974 437 die
1996 393 2054 436 ut
2083 384 2159 436 di-
2188 387 2228 443 Α
2262 390 2499 450 paretur.
2529 382 2748 437 Divitias
2774 394 3005 450 namque
3024 387 3456 447 contemnentes,
3477 389 3811 449 paupertatem

569 489 704 536 ceret
724 480 983 535 Jonatlias
1015 478 1154 547 [ilius
1187 476 1225 529 S
1247 477 1317 528 .ul
1348 475 1417 527 ad
1445 476 1817 529 adolescentem
1846 477 2155 545 armigerum
2261 471 2459 527 Christi
2500 474 2910 540 atnplcc‘e.ites,
2958 479 3275 540 spernentes
3310 469 3576 539 coniugia,
3606 486 3815 527 amorem

568 585 718 621 suum
752 583 770 621 :
806 565 962 629 Veni,
992 572 1039 617 et
1071 574 1389 616 transeamus
1434 562 1502 614 ml
1547 563 1823 616 stationem
1858 562 2161 617 l’ltilistino-

570 673 701 717 rum,
738 671 850 725 qua:
879 663 953 706 est
996 663 1142 706 trans
1173 657 1341 706 locum
1369 653 1535 705 illum.

640 764 691 817 l.
721 763 1121 817 Philistinorum
1156 762 1318 816 statio
1340 763 1636 830 egreditur,
1661 761 1875 831 quando
1900 762 2160 816 malorum

569 856 855 924 spirituum
902 854 1058 908 turba
1108 853 1294 908 electis
1341 853 1610 908 mentibus
1650 869 1749 924 per
1793 854 2165 922 suggestinnes

573 951 761 1003 noxias
810 949 1231 1003 demonstratur.
1281 946 1411 1012 Quae
1459 938 1957 1001 uimirumidcirco
2002 946 2164 999 statio

574 1042 804 1108 dicitur,
852 1040 977 1108 quia
1021 1039 1318 1092 electorum
1374 1037 1511 1091 bella
1557 1036 1953 1091 describuntur.
2011 1036 2166 1089 Stare

575 1106 1051 1200 quippe~malignis
1083 1126 1374 1196 spiritibus,
1427 1132 1505 1179 est
1551 1125 1605 1179 in
1654 1125 1951 1179 electorum
1991 1136 2165 1194 pugna

577 1234 797 1289 magnas
843 1218 983 1271 vires
1027 1230 1300 1271 exercere.
1345 1214 1476 1269 Nam
1508 1214 1700 1268 stando
1749 1214 1975 1268 validius
2005 1228 2168 1268 unus-

576 1311 823 1381 quisque,
853 1323 1011 1377 quam
1040 1305 1303 1371 sedendo,
1331 1305 1519 1359 conari
1548 1305 1613 1359 ad
1638 1305 1836 1374 aliquid
1865 1304 2167 1359 faciendum

580 1409 780 1471 potest.
812 1398 1214 1452 Pbilistinorum
1247 1397 1408 1463 igitur
1431 1397 1593 1451 statio
1621 1410 1835 1463 egressa
1866 1397 2081 1458 dicitur,
2111 1403 2170 1449 ut

583 1493 888 1546 daemonum
921 1498 1146 1544 conatus
1176 1489 1227 1541 in
1252 1487 1395 1542 bello
1434 1496 1621 1541 nostro
1647 1497 1832 1555 aperte
1865 1488 1949 1543 col
1974 1489 2167 1558 igatur.

581 1582 647 1635 Et
677 1581 801 1649 quia
834 1580 981 1635 velut
1011 1594 1070 1634 se
1102 1578 1400 1640 inferiores,
1425 1587 1586 1648 atque
1609 1580 1843 1633 minores
1864 1579 2171 1648 opprimere

582 1672 767 1726 fideles
797 1670 1066 1737 cogitant,
1109 1668 1160 1722 in
1212 1667 1448 1737 Magmas
1494 1669 1790 1723 ascendere
1836 1669 2170 1736 egredientes

579 1770 795 1833 parant.
827 1760 925 1815 Vel
960 1760 1011 1814 in
1059 1759 1295 1827 Magmas
1341 1759 1634 1815 ascendere
1663 1762 1929 1829 gestiunt,
1956 1763 2171 1829 quando
2205 1756 2245 1813 ll

582 1851 927 1922 parvulorum
960 1848 1121 1904 corda
1153 1848 1401 1917 decipere
1432 1848 1692 1903 tentando
1722 1850 2040 1905 moliuntur.
2065 1849 2173 1905 Sed

583 1940 741 1996 electi
771 1938 1173 2008 praedicatores,
1224 1938 1348 1991 dum
1382 1946 1584 1992 tentata
1626 1938 1792 1993 corda
1837 1939 2172 1994 subditorum

590 2032 689 2085 int.
712 2031 917 2098 Ilignnt,
961 2028 1100 2082 ferre
1130 2029 1325 2081 auxilia
1356 2044 1462 2082 non
1486 2037 1785 2087 morantur.
1813 2030 1923 2087 llos
1949 2034 2093 2087 velut
2122 2034 2174 2087 in

587 2130 706 2175 tuto
754 2128 1038 2191 reponunt,
1070 2119 1191 2175 illos
1234 2134 1417 2174 secum
1448 2120 1515 2173 ad
1558 2122 1904 2177 sustentanda
1936 2123 2175 2193 pericula

587 2211 850 2265 beilorum
873 2211 1093 2265 ducunt.
1120 2210 1256 2275 Quid
1284 2219 1367 2265 est
1392 2210 1532 2279 quod
1562 2211 1629 2265 ab
1652 2212 1790 2266 bella
1815 2216 2047 2282 armiger
2075 2214 2175 2267 du-

585 2302 745 2364 citur,
773 2301 873 2355 nisi
902 2301 1027 2369 quia
1052 2316 1146 2368 per
1168 2300 1449 2354 scientiam
1473 2300 1665 2354 cruliti
1695 2300 1892 2356 subditi
1921 2304 1985 2356 ad
2013 2303 2178 2357 inter-

587 2408 780 2446 norum
836 2390 1188 2445 certaminum
1254 2390 1537 2445 victoriam
1605 2394 1960 2462 promovendi
2016 2397 2178 2450 sunt?

585 2481 813 2549 Quidam
838 2496 1071 2550 namque
1093 2489 1259 2535 artem
1289 2481 1565 2553 physicam
1587 2484 1782 2549 sciunt,
1809 2486 1899 2555 qui
1930 2486 2178 2541 medendi

589 2573 976 2643 experientiam
1007 2573 1254 2627 nesciunt
1285 2589 1299 2623 :
1328 2573 1406 2627 sic
1430 2573 1678 2628 nimirum
1704 2576 1755 2630 in
1786 2585 1965 2631 sancta
1995 2577 2181 2632 Eccle-

593 2664 675 2717 sia
707 2663 922 2732 quidam
958 2671 1084 2716 sunt
1124 2662 1213 2731 qui
1244 2670 1414 2715 artem
1447 2662 1715 2717 interimis
1760 2680 1947 2735 pugna)
1976 2666 2179 2722 didice-

589 2763 734 2819 rant,
759 2753 852 2809 sed
871 2753 937 2806 ad
966 2752 1235 2808 districtus
1261 2752 1608 2809 necessitates
1628 2757 1981 2810 certaminum
2007 2757 2181 2812 adhuc

596 2844 841 2916 perducti
874 2860 980 2899 non
1009 2851 1151 2899 sunt.
1183 2843 1401 2912 Magnos
1424 2846 1569 2900 viros
1598 2856 1895 2916 pugnantes
1923 2847 2177 2910 audiunt,

592 2934 687 2989 sed
732 2934 946 3004 prmlia,
993 2948 1113 3002 que
1155 2934 1332 3003 magni
1381 2935 1664 3003 magniﬁce
1707 2938 1957 2999 tolerant,
1998 2938 2179 2991 autitu

591 3025 785 3091 sciunt,
834 3025 1031 3079 virtute
1081 3024 1348 3079 nesciunt.
1382 3022 1539 3079 Tales
1577 3027 1775 3095 quippe
1816 3037 1940 3081 sunt
1980 3029 2073 3096 qui
2113 3028 2179 3081 ad

595 3112 849 3167 imitanda
894 3112 1116 3182 vestigia
1160 3112 1538 3183 Redemptoris
1569 3115 1880 3170 invitantur.
1916 3115 2017 3179 Qui
2054 3117 2178 3181 vult,
2210 3122 2252 3180 (ζ

596 3203 802 3270 inquit,
835 3204 1006 3255 venire
1049 3212 1165 3269 post
1190 3220 1298 3267 me,
1325 3200 1539 3273 abneget
1588 3206 1933 3273 semetipsum,
1965 3206 2183 3260 attollat

595 3307 800 3343 crucem
839 3307 1005 3355 suam,
1037 3300 1087 3343 et
1114 3300 1353 3362 sequatur
1382 3308 1463 3345 mc
1486 3291 1702 3362 (Matth.
1733 3310 1848 3358 xvi,
1876 3294 1986 3365 24).
2020 3296 2180 3350 Arma

596 3393 727 3432 vero
778 3378 1025 3433 Jonatluc
1070 3390 1197 3434 sunt
1239 3382 1521 3435 hortamen
1550 3397 1580 3436 a
1631 3382 1888 3439 doetoris.
1939 3385 2184 3455 Armiger

600 3484 731 3525 vero
758 3486 903 3524 arma
944 3480 1156 3540 portat,
1197 3488 1318 3526 cum
1366 3473 1559 3542 quibus
1601 3490 1706 3529 non
1751 3477 1892 3547 ipse,
1924 3478 2017 3533 sed
2047 3479 2184 3533 alius

599 3568 822 3629 pugnat.
853 3558 891 3613 S
911 3574 941 3614 c
972 3560 1223 3613 nimirum
1251 3570 1394 3627 sunt,
1416 3564 1507 3630 qui
1533 3564 1582 3616 in
1606 3574 1787 3619 sancta
1816 3564 2056 3621 Ecclesia
2090 3584 2185 3622 no-

600 3651 739 3704 viter
787 3651 1143 3704 instruuntur.
1196 3650 1328 3704 Dum
1373 3652 1515 3706 enim
1557 3654 1782 3708 virtutes
1815 3670 1843 3708 a
1874 3655 2185 3711 doctoribus

598 3740 843 3805 audiunt,
888 3741 1082 3811 quibus
1113 3740 1212 3810 ipsi
1240 3741 1492 3797 doctores
1514 3752 1705 3798 contra
1737 3746 1997 3800 malorum
2023 3748 2185 3817 Spiri-

600 3841 749 3885 tuum
771 3832 1060 3886 versutiam
1079 3840 1336 3901 pugnant,
1352 3833 1479 3887 illud
1504 3835 1753 3889 nimirum
1777 3837 1974 3891 habent
1991 3839 2043 3892 in
2066 3854 2184 3905 ore,

596 3924 742 3991 quod
788 3923 1024 3977 nondum
1064 3923 1265 3978 habent
1307 3925 1359 3978 in
1411 3924 1620 3981 virtutis
1660 3928 2007 3983 exhibitiOne.
2039 3928 2187 3983 Dixit

597 4027 728 4081 ergo
756 4011 1011 4065 Jonathas
1042 4014 1110 4064 ad
1141 4015 1450 4084 armigerum
1473 4032 1622 4069 suum
1655 4033 1668 4068 :
1705 4016 1847 4082 l’eni,
1866 4028 2187 4073 transeamus

599 4107 670 4160 ad
691 4108 961 4160 stationem
989 4104 1382 4160 Philistinorum
1405 4122 1423 4159 :
1445 4108 1567 4176 quia
1591 4107 1748 4162 electi
1770 4108 2038 4173 doctores,
2064 4111 2189 4165 suba

603 4196 744 4251 ditos
780 4211 907 4251 suos
950 4197 1147 4250 docent
1177 4212 1285 4251 non
1323 4195 1496 4250 solum
1539 4209 1730 4258 artem,
1773 4214 1877 4267 qua
1913 4199 2186 4267 dimicent,

604 4284 697 4340 sed
724 4286 888 4338 etiam
919 4284 987 4339 ab
1010 4283 1148 4338 bella
1179 4285 1522 4353 pertrahunt,
1554 4298 1665 4354 quo
1697 4287 1977 4357 triumphet
2003 4297 2043 4342 t.

677 4374 730 4428 ἓ.
760 4374 827 4428 Ει
852 4375 979 4445 quia
1024 4375 1231 4428 remissi
1264 4383 1507 4445 pastores
1535 4376 1702 4441 bella,
1750 4392 1868 4447 que
1896 4378 2187 4444 insinuant,

2265 561 2535 631 pudicitia:
2563 578 2779 631 semper
2808 561 3065 629 amplecti
3104 561 3327 616 debent.
3358 561 3569 615 Habent
3593 563 3817 617 continuo

2265 652 2352 706 isti
2396 652 2723 721 insurgentia
2763 652 3077 720 gravissima
3114 652 3297 720 praelia
3337 649 3536 712 carnis,
3573 649 3644 702 illi
3674 650 3816 720 impu-

2264 744 2573 812 gnationem
2603 744 2783 798 cordis
2808 761 2821 796 :
2850 744 2975 812 quia
3004 756 3107 797 nec
3134 749 3423 812 paupertas
3447 741 3631 795 leviter
3658 740 3818 809 fertur,

2268 848 2369 886 nec
2412 833 2529 887 sine
2561 833 2767 899 magnis
2808 833 3071 901 agonibus
3101 833 3374 902 pudicitia:
3420 846 3643 901 corpora
3670 833 3825 897 subju-

2267 932 2481 990 gantur.
2518 922 2670 977 Unde
2692 925 2831 978 bene
2860 939 2956 994 per
2974 939 3114 992 quen
3138 927 3259 979 dam
3286 925 3587 993 sapientem
3614 922 3785 977 dicitur
3808 941 3820 975 :

2268 1014 2399 1082 Fili,
2417 1015 2666 1068 accedens
2687 1017 2755 1068 ad
2776 1017 3070 1068 servitutem
3096 1014 3214 1082 Dei,
3244 1025 3327 1068 sta
3346 1016 3401 1068 in
3426 1016 3628 1076 timore,
3653 1024 3699 1067 et
3718 1030 3828 1084 pra.

2268 1120 2399 1172 para
2427 1105 2654 1157 animant
2684 1112 2827 1157 tuam
2839 1104 2908 1157 ad
2939 1106 3273 1157 tentationem
3298 1104 3490 1175 (Ereti.
3524 1120 3580 1167 ιι,
3606 1102 3830 1173 l).Quasi

2269 1190 2414 1245 dicat
2446 1209 2458 1244 :
2491 1192 2625 1259 Quia
2656 1193 2841 1263 egredi
2874 1193 3089 1248 voluisti
3128 1195 3195 1248 de
3237 1196 3356 1248 loco
3386 1194 3711 1257 muniminis,
3755 1208 3833 1246 ne-

2270 1296 2423 1336 cesse
2437 1290 2590 1336 estut
2605 1282 2717 1351 jam
2738 1283 2943 1351 patenti
2958 1284 3101 1338 bello
3118 1292 3310 1338 contra
3328 1284 3618 1338 fortissima
3630 1284 3833 1337 hostium

2273 1381 2450 1428 castra
2498 1374 2779 1429 muniaris.
2812 1374 2948 1429 Dum
2995 1389 3126 1442 ergo
3156 1386 3299 1429 trans
3346 1378 3515 1429 locum
3560 1376 3719 1439 illum,
3747 1392 3837 1429 non

2270 1465 2427 1516 istum
2464 1463 2615 1528 dicit,
2669 1464 2948 1518 doctorum
2996 1463 3261 1519 Jonathas
3310 1467 3565 1519 virtutem
3612 1465 3835 1527 insinuat,

2272 1554 2363 1622 qui
2390 1570 2485 1623 pcr
2510 1553 2783 1622 singulare
2812 1555 3150 1624 propositum
3181 1555 3478 1623 religionis,
3500 1569 3711 1622 semper
3733 1563 3842 1607 sunt

2274 1645 2327 1698 in
2358 1654 2545 1715 aperto
2574 1660 2767 1715 campo
2798 1646 3129 1700 certaminis.
3166 1645 3233 1698 Et
3271 1646 3397 1715 quia
3425 1644 3497 1698 de
3526 1645 3691 1709 omni,
3718 1644 3843 1713 quod

2275 1739 2493 1786 strenue.
2513 1732 2789 1797 dimicant,
2812 1731 2877 1786 de
2901 1732 3047 1786 omni
3070 1732 3216 1800 quod
3240 1733 3493 1786 nobiliter
3516 1732 3843 1801 triumphant,

2269 1822 2543 1889 iactantiae
2572 1830 2625 1874 et
2653 1821 2903 1875 elationis
2933 1822 3122 1875 viti-nn
3158 1823 3387 1889 fugiunt,
3410 1822 3654 1888 Sequitur
3682 1838 3696 1873 :

2349 1911 2525 1981 (νει-μ.
2556 1914 2627 1978 l.)
2661 1911 2811 1965 Patri
2837 1920 3005 1964 autem
3038 1928 3131 1965 suo
3160 1912 3257 1965 hoc
3280 1912 3450 1982 ipsum
3472 1928 3580 1965 non
3606 1912 3842 1965 indicarit.

2346 2001 2401 2056 5.
2444 2002 2705 2057 Tacenda:
2753 2003 2970 2071 quidem
3000 2010 3129 2056 sunt
3166 2003 3460 2056 electorum
3507 2003 3747 2068 virtutes,
3785 2016 3845 2055 ne

2277 2107 2373 2163 per
2398 2092 2717 2162 iactantiam
2747 2093 3015 2160 dicantur,
3060 2094 3153 2148 sed
3181 2094 3477 2162 aliquando
3529 2094 3599 2147 ad
3628 2092 3715 2147 Dei
3742 2094 3844 2161 glo-

2277 2184 2411 2237 riam
2454 2199 2547 2238 eas
2577 2182 2923 2239 manifestare
2966 2184 3125 2253 culpa
3156 2200 3264 2239 non
3293 2195 3397 2239 est.
3437 2185 3573 2251 Quia
3602 2200 3724 2238 vero
3756 2201 3843 2238 nus

2280 2273 2330 2328 in
2360 2273 2413 2329 S.
2435 2276 2489 2328 ul
2521 2290 2746 2345 magnos
2790 2276 3171 2345 prmdieatores
3196 2278 3580 2348 expressimus,
3611 2277 3708 2331 hoc
3730 2294 3842 2346 pro-

2277 2366 2450 2434 fecto,
2496 2367 2642 2435 quod
2676 2376 2885 2437 patrem
2931 2366 3192 2423 Jonatbas
3236 2384 3428 2439 pugna:
3462 2370 3672 2423 initium
3697 2370 3841 2435 celat,

2280 2457 2408 2512 illud
2435 2458 2667 2513 insinuat
2700 2475 2713 2509 :
2746 2458 2871 2525 quia
2903 2472 3096 2527 magna
3127 2474 3248 2528 quas
3276 2461 3484 2527 agimus
3503 2496 3520 2522 ,
3551 2460 3848 2527 quandoque

2282 2556 2502 2618 propter
2526 2549 2886 2603 humilitatem
2916 2549 3251 2604 laudabiliter
3279 2552 3539 2605 celamus.
3571 2550 3722 2605 Tales
3742 2552 3847 2619 qui-

2279 2641 2399 2695 dem
2429 2640 2535 2710 jam
2564 2640 2690 2695 facti
2720 2656 2819 2710 per
2860 2642 3260 2711 corruptionem
3293 2657 3513 2705 sumus,
3549 2650 3608 2695 ut
3634 2642 3753 2695 boui
3779 2642 3849 2693 vi~

2281 2735 2394 2790 deri
2424 2736 2585 2789 etiam
2617 2736 2685 2790 ab
2714 2736 2836 2797 illis.
2868 2736 2957 2804 qui
2998 2746 3236 2805 prmsunt
3276 2736 3456 2801 nobis,
3501 2738 3616 2792 sine
3646 2738 3849 2791 elatione

2284 2839 2562 2893 nunquam
2608 2824 2872 2878 Valemus.
2905 2823 3040 2878 Cum
3084 2840 3213 2894 ergo
3257 2826 3324 2880 de
3371 2827 3657 2881 manifesto
3703 2830 3850 2881 latens

2284 2913 2483 2966 malum
2508 2913 2749 2968 nascitur
2772 2953 2787 2978 ,
2819 2914 3094 2982 sapienter
3145 2915 3347 2969 bonum
3400 2915 3759 2978 absconditur,
3798 2930 3853 2969 ne

2287 3007 2430 3059 malo
2458 3005 2875 3075 superveniente
2904 3005 3226 3059 maculetur.
3253 3005 3360 3060 Sed
3389 3007 3522 3059 inter
3560 3006 3669 3059 hinc
3698 3006 3851 3059 scien-

2285 3097 2409 3149 dum
2452 3104 2553 3161 est,
2584 3096 2708 3165 quia
2741 3096 2815 3149 illi
2863 3096 3090 3150 virtutes
3130 3096 3311 3150 celare
3348 3096 3587 3166 praelatis
3612 3094 3723 3150 suis
3763 3096 3851 3148 ista

2288 3189 2609 3243 necessitate
2658 3197 2925 3258 [‘ossunt,
2980 3188 3074 3255 qui
3116 3188 3255 3242 bene
3297 3200 3627 3255 cognoscere
3678 3187 3851 3241 bonum

2285 3282 2430 3351 quod
2478 3288 2680 3350 agunt,
2711 3281 2907 3334 sciunt.
2950 3279 3006 3334 Si
3036 3280 3180 3334 enim
3226 3280 3383 3334 nimis
3420 3288 3547 3333 sunt
3589 3278 3854 3349 simplices,

2285 3387 2427 3443 saepe
2457 3387 2564 3427 nou
2606 3380 2688 3425 est
2712 3371 2932 3435 bonum,
2964 3370 3111 3440 quod
3138 3385 3209 3426 es~
3228 3386 3259 3425 e
3284 3371 3483 3425 bonum
3514 3369 3852 3431 arbitrantur;

2287 3473 2343 3518 et
2390 3463 2520 3518 dum
2570 3463 2759 3517 vitium
2799 3464 2951 3531 quasi
2997 3464 3250 3517 virtutem
3291 3477 3397 3516 non
3440 3461 3705 3523 indicant,
3736 3461 3784 3513 in
3809 3474 3854 3511 se

2288 3554 2662 3610 absconditum
2690 3554 2760 3607 lin
2796 3564 2903 3607 tvm
2944 3562 3183 3623 portant.
3218 3551 3369 3607 Unde
3398 3562 3451 3606 et
3478 3551 3753 3613 Jonatbes,
3781 3551 3853 3617 qui

2288 3648 2424 3718 patri
2456 3648 2522 3701 be
2546 3648 2577 3699 li
2609 3647 2942 3715 propzisitum
2976 3645 3129 3709 texit,
3164 3654 3343 3699 tantus
3371 3646 3631 3698 asseritur
3664 3642 3855 3696 :utsnb

2288 3737 2406 3806 ejus
2427 3741 2625 3792 ducatu
2650 3752 2771 3807 pars
2790 3737 3057 3792 exercitus
3080 3736 3343 3805 prolucta
3368 3734 3653 3791 referatur.
3685 3733 3848 3796 Erunt,

2290 3830 2483 3898 inquit,
2512 3829 2613 3882 duo
2654 3828 2821 3882 millia
2856 3829 3080 3883 virorum
3110 3842 3225 3880 cum
3265 3826 3397 3882 Saul
3438 3827 3493 3880 in
3540 3825 3790 3897 Hagmus,
3817 3832 3854 3875 et

2288 3921 2343 3975 in
2374 3931 2546 3975 monte
2576 3919 2775 3984 Bethel,
2808 3918 2951 3972 mille
2978 3926 3149 3971 autem
3186 3933 3303 3970 cum
3331 3915 3566 3971 Jonatha
3599 3916 3653 3968 in
3698 3913 3853 3967 Gaium

2292 4010 2567 4074 Beniamin
2598 4009 2649 4081 (1
2684 4008 2813 4081 Reg.
2846 4024 2969 4069 xm,
3000 4007 3079 4077 9).
3110 4006 3331 4061 Dicatur
3356 4021 3485 4076 ergo
3516 4006 3586 4059 de
3612 4004 3854 4059 Jonatba:

2292 4101 2441 4156 Patri
2469 4110 2639 4156 autent
2661 4118 2752 4156 suo
2783 4103 2877 4155 hoc
2904 4102 3069 4170 ipsum
3099 4116 3200 4154 non
3231 4098 3479 4152 indicarit
3503 4098 3663 4167 :quia
3685 4096 3805 4151 erud
3825 4096 3855 4147 ti

2292 4193 2413 4260 viri,
2443 4193 2571 4247 dum
2609 4193 2860 4248 elationis
2890 4192 3079 4246 vitium
3120 4192 3394 4245 incurrere
3424 4189 3491 4244 de
3521 4189 3723 4257 magnis
3746 4202 3855 4256 ope-

2292 4288 2442 4341 ribus
2480 4287 2589 4341 suis
2619 4294 2887 4353 metuunt,
2918 4300 2981 4339 ea
3009 4284 3255 4338 nimirum
3284 4284 3415 4354 ipsis
3460 4281 3807 4344 abscondunt,
3832 4294 3855 4331 ι

2292 4379 2489 4447 quibus
2518 4377 2759 4445 adjuvari
2784 4384 3096 4446 potuerunt.
3128 4374 3260 4441 Quae
3280 4375 3534 4430 nimirum
3563 4372 3855 4443 prmdécato-

601 4465 877 4534 suscipere
925 4479 1263 4534 nequaquam
1299 4472 1507 4531 curant,
1551 4482 1658 4522 non
1704 4467 1833 4522 dicit
1864 4485 1879 4522 :
1909 4468 2077 4534 Vade,
2128 4478 2184 4525 et
2216 4487 2265 4547 ι)
2290 4472 2365 4526 ris
2392 4471 2588 4525 auxilia
2617 4471 2811 4525 melius
2836 4470 3112 4535 discimus,
3142 4470 3187 4524 si
3210 4470 3357 4539 ipsos
3376 4469 3431 4522 in
3462 4468 3590 4523 loco
3616 4481 3725 4521 sue
3752 4480 3855 4535 per-

604 4555 773 4608 transi
803 4556 869 4608 ad
897 4556 1183 4609 stationem
1216 4553 1612 4612 Pliilistinorum
1645 4574 1658 4609 :
1686 4558 1780 4612 sed
1806 4575 1818 4611 :
1850 4558 1997 4625 Veni,
2021 4568 2191 4614 trans-

601 4663 802 4700 eamus.
852 4646 999 4699 Alios
1042 4647 1257 4715 quidem
1311 4648 1377 4701 ad
1419 4658 1689 4705 certamen
1732 4662 2047 4720 provocant,
2094 4652 2187 4707 sed

599 4736 791 4791 eadem
819 4737 1113 4791 certamina
1136 4738 1233 4806 ipsi
1266 4738 1474 4807 priores
1496 4748 1725 4796 tentant.
1756 4739 1894 4807 Quid
1923 4757 2052 4797 vero
2078 4750 2181 4810 est,

601 4827 750 4896 quod
794 4829 957 4883 dicit:
991 4827 1119 4893 Qua:
1145 4840 1221 4883 est
1247 4839 1391 4885 trans
1430 4832 1596 4887 locum
1633 4832 1814 4887 illum?
1838 4833 1944 4889 Sed
1964 4835 2181 4904 quidam

606 4918 760 4973 locus
798 4919 849 4972 in
875 4930 1057 4975 sancta
1089 4920 1326 4976 Ecclesia
1351 4924 1556 4993 est,qui
1588 4926 1793 4993 magnis
1819 4927 2012 4996 prreliis
2030 4927 2183 4982 clau-

603 5022 720 5075 sus,
739 5023 842 5062 non
858 5011 1138 5076 expositus
1152 5021 1236 5065 est
1272 5011 1553 5068 Possidvre
1586 5015 1798 5081 quidem
1830 5018 1966 5071 bona
1993 5018 2184 5082 seculi,

603 5111 831 5153 uxorem
881 5099 1100 5164 ducere,
1151 5099 1287 5156 filios
1340 5118 1666 5171 procreare,
1710 5104 2069 5159 blandimenta
2116 5106 2183 5161 de

604 5187 858 5241 onmibus
882 5190 1045 5244 rebus
1072 5190 1233 5243 licatis
1261 5193 1577 5261 corporibus
1604 5193 1885 5259 exhibere,
1915 5210 1981 5249 eo
2010 5197 2183 5250 muni-

605 5286 719 5331 tum
751 5278 816 5333 ab
859 5278 1014 5334 hoste
1051 5296 1271 5335 manere
1301 5292 1403 5345 εει,
1430 5298 1536 5350 quo
1563 5283 1759 5351 aliquid
1795 5286 2098 5353 impositum
2128 5286 2183 5341 in

603 5385 673 5424 co
704 5372 893 5426 ordine
920 5373 1112 5442 positis
1138 5388 1425 5429 onerosum
1451 5388 1559 5427 non
1586 5383 1688 5428 est.
1715 5373 1822 5429 Sed
1847 5375 1987 5428 hunc
2010 5375 2183 5428 locum

605 5459 651 5513 si
679 5461 804 5528 quis
850 5462 1089 5516 melioris
1118 5464 1239 5516 vita:
1267 5462 1532 5517 desiderio
1559 5476 1816 5517 accensus
1843 5464 2071 5518 transire
2101 5464 2185 5517 iii-

609 5549 761 5615 titur,
790 5565 1013 5606 necesse
1044 5560 1128 5606 est
1152 5560 1209 5606 ut
1234 5550 1301 5606 ad
1339 5552 1649 5622 gravissima
1689 5554 1825 5609 bella
1867 5557 2028 5627 299
2055 5570 2189 5625 prte-

2292 4561 2546 4617 fcctionis
2576 4562 2875 4616 videamus.
2906 4558 3038 4614 Nam
3068 4560 3350 4629 sequitur:

2365 4652 2542 4721 (Vers.
2576 4652 2654 4722 9..)
2690 4651 2855 4705 Porro
2897 4650 3029 4706 Saul
3067 4650 3369 4705 morabatur
3394 4650 3451 4704 in
3479 4658 3711 4703 extrema
3734 4654 3855 4719 parte

2290 4741 2474 4797 Gabaa
2506 4752 2530 4780 ι
2561 4742 2653 4796 sub
2675 4743 2812 4795 malo
2840 4752 3081 4812 grauata,
3109 4756 3225 4811 qua
3253 4752 3363 4795 erat
3381 4744 3438 4794 in
3468 4740 3715 4811 Magron.

2356 4834 2410 4887 4.
2442 4832 2647 4901 Gabaa,
2671 4842 2728 4886 ut
2748 4833 2993 4897 diximus,
3018 4833 3171 4888 collis
3193 4834 3607 4902 interpretatur;
3639 4831 3855 4898 δίειμι-οη,

2286 4925 2355 4980 de
2376 4925 2531 4981 fauce
2550 4926 2764 4980 dicitur.
2799 4925 3189 4986 Prmdicatores
3208 4934 3391 4979 autem
3421 4924 3594 4979 sancti
3622 4923 3853 4977 sublimes

2286 5013 2447 5069 valde
2478 5023 2625 5079 sunt,
2660 5029 2766 5067 non
2789 5014 2963 5069 solum
2994 5028 3179 5083 opere,
3224 5013 3322 5068 sed
3362 5013 3527 5067 etiam
3549 5010 3852 5079 contempla

2286 5106 2454 5160 tione.
2486 5104 2737 5160 Extrema
2767 5118 2898 5174 ergo
2937 5120 3062 5175 pars
3101 5106 3201 5159 ista
3243 5104 3548 5159 sublimitas
3577 5113 3662 5159 est
3682 5102 3847 5171 operis,
3904 5124 3905 5127 η

2287 5198 2475 5251 intima
2504 5211 2637 5251 vero
2677 5197 2787 5263 illa,
2832 5196 3324 5267 contemplationis.
3368 5193 3473 5249 Per
3500 5196 3642 5248 hanc
3669 5192 3848 5261 quidem

2287 5296 2584 5343 extremam
2630 5297 2840 5357 partem
2887 5304 2997 5345 sum
3032 5287 3385 5352 celsitudinis,
3416 5286 3483 5340 ad
3512 5287 3802 5356 exemplum
3826 5295 3848 5332 ι

2288 5379 2445 5433 nobis
2474 5379 2911 5447 consiiiciuntur;
2941 5394 3037 5447 per
3058 5378 3203 5432 illam
3233 5392 3363 5431 vero
3390 5377 3657 5442 intimam,
3689 5375 3737 5429 in
3754 5385 3847 5425 ma-

2288 5480 2394 5538 gno
2410 5484 2596 5525 amore
2617 5469 2882 5525 conditori
2905 5470 3181 5537 conjuncti
3204 5476 3349 5523 sunt.
3370 5467 3480 5523 Hos
3494 5467 3585 5536 qui
3593 5466 3712 5521 dem
3724 5462 3848 5519 nobis

2290 5568 2532 5616 extrema
2581 5570 2732 5630 parte
2776 5560 3122 5618 sublimitatis
3159 5577 3273 5617 su-e
3313 5560 3576 5632 propheta
3606 5554 3849 5615 minutim

682 5717 705 5743 ⁸
753 5707 891 5763 Male
940 5708 1026 5763 hic
1057 5718 1111 5764 et
1134 5706 1269 5764 infra
1296 5708 1348 5763 in
1405 5708 1523 5764 aliis
1575 5707 1743 5765 Editis
1783 5710 1998 5780 legitur,
2046 5714 2181 5769 male
2220 5724 2441 5787 grauata
2472 5726 2527 5768 ct
2554 5716 2721 5767 malus
2749 5722 2989 5785 grauata.
