  <div class='ocr_page' id='page_1' title='image "/cluster/home/n/w/nwhite01/storage/ocr_20150623/79/uva.x000827091/190.png"; bbox 0 0 3962 6276; ppageno 0'>
   <div class='ocr_carea' id='block_1_1' title="bbox 198 260 2615 325">
    <p class='ocr_par' dir='ltr' id='par_1_1' title="bbox 198 260 2615 325">
     <span class='ocr_line' id='line_1_1' title="bbox 198 260 2615 325; baseline 0.004 -10"><span class='ocrx_word' id='word_1_1' title='bbox 198 264 284 316; x_wconf 65' lang='grc' dir='ltr'><strong>δύ]</strong></span> <span class='ocrx_word' id='word_1_2' title='bbox 1022 264 1084 317; x_wconf 74' lang='lat' dir='ltr'><strong>IN</strong></span> <span class='ocrx_word' id='word_1_3' title='bbox 1128 262 1392 318; x_wconf 76' lang='lat' dir='ltr'><strong>PRIMUM</strong></span> <span class='ocrx_word' id='word_1_4' title='bbox 1433 261 1674 318; x_wconf 68' lang='lat' dir='ltr'><strong>REGUM</strong></span> <span class='ocrx_word' id='word_1_5' title='bbox 1714 260 2238 322; x_wconf 75' lang='lat' dir='ltr'><strong>EXPOSITIONES.</strong></span> <span class='ocrx_word' id='word_1_6' title='bbox 2283 297 2347 309; x_wconf 81' lang='lat'><strong>—</strong></span> <span class='ocrx_word' id='word_1_7' title='bbox 2388 268 2511 323; x_wconf 82' lang='lat' dir='ltr'><strong>LIB.</strong></span> <span class='ocrx_word' id='word_1_8' title='bbox 2556 270 2615 325; x_wconf 85' lang='lat' dir='ltr'><strong>V.</strong></span> 
     </span>
    </p>
   </div>
   <div class='ocr_carea' id='block_1_2' title="bbox 3340 270 3452 332">
    <p class='ocr_par' dir='ltr' id='par_1_2' title="bbox 3340 270 3452 332">
     <span class='ocr_line' id='line_1_2' title="bbox 3340 270 3452 332; baseline 0.054 -6"><span class='ocrx_word' id='word_1_9' title='bbox 3340 270 3452 332; x_wconf 73' lang='grc'><strong>569.</strong></span> 
     </span>
    </p>
   </div>
   <div class='ocr_carea' id='block_1_3' title="bbox 189 371 3434 447">
    <p class='ocr_par' dir='ltr' id='par_1_3' title="bbox 189 371 3434 447">
     <span class='ocr_line' id='line_1_3' title="bbox 189 371 3434 447; baseline 0.003 -18"><span class='ocrx_word' id='word_1_10' title='bbox 189 372 457 438; x_wconf 83' lang='lat' dir='ltr'><strong>ostendit,</strong></span> <span class='ocrx_word' id='word_1_11' title='bbox 490 373 710 443; x_wconf 81' lang='lat' dir='ltr'><strong>quando</strong></span> <span class='ocrx_word' id='word_1_12' title='bbox 739 373 813 427; x_wconf 95' lang='lat' dir='ltr'><strong>ait</strong></span> <span class='ocrx_word' id='word_1_13' title='bbox 844 390 855 425; x_wconf 89' lang='lat'><strong>:</strong></span> <span class='ocrx_word' id='word_1_14' title='bbox 891 371 988 436; x_wconf 84' lang='lat' dir='ltr'><strong>Qui</strong></span> <span class='ocrx_word' id='word_1_15' title='bbox 1020 384 1137 428; x_wconf 77' lang='lat' dir='ltr'><strong>sunt</strong></span> <span class='ocrx_word' id='word_1_16' title='bbox 1166 376 1273 439; x_wconf 83' lang='lat' dir='ltr'><strong>isti,</strong></span> <span class='ocrx_word' id='word_1_17' title='bbox 1305 374 1390 443; x_wconf 85' lang='lat' dir='ltr'><strong>qui</strong></span> <span class='ocrx_word' id='word_1_18' title='bbox 1422 382 1478 426; x_wconf 84' lang='lat' dir='ltr'><strong>ut</strong></span> <span class='ocrx_word' id='word_1_19' title='bbox 1506 374 1663 427; x_wconf 78' lang='lat' dir='ltr'><strong>nubes</strong></span> <span class='ocrx_word' id='word_1_20' title='bbox 1692 389 1778 427; x_wconf 79' lang='lat' dir='ltr'><strong>ro-</strong></span> <span class='ocrx_word' id='word_1_21' title='bbox 1809 377 1853 433; x_wconf 73' lang='grc' dir='ltr'><strong>Α</strong></span> <span class='ocrx_word' id='word_1_22' title='bbox 1952 372 2004 426; x_wconf 85' lang='grc'><strong>6.</strong></span> <span class='ocrx_word' id='word_1_23' title='bbox 2034 374 2228 430; x_wconf 86' lang='lat' dir='ltr'><strong>Achias</strong></span> <span class='ocrx_word' id='word_1_24' title='bbox 2255 392 2483 447; x_wconf 84' lang='lat' dir='ltr'><strong>namque</strong></span> <span class='ocrx_word' id='word_1_25' title='bbox 2508 379 2868 432; x_wconf 52' lang='lat' dir='ltr'><strong>umbraculum</strong></span> <span class='ocrx_word' id='word_1_26' title='bbox 2894 386 3076 434; x_wconf 89' lang='lat' dir='ltr'><strong>nostro</strong></span> <span class='ocrx_word' id='word_1_27' title='bbox 3104 395 3353 439; x_wconf 83' lang='lat' dir='ltr'><strong>sermone</strong></span> <span class='ocrx_word' id='word_1_28' title='bbox 3383 388 3434 440; x_wconf 91' lang='lat' dir='ltr'><strong>di</strong></span> 
     </span>
    </p>
   </div>
   <div class='ocr_carea' id='block_1_4' title="bbox 188 462 1776 536">
    <p class='ocr_par' dir='ltr' id='par_1_4' title="bbox 188 462 1776 536">
     <span class='ocr_line' id='line_1_4' title="bbox 188 462 1776 536; baseline -0.003 -16"><span class='ocrx_word' id='word_1_29' title='bbox 188 471 318 529; x_wconf 81' lang='lat' dir='ltr'><strong>lant,</strong></span> <span class='ocrx_word' id='word_1_30' title='bbox 344 474 395 518; x_wconf 81' lang='lat' dir='ltr'><strong>et</strong></span> <span class='ocrx_word' id='word_1_31' title='bbox 421 466 572 536; x_wconf 75' lang='lat' dir='ltr'><strong>quasi</strong></span> <span class='ocrx_word' id='word_1_32' title='bbox 595 463 841 518; x_wconf 77' lang='lat' dir='ltr'><strong>columba:</strong></span> <span class='ocrx_word' id='word_1_33' title='bbox 863 464 931 516; x_wconf 88' lang='lat' dir='ltr'><strong>ad</strong></span> <span class='ocrx_word' id='word_1_34' title='bbox 957 466 1209 534; x_wconf 70' lang='lat' dir='ltr'><strong>fenestras</strong></span> <span class='ocrx_word' id='word_1_35' title='bbox 1234 464 1393 517; x_wconf 70' lang='lat' dir='ltr'><strong>suae?</strong></span> <span class='ocrx_word' id='word_1_36' title='bbox 1420 462 1556 533; x_wconf 80' lang='lat' dir='ltr'><strong>(lsa.</strong></span> <span class='ocrx_word' id='word_1_37' title='bbox 1584 479 1673 528; x_wconf 77' lang='lat' dir='ltr'><strong>1.x,</strong></span> <span class='ocrx_word' id='word_1_38' title='bbox 1697 462 1776 530; x_wconf 90' lang='lat'><strong>8.)</strong></span> 
     </span>
    </p>
   </div>
   <div class='ocr_carea' id='block_1_5' title="bbox 188 553 1778 626">
    <p class='ocr_par' dir='ltr' id='par_1_5' title="bbox 188 553 1778 626">
     <span class='ocr_line' id='line_1_5' title="bbox 188 553 1778 626; baseline -0.005 -13"><span class='ocrx_word' id='word_1_39' title='bbox 188 558 385 613; x_wconf 80' lang='lat' dir='ltr'><strong>Volant</strong></span> <span class='ocrx_word' id='word_1_40' title='bbox 428 556 634 626; x_wconf 83' lang='lat' dir='ltr'><strong>quippe</strong></span> <span class='ocrx_word' id='word_1_41' title='bbox 664 563 722 610; x_wconf 93' lang='lat' dir='ltr'><strong>ut</strong></span> <span class='ocrx_word' id='word_1_42' title='bbox 768 554 937 609; x_wconf 89' lang='lat' dir='ltr'><strong>nubes</strong></span> <span class='ocrx_word' id='word_1_43' title='bbox 982 570 995 607; x_wconf 90' lang='lat'><strong>:</strong></span> <span class='ocrx_word' id='word_1_44' title='bbox 1036 556 1161 623; x_wconf 86' lang='lat' dir='ltr'><strong>quia</strong></span> <span class='ocrx_word' id='word_1_45' title='bbox 1208 570 1238 608; x_wconf 90' lang='lat' dir='ltr'><strong>a</strong></span> <span class='ocrx_word' id='word_1_46' title='bbox 1284 553 1574 623; x_wconf 72' lang='lat' dir='ltr'><strong>gravedine</strong></span> <span class='ocrx_word' id='word_1_47' title='bbox 1611 553 1778 619; x_wconf 65' lang='lat' dir='ltr'><strong>culpa:</strong></span> 
     </span>
    </p>
   </div>
   <div class='ocr_carea' id='block_1_6' title="bbox 184 643 1778 715">
    <p class='ocr_par' dir='ltr' id='par_1_6' title="bbox 184 643 1778 715">
     <span class='ocr_line' id='line_1_6' title="bbox 184 643 1778 715; baseline -0.006 -11"><span class='ocrx_word' id='word_1_48' title='bbox 184 658 311 704; x_wconf 89' lang='lat' dir='ltr'><strong>sunt</strong></span> <span class='ocrx_word' id='word_1_49' title='bbox 354 648 525 714; x_wconf 82' lang='lat' dir='ltr'><strong>leves,</strong></span> <span class='ocrx_word' id='word_1_50' title='bbox 555 654 613 701; x_wconf 90' lang='lat' dir='ltr'><strong>et</strong></span> <span class='ocrx_word' id='word_1_51' title='bbox 640 644 814 715; x_wconf 87' lang='lat' dir='ltr'><strong>gratia</strong></span> <span class='ocrx_word' id='word_1_52' title='bbox 858 644 1033 699; x_wconf 91' lang='lat' dir='ltr'><strong>sancti</strong></span> <span class='ocrx_word' id='word_1_53' title='bbox 1071 643 1301 714; x_wconf 76' lang='lat' dir='ltr'><strong>Spiritus</strong></span> <span class='ocrx_word' id='word_1_54' title='bbox 1349 644 1402 697; x_wconf 93' lang='lat' dir='ltr'><strong>in</strong></span> <span class='ocrx_word' id='word_1_55' title='bbox 1439 643 1584 698; x_wconf 89' lang='lat' dir='ltr'><strong>bono</strong></span> <span class='ocrx_word' id='word_1_56' title='bbox 1613 656 1778 711; x_wconf 76' lang='lat' dir='ltr'><strong>opere</strong></span> 
     </span>
    </p>
   </div>
   <div class='ocr_carea' id='block_1_7' title="bbox 184 732 1777 806">
    <p class='ocr_par' dir='ltr' id='par_1_7' title="bbox 184 732 1777 806">
     <span class='ocr_line' id='line_1_7' title="bbox 184 732 1777 806; baseline -0.009 -8"><span class='ocrx_word' id='word_1_57' title='bbox 184 742 419 798; x_wconf 84' lang='lat' dir='ltr'><strong>veloces.</strong></span> <span class='ocrx_word' id='word_1_58' title='bbox 450 740 617 806; x_wconf 84' lang='lat' dir='ltr'><strong>Quasi</strong></span> <span class='ocrx_word' id='word_1_59' title='bbox 637 737 898 793; x_wconf 68' lang='lat' dir='ltr'><strong>columbte</strong></span> <span class='ocrx_word' id='word_1_60' title='bbox 934 752 1067 791; x_wconf 87' lang='lat' dir='ltr'><strong>vero</strong></span> <span class='ocrx_word' id='word_1_61' title='bbox 1097 744 1222 789; x_wconf 77' lang='lat' dir='ltr'><strong>sunt</strong></span> <span class='ocrx_word' id='word_1_62' title='bbox 1248 734 1313 789; x_wconf 89' lang='lat' dir='ltr'><strong>ad</strong></span> <span class='ocrx_word' id='word_1_63' title='bbox 1342 734 1624 799; x_wconf 80' lang='lat' dir='ltr'><strong>fenestras,</strong></span> <span class='ocrx_word' id='word_1_64' title='bbox 1654 732 1777 801; x_wconf 84' lang='lat' dir='ltr'><strong>quia</strong></span> 
     </span>
    </p>
   </div>
   <div class='ocr_carea' id='block_1_8' title="bbox 186 824 1776 903">
    <p class='ocr_par' dir='ltr' id='par_1_8' title="bbox 186 824 1776 903">
     <span class='ocr_line' id='line_1_8' title="bbox 186 824 1776 903; baseline -0.007 -14"><span class='ocrx_word' id='word_1_65' title='bbox 186 836 251 889; x_wconf 86' lang='lat' dir='ltr'><strong>ad</strong></span> <span class='ocrx_word' id='word_1_66' title='bbox 282 834 593 903; x_wconf 76' lang='lat' dir='ltr'><strong>exemplum</strong></span> <span class='ocrx_word' id='word_1_67' title='bbox 614 846 711 901; x_wconf 90' lang='lat' dir='ltr'><strong>per</strong></span> <span class='ocrx_word' id='word_1_68' title='bbox 737 830 877 885; x_wconf 88' lang='lat' dir='ltr'><strong>bona</strong></span> <span class='ocrx_word' id='word_1_69' title='bbox 906 844 1069 894; x_wconf 79' lang='lat' dir='ltr'><strong>Opera</strong></span> <span class='ocrx_word' id='word_1_70' title='bbox 1099 842 1159 882; x_wconf 92' lang='lat' dir='ltr'><strong>se</strong></span> <span class='ocrx_word' id='word_1_71' title='bbox 1186 826 1362 893; x_wconf 90' lang='lat' dir='ltr'><strong>nobis,</strong></span> <span class='ocrx_word' id='word_1_72' title='bbox 1392 826 1545 895; x_wconf 88' lang='lat' dir='ltr'><strong>quasi</strong></span> <span class='ocrx_word' id='word_1_73' title='bbox 1572 840 1668 895; x_wconf 92' lang='lat' dir='ltr'><strong>per</strong></span> <span class='ocrx_word' id='word_1_74' title='bbox 1693 824 1776 878; x_wconf 86' lang='lat' dir='ltr'><strong>fo-</strong></span> 
     </span>
    </p>
   </div>
   <div class='ocr_carea' id='block_1_9' title="bbox 184 915 1777 994">
    <p class='ocr_par' dir='ltr' id='par_1_9' title="bbox 184 915 1777 994">
     <span class='ocr_line' id='line_1_9' title="bbox 184 915 1777 994; baseline -0.008 -13"><span class='ocrx_word' id='word_1_75' title='bbox 184 927 393 981; x_wconf 87' lang='lat' dir='ltr'><strong>ramina</strong></span> <span class='ocrx_word' id='word_1_76' title='bbox 417 924 720 994; x_wconf 64' lang='lat' dir='ltr'><strong>porrigunt,</strong></span> <span class='ocrx_word' id='word_1_77' title='bbox 743 921 834 975; x_wconf 80' lang='lat' dir='ltr'><strong>sed</strong></span> <span class='ocrx_word' id='word_1_78' title='bbox 852 921 920 974; x_wconf 92' lang='lat' dir='ltr'><strong>de</strong></span> <span class='ocrx_word' id='word_1_79' title='bbox 937 927 1153 974; x_wconf 89' lang='lat' dir='ltr'><strong>ostensa</strong></span> <span class='ocrx_word' id='word_1_80' title='bbox 1171 918 1292 972; x_wconf 80' lang='lat' dir='ltr'><strong>vitae</strong></span> <span class='ocrx_word' id='word_1_81' title='bbox 1314 915 1777 980; x_wconf 77' lang='lat' dir='ltr'><strong>munditia,laud?s</strong></span> 
     </span>
    </p>
   </div>
   <div class='ocr_carea' id='block_1_10' title="bbox 186 1006 1778 1088">
    <p class='ocr_par' dir='ltr' id='par_1_10' title="bbox 186 1006 1778 1088">
     <span class='ocr_line' id='line_1_10' title="bbox 186 1006 1778 1088; baseline -0.007 -16"><span class='ocrx_word' id='word_1_82' title='bbox 186 1018 432 1088; x_wconf 87' lang='lat' dir='ltr'><strong>appetitu</strong></span> <span class='ocrx_word' id='word_1_83' title='bbox 456 1028 796 1084; x_wconf 84' lang='lat' dir='ltr'><strong>nequaquam</strong></span> <span class='ocrx_word' id='word_1_84' title='bbox 820 1012 981 1082; x_wconf 81' lang='lat'><strong>300</strong></span> <span class='ocrx_word' id='word_1_85' title='bbox 999 1011 1299 1080; x_wconf 87' lang='lat' dir='ltr'><strong>capiuntur.</strong></span> <span class='ocrx_word' id='word_1_86' title='bbox 1318 1009 1422 1064; x_wconf 80' lang='lat' dir='ltr'><strong>Sed</strong></span> <span class='ocrx_word' id='word_1_87' title='bbox 1440 1016 1495 1063; x_wconf 92' lang='lat' dir='ltr'><strong>et</strong></span> <span class='ocrx_word' id='word_1_88' title='bbox 1516 1010 1614 1062; x_wconf 92' lang='lat' dir='ltr'><strong>sub</strong></span> <span class='ocrx_word' id='word_1_89' title='bbox 1635 1006 1778 1061; x_wconf 90' lang='lat' dir='ltr'><strong>malo</strong></span> 
     </span>
    </p>
   </div>
   <div class='ocr_carea' id='block_1_11' title="bbox 184 1100 1778 1180">
    <p class='ocr_par' dir='ltr' id='par_1_11' title="bbox 184 1100 1778 1180">
     <span class='ocr_line' id='line_1_11' title="bbox 184 1100 1778 1180; baseline -0.008 -15"><span class='ocrx_word' id='word_1_90' title='bbox 184 1118 413 1180; x_wconf 78' lang='lat' dir='ltr'><strong>grana&#39;o</strong></span> <span class='ocrx_word' id='word_1_91' title='bbox 439 1124 532 1164; x_wconf 78' lang='lat' dir='ltr'><strong>rex</strong></span> <span class='ocrx_word' id='word_1_92' title='bbox 556 1106 793 1170; x_wconf 83' lang='lat' dir='ltr'><strong>residet;</strong></span> <span class='ocrx_word' id='word_1_93' title='bbox 818 1106 941 1172; x_wconf 82' lang='lat' dir='ltr'><strong>quia</strong></span> <span class='ocrx_word' id='word_1_94' title='bbox 964 1105 1016 1158; x_wconf 90' lang='lat' dir='ltr'><strong>in</strong></span> <span class='ocrx_word' id='word_1_95' title='bbox 1039 1103 1226 1158; x_wconf 89' lang='lat' dir='ltr'><strong>umbra</strong></span> <span class='ocrx_word' id='word_1_96' title='bbox 1247 1100 1623 1170; x_wconf 72' lang='lat' dir='ltr'><strong>Redemptoris</strong></span> <span class='ocrx_word' id='word_1_97' title='bbox 1642 1115 1778 1169; x_wconf 70' lang='lat' dir='ltr'><strong>pne-</strong></span> 
     </span>
    </p>
   </div>
   <div class='ocr_carea' id='block_1_12' title="bbox 185 1189 1773 1266">
    <p class='ocr_par' dir='ltr' id='par_1_12' title="bbox 185 1189 1773 1266">
     <span class='ocr_line' id='line_1_12' title="bbox 185 1189 1773 1266; baseline -0.007 -11"><span class='ocrx_word' id='word_1_98' title='bbox 185 1201 401 1255; x_wconf 86' lang='lat' dir='ltr'><strong>dicator</strong></span> <span class='ocrx_word' id='word_1_99' title='bbox 412 1197 654 1266; x_wconf 89' lang='lat' dir='ltr'><strong>requiem</strong></span> <span class='ocrx_word' id='word_1_100' title='bbox 672 1196 852 1250; x_wconf 84' lang='lat' dir='ltr'><strong>habet.</strong></span> <span class='ocrx_word' id='word_1_101' title='bbox 867 1193 1059 1265; x_wconf 84' lang='lat' dir='ltr'><strong>Magno</strong></span> <span class='ocrx_word' id='word_1_102' title='bbox 1070 1192 1286 1261; x_wconf 68' lang='lat' dir='ltr'><strong>quidem</strong></span> <span class='ocrx_word' id='word_1_103' title='bbox 1301 1192 1487 1247; x_wconf 89' lang='lat' dir='ltr'><strong>labore</strong></span> <span class='ocrx_word' id='word_1_104' title='bbox 1500 1189 1773 1259; x_wconf 74' lang='lat' dir='ltr'><strong>fatigatur,</strong></span> 
     </span>
    </p>
   </div>
   <div class='ocr_carea' id='block_1_13' title="bbox 182 1279 1780 1347">
    <p class='ocr_par' dir='ltr' id='par_1_13' title="bbox 182 1279 1780 1347">
     <span class='ocr_line' id='line_1_13' title="bbox 182 1279 1780 1347; baseline -0.008 0"><span class='ocrx_word' id='word_1_105' title='bbox 182 1288 281 1347; x_wconf 87' lang='lat' dir='ltr'><strong>sed</strong></span> <span class='ocrx_word' id='word_1_106' title='bbox 308 1287 599 1342; x_wconf 82' lang='lat' dir='ltr'><strong>verborum</strong></span> <span class='ocrx_word' id='word_1_107' title='bbox 624 1283 837 1338; x_wconf 85' lang='lat' dir='ltr'><strong>Domini</strong></span> <span class='ocrx_word' id='word_1_108' title='bbox 861 1281 1232 1337; x_wconf 89' lang='lat' dir='ltr'><strong>consolatione</strong></span> <span class='ocrx_word' id='word_1_109' title='bbox 1258 1281 1516 1335; x_wconf 88' lang='lat' dir='ltr'><strong>reficitur.</strong></span> <span class='ocrx_word' id='word_1_110' title='bbox 1548 1279 1703 1335; x_wconf 88' lang='lat' dir='ltr'><strong>Unde</strong></span> <span class='ocrx_word' id='word_1_111' title='bbox 1723 1288 1780 1336; x_wconf 91' lang='lat' dir='ltr'><strong>et</strong></span> 
     </span>
    </p>
   </div>
   <div class='ocr_carea' id='block_1_14' title="bbox 182 1368 1777 1441">
    <p class='ocr_par' dir='ltr' id='par_1_14' title="bbox 182 1368 1777 1441">
     <span class='ocr_line' id='line_1_14' title="bbox 182 1368 1777 1441; baseline -0.007 -9"><span class='ocrx_word' id='word_1_112' title='bbox 182 1376 377 1433; x_wconf 88' lang='lat' dir='ltr'><strong>eadem</strong></span> <span class='ocrx_word' id='word_1_113' title='bbox 405 1375 579 1429; x_wconf 84' lang='lat' dir='ltr'><strong>malus</strong></span> <span class='ocrx_word' id='word_1_114' title='bbox 613 1374 774 1427; x_wconf 90' lang='lat' dir='ltr'><strong>arbor</strong></span> <span class='ocrx_word' id='word_1_115' title='bbox 801 1372 854 1425; x_wconf 94' lang='lat' dir='ltr'><strong>in</strong></span> <span class='ocrx_word' id='word_1_116' title='bbox 884 1386 949 1426; x_wconf 92' lang='lat' dir='ltr'><strong>eo</strong></span> <span class='ocrx_word' id='word_1_117' title='bbox 976 1370 1128 1435; x_wconf 90' lang='lat' dir='ltr'><strong>loco,</strong></span> <span class='ocrx_word' id='word_1_118' title='bbox 1159 1369 1253 1441; x_wconf 90' lang='lat' dir='ltr'><strong>qui</strong></span> <span class='ocrx_word' id='word_1_119' title='bbox 1275 1369 1343 1425; x_wconf 90' lang='lat' dir='ltr'><strong>de</strong></span> <span class='ocrx_word' id='word_1_120' title='bbox 1383 1369 1536 1425; x_wconf 81' lang='lat' dir='ltr'><strong>fauce</strong></span> <span class='ocrx_word' id='word_1_121' title='bbox 1562 1368 1777 1437; x_wconf 87' lang='lat' dir='ltr'><strong>dicitur,</strong></span> 
     </span>
    </p>
   </div>
   <div class='ocr_carea' id='block_1_15' title="bbox 184 1458 1779 1537">
    <p class='ocr_par' dir='ltr' id='par_1_15' title="bbox 184 1458 1779 1537">
     <span class='ocr_line' id='line_1_15' title="bbox 184 1458 1779 1537; baseline -0.006 -15"><span class='ocrx_word' id='word_1_122' title='bbox 184 1467 387 1522; x_wconf 88' lang='lat' dir='ltr'><strong>morari</strong></span> <span class='ocrx_word' id='word_1_123' title='bbox 417 1463 748 1537; x_wconf 86' lang='lat' dir='ltr'><strong>perhibetur.</strong></span> <span class='ocrx_word' id='word_1_124' title='bbox 774 1460 911 1528; x_wconf 82' lang='lat' dir='ltr'><strong>Quid</strong></span> <span class='ocrx_word' id='word_1_125' title='bbox 935 1461 1078 1516; x_wconf 91' lang='lat' dir='ltr'><strong>enim</strong></span> <span class='ocrx_word' id='word_1_126' title='bbox 1098 1461 1202 1515; x_wconf 87' lang='lat' dir='ltr'><strong>hoc</strong></span> <span class='ocrx_word' id='word_1_127' title='bbox 1222 1460 1345 1515; x_wconf 90' lang='lat' dir='ltr'><strong>loco</strong></span> <span class='ocrx_word' id='word_1_128' title='bbox 1368 1459 1512 1514; x_wconf 85' lang='lat' dir='ltr'><strong>istud</strong></span> <span class='ocrx_word' id='word_1_129' title='bbox 1533 1458 1600 1513; x_wconf 91' lang='lat' dir='ltr'><strong>de</strong></span> <span class='ocrx_word' id='word_1_130' title='bbox 1622 1458 1779 1513; x_wconf 79' lang='lat' dir='ltr'><strong>fauce</strong></span> 
     </span>
    </p>
   </div>
   <div class='ocr_carea' id='block_1_16' title="bbox 182 1548 1778 1625">
    <p class='ocr_par' dir='ltr' id='par_1_16' title="bbox 182 1548 1778 1625">
     <span class='ocr_line' id='line_1_16' title="bbox 182 1548 1778 1625; baseline -0.006 -13"><span class='ocrx_word' id='word_1_131' title='bbox 182 1558 384 1613; x_wconf 79' lang='lat' dir='ltr'><strong>dicitur</strong></span> <span class='ocrx_word' id='word_1_132' title='bbox 412 1555 592 1625; x_wconf 86' lang='lat' dir='ltr'><strong>aptius</strong></span> <span class='ocrx_word' id='word_1_133' title='bbox 606 1567 768 1623; x_wconf 91' lang='lat' dir='ltr'><strong>quam</strong></span> <span class='ocrx_word' id='word_1_134' title='bbox 790 1552 963 1607; x_wconf 83' lang='lat' dir='ltr'><strong>sancti</strong></span> <span class='ocrx_word' id='word_1_135' title='bbox 981 1550 1252 1619; x_wconf 78' lang='lat' dir='ltr'><strong>Evangelii</strong></span> <span class='ocrx_word' id='word_1_136' title='bbox 1281 1550 1506 1605; x_wconf 74' lang='lat' dir='ltr'><strong>dulcedo</strong></span> <span class='ocrx_word' id='word_1_137' title='bbox 1529 1548 1778 1618; x_wconf 86' lang='lat' dir='ltr'><strong>designa-</strong></span> 
     </span>
    </p>
   </div>
   <div class='ocr_carea' id='block_1_17' title="bbox 184 1640 1779 1710">
    <p class='ocr_par' dir='ltr' id='par_1_17' title="bbox 184 1640 1779 1710">
     <span class='ocr_line' id='line_1_17' title="bbox 184 1640 1779 1710; baseline -0.004 -8"><span class='ocrx_word' id='word_1_138' title='bbox 184 1649 309 1702; x_wconf 80' lang='lat' dir='ltr'><strong>tur?</strong></span> <span class='ocrx_word' id='word_1_139' title='bbox 338 1647 430 1702; x_wconf 88' lang='lat' dir='ltr'><strong>Sic</strong></span> <span class='ocrx_word' id='word_1_140' title='bbox 469 1645 611 1701; x_wconf 90' lang='lat' dir='ltr'><strong>enim</strong></span> <span class='ocrx_word' id='word_1_141' title='bbox 658 1658 797 1698; x_wconf 92' lang='lat' dir='ltr'><strong>nunc</strong></span> <span class='ocrx_word' id='word_1_142' title='bbox 848 1641 1045 1697; x_wconf 91' lang='lat' dir='ltr'><strong>morari</strong></span> <span class='ocrx_word' id='word_1_143' title='bbox 1095 1641 1150 1696; x_wconf 92' lang='lat' dir='ltr'><strong>in</strong></span> <span class='ocrx_word' id='word_1_144' title='bbox 1178 1641 1365 1696; x_wconf 90' lang='lat' dir='ltr'><strong>umbra</strong></span> <span class='ocrx_word' id='word_1_145' title='bbox 1398 1640 1779 1710; x_wconf 76' lang='lat' dir='ltr'><strong>Redemptoris</strong></span> 
     </span>
    </p>
   </div>
   <div class='ocr_carea' id='block_1_18' title="bbox 184 1818 1779 1895">
    <p class='ocr_par' dir='ltr' id='par_1_18' title="bbox 184 1818 1779 1895">
     <span class='ocr_line' id='line_1_18' title="bbox 184 1818 1779 1895; baseline -0.004 -14"><span class='ocrx_word' id='word_1_146' title='bbox 184 1828 257 1881; x_wconf 91' lang='lat' dir='ltr'><strong>de</strong></span> <span class='ocrx_word' id='word_1_147' title='bbox 288 1826 705 1895; x_wconf 79' lang='lat' dir='ltr'><strong>Evangeliorum</strong></span> <span class='ocrx_word' id='word_1_148' title='bbox 746 1821 1095 1877; x_wconf 78' lang='lat' dir='ltr'><strong>meditatione</strong></span> <span class='ocrx_word' id='word_1_149' title='bbox 1122 1821 1416 1890; x_wconf 81' lang='lat' dir='ltr'><strong>capiamus.</strong></span> <span class='ocrx_word' id='word_1_150' title='bbox 1447 1818 1555 1874; x_wconf 88' lang='lat' dir='ltr'><strong>Sed</strong></span> <span class='ocrx_word' id='word_1_151' title='bbox 1596 1820 1649 1873; x_wconf 93' lang='lat' dir='ltr'><strong>in</strong></span> <span class='ocrx_word' id='word_1_152' title='bbox 1677 1820 1779 1875; x_wconf 90' lang='lat' dir='ltr'><strong>hoc</strong></span> 
     </span>
    </p>
   </div>
   <div class='ocr_carea' id='block_1_19' title="bbox 183 1912 1780 1984">
    <p class='ocr_par' dir='ltr' id='par_1_19' title="bbox 183 1912 1780 1984">
     <span class='ocr_line' id='line_1_19' title="bbox 183 1912 1780 1984; baseline -0.003 -12"><span class='ocrx_word' id='word_1_153' title='bbox 183 1917 426 1972; x_wconf 86' lang='lat' dir='ltr'><strong>residere</strong></span> <span class='ocrx_word' id='word_1_154' title='bbox 448 1914 685 1984; x_wconf 91' lang='lat' dir='ltr'><strong>quietius</strong></span> <span class='ocrx_word' id='word_1_155' title='bbox 707 1912 1085 1983; x_wconf 63' lang='lat' dir='ltr'><strong>praedicatores</strong></span> <span class='ocrx_word' id='word_1_156' title='bbox 1107 1920 1350 1982; x_wconf 91' lang='lat' dir='ltr'><strong>possunt,</strong></span> <span class='ocrx_word' id='word_1_157' title='bbox 1369 1912 1459 1981; x_wconf 88' lang='lat' dir='ltr'><strong>qui</strong></span> <span class='ocrx_word' id='word_1_158' title='bbox 1488 1927 1596 1980; x_wconf 88' lang='lat' dir='ltr'><strong>quo</strong></span> <span class='ocrx_word' id='word_1_159' title='bbox 1622 1912 1780 1967; x_wconf 85' lang='lat' dir='ltr'><strong>altius</strong></span> 
     </span>
    </p>
   </div>
   <div class='ocr_carea' id='block_1_20' title="bbox 181 2002 1778 2091">
    <p class='ocr_par' dir='ltr' id='par_1_20' title="bbox 181 2002 1778 2091">
     <span class='ocr_line' id='line_1_20' title="bbox 181 2002 1778 2091; baseline -0.004 -30"><span class='ocrx_word' id='word_1_160' title='bbox 181 2016 245 2061; x_wconf 87' lang='lat' dir='ltr'><strong>et</strong></span> <span class='ocrx_word' id='word_1_161' title='bbox 274 2005 496 2076; x_wconf 86' lang='lat' dir='ltr'><strong>propius</strong></span> <span class='ocrx_word' id='word_1_162' title='bbox 516 2004 643 2059; x_wconf 91' lang='lat' dir='ltr'><strong>illud</strong></span> <span class='ocrx_word' id='word_1_163' title='bbox 664 2004 856 2059; x_wconf 71' lang='lat' dir='ltr'><strong>divina:</strong></span> <span class='ocrx_word' id='word_1_164' title='bbox 878 2003 1046 2057; x_wconf 84' lang='lat' dir='ltr'><strong>faucis</strong></span> <span class='ocrx_word' id='word_1_165' title='bbox 1079 2003 1293 2057; x_wconf 68' lang='lat' dir='ltr'><strong>verbum</strong></span> <span class='ocrx_word' id='word_1_166' title='bbox 1315 2002 1632 2072; x_wconf 88' lang='lat' dir='ltr'><strong>suscipiunt,</strong></span> <span class='ocrx_word' id='word_1_167' title='bbox 1659 2002 1778 2091; x_wconf 70' lang='lat' dir='ltr'><strong>dul-</strong></span> 
     </span>
    </p>
   </div>
   <div class='ocr_carea' id='block_1_21' title="bbox 182 2090 1779 2164">
    <p class='ocr_par' dir='ltr' id='par_1_21' title="bbox 182 2090 1779 2164">
     <span class='ocr_line' id='line_1_21' title="bbox 182 2090 1779 2164; baseline -0.004 -12"><span class='ocrx_word' id='word_1_168' title='bbox 182 2096 305 2152; x_wconf 82' lang='lat' dir='ltr'><strong>cius</strong></span> <span class='ocrx_word' id='word_1_169' title='bbox 352 2096 686 2164; x_wconf 76' lang='lat' dir='ltr'><strong>saginantur.</strong></span> <span class='ocrx_word' id='word_1_170' title='bbox 731 2093 858 2147; x_wconf 57' lang='lat' dir='ltr'><strong>llic</strong></span> <span class='ocrx_word' id='word_1_171' title='bbox 887 2092 1047 2147; x_wconf 89' lang='lat' dir='ltr'><strong>etiam</strong></span> <span class='ocrx_word' id='word_1_172' title='bbox 1088 2107 1263 2148; x_wconf 88' lang='lat' dir='ltr'><strong>causa.</strong></span> <span class='ocrx_word' id='word_1_173' title='bbox 1293 2099 1377 2148; x_wconf 89' lang='lat' dir='ltr'><strong>est</strong></span> <span class='ocrx_word' id='word_1_174' title='bbox 1405 2106 1511 2161; x_wconf 90' lang='lat' dir='ltr'><strong>qua</strong></span> <span class='ocrx_word' id='word_1_175' title='bbox 1536 2108 1629 2146; x_wconf 81' lang='lat' dir='ltr'><strong>rex</strong></span> <span class='ocrx_word' id='word_1_176' title='bbox 1650 2090 1779 2146; x_wconf 91' lang='lat' dir='ltr'><strong>Saul</strong></span> 
     </span>
    </p>
   </div>
   <div class='ocr_carea' id='block_1_22' title="bbox 182 2182 1775 2255">
    <p class='ocr_par' dir='ltr' id='par_1_22' title="bbox 182 2182 1775 2255">
     <span class='ocr_line' id='line_1_22' title="bbox 182 2182 1775 2255; baseline -0.004 -13"><span class='ocrx_word' id='word_1_177' title='bbox 182 2198 297 2242; x_wconf 83' lang='lat' dir='ltr'><strong>non</strong></span> <span class='ocrx_word' id='word_1_178' title='bbox 326 2198 471 2243; x_wconf 90' lang='lat' dir='ltr'><strong>stare</strong></span> <span class='ocrx_word' id='word_1_179' title='bbox 489 2227 504 2253; x_wconf 92' lang='lat'><strong>,</strong></span> <span class='ocrx_word' id='word_1_180' title='bbox 535 2200 710 2255; x_wconf 90' lang='lat' dir='ltr'><strong>neque</strong></span> <span class='ocrx_word' id='word_1_181' title='bbox 736 2184 959 2247; x_wconf 85' lang='lat' dir='ltr'><strong>sedere,</strong></span> <span class='ocrx_word' id='word_1_182' title='bbox 996 2182 1093 2238; x_wconf 88' lang='lat' dir='ltr'><strong>sed</strong></span> <span class='ocrx_word' id='word_1_183' title='bbox 1118 2183 1318 2238; x_wconf 90' lang='lat' dir='ltr'><strong>morari</strong></span> <span class='ocrx_word' id='word_1_184' title='bbox 1346 2182 1445 2237; x_wconf 89' lang='lat' dir='ltr'><strong>sub</strong></span> <span class='ocrx_word' id='word_1_185' title='bbox 1489 2183 1627 2237; x_wconf 86' lang='lat' dir='ltr'><strong>malo</strong></span> <span class='ocrx_word' id='word_1_186' title='bbox 1654 2196 1775 2251; x_wconf 86' lang='lat' dir='ltr'><strong>gra-</strong></span> 
     </span>
    </p>
   </div>
   <div class='ocr_carea' id='block_1_23' title="bbox 184 2271 1778 2345">
    <p class='ocr_par' dir='ltr' id='par_1_23' title="bbox 184 2271 1778 2345">
     <span class='ocr_line' id='line_1_23' title="bbox 184 2271 1778 2345; baseline -0.004 -12"><span class='ocrx_word' id='word_1_187' title='bbox 184 2287 318 2333; x_wconf 85' lang='lat' dir='ltr'><strong>nato</strong></span> <span class='ocrx_word' id='word_1_188' title='bbox 368 2278 421 2331; x_wconf 91' lang='lat' dir='ltr'><strong>in</strong></span> <span class='ocrx_word' id='word_1_189' title='bbox 464 2275 683 2345; x_wconf 76' lang='lat' dir='ltr'><strong>Magron</strong></span> <span class='ocrx_word' id='word_1_190' title='bbox 721 2274 943 2339; x_wconf 88' lang='lat' dir='ltr'><strong>dicitur;</strong></span> <span class='ocrx_word' id='word_1_191' title='bbox 975 2274 1100 2342; x_wconf 88' lang='lat' dir='ltr'><strong>quia</strong></span> <span class='ocrx_word' id='word_1_192' title='bbox 1144 2273 1416 2342; x_wconf 65' lang='lat' dir='ltr'><strong>perfrctus</strong></span> <span class='ocrx_word' id='word_1_193' title='bbox 1453 2272 1643 2327; x_wconf 87' lang='lat' dir='ltr'><strong>doctor</strong></span> <span class='ocrx_word' id='word_1_194' title='bbox 1684 2271 1778 2326; x_wconf 88' lang='lat' dir='ltr'><strong>Dei</strong></span> 
     </span>
    </p>
   </div>
   <div class='ocr_carea' id='block_1_24' title="bbox 186 2362 1779 2433">
    <p class='ocr_par' dir='ltr' id='par_1_24' title="bbox 186 2362 1779 2433">
     <span class='ocr_line' id='line_1_24' title="bbox 186 2362 1779 2433; baseline -0.003 -11"><span class='ocrx_word' id='word_1_195' title='bbox 186 2367 441 2422; x_wconf 88' lang='lat' dir='ltr'><strong>docibilis</strong></span> <span class='ocrx_word' id='word_1_196' title='bbox 471 2375 553 2421; x_wconf 90' lang='lat' dir='ltr'><strong>est</strong></span> <span class='ocrx_word' id='word_1_197' title='bbox 586 2383 599 2419; x_wconf 90' lang='lat'><strong>:</strong></span> <span class='ocrx_word' id='word_1_198' title='bbox 625 2372 681 2419; x_wconf 91' lang='lat' dir='ltr'><strong>et</strong></span> <span class='ocrx_word' id='word_1_199' title='bbox 707 2366 832 2419; x_wconf 91' lang='lat' dir='ltr'><strong>dum</strong></span> <span class='ocrx_word' id='word_1_200' title='bbox 862 2378 1086 2433; x_wconf 88' lang='lat' dir='ltr'><strong>pascere</strong></span> <span class='ocrx_word' id='word_1_201' title='bbox 1115 2362 1236 2418; x_wconf 89' lang='lat' dir='ltr'><strong>cibo</strong></span> <span class='ocrx_word' id='word_1_202' title='bbox 1262 2362 1399 2417; x_wconf 89' lang='lat' dir='ltr'><strong>alios</strong></span> <span class='ocrx_word' id='word_1_203' title='bbox 1426 2362 1639 2431; x_wconf 77' lang='lat' dir='ltr'><strong>nititur,</strong></span> <span class='ocrx_word' id='word_1_204' title='bbox 1665 2363 1779 2433; x_wconf 86' lang='lat' dir='ltr'><strong>ipse</strong></span> 
     </span>
    </p>
   </div>
   <div class='ocr_carea' id='block_1_25' title="bbox 184 2452 1777 2524">
    <p class='ocr_par' dir='ltr' id='par_1_25' title="bbox 184 2452 1777 2524">
     <span class='ocr_line' id='line_1_25' title="bbox 184 2452 1777 2524; baseline -0.003 -12"><span class='ocrx_word' id='word_1_205' title='bbox 184 2457 605 2513; x_wconf 82' lang='lat' dir='ltr'><strong>multiformium</strong></span> <span class='ocrx_word' id='word_1_206' title='bbox 632 2455 943 2510; x_wconf 86' lang='lat' dir='ltr'><strong>deliciarum</strong></span> <span class='ocrx_word' id='word_1_207' title='bbox 970 2452 1330 2524; x_wconf 87' lang='lat' dir='ltr'><strong>spiritualium</strong></span> <span class='ocrx_word' id='word_1_208' title='bbox 1374 2452 1656 2508; x_wconf 87' lang='lat' dir='ltr'><strong>dulcedine</strong></span> <span class='ocrx_word' id='word_1_209' title='bbox 1688 2468 1777 2507; x_wconf 88' lang='lat' dir='ltr'><strong>sa-</strong></span> 
     </span>
    </p>
   </div>
   <div class='ocr_carea' id='block_1_26' title="bbox 182 2543 1779 2614">
    <p class='ocr_par' dir='ltr' id='par_1_26' title="bbox 182 2543 1779 2614">
     <span class='ocr_line' id='line_1_26' title="bbox 182 2543 1779 2614; baseline -0.001 -13"><span class='ocrx_word' id='word_1_210' title='bbox 182 2548 373 2601; x_wconf 91' lang='lat' dir='ltr'><strong>tiatur.</strong></span> <span class='ocrx_word' id='word_1_211' title='bbox 406 2546 542 2601; x_wconf 87' lang='lat' dir='ltr'><strong>Nam</strong></span> <span class='ocrx_word' id='word_1_212' title='bbox 585 2545 711 2600; x_wconf 86' lang='lat' dir='ltr'><strong>dum</strong></span> <span class='ocrx_word' id='word_1_213' title='bbox 756 2544 1133 2614; x_wconf 82' lang='lat' dir='ltr'><strong>Redemptoris</strong></span> <span class='ocrx_word' id='word_1_214' title='bbox 1175 2558 1387 2599; x_wconf 77' lang='lat' dir='ltr'><strong>ammna</strong></span> <span class='ocrx_word' id='word_1_215' title='bbox 1438 2543 1779 2614; x_wconf 76' lang='lat' dir='ltr'><strong>singulariter</strong></span> 
     </span>
    </p>
   </div>
   <div class='ocr_carea' id='block_1_27' title="bbox 184 2632 1775 2706">
    <p class='ocr_par' dir='ltr' id='par_1_27' title="bbox 184 2632 1775 2706">
     <span class='ocr_line' id='line_1_27' title="bbox 184 2632 1775 2706; baseline -0.003 -16"><span class='ocrx_word' id='word_1_216' title='bbox 184 2636 406 2706; x_wconf 81' lang='lat' dir='ltr'><strong>aspicit,</strong></span> <span class='ocrx_word' id='word_1_217' title='bbox 443 2636 497 2689; x_wconf 93' lang='lat' dir='ltr'><strong>in</strong></span> <span class='ocrx_word' id='word_1_218' title='bbox 528 2634 1249 2704; x_wconf 87' lang='lat' dir='ltr'><strong>miram&#39;contemplationem</strong></span> <span class='ocrx_word' id='word_1_219' title='bbox 1282 2632 1534 2688; x_wconf 87' lang='lat' dir='ltr'><strong>virtutum</strong></span> <span class='ocrx_word' id='word_1_220' title='bbox 1561 2632 1730 2703; x_wconf 89' lang='lat' dir='ltr'><strong>surgit</strong></span> <span class='ocrx_word' id='word_1_221' title='bbox 1761 2649 1775 2687; x_wconf 87' lang='lat'><strong>;</strong></span> 
     </span>
    </p>
   </div>
   <div class='ocr_carea' id='block_1_28' title="bbox 185 2723 1779 2798">
    <p class='ocr_par' dir='ltr' id='par_1_28' title="bbox 185 2723 1779 2798">
     <span class='ocr_line' id='line_1_28' title="bbox 185 2723 1779 2798; baseline -0.004 -17"><span class='ocrx_word' id='word_1_222' title='bbox 185 2737 243 2781; x_wconf 89' lang='lat' dir='ltr'><strong>et</strong></span> <span class='ocrx_word' id='word_1_223' title='bbox 274 2727 427 2798; x_wconf 88' lang='lat' dir='ltr'><strong>quasi</strong></span> <span class='ocrx_word' id='word_1_224' title='bbox 456 2727 524 2781; x_wconf 88' lang='lat' dir='ltr'><strong>de</strong></span> <span class='ocrx_word' id='word_1_225' title='bbox 554 2740 660 2781; x_wconf 93' lang='lat' dir='ltr'><strong>uno</strong></span> <span class='ocrx_word' id='word_1_226' title='bbox 702 2726 908 2781; x_wconf 87' lang='lat' dir='ltr'><strong>cortice</strong></span> <span class='ocrx_word' id='word_1_227' title='bbox 935 2724 1163 2796; x_wconf 90' lang='lat' dir='ltr'><strong>plurima</strong></span> <span class='ocrx_word' id='word_1_228' title='bbox 1192 2737 1357 2792; x_wconf 89' lang='lat' dir='ltr'><strong>grana</strong></span> <span class='ocrx_word' id='word_1_229' title='bbox 1397 2724 1617 2793; x_wconf 91' lang='lat' dir='ltr'><strong>colligit,</strong></span> <span class='ocrx_word' id='word_1_230' title='bbox 1651 2723 1779 2777; x_wconf 90' lang='lat' dir='ltr'><strong>dum</strong></span> 
     </span>
    </p>
   </div>
   <div class='ocr_carea' id='block_1_29' title="bbox 187 2812 1781 2888">
    <p class='ocr_par' dir='ltr' id='par_1_29' title="bbox 187 2812 1781 2888">
     <span class='ocr_line' id='line_1_29' title="bbox 187 2812 1781 2888; baseline -0.003 -16"><span class='ocrx_word' id='word_1_231' title='bbox 187 2833 289 2888; x_wconf 84' lang='lat' dir='ltr'><strong>per</strong></span> <span class='ocrx_word' id='word_1_232' title='bbox 316 2832 381 2872; x_wconf 83' lang='lat' dir='ltr'><strong>ea</strong></span> <span class='ocrx_word' id='word_1_233' title='bbox 410 2816 614 2881; x_wconf 86' lang='lat' dir='ltr'><strong>omnia,</strong></span> <span class='ocrx_word' id='word_1_234' title='bbox 643 2830 763 2885; x_wconf 77' lang='lat' dir='ltr'><strong>quae</strong></span> <span class='ocrx_word' id='word_1_235' title='bbox 793 2815 844 2870; x_wconf 92' lang='lat' dir='ltr'><strong>in</strong></span> <span class='ocrx_word' id='word_1_236' title='bbox 868 2815 1285 2883; x_wconf 63' lang='lat' dir='ltr'><strong>Redemptorem</strong></span> <span class='ocrx_word' id='word_1_237' title='bbox 1315 2814 1526 2882; x_wconf 80' lang='lat' dir='ltr'><strong>recolit,</strong></span> <span class='ocrx_word' id='word_1_238' title='bbox 1555 2812 1781 2868; x_wconf 88' lang='lat' dir='ltr'><strong>delicio-</strong></span> 
     </span>
    </p>
   </div>
   <div class='ocr_carea' id='block_1_30' title="bbox 186 2903 1779 2975">
    <p class='ocr_par' dir='ltr' id='par_1_30' title="bbox 186 2903 1779 2975">
     <span class='ocr_line' id='line_1_30' title="bbox 186 2903 1779 2975; baseline -0.004 -12"><span class='ocrx_word' id='word_1_239' title='bbox 186 2921 303 2963; x_wconf 81' lang='lat' dir='ltr'><strong>sam</strong></span> <span class='ocrx_word' id='word_1_240' title='bbox 332 2916 569 2962; x_wconf 88' lang='lat' dir='ltr'><strong>mentem</strong></span> <span class='ocrx_word' id='word_1_241' title='bbox 591 2913 863 2975; x_wconf 88' lang='lat' dir='ltr'><strong>gratanter</strong></span> <span class='ocrx_word' id='word_1_242' title='bbox 901 2905 1065 2961; x_wconf 89' lang='lat' dir='ltr'><strong>ducit.</strong></span> <span class='ocrx_word' id='word_1_243' title='bbox 1106 2904 1163 2960; x_wconf 83' lang='lat' dir='ltr'><strong>In</strong></span> <span class='ocrx_word' id='word_1_244' title='bbox 1186 2906 1287 2961; x_wconf 88' lang='lat' dir='ltr'><strong>hac</strong></span> <span class='ocrx_word' id='word_1_245' title='bbox 1306 2904 1521 2974; x_wconf 88' lang='lat' dir='ltr'><strong>quidem</strong></span> <span class='ocrx_word' id='word_1_246' title='bbox 1544 2903 1779 2959; x_wconf 82' lang='lat' dir='ltr'><strong>Redem-</strong></span> 
     </span>
    </p>
   </div>
   <div class='ocr_carea' id='block_1_31' title="bbox 187 2995 1781 3068">
    <p class='ocr_par' dir='ltr' id='par_1_31' title="bbox 187 2995 1781 3068">
     <span class='ocr_line' id='line_1_31' title="bbox 187 2995 1781 3068; baseline -0.001 -19"><span class='ocrx_word' id='word_1_247' title='bbox 187 2998 361 3068; x_wconf 84' lang='lat' dir='ltr'><strong>ptoris</strong></span> <span class='ocrx_word' id='word_1_248' title='bbox 386 2999 699 3053; x_wconf 64' lang='lat' dir='ltr'><strong>amoenitate</strong></span> <span class='ocrx_word' id='word_1_249' title='bbox 719 3012 915 3067; x_wconf 89' lang='lat' dir='ltr'><strong>sponsa</strong></span> <span class='ocrx_word' id='word_1_250' title='bbox 934 3011 993 3052; x_wconf 88' lang='lat' dir='ltr'><strong>se</strong></span> <span class='ocrx_word' id='word_1_251' title='bbox 1013 2996 1341 3067; x_wconf 86' lang='lat' dir='ltr'><strong>requievisse</strong></span> <span class='ocrx_word' id='word_1_252' title='bbox 1359 2995 1640 3064; x_wconf 88' lang='lat' dir='ltr'><strong>gloriatur,</strong></span> <span class='ocrx_word' id='word_1_253' title='bbox 1659 3009 1781 3065; x_wconf 74' lang='lat' dir='ltr'><strong>qua:</strong></span> 
     </span>
    </p>
   </div>
   <div class='ocr_carea' id='block_1_32' title="bbox 1882 461 3461 537">
    <p class='ocr_par' dir='ltr' id='par_1_32' title="bbox 1882 461 3461 537">
     <span class='ocr_line' id='line_1_32' title="bbox 1882 461 3461 537; baseline 0.008 -22"><span class='ocrx_word' id='word_1_254' title='bbox 1882 461 2041 516; x_wconf 81' lang='lat' dir='ltr'><strong>citur.</strong></span> <span class='ocrx_word' id='word_1_255' title='bbox 2070 462 2205 529; x_wconf 87' lang='lat' dir='ltr'><strong>Quid</strong></span> <span class='ocrx_word' id='word_1_256' title='bbox 2236 481 2363 521; x_wconf 88' lang='lat' dir='ltr'><strong>vero</strong></span> <span class='ocrx_word' id='word_1_257' title='bbox 2408 482 2505 537; x_wconf 91' lang='lat' dir='ltr'><strong>per</strong></span> <span class='ocrx_word' id='word_1_258' title='bbox 2545 467 2914 521; x_wconf 86' lang='lat' dir='ltr'><strong>umbraculum</strong></span> <span class='ocrx_word' id='word_1_259' title='bbox 2956 469 3058 522; x_wconf 90' lang='lat' dir='ltr'><strong>hoc</strong></span> <span class='ocrx_word' id='word_1_260' title='bbox 3088 469 3137 522; x_wconf 91' lang='lat' dir='ltr'><strong>in</strong></span> <span class='ocrx_word' id='word_1_261' title='bbox 3169 470 3289 525; x_wconf 93' lang='lat' dir='ltr'><strong>loco</strong></span> <span class='ocrx_word' id='word_1_262' title='bbox 3309 512 3324 537; x_wconf 96' lang='lat'><strong>,</strong></span> <span class='ocrx_word' id='word_1_263' title='bbox 3360 474 3461 530; x_wconf 76' lang='lat' dir='ltr'><strong>nisi</strong></span> 
     </span>
    </p>
   </div>
   <div class='ocr_carea' id='block_1_33' title="bbox 1882 555 3457 629">
    <p class='ocr_par' dir='ltr' id='par_1_33' title="bbox 1882 555 3457 629">
     <span class='ocr_line' id='line_1_33' title="bbox 1882 555 3457 629; baseline 0.012 -26"><span class='ocrx_word' id='word_1_264' title='bbox 1882 555 2143 621; x_wconf 88' lang='lat' dir='ltr'><strong>protectio</strong></span> <span class='ocrx_word' id='word_1_265' title='bbox 2194 555 2540 623; x_wconf 81' lang='lat' dir='ltr'><strong>designatur?</strong></span> <span class='ocrx_word' id='word_1_266' title='bbox 2579 557 2680 623; x_wconf 87' lang='lat' dir='ltr'><strong>Qui</strong></span> <span class='ocrx_word' id='word_1_267' title='bbox 2729 574 2857 629; x_wconf 91' lang='lat' dir='ltr'><strong>ergo</strong></span> <span class='ocrx_word' id='word_1_268' title='bbox 2906 559 2958 613; x_wconf 93' lang='lat' dir='ltr'><strong>in</strong></span> <span class='ocrx_word' id='word_1_269' title='bbox 3006 569 3187 614; x_wconf 88' lang='lat' dir='ltr'><strong>sancta</strong></span> <span class='ocrx_word' id='word_1_270' title='bbox 3217 561 3457 622; x_wconf 59' lang='lat' dir='ltr'><strong>Ecclesia</strong></span> 
     </span>
    </p>
   </div>
   <div class='ocr_carea' id='block_1_34' title="bbox 1880 640 3455 718">
    <p class='ocr_par' dir='ltr' id='par_1_34' title="bbox 1880 640 3455 718">
     <span class='ocr_line' id='line_1_34' title="bbox 1880 640 3455 718; baseline 0.008 -25"><span class='ocrx_word' id='word_1_271' title='bbox 1880 640 2115 695; x_wconf 88' lang='lat' dir='ltr'><strong>minores</strong></span> <span class='ocrx_word' id='word_1_272' title='bbox 2140 643 2409 710; x_wconf 86' lang='lat' dir='ltr'><strong>quoslibet</strong></span> <span class='ocrx_word' id='word_1_273' title='bbox 2436 646 2504 699; x_wconf 88' lang='lat' dir='ltr'><strong>ab</strong></span> <span class='ocrx_word' id='word_1_274' title='bbox 2533 646 2762 701; x_wconf 89' lang='lat' dir='ltr'><strong>occultis</strong></span> <span class='ocrx_word' id='word_1_275' title='bbox 2790 647 3115 701; x_wconf 89' lang='lat' dir='ltr'><strong>adversariis</strong></span> <span class='ocrx_word' id='word_1_276' title='bbox 3146 658 3455 718; x_wconf 83' lang='lat' dir='ltr'><strong>protegunt,</strong></span> 
     </span>
    </p>
   </div>
   <div class='ocr_carea' id='block_1_35' title="bbox 1880 728 3454 801">
    <p class='ocr_par' dir='ltr' id='par_1_35' title="bbox 1880 728 3454 801">
     <span class='ocr_line' id='line_1_35' title="bbox 1880 728 3454 801; baseline 0.007 -20"><span class='ocrx_word' id='word_1_277' title='bbox 1880 742 1976 796; x_wconf 88' lang='lat' dir='ltr'><strong>per</strong></span> <span class='ocrx_word' id='word_1_278' title='bbox 2005 728 2368 784; x_wconf 90' lang='lat' dir='ltr'><strong>umbraculum</strong></span> <span class='ocrx_word' id='word_1_279' title='bbox 2411 739 2559 787; x_wconf 86' lang='lat' dir='ltr'><strong>recte</strong></span> <span class='ocrx_word' id='word_1_280' title='bbox 2598 731 2964 801; x_wconf 81' lang='lat' dir='ltr'><strong>designantur.</strong></span> <span class='ocrx_word' id='word_1_281' title='bbox 2998 734 3097 800; x_wconf 89' lang='lat' dir='ltr'><strong>Qui</strong></span> <span class='ocrx_word' id='word_1_282' title='bbox 3125 745 3303 790; x_wconf 88' lang='lat' dir='ltr'><strong>autem</strong></span> <span class='ocrx_word' id='word_1_283' title='bbox 3334 755 3454 791; x_wconf 89' lang='lat' dir='ltr'><strong>um-</strong></span> 
     </span>
    </p>
   </div>
   <div class='ocr_carea' id='block_1_36' title="bbox 1877 817 3456 898">
    <p class='ocr_par' dir='ltr' id='par_1_36' title="bbox 1877 817 3456 898">
     <span class='ocr_line' id='line_1_36' title="bbox 1877 817 3456 898; baseline 0.009 -27"><span class='ocrx_word' id='word_1_284' title='bbox 1877 817 2098 874; x_wconf 90' lang='lat' dir='ltr'><strong>braculo</strong></span> <span class='ocrx_word' id='word_1_285' title='bbox 2141 819 2359 888; x_wconf 88' lang='lat' dir='ltr'><strong>residet,</strong></span> <span class='ocrx_word' id='word_1_286' title='bbox 2411 821 2659 877; x_wconf 89' lang='lat' dir='ltr'><strong>ardorem</strong></span> <span class='ocrx_word' id='word_1_287' title='bbox 2703 824 2833 880; x_wconf 89' lang='lat' dir='ltr'><strong>solis</strong></span> <span class='ocrx_word' id='word_1_288' title='bbox 2871 826 3072 881; x_wconf 89' lang='lat' dir='ltr'><strong>sentire</strong></span> <span class='ocrx_word' id='word_1_289' title='bbox 3102 844 3207 881; x_wconf 91' lang='lat' dir='ltr'><strong>non</strong></span> <span class='ocrx_word' id='word_1_290' title='bbox 3257 839 3456 898; x_wconf 79' lang='lat' dir='ltr'><strong>potest.</strong></span> 
     </span>
    </p>
   </div>
   <div class='ocr_carea' id='block_1_37' title="bbox 1880 906 3457 985">
    <p class='ocr_par' dir='ltr' id='par_1_37' title="bbox 1880 906 3457 985">
     <span class='ocr_line' id='line_1_37' title="bbox 1880 906 3457 985; baseline 0.005 -22"><span class='ocrx_word' id='word_1_291' title='bbox 1880 906 1988 963; x_wconf 90' lang='lat' dir='ltr'><strong>Cur</strong></span> <span class='ocrx_word' id='word_1_292' title='bbox 2030 924 2158 964; x_wconf 87' lang='lat' dir='ltr'><strong>vero</strong></span> <span class='ocrx_word' id='word_1_293' title='bbox 2204 909 2257 964; x_wconf 91' lang='lat' dir='ltr'><strong>in</strong></span> <span class='ocrx_word' id='word_1_294' title='bbox 2300 925 2458 966; x_wconf 86' lang='lat' dir='ltr'><strong>sacro</strong></span> <span class='ocrx_word' id='word_1_295' title='bbox 2500 911 2717 982; x_wconf 88' lang='lat' dir='ltr'><strong>eloquio</strong></span> <span class='ocrx_word' id='word_1_296' title='bbox 2748 915 3053 969; x_wconf 81' lang='lat' dir='ltr'><strong>umbracula</strong></span> <span class='ocrx_word' id='word_1_297' title='bbox 3084 916 3457 985; x_wconf 59' lang='lat' dir='ltr'><strong>praedicantur,</strong></span> 
     </span>
    </p>
   </div>
   <div class='ocr_carea' id='block_1_38' title="bbox 1878 996 3458 1077">
    <p class='ocr_par' dir='ltr' id='par_1_38' title="bbox 1878 996 3458 1077">
     <span class='ocr_line' id='line_1_38' title="bbox 1878 996 3458 1077; baseline 0.009 -27"><span class='ocrx_word' id='word_1_298' title='bbox 1878 996 1977 1051; x_wconf 91' lang='lat' dir='ltr'><strong>nisi</strong></span> <span class='ocrx_word' id='word_1_299' title='bbox 2008 999 2133 1066; x_wconf 88' lang='lat' dir='ltr'><strong>quia</strong></span> <span class='ocrx_word' id='word_1_300' title='bbox 2162 1000 2323 1055; x_wconf 89' lang='lat' dir='ltr'><strong>etiam</strong></span> <span class='ocrx_word' id='word_1_301' title='bbox 2350 1001 2516 1057; x_wconf 88' lang='lat' dir='ltr'><strong>solem</strong></span> <span class='ocrx_word' id='word_1_302' title='bbox 2542 1003 2828 1073; x_wconf 90' lang='lat' dir='ltr'><strong>reprobum</strong></span> <span class='ocrx_word' id='word_1_303' title='bbox 2849 1005 3159 1077; x_wconf 89' lang='lat' dir='ltr'><strong>ostendunt,</strong></span> <span class='ocrx_word' id='word_1_304' title='bbox 3188 1024 3295 1077; x_wconf 91' lang='lat' dir='ltr'><strong>quo</strong></span> <span class='ocrx_word' id='word_1_305' title='bbox 3316 1011 3458 1064; x_wconf 87' lang='lat' dir='ltr'><strong>viror</strong></span> 
     </span>
    </p>
   </div>
   <div class='ocr_carea' id='block_1_39' title="bbox 1879 1089 3459 1163">
    <p class='ocr_par' dir='ltr' id='par_1_39' title="bbox 1879 1089 3459 1163">
     <span class='ocr_line' id='line_1_39' title="bbox 1879 1089 3459 1163; baseline 0.008 -23"><span class='ocrx_word' id='word_1_306' title='bbox 1879 1089 2074 1144; x_wconf 80' lang='lat' dir='ltr'><strong>mentis</strong></span> <span class='ocrx_word' id='word_1_307' title='bbox 2104 1092 2380 1147; x_wconf 80' lang='lat' dir='ltr'><strong>exuritur?</strong></span> <span class='ocrx_word' id='word_1_308' title='bbox 2406 1092 2481 1147; x_wconf 90' lang='lat' dir='ltr'><strong>De</strong></span> <span class='ocrx_word' id='word_1_309' title='bbox 2508 1108 2615 1163; x_wconf 92' lang='lat' dir='ltr'><strong>quo</strong></span> <span class='ocrx_word' id='word_1_310' title='bbox 2642 1095 2891 1150; x_wconf 89' lang='lat' dir='ltr'><strong>nimirum</strong></span> <span class='ocrx_word' id='word_1_311' title='bbox 2921 1097 3035 1152; x_wconf 92' lang='lat' dir='ltr'><strong>sole</strong></span> <span class='ocrx_word' id='word_1_312' title='bbox 3060 1097 3271 1155; x_wconf 71' lang='lat' dir='ltr'><strong>Veritas</strong></span> <span class='ocrx_word' id='word_1_313' title='bbox 3302 1100 3354 1153; x_wconf 93' lang='lat' dir='ltr'><strong>in</strong></span> <span class='ocrx_word' id='word_1_314' title='bbox 3377 1100 3459 1153; x_wconf 89' lang='lat' dir='ltr'><strong>di-</strong></span> 
     </span>
    </p>
   </div>
   <div class='ocr_carea' id='block_1_40' title="bbox 1877 1178 3458 1271">
    <p class='ocr_par' dir='ltr' id='par_1_40' title="bbox 1877 1178 3458 1271">
     <span class='ocr_line' id='line_1_40' title="bbox 1877 1178 3458 1271; baseline 0.009 -39"><span class='ocrx_word' id='word_1_315' title='bbox 1877 1178 2086 1235; x_wconf 88' lang='lat' dir='ltr'><strong>visione</strong></span> <span class='ocrx_word' id='word_1_316' title='bbox 2126 1183 2389 1239; x_wconf 86' lang='lat' dir='ltr'><strong>setninum</strong></span> <span class='ocrx_word' id='word_1_317' title='bbox 2429 1185 2558 1240; x_wconf 89' lang='lat' dir='ltr'><strong>dicit</strong></span> <span class='ocrx_word' id='word_1_318' title='bbox 2591 1204 2604 1239; x_wconf 86' lang='lat'><strong>:</strong></span> <span class='ocrx_word' id='word_1_319' title='bbox 2639 1188 2765 1242; x_wconf 82' lang='lat' dir='ltr'><strong>Orto</strong></span> <span class='ocrx_word' id='word_1_320' title='bbox 2802 1188 2929 1253; x_wconf 77' lang='lat' dir='ltr'><strong>sole,</strong></span> <span class='ocrx_word' id='word_1_321' title='bbox 2971 1201 3216 1245; x_wconf 80' lang='lat' dir='ltr'><strong>aruerunt</strong></span> <span class='ocrx_word' id='word_1_322' title='bbox 3245 1191 3458 1271; x_wconf 56' lang='lat' dir='ltr'><strong>({Iatth.</strong></span> 
     </span>
    </p>
   </div>
   <div class='ocr_carea' id='block_1_41' title="bbox 1880 1268 3456 1347">
    <p class='ocr_par' dir='ltr' id='par_1_41' title="bbox 1880 1268 3456 1347">
     <span class='ocr_line' id='line_1_41' title="bbox 1880 1268 3456 1347; baseline 0.01 -27"><span class='ocrx_word' id='word_1_323' title='bbox 1880 1282 1993 1334; x_wconf 77' lang='lat' dir='ltr'><strong>xm,</strong></span> <span class='ocrx_word' id='word_1_324' title='bbox 2018 1268 2095 1339; x_wconf 87' lang='lat'><strong>6).</strong></span> <span class='ocrx_word' id='word_1_325' title='bbox 2130 1269 2364 1328; x_wconf 84' lang='lat' dir='ltr'><strong>Ferveus</strong></span> <span class='ocrx_word' id='word_1_326' title='bbox 2384 1273 2581 1344; x_wconf 88' lang='lat' dir='ltr'><strong>quippe</strong></span> <span class='ocrx_word' id='word_1_327' title='bbox 2606 1276 2767 1331; x_wconf 90' lang='lat' dir='ltr'><strong>ardor</strong></span> <span class='ocrx_word' id='word_1_328' title='bbox 2785 1279 3233 1347; x_wconf 78' lang='lat' dir='ltr'><strong>concupiscentia:</strong></span> <span class='ocrx_word' id='word_1_329' title='bbox 3251 1268 3331 1335; x_wconf 78' lang='lat' dir='ltr'><strong>sol</strong></span> <span class='ocrx_word' id='word_1_330' title='bbox 3355 1290 3456 1346; x_wconf 88' lang='lat' dir='ltr'><strong>est,</strong></span> 
     </span>
    </p>
   </div>
   <div class='ocr_carea' id='block_1_42' title="bbox 1879 1358 3457 1442">
    <p class='ocr_par' dir='ltr' id='par_1_42' title="bbox 1879 1358 3457 1442">
     <span class='ocr_line' id='line_1_42' title="bbox 1879 1358 3457 1442; baseline 0.011 -32"><span class='ocrx_word' id='word_1_331' title='bbox 1879 1358 1970 1426; x_wconf 84' lang='lat' dir='ltr'><strong>qui</strong></span> <span class='ocrx_word' id='word_1_332' title='bbox 1998 1359 2146 1414; x_wconf 90' lang='lat' dir='ltr'><strong>velut</strong></span> <span class='ocrx_word' id='word_1_333' title='bbox 2172 1360 2293 1417; x_wconf 92' lang='lat' dir='ltr'><strong>luce</strong></span> <span class='ocrx_word' id='word_1_334' title='bbox 2323 1364 2571 1433; x_wconf 91' lang='lat' dir='ltr'><strong>candeat,</strong></span> <span class='ocrx_word' id='word_1_335' title='bbox 2612 1365 2706 1421; x_wconf 91' lang='lat' dir='ltr'><strong>sed</strong></span> <span class='ocrx_word' id='word_1_336' title='bbox 2747 1368 2838 1437; x_wconf 90' lang='lat' dir='ltr'><strong>qui</strong></span> <span class='ocrx_word' id='word_1_337' title='bbox 2891 1377 3148 1437; x_wconf 88' lang='lat' dir='ltr'><strong>mentem,</strong></span> <span class='ocrx_word' id='word_1_338' title='bbox 3181 1370 3267 1426; x_wconf 89' lang='lat' dir='ltr'><strong>cui</strong></span> <span class='ocrx_word' id='word_1_339' title='bbox 3298 1371 3457 1442; x_wconf 89' lang='lat' dir='ltr'><strong>lucet,</strong></span> 
     </span>
    </p>
   </div>
   <div class='ocr_carea' id='block_1_43' title="bbox 1880 1449 3457 1524">
    <p class='ocr_par' dir='ltr' id='par_1_43' title="bbox 1880 1449 3457 1524">
     <span class='ocr_line' id='line_1_43' title="bbox 1880 1449 3457 1524; baseline 0.011 -23"><span class='ocrx_word' id='word_1_340' title='bbox 1880 1456 2092 1504; x_wconf 75' lang='lat' dir='ltr'><strong>exurat.</strong></span> <span class='ocrx_word' id='word_1_341' title='bbox 2117 1449 2251 1505; x_wconf 91' lang='lat' dir='ltr'><strong>Dum</strong></span> <span class='ocrx_word' id='word_1_342' title='bbox 2282 1467 2411 1521; x_wconf 88' lang='lat' dir='ltr'><strong>ergo</strong></span> <span class='ocrx_word' id='word_1_343' title='bbox 2441 1456 2704 1524; x_wconf 86' lang='lat' dir='ltr'><strong>majorum</strong></span> <span class='ocrx_word' id='word_1_344' title='bbox 2735 1459 3197 1515; x_wconf 76' lang='lat' dir='ltr'><strong>exhortationibus</strong></span> <span class='ocrx_word' id='word_1_345' title='bbox 3221 1464 3457 1518; x_wconf 87' lang='lat' dir='ltr'><strong>omnium</strong></span> 
     </span>
    </p>
   </div>
   <div class='ocr_carea' id='block_1_44' title="bbox 1881 1540 3459 1619">
    <p class='ocr_par' dir='ltr' id='par_1_44' title="bbox 1881 1540 3459 1619">
     <span class='ocr_line' id='line_1_44' title="bbox 1881 1540 3459 1619; baseline 0.01 -28"><span class='ocrx_word' id='word_1_346' title='bbox 1881 1540 2439 1609; x_wconf 88' lang='lat' dir='ltr'><strong>concupiscentiarum</strong></span> <span class='ocrx_word' id='word_1_347' title='bbox 2470 1543 2595 1599; x_wconf 91' lang='lat' dir='ltr'><strong>blan</strong></span> <span class='ocrx_word' id='word_1_348' title='bbox 2613 1547 2831 1601; x_wconf 84' lang='lat' dir='ltr'><strong>limcnta</strong></span> <span class='ocrx_word' id='word_1_349' title='bbox 2880 1548 3197 1618; x_wconf 87' lang='lat' dir='ltr'><strong>respuimus,</strong></span> <span class='ocrx_word' id='word_1_350' title='bbox 3223 1565 3330 1619; x_wconf 92' lang='lat' dir='ltr'><strong>quo</strong></span> <span class='ocrx_word' id='word_1_351' title='bbox 3359 1554 3459 1606; x_wconf 80' lang='lat' dir='ltr'><strong>ali-</strong></span> 
     </span>
    </p>
   </div>
   <div class='ocr_carea' id='block_1_45' title="bbox 1882 1627 3456 1707">
    <p class='ocr_par' dir='ltr' id='par_1_45' title="bbox 1882 1627 3456 1707">
     <span class='ocr_line' id='line_1_45' title="bbox 1882 1627 3456 1707; baseline 0.011 -28"><span class='ocrx_word' id='word_1_352' title='bbox 1882 1627 1954 1693; x_wconf 89' lang='lat' dir='ltr'><strong>bi,</strong></span> <span class='ocrx_word' id='word_1_353' title='bbox 2020 1643 2181 1698; x_wconf 91' lang='lat' dir='ltr'><strong>quam</strong></span> <span class='ocrx_word' id='word_1_354' title='bbox 2259 1631 2312 1686; x_wconf 91' lang='lat' dir='ltr'><strong>in</strong></span> <span class='ocrx_word' id='word_1_355' title='bbox 2377 1634 2688 1691; x_wconf 89' lang='lat' dir='ltr'><strong>umbraculo</strong></span> <span class='ocrx_word' id='word_1_356' title='bbox 2760 1652 2974 1694; x_wconf 83' lang='lat' dir='ltr'><strong>amceno</strong></span> <span class='ocrx_word' id='word_1_357' title='bbox 3043 1641 3456 1707; x_wconf 89' lang='lat' dir='ltr'><strong>substernimur,</strong></span> 
     </span>
    </p>
   </div>
   <div class='ocr_carea' id='block_1_46' title="bbox 78 1717 3459 1808">
    <p class='ocr_par' dir='ltr' id='par_1_46' title="bbox 78 1717 3459 1808">
     <span class='ocr_line' id='line_1_46' title="bbox 78 1717 3459 1808; baseline -0.002 -16"><span class='ocrx_word' id='word_1_358' title='bbox 78 1738 81 1739; x_wconf 62' lang='grc'><strong><em>⁷</em></strong></span> <span class='ocrx_word' id='word_1_359' title='bbox 182 1752 477 1808; x_wconf 78' lang='lat' dir='ltr'><strong>possumus</strong></span> <span class='ocrx_word' id='word_1_360' title='bbox 498 1778 515 1802; x_wconf 90' lang='lat'><strong>,</strong></span> <span class='ocrx_word' id='word_1_361' title='bbox 545 1736 589 1789; x_wconf 89' lang='lat' dir='ltr'><strong>si</strong></span> <span class='ocrx_word' id='word_1_362' title='bbox 620 1733 871 1788; x_wconf 81' lang='lat' dir='ltr'><strong>videlicet</strong></span> <span class='ocrx_word' id='word_1_363' title='bbox 899 1732 1063 1787; x_wconf 84' lang='lat' dir='ltr'><strong>verba</strong></span> <span class='ocrx_word' id='word_1_364' title='bbox 1092 1731 1209 1800; x_wconf 86' lang='lat' dir='ltr'><strong>ejus</strong></span> <span class='ocrx_word' id='word_1_365' title='bbox 1248 1731 1314 1785; x_wconf 81' lang='lat' dir='ltr'><strong>ai</strong></span> <span class='ocrx_word' id='word_1_366' title='bbox 1346 1730 1775 1785; x_wconf 89' lang='lat' dir='ltr'><strong>consolationem</strong></span> <span class='ocrx_word' id='word_1_367' title='bbox 1813 1735 1853 1793; x_wconf 83' lang='grc' dir='ltr'><strong>Β</strong></span> <span class='ocrx_word' id='word_1_368' title='bbox 1882 1717 2038 1788; x_wconf 65' lang='lat'><strong>331</strong></span> <span class='ocrx_word' id='word_1_369' title='bbox 2071 1717 2162 1772; x_wconf 73' lang='lat' dir='ltr'><strong>&quot;bi</strong></span> <span class='ocrx_word' id='word_1_370' title='bbox 2188 1721 2544 1776; x_wconf 66' lang='grc' dir='ltr'><strong>ῑθηιθῑίοηυηι</strong></span> <span class='ocrx_word' id='word_1_371' title='bbox 2576 1722 2817 1780; x_wconf 77' lang='lat' dir='ltr'><strong>incendia</strong></span> <span class='ocrx_word' id='word_1_372' title='bbox 2843 1726 3210 1784; x_wconf 85' lang='lat' dir='ltr'><strong>declinemus?</strong></span> <span class='ocrx_word' id='word_1_373' title='bbox 3241 1730 3349 1785; x_wconf 89' lang='lat' dir='ltr'><strong>Sed</strong></span> <span class='ocrx_word' id='word_1_374' title='bbox 3379 1732 3459 1786; x_wconf 89' lang='lat' dir='ltr'><strong>di-</strong></span> 
     </span>
    </p>
   </div>
   <div class='ocr_carea' id='block_1_47' title="bbox 1881 1809 3457 1891">
    <p class='ocr_par' dir='ltr' id='par_1_47' title="bbox 1881 1809 3457 1891">
     <span class='ocr_line' id='line_1_47' title="bbox 1881 1809 3457 1891; baseline 0.012 -31"><span class='ocrx_word' id='word_1_375' title='bbox 1881 1809 2140 1865; x_wconf 85' lang='lat' dir='ltr'><strong>minutive</strong></span> <span class='ocrx_word' id='word_1_376' title='bbox 2169 1812 2539 1870; x_wconf 87' lang='lat' dir='ltr'><strong>umbraculum</strong></span> <span class='ocrx_word' id='word_1_377' title='bbox 2592 1813 2843 1872; x_wconf 58' lang='lat' dir='ltr'><strong>Ecclesiae</strong></span> <span class='ocrx_word' id='word_1_378' title='bbox 2874 1820 3118 1876; x_wconf 80' lang='lat' dir='ltr'><strong>minister</strong></span> <span class='ocrx_word' id='word_1_379' title='bbox 3152 1822 3368 1891; x_wconf 91' lang='lat' dir='ltr'><strong>dicitur,</strong></span> <span class='ocrx_word' id='word_1_380' title='bbox 3401 1833 3457 1879; x_wconf 93' lang='lat' dir='ltr'><strong>ut</strong></span> 
     </span>
    </p>
   </div>
   <div class='ocr_carea' id='block_1_48' title="bbox 1882 1897 3460 1984">
    <p class='ocr_par' dir='ltr' id='par_1_48' title="bbox 1882 1897 3460 1984">
     <span class='ocr_line' id='line_1_48' title="bbox 1882 1897 3460 1984; baseline 0.012 -33"><span class='ocrx_word' id='word_1_381' title='bbox 1882 1897 2234 1969; x_wconf 76' lang='lat' dir='ltr'><strong>Redemptori</strong></span> <span class='ocrx_word' id='word_1_382' title='bbox 2291 1917 2451 1959; x_wconf 90' lang='lat' dir='ltr'><strong>nemo</strong></span> <span class='ocrx_word' id='word_1_383' title='bbox 2492 1914 2856 1975; x_wconf 82' lang='lat' dir='ltr'><strong>comparetur.</strong></span> <span class='ocrx_word' id='word_1_384' title='bbox 2908 1908 2985 1966; x_wconf 90' lang='lat' dir='ltr'><strong>De</strong></span> <span class='ocrx_word' id='word_1_385' title='bbox 3036 1911 3178 1969; x_wconf 88' lang='lat' dir='ltr'><strong>illius</strong></span> <span class='ocrx_word' id='word_1_386' title='bbox 3230 1930 3460 1984; x_wconf 76' lang='lat' dir='ltr'><strong>namque</strong></span> 
     </span>
    </p>
   </div>
   <div class='ocr_carea' id='block_1_49' title="bbox 1880 1991 3455 2070">
    <p class='ocr_par' dir='ltr' id='par_1_49' title="bbox 1880 1991 3455 2070">
     <span class='ocr_line' id='line_1_49' title="bbox 1880 1991 3455 2070; baseline 0.013 -29"><span class='ocrx_word' id='word_1_387' title='bbox 1880 1991 2218 2058; x_wconf 87' lang='lat' dir='ltr'><strong>profectione</strong></span> <span class='ocrx_word' id='word_1_388' title='bbox 2260 2008 2458 2063; x_wconf 84' lang='lat' dir='ltr'><strong>sponsa</strong></span> <span class='ocrx_word' id='word_1_389' title='bbox 2514 1996 2569 2050; x_wconf 91' lang='lat' dir='ltr'><strong>in</strong></span> <span class='ocrx_word' id='word_1_390' title='bbox 2620 1996 2858 2055; x_wconf 90' lang='lat' dir='ltr'><strong>Canticis</strong></span> <span class='ocrx_word' id='word_1_391' title='bbox 2900 2001 3185 2070; x_wconf 88' lang='lat' dir='ltr'><strong>gloriatur,</strong></span> <span class='ocrx_word' id='word_1_392' title='bbox 3226 2005 3455 2062; x_wconf 88' lang='lat' dir='ltr'><strong>dicens:</strong></span> 
     </span>
    </p>
   </div>
   <div class='ocr_carea' id='block_1_50' title="bbox 1880 2080 3458 2167">
    <p class='ocr_par' dir='ltr' id='par_1_50' title="bbox 1880 2080 3458 2167">
     <span class='ocr_line' id='line_1_50' title="bbox 1880 2080 3458 2167; baseline 0.012 -33"><span class='ocrx_word' id='word_1_393' title='bbox 1880 2080 1989 2134; x_wconf 86' lang='lat' dir='ltr'><strong>Sub</strong></span> <span class='ocrx_word' id='word_1_394' title='bbox 2019 2082 2199 2137; x_wconf 85' lang='lat' dir='ltr'><strong>umbra</strong></span> <span class='ocrx_word' id='word_1_395' title='bbox 2219 2084 2379 2154; x_wconf 72' lang='lat' dir='ltr'><strong>illius,</strong></span> <span class='ocrx_word' id='word_1_396' title='bbox 2405 2104 2551 2157; x_wconf 85' lang='lat' dir='ltr'><strong>quem</strong></span> <span class='ocrx_word' id='word_1_397' title='bbox 2579 2088 3010 2156; x_wconf 72' lang='lat' dir='ltr'><strong>desideraverant,</strong></span> <span class='ocrx_word' id='word_1_398' title='bbox 3044 2096 3153 2149; x_wconf 79' lang='lat' dir='ltr'><strong>sedi</strong></span> <span class='ocrx_word' id='word_1_399' title='bbox 3191 2096 3365 2167; x_wconf 82' lang='lat' dir='ltr'><strong>(Cant.</strong></span> <span class='ocrx_word' id='word_1_400' title='bbox 3398 2115 3458 2163; x_wconf 86' lang='lat' dir='ltr'><strong>tt,</strong></span> 
     </span>
    </p>
   </div>
   <div class='ocr_carea' id='block_1_51' title="bbox 1880 2169 3459 2246">
    <p class='ocr_par' dir='ltr' id='par_1_51' title="bbox 1880 2169 3459 2246">
     <span class='ocr_line' id='line_1_51' title="bbox 1880 2169 3459 2246; baseline 0.012 -24"><span class='ocrx_word' id='word_1_401' title='bbox 1880 2170 1955 2240; x_wconf 81' lang='lat'><strong>5).</strong></span> <span class='ocrx_word' id='word_1_402' title='bbox 1985 2169 2043 2223; x_wconf 85' lang='lat' dir='ltr'><strong>Et</strong></span> <span class='ocrx_word' id='word_1_403' title='bbox 2070 2171 2350 2229; x_wconf 85' lang='lat' dir='ltr'><strong>Psalmista</strong></span> <span class='ocrx_word' id='word_1_404' title='bbox 2389 2176 2705 2246; x_wconf 87' lang='lat' dir='ltr'><strong>deprecans,</strong></span> <span class='ocrx_word' id='word_1_405' title='bbox 2740 2180 2815 2233; x_wconf 92' lang='lat' dir='ltr'><strong>ait</strong></span> <span class='ocrx_word' id='word_1_406' title='bbox 2848 2199 2860 2235; x_wconf 91' lang='lat'><strong>:</strong></span> <span class='ocrx_word' id='word_1_407' title='bbox 2894 2181 3003 2237; x_wconf 86' lang='lat' dir='ltr'><strong>Sub</strong></span> <span class='ocrx_word' id='word_1_408' title='bbox 3032 2184 3210 2239; x_wconf 89' lang='lat' dir='ltr'><strong>umbra</strong></span> <span class='ocrx_word' id='word_1_409' title='bbox 3254 2188 3459 2241; x_wconf 87' lang='lat' dir='ltr'><strong>alarum.</strong></span> 
     </span>
    </p>
   </div>
   <div class='ocr_carea' id='block_1_52' title="bbox 1878 2269 3459 2340">
    <p class='ocr_par' dir='ltr' id='par_1_52' title="bbox 1878 2269 3459 2340">
     <span class='ocr_line' id='line_1_52' title="bbox 1878 2269 3459 2340; baseline 0.013 -26"><span class='ocrx_word' id='word_1_410' title='bbox 1878 2270 2084 2317; x_wconf 75' lang='lat' dir='ltr'><strong>tuarum</strong></span> <span class='ocrx_word' id='word_1_411' title='bbox 2126 2275 2334 2337; x_wconf 78' lang='lat' dir='ltr'><strong>protege</strong></span> <span class='ocrx_word' id='word_1_412' title='bbox 2383 2285 2463 2322; x_wconf 89' lang='lat' dir='ltr'><strong>me</strong></span> <span class='ocrx_word' id='word_1_413' title='bbox 2506 2269 2680 2340; x_wconf 74' lang='lat' dir='ltr'><strong>(Psaf.</strong></span> <span class='ocrx_word' id='word_1_414' title='bbox 2714 2288 2821 2337; x_wconf 76' lang='lat' dir='ltr'><strong>xw,</strong></span> <span class='ocrx_word' id='word_1_415' title='bbox 2852 2272 2928 2328; x_wconf 79' lang='lat'><strong>9).</strong></span> <span class='ocrx_word' id='word_1_416' title='bbox 2959 2274 3065 2330; x_wconf 89' lang='lat' dir='ltr'><strong>Sed</strong></span> <span class='ocrx_word' id='word_1_417' title='bbox 3108 2279 3250 2332; x_wconf 88' lang='lat' dir='ltr'><strong>unde</strong></span> <span class='ocrx_word' id='word_1_418' title='bbox 3280 2288 3459 2335; x_wconf 91' lang='lat' dir='ltr'><strong>tantus</strong></span> 
     </span>
    </p>
   </div>
   <div class='ocr_carea' id='block_1_53' title="bbox 1881 2352 3460 2431">
    <p class='ocr_par' dir='ltr' id='par_1_53' title="bbox 1881 2352 3460 2431">
     <span class='ocr_line' id='line_1_53' title="bbox 1881 2352 3460 2431; baseline 0.012 -26"><span class='ocrx_word' id='word_1_419' title='bbox 1881 2352 2074 2407; x_wconf 87' lang='lat' dir='ltr'><strong>Achias</strong></span> <span class='ocrx_word' id='word_1_420' title='bbox 2106 2354 2139 2407; x_wconf 74' lang='lat' dir='ltr'><strong>i:</strong></span> <span class='ocrx_word' id='word_1_421' title='bbox 2156 2362 2207 2409; x_wconf 93' lang='lat' dir='ltr'><strong>te</strong></span> <span class='ocrx_word' id='word_1_422' title='bbox 2264 2359 2528 2425; x_wconf 87' lang='lat' dir='ltr'><strong>procedit,</strong></span> <span class='ocrx_word' id='word_1_423' title='bbox 2561 2360 2868 2429; x_wconf 85' lang='lat' dir='ltr'><strong>exponitur,</strong></span> <span class='ocrx_word' id='word_1_424' title='bbox 2898 2363 3021 2431; x_wconf 87' lang='lat' dir='ltr'><strong>quia</strong></span> <span class='ocrx_word' id='word_1_425' title='bbox 3053 2365 3194 2422; x_wconf 86' lang='lat' dir='ltr'><strong>filius</strong></span> <span class='ocrx_word' id='word_1_426' title='bbox 3229 2366 3460 2424; x_wconf 83' lang='lat' dir='ltr'><strong>Achitob</strong></span> 
     </span>
    </p>
   </div>
   <div class='ocr_carea' id='block_1_54' title="bbox 1880 2447 3455 2514">
    <p class='ocr_par' dir='ltr' id='par_1_54' title="bbox 1880 2447 3455 2514">
     <span class='ocr_line' id='line_1_54' title="bbox 1880 2447 3455 2514; baseline 0.011 -20"><span class='ocrx_word' id='word_1_427' title='bbox 1880 2455 2002 2495; x_wconf 87' lang='lat' dir='ltr'><strong>esse</strong></span> <span class='ocrx_word' id='word_1_428' title='bbox 2031 2451 2377 2500; x_wconf 82' lang='lat' dir='ltr'><strong>memoratur.</strong></span> <span class='ocrx_word' id='word_1_429' title='bbox 2411 2447 2659 2514; x_wconf 87' lang='lat' dir='ltr'><strong>Aehitob,</strong></span> <span class='ocrx_word' id='word_1_430' title='bbox 2678 2448 2844 2505; x_wconf 81' lang='lat' dir='ltr'><strong>frater</strong></span> <span class='ocrx_word' id='word_1_431' title='bbox 2870 2466 3020 2508; x_wconf 89' lang='lat' dir='ltr'><strong>meus</strong></span> <span class='ocrx_word' id='word_1_432' title='bbox 3046 2453 3218 2511; x_wconf 87' lang='lat' dir='ltr'><strong>bonus</strong></span> <span class='ocrx_word' id='word_1_433' title='bbox 3240 2457 3455 2512; x_wconf 91' lang='lat' dir='ltr'><strong>dicitur.</strong></span> 
     </span>
    </p>
   </div>
   <div class='ocr_carea' id='block_1_55' title="bbox 1881 2529 3458 2613">
    <p class='ocr_par' dir='ltr' id='par_1_55' title="bbox 1881 2529 3458 2613">
     <span class='ocr_line' id='line_1_55' title="bbox 1881 2529 3458 2613; baseline 0.011 -29"><span class='ocrx_word' id='word_1_434' title='bbox 1881 2529 2010 2597; x_wconf 92' lang='lat' dir='ltr'><strong>Quis</strong></span> <span class='ocrx_word' id='word_1_435' title='bbox 2052 2532 2209 2601; x_wconf 84' lang='lat' dir='ltr'><strong>igitur</strong></span> <span class='ocrx_word' id='word_1_436' title='bbox 2243 2534 2345 2590; x_wconf 91' lang='lat' dir='ltr'><strong>iste</strong></span> <span class='ocrx_word' id='word_1_437' title='bbox 2397 2535 2562 2592; x_wconf 86' lang='lat' dir='ltr'><strong>frater</strong></span> <span class='ocrx_word' id='word_1_438' title='bbox 2606 2541 2779 2594; x_wconf 83' lang='lat' dir='ltr'><strong>bonus</strong></span> <span class='ocrx_word' id='word_1_439' title='bbox 2831 2541 3161 2613; x_wconf 90' lang='lat' dir='ltr'><strong>intelligitur,</strong></span> <span class='ocrx_word' id='word_1_440' title='bbox 3211 2547 3310 2601; x_wconf 90' lang='lat' dir='ltr'><strong>nisi</strong></span> <span class='ocrx_word' id='word_1_441' title='bbox 3352 2548 3458 2602; x_wconf 78' lang='lat' dir='ltr'><strong>Re-</strong></span> 
     </span>
    </p>
   </div>
   <div class='ocr_carea' id='block_1_56' title="bbox 1881 2621 3461 2701">
    <p class='ocr_par' dir='ltr' id='par_1_56' title="bbox 1881 2621 3461 2701">
     <span class='ocr_line' id='line_1_56' title="bbox 1881 2621 3461 2701; baseline 0.011 -26"><span class='ocrx_word' id='word_1_442' title='bbox 1881 2621 2132 2692; x_wconf 89' lang='lat' dir='ltr'><strong>demptor</strong></span> <span class='ocrx_word' id='word_1_443' title='bbox 2159 2627 2378 2680; x_wconf 90' lang='lat' dir='ltr'><strong>noster?</strong></span> <span class='ocrx_word' id='word_1_444' title='bbox 2420 2625 2609 2683; x_wconf 76' lang='lat' dir='ltr'><strong>Frater</strong></span> <span class='ocrx_word' id='word_1_445' title='bbox 2633 2630 2848 2700; x_wconf 88' lang='lat' dir='ltr'><strong>quippe,</strong></span> <span class='ocrx_word' id='word_1_446' title='bbox 2881 2632 3005 2701; x_wconf 90' lang='lat' dir='ltr'><strong>quia</strong></span> <span class='ocrx_word' id='word_1_447' title='bbox 3032 2642 3236 2689; x_wconf 70' lang='lat' dir='ltr'><strong>natura:</strong></span> <span class='ocrx_word' id='word_1_448' title='bbox 3265 2645 3461 2693; x_wconf 67' lang='lat' dir='ltr'><strong>nostra:</strong></span> 
     </span>
    </p>
   </div>
   <div class='ocr_carea' id='block_1_57' title="bbox 1881 2715 3458 2798">
    <p class='ocr_par' dir='ltr' id='par_1_57' title="bbox 1881 2715 3458 2798">
     <span class='ocr_line' id='line_1_57' title="bbox 1881 2715 3458 2798; baseline 0.01 -29"><span class='ocrx_word' id='word_1_449' title='bbox 1881 2715 2150 2784; x_wconf 88' lang='lat' dir='ltr'><strong>particeps</strong></span> <span class='ocrx_word' id='word_1_450' title='bbox 2182 2734 2195 2770; x_wconf 88' lang='lat'><strong>:</strong></span> <span class='ocrx_word' id='word_1_451' title='bbox 2226 2717 2321 2773; x_wconf 89' lang='lat' dir='ltr'><strong>sed</strong></span> <span class='ocrx_word' id='word_1_452' title='bbox 2365 2718 2557 2787; x_wconf 90' lang='lat' dir='ltr'><strong>bonus,</strong></span> <span class='ocrx_word' id='word_1_453' title='bbox 2604 2722 2695 2791; x_wconf 88' lang='lat' dir='ltr'><strong>qui</strong></span> <span class='ocrx_word' id='word_1_454' title='bbox 2735 2730 2978 2778; x_wconf 75' lang='lat' dir='ltr'><strong>naturam</strong></span> <span class='ocrx_word' id='word_1_455' title='bbox 3018 2735 3253 2781; x_wconf 88' lang='lat' dir='ltr'><strong>nostram</strong></span> <span class='ocrx_word' id='word_1_456' title='bbox 3301 2744 3458 2798; x_wconf 89' lang='lat' dir='ltr'><strong>quam</strong></span> 
     </span>
    </p>
   </div>
   <div class='ocr_carea' id='block_1_58' title="bbox 1880 2804 3456 2889">
    <p class='ocr_par' dir='ltr' id='par_1_58' title="bbox 1880 2804 3456 2889">
     <span class='ocr_line' id='line_1_58' title="bbox 1880 2804 3456 2889; baseline 0.011 -31"><span class='ocrx_word' id='word_1_457' title='bbox 1880 2804 2137 2872; x_wconf 86' lang='lat' dir='ltr'><strong>suscepit,</strong></span> <span class='ocrx_word' id='word_1_458' title='bbox 2179 2805 2246 2861; x_wconf 89' lang='lat' dir='ltr'><strong>ab</strong></span> <span class='ocrx_word' id='word_1_459' title='bbox 2274 2814 2475 2862; x_wconf 68' lang='lat' dir='ltr'><strong>aeterna</strong></span> <span class='ocrx_word' id='word_1_460' title='bbox 2506 2818 2680 2866; x_wconf 90' lang='lat' dir='ltr'><strong>morte</strong></span> <span class='ocrx_word' id='word_1_461' title='bbox 2696 2811 2960 2868; x_wconf 80' lang='lat' dir='ltr'><strong>liberavit.</strong></span> <span class='ocrx_word' id='word_1_462' title='bbox 2986 2815 3081 2870; x_wconf 81' lang='lat' dir='ltr'><strong>Vel</strong></span> <span class='ocrx_word' id='word_1_463' title='bbox 3112 2817 3300 2885; x_wconf 88' lang='lat' dir='ltr'><strong>bonus,</strong></span> <span class='ocrx_word' id='word_1_464' title='bbox 3332 2822 3456 2889; x_wconf 90' lang='lat' dir='ltr'><strong>quia</strong></span> 
     </span>
    </p>
   </div>
   <div class='ocr_carea' id='block_1_59' title="bbox 1881 2896 3454 2973">
    <p class='ocr_par' dir='ltr' id='par_1_59' title="bbox 1881 2896 3454 2973">
     <span class='ocr_line' id='line_1_59' title="bbox 1881 2896 3454 2973; baseline 0.01 -25"><span class='ocrx_word' id='word_1_465' title='bbox 1881 2907 2069 2949; x_wconf 85' lang='lat' dir='ltr'><strong>omnes</strong></span> <span class='ocrx_word' id='word_1_466' title='bbox 2123 2910 2222 2950; x_wconf 93' lang='lat' dir='ltr'><strong>nos</strong></span> <span class='ocrx_word' id='word_1_467' title='bbox 2270 2896 2397 2951; x_wconf 90' lang='lat' dir='ltr'><strong>mali</strong></span> <span class='ocrx_word' id='word_1_468' title='bbox 2426 2913 2630 2965; x_wconf 89' lang='lat' dir='ltr'><strong>sumus,</strong></span> <span class='ocrx_word' id='word_1_469' title='bbox 2677 2901 2889 2957; x_wconf 88' lang='lat' dir='ltr'><strong>dicente</strong></span> <span class='ocrx_word' id='word_1_470' title='bbox 2917 2904 3030 2973; x_wconf 91' lang='lat' dir='ltr'><strong>ipso</strong></span> <span class='ocrx_word' id='word_1_471' title='bbox 3060 2923 3071 2957; x_wconf 91' lang='lat'><strong>:</strong></span> <span class='ocrx_word' id='word_1_472' title='bbox 3104 2906 3167 2961; x_wconf 87' lang='lat' dir='ltr'><strong>Si</strong></span> <span class='ocrx_word' id='word_1_473' title='bbox 3211 2925 3296 2962; x_wconf 77' lang='lat' dir='ltr'><strong>vos</strong></span> <span class='ocrx_word' id='word_1_474' title='bbox 3331 2911 3454 2963; x_wconf 80' lang='lat' dir='ltr'><strong>ntali</strong></span> 
     </span>
    </p>
   </div>
   <div class='ocr_carea' id='block_1_60' title="bbox 1880 2987 3455 3069">
    <p class='ocr_par' dir='ltr' id='par_1_60' title="bbox 1880 2987 3455 3069">
     <span class='ocr_line' id='line_1_60' title="bbox 1880 2987 3455 3069; baseline 0.009 -29"><span class='ocrx_word' id='word_1_475' title='bbox 1880 3002 1997 3040; x_wconf 81' lang='lat' dir='ltr'><strong>cum</strong></span> <span class='ocrx_word' id='word_1_476' title='bbox 2026 2987 2157 3049; x_wconf 83' lang='lat' dir='ltr'><strong>sitis,</strong></span> <span class='ocrx_word' id='word_1_477' title='bbox 2191 2991 2352 3043; x_wconf 79' lang='lat' dir='ltr'><strong>nostis</strong></span> <span class='ocrx_word' id='word_1_478' title='bbox 2383 2989 2515 3043; x_wconf 78' lang='lat' dir='ltr'><strong>bona</strong></span> <span class='ocrx_word' id='word_1_479' title='bbox 2544 2990 2669 3044; x_wconf 87' lang='lat' dir='ltr'><strong>data</strong></span> <span class='ocrx_word' id='word_1_480' title='bbox 2714 2992 2840 3047; x_wconf 89' lang='lat' dir='ltr'><strong>dare</strong></span> <span class='ocrx_word' id='word_1_481' title='bbox 2867 2995 2991 3062; x_wconf 80' lang='lat' dir='ltr'><strong>ﬁliis</strong></span> <span class='ocrx_word' id='word_1_482' title='bbox 3015 2998 3192 3051; x_wconf 77' lang='lat' dir='ltr'><strong>vestris</strong></span> <span class='ocrx_word' id='word_1_483' title='bbox 3242 2998 3455 3069; x_wconf 79' lang='lat' dir='ltr'><strong>(Matth.</strong></span> 
     </span>
    </p>
   </div>
   <div class='ocr_carea' id='block_1_61' title="bbox 186 3077 1778 3161">
    <p class='ocr_par' dir='ltr' id='par_1_61' title="bbox 186 3087 1778 3161">
     <span class='ocr_line' id='line_1_61' title="bbox 186 3087 1778 3161; baseline -0.003 -16"><span class='ocrx_word' id='word_1_484' title='bbox 186 3091 369 3147; x_wconf 85' lang='lat' dir='ltr'><strong>dicit:</strong></span> <span class='ocrx_word' id='word_1_485' title='bbox 416 3090 527 3145; x_wconf 88' lang='lat' dir='ltr'><strong>Sub</strong></span> <span class='ocrx_word' id='word_1_486' title='bbox 583 3089 763 3143; x_wconf 84' lang='lat' dir='ltr'><strong>umbra</strong></span> <span class='ocrx_word' id='word_1_487' title='bbox 806 3090 938 3160; x_wconf 74' lang='lat' dir='ltr'><strong>ejus,</strong></span> <span class='ocrx_word' id='word_1_488' title='bbox 996 3106 1142 3161; x_wconf 88' lang='lat' dir='ltr'><strong>quem</strong></span> <span class='ocrx_word' id='word_1_489' title='bbox 1191 3087 1627 3153; x_wconf 79' lang='lat' dir='ltr'><strong>desideraveram,</strong></span> <span class='ocrx_word' id='word_1_490' title='bbox 1669 3087 1778 3141; x_wconf 83' lang='lat' dir='ltr'><strong>sedi</strong></span> 
     </span>
    </p>
   </div>
   <div class='ocr_carea' id='block_1_62' title="bbox 1882 3077 3459 3161">
    <p class='ocr_par' dir='ltr' id='par_1_62' title="bbox 1885 3077 3459 3159">
     <span class='ocr_line' id='line_1_62' title="bbox 1885 3077 3459 3159; baseline 0.01 -29"><span class='ocrx_word' id='word_1_491' title='bbox 1885 3093 1977 3143; x_wconf 73' lang='lat' dir='ltr'><strong>vn,</strong></span> <span class='ocrx_word' id='word_1_492' title='bbox 2010 3077 2120 3147; x_wconf 83' lang='lat' dir='ltr'><strong>ff).</strong></span> <span class='ocrx_word' id='word_1_493' title='bbox 2156 3078 2348 3134; x_wconf 82' lang='lat' dir='ltr'><strong>Achias</strong></span> <span class='ocrx_word' id='word_1_494' title='bbox 2395 3095 2524 3151; x_wconf 84' lang='lat' dir='ltr'><strong>ergo</strong></span> <span class='ocrx_word' id='word_1_495' title='bbox 2555 3081 2693 3137; x_wconf 84' lang='lat' dir='ltr'><strong>filius</strong></span> <span class='ocrx_word' id='word_1_496' title='bbox 2738 3083 2971 3143; x_wconf 80' lang='lat' dir='ltr'><strong>Achitob</strong></span> <span class='ocrx_word' id='word_1_497' title='bbox 3013 3088 3205 3143; x_wconf 89' lang='lat' dir='ltr'><strong>dicitur</strong></span> <span class='ocrx_word' id='word_1_498' title='bbox 3236 3108 3248 3144; x_wconf 86' lang='lat'><strong>:</strong></span> <span class='ocrx_word' id='word_1_499' title='bbox 3276 3102 3334 3145; x_wconf 91' lang='lat' dir='ltr'><strong>ut</strong></span> <span class='ocrx_word' id='word_1_500' title='bbox 3370 3093 3459 3159; x_wconf 92' lang='lat' dir='ltr'><strong>qui</strong></span> 
     </span>
    </p>
   </div>
   <div class='ocr_carea' id='block_1_63' title="bbox 196 3180 1781 3253">
    <p class='ocr_par' dir='ltr' id='par_1_63' title="bbox 196 3180 1781 3253">
     <span class='ocr_line' id='line_1_63' title="bbox 196 3180 1781 3253; baseline 0 -17"><span class='ocrx_word' id='word_1_501' title='bbox 196 3181 379 3248; x_wconf 83' lang='lat' dir='ltr'><strong>(Cant.</strong></span> <span class='ocrx_word' id='word_1_502' title='bbox 406 3198 462 3249; x_wconf 89' lang='grc' dir='ltr'>ιι,</span> <span class='ocrx_word' id='word_1_503' title='bbox 491 3182 569 3253; x_wconf 74' lang='lat'><strong>5).</strong></span> <span class='ocrx_word' id='word_1_504' title='bbox 595 3181 652 3237; x_wconf 87' lang='grc' dir='ltr'><strong>ιιι</strong></span> <span class='ocrx_word' id='word_1_505' title='bbox 676 3182 861 3237; x_wconf 90' lang='lat' dir='ltr'><strong>umbra</strong></span> <span class='ocrx_word' id='word_1_506' title='bbox 885 3183 1083 3253; x_wconf 91' lang='lat' dir='ltr'><strong>quippe</strong></span> <span class='ocrx_word' id='word_1_507' title='bbox 1106 3181 1223 3251; x_wconf 91' lang='lat' dir='ltr'><strong>ejus</strong></span> <span class='ocrx_word' id='word_1_508' title='bbox 1248 3181 1442 3237; x_wconf 89' lang='lat' dir='ltr'><strong>sedere</strong></span> <span class='ocrx_word' id='word_1_509' title='bbox 1471 3190 1554 3237; x_wconf 85' lang='lat' dir='ltr'><strong>cst</strong></span> <span class='ocrx_word' id='word_1_510' title='bbox 1582 3181 1636 3235; x_wconf 91' lang='lat' dir='ltr'><strong>in</strong></span> <span class='ocrx_word' id='word_1_511' title='bbox 1665 3180 1781 3249; x_wconf 91' lang='lat' dir='ltr'><strong>ejus</strong></span> 
     </span>
    </p>
   </div>
   <div class='ocr_carea' id='block_1_64' title="bbox 190 3271 1780 3342">
    <p class='ocr_par' dir='ltr' id='par_1_64' title="bbox 190 3271 1780 3342">
     <span class='ocr_line' id='line_1_64' title="bbox 190 3271 1780 3342; baseline 0.001 -16"><span class='ocrx_word' id='word_1_512' title='bbox 190 3272 653 3342; x_wconf 81' lang='lat' dir='ltr'><strong>contemplatione</strong></span> <span class='ocrx_word' id='word_1_513' title='bbox 679 3273 1036 3342; x_wconf 81' lang='lat' dir='ltr'><strong>requiescere.</strong></span> <span class='ocrx_word' id='word_1_514' title='bbox 1071 3271 1198 3341; x_wconf 82' lang='lat' dir='ltr'><strong>Ejus</strong></span> <span class='ocrx_word' id='word_1_515' title='bbox 1220 3280 1367 3327; x_wconf 90' lang='lat' dir='ltr'><strong>certe</strong></span> <span class='ocrx_word' id='word_1_516' title='bbox 1394 3271 1780 3342; x_wconf 86' lang='lat' dir='ltr'><strong>contemplatio</strong></span> 
     </span>
    </p>
   </div>
   <div class='ocr_carea' id='block_1_65' title="bbox 195 3360 1777 3431">
    <p class='ocr_par' dir='ltr' id='par_1_65' title="bbox 195 3360 1777 3431">
     <span class='ocr_line' id='line_1_65' title="bbox 195 3360 1777 3431; baseline 0.001 -17"><span class='ocrx_word' id='word_1_517' title='bbox 195 3360 391 3414; x_wconf 87' lang='lat' dir='ltr'><strong>umbra</strong></span> <span class='ocrx_word' id='word_1_518' title='bbox 426 3367 539 3426; x_wconf 88' lang='lat' dir='ltr'><strong>est,</strong></span> <span class='ocrx_word' id='word_1_519' title='bbox 572 3361 695 3428; x_wconf 89' lang='lat' dir='ltr'><strong>quia</strong></span> <span class='ocrx_word' id='word_1_520' title='bbox 725 3361 777 3414; x_wconf 92' lang='lat' dir='ltr'><strong>in</strong></span> <span class='ocrx_word' id='word_1_521' title='bbox 807 3360 925 3430; x_wconf 90' lang='lat' dir='ltr'><strong>ejus</strong></span> <span class='ocrx_word' id='word_1_522' title='bbox 952 3361 1156 3418; x_wconf 87' lang='lat' dir='ltr'><strong>visione</strong></span> <span class='ocrx_word' id='word_1_523' title='bbox 1185 3361 1535 3431; x_wconf 86' lang='lat' dir='ltr'><strong>protegimur,</strong></span> <span class='ocrx_word' id='word_1_524' title='bbox 1563 3376 1632 3417; x_wconf 89' lang='lat' dir='ltr'><strong>ne</strong></span> <span class='ocrx_word' id='word_1_525' title='bbox 1660 3361 1777 3416; x_wconf 83' lang='lat' dir='ltr'><strong>dia-</strong></span> 
     </span>
    </p>
   </div>
   <div class='ocr_carea' id='block_1_66' title="bbox 188 3447 1779 3520">
    <p class='ocr_par' dir='ltr' id='par_1_66' title="bbox 188 3447 1779 3520">
     <span class='ocr_line' id='line_1_66' title="bbox 188 3447 1779 3520; baseline 0.004 -18"><span class='ocrx_word' id='word_1_526' title='bbox 188 3447 373 3503; x_wconf 85' lang='lat' dir='ltr'><strong>bolica</strong></span> <span class='ocrx_word' id='word_1_527' title='bbox 405 3448 699 3504; x_wconf 88' lang='lat' dir='ltr'><strong>tentatione</strong></span> <span class='ocrx_word' id='word_1_528' title='bbox 724 3449 872 3504; x_wconf 87' lang='lat' dir='ltr'><strong>velut</strong></span> <span class='ocrx_word' id='word_1_529' title='bbox 900 3449 1029 3505; x_wconf 90' lang='lat' dir='ltr'><strong>solis</strong></span> <span class='ocrx_word' id='word_1_530' title='bbox 1048 3451 1245 3506; x_wconf 87' lang='lat' dir='ltr'><strong>ardore</strong></span> <span class='ocrx_word' id='word_1_531' title='bbox 1287 3451 1646 3520; x_wconf 89' lang='lat' dir='ltr'><strong>denigremur.</strong></span> <span class='ocrx_word' id='word_1_532' title='bbox 1678 3451 1779 3519; x_wconf 85' lang='lat' dir='ltr'><strong>Qui</strong></span> 
     </span>
    </p>
   </div>
   <div class='ocr_carea' id='block_1_67' title="bbox 187 3536 1779 3608">
    <p class='ocr_par' dir='ltr' id='par_1_67' title="bbox 187 3536 1779 3608">
     <span class='ocr_line' id='line_1_67' title="bbox 187 3536 1779 3608; baseline 0.003 -17"><span class='ocrx_word' id='word_1_533' title='bbox 187 3552 324 3607; x_wconf 88' lang='lat' dir='ltr'><strong>ergo</strong></span> <span class='ocrx_word' id='word_1_534' title='bbox 356 3545 464 3590; x_wconf 88' lang='lat' dir='ltr'><strong>tam</strong></span> <span class='ocrx_word' id='word_1_535' title='bbox 510 3536 808 3592; x_wconf 85' lang='lat' dir='ltr'><strong>sublimiter</strong></span> <span class='ocrx_word' id='word_1_536' title='bbox 842 3539 1206 3608; x_wconf 85' lang='lat' dir='ltr'><strong>requiescunt,</strong></span> <span class='ocrx_word' id='word_1_537' title='bbox 1236 3537 1377 3595; x_wconf 90' lang='lat' dir='ltr'><strong>ferre</strong></span> <span class='ocrx_word' id='word_1_538' title='bbox 1397 3554 1457 3596; x_wconf 89' lang='lat' dir='ltr'><strong>se</strong></span> <span class='ocrx_word' id='word_1_539' title='bbox 1488 3540 1779 3596; x_wconf 90' lang='lat' dir='ltr'><strong>consulen-</strong></span> 
     </span>
    </p>
   </div>
   <div class='ocr_carea' id='block_1_68' title="bbox 190 3626 1780 3697">
    <p class='ocr_par' dir='ltr' id='par_1_68' title="bbox 190 3626 1780 3697">
     <span class='ocr_line' id='line_1_68' title="bbox 190 3626 1780 3697; baseline 0.002 -17"><span class='ocrx_word' id='word_1_540' title='bbox 190 3627 336 3681; x_wconf 86' lang='lat' dir='ltr'><strong>tibus</strong></span> <span class='ocrx_word' id='word_1_541' title='bbox 384 3626 585 3682; x_wconf 71' lang='lat' dir='ltr'><strong>auxilia</strong></span> <span class='ocrx_word' id='word_1_542' title='bbox 634 3627 840 3681; x_wconf 89' lang='lat' dir='ltr'><strong>utiliter</strong></span> <span class='ocrx_word' id='word_1_543' title='bbox 867 3636 1113 3697; x_wconf 83' lang='lat' dir='ltr'><strong>possunt.</strong></span> <span class='ocrx_word' id='word_1_544' title='bbox 1164 3627 1270 3683; x_wconf 88' lang='lat' dir='ltr'><strong>Sed</strong></span> <span class='ocrx_word' id='word_1_545' title='bbox 1316 3636 1494 3684; x_wconf 87' lang='lat' dir='ltr'><strong>tamen</strong></span> <span class='ocrx_word' id='word_1_546' title='bbox 1535 3629 1780 3685; x_wconf 89' lang='lat' dir='ltr'><strong>nonnulli</strong></span> 
     </span>
    </p>
   </div>
   <div class='ocr_carea' id='block_1_69' title="bbox 188 3716 1776 3790">
    <p class='ocr_par' dir='ltr' id='par_1_69' title="bbox 188 3716 1776 3790">
     <span class='ocr_line' id='line_1_69' title="bbox 188 3716 1776 3790; baseline 0.003 -19"><span class='ocrx_word' id='word_1_547' title='bbox 188 3717 350 3771; x_wconf 84' lang='lat' dir='ltr'><strong>electi</strong></span> <span class='ocrx_word' id='word_1_548' title='bbox 388 3717 584 3772; x_wconf 87' lang='lat' dir='ltr'><strong>subditi</strong></span> <span class='ocrx_word' id='word_1_549' title='bbox 609 3716 737 3772; x_wconf 90' lang='lat' dir='ltr'><strong>dum</strong></span> <span class='ocrx_word' id='word_1_550' title='bbox 764 3718 1128 3772; x_wconf 75' lang='lat' dir='ltr'><strong>infirmitatem</strong></span> <span class='ocrx_word' id='word_1_551' title='bbox 1176 3720 1445 3790; x_wconf 87' lang='lat' dir='ltr'><strong>propriam</strong></span> <span class='ocrx_word' id='word_1_552' title='bbox 1488 3730 1776 3788; x_wconf 89' lang='lat' dir='ltr'><strong>metuunt;</strong></span> 
     </span>
    </p>
   </div>
   <div class='ocr_carea' id='block_1_70' title="bbox 192 3808 1779 3880">
    <p class='ocr_par' dir='ltr' id='par_1_70' title="bbox 192 3808 1779 3880">
     <span class='ocr_line' id='line_1_70' title="bbox 192 3808 1779 3880; baseline 0.002 -18"><span class='ocrx_word' id='word_1_553' title='bbox 192 3808 320 3862; x_wconf 89' lang='lat' dir='ltr'><strong>dum</strong></span> <span class='ocrx_word' id='word_1_554' title='bbox 349 3810 528 3863; x_wconf 90' lang='lat' dir='ltr'><strong>solum</strong></span> <span class='ocrx_word' id='word_1_555' title='bbox 561 3808 726 3863; x_wconf 90' lang='lat' dir='ltr'><strong>Deum</strong></span> <span class='ocrx_word' id='word_1_556' title='bbox 756 3809 945 3877; x_wconf 86' lang='lat' dir='ltr'><strong>agonis</strong></span> <span class='ocrx_word' id='word_1_557' title='bbox 980 3810 1063 3864; x_wconf 87' lang='lat' dir='ltr'><strong>sui</strong></span> <span class='ocrx_word' id='word_1_558' title='bbox 1092 3816 1198 3866; x_wconf 92' lang='lat' dir='ltr'><strong>test</strong></span> <span class='ocrx_word' id='word_1_559' title='bbox 1233 3826 1284 3863; x_wconf 87' lang='grc' dir='ltr'><strong>ιιι</strong></span> <span class='ocrx_word' id='word_1_560' title='bbox 1314 3810 1590 3880; x_wconf 90' lang='lat' dir='ltr'><strong>requirunt</strong></span> <span class='ocrx_word' id='word_1_561' title='bbox 1609 3850 1624 3876; x_wconf 95' lang='lat'><strong>,</strong></span> <span class='ocrx_word' id='word_1_562' title='bbox 1655 3818 1779 3865; x_wconf 90' lang='lat' dir='ltr'><strong>tan-</strong></span> 
     </span>
    </p>
   </div>
   <div class='ocr_carea' id='block_1_71' title="bbox 190 3896 1779 3967">
    <p class='ocr_par' dir='ltr' id='par_1_71' title="bbox 190 3896 1779 3967">
     <span class='ocr_line' id='line_1_71' title="bbox 190 3896 1779 3967; baseline 0.003 -17"><span class='ocrx_word' id='word_1_563' title='bbox 190 3904 370 3951; x_wconf 88' lang='lat' dir='ltr'><strong>torum</strong></span> <span class='ocrx_word' id='word_1_564' title='bbox 391 3897 669 3953; x_wconf 85' lang='lat' dir='ltr'><strong>hominum</strong></span> <span class='ocrx_word' id='word_1_565' title='bbox 687 3896 885 3966; x_wconf 89' lang='lat' dir='ltr'><strong>judicia</strong></span> <span class='ocrx_word' id='word_1_566' title='bbox 910 3896 1135 3967; x_wconf 88' lang='lat' dir='ltr'><strong>fugiunt,</strong></span> <span class='ocrx_word' id='word_1_567' title='bbox 1159 3907 1269 3954; x_wconf 90' lang='lat' dir='ltr'><strong>uta</strong></span> <span class='ocrx_word' id='word_1_568' title='bbox 1289 3899 1406 3954; x_wconf 88' lang='lat' dir='ltr'><strong>solo</strong></span> <span class='ocrx_word' id='word_1_569' title='bbox 1428 3898 1538 3955; x_wconf 93' lang='lat' dir='ltr'><strong>Deo</strong></span> <span class='ocrx_word' id='word_1_570' title='bbox 1564 3900 1617 3954; x_wconf 92' lang='lat' dir='ltr'><strong>in</strong></span> <span class='ocrx_word' id='word_1_571' title='bbox 1637 3900 1779 3955; x_wconf 92' lang='lat' dir='ltr'><strong>bona</strong></span> 
     </span>
    </p>
   </div>
   <div class='ocr_carea' id='block_1_72' title="bbox 187 3987 1779 4058">
    <p class='ocr_par' dir='ltr' id='par_1_72' title="bbox 187 3987 1779 4058">
     <span class='ocr_line' id='line_1_72' title="bbox 187 3987 1779 4058; baseline 0.003 -18"><span class='ocrx_word' id='word_1_572' title='bbox 187 4002 287 4041; x_wconf 79' lang='lat' dir='ltr'><strong>sua</strong></span> <span class='ocrx_word' id='word_1_573' title='bbox 316 3987 538 4042; x_wconf 83' lang='lat' dir='ltr'><strong>actione</strong></span> <span class='ocrx_word' id='word_1_574' title='bbox 568 3987 867 4044; x_wconf 85' lang='lat' dir='ltr'><strong>videantur.</strong></span> <span class='ocrx_word' id='word_1_575' title='bbox 900 3988 1046 4044; x_wconf 85' lang='lat' dir='ltr'><strong>Bene</strong></span> <span class='ocrx_word' id='word_1_576' title='bbox 1074 4003 1203 4058; x_wconf 89' lang='lat' dir='ltr'><strong>ergo</strong></span> <span class='ocrx_word' id='word_1_577' title='bbox 1226 3996 1281 4045; x_wconf 92' lang='lat' dir='ltr'><strong>et</strong></span> <span class='ocrx_word' id='word_1_578' title='bbox 1306 3989 1435 4045; x_wconf 91' lang='lat' dir='ltr'><strong>Saul</strong></span> <span class='ocrx_word' id='word_1_579' title='bbox 1465 3990 1515 4044; x_wconf 92' lang='lat' dir='ltr'><strong>in</strong></span> <span class='ocrx_word' id='word_1_580' title='bbox 1540 3998 1779 4046; x_wconf 85' lang='lat' dir='ltr'><strong>extrema</strong></span> 
     </span>
    </p>
   </div>
   <div class='ocr_carea' id='block_1_73' title="bbox 190 4076 1783 4147">
    <p class='ocr_par' dir='ltr' id='par_1_73' title="bbox 190 4076 1783 4147">
     <span class='ocr_line' id='line_1_73' title="bbox 190 4076 1783 4147; baseline 0.001 -14"><span class='ocrx_word' id='word_1_581' title='bbox 190 4086 345 4147; x_wconf 86' lang='lat' dir='ltr'><strong>parte</strong></span> <span class='ocrx_word' id='word_1_582' title='bbox 376 4076 564 4131; x_wconf 83' lang='lat' dir='ltr'><strong>Gabaa</strong></span> <span class='ocrx_word' id='word_1_583' title='bbox 590 4078 688 4133; x_wconf 88' lang='lat' dir='ltr'><strong>sub</strong></span> <span class='ocrx_word' id='word_1_584' title='bbox 709 4078 853 4132; x_wconf 89' lang='lat' dir='ltr'><strong>malo</strong></span> <span class='ocrx_word' id='word_1_585' title='bbox 880 4091 1011 4147; x_wconf 88' lang='lat' dir='ltr'><strong>gran</strong></span> <span class='ocrx_word' id='word_1_586' title='bbox 1031 4088 1104 4133; x_wconf 82' lang='lat' dir='ltr'><strong>:to</strong></span> <span class='ocrx_word' id='word_1_587' title='bbox 1135 4078 1333 4133; x_wconf 89' lang='lat' dir='ltr'><strong>morari</strong></span> <span class='ocrx_word' id='word_1_588' title='bbox 1364 4078 1576 4144; x_wconf 90' lang='lat' dir='ltr'><strong>dicitur,</strong></span> <span class='ocrx_word' id='word_1_589' title='bbox 1610 4085 1664 4133; x_wconf 88' lang='lat' dir='ltr'><strong>et</strong></span> <span class='ocrx_word' id='word_1_590' title='bbox 1688 4078 1783 4134; x_wconf 82' lang='lat' dir='ltr'><strong>Jo-</strong></span> 
     </span>
    </p>
   </div>
   <div class='ocr_carea' id='block_1_74' title="bbox 192 4166 1779 4238">
    <p class='ocr_par' dir='ltr' id='par_1_74' title="bbox 192 4166 1779 4238">
     <span class='ocr_line' id='line_1_74' title="bbox 192 4166 1779 4238; baseline 0.002 -18"><span class='ocrx_word' id='word_1_591' title='bbox 192 4166 386 4222; x_wconf 86' lang='lat' dir='ltr'><strong>nathas</strong></span> <span class='ocrx_word' id='word_1_592' title='bbox 419 4166 547 4222; x_wconf 81' lang='lat' dir='ltr'><strong>belli</strong></span> <span class='ocrx_word' id='word_1_593' title='bbox 580 4169 911 4237; x_wconf 88' lang='lat' dir='ltr'><strong>propositum</strong></span> <span class='ocrx_word' id='word_1_594' title='bbox 943 4168 991 4222; x_wconf 91' lang='lat' dir='ltr'><strong>ei</strong></span> <span class='ocrx_word' id='word_1_595' title='bbox 1024 4183 1127 4222; x_wconf 86' lang='lat' dir='ltr'><strong>non</strong></span> <span class='ocrx_word' id='word_1_596' title='bbox 1165 4168 1427 4223; x_wconf 90' lang='lat' dir='ltr'><strong>indicasse</strong></span> <span class='ocrx_word' id='word_1_597' title='bbox 1460 4168 1624 4238; x_wconf 88' lang='lat' dir='ltr'><strong>:quia</strong></span> <span class='ocrx_word' id='word_1_598' title='bbox 1654 4169 1779 4225; x_wconf 91' lang='lat' dir='ltr'><strong>dum</strong></span> 
     </span>
    </p>
   </div>
   <div class='ocr_carea' id='block_1_75' title="bbox 193 4255 1781 4328">
    <p class='ocr_par' dir='ltr' id='par_1_75' title="bbox 193 4255 1781 4328">
     <span class='ocr_line' id='line_1_75' title="bbox 193 4255 1781 4328; baseline 0.003 -18"><span class='ocrx_word' id='word_1_599' title='bbox 193 4255 434 4325; x_wconf 76' lang='lat' dir='ltr'><strong>perfecte</strong></span> <span class='ocrx_word' id='word_1_600' title='bbox 464 4272 657 4312; x_wconf 84' lang='lat' dir='ltr'><strong>cavere</strong></span> <span class='ocrx_word' id='word_1_601' title='bbox 685 4258 971 4313; x_wconf 87' lang='lat' dir='ltr'><strong>elationem</strong></span> <span class='ocrx_word' id='word_1_602' title='bbox 1000 4274 1107 4313; x_wconf 92' lang='lat' dir='ltr'><strong>non</strong></span> <span class='ocrx_word' id='word_1_603' title='bbox 1134 4274 1436 4328; x_wconf 81' lang='lat' dir='ltr'><strong>possumu=,</strong></span> <span class='ocrx_word' id='word_1_604' title='bbox 1468 4260 1688 4325; x_wconf 89' lang='lat' dir='ltr'><strong>bonum,</strong></span> <span class='ocrx_word' id='word_1_605' title='bbox 1713 4259 1781 4315; x_wconf 91' lang='lat' dir='ltr'><strong>de</strong></span> 
     </span>
    </p>
   </div>
   <div class='ocr_carea' id='block_1_76' title="bbox 192 4344 1777 4418">
    <p class='ocr_par' dir='ltr' id='par_1_76' title="bbox 192 4344 1777 4418">
     <span class='ocr_line' id='line_1_76' title="bbox 192 4344 1777 4418; baseline 0.004 -21"><span class='ocrx_word' id='word_1_606' title='bbox 192 4360 299 4414; x_wconf 89' lang='lat' dir='ltr'><strong>quo</strong></span> <span class='ocrx_word' id='word_1_607' title='bbox 323 4344 476 4399; x_wconf 89' lang='lat' dir='ltr'><strong>nasci</strong></span> <span class='ocrx_word' id='word_1_608' title='bbox 506 4353 703 4414; x_wconf 85' lang='lat' dir='ltr'><strong>potest,</strong></span> <span class='ocrx_word' id='word_1_609' title='bbox 726 4347 975 4401; x_wconf 89' lang='lat' dir='ltr'><strong>onmibns</strong></span> <span class='ocrx_word' id='word_1_610' title='bbox 1005 4348 1260 4403; x_wconf 88' lang='lat' dir='ltr'><strong>abscondi</strong></span> <span class='ocrx_word' id='word_1_611' title='bbox 1280 4349 1462 4405; x_wconf 90' lang='lat' dir='ltr'><strong>debet.</strong></span> <span class='ocrx_word' id='word_1_612' title='bbox 1493 4348 1777 4418; x_wconf 91' lang='lat' dir='ltr'><strong>Sequitur:</strong></span> 
     </span>
    </p>
   </div>
   <div class='ocr_carea' id='block_1_77' title="bbox 1886 3167 3459 3248">
    <p class='ocr_par' dir='ltr' id='par_1_77' title="bbox 1886 3167 3459 3248">
     <span class='ocr_line' id='line_1_77' title="bbox 1886 3167 3459 3248; baseline 0.009 -26"><span class='ocrx_word' id='word_1_613' title='bbox 1886 3168 1941 3223; x_wconf 93' lang='lat' dir='ltr'><strong>in</strong></span> <span class='ocrx_word' id='word_1_614' title='bbox 1970 3167 2210 3224; x_wconf 59' lang='lat' dir='ltr'><strong>Ecclesia</strong></span> <span class='ocrx_word' id='word_1_615' title='bbox 2257 3178 2508 3240; x_wconf 85' lang='lat' dir='ltr'><strong>potentes</strong></span> <span class='ocrx_word' id='word_1_616' title='bbox 2555 3181 2703 3242; x_wconf 89' lang='lat' dir='ltr'><strong>sunt,</strong></span> <span class='ocrx_word' id='word_1_617' title='bbox 2745 3190 2933 3231; x_wconf 88' lang='lat' dir='ltr'><strong>eorum</strong></span> <span class='ocrx_word' id='word_1_618' title='bbox 2966 3180 3206 3248; x_wconf 92' lang='lat' dir='ltr'><strong>potentia</strong></span> <span class='ocrx_word' id='word_1_619' title='bbox 3234 3196 3302 3235; x_wconf 78' lang='lat' dir='ltr'><strong>ex</strong></span> <span class='ocrx_word' id='word_1_620' title='bbox 3346 3182 3459 3237; x_wconf 80' lang='lat' dir='ltr'><strong>sola</strong></span> 
     </span>
    </p>
   </div>
   <div class='ocr_carea' id='block_1_78' title="bbox 1883 3259 3460 3331">
    <p class='ocr_par' dir='ltr' id='par_1_78' title="bbox 1883 3259 3460 3331">
     <span class='ocr_line' id='line_1_78' title="bbox 1883 3259 3460 3331; baseline 0.01 -17"><span class='ocrx_word' id='word_1_621' title='bbox 1883 3259 2258 3331; x_wconf 78' lang='lat' dir='ltr'><strong>Redemptoris</strong></span> <span class='ocrx_word' id='word_1_622' title='bbox 2306 3263 2605 3320; x_wconf 87' lang='lat' dir='ltr'><strong>imitatione</strong></span> <span class='ocrx_word' id='word_1_623' title='bbox 2652 3267 2729 3321; x_wconf 87' lang='lat' dir='ltr'><strong>eis</strong></span> <span class='ocrx_word' id='word_1_624' title='bbox 2777 3267 2953 3324; x_wconf 91' lang='lat' dir='ltr'><strong>inesse</strong></span> <span class='ocrx_word' id='word_1_625' title='bbox 3000 3273 3281 3327; x_wconf 84' lang='lat' dir='ltr'><strong>sentiatur.</strong></span> <span class='ocrx_word' id='word_1_626' title='bbox 3317 3274 3460 3330; x_wconf 81' lang='lat' dir='ltr'><strong>Idem</strong></span> 
     </span>
    </p>
   </div>
   <div class='ocr_carea' id='block_1_79' title="bbox 1881 3354 3459 3433">
    <p class='ocr_par' dir='ltr' id='par_1_79' title="bbox 1881 3354 3459 3433">
     <span class='ocr_line' id='line_1_79' title="bbox 1881 3354 3459 3433; baseline 0.01 -27"><span class='ocrx_word' id='word_1_627' title='bbox 1881 3367 2010 3407; x_wconf 85' lang='lat' dir='ltr'><strong>vero</strong></span> <span class='ocrx_word' id='word_1_628' title='bbox 2032 3354 2260 3410; x_wconf 86' lang='lat' dir='ltr'><strong>Achitob</strong></span> <span class='ocrx_word' id='word_1_629' title='bbox 2287 3354 2452 3413; x_wconf 89' lang='lat' dir='ltr'><strong>frater</strong></span> <span class='ocrx_word' id='word_1_630' title='bbox 2475 3356 2694 3415; x_wconf 87' lang='lat' dir='ltr'><strong>lchabot</strong></span> <span class='ocrx_word' id='word_1_631' title='bbox 2715 3361 2992 3427; x_wconf 84' lang='lat' dir='ltr'><strong>asseritur,</strong></span> <span class='ocrx_word' id='word_1_632' title='bbox 3017 3364 3141 3433; x_wconf 89' lang='lat' dir='ltr'><strong>quia</strong></span> <span class='ocrx_word' id='word_1_633' title='bbox 3171 3380 3202 3418; x_wconf 91' lang='lat' dir='ltr'><strong>a</strong></span> <span class='ocrx_word' id='word_1_634' title='bbox 3232 3366 3459 3420; x_wconf 88' lang='lat' dir='ltr'><strong>transla-</strong></span> 
     </span>
    </p>
   </div>
   <div class='ocr_carea' id='block_1_80' title="bbox 1882 3441 3497 3526">
    <p class='ocr_par' dir='ltr' id='par_1_80' title="bbox 1882 3441 3497 3526">
     <span class='ocr_line' id='line_1_80' title="bbox 1882 3441 3497 3526; baseline 0.007 -31"><span class='ocrx_word' id='word_1_635' title='bbox 1882 3441 2031 3497; x_wconf 89' lang='lat' dir='ltr'><strong>tione</strong></span> <span class='ocrx_word' id='word_1_636' title='bbox 2078 3444 2261 3512; x_wconf 76' lang='lat' dir='ltr'><strong>gloria:</strong></span> <span class='ocrx_word' id='word_1_637' title='bbox 2313 3455 2672 3518; x_wconf 87' lang='lat' dir='ltr'><strong>nuncupatur.</strong></span> <span class='ocrx_word' id='word_1_638' title='bbox 2727 3451 2860 3507; x_wconf 81' lang='lat' dir='ltr'><strong>Nam</strong></span> <span class='ocrx_word' id='word_1_639' title='bbox 2912 3451 3240 3526; x_wconf 82' lang='lat' dir='ltr'><strong>Redemptor</strong></span> <span class='ocrx_word' id='word_1_640' title='bbox 3280 3464 3497 3511; x_wconf 71' lang='lat' dir='ltr'><strong>noster.</strong></span> 
     </span>
    </p>
   </div>
   <div class='ocr_carea' id='block_1_81' title="bbox 1881 3536 3461 3610">
    <p class='ocr_par' dir='ltr' id='par_1_81' title="bbox 1881 3536 3461 3610">
     <span class='ocr_line' id='line_1_81' title="bbox 1881 3536 3461 3610; baseline 0.008 -20"><span class='ocrx_word' id='word_1_641' title='bbox 1881 3536 2175 3592; x_wconf 88' lang='lat' dir='ltr'><strong>secundum</strong></span> <span class='ocrx_word' id='word_1_642' title='bbox 2206 3553 2425 3594; x_wconf 91' lang='lat' dir='ltr'><strong>carnem</strong></span> <span class='ocrx_word' id='word_1_643' title='bbox 2454 3540 2521 3595; x_wconf 89' lang='lat' dir='ltr'><strong>de</strong></span> <span class='ocrx_word' id='word_1_644' title='bbox 2560 3539 2865 3596; x_wconf 81' lang='lat' dir='ltr'><strong>Judaeorum</strong></span> <span class='ocrx_word' id='word_1_645' title='bbox 2892 3550 3055 3610; x_wconf 90' lang='lat' dir='ltr'><strong>gente</strong></span> <span class='ocrx_word' id='word_1_646' title='bbox 3091 3553 3171 3599; x_wconf 91' lang='lat' dir='ltr'><strong>est</strong></span> <span class='ocrx_word' id='word_1_647' title='bbox 3214 3552 3388 3600; x_wconf 90' lang='lat' dir='ltr'><strong>natus.</strong></span> <span class='ocrx_word' id='word_1_648' title='bbox 3418 3546 3461 3603; x_wconf 78' lang='grc' dir='ltr'>Α</span> 
     </span>
    </p>
   </div>
   <div class='ocr_carea' id='block_1_82' title="bbox 1882 3632 3461 3707">
    <p class='ocr_par' dir='ltr' id='par_1_82' title="bbox 1882 3632 3461 3707">
     <span class='ocr_line' id='line_1_82' title="bbox 1882 3632 3461 3707; baseline 0.006 -24"><span class='ocrx_word' id='word_1_649' title='bbox 1882 3645 1988 3700; x_wconf 91' lang='lat' dir='ltr'><strong>quo</strong></span> <span class='ocrx_word' id='word_1_650' title='bbox 2018 3632 2269 3687; x_wconf 89' lang='lat' dir='ltr'><strong>nimirum</strong></span> <span class='ocrx_word' id='word_1_651' title='bbox 2317 3633 2538 3705; x_wconf 88' lang='lat' dir='ltr'><strong>populo,</strong></span> <span class='ocrx_word' id='word_1_652' title='bbox 2589 3635 2715 3703; x_wconf 85' lang='lat' dir='ltr'><strong>quia</strong></span> <span class='ocrx_word' id='word_1_653' title='bbox 2768 3636 2944 3691; x_wconf 88' lang='lat' dir='ltr'><strong>omnis</strong></span> <span class='ocrx_word' id='word_1_654' title='bbox 2988 3644 3209 3692; x_wconf 88' lang='lat' dir='ltr'><strong>ornatus</strong></span> <span class='ocrx_word' id='word_1_655' title='bbox 3254 3639 3461 3707; x_wconf 80' lang='lat' dir='ltr'><strong>templi,</strong></span> 
     </span>
    </p>
   </div>
   <div class='ocr_carea' id='block_1_83' title="bbox 1881 3725 3463 3800">
    <p class='ocr_par' dir='ltr' id='par_1_83' title="bbox 1881 3725 3463 3800">
     <span class='ocr_line' id='line_1_83' title="bbox 1881 3725 3463 3800; baseline 0.004 -22"><span class='ocrx_word' id='word_1_656' title='bbox 1881 3737 2069 3779; x_wconf 89' lang='lat' dir='ltr'><strong>omnes</strong></span> <span class='ocrx_word' id='word_1_657' title='bbox 2091 3725 2475 3781; x_wconf 79' lang='lat' dir='ltr'><strong>sacrificiorum</strong></span> <span class='ocrx_word' id='word_1_658' title='bbox 2512 3726 2667 3793; x_wconf 73' lang='lat' dir='ltr'><strong>rizus,</strong></span> <span class='ocrx_word' id='word_1_659' title='bbox 2696 3728 2877 3782; x_wconf 86' lang='lat' dir='ltr'><strong>omnia</strong></span> <span class='ocrx_word' id='word_1_660' title='bbox 2902 3727 3296 3798; x_wconf 88' lang='lat' dir='ltr'><strong>Scripturarum</strong></span> <span class='ocrx_word' id='word_1_661' title='bbox 3322 3746 3463 3800; x_wconf 85' lang='lat' dir='ltr'><strong>mys-</strong></span> 
     </span>
    </p>
   </div>
   <div class='ocr_carea' id='block_1_84' title="bbox 1883 3812 3464 3885">
    <p class='ocr_par' dir='ltr' id='par_1_84' title="bbox 1883 3812 3464 3885">
     <span class='ocr_line' id='line_1_84' title="bbox 1883 3812 3464 3885; baseline 0.006 -19"><span class='ocrx_word' id='word_1_662' title='bbox 1883 3812 2018 3866; x_wconf 89' lang='lat' dir='ltr'><strong>teria</strong></span> <span class='ocrx_word' id='word_1_663' title='bbox 2071 3813 2139 3868; x_wconf 91' lang='lat' dir='ltr'><strong>ad</strong></span> <span class='ocrx_word' id='word_1_664' title='bbox 2180 3815 2435 3883; x_wconf 87' lang='lat' dir='ltr'><strong>gentilem</strong></span> <span class='ocrx_word' id='word_1_665' title='bbox 2483 3816 2740 3885; x_wconf 91' lang='lat' dir='ltr'><strong>populum</strong></span> <span class='ocrx_word' id='word_1_666' title='bbox 2789 3817 3145 3883; x_wconf 89' lang='lat' dir='ltr'><strong>transierunt,</strong></span> <span class='ocrx_word' id='word_1_667' title='bbox 3184 3821 3464 3876; x_wconf 88' lang='lat' dir='ltr'><strong>translatio</strong></span> 
     </span>
    </p>
   </div>
   <div class='ocr_carea' id='block_1_85' title="bbox 1882 3901 3464 3977">
    <p class='ocr_par' dir='ltr' id='par_1_85' title="bbox 1882 3901 3464 3977">
     <span class='ocr_line' id='line_1_85' title="bbox 1882 3901 3464 3977; baseline 0.004 -22"><span class='ocrx_word' id='word_1_668' title='bbox 1882 3901 2067 3969; x_wconf 74' lang='lat' dir='ltr'><strong>gloria:</strong></span> <span class='ocrx_word' id='word_1_669' title='bbox 2090 3902 2145 3957; x_wconf 90' lang='lat' dir='ltr'><strong>in</strong></span> <span class='ocrx_word' id='word_1_670' title='bbox 2175 3903 2407 3959; x_wconf 83' lang='lat' dir='ltr'><strong>Achitob</strong></span> <span class='ocrx_word' id='word_1_671' title='bbox 2439 3903 2603 3959; x_wconf 89' lang='lat' dir='ltr'><strong>fratre</strong></span> <span class='ocrx_word' id='word_1_672' title='bbox 2634 3913 2783 3960; x_wconf 86' lang='lat' dir='ltr'><strong>recte</strong></span> <span class='ocrx_word' id='word_1_673' title='bbox 2812 3915 3160 3961; x_wconf 87' lang='lat' dir='ltr'><strong>memoratur.</strong></span> <span class='ocrx_word' id='word_1_674' title='bbox 3186 3906 3306 3977; x_wconf 82' lang='lat' dir='ltr'><strong>Ipse</strong></span> <span class='ocrx_word' id='word_1_675' title='bbox 3326 3925 3464 3977; x_wconf 88' lang='lat' dir='ltr'><strong>quo-</strong></span> 
     </span>
    </p>
   </div>
   <div class='ocr_carea' id='block_1_86' title="bbox 1868 3987 3463 4069">
    <p class='ocr_par' dir='ltr' id='par_1_86' title="bbox 1868 3987 3463 4069">
     <span class='ocr_line' id='line_1_86' title="bbox 1868 3987 3463 4069; baseline 0.003 -21"><span class='ocrx_word' id='word_1_676' title='bbox 1868 4008 1990 4063; x_wconf 82' lang='lat' dir='ltr'><strong>que</strong></span> <span class='ocrx_word' id='word_1_677' title='bbox 2037 3994 2267 4050; x_wconf 82' lang='lat' dir='ltr'><strong>Achitob</strong></span> <span class='ocrx_word' id='word_1_678' title='bbox 2319 3995 2550 4052; x_wconf 84' lang='lat' dir='ltr'><strong>Phinees</strong></span> <span class='ocrx_word' id='word_1_679' title='bbox 2590 3987 2920 4053; x_wconf 65' lang='lat' dir='ltr'><strong>fuisse&#39;filius</strong></span> <span class='ocrx_word' id='word_1_680' title='bbox 2950 3998 3144 4053; x_wconf 90' lang='lat' dir='ltr'><strong>dicitur</strong></span> <span class='ocrx_word' id='word_1_681' title='bbox 3173 4016 3187 4053; x_wconf 90' lang='lat'><strong>:</strong></span> <span class='ocrx_word' id='word_1_682' title='bbox 3219 4000 3342 4069; x_wconf 89' lang='lat' dir='ltr'><strong>quia</strong></span> <span class='ocrx_word' id='word_1_683' title='bbox 3367 3999 3463 4053; x_wconf 83' lang='lat' dir='ltr'><strong>Ju-</strong></span> 
     </span>
    </p>
   </div>
   <div class='ocr_carea' id='block_1_87' title="bbox 1884 4084 3462 4159">
    <p class='ocr_par' dir='ltr' id='par_1_87' title="bbox 1884 4084 3462 4159">
     <span class='ocr_line' id='line_1_87' title="bbox 1884 4084 3462 4159; baseline 0.004 -21"><span class='ocrx_word' id='word_1_684' title='bbox 1884 4084 2070 4140; x_wconf 86' lang='lat' dir='ltr'><strong>daicus</strong></span> <span class='ocrx_word' id='word_1_685' title='bbox 2099 4085 2331 4156; x_wconf 90' lang='lat' dir='ltr'><strong>populus</strong></span> <span class='ocrx_word' id='word_1_686' title='bbox 2358 4085 2412 4140; x_wconf 92' lang='lat' dir='ltr'><strong>in</strong></span> <span class='ocrx_word' id='word_1_687' title='bbox 2440 4087 2641 4142; x_wconf 90' lang='lat' dir='ltr'><strong>erroris</strong></span> <span class='ocrx_word' id='word_1_688' title='bbox 2663 4088 2742 4142; x_wconf 89' lang='lat' dir='ltr'><strong>sui</strong></span> <span class='ocrx_word' id='word_1_689' title='bbox 2766 4087 3005 4158; x_wconf 85' lang='lat' dir='ltr'><strong>perfidia,</strong></span> <span class='ocrx_word' id='word_1_690' title='bbox 3037 4105 3142 4159; x_wconf 89' lang='lat' dir='ltr'><strong>qua</strong></span> <span class='ocrx_word' id='word_1_691' title='bbox 3172 4104 3230 4144; x_wconf 88' lang='lat' dir='ltr'><strong>se</strong></span> <span class='ocrx_word' id='word_1_692' title='bbox 3259 4091 3462 4154; x_wconf 84' lang='lat' dir='ltr'><strong>mersit,</strong></span> 
     </span>
    </p>
   </div>
   <div class='ocr_carea' id='block_1_88' title="bbox 1883 4175 3464 4247">
    <p class='ocr_par' dir='ltr' id='par_1_88' title="bbox 1883 4175 3464 4247">
     <span class='ocr_line' id='line_1_88' title="bbox 1883 4175 3464 4247; baseline 0.003 -18"><span class='ocrx_word' id='word_1_693' title='bbox 1883 4175 2126 4245; x_wconf 89' lang='lat' dir='ltr'><strong>ejusdem</strong></span> <span class='ocrx_word' id='word_1_694' title='bbox 2154 4176 2329 4246; x_wconf 88' lang='lat' dir='ltr'><strong>gentis</strong></span> <span class='ocrx_word' id='word_1_695' title='bbox 2356 4191 2465 4231; x_wconf 80' lang='lat' dir='ltr'><strong>suae</strong></span> <span class='ocrx_word' id='word_1_696' title='bbox 2493 4176 2743 4233; x_wconf 82' lang='lat' dir='ltr'><strong>doctores</strong></span> <span class='ocrx_word' id='word_1_697' title='bbox 2772 4193 2832 4233; x_wconf 87' lang='lat' dir='ltr'><strong>se</strong></span> <span class='ocrx_word' id='word_1_698' title='bbox 2861 4177 3018 4233; x_wconf 88' lang='lat' dir='ltr'><strong>valde</strong></span> <span class='ocrx_word' id='word_1_699' title='bbox 3056 4178 3341 4247; x_wconf 88' lang='lat' dir='ltr'><strong>nequiores</strong></span> <span class='ocrx_word' id='word_1_700' title='bbox 3369 4180 3464 4233; x_wconf 84' lang='lat' dir='ltr'><strong>ha-</strong></span> 
     </span>
    </p>
   </div>
   <div class='ocr_carea' id='block_1_89' title="bbox 1883 4266 3466 4339">
    <p class='ocr_par' dir='ltr' id='par_1_89' title="bbox 1883 4266 3466 4339">
     <span class='ocr_line' id='line_1_89' title="bbox 1883 4266 3466 4339; baseline 0.003 -18"><span class='ocrx_word' id='word_1_701' title='bbox 1883 4267 2019 4322; x_wconf 92' lang='lat' dir='ltr'><strong>buit.</strong></span> <span class='ocrx_word' id='word_1_702' title='bbox 2058 4266 2207 4323; x_wconf 89' lang='lat' dir='ltr'><strong>Unde</strong></span> <span class='ocrx_word' id='word_1_703' title='bbox 2256 4277 2312 4324; x_wconf 85' lang='lat' dir='ltr'><strong>et</strong></span> <span class='ocrx_word' id='word_1_704' title='bbox 2346 4269 2487 4325; x_wconf 90' lang='lat' dir='ltr'><strong>idem</strong></span> <span class='ocrx_word' id='word_1_705' title='bbox 2536 4269 2787 4337; x_wconf 87' lang='lat' dir='ltr'><strong>Phinees,</strong></span> <span class='ocrx_word' id='word_1_706' title='bbox 2836 4286 2897 4326; x_wconf 88' lang='lat' dir='ltr'><strong>os</strong></span> <span class='ocrx_word' id='word_1_707' title='bbox 2935 4279 3158 4339; x_wconf 89' lang='lat' dir='ltr'><strong>mutum,</strong></span> <span class='ocrx_word' id='word_1_708' title='bbox 3205 4273 3349 4339; x_wconf 89' lang='lat' dir='ltr'><strong>sive,</strong></span> <span class='ocrx_word' id='word_1_709' title='bbox 3382 4273 3466 4327; x_wconf 91' lang='lat' dir='ltr'><strong>ori</strong></span> 
     </span>
    </p>
   </div>
   <div class='ocr_carea' id='block_1_90' title="bbox 1887 4359 3462 4434">
    <p class='ocr_par' dir='ltr' id='par_1_90' title="bbox 1887 4359 3462 4434">
     <span class='ocr_line' id='line_1_90' title="bbox 1887 4359 3462 4434; baseline 0.004 -23"><span class='ocrx_word' id='word_1_710' title='bbox 1887 4373 2114 4427; x_wconf 90' lang='lat' dir='ltr'><strong>parcens</strong></span> <span class='ocrx_word' id='word_1_711' title='bbox 2162 4359 2566 4430; x_wconf 89' lang='lat' dir='ltr'><strong>interpretatur.</strong></span> <span class='ocrx_word' id='word_1_712' title='bbox 2616 4359 2687 4416; x_wconf 87' lang='lat' dir='ltr'><strong>Os</strong></span> <span class='ocrx_word' id='word_1_713' title='bbox 2733 4362 2931 4432; x_wconf 88' lang='lat' dir='ltr'><strong>quippe</strong></span> <span class='ocrx_word' id='word_1_714' title='bbox 2970 4363 3185 4427; x_wconf 88' lang='lat' dir='ltr'><strong>dicitur,</strong></span> <span class='ocrx_word' id='word_1_715' title='bbox 3215 4364 3339 4434; x_wconf 91' lang='lat' dir='ltr'><strong>quia</strong></span> <span class='ocrx_word' id='word_1_716' title='bbox 3371 4380 3462 4433; x_wconf 87' lang='lat' dir='ltr'><strong>per</strong></span> 
     </span>
    </p>
   </div>
   <div class='ocr_carea' id='block_1_91' title="bbox 206 4432 3462 4521">
    <p class='ocr_par' dir='ltr' id='par_1_91' title="bbox 206 4432 3462 4521">
     <span class='ocr_line' id='line_1_91' title="bbox 206 4432 3462 4521; baseline 0.007 -36"><span class='ocrx_word' id='word_1_717' title='bbox 206 4440 215 4447; x_wconf 78' lang='lat'><strong>’</strong></span> <span class='ocrx_word' id='word_1_718' title='bbox 262 4434 445 4505; x_wconf 68' lang='grc' dir='ltr'><strong>(γει-ε,</strong></span> <span class='ocrx_word' id='word_1_719' title='bbox 488 4432 568 4505; x_wconf 75' lang='grc'><strong>2.)</strong></span> <span class='ocrx_word' id='word_1_720' title='bbox 604 4435 733 4489; x_wconf 84' lang='lat' dir='ltr'><strong>Erat</strong></span> <span class='ocrx_word' id='word_1_721' title='bbox 761 4437 978 4507; x_wconf 76' lang='lat' dir='ltr'><strong>populus</strong></span> <span class='ocrx_word' id='word_1_722' title='bbox 1020 4453 1133 4491; x_wconf 85' lang='lat' dir='ltr'><strong>cum</strong></span> <span class='ocrx_word' id='word_1_723' title='bbox 1170 4454 1228 4493; x_wconf 86' lang='lat' dir='ltr'><strong>eo</strong></span> <span class='ocrx_word' id='word_1_724' title='bbox 1258 4440 1405 4508; x_wconf 83' lang='lat' dir='ltr'><strong>quasi</strong></span> <span class='ocrx_word' id='word_1_725' title='bbox 1425 4447 1778 4493; x_wconf 81' lang='lat' dir='ltr'><strong>sexcentarum</strong></span> <span class='ocrx_word' id='word_1_726' title='bbox 1811 4459 1861 4520; x_wconf 72' lang='grc' dir='ltr'>ι)</span> <span class='ocrx_word' id='word_1_727' title='bbox 1886 4448 2130 4504; x_wconf 91' lang='lat' dir='ltr'><strong>eumdem</strong></span> <span class='ocrx_word' id='word_1_728' title='bbox 2168 4451 2425 4521; x_wconf 88' lang='lat' dir='ltr'><strong>populum</strong></span> <span class='ocrx_word' id='word_1_729' title='bbox 2455 4450 2713 4506; x_wconf 89' lang='lat' dir='ltr'><strong>Dominus</strong></span> <span class='ocrx_word' id='word_1_730' title='bbox 2751 4452 2961 4507; x_wconf 89' lang='lat' dir='ltr'><strong>locutus</strong></span> <span class='ocrx_word' id='word_1_731' title='bbox 2987 4461 3087 4508; x_wconf 83' lang='lat' dir='ltr'><strong>est.</strong></span> <span class='ocrx_word' id='word_1_732' title='bbox 3122 4432 3462 4508; x_wconf 32' lang='lat' dir='ltr'><strong>Sed—mutum</strong></span> 
     </span>
    </p>
   </div>
   <div class='ocr_carea' id='block_1_92' title="bbox 193 4540 440 4579">
    <p class='ocr_par' dir='ltr' id='par_1_92' title="bbox 193 4540 440 4579">
     <span class='ocr_line' id='line_1_92' title="bbox 193 4540 440 4579; baseline 0.008 -2"><span class='ocrx_word' id='word_1_733' title='bbox 193 4540 440 4579; x_wconf 73' lang='lat' dir='ltr'><strong>urorum.</strong></span> 
     </span>
    </p>
   </div>
   <div class='ocr_carea' id='block_1_93' title="bbox 262 4614 1781 4689">
    <p class='ocr_par' dir='ltr' id='par_1_93' title="bbox 262 4614 1781 4689">
     <span class='ocr_line' id='line_1_93' title="bbox 262 4614 1781 4689; baseline 0.003 -21"><span class='ocrx_word' id='word_1_734' title='bbox 262 4615 314 4668; x_wconf 83' lang='lat'><strong>5.</strong></span> <span class='ocrx_word' id='word_1_735' title='bbox 337 4614 454 4670; x_wconf 81' lang='lat' dir='ltr'><strong>Hoc</strong></span> <span class='ocrx_word' id='word_1_736' title='bbox 479 4631 704 4671; x_wconf 90' lang='lat' dir='ltr'><strong>numero</strong></span> <span class='ocrx_word' id='word_1_737' title='bbox 732 4616 902 4672; x_wconf 92' lang='lat' dir='ltr'><strong>fortes</strong></span> <span class='ocrx_word' id='word_1_738' title='bbox 930 4618 1074 4672; x_wconf 88' lang='lat' dir='ltr'><strong>viros</strong></span> <span class='ocrx_word' id='word_1_739' title='bbox 1096 4615 1148 4672; x_wconf 94' lang='lat' dir='ltr'><strong>in</strong></span> <span class='ocrx_word' id='word_1_740' title='bbox 1188 4618 1331 4673; x_wconf 93' lang='lat' dir='ltr'><strong>bono</strong></span> <span class='ocrx_word' id='word_1_741' title='bbox 1348 4632 1516 4689; x_wconf 82' lang='lat' dir='ltr'><strong>opere</strong></span> <span class='ocrx_word' id='word_1_742' title='bbox 1534 4617 1781 4687; x_wconf 90' lang='lat' dir='ltr'><strong>superius</strong></span> 
     </span>
    </p>
   </div>
   <div class='ocr_carea' id='block_1_94' title="bbox 194 4706 1777 4779">
    <p class='ocr_par' dir='ltr' id='par_1_94' title="bbox 194 4706 1777 4779">
     <span class='ocr_line' id='line_1_94' title="bbox 194 4706 1777 4779; baseline 0.004 -20"><span class='ocrx_word' id='word_1_743' title='bbox 194 4706 468 4774; x_wconf 86' lang='lat' dir='ltr'><strong>designari</strong></span> <span class='ocrx_word' id='word_1_744' title='bbox 507 4706 758 4775; x_wconf 77' lang='lat' dir='ltr'><strong>diximus,</strong></span> <span class='ocrx_word' id='word_1_745' title='bbox 812 4710 903 4779; x_wconf 91' lang='lat' dir='ltr'><strong>qui</strong></span> <span class='ocrx_word' id='word_1_746' title='bbox 943 4724 1064 4764; x_wconf 89' lang='lat' dir='ltr'><strong>cum</strong></span> <span class='ocrx_word' id='word_1_747' title='bbox 1112 4724 1238 4779; x_wconf 86' lang='lat' dir='ltr'><strong>rege</strong></span> <span class='ocrx_word' id='word_1_748' title='bbox 1268 4726 1387 4766; x_wconf 86' lang='lat' dir='ltr'><strong>esse</strong></span> <span class='ocrx_word' id='word_1_749' title='bbox 1432 4710 1777 4766; x_wconf 90' lang='lat' dir='ltr'><strong>referuntur:</strong></span> 
     </span>
    </p>
   </div>
   <div class='ocr_carea' id='block_1_95' title="bbox 195 4797 1783 4870">
    <p class='ocr_par' dir='ltr' id='par_1_95' title="bbox 195 4797 1783 4870">
     <span class='ocr_line' id='line_1_95' title="bbox 195 4797 1783 4870; baseline 0.004 -20"><span class='ocrx_word' id='word_1_750' title='bbox 195 4797 317 4865; x_wconf 64' lang='lat' dir='ltr'><strong>quia</strong></span> <span class='ocrx_word' id='word_1_751' title='bbox 364 4812 463 4867; x_wconf 90' lang='lat' dir='ltr'><strong>per</strong></span> <span class='ocrx_word' id='word_1_752' title='bbox 490 4797 722 4852; x_wconf 85' lang='lat' dir='ltr'><strong>studium</strong></span> <span class='ocrx_word' id='word_1_753' title='bbox 761 4799 889 4853; x_wconf 90' lang='lat' dir='ltr'><strong>boni</strong></span> <span class='ocrx_word' id='word_1_754' title='bbox 920 4801 1119 4870; x_wconf 90' lang='lat' dir='ltr'><strong>operis,</strong></span> <span class='ocrx_word' id='word_1_755' title='bbox 1151 4801 1446 4856; x_wconf 88' lang='lat' dir='ltr'><strong>concordes</strong></span> <span class='ocrx_word' id='word_1_756' title='bbox 1485 4811 1612 4856; x_wconf 91' lang='lat' dir='ltr'><strong>sunt</strong></span> <span class='ocrx_word' id='word_1_757' title='bbox 1660 4803 1783 4857; x_wconf 82' lang='lat' dir='ltr'><strong>vitae</strong></span> 
     </span>
    </p>
   </div>
   <div class='ocr_carea' id='block_1_96' title="bbox 196 4885 1777 4961">
    <p class='ocr_par' dir='ltr' id='par_1_96' title="bbox 196 4885 1777 4961">
     <span class='ocr_line' id='line_1_96' title="bbox 196 4885 1777 4961; baseline 0.006 -22"><span class='ocrx_word' id='word_1_758' title='bbox 196 4888 434 4943; x_wconf 89' lang='lat' dir='ltr'><strong>doctoris</strong></span> <span class='ocrx_word' id='word_1_759' title='bbox 461 4885 564 4942; x_wconf 87' lang='lat' dir='ltr'><strong>sui.</strong></span> <span class='ocrx_word' id='word_1_760' title='bbox 598 4888 701 4943; x_wconf 89' lang='lat' dir='ltr'><strong>Sed</strong></span> <span class='ocrx_word' id='word_1_761' title='bbox 751 4891 950 4945; x_wconf 89' lang='lat' dir='ltr'><strong>habent</strong></span> <span class='ocrx_word' id='word_1_762' title='bbox 978 4891 1357 4961; x_wconf 75' lang='lat' dir='ltr'><strong>przedicatores</strong></span> <span class='ocrx_word' id='word_1_763' title='bbox 1397 4891 1648 4948; x_wconf 72' lang='lat' dir='ltr'><strong>Ecclesia:</strong></span> <span class='ocrx_word' id='word_1_764' title='bbox 1678 4893 1777 4948; x_wconf 88' lang='lat' dir='ltr'><strong>sub</strong></span> 
     </span>
    </p>
   </div>
   <div class='ocr_carea' id='block_1_97' title="bbox 194 4979 1778 5051">
    <p class='ocr_par' dir='ltr' id='par_1_97' title="bbox 194 4979 1778 5051">
     <span class='ocr_line' id='line_1_97' title="bbox 194 4979 1778 5051; baseline 0.004 -19"><span class='ocrx_word' id='word_1_765' title='bbox 194 4994 273 5046; x_wconf 87' lang='lat' dir='ltr'><strong>se,</strong></span> <span class='ocrx_word' id='word_1_766' title='bbox 305 4995 414 5033; x_wconf 91' lang='lat' dir='ltr'><strong>non</strong></span> <span class='ocrx_word' id='word_1_767' title='bbox 443 4979 618 5035; x_wconf 86' lang='lat' dir='ltr'><strong>solum</strong></span> <span class='ocrx_word' id='word_1_768' title='bbox 646 4982 737 5050; x_wconf 89' lang='lat' dir='ltr'><strong>qui</strong></span> <span class='ocrx_word' id='word_1_769' title='bbox 764 4996 956 5051; x_wconf 88' lang='lat' dir='ltr'><strong>magna</strong></span> <span class='ocrx_word' id='word_1_770' title='bbox 982 4990 1161 5051; x_wconf 90' lang='lat' dir='ltr'><strong>agant,</strong></span> <span class='ocrx_word' id='word_1_771' title='bbox 1189 4982 1285 5037; x_wconf 91' lang='lat' dir='ltr'><strong>sed</strong></span> <span class='ocrx_word' id='word_1_772' title='bbox 1308 4991 1362 5037; x_wconf 89' lang='lat' dir='ltr'><strong>et</strong></span> <span class='ocrx_word' id='word_1_773' title='bbox 1382 4984 1527 5037; x_wconf 83' lang='lat' dir='ltr'><strong>verbi</strong></span> <span class='ocrx_word' id='word_1_774' title='bbox 1554 4984 1778 5038; x_wconf 89' lang='lat' dir='ltr'><strong>commi-</strong></span> 
     </span>
    </p>
   </div>
   <div class='ocr_carea' id='block_1_98' title="bbox 198 5067 1777 5141">
    <p class='ocr_par' dir='ltr' id='par_1_98' title="bbox 198 5067 1777 5141">
     <span class='ocr_line' id='line_1_98' title="bbox 198 5067 1777 5141; baseline 0.006 -22"><span class='ocrx_word' id='word_1_775' title='bbox 198 5067 394 5121; x_wconf 86' lang='lat' dir='ltr'><strong>nistros</strong></span> <span class='ocrx_word' id='word_1_776' title='bbox 438 5068 532 5136; x_wconf 90' lang='lat' dir='ltr'><strong>qui</strong></span> <span class='ocrx_word' id='word_1_777' title='bbox 582 5083 790 5124; x_wconf 88' lang='lat' dir='ltr'><strong>summa</strong></span> <span class='ocrx_word' id='word_1_778' title='bbox 839 5070 1087 5126; x_wconf 85' lang='lat' dir='ltr'><strong>doceant.</strong></span> <span class='ocrx_word' id='word_1_779' title='bbox 1139 5070 1347 5125; x_wconf 85' lang='lat' dir='ltr'><strong>Habent</strong></span> <span class='ocrx_word' id='word_1_780' title='bbox 1374 5070 1556 5137; x_wconf 91' lang='lat' dir='ltr'><strong>duces,</strong></span> <span class='ocrx_word' id='word_1_781' title='bbox 1590 5073 1679 5141; x_wconf 91' lang='lat' dir='ltr'><strong>qui</strong></span> <span class='ocrx_word' id='word_1_782' title='bbox 1710 5074 1777 5128; x_wconf 90' lang='lat' dir='ltr'><strong>ad</strong></span> 
     </span>
    </p>
   </div>
   <div class='ocr_carea' id='block_1_99' title="bbox 197 5157 1779 5239">
    <p class='ocr_par' dir='ltr' id='par_1_99' title="bbox 197 5157 1779 5239">
     <span class='ocr_line' id='line_1_99' title="bbox 197 5157 1779 5239; baseline 0.004 -29"><span class='ocrx_word' id='word_1_783' title='bbox 197 5157 335 5213; x_wconf 86' lang='lat' dir='ltr'><strong>bella</strong></span> <span class='ocrx_word' id='word_1_784' title='bbox 377 5157 651 5214; x_wconf 87' lang='lat' dir='ltr'><strong>ferventes</strong></span> <span class='ocrx_word' id='word_1_785' title='bbox 695 5162 986 5228; x_wconf 90' lang='lat' dir='ltr'><strong>roborent,</strong></span> <span class='ocrx_word' id='word_1_786' title='bbox 1019 5160 1214 5239; x_wconf 82' lang='lat' dir='ltr'><strong>habent</strong></span> <span class='ocrx_word' id='word_1_787' title='bbox 1240 5162 1331 5231; x_wconf 91' lang='lat' dir='ltr'><strong>qui</strong></span> <span class='ocrx_word' id='word_1_788' title='bbox 1359 5163 1614 5217; x_wconf 87' lang='lat' dir='ltr'><strong>audacter</strong></span> <span class='ocrx_word' id='word_1_789' title='bbox 1657 5179 1779 5218; x_wconf 91' lang='lat' dir='ltr'><strong>cur-</strong></span> 
     </span>
    </p>
   </div>
   <div class='ocr_carea' id='block_1_100' title="bbox 201 5248 1780 5320">
    <p class='ocr_par' dir='ltr' id='par_1_100' title="bbox 201 5248 1780 5320">
     <span class='ocr_line' id='line_1_100' title="bbox 201 5248 1780 5320; baseline 0.004 -21"><span class='ocrx_word' id='word_1_790' title='bbox 201 5256 337 5309; x_wconf 86' lang='lat' dir='ltr'><strong>rant,</strong></span> <span class='ocrx_word' id='word_1_791' title='bbox 372 5248 575 5303; x_wconf 83' lang='lat' dir='ltr'><strong>habent</strong></span> <span class='ocrx_word' id='word_1_792' title='bbox 600 5249 691 5318; x_wconf 90' lang='lat' dir='ltr'><strong>qui</strong></span> <span class='ocrx_word' id='word_1_793' title='bbox 719 5258 970 5319; x_wconf 89' lang='lat' dir='ltr'><strong>potenter</strong></span> <span class='ocrx_word' id='word_1_794' title='bbox 995 5258 1296 5320; x_wconf 88' lang='lat' dir='ltr'><strong>protegant.</strong></span> <span class='ocrx_word' id='word_1_795' title='bbox 1326 5251 1471 5307; x_wconf 87' lang='lat' dir='ltr'><strong>Bene</strong></span> <span class='ocrx_word' id='word_1_796' title='bbox 1498 5267 1626 5313; x_wconf 71' lang='lat' dir='ltr'><strong>ergo</strong></span> <span class='ocrx_word' id='word_1_797' title='bbox 1653 5253 1780 5307; x_wconf 91' lang='lat' dir='ltr'><strong>sub-</strong></span> 
     </span>
    </p>
   </div>
   <div class='ocr_carea' id='block_1_101' title="bbox 196 5336 472 5405">
    <p class='ocr_par' dir='ltr' id='par_1_101' title="bbox 196 5336 472 5405">
     <span class='ocr_line' id='line_1_101' title="bbox 196 5336 472 5405; baseline 0.011 -17"><span class='ocrx_word' id='word_1_798' title='bbox 196 5336 432 5405; x_wconf 85' lang='lat' dir='ltr'><strong>jungitur</strong></span> <span class='ocrx_word' id='word_1_799' title='bbox 458 5356 472 5390; x_wconf 89' lang='lat'><strong>:</strong></span> 
     </span>
    </p>
   </div>
   <div class='ocr_carea' id='block_1_102' title="bbox 271 5426 1784 5503">
    <p class='ocr_par' dir='ltr' id='par_1_102' title="bbox 271 5426 1784 5503">
     <span class='ocr_line' id='line_1_102' title="bbox 271 5426 1784 5503; baseline 0.002 -20"><span class='ocrx_word' id='word_1_800' title='bbox 271 5429 449 5497; x_wconf 82' lang='lat' dir='ltr'><strong>(Vers.</strong></span> <span class='ocrx_word' id='word_1_801' title='bbox 482 5430 561 5499; x_wconf 78' lang='grc'><strong>5.)</strong></span> <span class='ocrx_word' id='word_1_802' title='bbox 594 5431 781 5483; x_wconf 75' lang='lat' dir='ltr'><strong>Achias</strong></span> <span class='ocrx_word' id='word_1_803' title='bbox 802 5431 940 5499; x_wconf 74' lang='lat' dir='ltr'><strong>[ilius</strong></span> <span class='ocrx_word' id='word_1_804' title='bbox 972 5431 1185 5486; x_wconf 82' lang='lat' dir='ltr'><strong>Achitob</strong></span> <span class='ocrx_word' id='word_1_805' title='bbox 1206 5435 1385 5503; x_wconf 72' lang='lat' dir='ltr'><strong>fratris</strong></span> <span class='ocrx_word' id='word_1_806' title='bbox 1419 5426 1653 5497; x_wconf 79' lang='lat' dir='ltr'><strong>Ic/tubot,</strong></span> <span class='ocrx_word' id='word_1_807' title='bbox 1684 5434 1784 5502; x_wconf 82' lang='lat' dir='ltr'><strong>ﬁlii</strong></span> 
     </span>
    </p>
   </div>
   <div class='ocr_carea' id='block_1_103' title="bbox 209 5514 1785 5589">
    <p class='ocr_par' dir='ltr' id='par_1_103' title="bbox 209 5514 1785 5589">
     <span class='ocr_line' id='line_1_103' title="bbox 209 5514 1785 5589; baseline 0.007 -23"><span class='ocrx_word' id='word_1_808' title='bbox 209 5514 441 5583; x_wconf 72' lang='lat' dir='ltr'><strong>Phinea,</strong></span> <span class='ocrx_word' id='word_1_809' title='bbox 471 5519 558 5587; x_wconf 87' lang='lat' dir='ltr'><strong>qui</strong></span> <span class='ocrx_word' id='word_1_810' title='bbox 579 5526 722 5571; x_wconf 82' lang='lat' dir='ltr'><strong>ortas</strong></span> <span class='ocrx_word' id='word_1_811' title='bbox 744 5521 912 5589; x_wconf 74' lang='lat' dir='ltr'><strong>fuerat</strong></span> <span class='ocrx_word' id='word_1_812' title='bbox 931 5536 995 5573; x_wconf 78' lang='lat' dir='ltr'><strong>ea:</strong></span> <span class='ocrx_word' id='word_1_813' title='bbox 1021 5520 1138 5575; x_wconf 68' lang='lat' dir='ltr'><strong>&quot;cf:</strong></span> <span class='ocrx_word' id='word_1_814' title='bbox 1190 5523 1455 5577; x_wconf 74' lang='lat' dir='ltr'><strong>sacerdote</strong></span> <span class='ocrx_word' id='word_1_815' title='bbox 1499 5522 1708 5577; x_wconf 85' lang='lat' dir='ltr'><strong>Domini</strong></span> <span class='ocrx_word' id='word_1_816' title='bbox 1734 5526 1785 5577; x_wconf 89' lang='lat' dir='ltr'><strong>in</strong></span> 
     </span>
    </p>
   </div>
   <div class='ocr_carea' id='block_1_104' title="bbox 208 5602 941 5673">
    <p class='ocr_par' dir='ltr' id='par_1_104' title="bbox 208 5602 941 5673">
     <span class='ocr_line' id='line_1_104' title="bbox 208 5602 941 5673; baseline 0.008 -15"><span class='ocrx_word' id='word_1_817' title='bbox 208 5602 333 5661; x_wconf 71' lang='lat' dir='ltr'><strong>Silo.</strong></span> <span class='ocrx_word' id='word_1_818' title='bbox 356 5606 458 5672; x_wconf 85' lang='lat' dir='ltr'><strong>Qui</strong></span> <span class='ocrx_word' id='word_1_819' title='bbox 479 5608 721 5673; x_wconf 82' lang='lat' dir='ltr'><strong>portabat</strong></span> <span class='ocrx_word' id='word_1_820' title='bbox 740 5608 941 5669; x_wconf 73' lang='lat' dir='ltr'><strong>Ephori.</strong></span> 
     </span>
    </p>
   </div>
   <div class='ocr_carea' id='block_1_105' title="bbox 526 5719 1095 5782">
    <p class='ocr_par' dir='ltr' id='par_1_105' title="bbox 526 5719 1095 5782">
     <span class='ocr_line' id='line_1_105' title="bbox 526 5719 1095 5782; baseline 0.011 -6"><span class='ocrx_word' id='word_1_821' title='bbox 526 5719 797 5777; x_wconf 67' lang='grc' dir='ltr'>Ριιτιιοι..</span> <span class='ocrx_word' id='word_1_822' title='bbox 840 5721 1095 5782; x_wconf 69' lang='lat' dir='ltr'><strong>LXXIX</strong></span> 
     </span>
    </p>
   </div>
   <div class='ocr_carea' id='block_1_106' title="bbox 1888 4541 3460 4612">
    <p class='ocr_par' dir='ltr' id='par_1_106' title="bbox 1888 4541 3460 4612">
     <span class='ocr_line' id='line_1_106' title="bbox 1888 4541 3460 4612; baseline 0.003 -21"><span class='ocrx_word' id='word_1_823' title='bbox 1888 4553 1949 4592; x_wconf 90' lang='lat' dir='ltr'><strong>os</strong></span> <span class='ocrx_word' id='word_1_824' title='bbox 1976 4553 2116 4592; x_wconf 92' lang='lat' dir='ltr'><strong>nunc</strong></span> <span class='ocrx_word' id='word_1_825' title='bbox 2141 4553 2263 4594; x_wconf 90' lang='lat' dir='ltr'><strong>esse</strong></span> <span class='ocrx_word' id='word_1_826' title='bbox 2292 4541 2656 4609; x_wconf 87' lang='lat' dir='ltr'><strong>cognoscitur,</strong></span> <span class='ocrx_word' id='word_1_827' title='bbox 2708 4542 2833 4609; x_wconf 89' lang='lat' dir='ltr'><strong>quia</strong></span> <span class='ocrx_word' id='word_1_828' title='bbox 2887 4541 3015 4596; x_wconf 92' lang='lat' dir='ltr'><strong>dum</strong></span> <span class='ocrx_word' id='word_1_829' title='bbox 3044 4541 3460 4612; x_wconf 85' lang='lat' dir='ltr'><strong>Redemptorem</strong></span> 
     </span>
    </p>
   </div>
   <div class='ocr_carea' id='block_1_107' title="bbox 1887 4627 3462 4701">
    <p class='ocr_par' dir='ltr' id='par_1_107' title="bbox 1887 4627 3462 4701">
     <span class='ocr_line' id='line_1_107' title="bbox 1887 4627 3462 4701; baseline 0.004 -21"><span class='ocrx_word' id='word_1_830' title='bbox 1887 4627 2103 4695; x_wconf 89' lang='lat' dir='ltr'><strong>repulit,</strong></span> <span class='ocrx_word' id='word_1_831' title='bbox 2136 4628 2442 4696; x_wconf 82' lang='lat' dir='ltr'><strong>loquentem</strong></span> <span class='ocrx_word' id='word_1_832' title='bbox 2473 4630 2526 4684; x_wconf 92' lang='lat' dir='ltr'><strong>in</strong></span> <span class='ocrx_word' id='word_1_833' title='bbox 2556 4645 2616 4685; x_wconf 88' lang='lat' dir='ltr'><strong>se</strong></span> <span class='ocrx_word' id='word_1_834' title='bbox 2644 4631 2772 4685; x_wconf 90' lang='lat' dir='ltr'><strong>olim</strong></span> <span class='ocrx_word' id='word_1_835' title='bbox 2805 4630 3060 4701; x_wconf 89' lang='lat' dir='ltr'><strong>Spiritum</strong></span> <span class='ocrx_word' id='word_1_836' title='bbox 3099 4632 3299 4701; x_wconf 86' lang='lat' dir='ltr'><strong>pariter</strong></span> <span class='ocrx_word' id='word_1_837' title='bbox 3323 4634 3429 4686; x_wconf 89' lang='lat' dir='ltr'><strong>ami</strong></span> <span class='ocrx_word' id='word_1_838' title='bbox 3448 4660 3462 4673; x_wconf 85' lang='lat'><strong>-</strong></span> 
     </span>
    </p>
   </div>
   <div class='ocr_carea' id='block_1_108' title="bbox 1886 4712 3460 4787">
    <p class='ocr_par' dir='ltr' id='par_1_108' title="bbox 1886 4712 3460 4787">
     <span class='ocr_line' id='line_1_108' title="bbox 1886 4712 3460 4787; baseline 0.006 -20"><span class='ocrx_word' id='word_1_839' title='bbox 1886 4714 1976 4768; x_wconf 89' lang='lat' dir='ltr'><strong>sit.</strong></span> <span class='ocrx_word' id='word_1_840' title='bbox 2002 4712 2102 4779; x_wconf 90' lang='lat' dir='ltr'><strong>Qui</strong></span> <span class='ocrx_word' id='word_1_841' title='bbox 2133 4714 2294 4769; x_wconf 89' lang='lat' dir='ltr'><strong>etiam</strong></span> <span class='ocrx_word' id='word_1_842' title='bbox 2328 4715 2407 4769; x_wconf 91' lang='lat' dir='ltr'><strong>ori</strong></span> <span class='ocrx_word' id='word_1_843' title='bbox 2439 4731 2663 4784; x_wconf 89' lang='lat' dir='ltr'><strong>parcens</strong></span> <span class='ocrx_word' id='word_1_844' title='bbox 2692 4726 2840 4773; x_wconf 89' lang='lat' dir='ltr'><strong>recte</strong></span> <span class='ocrx_word' id='word_1_845' title='bbox 2870 4718 3083 4783; x_wconf 91' lang='lat' dir='ltr'><strong>dicitur,</strong></span> <span class='ocrx_word' id='word_1_846' title='bbox 3111 4719 3236 4787; x_wconf 92' lang='lat' dir='ltr'><strong>quia</strong></span> <span class='ocrx_word' id='word_1_847' title='bbox 3266 4720 3343 4774; x_wconf 92' lang='lat' dir='ltr'><strong>sic</strong></span> <span class='ocrx_word' id='word_1_848' title='bbox 3370 4736 3460 4775; x_wconf 88' lang='lat' dir='ltr'><strong>se-</strong></span> 
     </span>
    </p>
   </div>
   <div class='ocr_carea' id='block_1_109' title="bbox 1886 4804 3464 4877">
    <p class='ocr_par' dir='ltr' id='par_1_109' title="bbox 1886 4804 3464 4877">
     <span class='ocr_line' id='line_1_109' title="bbox 1886 4804 3464 4877; baseline 0.004 -20"><span class='ocrx_word' id='word_1_849' title='bbox 1886 4804 1991 4858; x_wconf 91' lang='lat' dir='ltr'><strong>mel</strong></span> <span class='ocrx_word' id='word_1_850' title='bbox 2019 4804 2071 4857; x_wconf 91' lang='lat' dir='ltr'><strong>in</strong></span> <span class='ocrx_word' id='word_1_851' title='bbox 2109 4812 2261 4858; x_wconf 89' lang='lat' dir='ltr'><strong>reatu</strong></span> <span class='ocrx_word' id='word_1_852' title='bbox 2297 4805 2429 4859; x_wconf 90' lang='lat' dir='ltr'><strong>tanti</strong></span> <span class='ocrx_word' id='word_1_853' title='bbox 2455 4806 2726 4873; x_wconf 87' lang='lat' dir='ltr'><strong>sanguinis</strong></span> <span class='ocrx_word' id='word_1_854' title='bbox 2747 4806 2962 4875; x_wconf 88' lang='lat' dir='ltr'><strong>cecidit,</strong></span> <span class='ocrx_word' id='word_1_855' title='bbox 2992 4815 3050 4860; x_wconf 93' lang='lat' dir='ltr'><strong>ut</strong></span> <span class='ocrx_word' id='word_1_856' title='bbox 3078 4823 3174 4876; x_wconf 91' lang='lat' dir='ltr'><strong>per</strong></span> <span class='ocrx_word' id='word_1_857' title='bbox 3200 4809 3464 4877; x_wconf 66' lang='lat' dir='ltr'><strong>paeniten-</strong></span> 
     </span>
    </p>
   </div>
   <div class='ocr_carea' id='block_1_110' title="bbox 1889 4891 3460 4965">
    <p class='ocr_par' dir='ltr' id='par_1_110' title="bbox 1889 4891 3460 4965">
     <span class='ocr_line' id='line_1_110' title="bbox 1889 4891 3460 4965; baseline 0.004 -21"><span class='ocrx_word' id='word_1_858' title='bbox 1889 4891 2038 4954; x_wconf 91' lang='lat' dir='ltr'><strong>tiam,</strong></span> <span class='ocrx_word' id='word_1_859' title='bbox 2071 4899 2124 4945; x_wconf 86' lang='lat' dir='ltr'><strong>et</strong></span> <span class='ocrx_word' id='word_1_860' title='bbox 2154 4891 2546 4947; x_wconf 88' lang='lat' dir='ltr'><strong>confessionem</strong></span> <span class='ocrx_word' id='word_1_861' title='bbox 2577 4892 2644 4948; x_wconf 87' lang='lat' dir='ltr'><strong>ad</strong></span> <span class='ocrx_word' id='word_1_862' title='bbox 2675 4908 2795 4948; x_wconf 91' lang='lat' dir='ltr'><strong>eum</strong></span> <span class='ocrx_word' id='word_1_863' title='bbox 2849 4895 3087 4949; x_wconf 79' lang='lat' dir='ltr'><strong>converti</strong></span> <span class='ocrx_word' id='word_1_864' title='bbox 3123 4909 3460 4965; x_wconf 88' lang='lat' dir='ltr'><strong>nequaquam</strong></span> 
     </span>
    </p>
   </div>
   <div class='ocr_carea' id='block_1_111' title="bbox 1882 4980 3461 5053">
    <p class='ocr_par' dir='ltr' id='par_1_111' title="bbox 1882 4980 3461 5053">
     <span class='ocr_line' id='line_1_111' title="bbox 1882 4980 3461 5053; baseline 0.002 -18"><span class='ocrx_word' id='word_1_865' title='bbox 1882 4980 2072 5050; x_wconf 91' lang='lat' dir='ltr'><strong>possit.</strong></span> <span class='ocrx_word' id='word_1_866' title='bbox 2122 4980 2214 5035; x_wconf 90' lang='lat' dir='ltr'><strong>Ori</strong></span> <span class='ocrx_word' id='word_1_867' title='bbox 2256 4980 2415 5050; x_wconf 87' lang='lat' dir='ltr'><strong>igitur</strong></span> <span class='ocrx_word' id='word_1_868' title='bbox 2464 4996 2692 5051; x_wconf 87' lang='lat' dir='ltr'><strong>parcens</strong></span> <span class='ocrx_word' id='word_1_869' title='bbox 2742 4981 2956 5048; x_wconf 89' lang='lat' dir='ltr'><strong>dicitur,</strong></span> <span class='ocrx_word' id='word_1_870' title='bbox 3009 4983 3133 5053; x_wconf 91' lang='lat' dir='ltr'><strong>quia</strong></span> <span class='ocrx_word' id='word_1_871' title='bbox 3154 4984 3461 5039; x_wconf 87' lang='lat' dir='ltr'><strong>confitendo</strong></span> 
     </span>
    </p>
   </div>
   <div class='ocr_carea' id='block_1_112' title="bbox 1882 5070 3461 5140">
    <p class='ocr_par' dir='ltr' id='par_1_112' title="bbox 1882 5070 3461 5140">
     <span class='ocr_line' id='line_1_112' title="bbox 1882 5070 3461 5140; baseline 0.004 -18"><span class='ocrx_word' id='word_1_872' title='bbox 1882 5071 1970 5139; x_wconf 92' lang='lat' dir='ltr'><strong>pie</strong></span> <span class='ocrx_word' id='word_1_873' title='bbox 1999 5070 2315 5127; x_wconf 90' lang='lat' dir='ltr'><strong>erubescere</strong></span> <span class='ocrx_word' id='word_1_874' title='bbox 2342 5071 2679 5140; x_wconf 85' lang='lat' dir='ltr'><strong>dedignatur.</strong></span> <span class='ocrx_word' id='word_1_875' title='bbox 2703 5072 2819 5138; x_wconf 87' lang='lat' dir='ltr'><strong>Quo</strong></span> <span class='ocrx_word' id='word_1_876' title='bbox 2833 5082 3019 5129; x_wconf 90' lang='lat' dir='ltr'><strong>contra</strong></span> <span class='ocrx_word' id='word_1_877' title='bbox 3048 5074 3233 5130; x_wconf 90' lang='lat' dir='ltr'><strong>beatus</strong></span> <span class='ocrx_word' id='word_1_878' title='bbox 3265 5074 3364 5129; x_wconf 75' lang='grc' dir='ltr'>ιῐυι)</span> <span class='ocrx_word' id='word_1_879' title='bbox 3394 5090 3461 5129; x_wconf 83' lang='lat' dir='ltr'><strong>ex</strong></span> 
     </span>
    </p>
   </div>
   <div class='ocr_carea' id='block_1_113' title="bbox 1882 5164 3458 5236">
    <p class='ocr_par' dir='ltr' id='par_1_113' title="bbox 1882 5164 3458 5236">
     <span class='ocr_line' id='line_1_113' title="bbox 1882 5164 3458 5236; baseline 0.001 -20"><span class='ocrx_word' id='word_1_880' title='bbox 1882 5177 2115 5231; x_wconf 89' lang='lat' dir='ltr'><strong>persona</strong></span> <span class='ocrx_word' id='word_1_881' title='bbox 2178 5177 2561 5217; x_wconf 84' lang='lat' dir='ltr'><strong>conversurum</strong></span> <span class='ocrx_word' id='word_1_882' title='bbox 2610 5164 2894 5233; x_wconf 77' lang='lat' dir='ltr'><strong>promittit,</strong></span> <span class='ocrx_word' id='word_1_883' title='bbox 2924 5165 3108 5220; x_wconf 90' lang='lat' dir='ltr'><strong>dicens</strong></span> <span class='ocrx_word' id='word_1_884' title='bbox 3138 5182 3152 5218; x_wconf 90' lang='lat'><strong>:</strong></span> <span class='ocrx_word' id='word_1_885' title='bbox 3183 5164 3305 5219; x_wconf 86' lang='lat' dir='ltr'><strong>Non</strong></span> <span class='ocrx_word' id='word_1_886' title='bbox 3334 5183 3458 5236; x_wconf 80' lang='lat' dir='ltr'><strong>par-</strong></span> 
     </span>
    </p>
   </div>
   <div class='ocr_carea' id='block_1_114' title="bbox 1881 5251 3458 5327">
    <p class='ocr_par' dir='ltr' id='par_1_114' title="bbox 1881 5251 3458 5327">
     <span class='ocr_line' id='line_1_114' title="bbox 1881 5251 3458 5327; baseline 0.003 -24"><span class='ocrx_word' id='word_1_887' title='bbox 1881 5266 1997 5303; x_wconf 85' lang='lat' dir='ltr'><strong>cam</strong></span> <span class='ocrx_word' id='word_1_888' title='bbox 2025 5252 2102 5303; x_wconf 89' lang='lat' dir='ltr'><strong>ori</strong></span> <span class='ocrx_word' id='word_1_889' title='bbox 2131 5267 2264 5318; x_wconf 86' lang='lat' dir='ltr'><strong>meo,</strong></span> <span class='ocrx_word' id='word_1_890' title='bbox 2311 5253 2493 5321; x_wconf 82' lang='lat' dir='ltr'><strong>loquar</strong></span> <span class='ocrx_word' id='word_1_891' title='bbox 2517 5254 2570 5305; x_wconf 90' lang='lat' dir='ltr'><strong>in</strong></span> <span class='ocrx_word' id='word_1_892' title='bbox 2601 5251 2932 5308; x_wconf 85' lang='lat' dir='ltr'><strong>tribulatione</strong></span> <span class='ocrx_word' id='word_1_893' title='bbox 2960 5254 3171 5324; x_wconf 72' lang='lat' dir='ltr'><strong>spiritus</strong></span> <span class='ocrx_word' id='word_1_894' title='bbox 3198 5256 3296 5308; x_wconf 89' lang='lat' dir='ltr'><strong>mei</strong></span> <span class='ocrx_word' id='word_1_895' title='bbox 3337 5254 3458 5327; x_wconf 83' lang='lat' dir='ltr'><strong>(Job</strong></span> 
     </span>
    </p>
   </div>
   <div class='ocr_carea' id='block_1_115' title="bbox 1883 5340 3460 5414">
    <p class='ocr_par' dir='ltr' id='par_1_115' title="bbox 1883 5340 3460 5414">
     <span class='ocr_line' id='line_1_115' title="bbox 1883 5340 3460 5414; baseline 0.004 -22"><span class='ocrx_word' id='word_1_896' title='bbox 1883 5354 1976 5402; x_wconf 88' lang='lat' dir='ltr'><strong>vu,</strong></span> <span class='ocrx_word' id='word_1_897' title='bbox 2011 5340 2121 5410; x_wconf 86' lang='lat' dir='ltr'><strong>fl).</strong></span> <span class='ocrx_word' id='word_1_898' title='bbox 2170 5340 2277 5395; x_wconf 88' lang='lat' dir='ltr'><strong>Sed</strong></span> <span class='ocrx_word' id='word_1_899' title='bbox 2311 5341 2434 5411; x_wconf 90' lang='lat' dir='ltr'><strong>quia</strong></span> <span class='ocrx_word' id='word_1_900' title='bbox 2460 5342 2584 5396; x_wconf 88' lang='lat' dir='ltr'><strong>item</strong></span> <span class='ocrx_word' id='word_1_901' title='bbox 2616 5343 2890 5411; x_wconf 73' lang='lat' dir='ltr'><strong>religionis</strong></span> <span class='ocrx_word' id='word_1_902' title='bbox 2925 5342 3235 5413; x_wconf 85' lang='lat' dir='ltr'><strong>dignitatem</strong></span> <span class='ocrx_word' id='word_1_903' title='bbox 3283 5345 3334 5398; x_wconf 92' lang='lat' dir='ltr'><strong>in</strong></span> <span class='ocrx_word' id='word_1_904' title='bbox 3360 5360 3460 5414; x_wconf 88' lang='lat' dir='ltr'><strong>pa-</strong></span> 
     </span>
    </p>
   </div>
   <div class='ocr_carea' id='block_1_116' title="bbox 1892 5429 3457 5499">
    <p class='ocr_par' dir='ltr' id='par_1_116' title="bbox 1892 5429 3457 5499">
     <span class='ocr_line' id='line_1_116' title="bbox 1892 5429 3457 5499; baseline 0.004 -18"><span class='ocrx_word' id='word_1_905' title='bbox 1892 5429 2135 5483; x_wconf 86' lang='lat' dir='ltr'><strong>triarchis</strong></span> <span class='ocrx_word' id='word_1_906' title='bbox 2168 5441 2222 5484; x_wconf 89' lang='lat' dir='ltr'><strong>et</strong></span> <span class='ocrx_word' id='word_1_907' title='bbox 2258 5430 2533 5499; x_wconf 87' lang='lat' dir='ltr'><strong>prophetis</strong></span> <span class='ocrx_word' id='word_1_908' title='bbox 2559 5432 2767 5499; x_wconf 87' lang='lat' dir='ltr'><strong>habuit,</strong></span> <span class='ocrx_word' id='word_1_909' title='bbox 2816 5432 2954 5487; x_wconf 90' lang='lat' dir='ltr'><strong>idem</strong></span> <span class='ocrx_word' id='word_1_910' title='bbox 2994 5432 3222 5488; x_wconf 71' lang='lat' dir='ltr'><strong>Phincos</strong></span> <span class='ocrx_word' id='word_1_911' title='bbox 3243 5449 3311 5489; x_wconf 80' lang='lat' dir='ltr'><strong>cx</strong></span> <span class='ocrx_word' id='word_1_912' title='bbox 3341 5433 3457 5487; x_wconf 72' lang='grc' dir='ltr'><strong>ΙΙιο1ἰ</strong></span> 
     </span>
    </p>
   </div>
   <div class='ocr_carea' id='block_1_117' title="bbox 1891 5520 3461 5593">
    <p class='ocr_par' dir='ltr' id='par_1_117' title="bbox 1891 5520 3461 5593">
     <span class='ocr_line' id='line_1_117' title="bbox 1891 5520 3461 5593; baseline 0.003 -18"><span class='ocrx_word' id='word_1_913' title='bbox 1891 5520 2171 5575; x_wconf 86' lang='lat' dir='ltr'><strong>sacerdote</strong></span> <span class='ocrx_word' id='word_1_914' title='bbox 2201 5521 2408 5575; x_wconf 88' lang='lat' dir='ltr'><strong>Domini</strong></span> <span class='ocrx_word' id='word_1_915' title='bbox 2437 5530 2592 5578; x_wconf 88' lang='lat' dir='ltr'><strong>natus</strong></span> <span class='ocrx_word' id='word_1_916' title='bbox 2631 5538 2659 5577; x_wconf 88' lang='lat' dir='ltr'><strong>a</strong></span> <span class='ocrx_word' id='word_1_917' title='bbox 2690 5524 2901 5578; x_wconf 80' lang='lat' dir='ltr'><strong>seritur.</strong></span> <span class='ocrx_word' id='word_1_918' title='bbox 2948 5522 3066 5578; x_wconf 87' lang='lat' dir='ltr'><strong>lleli</strong></span> <span class='ocrx_word' id='word_1_919' title='bbox 3090 5523 3289 5593; x_wconf 85' lang='lat' dir='ltr'><strong>quippe</strong></span> <span class='ocrx_word' id='word_1_920' title='bbox 3322 5524 3461 5579; x_wconf 85' lang='lat' dir='ltr'><strong>Deus</strong></span> 
     </span>
    </p>
   </div>
   <div class='ocr_carea' id='block_1_118' title="bbox 1897 5612 3458 5689">
    <p class='ocr_par' dir='ltr' id='par_1_118' title="bbox 1897 5612 3458 5689">
     <span class='ocr_line' id='line_1_118' title="bbox 1897 5612 3458 5689; baseline 0 -20"><span class='ocrx_word' id='word_1_921' title='bbox 1897 5628 2067 5680; x_wconf 76' lang='lat' dir='ltr'><strong>uicus,</strong></span> <span class='ocrx_word' id='word_1_922' title='bbox 2090 5612 2201 5669; x_wconf 75' lang='lat' dir='ltr'><strong>Silo</strong></span> <span class='ocrx_word' id='word_1_923' title='bbox 2229 5615 2417 5669; x_wconf 82' lang='lat' dir='ltr'><strong>missus</strong></span> <span class='ocrx_word' id='word_1_924' title='bbox 2459 5615 2859 5686; x_wconf 86' lang='lat' dir='ltr'><strong>interpretatur.</strong></span> <span class='ocrx_word' id='word_1_925' title='bbox 2894 5614 2971 5671; x_wconf 80' lang='lat' dir='ltr'><strong>Dii</strong></span> <span class='ocrx_word' id='word_1_926' title='bbox 3014 5633 3141 5673; x_wconf 86' lang='lat' dir='ltr'><strong>vero</strong></span> <span class='ocrx_word' id='word_1_927' title='bbox 3176 5616 3458 5689; x_wconf 71' lang='lat' dir='ltr'><strong>aiiquaniu</strong></span> 
     </span>
    </p>
   </div>
   <div class='ocr_carea' id='block_1_119' title="bbox 2990 5732 3099 5792">
    <p class='ocr_par' dir='ltr' id='par_1_119' title="bbox 2990 5732 3099 5792">
     <span class='ocr_line' id='line_1_119' title="bbox 2990 5732 3099 5792; baseline 0.009 -1"><span class='ocrx_word' id='word_1_928' title='bbox 2990 5732 3099 5792; x_wconf 56' lang='lat'><strong>12»</strong></span> 
     </span>
    </p>
   </div>
  </div>
