3962 6268
529 257 633 311 ’33

1742 243 1984 299 SANCTI
2025 243 2356 302 οηεεσιιιῐ
2390 241 2603 301 ΗΛΕΝΙ

3696 249 3793 303 δαι

526 376 578 428 in
610 378 795 427 sancta
824 365 1285 437 Scripturaelecti
1310 366 1693 435 prcedicatores
1724 363 2108 432 intelliguntur.
2144 368 2184 423 Λ
2219 381 2378 421 nores
2425 364 2607 420 fortitu
2629 364 2735 419 'iuc
2779 363 3075 417 videamur.
3128 363 3302 432 Super
3351 374 3451 416 nos
3484 358 3653 413 etiam
3684 374 3794 414 esse

527 459 677 516 Unde
705 467 761 512 et
783 456 849 511 ad
877 456 1095 525 Moys‘n
1119 470 1149 508 a
1180 455 1407 510 Domino
1430 454 1627 509 dicitur
1652 472 1664 508 :
1692 453 1851 507 Ponti
1870 464 1918 507 te
1940 453 2104 507 Deum

529 549 821 603 Pharaonis
844 544 1041 618 (Exod.
1072 561 1164 607 vn,
1192 543 1267 614 l).
1302 543 1368 597 Et
1390 543 1444 599 in
1469 544 1584 613 lege
1607 543 1862 614 prmcepit
1885 543 2071 598 dicens
2094 536 2108 594 Ξ

528 642 767 698 Diisnon
794 638 1033 692 (tetra/tes
1074 635 1270 707 (Exod.
1306 651 1440 698 xm,
1467 633 1583 704 9.8).
1637 634 1802 689 Pater
1824 646 1952 701 ergo
1982 631 2111 685 Phi-

527 748 689 799 ures,
723 730 869 785 Deus
917 742 1070 781 meus
1106 725 1323 790 dicitur,
1374 725 1499 793 quia
1559 724 1812 779 nimirum
1860 721 2114 776 Judaicus

526 820 761 892 populus
782 832 965 873 eorqu
997 814 1293 870 secundum
1322 814 1554 868 litteram
1595 813 1901 883 Scripturas
1936 811 2115 865 imita-

527 911 745 979 tur,qui
786 907 1008 963 verbum
1054 905 1148 959 Dei
1187 914 1243 960 et
1285 905 1521 959 revelata
1568 912 1751 958 mente
1800 908 2115 956 meruerunt

528 1015 772 1065 cernere,
802 1009 856 1055 et
884 997 1036 1052 theca
1067 998 1257 1051 littenc
1279 1012 1346 1050 ne
1376 995 1649 1049 videretur
1678 995 1971 1051 occultare.
2004 992 2115 1048 llos

528 1092 781 1148 nimirum
836 1104 931 1158 per
994 1088 1341 1155 :emetipsam
1406 1085 1615 1139 Vit-itas
1677 1083 1942 1147 ostendit,
1993 1096 2117 1136 cum

529 1180 1018 1242 verbaPsa‘tnista:
1066 1178 1334 1245 txtosuit,
1384 1176 1567 1231 dicens
1600 1193 1612 1227 :
1650 1174 1777 1229 Illos
1802 1175 1933 1228 dixit
1957 1173 2114 1237 Deos,

529 1273 599 1327 ad
646 1288 771 1343 tutos
810 1273 981 1340 {actus
1006 1276 1087 1322 est
1125 1283 1289 1320 sermo
1319 1265 1415 1319 Dei
1463 1265 1641 1337 (Joan.
1666 1281 1721 1331 ι,
1774 1263 1884 1334 55).
1915 1264 1974 1319 In
2000 1263 2117 1319 Silo

537 1371 717 1419 autem
745 1368 903 1417 natus
953 1359 1211 1414 asseritur
1239 1375 1252 1410 :
1284 1357 1407 1427 quia
1436 1356 1689 1411 Iudaicus
1718 1357 1968 1427 pupulus,
1993 1356 2120 1411 licet

532 1452 841 1516 carnaliter,
892 1449 1066 1504 adhuc
1102 1457 1278 1502 tamen
1310 1447 1363 1501 in
1416 1446 1708 1516 Scripturis
1750 1446 2119 1517 spiritualibus

534 1544 798 1599 eruditur.
852 1541 987 1607 Quia
1023 1554 1152 1609 ergo
1200 1539 1405 1595 electus
1453 1540 1679 1610 quisque
1718 1546 1773 1593 et
1821 1539 2035 1608 sapiens
2066 1538 2119 1592 in

526 1642 714 1689 sancta
766 1630 1008 1686 Ecclesia
1050 1638 1234 1683 natuzn
1291 1628 1573 1682 Dominum
1642 1641 1710 1683 ex
1749 1627 1976 1683 Iudaico
2017 1642 2118 1697 po-

2218 454 2578 524 coguoscitur,
2608 451 2752 523 quod
2780 460 3065 523 penetrare
3101 466 3196 520 per
3238 448 3657 517 intelligentiam
3692 463 3794 503 non

2215 547 2473 601 valemus.
2492 543 2716 611 Quoties
2738 557 2867 613 ergo
2882 558 3008 597 cum
3029 541 3307 611 spiritibus
3320 538 3569 610 reprobis
3590 548 3793 596 certare

2216 636 2585 708 proponimus,
2640 635 2807 689 robur
2857 648 3050 704 parare
3087 633 3345 688 debemus
3396 631 3462 686 ad
3489 646 3794 698 ascensum,

2215 727 2341 794 quia
2382 724 2629 779 homines
2667 739 2793 779 cum
2846 723 3052 794 angelis
3098 736 3340 792 pugnare
3394 721 3790 777 contendimus.

2220 813 2370 869 Unde
2399 822 2453 868 et
2477 813 2565 868 ille
2586 812 2791 868 athleta
2810 820 3064 869 strenuus
3108 810 3422 867 confortans
3455 812 3794 866 vehementer

2218 907 2611 962 commilitones
2636 921 2786 972 suos,
2818 906 2893 961 ait
2922 923 2935 959 :
2965 904 3088 959 Non
3114 912 3192 959 est
3212 903 3357 958 nobis
3389 902 3689 956 colluctatio
3708 902 3794 953 ad-

2219 1014 2387 1051 tersus
2413 1013 2621 1050 carnem
2650 1005 2700 1050 et
2728 998 3054 1068 sanguinem,
3085 994 3175 1049 sed
3203 993 3453 1047 adrersus
3476 992 3734 1061 principes
3752 1002 3796 1044 et

2219 1094 2515 1154 potestates,
2566 1084 2811 1139 adversus
2842 1083 3135 1151 spiritantia
3162 1081 3401 1151 nequitia:
3439 1082 3494 1134 in
3522 1080 3797 1133 cmlestibts

2222 1174 2382 1244 (Epit.
2408 1190 2486 1242 vt,
2508 1172 2617 1243 12).
2649 1172 2781 1239 Quia
2804 1174 2947 1228 enim
2972 1179 3161 1228 contra
3192 1170 3595 1241 principatuum
3625 1176 3679 1223 et
3706 1184 3795 1233 po-

2224 1272 2474 1319 testatum
2511 1263 2820 1333 spirituales
2858 1262 3132 1332 nequitias
3168 1275 3228 1316 se
3269 1267 3637 1330 pugnaturum
3675 1272 3799 1328 tra-

2222 1364 2464 1421 novzrat,
2526 1356 2777 1410 nimirum
2827 1356 2995 1410 robur
3023 1352 3221 1409 mentis
3268 1353 3335 1407 ad
3380 1350 3684 1406 altitudinis
3724 1366 3799 1405 a1-

2221 1461 2442 1501 eensum
2482 1446 2725 1516 parabat.
2790 1446 3143 1502 Peccatorum
3187 1444 3351 1499 corda
3403 1442 3533 1498 dum
3576 1456 3798 1512 nequam

2221 1536 2443 1605 spiritus
2479 1536 2581 1591 sibi
2628 1534 2940 1605 subjiciunt,
2985 1536 3063 1590 eis
3093 1535 3276 1603 utique
3321 1549 3419 1602 per
3453 1531 3803 1587 multiformia

2221 1625 2353 1679 vitia
2385 1625 2759 1680 dominantur.
2774 1624 2832 1680 Si
2854 1638 2982 1693 ergo
3001 1625 3128 1680 i‘luc
3145 1639 3360 1695 quoque
3376 1639 3471 1679 eos
3494 1637 3797 1693 expugnare

528 1724 655 1794 pulo
682 1738 783 1795 per
808 1722 1105 1777 doctrinam
1151 1720 1415 1790 sequitur,
1452 1718 1669 1785 Achias,
1700 1720 1790 1788 qui
1822 1719 2119 1773 umbracu-
2151 1731 2196 1789 Β
2222 1715 2614 1782 co::teudimus,
2644 1715 2799 1770 valde
2828 1730 2926 1770 nos
2946 1722 3162 1785 oportet
3190 1712 3513 1782 ascendere,
3534 1722 3594 1767 ut
3622 1729 3797 1770 eorum

530 1816 639 1869 lum
669 1813 884 1876 dicitur,
911 1810 1049 1864 illius
1074 1809 1305 1864 Achitob
1354 1807 1536 1863 fratris
1581 1807 1820 1873 lchabot,
1870 1806 1960 1861 lilii
1991 1806 2118 1861 Phi-

531 1919 691 1973 nees,
705 1901 796 1957 lilii
819 1901 936 1956 Heli
958 1914 1078 1955 esse
1107 1899 1434 1969 perhibetur.
1461 1896 1561 1963 Qui
1592 1897 1756 1952 etiam
1796 1896 1971 1967 ephod
1992 1911 2122 1967 por—

541 2004 662 2051 tare
691 1993 1037 2058 describitur,
1068 1999 1127 2045 ut
1157 1996 1342 2057 aperte
1392 1995 1724 2043 monstretur
1770 1986 1895 2057 quia
1936 1995 2118 2057 prove-

530 2100 659 2154 gere
717 2084 851 2139 alios
899 2096 1237 2152 nequaquam
1293 2086 1521 2150 potest,
1579 2077 1671 2148 qui
1726 2076 2122 2148 pulchritudine

534 2176 689 2231 bonae
715 2172 1164 2237 conversationis,
1193 2170 1417 2237 luceqne
1440 2184 1546 2223 non
1576 2169 1763 2237 fulget.
1803 2166 2055 2237 Sequitur
2079 2185 2093 2221 :

599 2265 760 2334 30.2
790 2262 965 2334 (Vers.
996 2261 1079 2331 '5.)
1110 2258 1217 2317 Sed
1244 2268 1293 2313 et
1334 2260 1563 2331 populus
1581 2257 1854 2330 ignorabat
1884 2275 1979 2330 quo
2001 2259 2122 2312 isset

533 2351 813 2407 Jonatltas.

604 2442 656 2495 7.
684 2442 822 2508 Quid
851 2449 933 2496 est
961 2439 1106 2509 quod
1134 2440 1365 2512 populus
1394 2454 1503 2509 quo
1532 2447 1623 2495 eat
1648 2437 1905 2493 Jonathas
1928 2437 2119 2503 nescit,

530 2530 631 2585 nisi
655 2529 779 2598 quia
804 2529 1010 2583 electus
1029 2528 1224 2583 doctor
1248 2544 1311 2583 ea
1334 2544 1451 2596 quc
1475 2527 1703 2582 intendit
1727 2541 1909 2596 agere,
1941 2526 2122 2582 studet

528 2637 626 2694 per
641 2620 993 2675 humilitatem
1025 2619 1257 2675 celare?
1282 2617 1432 2673 Unde
1461 2626 1515 2672 et
1545 2618 1597 2671 in
1629 2616 1919 2686 Evangelio
1941 2616 2122 2671 Domi-

540 2728 642 2766 lztls
670 2710 800 2765 dicit
828 2728 841 2764 :
873 2707 1089 2763 Nesciat
1117 2708 1332 2763 sinistra
1362 2716 1451 2761 tua
1478 2708 1601 2778 quid
1623 2709 1782 2778 faciat
1804 2707 2016 2760 dextera
2032 2714 2122 2759 tua

531 2799 747 2871 (Matth.
764 2815 838 2863 vl,
860 2798 939 2867 ὃ).
959 2797 1015 2852 Si
1030 2797 1173 2853 enim
1196 2812 1294 2867 per
1312 2797 1584 2851 dexteram
1600 2806 1822 2861 aeterna,
1840 2811 1937 2865 per
1958 2795 2119 2851 siuis-

534 2902 673 2946 tram
691 2906 819 2945 vero
836 2904 1070 2960 pricsens
1089 2889 1196 2944 vita
1216 2887 1473 2958 ﬁguratur
1496 2907 1509 2942 :
1540 2889 1783 2944 homines
1810 2889 1861 2943 iu
1879 2888 2119 2956 sinistra,

532 2982 752 3055 angelos
770 2982 834 3036 ad
850 2980 1127 3035 dexteram
1144 2979 1425 3034 habemus.
1438 2978 1658 3046 Quando
1671 2989 1850 3035 autem
1866 2995 1961 3049 per
1977 2980 2120 3034 bona

2223 1807 2489 1876 possimus
2509 1807 2719 1876 agmina
2751 1814 3001 1877 potenter
3021 1804 3198 1860 ferire.
3226 1804 3397 1859 Aliter
3423 1804 3571 1859 enim
3593 1804 3796 1868 lubrici,

2222 1897 2380 1951 aliter
2400 1897 2640 1952 salvandi
2665 1905 2792 1952 sunt
2819 1896 3055 1952 aeediosi
3090 1914 3103 1949 :
3133 1895 3294 1951 aliter
3308 1895 3629 1965 vaneglorii,
3653 1896 3797 1950 aliter

2222 1989 2457 2057 superbi.
2490 1987 2563 2043 Ut
2589 2004 2718 2044 vero
2738 1989 2803 2043 ad
2833 1988 2950 2044 haec
2970 1986 3151 2044 omnia
3181 1987 3387 2044 electus
3416 1987 3614 2043 doctor
3642 1989 3800 2057 possit

2222 2076 2487 2143 sufﬁcere,
2513 2077 2637 2148 quia
2668 2093 2765 2147 per
2794 2076 3021 2133 assidue
3047 2074 3413 2131 meditationis
3439 2071 3604 2131 acuta
3629 2075 3795 2130 consi-

2224 2170 2295 2227 lia
2326 2178 2561 2225 mentem
2592 2169 2755 2235 levat,
2807 2168 2961 2239 quasi
2989 2167 3057 2223 ad
3086 2181 3366 2226 ascensum
3403 2165 3804 2222 Philistinoruut

2221 2273 2284 2314 se
2322 2259 2561 2313 roborat.

2293 2346 2347 2402 9.
2376 2346 2518 2402 Bene
2562 2354 2743 2401 autem
2796 2362 2903 2401 non
2953 2360 3092 2402 unus
3147 2345 3435 2412 asseritur,
3478 2344 3581 2400 sed
3631 2342 3803 2415 plures

2222 2439 2353 2496 dicti
2381 2448 2506 2495 sunt
2533 2455 2789 2495 ascensus
2819 2457 2832 2493 :
2864 2439 2990 2509 quia
3017 2438 3313 2494 innumeris
3338 2437 3592 2492 hostibus
3631 2435 3801 2489 multis

2222 2528 2500 2585 itineribus
2544 2531 2935 2585 occurrendum
2972 2536 3072 2585 est.
3106 2527 3261 2595 Quod
3290 2536 3419 2583 tunc
3447 2527 3592 2581 bene
3614 2526 3799 2594 agitur,

2222 2621 2439 2691 quando
2462 2621 2604 2676 vitiis
2631 2620 2852 2689 singulis
2894 2629 3274 2692 congruentes,
3303 2630 3357 2675 et
3383 2618 3621 2690 pr0prizc
3650 2634 3793 2672 cura-

2224 2712 2400 2768 tiones
2435 2712 2782 2767 adhibentur.
2824 2711 2978 2775 Nam,
3014 2721 3074 2766 ut
3116 2710 3298 2781 aliqua
3343 2725 3413 2764 ex
3451 2711 3535 2765 eis
3574 2709 3795 2764 breviter

2222 2799 2644 2871 perstringamus
2674 2838 2690 2864 ,
2746 2798 3118 2857 fornicationis
3174 2799 3397 2870 spiritus
3458 2799 3796 2855 continentia:

2223 2891 2421 2947 virtute
2448 2891 2735 2962 depellitur
2779 2909 2792 2945 :
2825 2891 2921 2947 sed
2971 2902 3151 2948 tamen
3191 2892 3363 2948 levius
3416 2901 3722 2962 superatur,
3752 2891 3793 2945 si

2224 2998 2353 3040 caro
2382 2985 2641 3054 impetum
2688 2999 2846 3039 suum
2896 2998 2994 3054 per
3030 2983 3414 3039 abstinentiam
3457 2984 3687 3045 minuat,
3731 2997 3791 3036 ne

535 3090 701 3145 opera
732 3073 797 3130 ad
823 3072 1154 3129 consortium
1203 3085 1558 3141 supernorum
1597 3070 1793 3125 civium
1821 3070 2119 3131 tendimus,
2142 3095 2189 3156 ο
2222 3090 2282 3130 se
2309 3075 2590 3130 mandante
2619 3074 3069 3144 concupiscentia:
3095 3074 3235 3129 victa
3274 3074 3615 3129 substernat.
3670 3071 3803 3127 Gula

532 3163 753 3219 dextera
799 3176 989 3217 manus
1035 3168 1217 3215 nostra
1257 3160 1469 3229 operari
1514 3160 1847 3230 perhibetur.
1881 3157 2110 3215 Sinistra

532 3269 662 3309 vero
692 3268 880 3307 manus
909 3260 1093 3306 nostra
1120 3264 1285 3320 opera
1309 3249 1483 3307 nescit
1502 3250 1757 3315 dexteme,
1789 3250 1835 3305 si
1852 3264 2116 3320 coopera-

538 3351 685 3397 tores
712 3350 949 3407 nostros,
973 3339 1160 3395 ﬁdeles
1191 3340 1439 3396 videlicet
1474 3348 1686 3396 sanctae-
1701 3340 1976 3407 Ecclesiae,
2018 3341 2116 3395 ad-

540 3432 754 3499 jutores
776 3428 1036 3484 habemus
1061 3428 1113 3482 iu
1144 3443 1344 3498 opere,
1363 3437 1422 3484 et
1448 3428 1755 3485 laudatores
1783 3430 1986 3487 habere
2014 3446 2116 3487 no-

541 3535 712 3575 uimus
758 3519 825 3573 ad
870 3519 1180 3576 elationem.
1230 3519 1375 3577 Bene
1417 3535 1548 3590 ergo
1600 3521 1840 3578 dicitur:
1884 3523 2116 3594 Populus

536 3608 807 3682 ignorabat
846 3627 945 3682 quo
974 3612 1097 3665 isset
1137 3610 1414 3678 Jouatltas,
1444 3613 1567 3682 quia
1611 3621 1741 3669 tunc
1768 3613 1941 3670 solum
1978 3616 2117 3669 bene

530 3716 691 3770 agere
728 3714 920 3769 magna
948 3701 1189 3766 nitimur,
1233 3717 1354 3757 cum
1384 3718 1448 3759 ea
1497 3719 1615 3774 quac
1643 3706 1849 3775 agimus
1877 3705 2033 3775 pand.
2057 3720 2116 3760 re

533 3791 600 3846 ad
652 3790 1014 3847 ostensionem
1070 3791 1320 3847 vitamus.
1374 3791 1481 3847 Sed
1519 3793 1646 3863 quia
1692 3793 1760 3848 ad
1808 3794 2115 3864 exemplum

534 3881 828 3937 electorum
859 3880 958 3935 ista
990 3880 1332 3952 proferimus,
1374 3898 1482 3938 non
1526 3882 1703 3938 solum
1747 3899 1857 3955 quo
1883 3892 1991 3950 eat,
2020 3884 2117 3940 sed

533 3970 696 4024 etiam
748 3984 863 4039 qua
902 3977 1041 4035 eat,
1073 3970 1360 4041 exp‘orare
1404 3973 1662 4028 attentius
1694 3972 1973 4029 debemus.
2017 3973 2116 4030 Se-

531 4060 716 4131 quitur
738 4077 752 4113 :

607 4169 783 4238 (Vera.
809 4166 891 4239 4.)
924 4167 1093 4222 Erant
1124 4169 1259 4224 inter
1285 4186 1533 4227 ascensus
1570 4189 1662 4242 per
1690 4189 1821 4244 quos
1860 4174 2117 4229 nitebatur

528 4255 791 4310 Jonas/tas
820 4257 1042 4309 transire
1085 4257 1154 4309 ad
1200 4258 1475 4311 stationem
1510 4258 1805 4325 Philistiim,
1838 4262 2119 4316 eminentes

532 4350 694 4415 petra:
720 4363 786 4401 ea:
827 4354 1044 4417 utraque
1091 4356 1259 4418 parte,
1305 4351 1454 4422 quasi
1508 4354 1562 4403 in
1609 4352 1814 4405 modum
1863 4353 2110 4418 dentium,

2222 3181 2319 3236 per
2343 3166 2720 3222 abstinentiam
2752 3166 3016 3233 frangitur
3058 3184 3070 3218 :
3108 3164 3203 3221 sed
3246 3164 3628 3220 abstinentiam
3658 3164 3793 3219 cibo-

2221 3270 2338 3310 rum
2365 3254 2727 3325 corporalium
2760 3256 2960 3310 habere
2990 3269 3097 3309 non
3128 3262 3325 3324 potest,
3349 3254 3441 3323 qui
3468 3255 3632 3324 303
3660 3269 3794 3308 men-

2222 3353 2330 3400 tem
2381 3344 2750 3415 spiritualibus
2794 3344 2929 3400 cibis
2967 3361 3077 3399 non
3120 3345 3313 3415 replet.
3364 3343 3623 3400 Potenter
3664 3344 3792 3400 enim

2220 3453 2418 3509 corpus
2438 3446 2717 3504 extenuat,
2759 3438 2851 3507 qui
2879 3453 3067 3494 amore
3117 3437 3420 3494 calestium
3464 3452 3563 3494 eor
3603 3436 3792 3493 inﬂant—

2222 3538 2333 3586 mat
2365 3548 2378 3585 :
2410 3532 2538 3600 quia
2578 3531 2706 3585 dum
2755 3531 3053 3602 spiritualia
3085 3530 3299 3585 [uniter
3324 3529 3793 3599 diligit,desideria

2220 3620 2398 3675 carnis
2423 3621 2666 3677 valenter
2694 3622 2917 3691 premit.
2929 3621 3178 3675 Avaritia:
3206 3635 3424 3691 quoque
3452 3620 3585 3675 vitio
3608 3620 3795 3674 bonum

2220 3714 2555 3785 paupertatis
2608 3713 2927 3769 voluntaria:
2973 3713 3305 3768 contrarium
3350 3712 3579 3779 est,.sed
3607 3728 3794 3783 panper

2221 3806 2412 3875 spiritu
2442 3820 2564 3861 esse
2606 3820 2718 3861 non
2747 3806 2965 3875 poterit,
3014 3805 3105 3875 qui
3134 3819 3319 3860 amare
3370 3804 3549 3860 adhuc
3578 3812 3795 3859 :etrrncs

2221 3899 2502 3954 thesauros
2529 3900 2721 3954 nescit.
2769 3898 2861 3954 Sic
2891 3900 3139 3954 nimirum
3167 3900 3244 3953 ira
3272 3898 3520 3963 vincitur,
3551 3896 3595 3951 si
3624 3910 3793 3951 amore

2218 3988 2519 4044 cmleSIium
2541 3989 2778 4059 perfecte
2806 3998 3027 4044 terrena
3041 3990 3228 4045 omnia
3244 3989 3616 4058 despiciantur
3647 3988 3791 4057 :quia

2219 4080 2360 4135 unde
2386 4080 2666 4146 irascatur,
2691 4079 2803 4149 jam
2829 4096 2935 4135 no.1
2968 4080 3150 4145 habet,
3183 4079 3276 4149 qui
3303 4078 3562 4133 damnum
3592 4088 3789 4149 tempe-

2218 4173 2332 4229 rale
2360 4188 2468 4228 nou
2498 4172 2671 4226 timet.
2724 4171 2815 4227 Sic
2863 4186 3083 4242 quoque
3120 4171 3319 4227 acedia:
3367 4172 3557 4226 vitium
3585 4213 3608 4239 ,
3647 4171 3696 4225 id
3720 4180 3792 4224 est

2219 4262 2431 4317 taedium
2460 4263 2638 4317 cordis
2685 4262 2994 4331 depellitur,
3036 4265 3082 4319 si
3128 4280 3342 4334 semper
3371 4265 3515 4320 bona
3566 4264 3791 4320 cmlestia

2219 4354 2543 4421 cogitentur.
2571 4350 2796 4406 deere
2824 4352 3038 4422 quidem
3068 4368 3222 4409 meus
3267 4354 3583 4410 nullatenus
3605 4360 3787 4424 potest,

531 4437 731 4506 scopuli
748 4438 866 4491 hinc
894 4436 1013 4492 inde
1031 4440 1321 4509 pra'rupti:
1347 4448 1371 4477 ⁸
1397 4456 1585 4496 nomen
1610 4443 1702 4495 uni
1718 4439 1901 4510 Bores,
1921 4459 2107 4498 nomen
2142 4460 2188 4519 ο
2215 4458 2334 4514 quae
2373 4453 2478 4497 tam
2504 4441 2746 4511 jucunda
2791 4442 2933 4497 bona
2983 4442 3227 4498 lmtanter
3274 4443 3440 4499 videt.
3486 4443 3734 4499 Tristitia:
3759 4451 3780 4478 ⁸

529 4527 681 4581 alteri
712 4526 737 4566 δ
764 4527 917 4582 Sena;

603 4618 655 4673 8.
680 4618 814 4673 Cum
844 4620 1139 4676 electorum
1169 4621 1278 4677 vita
1306 4621 1413 4677 alta
1468 4622 1545 4677 sit.
1568 4624 1793 4688 meritis,
1848 4626 1961 4680 ima
1982 4642 2110 4682 vero

531 4709 771 4765 conditio
799 4710 1156 4779 malignorum
1195 4712 1515 4782 spirituum,
1558 4715 1687 4784 quid
1726 4725 1811 4772 est
1858 4718 2003 4788 quod
2032 4734 2115 4773 asc

535 4815 735 4856 census
758 4814 880 4856 esse
906 4801 1123 4870 dicitur,
1148 4802 1291 4857 unde
1318 4802 1384 4857 ad
1401 4800 1799 4860 Philistinorum
1823 4806 2110 4861 Stationem

532 4888 788 4945 lunathas
816 4890 1037 4947 tendere
1074 4894 1342 4950 conatum?
1395 4893 1527 4948 Nam
1555 4895 1625 4950 de
1662 4896 1866 4952 eisdem
1912 4895 2109 4955 Philis-

531 4981 723 5035 taeisin
754 4989 882 5051 typo
910 4982 1212 5039 daemonum
1260 5000 1367 5040 non
1420 4985 1581 5054 longe
1607 4988 1857 5056 superius
1909 4989 2111 5045 dictum

531 5078 613 5124 est
645 5086 658 5122 :
690 5070 1045 5126 Ascendentes.
1086 5076 1440 5129 castrametati
1493 5084 1615 5129 sunt
1667 5077 1721 5130 in
1772 5076 2012 5149 M-agmn
2060 5078 2117 5150 (ι

538 5156 670 5229 Reg,
702 5174 814 5225 mi,
848 5158 926 5231 5).
954 5159 1072 5215 Sed.
1092 5176 1258 5231 super:
1285 5178 1383 5219 nos
1422 5179 1544 5221 esse
1567 5163 1839 5234 dicuntur,
1875 5182 1984 5238 quo
2012 5169 2115 5224 mi.-

604 5362 628 5387 ιλ
658 5353 717 5436 [η
747 5364 896 5409 textu
926 5352 1087 5436 Hebr.
1121 5366 1178 5436 et
1206 5357 1259 5412 in
1306 5356 1654 5436 temonibus
1692 5364 1940 5436 omnibus
1980 5366 2112 5436 legi-

535 5422 824 5501 tur_Bose_s.
873 5439 971 5493 per
1017 5425 1285 5494 duplicem
1336 5427 1529 5501 Tsade.
1564 5432 1878 5501 Gregorium
1932 5422 2111 5493 tamen

537 5492 1198 5585 [υβξξξθηζιῖεςξεξ.’ἐφῇ-Ἦ
1244 5511 1320 5585 ξι
1357 5492 1749 5585 signiﬁcatione
1788 5492 2113 5585 quamdiuic

537 5564 653 5643 voci
676 5562 879 5643 afﬁngit
910 5563 1041 5643 infra
1061 5579 1216 5643 onum.
1244 5565 1297 5619 9.
1347 5562 1513 5643 liores
1544 5573 1756 5643 quippe,
1806 5562 1858 5625 in
1887 5562 2111 5643 primatu

538 5630 740 5704 dicitur,
771 5630 1270 5704 deductanimirum
1301 5650 1329 5688 a
1357 5637 1491 5693 uisu
1516 5630 1641 5704 ros;
1666 5630 1759 5693 've'l
1798 5630 1993 5701 ῃηξςκ-ι
2030 5661 2112 5699 γε-

539 5699 669 5756 vita;
700 5713 820 5758 una:
845 5700 1143 5766 signiﬁcant
1170 5704 1502 5777 principium,
1543 5699 1695 5784 caput
1723 5719 1775 5766 et
1804 5699 2015 5770 similia.

2220 4534 2383 4589 etiam
2425 4534 2794 4604 angustiosum
2834 4534 3034 4589 malum
3063 4535 3355 4605 spiritualis
3383 4537 3581 4591 laetitiae
3619 4550 3791 4606 camps

2220 4626 2512 4681 devoratur
2557 4642 2571 4679 :
2617 4625 2711 4681 sed
2761 4634 2944 4681 tamen
2998 4627 3112 4697 ipsa
3178 4627 3472 4696 spiritualis
3521 4628 3699 4683 laetitia
3739 4641 3792 4681 se

2221 4716 2526 4794 mentiqnon
2557 4717 2804 4782 infundit,
2836 4732 2959 4788 quas
3004 4718 3322 4787 temporalis
3366 4719 3490 4773 vita:
3531 4719 3790 4789 angustias

2220 4808 2517 4877 transgredi
2570 4809 2984 4878 contemplando
3032 4825 3140 4863 non
3188 4810 3356 4863 novit.
3397 4808 3543 4865 Bene
3586 4810 3789 4880 quidem

2220 4899 2437 4954 tristitia
2484 4899 2735 4965 vincitur,
2775 4899 2819 4953 si
2859 4898 3236 4970 temporalium
3288 4899 3539 4955 laborum
3584 4899 3790 4970 prmia

2217 4989 2521 5054 videantur,
2569 4988 2696 5058 quia
2742 4990 2887 5045 unde
2932 4989 3105 5045 electa
3158 5004 3312 5045 mens
3349 4990 3792 5059 temptraliterse

2218 5081 2380 5152 afﬂigi
2434 5080 2769 5149 considerat,
2824 5080 2947 5136 inde
2990 5083 3223 5150 gaulere
3274 5081 3326 5136 in
3367 5082 3576 5137 cazlesti
3631 5088 3789 5151 patria

2218 5174 2545 5230 teterualiter
2572 5172 2932 5247 speraleQuia
2954 5190 3083 5246 ergo
3109 5188 3304 5246 magna
3332 5172 3789 5234 diversitatem»:-

2284 5373 2311 5412 ι’
2341 5374 2473 5427 Cum
2504 5372 2617 5428 haec
2644 5390 2768 5439 vox,
2791 5382 2851 5428 ut
2879 5371 3013 5427 infra
3036 5373 3084 5426 dt
3106 5380 3194 5429 cet
3235 5373 3532 5439 Gregorius
3573 5389 3715 5429 num.
3736 5373 3781 5426 9.

2213 5442 2663 5513 signiticetsolem
2691 5446 2772 5513 vel
2798 5443 3155 5513 auditionem,
3188 5442 3472 5513 legendum
3510 5445 3597 5499 hic
3623 5444 3785 5513 potius

2212 5510 2424 5585 videtur
2470 5512 2639 5585 Seme.
2694 5511 2827 5565 Nam
2867 5512 3044 5567 Semes
3072 5510 3353 5571 llebrfest
3404 5514 3511 5585 sol,
3541 5514 3686 5571 Sane
3712 5510 3782 5569 vel

2212 5584 2375 5637 Samo
2404 5582 2625 5637 auditio.

2288 5664 2309 5692 ε
2344 5652 2512 5707 Vatic.
2543 5662 2597 5708 et
2624 5650 2810 5721 Gilot.,
2829 5653 2984 5708 enim.
