3962 6274
180 297 278 351 563

997 295 1060 350 ΙΝ
1103 295 1364 352 PRIMUM
1408 294 1645 352 REGUM
1685 294 2198 360 EXPOSITIONES.
2243 332 2311 345 —-
2351 303 2477 361 LIB.
2524 306 2586 361 ν.

3328 318 3394 374 εις
3417 324 3430 373 i

173 408 271 462 silii
300 405 368 460 ad
394 405 635 459 diversos
676 406 975 460 animarum
1008 408 1229 462 morbos
1256 407 1523 463 curandos
1549 407 1741 477 prasJi-
1772 410 1814 465 Α
1848 406 2019 463 Tanto
2039 412 2252 480 quidem
2274 418 2375 471 erit
2400 426 2519 485 post
2547 429 2823 487 peccatum
2846 424 3285 492 concupiscentia
3311 450 3426 489 ma.

171 507 321 553 cator
359 499 547 563 utitur,
590 498 715 568 quia
748 498 889 553 idem
931 499 1214 554 consilium
1260 499 1366 553 alta
1395 500 1592 553 mentis
1621 513 1754 554 con-

182 590 493 645 sideratione
543 590 1055 657 conqrehrnditur,
1111 590 1249 644 bene
1305 589 1446 644 unde
1491 588 1754 643 Jonathas

179 681 401 736 transire
430 679 494 734 ad
522 681 815 735 stationem
857 679 1261 735 Philistinorum
1293 680 1521 751 appetit,
1560 693 1752 735 ascen-

179 787 263 827 sus
290 786 409 827 esse
437 772 808 841 perhibentur.
844 770 909 825 Et
943 772 1069 841 quia
1112 772 1181 827 ad
1227 771 1611 842 expugnandos
1637 786 1752 825 ma-

181 865 343 932 lignos
387 864 607 933 spiritus
645 879 679 918 a
723 872 1069 933 peccatorum
1099 862 1346 919 cordibus
1390 862 1569 933 plures
1612 860 1751 916 dilli-

172 962 395 1016 cultates
422 960 664 1025 obviant,
699 970 867 1031 petrae
914 960 1054 1015 iuttr
1089 976 1347 1017 ascensus
1390 974 1512 1015 esse
1540 974 1747 1014 memo-

177 1060 367 1105 rantur.
418 1050 557 1117 Quid
604 1052 751 1105 enim
799 1066 897 1120 per
924 1051 1056 1106 istas
1084 1051 1217 1105 duas
1262 1059 1466 1120 petras,
1499 1050 1749 1105 videlicet

178 1138 330 1194 Bores
370 1149 425 1193 et
452 1138 617 1207 Se.:e,
648 1140 749 1194 nisi
779 1140 1215 1210 concupiscentia
1240 1148 1299 1194 et
1336 1150 1619 1209 peccatmn
1649 1140 1745 1195 de-

176 1229 444 1297 signatur?
492 1228 662 1283 Bores
698 1228 897 1298 quippe
954 1228 1007 1282 in
1047 1228 1278 1298 primatu
1323 1227 1556 1293 dicitur,
1604 1226 1747 1284 Sene

175 1322 269 1387 so',
290 1320 401 1375 sive
432 1319 659 1375 auditio.
692 1319 836 1375 Bene
862 1328 1040 1374 autem
1065 1319 1513 1388 concupiscentiae
1540 1319 1742 1390 prima-

178 1421 255 1465 tus
276 1426 469 1465 nomen
497 1411 769 1477 convenit,
820 1411 948 1480 quia
980 1410 1095 1481 ipsa
1142 1410 1290 1480 prior
1318 1418 1551 1465 mentem
1580 1425 1740 1467 occu-

175 1510 277 1573 pat,
305 1516 465 1572 quam
496 1516 559 1557 se
588 1516 740 1555 mens
767 1509 992 1571 peccato
1035 1500 1361 1556 substernat.
1398 1500 1543 1556 Solis
1580 1500 1740 1555 etiam

176 1592 379 1647 nomine
416 1599 569 1646 recte
613 1591 821 1662 peccati
867 1590 1157 1647 delectatio
1198 1589 1457 1659 ﬁguratur
1492 1589 1660 1660 :quia
1708 1604 1738 1645 a

175 1684 402 1737 veritatis
431 1683 630 1736 intuitu
670 1682 863 1737 mentis
888 1682 1075 1738 oculos
1101 1681 1322 1748 claudit,
1353 1689 1401 1737 et
1437 1681 1506 1736 ad
1534 1682 1738 1737 vanita-

1854 496 1963 566 jor,
1995 510 2197 569 quanto
2228 504 2340 573 ipsa
2370 508 2469 562 sibi
2515 523 2635 564 esse
2677 510 2865 581 incipit
2894 516 3097 582 peccati
3142 508 3431 582 delectatio

1855 589 2079 654 gratior.
2106 591 2213 646 Sed
2247 595 2448 662 primus
2472 599 2723 668 scopulus
2751 616 2816 654 ex
2847 601 3074 657 adverso
3099 603 3337 674 Magmas
3365 615 3433 668 si-

1856 684 1959 742 tus,
2008 679 2144 735 alter
2183 692 2372 738 contra
2402 685 2584 741 Gabaa
2614 690 2918 758 prominere
2956 695 3287 762 perhibetur.
3317 702 3431 758 Ma-

1854 783 2025 837 gmas,
2055 778 2111 824 ut
2134 772 2246 841 jam
2277 775 2408 830 satis
2446 777 2699 847 diximus,
2744 782 3033 850 humilitas,
3067 787 3245 843 Gabaa
3276 794 3432 849 enllis

1855 857 2259 928 interpretatur.
2292 862 2371 917 Ex
2393 863 2620 921 adverso
2649 870 2829 938 utique
2857 875 3290 943 concupiscentia
3326 882 3427 935 hu-

1852 947 2135 1003 militatem
2190 950 2373 1016 habet,
2425 953 2848 1013 blandimentum
2890 975 3017 1017 vero
3058 968 3263 1033 peccati
3310 985 3425 1027 cm-

1850 1034 2038 1090 lcstem
2064 1042 2548 1097 conversationem.
2579 1045 2764 1102 Omnis
2792 1049 2957 1117 enim,
2986 1053 3079 1121 qui
3110 1056 3272 1111 vetita
3296 1074 3427 1115 con-

1849 1126 2091 1218 cupiscft,
2146 1129 2271 1183 dum
2322 1144 2705 1202 praceptorem
2750 1138 3007 1209 despicit,
3047 1147 3309 1218 superbit.
3347 1149 3425 1207 Ex

1849 1213 1965 1268 adv.
1986 1232 2074 1271 rso
2097 1218 2277 1289 itaque
2307 1220 2661 1280 humilitatem
2684 1227 2865 1297 habet,
2893 1245 3055 1300 quam
3081 1213 3136 1289 in
3166 1238 3425 1296 obedien-

1847 1306 1934 1398 tia:
1978 1306 2319 1365 devotionem
2358 1329 2466 1369 non
2518 1316 2732 1373 retinet.
2757 1317 2863 1374 Sed
2893 1329 2949 1376 et
2992 1338 3082 1394 qm
3114 1323 3167 1381 in
3217 1332 3423 1398 peccati

1844 1392 2074 1463 fervore,
2116 1398 2261 1454 velut
2286 1402 2579 1459 meridiana
2625 1406 2869 1464 claritate
2899 1392 3420 1482 resolutum-contra

1843 1484 2045 1554 Gabaa,
2078 1490 2131 1544 id
2162 1500 2244 1546 est
2269 1494 2460 1549 collem
2490 1498 2781 1565 prominet,
2810 1502 2936 1570 quia
2963 1503 3091 1559 dum
3109 1506 3422 1567 adversatur

1842 1574 2169 1666 celestihus,
2194 1581 2366 1648 pomis
2391 1584 2640 1640 tartareis
2662 1598 3014 1658 pracpa'atur.
3042 1591 3147 1648 Sed
3184 1597 3309 1666 quia
3340 1608 3421 1654 ta-

1842 1661 1923 1717 les
1949 1664 2197 1720 etiamad
2225 1677 2480 1725 aeternam
2507 1672 2669 1728 vitam
2696 1674 3013 1734 Sanctorum
3038 1661 3419 1750 praedicatione

178 1784 272 1829 tem
301 1772 495 1845 aperit.
551 1771 701 1827 Unde
728 1781 783 1827 et
826 1772 880 1827 in
928 1773 1116 1844 primis
1159 1772 1464 1828 hominibus
1491 1787 1523 1827 a
1551 1772 1741 1828 seduc-

1844 1753 2227 1845 perducuntur,
2269 1758 2506 1828 ipsorum
2545 1764 2954 1833 praedicatorum
2981 1772 3216 1829 studium
3246 1777 3298 1832 in
3324 1776 3415 1835 ιο.

177 1876 280 1919 tore
320 1864 516 1932 spiritu
563 1878 661 1933 per
712 1869 1019 1933 serpentem
1062 1861 1258 1918 dicitur
1289 1880 1302 1916 :
1335 1860 1397 1916 In
1447 1878 1742 1934 quacunq::e

178 1959 250 2011 die
274 1956 601 2010 comederitis
629 1956 692 2009 de
717 1955 878 2026 ligno,
906 1956 1043 2025 quod
1081 1964 1155 2010 est
1184 1958 1237 2009 in
1278 1955 1447 2009 medio
1485 1954 1737 2024 paradisi,

172 2047 457 2114 aperienutr
498 2044 639 2113 oculi
681 2045 835 2099 vestri
876 2043 1085 2114 (Cenes.
1116 2046 1217 2115 tu}.
1249 2044 1304 2099 la
1349 2044 1741 2100 comessatiune

180 2135 374 2206 quidem
406 2135 521 2202 illa,
577 2136 852 2205 peccando
901 2134 1072 2205 aperti
1102 2142 1226 2189 sunt
1271 2134 1413 2191 oculi
1442 2141 1740 2204 transgrcs«

175 2241 367 2293 surum,
408 2235 468 2280 ut
497 2224 646 2280 faiste
693 2226 829 2283 lueis
872 2225 1052 2280 radios
1094 2226 1149 2280 in
1197 2224 1530 2295 experientia
1558 2223 1736 2280 delicti

178 2315 520 2386 perciperent,
553 2323 611 2370 et
639 2330 671 2369 a
700 2329 945 2386 superna:
990 2313 1247 2371 claritatis
1274 2313 1381 2369 alta
1406 2315 1735 2386 contempla.

180 2405 309 2459 tione
334 2405 654 2473 caligarent.
698 2403 755 2458 In
778 2403 918 2459 hanc
944 2404 1144 2474 quippe
1174 2403 1345 2459 lucem
1367 2403 1580 2474 aperire
1608 2419 1735 2459 ocu-

179 2495 249 2551 los
272 2494 545 2550 Psalmista
577 2494 869 2564 refugiens,
900 2494 1184 2549 Dominum
1215 2494 1480 2559 obsecrat,
1513 2495 1730 2548 dicens:

178 2588 336 2639 Arerte
362 2590 537 2640 oculos
570 2601 731 2650 meos,
754 2602 817 2639 ne
836 2585 1042 2639 videant
1060 2585 1334 2639 vanitatem
1357 2584 1529 2655 (Psal.
1553 2598 1730 2650 cxvnt,

175 2673 272 2745 37).
302 2674 443 2730 llanc
474 2674 670 2730 beatus
696 2674 798 2730 Job
827 2675 934 2729 alta
972 2684 1157 2730 mente
1182 2674 1501 2745 despiciens.
1529 2673 1734 2743 perfec~

178 2776 329 2821 torum
357 2766 567 2822 meritis
605 2780 665 2823 se
704 2766 866 2822 inseri
908 2774 1190 2836 exoptans,
1242 2767 1319 2820 ait
1356 2782 1369 2819 :
1412 2763 1567 2819 Nunc
1596 2765 1731 2818 enim

175 2858 408 2911 dormiens
436 2859 680 2924 silerem,
727 2866 777 2910 et
821 2873 1001 2911 somno
1029 2872 1140 2911 meo
1174 2856 1537 2926 requiescerent
1569 2870 1589 2909 :
1616 2864 1725 2920 aut,

174 2950 285 3000 sicut
310 2948 594 3002 abortivum
632 2947 985 3002 absconditum
1013 2964 1114 3001 non
1144 2946 1511 3002 subsisteretn:
1542 2948 1619 3001 vel
1642 2949 1727 3017 qui

174 3040 380 3109 concepti
427 3057 534 3095 non
568 3039 801 3094 viderunt
830 3042 994 3094 lucem
1031 3038 1197 3109 (Job.,
1228 3055 1303 3105 ιιι,
1338 3038 1446 3109 15).
1477 3037 1579 3104 Qui
1600 3047 1727 3093 sunt

1846 1842 2019 1899 natlui
2045 1843 2187 1904 facto
2212 1849 2505 1907 videamus.
2536 1853 2667 1910 Nam
2698 1858 2941 1927 sequitur
2966 1875 2979 1914 :

1916 1933 2090 2003 (Vers.
2116 1935 2193 2007 6.)
2218 1938 2365 2006 Veni,
2390 1950 2711 2000 transeamus
2741 1947 2809 2000 ad
2836 1951 3107 2008 stationem
3143 1956 3405 2013 incircum.

1842 2024 2064 2078 cisorum
2112 2026 2311 2096 horum,
2357 2031 2403 2084 si
2449 2033 2583 2103 forte
2632 2036 2793 2105 faciat
2832 2036 3084 2095 Dominus
3121 2061 3216 2112 pro
3245 2046 3413 2115 nobis,

1840 2118 1959 2187 quia
1988 2135 2088 2173 non
2119 2130 2194 2173 est
2228 2120 2450 2179 Domino
2473 2125 2679 2194 difﬁcile
2720 2129 2941 2198 salvare,
2973 2133 3051 2187 rel
3088 2134 3141 2189 in
3184 2138 3413 2192 multitu-

1840 2206 1979 2272 dine,
2004 2209 2080 2262 νει
2108 2210 2162 2263 in
2191 2213 2389 2281 paucis.

1910 2297 1999 2353 ll.
2031 2299 2161 2366 Quae
2189 2312 2270 2357 est
2289 2304 2451 2359 statio
2496 2305 2917 2380 Philistinorum,
2968 2314 3065 2369 nisi
3106 2316 3270 2375 robur
3299 2336 3412 2375 ma-

1838 2388 2102 2458 lignorum
2130 2393 2452 2463 spirituum?
2477 2396 2662 2454 Sancti
2687 2404 2887 2457 etenim
2909 2405 3026 2472 viri,
3050 2423 3172 2464 cum
3198 2411 3263 2465 ad
3286 2428 3409 2481 pec-

1836 2491 2082 2538 catorum
2125 2486 2515 2542 correctionem
2563 2505 2622 2545 se
2652 2503 2975 2565 prmparant,
3016 2509 3201 2566 aperte
3237 2502 3409 2558 sciunt

1835 2573 1957 2642 quia
2004 2588 2125 2628 cum
2173 2574 2240 2630 de
2282 2576 2419 2632 caa'o
2468 2579 2631 2648 lapsis
2672 2582 2876 2649 angelis
2925 2596 3180 2654 pugnant.
3227 2588 3410 2658 Pugna

1834 2677 1962 2730 ergo
1991 2663 2121 2729 hac,
2151 2664 2277 2734 quia
2303 2667 2615 2736 angelorum
2654 2679 2739 2724 est
2775 2679 2831 2726 et
2873 2672 3171 2737 hominmn,
3205 2692 3409 2747 pugna-

1836 2760 1921 2805 tur
1943 2768 1972 2807 a
2000 2751 2225 2809 fortibus
2265 2771 2386 2810 cum
2426 2757 2669 2824 inﬁrmis,
2695 2775 2817 2816 cum
2848 2762 3180 2835 simplicibus
3221 2768 3288 2823 ab
3314 2785 3405 2823 as-

1834 2844 1981 2897 tutis.
2012 2842 2144 2899 Nam
2181 2846 2248 2900 ab
2276 2847 2360 2902 his
2403 2848 2634 2905 fortibus
2668 2851 2925 2909 insultum
2968 2868 3271 2927 acceperat,
3309 2862 3402 2930 qui

1830 2931 2043 2987 dicebat
2074 2948 2089 2988 :
2119 2933 2387 2990 Irruerunt
2409 2936 2463 2991 in
2486 2955 2565 2992 me
2592 2941 2771 3011 fortes,
2795 2960 2955 3012 neque
2977 2946 3220 3017 iniquitas
3262 2966 3403 3018 mea,

1832 3039 1991 3094 neque
2010 3032 2271 3093 peccatum
2300 3042 2484 3093 meum,
2518 3027 2737 3085 Domine
2760 3030 2931 3103 (Psal.
2964 3050 3109 3099 mu,
3135 3036 3210 3108 4).
3239 3038 3400 3093 Astu-

174 3127 264 3191 Μ’
285 3129 377 3183 “isi
423 3129 518 3198 qui
570 3144 795 3199 peccare
845 3129 1054 3183 [οτιίιει.
1090 3129 1379 3184 “verum?
1410 3126 1556 3184 unus
1593 3143 1687 3198 εις
1711 3154 1721 3179 ,
1747 3126 1797 3190 c
1830 3114 1931 3167 tias
1960 3114 2091 3185 lapsi
2114 3117 2288 3185 angeli
2310 3118 2472 3173 etiam
2495 3117 2937 3189 Paulusintuens,
2962 3126 3069 3180 ait:
3098 3124 3220 3183 Non
3242 3129 3393 3201 igno-

171 3218 397 3287 scopulus
424 3218 615 3284 Bores,
648 3218 778 3272 alter
806 3217 950 3273 Sene
972 3218 1185 3284 dicitur,
1217 3217 1343 3287 quia
1375 3218 1419 3273 si
1448 3218 1724 3287 concupis-

170 3308 324 3362 ccntia
348 3308 399 3363 in
426 3316 612 3363 mente
632 3308 733 3363 sibi
763 3308 939 3364 locum
981 3307 1234 3373 vindicat,
1264 3307 1501 3377 ejusdem
1528 3308 1724 3363 mentis

169 3399 334 3453 oculos
352 3398 416 3452 ad
444 3398 713 3469 placidum
744 3399 949 3470 peccati
987 3398 1429 3466 blandimentum,
1474 3398 1627 3468 quasi
1657 3399 1723 3454 ad

168 3486 282 3540 solis
304 3486 469 3542 lucem
501 3486 790 3542 videndam
814 3486 974 3543 levat.
1025 3486 1169 3543 Bene
1195 3488 1323 3544 item
1351 3495 1516 3559 petra:
1545 3489 1721 3544 nami-

171 3584 362 3642 nautur,
389 3577 506 3645 quis
554 3576 859 3644 iniquorum
908 3576 1178 3631 mentibus
1228 3576 1326 3631 isti
1369 3576 1477 3631 duo
1526 3591 1722 3632 conve-

168 3666 323 3731 niunt,
349 3676 404 3720 ut
426 3666 537 3736 jam
558 3666 734 3721 redire
760 3666 1135 3737 pradicatores
1160 3667 1225 3721 ad
1242 3682 1303 3723 se
1325 3668 1480 3721 facile
1500 3682 1607 3722 non
1628 3668 1722 3722 ad-

168 3758 374 3811 mittant.
420 3756 531 3812 Sed
560 3764 616 3811 et
644 3756 895 3811 dicuntur
934 3757 1141 3827 scopuli
1174 3775 1187 3809 :
1225 3756 1350 3826 quia
1400 3756 1527 3811 hinc
1573 3756 1719 3823 inde,

166 3844 388 3902 videlicet
416 3856 524 3902 tam
557 3854 738 3903 mente
766 3861 926 3917 quam
970 3861 1199 3917 corpore
1228 3855 1555 3917 praeruptum
1585 3846 1718 3902 reti-

166 3948 280 3992 nent
320 3955 471 3994 usum
522 3939 832 4010 pravitatis.
887 3938 1022 3995 Dum
1074 3938 1217 3994 enim
1265 3938 1409 3992 nulla
1464 3953 1672 3993 morum
1701 3978 1716 4005 ,

166 4025 291 4079 nulla
323 4041 544 4097 operum
575 4028 880 4097 integritate
912 4027 1232 4096 solidantur,
1275 4028 1329 4083 in
1358 4028 1576 4082 modum
1600 4041 1713 4083 sco-

165 4116 274 4184 puli,
304 4116 425 4172 hinc
448 4126 504 4172 et
552 4117 677 4172 inde
722 4119 978 4189 pr.crupti
1020 4126 1166 4173 sunt.
1196 4117 1263 4172 Et
1300 4118 1424 4187 quia
1441 4116 1638 4172 dicitur
1663 4115 1716 4171 in

165 4204 355 4259 modum
370 4205 614 4261 dentium
638 4247 654 4269 ,
678 4206 805 4275 quid
849 4206 943 4261 dat
988 4206 1232 4275 intelligi,
1276 4205 1376 4260 nisi
1404 4204 1550 4274 quod
1574 4218 1718 4273 same

165 4293 249 4347 vid.
268 4312 401 4362 mus,
439 4296 568 4364 quia
595 4295 687 4364 qui
717 4293 1127 4365 praedicatorum
1168 4295 1505 4348 hortamenta
1534 4291 1715 4362 despi-

160 4382 307 4449 ciunt,
345 4400 532 4439 eorum
580 4388 745 4439 vitam
793 4383 954 4455 305
994 4386 1243 4439 mordere
1289 4383 1712 4440 detractionibus

161 4476 431 4529 conantur?
450 4474 558 4529 Sed
588 4474 655 4529 de
686 4475 887 4530 eisdem
916 4474 1149 4544 scopulis
1177 4474 1420 4529 subditur
1450 4491 1464 4528 :

218 4561 483 4633 (Vers.5.)
525 4565 670 4619 Unus
711 4566 1003 4635 prominens
1043 4565 1114 4617 αιι
1158 4564 1477 4636 Aquilonem,
1507 4581 1574 4618 ea:
1611 4565 1706 4618 ad-

161 4670 280 4711 verso
300 4656 559 4728 laqueos,
581 4668 631 4712 et
651 4660 780 4717 alter
798 4659 869 4712 ad
898 4654 1192 4723 Heritliem,
1221 4668 1399 4711 contra
1416 4657 1617 4712 Gabaa.

220 4744 296 4797 10.
343 4746 422 4800 Ad
465 4747 787 4816 Aquilonem
846 4749 1052 4818 primus
1110 4748 1365 4817 secpulns
1414 4747 1702 4817 prominet,

158 4831 276 4887 alter
299 4834 363 4889 ad
390 4834 687 4902 Meridiem,
724 4837 848 4905 quia
877 4853 974 4908 per
1013 4837 1500 4907 concupiscentiam
1529 4837 1707 4892 fervor

158 4923 408 4981 charitatis
448 4927 828 4997 exstinguitur,
858 4937 914 4983 et
960 4944 1054 4998 per
1086 4939 1365 4999 peccatum
1394 4931 1556 4987 ardor
1582 4948 1706 4987 con-

159 5014 474 5081 cupisccntic
496 5027 890 5086 augmentatur.
924 5018 1073 5073 Mens
1105 5022 1246 5074 enim
1291 5020 1543 5089 reproba,
1574 5020 1704 5075 dum

158 5107 578 5175 concupiscentia:
598 5108 863 5176 subditur,
892 5111 1158 5165 charitate
1186 5111 1468 5180 spoliatur,
1499 5120 1554 5165 et
1577 5111 1704 5165 dum

158 5209 357 5263 peccare
386 5215 493 5254 non
517 5201 729 5268 metuit,
752 5202 960 5257 acriora
984 5202 1036 5256 in
1067 5217 1127 5257 se
1156 5203 1310 5258 valde
1331 5203 1584 5273 peccandi
1606 5203 1703 5258 de-

155 5286 326 5342 sideria
352 5290 616 5345 accendit.
663 5292 824 5358 Quasi
870 5293 1010 5346 enim
1043 5292 1095 5346 iu
1124 5307 1330 5347 summa
1358 5290 1468 5348 diei
1487 5308 1596 5348 sun
1624 5293 1703 5347 al.

157 5378 358 5433 mndine
384 5388 439 5434 et
464 5380 648 5435 calore
678 5382 875 5450 posita,
910 5381 961 5435 in
993 5380 1138 5435 fluxu
1167 5383 1393 5451 peccati,
1419 5393 1472 5436 et
1506 5383 1699 5438 immo-

157 5468 314 5522 derate
363 5470 595 5536 laetatur,
646 5480 701 5525 et
751 5472 1001 5527 ardenter
1031 5473 1339 5528 resolvitur.
1394 5474 1529 5527 Male
1571 5488 1700 5541 ergo

158 5558 330 5613 mederi
366 5561 810 5630 concupiscentia:
857 5563 1046 5617 morbo
1090 5565 1304 5631 satagit.
1359 5564 1449 5633 qui
1492 5565 1558 5618 ad
1602 5565 1703 5618 hoc

158 5647 344 5717 exple'e
368 5651 829 5716 concupiscentias
854 5654 1127 5725 peccando
1140 5655 1344 5724 cogitat
1365 5662 1420 5709 ut
1441 5656 1700 5724 quiescat.

1827 3220 2001 3259 ramus
2047 3207 2160 3277 ejus
2189 3209 2406 3263 astutias
2432 3208 2518 3279 (II
2546 3209 2664 3265 Cor.
2695 3229 2761 3279 ιι,
2816 3214 2926 3283 Η).
2964 3216 3163 3271 Contra
3189 3227 3398 3277 astutos

1828 3295 1990 3364 igitur
2020 3296 2104 3351 via
2126 3306 2295 3353 cautte
2317 3299 2540 3356 rationis
2559 3304 2844 3372 quaerenda
2880 3315 2983 3372 est,
3016 3318 3202 3364 contra
3227 3310 3394 3369 fortes

1824 3400 1954 3441 vero
1981 3386 2161 3442 divina
2211 3397 2339 3444 sunt
2390 3391 2588 3445 auxilia
2636 3394 2883 3462 petenda.
2921 3394 2991 3451 Ut
3036 3413 3164 3469 ergo
3203 3413 3396 3471 magna

1822 3475 2032 3531 cautela
2062 3478 2370 3547 prmdicatio
2416 3481 2721 3537 exhibenda
2752 3499 2871 3541 esse
2917 3488 3201 3555 sentiatur,
3234 3489 3400 3547 Jonao

1822 3565 1943 3620 thas
1984 3566 2309 3635 armigerum
2353 3582 2512 3623 suum
2541 3570 2607 3625 ad
2634 3586 2818 3628 secum
2860 3578 3241 3632 transeundum
3265 3580 3400 3635 invi-
3470 3616 3471 3619 η

1822 3666 1967 3715 tasse
1996 3661 2213 3717 dicitur.
2260 3662 2328 3717 Et
2365 3672 2423 3717 ιιι
2452 3664 2506 3719 in
2553 3666 2886 3735 expellendis
2932 3669 3176 3724 hostibus
3215 3670 3279 3723 de
3302 3671 3396 3726 Dei

1821 3749 2166 3807 miseratione
2194 3763 2568 3823 prmsumatur,
2612 3755 2849 3824 loquitur
2879 3756 3100 3813 dicens:
3132 3757 3267 3823 Quia
3292 3777 3397 3815 non

1818 3848 1891 3893 est
1923 3839 2030 3894 Deo
2058 3840 2265 3910 diﬂicile
2290 3842 2511 3908 salvere,
2533 3844 2610 3898 vel
2628 3846 2680 3898 in
2710 3844 3052 3912 multitudine,
3083 3847 3159 3901 vel
3187 3849 3237 3901 in
3261 3866 3395 3919 pauo

1817 3931 1915 3993 cis;
1944 3938 1999 3986 et
2023 3932 2145 4001 quia
2174 3932 2559 4000 ﬂagitiosorum
2591 3936 2874 3989 conversio
2914 3936 3083 3991 facilis
3120 3953 3226 3992 non
3264 3947 3347 3992 est
3371 3976 3389 4003 ,

1816 4020 1948 4076 dicit
1984 4037 1997 4075 ε
2041 4022 2101 4075 Si
2150 4023 2283 4092 forte
2326 4024 2487 4093 faciat
2522 4021 2659 4077 Dens
2684 4041 2777 4095 pro
2803 4024 2966 4079 nobis.
2993 4025 3053 4080 Si
3084 4028 3216 4096 forte
3242 4028 3392 4090 dicit,

1815 4111 1940 4181 quia
1968 4113 2036 4166 de
2070 4111 2121 4182 pl
2158 4127 2223 4166 na
2272 4112 2684 4169 criminosorum
2737 4114 2913 4170 salute
2967 4115 3140 4170 adhuc
3179 4117 3390 4185 plenius

1814 4217 1923 4255 non
1970 4202 2261 4271 pnesumit.
2292 4203 2400 4258 Sed
2437 4202 2663 4259 formam
2690 4204 2848 4260 elecﬁ
2876 4204 3073 4261 subditi
3100 4206 3155 4262 in
3193 4208 3388 4265 virtute

1814 4291 2051 4345 ostendit
2078 4291 2415 4357 humilitatis,
2448 4293 2573 4360 quia
2603 4293 2781 4348 subdit
2806 4309 2821 4347 :

1884 4380 2060 4450 (γει-ε.
2091 4381 2171 4449 7.)
2194 4380 2439 4452 Dixitque
2456 4384 2502 4436 ei
2523 4384 2747 4454 armiger
2764 4400 2884 4437 suus
2907 4399 2925 4439 :
2948 4380 3059 4438 Fac
3079 4386 3252 4439 omnia
3272 4400 3386 4457 qua:

1745 4476 1797 4537 ι)
1817 4472 2021 4542 placent
2052 4474 2223 4527 animo
2253 4481 2359 4528 tuo.
2384 4472 2553 4544 Perge
2568 4491 2668 4545 quo
2694 4476 2858 4545 cupis,
2889 4484 2937 4530 et
2958 4492 3047 4531 ero
3072 4484 3234 4531 tecum
3256 4494 3386 4547 quo-

1813 4578 2007 4633 cunque
2030 4563 2265 4616 colui-ris.

1886 4652 1972 4705 12.
1998 4650 2249 4706 Nonnulli
2273 4652 2520 4721 subjecti,
2549 4654 2673 4708 dum
2715 4671 3020 4710 mensuram
3071 4655 3273 4711 ordinis
3301 4657 3383 4709 sui

1816 4742 2109 4811 negligunt,
2125 4741 2367 4796 eamdem
2382 4756 2688 4795 mensuram
2705 4744 2783 4797 sic
2793 4743 3142 4809 confundunt,
3168 4752 3226 4797 ut
3241 4759 3381 4811 pra:-

1814 4831 2043 4884 latornm
2067 4846 2284 4885 suorum
2309 4829 3073 4900 dispositioniconuuunicent,
3098 4837 3191 4891 sed
3217 4840 3376 4911 305

1810 4922 2030 4978 obedire
2052 4922 2288 4991 imperiis
2324 4928 2594 4976 recusent.
2640 4921 2938 4978 Emendare
2964 4926 3177 4995 quidem
3208 4930 3381 4998 majo-

1811 5028 1929 5067 rum
1959 5013 2097 5068 dieta
2125 5012 2285 5067 facile
2306 5011 2527 5079 audent,
2550 5012 2643 5067 sed
2672 5012 2825 5067 facile
2847 5013 3072 5083 implere
3100 5032 3221 5087 qua:
3242 5034 3349 5088 pra:
3366 5051 3381 5061 -

1807 5105 2032 5175 cipimtt,
2066 5120 2173 5158 non
2202 5112 2487 5159 conantur.
2529 5102 2665 5169 Quid
2694 5117 2824 5170 ergo
2865 5104 2917 5158 in
2946 5104 3102 5174 hujus
3126 5109 3377 5177 armigeri

1808 5210 1941 5251 voce
1962 5212 1994 5249 n
2015 5195 2116 5249 abis
2143 5194 2459 5257 ostenditur,
2485 5193 2584 5246 nisi
2610 5193 2735 5263 quia
2766 5194 3111 5263 relinquenda
3133 5206 3213 5251 est
3236 5215 3374 5267 pne-

1810 5286 1998 5356 positis
2036 5285 2320 5354 dispositio
2368 5284 2557 5349 libera,
2588 5282 2817 5337 tenenda
2847 5293 2929 5339 est
2956 5285 3178 5340 subditis
3207 5289 3377 5343 virtus

1812 5377 2128 5431 obedientia:
2150 5391 2257 5429 non
2279 5374 2532 5429 remissa?
2566 5372 2630 5427 Ut
2650 5373 2791 5428 enim
2817 5374 3034 5429 liberam
3060 5375 3376 5447 disponendi

1807 5467 2178 5523 auctoritatem
2240 5464 2681 5535 praedicatoribus
2724 5464 3031 5530 assignent,
3092 5466 3165 5520 ait
3207 5486 3220 5522 :
3266 5467 3376 5521 Fac

1808 5560 2003 5621 omnia,
2033 5573 2144 5626 qua:
2165 5556 2363 5625 placent
2393 5555 2567 5608 animo
2594 5564 2695 5608 tuo.
2727 5552 2791 5606 Et
2815 5563 2872 5607 ut
2894 5544 3224 5610 subditorum
3250 5574 3375 5627 μιιυο-

1811 5666 1933 5706 nam
1963 5651 2291 5704 voluntatem
2339 5644 2404 5700 ad
2434 5646 2613 5701 omnia
2652 5646 2866 5700 servitia
2898 5647 3220 5715 ostenderet,
3257 5649 3371 5703 sul;-
