3962 6284
561 299 665 355 567

1754 287 1994 346 SANCTI
2034 285 2361 344 GREGORII
2401 286 2612 343 MAGNI

3714 287 3808 340 εδδ

560 414 637 468 dit
670 429 683 465 :
717 410 883 482 Perge
901 424 1000 481 quo
1024 407 1191 476 cupis,
1213 414 1259 458 et
1281 420 1367 459 ero
1389 412 1553 458 tecum
1582 419 1879 474 quocunque
1900 402 2141 457 volueris.
2175 405 2218 463 Λ
2248 402 2453 455 monita
2502 416 2610 455 non
2650 398 2946 468 recipiunt,
2984 395 3215 453 solerter
3241 396 3437 453 debent
3470 396 3564 467 ipsi
3591 399 3812 455 cireum-

562 501 672 557 Nec
702 502 773 555 ibi
820 498 1037 569 quidem
1090 496 1225 550 dixit
1281 512 1294 548 ε
1338 493 1589 559 Quaedam
1644 493 1727 548 fac
1756 508 1874 561 qua:
1920 499 2048 546 sunt
2086 491 2141 544 in

561 593 741 647 animo
773 597 887 655 tuo,
918 586 1162 658 quaedam
1194 601 1300 641 non
1329 585 1431 651 lac,
1465 584 1549 639 vel
1588 584 1742 639 aliter
1768 583 1879 649 fac;
1908 598 2005 638 nec
2032 581 2140 645 hic,

561 697 721 752 perge
746 680 898 747 i’luc,
944 686 1000 732 et
1025 693 1121 733 ero
1144 686 1320 732 tecum
1347 718 1362 743 ,
1420 684 1475 731 et
1520 676 1646 731 illuc
1673 692 1779 729 non
1810 690 1905 729 ero
1945 683 2141 728 tecum.

563 772 775 836 Omnia,
798 769 989 839 inquit,
1016 771 1121 839 fac,
1152 769 1277 837 quia
1303 767 1653 838 dispositione
1675 765 2012 835 praelatorum
2039 762 2149 817 dis-

564 862 807 933 ponenda
830 870 956 917 sunt
978 861 1157 917 omnia
1188 878 1199 911 :
1226 858 1333 913 Ero
1365 859 1512 922 item,
1549 857 1642 922 ait,
1675 864 1837 910 tecum
1855 870 2150 925 quocunque

563 954 819 1019 volueris;
850 952 973 1022 quia
1001 950 1163 1005 alicui
1208 956 1474 1019 praecepto
1516 946 1835 1002 obedientia:
1879 944 2151 1013 subjectus

560 1048 799 1116 optimus
838 1046 1029 1100 deesse
1059 1059 1166 1097 non
1194 1041 1372 1097 debet.
1413 1039 1668 1108 Sequitur
1701 1055 1712 1090 :

639 1136 819 1205 (νει-ε.
848 1133 882 1187 8
913 1132 1025 1202 l0.)
1062 1131 1131 1185 Et
1152 1134 1228 1185 ait
1250 1129 1529 1192 Jonathas,
1559 1144 1673 1182 ecce
1701 1144 1795 1181 nos
1818 1126 2149 1181 transibimus

568 1233 639 1285 ad
660 1231 791 1283 viros
826 1228 979 1289 istos,
1010 1240 1223 1295 cumque
1249 1221 1639 1292 apparuerimus
1668 1220 1772 1284 eis,
1802 1220 1848 1273 si
1878 1221 2047 1273 taliter
2073 1221 2152 1273 lo-

565 1321 671 1373 cuti
701 1319 893 1390 fuerint
922 1318 991 1369 ad
1025 1332 1118 1370 nos
1144 1330 1164 1369 :
1193 1313 1404 1368 Manete
1437 1312 1597 1366 donec
1627 1312 1885 1365 veniamus
1934 1310 2003 1363 ad
2032 1327 2119 1365 vos
2138 1350 2154 1376 ,

567 1420 756 1464 stemus
777 1408 830 1460 in
852 1408 963 1461 loco
986 1414 1181 1469 nostro,
1208 1420 1299 1457 nec
1325 1402 1661 1456 ascendamus
1683 1401 1753 1453 ad
1770 1416 1877 1454 eos.
1904 1399 1966 1454 Si
1987 1411 2155 1454 autem

567 1502 833 1554 dixerint:
863 1496 1135 1552 Ascendite
1154 1495 1224 1548 ad
1253 1511 1376 1560 nos,
1402 1492 1762 1556 ascendamus,
1794 1492 1913 1562 quia
1941 1492 2157 1546 tradidit

566 1609 653 1647 eos
684 1591 937 1646 Dominus
962 1590 1015 1642 in
1043 1590 1278 1642 manibus
1309 1588 1518 1641 nostris.

648 1680 733 1735 l5.
774 1678 935 1734 Certa
963 1687 1019 1733 et
1043 1676 1342 1732 indubitata
1369 1684 1569 1731 sanet-.c
1606 1674 1866 1731 Ecclesia:
1894 1674 2156 1729 sententia

569 1778 669 1836 est,
701 1768 828 1838 quia
858 1767 1017 1822 electi
1047 1766 1425 1836 pnedicatores
1456 1781 1563 1820 non
1595 1766 1768 1821 solum
1797 1764 1950 1833 quid,
1980 1779 2156 1835 quan-

570 1871 681 1916 tum
728 1868 784 1916 et
824 1859 1040 1928 quando
1082 1858 1371 1927 loquantur
1414 1856 1762 1912 considerare
1805 1855 2031 1924 debent,
2062 1854 2159 1909 sed

569 1954 765 2025 quibus
806 1953 966 2008 etiam
1015 1950 1325 2019 loquantur.
1363 1947 1517 2004 Unde
1557 1956 1615 2003 et
1663 1948 1919 2003 Dominus
1947 1963 1977 2001 a
2025 1961 2160 2017 quo-

570 2044 816 2099 rumdam
848 2041 1038 2096 notitia
1070 2040 1293 2095 verbum
1338 2038 1672 2105 recondens,
1710 2037 2003 2108 discipulos
2033 2052 2159 2108 pro-

572 2135 753 2202 hibet,
785 2134 968 2188 dicens
996 2150 1008 2185 :
1042 2130 1222 2185 Nolite
1266 2146 1455 2200 ponere
1483 2130 1793 2200 margaritas
1822 2138 1941 2183 ante
1976 2146 2160 2200 porcos

576 2225 793 2297 (Matth.
825 2240 918 2291 vn,
944 2225 1020 2293 6).
1054 2221 1189 2277 Hinc
1214 2221 1342 2276 item
1370 2220 1646 2289 Scriptura
1678 2220 1937 2274 inutiliter
1961 2219 2159 2274 edundi

572 2317 792 2371 verbum
822 2322 990 2380 vetat,
1031 2320 1085 2368 et
1113 2314 1242 2367 dicit
1268 2330 1301 2375 :7
1323 2312 1423 2367 Ubi
1448 2328 1550 2366 non
1579 2320 1654 2366 est
1682 2313 1907 2379 auditus,
1938 2328 2040 2366 non
2080 2313 2159 2382 ef-

575 2407 765 2477 fundas
806 2422 1088 2459 sermonem
1120 2403 1315 2475 (Eccli.
1348 2420 1524 2469 xxx",
1557 2403 1589 2457 6
1609 2412 1646 2473 ).
1679 2403 1817 2471 Quid
1844 2417 1993 2473 ergo,
2019 2402 2163 2472 quod

570 2495 830 2550 Jonathas
855 2495 983 2550 dicit
1018 2512 1031 2548 :
1072 2494 1133 2549 Si
1162 2494 1392 2548 dixerint
1422 2511 1440 2547 :
1471 2493 1685 2548 Manete
1713 2493 1873 2548 donec
1902 2496 2163 2547 veniamus

575 2584 645 2637 ad
674 2600 782 2647 vos,
814 2592 1008 2638 stemus
1038 2585 1091 2636 in
1120 2584 1232 2637 loco
1258 2592 1436 2637 nostro
1466 2600 1483 2635 :
1516 2582 1577 2637 Si
1606 2599 1721 2637 vero
1747 2599 1764 2636 :
1796 2584 2065 2636 Ascendite
2096 2582 2164 2635 ad

574 2693 688 2741 nos,
722 2677 1088 2739 ascendamus,
1122 2676 1238 2746 quia
1272 2674 1486 2727 tradidit
1515 2690 1602 2729 eos
1629 2673 1881 2728 Dominus
1912 2675 1962 2728 in
1994 2675 2163 2727 mani-

575 2770 667 2821 bus
685 2768 874 2821 nostris
889 2807 903 2833 ,
943 2766 1046 2821 nisi
1073 2766 1197 2835 quia
1214 2765 1418 2819 electus
1438 2764 1759 2835 praedicator
1779 2772 1981 2819 attente
2002 2762 2165 2818 debet

576 2858 853 2928 colligere,
882 2860 1075 2928 quibus
1105 2857 1329 2912 verbum
1367 2857 1492 2911 vit-.c
1530 2857 1726 2911 debeat
1762 2854 2027 2926 proferre.
2057 2855 2165 2911 Sed

577 2949 701 3018 quia
737 2949 843 3003 hoc
870 2946 1082 3003 ostendi
1114 2960 1253 3001 nunc
1281 2946 1335 3000 in
1372 2960 1533 3001 sensu
1562 2944 1755 3000 littera:
1782 2945 2023 3011 videtur,
2066 2958 2166 2999 nos

576 3036 823 3092 subtilius
849 3034 1234 3106 exprimamus.
1278 3034 1359 3089 Ad
1401 3043 1747 3104 petcatores,
1787 3034 2165 3104 praedicatores

577 3134 896 3194 transeunt,
928 3126 1145 3197 quando
1184 3126 1266 3180 his
1309 3125 1503 3196 quibus
1531 3126 1691 3180 verba
1727 3126 2011 3192 exhibent,
2056 3141 2163 3181 non

576 3218 751 3272 solum
792 3217 993 3282 verbo,
1041 3216 1136 3270 sed
1168 3215 1328 3270 etiam
1357 3215 1464 3268 vita
1491 3214 1723 3283 placent.
1757 3215 1859 3280 Qui
1886 3230 2014 3285 ergo
2043 3222 2167 3269 sunt

578 3306 669 3375 qui
699 3306 887 3360 dicunt
922 3324 935 3357 :
970 3304 1244 3358 Ascendite
1278 3302 1347 3356 ad
1374 3319 1499 3369 nos,
1534 3304 1633 3357 nisi
1660 3304 1712 3357 hi
1744 3304 1834 3372 qui
1867 3305 2167 3360 devotionis

579 3395 731 3464 signa
762 3393 1067 3463 proferunt,
1096 3392 1222 3461 quia
1258 3393 1443 3446 salutis
1467 3392 1691 3447 verbum
1713 3400 1767 3447 et
1792 3396 2167 3451 venerabi!iter

581 3484 821 3549 audiant,
858 3491 914 3537 et
934 3483 1170 3537 retinere
1209 3479 1418 3535 fortiter
1446 3482 1865 3551 concupiscant?
1913 3483 1993 3537 Ad
2038 3485 2167 3539 istos

576 3573 762 3642 itaque
790 3570 1184 3627 ascendendum
1207 3580 1309 3637 est,
1342 3572 1609 3640 inquibus
1638 3572 1738 3626 etsi
1769 3587 1990 3642 magnus
2017 3573 2167 3629 labor

581 3673 665 3722 est
692 3665 745 3718 in
781 3677 945 3733 opere
972 3660 1276 3726 ministerii,
1308 3668 1434 3715 sunt
1467 3668 1523 3715 et
1556 3674 1748 3727 magna
1782 3661 1929 3717 lucra
1956 3662 2163 3717 salutis.

579 3754 626 3809 Ε
650 3754 923 3810 contrario
946 3767 1073 3808 vero
1102 3751 1168 3806 ad
1197 3751 1445 3806 doctores
1477 3759 1794 3821 peccatores
1828 3752 2054 3807 transire
2076 3767 2168 3822 ge-

582 3848 780 3913 stiunt,
816 3843 1033 3915 quando
1058 3852 1167 3899 tam
1196 3843 1457 3913 profunda
1482 3845 1725 3899 caecitate
1747 3853 2079 3913 merguntur,
2110 3853 2170 3899 ut

580 3940 649 3994 ad
691 3937 963 3993 imitanda:
1001 3952 1112 3992 sua:
1155 3936 1435 4006 pravitatis
1472 3936 1775 4005 exemplum
1815 3937 1961 4006 ipsos
2003 3937 2167 3991 etiam

584 4028 963 4098 praedicatores
1000 4034 1316 4081 convertere
1355 4026 1614 4081 nitantur.
1660 4025 1821 4080 Proni
1864 4026 2065 4096 quippe
2100 4025 2169 4080 ad

584 4119 783 4172 malum
813 4124 959 4183 sunt,
988 4115 1152 4170 corde
1186 4115 1618 4184 impocnitentes,
1656 4125 1711 4169 et
1752 4116 1957 4186 peccati
1983 4115 2165 4186 lepra,

584 4222 745 4275 quam
776 4205 1031 4269 induunt,
1064 4203 1334 4259 maculare
1377 4203 1512 4259 alios
1542 4220 1648 4258 non
1678 4213 2062 4273 expavescunt.
2094 4206 2171 4261 De

586 4294 777 4363 quibus
805 4293 1019 4362 sapiens
1064 4292 1153 4346 ille
1198 4291 1455 4360 loquitur,
1499 4290 2018 4347 dicenszLietantur
2054 4311 2168 4348 cum

585 4384 721 4437 male
750 4384 985 4454 fecerint,
1008 4392 1057 4436 et
1084 4382 1348 4436 exsultant
1376 4382 1431 4434 in
1457 4380 1603 4435 rebus
1630 4383 1867 4453 pessimis
1899 4383 2078 4456 (Prov.
2109 4402 2164 4451 tt,

589 4472 700 4543 Η).
730 4471 791 4526 Et
814 4472 941 4526 item
967 4470 1232 4539 Propheta
1259 4470 1327 4527 de
1355 4470 1437 4525 his
1464 4472 1782 4538 vaticinans,
1812 4474 1887 4528 ait
1914 4492 1927 4527 ε
1962 4474 2167 4530 Prwdi-

586 4570 824 4616 caverunt
872 4569 1134 4630 peccatum
1176 4577 1327 4615 sum
1370 4562 1501 4615 sicut
1546 4562 1773 4617 Sodoma
1813 4563 1948 4635 (Isai
1979 4582 2053 4631 ιιι,
2086 4566 2164 4637 9).

586 4654 722 4721 Quid
745 4662 827 4709 est
867 4667 994 4722 ergo
1019 4652 1162 4723 quod
1202 4653 1279 4707 ait
1324 4670 1337 4706 :
1376 4650 1583 4708 Stemus
1609 4654 1664 4707 in
1690 4654 1802 4710 loco
1824 4658 2035 4711 nostro?
2062 4657 2167 4713 Sel

587 4750 696 4802 tale
723 4754 806 4801 est
825 4785 841 4811 ,
882 4760 947 4801 ac
981 4745 1027 4800 si
1057 4745 1240 4800 dicat:
1274 4743 1332 4799 Si
1355 4744 1474 4800 illos
1494 4745 1689 4800 lucrari
1712 4762 1819 4803 non
1842 4763 2127 4818 possumus
2152 4792 2166 4815 ,

587 4839 946 4908 nosmetipsos
972 4838 1025 4892 in
1053 4838 1193 4894 bona
1222 4840 1637 4895 conversatione
1665 4854 1959 4898 servemus.
1997 4843 2170 4898 Locus

588 4928 732 4983 enim
763 4936 947 4983 noster
973 4927 1116 4982 bona
1143 4928 1485 4982 conversatio
1515 4936 1625 4992 est,
1674 4928 1742 4983 de
1776 4945 1884 4999 quo
1922 4931 2171 4986 nimirum

587 5021 707 5076 loco
734 5020 866 5074 alias
886 5019 1141 5088 scriptum
1172 5027 1254 5073 est
1286 5037 1299 5071 :
1333 5019 1393 5074 Si
1420 5021 1631 5089 spiritus
1661 5030 1961 5088 potesta'em
1981 5022 2174 5077 habens

586 5110 879 5165 ascenderit
910 5125 1059 5179 super
1084 5118 1150 5175 te,
1178 5110 1342 5163 locum
1374 5120 1511 5164 tuum
1542 5127 1644 5165 non
1674 5112 1881 5166 deseras
1911 5112 2079 5183 (Eccl.
2112 5130 2168 5181 x,

586 5203 667 5274 4).
702 5202 876 5257 Locus
896 5201 1113 5272 quidem
1143 5203 1241 5257 iste
1264 5219 1369 5258 non
1399 5204 1573 5258 solum
1598 5220 1628 5259 a
1654 5204 1865 5277 Spiritu,
1894 5208 1986 5261 sed
2006 5208 2168 5262 etiam

588 5298 655 5350 ab
682 5295 903 5350 homine
932 5293 1201 5350 cavendus
1228 5301 1310 5348 est
1343 5312 1355 5347 :
1389 5296 1514 5365 quia
1558 5295 1672 5365 ipse
1700 5297 1919 5366 Spiritus
1946 5313 2050 5352 non
2081 5314 2172 5353 so-

590 5385 699 5439 lum
728 5400 824 5455 per
852 5399 911 5438 se
940 5384 1096 5438 nobis
1129 5384 1340 5451 obviat,
1378 5385 1471 5439 sed
1510 5394 1696 5440 contra
1737 5402 1836 5442 nos
1873 5388 2035 5442 etiam
2074 5404 2174 5458 per

591 5473 864 5527 hominem
898 5481 1117 5540 pugnat.
1141 5471 1198 5525 Si
1227 5488 1355 5527 vero
1384 5473 1533 5528 locus
1562 5484 1745 5531 noster
1774 5475 2031 5533 Dominus
2056 5488 2166 5545 est,

592 5576 712 5614 cutn
742 5560 867 5615 mali
897 5574 957 5614 se
986 5560 1140 5614 nobis
1163 5560 1441 5629 objiciunt,
1476 5564 1527 5617 in
1558 5565 1678 5620 loco
1707 5574 1893 5621 nostro
1918 5569 2170 5636 persista-

593 5665 740 5719 mus,
788 5649 918 5722 quia
957 5665 1078 5707 eum
1129 5650 1513 5725 incorrigibiles
1557 5656 1718 5726 306
1760 5656 2167 5726 praedicatorum

2246 496 2476 564 spicere,
2508 501 2567 548 ut
2595 493 2661 548 ad
2691 508 2749 547 se
2790 492 2934 546 nulla
2976 491 3185 561 pOSsint
3211 505 3402 546 eorum
3437 492 3678 563 exempla
3705 510 3817 564 per-

2245 586 2448 640 venire.
2482 584 2737 655 Sequitur
2760 601 2774 636 :

2324 677 2504 749 (Vers.
2538 676 2624 740 11,
2658 674 2771 743 12.)
2803 674 3057 743 Apparuit
3084 674 3254 742 itaque
3280 672 3498 727 stationi
3524 670 3817 729 Philistitto-

2251 785 2384 833 rum,
2418 768 2756 837 dixeruntque
2789 763 3065 817 Philistiim
3097 779 3115 816 :
3152 763 3231 815 En
3265 762 3476 818 llebrtei
3503 764 3819 833 egrediuntur

2256 858 2318 912 de
2347 857 2578 911 cavernis
2605 857 2658 909 in
2681 855 2859 927 quibus
2881 855 3172 908 ubsconditi
3193 857 3420 925 fuerant.
3445 853 3514 907 Et
3544 856 3694 907 locuti
3716 867 3819 908 sunt

2256 949 2350 1001 viri
2379 946 2441 1000 de
2462 945 2684 999 statione
2714 944 3110 998 Philistinorum
3137 944 3207 997 ad
3235 944 3551 1009 Ionatham,
3577 952 3624 995 et
3653 945 3717 996 ad
3746 962 3821 997 ar-

2254 1040 2503 1109 migerum
2530 1053 2677 1091 suum
2699 1053 2716 1090 :
2740 1034 3014 1089 Ascendite
3034 1034 3102 1087 ad
3123 1050 3237 1101 nos,
3268 1042 3319 1087 et
3347 1033 3674 1087 ostendemus
3698 1034 3822 1087 vobis

2253 1144 2382 1183 rem.

2328 1216 2415 1270 14.
2459 1215 2721 1282 Quidnam
2752 1223 2862 1283 est,
2894 1216 3038 1284 quod
3068 1229 3328 1286 apparere
3356 1213 3617 1270 Jonathas
3648 1214 3823 1269 Philis-

2259 1312 2375 1366 ta-is
2428 1324 2550 1366 cum
2596 1309 2863 1379 armigero
2915 1309 3111 1363 dicitur
3143 1326 3155 1361 :
3188 1308 3288 1363 nisi
3334 1307 3459 1377 quia
3501 1308 3627 1362 doct
3650 1323 3691 1361 tr
3728 1308 3825 1376 ipse

2258 1402 2408 1472 prior
2435 1401 2597 1456 debet
2628 1402 2829 1456 bonum
2860 1399 3178 1464 ostendere,
3208 1400 3353 1468 quod
3390 1399 3527 1454 alios
3567 1398 3826 1453 conteztdit

2257 1493 2532 1548 edocere?
2569 1491 2684 1549 Non
2710 1492 2855 1547 enim
2878 1501 3058 1563 potest
3080 1493 3132 1545 in
3160 1492 3541 1562 praedicatione
3561 1492 3825 1546 venerabi-

2259 1582 2382 1636 liter
2409 1581 2607 1651 recipi,
2656 1582 2701 1636 si
2731 1581 2880 1651 prius
2927 1582 2981 1636 in
3014 1596 3073 1637 se
3111 1581 3377 1637 honorem
3408 1582 3690 1646 ministerii
3732 1598 3823 1637 non

2193 1708 2232 1766 Β
2260 1672 2475 1743 praetert
2517 1672 2637 1727 luce
2662 1672 2819 1727 bona:
2855 1672 3300 1727 conversationis.
3336 1670 3488 1726 Unde
3516 1680 3571 1726 et
3599 1674 3826 1741 egregius

2260 1780 2371 1833 p‘a:
2389 1764 2581 1819 l;cator
2603 1763 2937 1817 conﬁdenter
2960 1762 3182 1829 asserit,
3208 1762 3427 1817 dicens:
3460 1760 3701 1825 Quandiu
3729 1764 3825 1833 qui-

2261 1855 2375 1908 dem
2401 1870 2513 1907 sum
2546 1854 2772 1923 gentium
2798 1852 3095 1921 Apostolus,
3124 1852 3465 1905 ministerium
3487 1869 3655 1905 meum
3683 1854 3827 1906 hono-

2260 1948 2473 2017 ri/icabo
2524 1947 2705 2017 (Rom.
2749 1963 2821 2011 ιι,
2857 1945 2969 2016 15).
3019 1944 3257 2015 Apparet
3300 1958 3430 2015 ergo
3476 1945 3689 2010 doctor,
3734 1962 3824 1999 non

2262 2052 2375 2099 tam
2402 2058 2524 2100 cum
2552 2043 2715 2097 verbo
2746 2041 2984 2111 loquitur
3023 2055 3186 2110 quam
3224 2054 3349 2094 eum
3376 2040 3483 2094 vita
3524 2046 3581 2093 et
3608 2037 3826 2092 moribus

2259 2136 2645 2192 venerabiliter
2671 2134 3090 2189 demonstra‘ur.
3121 2131 3391 2202 Propheta
3425 2132 3585 2200 igitur
3614 2145 3729 2185 cum
3757 2138 3826 2200 ty-

2262 2228 2344 2297 pis
2371 2241 2541 2282 sacra:
2570 2224 2811 2281 historic
2836 2223 3251 2293 prirdicatorum
3291 2237 3471 2277 mores
3500 2220 3823 2284 ostenderet,

2262 2316 2651 2371 rationabiliter
2674 2313 2972 2376 subintnlit,
2997 2313 3216 2368 dicens:
3240 2312 3496 2383 Apparuit
3522 2313 3692 2382 itaque
3708 2322 3827 2363 uter-

2262 2422 2358 2474 que
2384 2404 2597 2459 stationi
2633 2403 3048 2457 l’hilistinorum.
3080 2400 3242 2468 Quasi
3269 2402 3413 2456 dicat
3441 2420 3453 2454 :
3489 2400 3626 2467 Quia
3654 2402 3825 2457 docere

2263 2494 2562 2565 proposuit,
2610 2494 2761 2565 prius
2806 2493 2895 2562 iis,
2944 2492 3138 2563 quibus
3178 2492 3325 2561 loqui
3373 2492 3656 2561 disposuit,
3686 2491 3824 2543 vitam

2263 2586 2599 2642 monstravit.
2637 2585 2746 2641 Sed
2777 2585 2905 2654 quid
2936 2593 3045 2650 cst,
3077 2583 3223 2653 quod
3251 2583 3504 2639 Philistaei
3532 2592 3827 2653 apparentes

2265 2677 2598 2747 despiciunt,
2631 2685 2687 2731 et
2716 2684 2893 2729 tamen
2925 2674 3023 2740 eis,
3053 2674 3328 2728 Ascendite
3354 2673 3424 2726 ad
3460 2690 3581 2737 nos,
3625 2674 3825 2734 dicunt,

2265 2766 2367 2820 nisi
2387 2766 2511 2835 quia
2532 2764 2847 2835 plerumque
2869 2763 2944 2818 illi
2972 2764 3132 2817 etiam
3163 2762 3570 2833 prmdicatorum
3595 2763 3825 2832 optimam

2267 2858 2430 2910 vitam
2464 2854 2803 2925 despiciunt,
2841 2854 2933 2926 qui
2959 2870 3145 2909 eorum
3174 2854 3553 2925 praedicatione
3580 2854 3649 2909 ad
3676 2854 3827 2923 paui-

2270 2948 2449 3001 tentite
2474 2947 2709 3001 lamenta
2750 2945 2961 3001 cursuri
2988 2952 3149 3000 sunt?
3193 2943 3261 2998 Et
3300 2944 3429 2999 dum
3469 2960 3566 3001 eos
3606 2944 3829 2999 deserere

2268 3038 2393 3091 vita:
2425 3037 2734 3092 remotioris
2760 3036 2996 3092 studium
3026 3034 3458 3105 reprehendunt,
3479 3050 3572 3090 eos
3603 3035 3827 3089 nimirum

2268 3127 2336 3182 de
2377 3128 2625 3183 cavernis
2675 3141 2922 3197 egressos
2948 3136 3281 3184 asseverant.
3315 3126 3481 3193 Quasi
3520 3126 3700 3183 dicant
3726 3145 3736 3181 :
3764 3126 3827 3181 ltli

2270 3234 2412 3273 nunc
2440 3218 2539 3273 sub
2578 3218 2760 3273 colore
2789 3217 3188 3288 praelicationis
3217 3217 3285 3272 ad
3319 3217 3574 3273 smculutn
3618 3227 3826 3281 exeunt,

2268 3308 2359 3378 qui
2391 3308 2494 3363 hoc
2523 3308 2721 3377 fugisse
2750 3317 2865 3363 tota
2892 3308 3195 3364 intentione
3236 3308 3576 3363 videbantur.
3610 3309 3712 3364 Sed
3736 3310 3829 3380 ple-

2271 3397 2427 3466 rique
2450 3397 2627 3467 justos
2654 3397 3033 3468 prmdicatores
3060 3405 3309 3466 arguunt,
3343 3398 3443 3466 qui
3464 3398 3604 3452 mala
3628 3414 3737 3467 qua:
3768 3399 3831 3453 ei;

2269 3486 2549 3555 objiciu:.t,
2571 3487 2622 3540 in
2638 3487 2717 3541 eis
2734 3500 2852 3541 esse
2873 3486 3229 3555 suspicantur.
3255 3486 3355 3553 Qui
3379 3488 3630 3543 nimirum
3652 3504 3713 3542 eo
3734 3487 3832 3557 ipso

2269 3595 2376 3649 quo
2406 3580 2605 3633 malum
2633 3579 2909 3643 damnant,
2941 3594 3092 3648 spem
3117 3579 3559 3649 praedicatoribus
3592 3582 3829 3641 tribuunt,

2256 3669 2395 3739 quia
2426 3668 2495 3722 ad
2518 3670 2717 3723 bonum
2746 3668 2890 3738 quod
2930 3667 3253 3734 defendunt,
3304 3669 3703 3739 exsequendum
3730 3685 3831 3739 per-

2270 3758 2408 3812 trahi
2440 3758 2647 3813 facilius
2669 3766 2911 3826 possunt.
2937 3757 3070 3811 Dum
3088 3769 3217 3825 ergo
3238 3756 3380 3812 bona
3410 3757 3707 3813 intentione
3725 3758 3831 3811 lalsa

2267 3847 2531 3915 justorum
2564 3846 2704 3901 mala
2735 3847 3078 3917 vituperant,
3126 3846 3399 3901 insaniunt
3437 3848 3654 3916 quidem
3685 3863 3832 3910 voce,

2270 3935 2362 3990 sed
2393 3934 2834 4005 praedicatoribus
2864 3934 3092 3991 fructum
3123 3951 3234 3990 sum
3259 3935 3472 4004 salutis,
3502 3937 3663 3991 etiam
3711 3936 3832 3991 insa-

2274 4025 2467 4079 nicndo
2493 4024 2778 4093 spondent.
2807 4024 2873 4077 Et
2896 4025 3020 4095 quia
3045 4025 3111 4079 de
3136 4040 3363 4081 ascensu
3386 4027 3637 4096 superius
3657 4028 3832 4081 dictum

2272 4123 2389 4181 est,
2415 4124 2584 4170 restat
2612 4115 2885 4185 inquirere
2912 4114 3039 4183 quid
3068 4115 3132 4170 sit
3165 4116 3310 4185 quod
3339 4115 3525 4170 dicunt
3556 4134 3571 4169 :
3607 4117 3832 4170 Ostende-

2271 4222 2384 4259 mus
2412 4206 2551 4259 vobis
2581 4221 2707 4259 rem.
2739 4203 2846 4259 Sed
2874 4204 2977 4259 huc
3006 4204 3073 4258 ad
3108 4204 3343 4260 litteram
3372 4204 3545 4261 minas
3572 4204 3833 4274 signitiea'.

2273 4294 2426 4362 Quod
2470 4295 2577 4350 tale
2606 4302 2690 4349 est
2737 4309 2802 4350 ac
2848 4294 2893 4350 si
2942 4295 3126 4350 dicant
3172 4311 3187 4349 :
3237 4294 3294 4351 Si
3326 4296 3434 4351 huc
3482 4296 3833 4358 ascenderitis.

2273 4395 2534 4456 quantum
2582 4386 2824 4440 valemus
2872 4386 3127 4455 patiendo
3174 4387 3438 4443 sentietis.
3487 4385 3544 4441 In
3593 4388 3835 4442 malorum

2272 4495 2402 4534 vero
2429 4479 2783 4535 conversione
2805 4478 2932 4533 item
2956 4477 3115 4533 facile
3134 4486 3218 4532 est
3236 4478 3515 4547 colligere,
3542 4493 3663 4535 cum
3680 4478 3835 4547 justos

2273 4569 2565 4638 expellunt,
2587 4575 2844 4637 quantum
2866 4567 3076 4623 soleant
3102 4582 3317 4624 nocere.
3340 4567 3447 4624 Sed
3466 4569 3615 4637 quia,
3639 4576 3838 4623 auctore

2274 4658 2406 4725 Deo,
2438 4658 2805 4714 carnalitatem
2834 4657 3073 4712 historiae
3101 4658 3167 4712 ad
3197 4659 3530 4728 Spiritualem
3558 4659 3837 4727 intelligen-

2274 4752 2401 4806 tiam
2425 4750 2693 4817 duximus,
2728 4749 2854 4805 dum
2894 4750 3065 4804 sancti
3112 4749 3409 4816 doctores,
3452 4750 3836 4821 erumpentibus

2274 4840 2592 4911 quibusdam
2623 4842 2820 4910 signis,
2849 4849 3193 4910 peccatorum
3240 4857 3394 4896 conv.
3412 4843 3649 4899 rsionem
3677 4842 3837 4898 consi-

2275 4932 2483 4999 derant,
2514 4947 2601 4987 res
2626 4934 2787 4987 etiam
2818 4932 2884 4986 ab
2925 4933 3003 4987 eis
3032 4932 3381 5002 promittitur,
3412 4934 3538 5002 quia
3573 4934 3638 4988 ad
3669 4947 3833 4988 verum

2277 5039 2396 5079 esse
2409 5024 2583 5078 redire
2597 5023 2941 5094 pollicentur.
2958 5022 3066 5078 Res
3086 5022 3299 5092 quidem
3316 5024 3516 5093 aliquid
3534 5024 3694 5079 habet
3711 5038 3832 5085 esse,

2273 5122 2552 5183 peccatum
2593 5127 2722 5165 vero
2767 5126 2891 5166 esse
2934 5111 3136 5165 nullum
3170 5112 3349 5166 habet.
3382 5111 3537 5167 Unde
3574 5122 3627 5168 et
3662 5111 3833 5165 Paulus

2272 5203 2564 5257 Corinthiis
2591 5202 2721 5257 dicit
2744 5219 2756 5255 :
2788 5200 2993 5256 Scimus
3022 5202 3142 5272 quia
3163 5202 3294 5254 nihil
3315 5211 3389 5256 est
3410 5203 3605 5257 idolum
3631 5205 3680 5256 in
3705 5217 3833 5254 mun-

2277 5296 2341 5351 do
2369 5295 2421 5365 (I
2449 5294 2566 5348 Cor.
2590 5310 2702 5360 vm,
2734 5293 2810 5365 4).
2844 5292 3103 5348 Peccator
3128 5302 3326 5357 autem,
3349 5294 3475 5363 quia
3500 5292 3757 5363 peccando
3777 5288 3831 5343 ad

2278 5387 2501 5442 nihilum
2530 5388 2719 5453 tendit,
2752 5403 2873 5442 cum
2919 5387 3052 5441 nihil
3080 5386 3208 5441 illud
3238 5388 3323 5442 cui
3367 5388 3579 5444 inhzesit
3624 5385 3831 5443 deserit.

2277 5483 2428 5552 quasi
2455 5482 2519 5535 ad
2551 5497 2668 5537 esse
2695 5482 2853 5536 redit.
2887 5480 3020 5536 Rem
3043 5495 3171 5549 ergo
3198 5480 3251 5535 in
3280 5494 3338 5535 se
3364 5478 3665 5537 ostendere.
3691 5475 3736 5530 id
3762 5480 3833 5527 est

2278 5571 2475 5641 aliquid
2496 5571 2638 5642 quod
2661 5586 2782 5626 esse.
2803 5570 2986 5635 habet,
3013 5579 3209 5640 potest,
3232 5570 3356 5640 quia
3374 5569 3486 5639 jam
3509 5583 3603 5638 per
3621 5565 3829 5620 divinam

2278 5661 2500 5730 gratiam
2531 5675 2693 5731 opera
2729 5660 2937 5715 vir:utis
2968 5668 3132 5715 tenet.
3165 5659 3351 5715 Dicun'
3386 5671 3557 5730 ergo:
3584 5651 3827 5711 Ascendit:
