3962 6274
166 306 264 363 3:9
977 306 1042 360 IN
1085 306 1343 363 PRIMUM
1380 307 1622 366 REGUM
1664 310 2173 371 EXPOSITIONES.
2212 346 2283 357 -—-
2321 318 2448 374 LIB.
2495 320 2555 375 ν.
3325 326 3428 380 570

162 424 225 474 at
253 436 343 473 nos
390 425 435 472 et
466 421 793 497 ostendemus
821 419 960 472 vobis
992 435 1118 473 rem.
1149 421 1313 485 Quasi
1336 434 1488 489 Signo
1508 423 1741 491 quodam
1772 428 1816 485 Α
1846 425 2099 481 cadebant
2146 439 2265 483 ante
2293 430 2576 487 Ionatham
2599 474 2612 499 ,
2664 428 2797 490 alios
2835 436 3059 506 armiger
3089 438 3200 506 ejus
3228 438 3429 510 interﬁ-

162 523 473 585 peecatores
509 513 921 583 repromittant,
955 522 1012 567 et
1038 514 1223 569 dicant
1250 532 1264 569 :
1297 515 1353 571 Si
1386 518 1550 572 verbo
1589 518 1661 572 ita
1692 519 1743 573 in
1846 517 2034 571 ciebat.

162 605 308 658 nobis
334 604 583 659 laborare
612 603 933 673 propon’tis,
966 605 1083 658 sine
1111 616 1307 672 magno
1335 606 1486 662 lucro
1509 623 1615 663 non
1643 609 1747 664 erit

160 694 295 764 quod
325 694 598 749 laboratis.
632 691 813 758 Quare
838 702 893 748 et
920 693 988 749 de
1017 694 1244 749 aliorum
1276 696 1599 751 certitudine
1620 698 1746 753 sub-

158 786 389 855 junctuun
417 793 501 837 est
525 802 540 837 :

227 877 403 948 (νει-ε.
435 873 550 944 ιε.)
590 872 663 925 Et
696 874 771 926 ait
802 873 1057 926 Jouathas
1094 874 1164 926 ad
1200 875 1513 942 armigerum
1549 891 1739 929 suum:

159 968 196 1021 Α
226 967 517 1029 cendamus,
544 980 757 1034 sequere
783 980 881 1029 me,
914 964 1130 1016 tradidit
1156 981 1243 1018 eos
1268 964 1520 1019 Dominus
1544 967 1597 1019 in
1620 982 1729 1019 ma-

159 1076 247 1110 nus
269 1056 455 1111 Israel.

223 1150 372 1219 307
408 1147 491 1201 15.
521 1146 775 1215 Quisquis
804 1146 993 1201 nititur
1018 1160 1210 1215 magna
1241 1160 1423 1215 agere,
1454 1147 1568 1202 haec
1595 1147 1735 1204 bene

159 1252 372 1305 pensare
398 1237 569 1302 novit,
602 1236 647 1289 si
674 1250 891 1305 semper
916 1236 1119 1291 studuit
1142 1235 1337 1291 divinis
1366 1235 1611 1291 laudibus
1633 1237 1730 1291 im-

157 1339 353 1398 putare.
382 1326 527 1381 Bene
555 1339 686 1395 ergo
712 1325 973 1381 Jonatbas
999 1326 1068 1383 de
1096 1328 1475 1397 consequenda
1504 1329 1727 1385 victoria

157 1420 438 1483 conradens,
482 1435 588 1474 ηοη
623 1420 675 1473 in
717 1433 910 1474 manus
955 1434 1099 1482 suas,
1132 1418 1225 1474 sed
1266 1420 1318 1473 in
1350 1435 1541 1474 manus
1567 1420 1731 1476 lsrael

158 1507 431 1564 tradendos
454 1508 699 1563 inimicos
712 1507 961 1573 asseruit,
976 1514 1036 1561 ut
1057 1507 1383 1577 triumphum
1398 1509 1728 1576 ostenderet,

158 1611 205 1656 et
227 1599 395 1671 qualis
420 1613 544 1653 esse
572 1597 768 1653 debeat
794 1598 1154 1668 triumphator
1174 1597 1373 1667 pariter
1400 1600 1726 1669 designaret.

1920 607 2005 662 l7.
2046 607 2232 664 Facies
2257 610 2504 668 Jonatha:
2532 616 2796 679 cernitur,
2828 616 3044 685 quando
3086 617 3177 686 qui
3208 618 3430 675 verbum

1846 696 2216 765 praedicatoris
2244 699 2495 766 audiunt,
2545 702 2863 758 charitatem
2894 705 3058 759 etiam
3089 710 3284 761 ment's
3317 709 3433 776 ejus

1847 798 2169 856 agnoscunt;
2201 804 2324 844 cum
2357 792 2607 848 videlicet
2654 794 2796 850 hunc
2824 794 3049 849 audiunt
3093 805 3149 851 et
3190 800 3431 855 coelestia

1847 880 2164 948 perdicere,
2196 890 2250 935 et
2278 897 2391 948 eos,
2426 884 2620 952 quibus
2649 886 2763 955 ipsa
2794 887 2979 955 pandit
3006 889 3267 956 cmlestia,
3297 891 3433 947 mira

1844 967 2109 1023 charitate
2149 970 2393 1039 diligere.
2445 972 2592 1028 Bene
2640 982 2820 1029 autem
2852 983 2977 1030 ante
3020 976 3210 1031 faciem
3236 978 3432 1035 cadere

1840 1055 2111 1122 dicuntur,
2143 1058 2268 1127 quia
2300 1060 2425 1114 dum
2455 1062 2596 1141 bona
2627 1078 2747 1132 qum
2793 1074 2918 1120 sunt
2948 1066 3000 1120 in
3031 1076 3211 1122 mente
3240 1069 3431 1138 praedi-

1840 1146 2038 1200 catoris
2065 1156 2380 1214 agnoscunt,
2414 1158 2613 1206 statum
2648 1154 2928 1221 pravitatis
2949 1154 3221 1211 deserant.
3246 1156 3353 1213 Sed
3376 1168 3431 1215 et

1840 1234 1966 1289 dum
1995 1236 2061 1289 ad
2092 1237 2387 1292 remedium
2419 1241 2747 1309 paenitentia!
2773 1244 2954 1313 plures
2976 1242 3224 1315 veniunt,
3255 1248 3345 1303 alii
3374 1250 3428 1304 in

1830 1338 2168 1394 magnorum,
2192 1327 2278 1381 alii
2295 1328 2345 1382 in
2362 1330 2629 1385 minormn
2652 1334 2897 1403 exempla
2920 1335 3254 1407 confugiunt.
3288 1338 3427 1410 Apte

1831 1414 1991 1479 igitur
2012 1414 2209 1470 dictum
2230 1426 2329 1472 est:
2344 1418 2489 1474 Alios
2504 1422 2728 1491 armiger
2743 1426 2857 1493 ejus
2879 1426 3239 1495 interﬁciebat.
3258 1426 3302 1482 A
3318 1430 3427 1485 vita

1830 1503 2045 1571 quidem
2066 1506 2295 1575 reproba
2309 1508 2526 1577 privari,
2543 1510 2769 1566 interfici
2788 1520 2899 1568 est:
2916 1522 2970 1568 et
2993 1514 3147 1583 cujus
3155 1518 3425 1587 exemplo,

1832 1592 1915 1646 vel
1938 1594 2155 1648 monitis
2184 1596 2381 1650 malum
2413 1598 2533 1668 quis
2562 1599 2785 1668 deserit,
2803 1611 2927 1657 ante
2950 1602 3065 1672 ejus
3084 1605 3247 1675 pedes
3270 1609 3424 1676 quasi

158 1692 302 1747 Israel
329 1691 533 1760 quippe
563 1689 753 1746 videns
774 1688 941 1744 Deum
972 1688 1377 1760 interpretatur.
1402 1689 1500 1745 Cui
1520 1704 1650 1760 ergo
1675 1692 1728 1747 in
1763 1724 1810 1783 Β
1836 1681 2148 1783 interfectus
2162 1686 2803 1783 eadit.Gcneral_iquippe
2818 1694 3081 1783 sententia
3094 1696 3426 1764 singulorum

158 1796 331 1836 manus
358 1782 545 1835 hostes
592 1780 921 1847 tribuuntur,
968 1779 1157 1833 videns
1198 1779 1366 1835 Deum
1408 1780 1625 1847 dicitur,
1674 1792 1734 1837 ut

159 1888 251 1926 non
275 1871 322 1925 ei
350 1886 414 1923 ea
440 1884 562 1940 que
580 1871 634 1924 in
657 1884 817 1924 manu
840 1869 965 1924 data
992 1877 1117 1923 sunt
1135 1869 1398 1926 doceatur
1425 1872 1731 1940 attendere,

158 1962 240 2017 sed
260 1969 450 2016 tenens
477 1961 689 2028 datum,
715 1960 783 2016 ad
812 1962 1122 2030 largitorem
1152 1976 1436 2017 munerum
1463 1978 1560 2018 cor
1586 1963 1735 2020 leva-

157 2067 227 2106 re.
256 2051 408 2105 Aliud
438 2052 585 2105 enim
618 2059 764 2105 tenet
789 2051 1057 2114 manibus.
1090 2051 1233 2107 aliud
1262 2052 1433 2109 oculis
1463 2054 1629 2121 videt,
1674 2063 1733 2109 ut

157 2142 389 2212 triumphi
422 2142 659 2212 palmam
683 2139 896 2196 fortiter
918 2150 1117 2209 teneat,
1147 2143 1242 2198 sed
1262 2143 1533 2200 videntem
1562 2144 1724 2202 Deum

155 2245 342 2291 retenta
371 2236 556 2307 palma
585 2236 824 2293 victoria
853 2253 958 2293 non
986 2239 1226 2293 extollat.
1254 2239 1380 2295 HIC
1402 2247 1582 2297 autem
1606 2243 1731 2311 quia

156 2328 483 2393 conﬁdendo,
516 2343 623 2383 non
654 2328 977 2399 possidendo
1000 2329 1256 2398 loquitur,
1288 2331 1523 2399 qualiter
1545 2332 1613 2387 ad
1639 2348 1729 2388 ea-

156 2418 260 2472 dem
281 2420 604 2487 possidenda
636 2422 838 2488 veniat,
871 2421 1168 2476 audiamus.
1201 2423 1454 2493 Sequitur
1482 2442 1495 2479 :

218 2512 386 2581 (Vera.
422 2512 540 2583 l5.)
581 2513 824 2567 Ascendit
853 2500 1113 2568 Jonathas
1146 2523 1355 2585 reptans
1384 2516 1651 2586 manibus,
1680 2527 1730 2571 et

156 2604 356 2674 armiger
384 2604 500 2674 ejus
530 2614 649 2674 post
675 2621 811 2658 eum.

218 2694 293 2749 l6.
334 2695 478 2762 Quid
511 2706 595 2751 est
620 2704 837 2766 reptare
880 2696 1147 2766 manibus,
1199 2696 1300 2753 nisi
1345 2712 1541 2769 corpus
1566 2713 1730 2754 omne

159 2804 377 2855 curvare,
430 2788 565 2843 nihil
611 2789 667 2842 in
716 2804 776 2845 se
805 2789 1037 2845 sublime
1080 2790 1404 2861 relinquere,
1452 2790 1726 2859 superiora

158 2878 370 2934 membra
415 2879 485 2932 ad
540 2879 796 2934 inferiora
850 2878 1024 2935 ofﬁcia
1078 2880 1379 2950 peragenda
1434 2880 1727 2936 inclinare?

163 2967 281 3034 Quid
306 2976 489 3025 autem
514 2970 569 3024 in
600 2972 701 3026 hoc
733 2971 873 3027 facto
904 2973 1060 3028 nobis
1087 2974 1406 3037 insinuatur,
1454 2974 1555 3029 nisi
1602 2976 1726 3045 quia

1837 1773 2091 1830 victorias
2123 1790 2401 1844 exponens
2430 1777 2665 1835 Iacobus
2696 1781 2771 1834 ait
2799 1798 2812 1833 :
2847 1780 2947 1845 Qui
2986 1788 3211 1841 converti
3249 1790 3425 1857 fecerit

1834 1874 2154 1933 peccatorem
2181 1867 2244 1919 ab
2272 1885 2450 1923 errore
2478 1871 2573 1924 rite
2592 1886 2717 1936 suat,
2749 1870 2966 1927 salvabit
2995 1877 3223 1929 animam
3252 1879 3364 1947 ejus
3392 1895 3426 1931 α

1833 1964 2012 2017 morte,
2045 1957 2207 2028 308
2232 1966 2280 2011 et
2302 1961 2495 2029 aperiet
2522 1960 2899 2016 multitudinem
2924 1976 3258 2034 peccatorum
3281 1966 3419 2039 (Jac.

1834 2062 1883 2110 v,
1916 2044 2031 2117 20).
2064 2048 2320 2117 Sequitur
2352 2066 2363 2105 ς

1905 2158 2079 2231 (Vers.
2114 2160 2226 2230 M.)
2267 2161 2338 2216 Et
2365 2165 2505 2235 facta
2530 2174 2607 2218 est
2631 2165 2789 2236 plaga
2819 2168 3017 2235 prima,
3048 2185 3149 2238 qua
3171 2172 3425 2241 percussit

1831 2248 2091 2305 Jonathas
2130 2263 2180 2306 et
2226 2256 2455 2325 armiger
2496 2255 2629 2325 ejus,
2663 2258 2809 2326 quasi
2858 2260 3037 2328 viginti
3082 2260 3325 2325 uirorum,
3369 2264 3424 2317 in

1832 2342 2003 2395 media
2028 2352 2175 2410 parte
2193 2343 2386 2416 jugeri,
2416 2362 2569 2416 quam
2596 2362 2693 2415 par
2721 2346 2869 2400 boum
2896 2348 2948 2400 in
2978 2348 3062 2401 die
3102 2366 3257 2408 arare
3295 2367 3423 2405 con-

1832 2433 2014 2486 suevit.

1904 2532 1985 2586 18.
2035 2533 2196 2605 Plaga
2227 2536 2397 2606 prima
2441 2536 2556 2593 bzec
2584 2537 2808 2603 dicitur,
2853 2540 2978 2607 quia
3019 2541 3189 2595 sancti
3232 2556 3424 2611 percu-

1834 2629 1946 2677 tere
1969 2624 2159 2679 noxios
2188 2626 2351 2679 etiam
2382 2635 2504 2696 post
2523 2667 2537 2693 ,
2569 2627 2621 2680 in
2666 2628 2856 2683 ultimo
2878 2628 3081 2698 judicio
3109 2630 3425 2687 describun-

1833 2723 1942 2769 tur.
1977 2714 2127 2772 Unde
2158 2726 2213 2771 et
2246 2716 2444 2773 Paulus
2472 2718 2783 2774 Corinthios
2814 2722 3049 2789 excitat,
3079 2723 3264 2780 dicens
3290 2740 3303 2777 :
3336 2724 3417 2777 An

1830 2808 2038 2862 nescitis
2070 2811 2189 2880 quia
2210 2811 2417 2881 angelos
2440 2810 2791 2882 judicabimus
2813 2788 2917 2881 ΡἹῘ
2942 2788 3061 2869 Cor.
3080 2832 3155 2883 vt,
3178 2814 3258 2886 5.)
3290 2815 3426 2872 Hinc

1830 2894 2109 2953 Psalmista
2129 2899 2441 2963 vat‘cinans,
2466 2901 2541 2953 ait
2560 2919 2571 2952 :
2592 2900 2941 2956 Exsultabunt
2966 2906 3135 2957 sancti
3157 2905 3208 2977 in
3234 2905 3422 2976 gloria,

1830 2988 2140 3042 lwtubuntur
2170 2991 2223 3044 in
2254 2990 2502 3045 cubilibus
2533 2993 2661 3059 suis,
2691 2994 3062 3048 exsultationes
3090 2995 3191 3049 Dei
3220 2997 3272 3049 in
3301 3000 3421 3067 fau-

157 3062 301 3114 ¹¹¹¹³Ῑι³
328 3061 748 3129 Ρτελίεῖίιοῐύω
797 3063 1171 3133 compago“
1200 3063 1399 3132 ίηάῖεοι
1444 3066 1727 3119 convenio
1757 3092 1800 3153 ε
1832 3080 1972 3133 cibus
2001 3096 2176 3133 eorum
2196 3121 2211 3146 ,
2244 3080 2314 3133 ad
2341 3081 2635 3151 faciendam
2666 3084 2943 3137 vindictam
2986 3086 3040 3139 in
3086 3061 3379 3141 nationibus
3405 3129 3420 3153 ,

156 3152 516 3218 peccatorum?
544 3152 681 3217 Quid
712 3152 855 3207 enim
882 3153 1023 3208 aliud
1052 3169 1213 3225 quam
1245 3163 1458 3224 reptare
1482 3156 1726 3211 manibus

159 3241 411 3298 videbatur
479 3244 816 3314 Redemptor
864 3255 1085 3313 noster,
1136 3262 1258 3301 cum
1315 3248 1723 3318 publicanorum

155 3335 335 3392 amicus
364 3338 538 3403 ﬁeret,
573 3347 628 3392 et
659 3346 977 3406 peccatores
1016 3340 1319 3411 reciperet,
1363 3348 1417 3393 et
1444 3353 1565 3392 eum
1596 3338 1725 3407 ipsis

155 3426 521 3481 manducaret?
550 3426 796 3483 Manibus
815 3429 1032 3497 quidem
1053 3430 1306 3499 reptabat
1326 3444 1443 3483 cum
1467 3427 1679 3482 diccbat
1705 3444 1717 3478 :

154 3514 264 3571 Non
310 3519 493 3573 habent
537 3537 666 3591 opus
714 3523 831 3575 sani
879 3522 1098 3589 medico,
1155 3520 1247 3574 sed
1294 3521 1429 3574 male
1480 3518 1723 3573 habentes

154 3607 347 3676 (Matth.
381 3625 456 3676 1x,
491 3609 602 3681 12).
632 3609 769 3666 ll'nc
806 3612 999 3666 iterum
1026 3612 1157 3667 dicit
1188 3629 1201 3663 :
1232 3610 1355 3666 Non
1386 3612 1501 3666 veni
1546 3627 1725 3665 uocare

152 3698 318 3766 justas,
342 3702 433 3756 sed
470 3712 787 3773 peccatores.
812 3702 961 3758 Hanc
985 3704 1145 3759 etiam
1175 3704 1597 3759 incurvationem
1638 3718 1725 3758 re-

156 3791 342 3859 ptandi,
373 3792 426 3847 in
474 3809 633 3848 sacro
664 3794 879 3864 eloquio
908 3795 1101 3850 cameli
1132 3795 1420 3865 appellatio
1458 3795 1722 3865 designat.

156 3879 273 3943 Quia
303 3880 367 3935 ad
397 3882 502 3937 hoc
532 3881 781 3937 Salvator
811 3899 980 3953 usque
1008 3884 1076 3939 ad
1106 3884 1211 3939 ima
1242 3895 1425 3940 nostra
1468 3900 1528 3940 se
1557 3886 1727 3941 voluit

158 3970 441 4038 humiliare,
490 3978 549 4026 ut
581 3988 680 4027 nos
720 3972 786 4027 ad
816 3973 921 4026 alta
955 3989 1063 4028 suae
1091 3973 1386 4028 divinitatis
1416 3973 1721 4029 extolleret.

155 4058 291 4116 llunc
324 4076 559 4131 namque
606 4070 906 4132 reptantem
937 4062 1181 4117 manibus
1222 4060 1419 4117 Paulus
1465 4062 1618 4130 srqui
1665 4078 1725 4119 se

156 4153 432 4217 insinuans,
467 4155 543 4207 ait
577 4172 589 4207 :
627 4154 875 4209 Omnibus
905 4158 1077 4210 omnia
1105 4158 1273 4225 [actus
1304 4174 1437 4222 sum,
1469 4165 1524 4208 ut
1548 4148 1725 4210 omnes

158 4246 357 4311 facerem
385 4246 555 4299 salvos
580 4244 633 4317 (1
657 4245 777 4301 Cor.
803 4263 876 4312 Ix,
905 4245 1016 4316 2‘2).
1046 4246 1154 4301 Sed
1178 4254 1233 4301 et
1256 4246 1379 4315 quia
1402 4247 1455 4301 in
1478 4246 1725 4301 manibus

157 4334 301 4403 Opera
350 4337 529 4392 solent
584 4337 912 4405 signiﬁcari,
968 4346 1147 4407 reptat
1200 4338 1448 4393 manibus
1502 4346 1722 4408 pastor,

158 4426 350 4494 quando
378 4428 755 4497 peccatoribus
781 4429 923 4482 viam
952 4444 1114 4498 quam
1142 4437 1327 4484 tenere
1354 4429 1600 4484 conversi
1632 4429 1727 4484 de-

158 4516 317 4582 beant,
351 4533 460 4571 non
492 4516 700 4586 profert
723 4519 987 4588 sapientia
1009 4520 1181 4586 verbi,
1209 4520 1302 4574 sed
1324 4519 1570 4589 exemplo
1592 4534 1727 4573 con-

159 4609 469 4663 versationis.
510 4609 748 4679 Reptare
791 4610 1007 4679 quidem
1058 4611 1305 4666 manibus
1350 4611 1728 4681 praedicatores

157 4716 266 4756 suos
302 4703 531 4757 docebat
564 4704 820 4760 Dominus
858 4722 979 4761 cum
1025 4706 1242 4761 dicebat
1274 4725 1287 4759 :
1321 4707 1411 4761 Sic
1441 4708 1607 4760 luceat
1636 4709 1725 4761 tua:

158 4800 304 4845 vestra
332 4811 505 4847 coram
536 4796 850 4863 hominibus,
872 4806 926 4851 ut
957 4798 1165 4852 videant
1192 4808 1359 4852 vestra
1387 4798 1521 4851 bona
1548 4815 1726 4867 opera,

158 4892 200 4933 et
224 4885 502 4955 gloriﬁcent
542 4888 758 4943 Patrem
787 4898 1029 4955 vestrum,
1056 4892 1139 4968 qui
1169 4891 1223 4943 in
1254 4891 1391 4944 uelis
1412 4896 1485 4943 est
1510 4889 1724 4960 (Matth.

160 4989 207 5038 ν,
237 4976 339 5047 l6).
368 4976 511 5034 Bene
556 4987 738 5034 autem
768 4989 988 5050 reptans
1017 4980 1313 5036 ascendere
1342 4980 1409 5035 ad
1437 4980 1725 5036 stationem

160 5062 540 5125 Pbilistinorum
571 5071 791 5136 dicitur,
821 5073 946 5143 quia
976 5073 1042 5127 ad
1090 5072 1420 5128 destruenda
1472 5080 1725 5143 peccat-o-

161 5173 267 5212 rum
286 5161 408 5215 vitia
438 5164 723 5232 pervenire
750 5163 838 5218 ille
864 5164 1056 5219 doctor
1080 5172 1279 5233 potest,
1308 5164 1397 5235 qui
1427 5164 1573 5234 ipsos
1598 5179 1727 5233 pec-

165 5254 357 5304 eatores
382 5264 575 5319 magna
605 5250 924 5306 humilitatis
944 5253 1275 5319 ostensione,
1305 5265 1361 5308 et
1380 5268 1571 5322 magna
1600 5254 1727 5309 cha-

167 5341 328 5395 ritatis
387 5341 674 5397 aﬂectione
721 5342 1011 5399 demulcet.
1062 5343 1197 5397 Nam
1246 5342 1371 5396 dum
1399 5343 1727 5398 convenien-

169 5428 281 5481 tiam
308 5431 489 5498 gratiae
518 5429 648 5485 foris
676 5432 919 5501 porrigit,
954 5447 1173 5488 manum
1208 5433 1349 5488 intus
1375 5432 1441 5487 ad
1484 5432 1721 5487 inciden-

168 5517 279 5572 dum
305 5523 496 5579 mentis
526 5523 840 5593 languorem
871 5525 1053 5579 mittit.
1086 5522 1239 5579 Unde
1261 5531 1316 5578 et
1343 5524 1480 5578 bene
1506 5525 1727 5593 subjun-

168 5619 294 5677 gitnr
316 5632 327 5665 :

230 5700 395 5758 (Vas.
432 5705 540 5774 l5.)
587 5705 653 5760 Et
684 5723 793 5761 cum
823 5708 1063 5762 vidissent
1095 5709 1278 5780 facient
1314 5706 1585 5773 lauat/ut,
1634 5704 1725 5758 alii

1752 4387 1805 4448 D

1828 3174 2209 3244 iucrepationes
2257 3176 2309 3227 in
2358 3176 2561 3245 populis
2607 3174 2791 3246 (Psal.
2836 3192 3017 3242 cxux,
3050 3175 3100 3241 5,
3134 3177 3218 3247 6).
3260 3177 3421 3247 Plaga

1829 3265 2001 3334 prima
2020 3264 2117 3318 ista
2140 3264 2506 3318 conversionis
2522 3273 2621 3330 est,
2642 3265 2874 3320 secunda
2895 3265 3273 3331 damnationis,
3292 3268 3419 3337 quia

1830 3353 1993 3408 modo
2028 3338 2199 3408 sancti
2235 3354 2476 3408 converti
2526 3370 2625 3408 nos
2654 3355 2719 3408 ad
2751 3353 3034 3409 Dominum
3060 3365 3279 3425 rogant,
3322 3359 3420 3413 sed

1830 3458 1936 3497 non
1967 3457 2259 3497 conversos
2287 3444 2412 3497 tunc
2439 3442 2624 3497 durius
2664 3442 2941 3496 damnant.
2990 3441 3048 3497 lu
3096 3460 3201 3513 qua
3229 3444 3419 3512 viginti

1830 3533 1927 3585 viri
1953 3532 2147 3587 mortui
2175 3532 2499 3601 referuntur,
2531 3540 2589 3587 ut
2618 3535 2848 3603 quinarii
2880 3537 3088 3590 numeri
3110 3538 3421 3608 mysterium

1832 3623 2259 3677 commendetur.
2292 3620 2586 3693 Quinquies
2615 3625 2756 3678 enim
2785 3632 3017 3692 quatuor
3045 3627 3289 3695 repetiti,
3327 3636 3423 3682 aut

1831 3722 2023 3786 quater
2051 3715 2287 3785 quinque
2316 3714 2501 3783 viginti
2532 3715 2684 3769 liunt.
2718 3715 2783 3768 Et
2809 3716 2933 3785 quia
2970 3716 3155 3784 vigure
3185 3717 3422 3788 quinque

1832 3821 2086 3860 sensuum
2117 3820 2277 3860 omne
2317 3813 2527 3875 tempus
2558 3805 2761 3874 peccati
2794 3804 3087 3874 perlicitur,
3123 3814 3178 3860 et
3206 3807 3256 3861 in
3286 3823 3423 3876 qua-

1835 3904 1959 3950 tuor
1979 3896 2428 3963 evangelistarum
2455 3895 2604 3950 libris
2634 3895 2868 3951 remedia
2897 3905 3091 3953 nostra:
3114 3897 3303 3954 salutis
3334 3900 3418 3954 in-

1827 3987 2093 4055 venimus,
2120 3986 2311 4056 viginti
2337 3987 2571 4042 virorum
2596 3994 2723 4057 typo
2753 3986 2941 4042 omnés
2963 3986 3203 4043 salvandi
3230 4004 3423 4058 pecca-

1829 4086 1975 4132 tores
2004 4078 2397 4146 exprimuntur.
2430 4076 2531 4143 Qui
2555 4077 2607 4131 in
2638 4076 2813 4131 media
2853 4086 3008 4147 parte
3050 4077 3219 4147 iugeri
3249 4079 3419 4139 inter:

1829 4167 1952 4223 fecti
1982 4168 2348 4239 perhibentur,
2381 4184 2541 4238 quam
2586 4160 2681 4238 par
2718 4168 2880 4223 boum
2914 4169 2964 4222 in
2992 4168 3079 4223 die
3109 4184 3263 4227 arare
3289 4185 3421 4229 con-

1827 4259 2021 4315 suevit.
2053 4258 2225 4313 Boves
2253 4266 2377 4314 sunt
2405 4258 2790 4328 prmdicatores
2834 4258 3117 4322 Ecclesiae,
3159 4260 3251 4328 qui
3289 4258 3418 4319 dum

1829 4346 2142 4417 praedicant,
2190 4357 2367 4413 arant,
2412 4348 2502 4417 qui
2538 4347 2663 4403 dum
2694 4348 2871 4404 verbis
2903 4349 3213 4407 cwlestibus
3255 4349 3419 4409 corda

1830 4438 2133 4491 auditorum
2166 4440 2435 4508 aperiunt,
2464 4440 2615 4507 quasi
2646 4439 2698 4493 in
2727 4440 2869 4494 bona
2898 4448 3038 4494 terra
3059 4455 3239 4495 semen
3263 4457 3419 4510 Spar-

1827 4534 1977 4596 gunt.
2004 4527 2110 4582 Sed
2139 4529 2194 4582 in
2216 4528 2301 4583 die
2329 4538 2483 4583 arant
2511 4530 2677 4584 boves
2694 4571 2717 4597 ,_
2745 4530 2866 4598 quia
2897 4530 3152 4585 Dominus
3185 4531 3416 4585 commi-

1829 4626 2005 4681 natur,
2038 4616 2221 4671 dicens
2248 4635 2260 4669 :
2293 4617 2472 4671 Veniet
2492 4635 2616 4684 nox,
2634 4620 2838 4690 quando
2856 4636 3004 4672 nemo
3024 4628 3190 4688 potest
3210 4620 3415 4688 operari

1831 4705 2009 4776 (Joan.
2042 4722 2116 4771 rx,
2149 4705 2228 4773 4).
2260 4706 2392 4762 Item
2422 4707 2529 4762 duo
2554 4709 2719 4763 boves
2743 4717 2916 4773 arant,
2940 4708 3197 4765 Jouathas
3227 4708 3416 4763 videli-

1829 4804 1915 4850 cet
1942 4804 1998 4849 et
2023 4796 2255 4863 armiger
2284 4796 2417 4866 ejus.
2458 4797 2663 4864 Quibus
2702 4797 2952 4852 nimirum
2981 4798 3182 4864 bobus,
3211 4806 3305 4851 aut
3331 4813 3419 4854 sa—

1830 4886 2038 4955 pientes
2062 4898 2114 4940 et
2143 4886 2417 4956 simplices
2439 4888 2770 4957 intelligendi
2799 4897 2943 4955 sunt,
2968 4898 3060 4942 aut
3081 4890 3337 4956 minores,
3362 4898 3419 4945 et

1830 4976 2037 5030 altioris
2061 4975 2266 5032 orili..is
2287 4976 2612 5032 sacerdotes.
2638 4977 2870 5032 Possunt
2890 4986 3069 5033 autem
3095 4981 3418 5049 generaliter

1832 5067 1884 5120 in
1913 5067 2123 5123 duobus
2157 5067 2329 5123 bobus
2357 5083 2546 5123 omnes
2587 5077 2786 5123 sancta:
2818 5068 3068 5125 Ecclesia:
3100 5071 3415 5141 przedicato-

1831 5173 1918 5213 res
1960 5158 2205 5227 intelligi,
2236 5159 2359 5228 quia
2391 5167 2447 5217 et
2483 5160 2708 5227 gemime
2750 5161 3028 5216 charitatis
3055 5162 3227 5230 gratia
3269 5158 3415 5231 pleni

1831 5256 1983 5313 sunt,
2025 5258 2078 5301 et
2108 5264 2165 5303 se
2204 5250 2414 5317 privato
2446 5266 2633 5305 amore
2660 5266 2768 5305 non
2799 5251 3045 5320 diligunt.
3078 5252 3249 5309 Media
3285 5264 3418 5319 ergo

1832 5352 1955 5407 pars
1976 5336 2150 5405 jugeri
2174 5339 2273 5393 ista
2301 5348 2383 5395 est
2412 5340 2518 5395 vita
2548 5356 2802 5410 praesens.
2829 5341 2932 5395 Ista
2959 5342 3173 5410 quidem
3207 5351 3413 5409 tempe-

1831 5436 1945 5481 rata
1987 5426 2054 5481 ad
2097 5428 2299 5484 cultum
2343 5430 2600 5485 imbribus
2644 5432 2910 5487 mollescit
2950 5432 3164 5499 hiemis,
3215 5432 3303 5487 illa
3346 5432 3415 5485 ad

1831 5517 2167 5575 sterilitatem
2182 5519 2453 5589 pigrorum
2478 5521 2747 5576 caloribus
2765 5530 2997 5577 torretur
3016 5521 3235 5584 mstatis.
3252 5520 3412 5575 lstam

1832 5617 2040 5680 partem
2068 5610 2240 5681 jugeri
2272 5610 2434 5666 boves
2465 5627 2620 5667 arare
2662 5622 2917 5682 possunt,
2973 5613 3114 5667 illam
3145 5626 3274 5667 vero
3304 5626 3411 5665 non

1836 5707 2083 5771 possunt,
2130 5702 2251 5771 quia
2299 5702 2353 5759 in
2401 5703 2502 5759 hac
2549 5704 2655 5758 vita
2703 5705 2843 5760 bona
2892 5718 3054 5774 opera
3100 5703 3408 5760 seminanda
