3962 6286
553 319 645 371 fil

1752 295 1990 351 SANCTI
2033 288 2354 345 GREGUlill
2399 283 2612 341 MASS]

3695 279 3787 331 7.71

550 436 709 491 sunt,
739 427 790 479 in
819 423 906 478 illa
937 437 1063 476 vro
1094 433 1198 471 non
1230 411 1536 467 scminanda
1569 422 1752 478 oprra,
1784 405 1876 460 sed
1903 415 2123 472 operum
2153 403 2198 460 Α
2229 395 2440 464 quando
2469 395 2578 448 vita
2619 392 2913 450 carnalium
2952 392 3003 444 in
3041 388 3226 443 mundi
3269 386 3414 456 j'acct
3441 386 3790 442 delectat-ioui-

553 515 831 571 ri-tributio
860 509 1125 565 metenda.
1159 505 1198 558 Β
1219 519 1300 557 -ne
1323 516 1449 569 ergo
1481 501 1531 553 in
1561 498 1731 552 media
1757 505 1908 566 parte
1927 492 2122 561 jugcri,

554 604 736 672 viginti
766 602 861 657 viri
891 595 1156 656 interfecti
1185 592 1551 663 perhibentur,
1576 587 1698 656 quia
1727 585 1967 641 converti
1997 597 2123 652 pec-

553 703 768 750 eatores
791 691 878 745 hic
905 688 1078 743 solum
1109 683 1393 739 salubriter
1419 687 1660 750 possunt,
1693 678 1782 731 ubi
1813 673 2126 743 magnitudo

554 784 791 841 criminis
821 780 1035 852 purgari
1071 778 1308 834 creditur
1337 791 1430 845 per
1459 776 1691 830 lamenta
1734 768 2122 828 conversionis.

554 875 660 931 Sed
693 871 936 930 nonnulli
971 871 1024 925 in
1061 868 1234 924 subita
1265 877 1606 937 peccatorum
1636 863 1989 919 conversione
2029 859 2128 915 mi-

558 973 766 1032 rantur,
795 962 919 1034 quia
952 960 1030 1015 cis
1059 966 1278 1030 propter
1306 973 1457 1011 usum
1487 972 1628 1011 cura:
1656 953 1938 1008 exterioris
1961 949 2133 1019 quoti-

559 1055 717 1110 diana
759 1059 840 1109 tot
889 1064 1008 1121 qua:
1051 1049 1162 1117 agit
1206 1047 1346 1104 Deus
1387 1045 1517 1100 mira
1567 1044 1851 1099 viluerunt.
1891 1037 2041 1096 Unde
2077 1045 2131 1092 et

559 1145 804 1202 subditur
829 1161 841 1194 :

631 1233 808 1302 (Vers.
838 1232 951 1303 15.)
991 1231 1060 1287 Et
1089 1232 1280 1301 factum
1307 1235 1383 1283 est
1411 1226 1711 1283 miraculum
1754 1228 1805 1279 in
1834 1223 2015 1276 castris
2043 1236 2132 1292 per

559 1339 731 1394 agros.

635 1413 720 1466 l9.
764 1409 989 1466 Perlec'i
1023 1410 1219 1480 quique
1257 1410 1308 1464 in
1349 1408 1597 1463 omnibus
1622 1419 1744 1476 quae
1782 1403 1921 1458 tacta
1968 1409 2128 1462 sunt,

563 1503 674 1556 sive
704 1499 854 1564 ﬁunt,
900 1499 1282 1568 omnipotentis
1323 1497 1416 1552 Dei
1445 1497 1693 1550 virtutem
1723 1501 1777 1548 et
1816 1490 2132 1561 sapientiam

566 1591 746 1647 mirari
777 1607 883 1645 non
923 1589 1191 1645 desinunt.
1223 1587 1304 1642 Un
1325 1588 1374 1642 le
1417 1595 1470 1640 et
1501 1585 1776 1640 Psalmista
1801 1582 1994 1636 divinis
2023 1581 2135 1633 lau-

566 1680 722 1734 dibus
762 1679 1046 1745 insistens,
1075 1677 1150 1731 ait
1181 1696 1193 1729 :
1227 1675 1485 1730 Mirabilis
1517 1673 1650 1727 Deus
1690 1675 1742 1725 in
1775 1672 1965 1726 sanctis
1994 1669 2130 1732 suis,

2228 488 2325 540 bus
2352 501 2572 550 secura,
2601 482 2816 551 quando
2843 482 3081 550 peritura
3132 492 3251 546 qua:
3297 475 3547 530 ardenter
3594 475 3781 532 deside

2229 584 2338 640 rat,
2367 574 2762 630 hancdulcitcr
2813 571 3108 624 oblectant.
3163 566 3330 620 Terra
3380 579 3506 619 vero
3565 565 3791 618 turbatur

2226 664 2438 734 quando
2468 662 2697 719 carnalis
2740 673 2890 715 mens
2927 675 2957 713 a
3010 658 3148 716 mala
3184 671 3281 710 sua
3310 654 3581 710 soliditate
3611 668 3790 707 concu-

2229 756 2375 820 titur,
2404 763 2458 808 et
2479 753 2715 821 engitare
2743 748 3054 804 ﬂuctuando
3085 747 3335 809 inchoat,
3368 745 3504 797 inter
3531 741 3666 795 mala
3692 757 3794 809 qum

2227 843 2467 912 respuit,
2496 851 2549 896 et
2579 841 2721 895 bona
2766 853 2887 910 qua
2914 844 3077 892 amat.
3126 834 3354 888 Turbari
3403 832 3600 885 etenim
3646 834 3793 886 menti

2230 942 2355 988 tunc
2399 943 2513 997 est,
2564 932 2912 986 serenitatem
2941 928 3095 982 mal-.c
3135 923 3511 982 delectationis
3539 923 3794 992 prOposito

2230 1026 2544 1082 Chritiauze
2574 1022 2847 1091 rel'gionis
2876 1020 3163 1076 obducere.
3195 1017 3300 1072 Sed
3331 1014 3564 1070 carnalis
3593 1013 3796 1069 allectus

2230 1116 2553 1181 concutitur,
2587 1123 2643 1168 ut
2669 1110 2961 1183 Spiritualis
2992 1108 3099 1162 vita
3129 1105 3420 1161 reveletur.
3445 1100 3598 1158 Unde
3620 1110 3670 1156 et
3690 1102 3794 1156 sub-
3850 1166 3866 1188 .

2231 1206 2376 1261 ditur
2407 1221 2419 1258 :

2307 1318 2478 1386 (Vers.
2507 1315 2618 1386 15.)
2648 1313 2717 1368 Et
2745 1312 2930 1367 accidit
2978 1310 3125 1382 quasi
3149 1305 3456 1360 miraculum
3485 1319 3515 1355 α
3550 1300 3673 1354 Deo.

2303 1408 2392 1462 9.2.
2426 1405 2653 1473 Quando
2691 1417 2923 1472 namque
2971 1414 3124 1454 mens
3168 1396 3398 1452 hominis
3436 1391 3640 1448 carnali
3667 1391 3796 1445 dele-

2233 1498 2470 1556 ctatione
2501 1495 2838 1566 deprimitur,
2864 1493 2983 1561 ejus
3013 1490 3198 1558 utique
3222 1487 3367 1542 visus
3393 1482 3725 1547 obtunditur,
3748 1492 3796 1534 nt

2235 1586 2533 1658 spiritualia
2563 1586 2704 1639 bona
2732 1584 2982 1652 ignorare
3009 1585 3304 1634 mereatur.
3336 1574 3443 1629 Sed
3473 1589 3594 1628 cum
3627 1573 3675 1626 in
3703 1574 3798 1626 su's

2237 1676 2540 1730 (arnalibus
2569 1670 2829 1728 inﬁrmari
2867 1669 2938 1722 int
2958 1668 3071 1738 ipit,
3100 1664 3356 1736 paulatim
3386 1663 3436 1716 in
3459 1660 3800 1730 spiritualibus

567 1769 703 1826 Deus
736 1767 903 1825 Israel
939 1769 1047 1838 ipse
1075 1767 1219 1821 dabit
1245 1768 1483 1820 virtutem
1537 1774 1584 1820 et
1611 1762 1959 1834 fortitudinem
1999 1757 2131 1828 plebi

2247 1766 2594 1834 convalescit,
2632 1771 2691 1818 ut
2716 1775 2948 1831 superna
2992 1753 3324 1828 proliciendo
3367 1751 3578 1817 videat,
3614 1749 3800 1804 inﬁrma

566 1875 692 1926 sua,
725 1858 1017 1914 benedictus
1059 1855 1196 1911 Deus
1229 1856 1397 1928 (Psal.
1429 1870 1591 1918 van,
1620 1851 1732 1924 '56).
1763 1852 1898 1906 llinc
1928 1849 2136 1920 Moyses

566 1950 740 2005 eidem
770 1949 995 2003 Domino
1023 1946 1326 2012 conﬁtetur,
1356 1945 1574 2000 dicens:
1609 1942 1732 2008 Quis
1759 1942 1943 1996 similis
1984 1941 2054 1993 tui
2083 1941 2137 1992 in

569 2039 688 2100 diis,
726 2037 958 2102 Domine,
987 2038 1099 2109 quis
1124 2037 1306 2090 similis
1337 2037 1407 2088 tui
1435 2037 1488 2088 in
1517 2035 1709 2088 sanctis
1736 2032 2009 2102 gloriosus,
2041 2031 2138 2082 mi-

569 2127 748 2181 rabilis
778 2128 829 2180 in
859 2127 1146 2196 majestate,
1179 2125 1373 2196 faciens
1400 2124 1635 2194 prodigia
1667 2121 1863 2188 (Ea-od.
1889 2136 1974 2184 xv,
2007 2118 2063 2171 ll
2085 2117 2141 2184 )?

570 2217 628 2274 In
657 2216 854 2271 sanctis
881 2216 1099 2286 quidem
1142 2215 1397 2270 mirabilis
1425 2214 1638 2280 dicitur,
1668 2211 1791 2282 quia
1835 2225 1942 2280 quo
1984 2209 2142 2264 altius

569 2307 747 2362 divina
776 2307 1134 2376 conspiciunt,
1164 2321 1230 2360 eo
1277 2314 1330 2359 et
1379 2305 1674 2358 mirabilius
1713 2303 2139 2370 obstupescunt,

573 2399 696 2467 quia
727 2398 974 2452 nimirum
1001 2397 1255 2451 altissima
1282 2395 1626 2465 contemplati
1651 2409 1733 2449 me
1753 2393 1932 2448 vident
1951 2392 2142 2463 quibus

571 2496 850 2556 stupeant,
884 2504 989 2542 non
1019 2502 1136 2556 qua:
1175 2487 1382 2541 ratione
1412 2485 1888 2551 com,-rehendant.
1923 2481 2143 2548 Quoties

579 2591 708 2644 ergo
735 2585 928 2647 praeter
960 2576 1325 2645 quotidianum
1356 2591 1507 2630 usum
1553 2590 1688 2630 nova
1717 2573 1955 2643 qumlam
1997 2572 2141 2626 acci-

574 2669 726 2731 dunt,
767 2679 884 2735 quas
908 2665 1148 2720 carnales
1167 2678 1230 2718 ac
1250 2665 1515 2735 simplices
1537 2665 1887 2730 admirentur,
1918 2662 2144 2716 miracu-

576 2758 686 2814 lum
719 2774 812 2826 per
838 2773 996 2828 agros
1018 2758 1130 2815 lieni
1155 2759 1368 2814 dicitur.
1397 2759 1454 2814 ln
1483 2759 1882 2829 comparatione
1914 2771 2143 2825 namque

575 2856 882 2903 sanctorum
909 2848 1055 2903 velut
1078 2856 1314 2916 agrestes
1340 2849 1582 2904 homines
1612 2857 1762 2912 sunt,
1786 2847 1875 2917 qui
1909 2856 1989 2902 tot
2016 2863 2143 2902 ron-

575 2939 763 2995 ditoris
788 2940 1005 3009 antiqua
1040 2956 1201 3011 opera
1222 2981 1236 3006 ,
1279 2948 1357 2995 tot
1400 2941 1774 3010 dispositiones
1804 2949 2139 3009 temporum,

575 3031 737 3103 309
773 3039 827 3087 et
879 3039 958 3087 ιοι
995 3031 1208 3088 ordines
1233 3041 1600 3088 creaturarum
1645 3032 1824 3085 mirari
1872 3031 2139 3086 nesciunt.

2239 1857 2610 1914 obliviscendo
2639 1853 2993 1922 derelinquat,
3025 1846 3300 1920 prolectus
3320 1843 3536 1915 quidem
3553 1857 3800 1898 conversae

2238 1948 2433 2004 mentis
2461 1946 2761 2003 ostenditur
2783 1985 2798 2012 ,
2844 1943 2970 2014 quia
2999 1940 3148 2012 prius
3179 1946 3320 1993 terra
3355 1933 3558 1990 turbari
3605 1931 3738 1986 dicit;
3759 1948 3799 1997 r,

2240 2041 2432 2097 deinde
2459 2040 2773 2096 miraculum
2796 2036 2950 2107 quasi
2981 2051 3011 2089 a
3040 2033 3152 2088 Deo
3181 2028 3444 2086 accidisse
3471 2032 3796 2080 mctnoratur.

2241 2134 2549 2188 Miraculum
2577 2147 2706 2187 vero
2740 2146 2770 2185 a
2801 2129 2911 2184 Deo
2940 2135 3054 2193 est,
3095 2123 3240 2195 quod
3284 2121 3404 2176 sine
3447 2117 3660 2174 homine
3694 2115 3802 2169 lat-it

2242 2221 2401 2275 Deus.
2432 2219 2584 2286 Quod
2614 2219 2756 2272 enim
2786 2230 2981 2270 manna
3011 2214 3063 2268 in
3088 2212 3303 2267 deserto
3334 2207 3453 2262 ﬁliis
3483 2204 3644 2260 lsrazl
3675 2204 3800 2274 plue-

2242 2308 2312 2363 rit
2338 2307 2593 2362 Dominus
2623 2305 2817 2368 (Exod.
2849 2303 2977 2375 xvi),
3008 2299 3152 2372 quod
3188 2293 3686 2367 concupiscentibus
3717 2308 3798 2345 vo-

2243 2400 2406 2453 latilia
2450 2396 2737 2468 praebuerit
2764 2394 2958 2466 (Exod.
2988 2392 3120 2460 x1v),
3164 2387 3479 2444 miraculum
3512 2385 3686 2453 utique
3705 2383 3801 2438 sine

2243 2491 2463 2546 homine
2493 2490 2634 2544 Deus
2665 2486 2818 2554 fecit;
2863 2484 2958 2540 sed
2982 2484 3106 2538 dum
3159 2495 3306 2535 mare
3350 2477 3592 2533 dividere
3632 2473 3798 2532 voluit,

2243 2584 2391 2652 virga
2418 2583 2523 2636 hoc
2549 2581 2765 2652 Moysen
2821 2586 3041 2646 tangere
3090 2572 3374 2645 precepit,
3407 2580 3466 2624 ut
3512 2567 3800 2622 miraculum

2243 2683 2398 2730 osten
2418 2673 2570 2738 leret,
2594 2669 2740 2740 quod
2769 2684 2864 2739 per
2883 2666 3155 2722 hominem
3180 2661 3382 2734 populo
3404 2659 3733 2715 demonstrar
3764 2664 3797 2708 t.

2245 2766 2334 2822 Sic
2354 2765 2607 2820 nimirum
2635 2763 2780 2830 virga
2807 2768 2960 2831 petra
2993 2756 3319 2830 percutitur,
3352 2761 3412 2808 ut
3454 2767 3606 2822 aqua;
3629 2750 3800 2802 ﬂuenta

2243 2856 2607 2928 producantur
2644 2851 2827 2924 (Num.
2866 2851 2988 2920 xx),
3034 2851 3158 2920 qu'a
3203 2846 3454 2901 nimirum
3503 2841 3793 2897 miraculum

2244 2947 2388 3016 quod
2438 2945 2721 3000 ostendere
2766 2943 2967 3008 voluit,’
2993 2956 3092 3010 per
3136 2937 3443 3000 hominem,
3473 2949 3582 2988 non
3602 2948 3691 3003 per
3711 2947 3784 2985 se-

2247 3036 2410 3106 mctip
2442 3051 2530 3088 um
2553 3032 2708 3100 fecit,
2738 3040 2795 3086 ut
2819 3032 2943 3086 dum
2970 3032 3006 3085 h
3029 3030 3240 3083 lminem
3285 3022 3644 3080 venerabilem
3686 3020 3788 3074 red-

582 3120 726 3178 Bene
753 3120 912 3189 igitur
941 3121 994 3176 in
1031 3122 1218 3176 eadem
1254 3121 1568 3177 rusticitatis
1610 3121 1930 3176 hebetudine
1958 3135 2145 3175 omnes
2173 3110 2214 3170 C
2248 3126 2420 3192 aerei,
2446 3125 2570 3179 huic
2597 3123 2918 3178 Israeliticus
2955 3119 3185 3192 populus
3212 3116 3485 3173 humiliter
3514 3111 3728 3180 subjici,
3757 3120 3802 3162 et

576 3211 900 3278 generaliter
927 3210 1336 3276 concluduntur,
1368 3226 1488 3266 cum
1519 3211 1761 3265 subditur
1793 3226 1807 3261 :

647 3302 823 3370 (νει-ε.
856 3300 968 3370 15.)
993 3303 1103 3357 Sed
1126 3313 1175 3356 et
1211 3305 1375 3357 omnis
1401 3303 1617 3372 populus
1664 3302 1902 3356 stationis
1946 3316 2146 3362 eorum,

578 3393 664 3462 qui
691 3394 821 3446 ierat
842 3392 912 3445 ad
937 3391 1305 3462 prazdaudum,
1341 3392 1613 3462 obstupuit.

651 3480 736 3534 20.
764 3481 932 3549 Quam
952 3482 1239 3537 stationem
1268 3481 1564 3547 nominant,
1590 3481 1687 3536 nisi
1711 3479 2149 3536 Phllislinorum?

580 3571 718 3636 Quid
748 3578 830 3627 est
856 3585 983 3640 ergo
1011 3571 1153 3642 quod
1181 3571 1458 3627 Philistiim
1501 3573 1858 3637 admirantur,
1892 3573 1992 3626 nisi
2023 3572 2149 3640 quia

580 3661 864 3731 aliquando
908 3663 1314 3718 conversionem
1345 3671 1685 3733 peccatorum
1715 3663 1804 3717 alii
1834 3671 2150 3734 peccatores

578 3753 1015 3824 obstupescentcs
1060 3753 1355 3822 aspiciunt,
1389 3764 1443 3807 et
1469 3752 1596 3807 dum
1623 3753 1922 3809 bonitatem
1969 3753 2064 3809 Dei
2094 3753 2149 3807 in

577 3844 788 3899 illorum
806 3845 1113 3902 visitatione
1143 3846 1466 3916 intelligunt,
1489 3845 1554 3900 ad
1579 3847 1753 3902 simile
1783 3846 2152 3903 conversionis

576 3936 909 4005 propositum
965 3935 1367 4000 accenduntur?
1413 3936 1494 3991 Ad
1548 3937 1899 4003 prmdandum
1952 3937 2151 4008 quippe

576 4026 823 4083 stationis
867 4028 1096 4097 populus
1156 4029 1359 4096 pergit,
1414 4028 1630 4099 quando
1682 4043 1842 4098 agere
1896 4044 2150 4100 perversa

578 4133 685 4171 non
712 4119 920 4172 metuit.
951 4118 1106 4187 Quod
1136 4119 1278 4171 enim
1295 4157 1309 4182 ,
1341 4118 1660 4186 prohibente
1685 4119 1795 4174 Deo
1816 4159 1831 4183 ,
1856 4119 2153 4190 Scripturis

579 4208 905 4261 minantibus
922 4246 937 4272 ,
966 4208 1454 4263 contradicentibus
1479 4207 1785 4263 doctoribus
1803 4247 1818 4274 ,
1847 4210 1967 4278 quis
1992 4209 2153 4264 audet

582 4312 770 4366 agere,
795 4299 944 4368 quasi
973 4312 1067 4368 per
1091 4299 1399 4353 violentiam
1445 4300 1630 4354 nititur
1652 4302 1762 4356 suis
1791 4302 1972 4357 usibus
2000 4317 2154 4356 usur-

578 4401 729 4454 pare.
760 4385 816 4441 Si
841 4388 962 4455 quis
997 4402 1091 4456 per
1117 4387 1259 4442 hunc
1286 4390 1541 4459 populum
1568 4391 1826 4445 daemonia
1857 4390 2154 4461 intelligere

581 4475 830 4539 voluerit,
867 4487 1081 4546 potest,
1111 4479 1235 4547 quia
1260 4479 1326 4532 ad
1356 4479 1694 4548 prcedandum
1726 4490 1988 4550 pergunt,
2026 4497 2148 4536 cum
2183 4472 2229 4532 D

577 4566 840 4621 violentas
870 4569 1192 4622 tentationes
1243 4567 1523 4636 ingerunt,
1569 4578 1624 4623 et
1670 4570 1910 4639 captivas
1947 4568 2153 4624 animas

576 4665 919 4725 peccatorum
959 4657 1178 4712 ducunt.
1209 4655 1312 4724 Qui
1340 4668 1487 4713 certe
1517 4660 1740 4729 populus
1775 4660 2156 4728 obstupescere

577 4744 801 4810 dicitur,
833 4746 954 4814 quia
983 4762 1079 4801 cor
1108 4748 1375 4816 pcenitens
1397 4789 1410 4810 ,
1457 4749 1602 4818 quod
1645 4749 1914 4803 daemones
1955 4748 2155 4803 habere

577 4850 681 4888 non
731 4844 978 4906 possunt,
1003 4852 1106 4905 qua
1148 4838 1316 4906 gratia
1364 4839 1606 4897 conversi
1653 4848 1965 4906 peccatores
2011 4838 2152 4892 reci-

577 4928 755 4996 piant,
786 4945 893 4983 non
934 4929 1252 4998 intelligunt.
1301 4929 1405 4985 Sed
1434 4931 1558 4984 dum
1606 4938 1915 4998 peccatores
1963 4929 2152 4998 resipi-

575 5025 753 5081 scunt,
787 5026 896 5071 tam
925 5018 1025 5072 sibi
1077 5034 1237 5087 quam
1282 5020 1398 5072 aliis
1428 5028 1676 5091 prosunt,
1735 5020 1859 5087 quia
1913 5018 2151 5073 nonnulli

574 5125 761 5162 eorum
791 5110 1036 5179 exemplo
1062 5113 1418 5179 corriguntur.
1459 5110 1614 5166 Unde
1638 5120 1690 5164 et
1715 5111 1957 5166 subditur
1993 5129 2008 5164 :

651 5200 827 5267 (Ἶρις.
856 5199 969 5272 15.)
1007 5200 1076 5256 Et
1105 5203 1405 5257 conturbata
1426 5213 1502 5256 est
1532 5212 1687 5258 terra.

645 5293 738 5348 2!.
771 5293 901 5348 Dum
945 5294 1233 5364 populares
1284 5295 1380 5349 viri
1428 5312 1563 5350 nova
1614 5297 1747 5350 mira
1791 5299 2146 5366 conspiciunt,

576 5393 718 5438 terra
765 5384 1039 5451 turbatur,
1089 5385 1212 5452 quia
1261 5399 1402 5454 srpe
1436 5387 1732 5455 contingit,
1779 5395 1837 5440 ut
1877 5387 2000 5441 dum
2053 5404 2147 5456 per

575 5491 638 5529 ex
668 5476 842 5529 eriora
891 5474 1148 5529 miracula
1179 5475 1268 5527 alii
1299 5485 1716 5542 convertuntur,
1747 5477 1970 5531 aliorum
1997 5467 2146 5532 duri-

578 5569 647 5620 tia
676 5566 1037 5623 incitamentis
1065 5567 1379 5640 quibusdam
1410 5568 1474 5620 ad
1505 5569 1834 5637 propositum
1863 5570 1987 5623 boni
2019 5566 2147 5638 ope-

579 5659 652 5715 ris
705 5667 998 5715 moveatur.
1053 5657 1190 5714 Male
1244 5659 1437 5714 ctenim
1495 5660 1776 5731 tranquilla
1833 5669 1911 5714 est
1971 5670 2106 5716 terra
2130 5703 2150 5732 ,

2250 3215 2443 3271 devote
2472 3215 2695 3270 obedire
2725 3213 3013 3268 debuisset.
3046 3209 3181 3276 Quid
3211 3215 3293 3264 est
3331 3219 3461 3274 ergo
3486 3203 3632 3274 quod
3659 3202 3799 3256 mira-

2248 3307 2424 3361 culum
2473 3305 2624 3376 quasi
2675 3318 2704 3356 a
2745 3303 2855 3358 Deo
2907 3301 3163 3358 accidisse
3208 3297 3492 3360 asseritur,
3545 3301 3799 3365 postquam

2251 3405 2392 3450 terra
2423 3396 2694 3459 turbatur,
2726 3393 2825 3446 nisi
2852 3392 2974 3462 quia
3001 3389 3128 3446 dum
3174 3396 3395 3445 sanctus
3419 3386 3647 3456 Spiritus
3671 3396 3802 3436 men-

2252 3497 2359 3542 tem
2402 3486 2471 3540 ad
2514 3482 2918 3540 conversionem
2945 3490 3282 3546 commovet,
3333 3487 3616 3536 commota:
3661 3473 3802 3528 menti

2251 3577 2549 3632 electorum
2585 3574 2828 3644 exempla
2876 3574 3145 3638 insinuat;
3192 3586 3313 3640 qua:
3351 3578 3407 3626 et
3452 3566 3804 3624 venerabiliter

2253 3667 2460 3733 videat,
2493 3675 2550 3722 et
2587 3665 2784 3719 imitari
2826 3664 3019 3719 devote
3060 3661 3441 3731 concupiscat?
3467 3657 3586 3712 lloc
3612 3655 3802 3726 quidem

2251 3757 2567 3812 miraculum
2605 3757 2768 3828 310
2791 3755 2945 3825 juxta
2973 3754 3253 3809 historiam
3281 3751 3362 3805 sic
3389 3747 3676 3817 accipitur,
3699 3743 3802 3813 quia

2251 3849 2432 3919 plures
2460 3848 2934 3902 interﬁciebantur.
2967 3844 3119 3899 Nunc
3141 3857 3272 3898 vero
3302 3841 3355 3895 in
3381 3847 3567 3894 sancta
3596 3832 3805 3892 Ecclesia

2252 3942 2322 3996 ad
2352 3940 2654 4008 religiosam
2681 3941 2842 3993 vitam
2873 3943 3184 4008 peccatores
3223 3938 3640 3994 convertuntur,
3687 3938 3803 3994 quos

2253 4030 2342 4084 alii
2373 4030 2439 4084 ad
2468 4029 2680 4084 virtutis
2709 4027 2952 4096 exempla
3003 4032 3321 4094 sequuntur.
3355 4020 3588 4091 Spiritus
3615 4015 3806 4088 quidem

2251 4129 2470 4175 sanctus
2499 4119 2619 4174 illos
2646 4117 2839 4183 trahit,
2869 4125 2927 4172 et
2955 4116 3081 4185 quia
3111 4114 3400 4168 trahuntur
3427 4111 3549 4165 aliis
3577 4105 3806 4172 ostendit,

2255 4218 2315 4266 ut
2342 4219 2543 4265 tractos
2567 4209 2771 4274 trahat,
2810 4216 2865 4263 et
2891 4206 3133 4261 videntes
3159 4203 3348 4258 tractis
3375 4203 3612 4266 inserat,
3642 4205 3808 4268 quate-

2255 4321 2356 4360 nus
2379 4319 2474 4373 per
2499 4303 2798 4371 largitatem
2821 4315 2930 4356 sua:
2967 4298 3152 4368 gratia:
3177 4305 3437 4366 utrosque
3481 4292 3811 4363 comprehen-

2256 4397 2366 4452 dat.
2399 4395 2622 4464 Quando
2652 4394 2793 4449 enim
2824 4393 2929 4447 hoc
2952 4392 3068 4447 sine
3097 4389 3317 4445 homine
3365 4403 3461 4458 per
3488 4385 3807 4454 semetipsum

2255 4496 2514 4560 operatur
2554 4490 2610 4542 in
2651 4486 2902 4542 cordibus
2958 4482 3224 4548 ﬁdelium,
3279 4481 3468 4550 utique
3519 4475 3808 4532 miraculum

2256 4594 2364 4634 non
2394 4577 2450 4630 ﬁt
2475 4577 2630 4645 quasi
2657 4593 2683 4629 a
2714 4576 2853 4640 Deo,
2885 4574 2982 4629 sed
3009 4589 3038 4627 a
3074 4574 3204 4627 Deo.
3235 4571 3463 4638 Quando
3493 4577 3672 4624 autem
3697 4579 3808 4635 prze-

2256 4668 2327 4723 (1ἰ«
2346 4667 2557 4721 antibus
2585 4667 2686 4720 hoc
2708 4674 2926 4719 reterns:
2949 4663 3070 4717 vita:
3098 4661 3412 4716 doctoribus
3456 4659 3598 4727 agit,
3625 4655 3762 4726 quasi
3785 4668 3809 4705 a

2259 4756 2368 4810 Deo
2399 4763 2480 4810 est
2519 4753 2830 4808 miraculum
2854 4792 2870 4818 ,
2918 4752 3045 4821 quia
3095 4750 3365 4804 mirabiles
3406 4763 3534 4802 suos
3565 4748 3810 4800 ministros

2257 4845 2525 4908 ostendit,
2557 4854 2616 4898 ut
2639 4847 2731 4914 qui
2772 4860 2867 4899 eos
2892 4843 3195 4912 aspiciunt,
3235 4841 3433 4895 devote
3469 4839 3678 4892 valeant
3714 4833 3812 4886 imi—

2258 4937 2377 4991 tari.
2410 4935 2514 4991 Sed
2542 4937 2665 5005 quia
2694 4952 2932 4992 summos
2979 4934 3289 4990 sacerdotes
3315 4931 3444 4986 Saul
3490 4929 3698 4999 signare
3738 4939 3813 4977 su-

2257 5027 2437 5097 perius
2466 5027 2722 5091 diximus,
2754 5025 3039 5080 Ionatham
3082 5039 3212 5078 vero
3244 5021 3409 5076 ﬁlium
3452 5019 3568 5088 ejus
3596 5016 3812 5071 subditas

2255 5117 2663 5188 praulicatorum
2709 5131 3007 5185 personas,
3066 5115 3110 5168 si
3166 5112 3447 5182 sequentia
3493 5106 3809 5167 attendimus,

2256 5207 2668 5262 sollicitudinem
2715 5205 3063 5274 apostolicam
3105 5204 3158 5258 in
3207 5201 3432 5257 summis
3473 5185 3808 5269 pontiﬁcibus.

2258 5314 2419 5368 quam
2457 5300 2717 5363 retinent,
2766 5298 3081 5352 invenimus.
3117 5296 3189 5349 De
3218 5311 3325 5364 quo
3374 5293 3620 5347 nimirum
3649 5290 3808 5342 beatus

2257 5387 2456 5441 Paulus
2505 5387 2771 5454 loquitur,
2805 5387 2992 5442 dicens
3038 5402 3050 5438 :
3095 5385 3222 5451 Quis
3271 5385 3599 5453 inﬁrmatur,
3635 5388 3681 5432 et
3730 5390 3807 5444 ego

2253 5494 2356 5531 non
2388 5477 2663 5546 iufirmor?
2692 5475 2816 5540 Quis
2865 5476 3285 5540 scandalizatur,
3315 5482 3364 5526 et
3410 5489 3504 5543 ego
3540 5486 3636 5524 non
3666 5463 3809 5520 uror?

2257 5570 2454 5624 l’raztcr
2476 5570 2567 5622 illa
2588 5586 2700 5639 ιιιιω
2727 5571 3041 5622 extrinsecus
3062 5576 3208 5630 sunt,
3246 5567 3496 5620 instantia
3529 5579 3639 5616 mea
3665 5558 3808 5630 qnoIi-

2257 5663 2444 5724 rliaua,
2478 5659 2770 5715 sollicitudo
2821 5661 3045 5715 omnium
3085 5657 3434 5712 Ecclesiarum
3482 5653 3578 5725 (11
3605 5653 3716 5707 Cor.
3747 5664 3803 5708 at.
