3962 6274
191 320 301 355 ὁιι)

1036 313 1106 368 IN
1140 314 1411 373 PRIMUM
1450 316 1693 374 REGUM
1726 316 2248 383 EXPOSITIONES.
2285 358 2352 370 —-
2391 331 2521 388 LIB.
2558 332 2626 388 γ.
3379 349 3486 403 5ῗό

182 419 303 489 29).
342 421 447 489 Qui
499 438 635 479 vero
678 426 917 482 omnium
964 427 1329 486 Ecclesiarum
1374 432 1798 488 sollicitudinem
1831 433 1879 493 Α
1907 440 2177 503 cognovit.
2206 440 2284 497 Ab
2309 444 2619 515 irreligiosis
2644 448 2860 517 quidem
2884 450 3157 523 religionis
3178 457 3481 530 consilium,

181 514 443 580 gerebat,
476 531 585 570 non
613 518 787 573 solum
815 520 1187 587 parvulorum.
1216 522 1310 577 sed
1339 525 1499 579 et'am
1523 525 1588 580 ad
1611 528 1794 583 discu-
1898 537 1991 580 aut
2015 531 2291 597 sapientiae
2316 549 2347 588 a
2374 514 2552 593 stultis
2578 514 2783 606 petere,
2832 555 2939 595 non
2972 514 3055 597 est
3086 545 3368 601 consilium
3400 514 3484 607 ac:

184 603 383 659 tienda
412 606 681 677 majorum
711 608 851 665 facta
878 610 1148 683 vigilabat.
1180 611 1338 670 Unde
1365 625 1422 673 et
1446 617 1537 673 hic
1566 620 1793 689 subiun-
1895 615 2096 685 (ἧρπε,
2127 620 2219 675 sed
2250 603 2603 693 praecipitare
2629 603 2915 698 Bene’ergo
2930 630 3123 686 dicitur
3148 651 3161 686 :
3187 632 3322 689 Erat
3344 603 3482 693 enim

178 691 342 757 gitur
376 711 391 749 ε
1888 706 1965 760 ibi
1992 723 2114 761 arca
2143 708 2259 776 Dei,
2288 691 2487 781 quia—in
2518 716 2679 773 rebus
2707 691 2882 775 dubiis
2913 721 3035 777 illos
3064 722 3323 781 debemus
3349 691 3480 784 con;

251 783 447 853 (Vers.
487 785 586 855 16,
621 788 731 845 l7.‘
781 790 850 845 Et
889 807 1221 865 respexerunt
1258 801 1603 870 speculatores
1638 803 1789 869 Saul,

178 876 265 943 qui
294 886 463 930 erant
507 879 564 933 in
605 879 788 935 Gabaa
815 883 1120 955 Benjamin,
1163 899 1214 944 et
1232 907 1348 945 ecce
1368 892 1641 948 multitudo
1669 912 1792 963 pro-

176 974 360 1021 strata
386 975 488 1023 huc
516 971 739 1045 illucque
766 975 1066 1049 diﬁ'ugiens.
1100 979 1166 1034 Et
1189 983 1264 1035 ait
1314 983 1446 1037 Saul
1486 986 1674 1055 populo
1703 987 1792 1057 qui

175 1065 295 1111 erat
326 1075 451 1113 cum
466 1077 526 1115 eo
542 1075 569 1117 ηε
608 1062 892 1135 Requiritc,
924 1076 973 1122 et
998 1070 1162 1125 videte
1190 1073 1304 1143 quis
1329 1074 1514 1129 abierit
1533 1093 1597 1130 ea:
1618 1078 1785 1132 nobis.

179 1144 250 1198 Et
278 1160 550 1219 repertum
579 1161 657 1207 est
711 1170 816 1209 non
845 1157 1029 1212 adesse
1056 1158 1339 1216 Ionatham
1380 1172 1437 1217 et
1474 1166 1788 1237 armigerum

172 1250 318 1304 qus.

243 1324 350 1382 23.
384 1329 625 1398 Pugnam
652 1330 897 1390 Jonatha:
923 1336 1051 1392 Saul
1097 1341 1466 1410 speculatores
1493 1346 1781 1416 aspiciunt,

168 1416 310 1487 quia
338 1420 539 1474 summi
570 1423 887 1492 pont'iices,
918 1442 1017 1482 son
1048 1429 1224 1484 solum
1273 1431 1613 1489 subditorum
1640 1435 1781 1493 facta

176 1507 528 1580 discutiunt,
558 1513 654 1568 sed
674 1514 974 1572 doctr'nam
1001 1521 1367 1590 przelatorum.
1395 1523 1535 1581 istos
1563 1527 1776 1595 quidem

172 1598 511 1666 explorant,
536 1601 582 1656 si
606 1601 747 1659 bene
774 1607 968 1674 agant;
1012 1608 1133 1664 illos
1160 1618 1339 1666 autem
1371 1628 1439 1667 an
1483 1622 1634 1671 recte
1677 1618 1775 1673 do-

170 1695 368 1741 ceant.
398 1687 557 1760 Saepe
582 1695 1049 1752 conversationem
1074 1698 1300 1754 aliorum
1318 1701 1560 1773 audiunt,
1590 1704 1683 1779 sed
1712 1721 1781 1763 ne

1892 794 2097 864 suler»,
2129 799 2323 867 quibus
2363 810 2554 870 aperte
2602 806 2802 863 scimus
2845 809 3142 879 spiritualia
3186 813 3328 870 dona
3370 833 3479 873 non

1890 884 2099 941 deesse.
2121 887 2226 943 Sed
2248 890 2490 960 quaedam
2514 903 2641 948 sum
2659 909 2777 964 qua:
2798 900 3207 968 perconsiiium,
3231 906 3475 973 qumdam

1891 988 2020 1030 vero
2042 990 2161 1044 quae
2189 992 2288 1045 per
2313 979 2568 1035 auxilium
2596 982 2969 1041 meliorantur.
2989 984 3096 1042 Ubi
3116 989 3258 1044 enim
3289 1003 3476 1062 aperta

1888 1071 1944 1116 tt
1972 1062 2266 1121 indubitata
2292 1071 2589 1128 necessitas
2615 1080 2717 1139 est,
2742 1073 2852 1129 illic
2873 1091 2979 1130 non
3006 1085 3093 1133 est
3113 1078 3302 1135 idonea
3328 1098 3476 1137 mora

1884 1157 2125 1226 consilii,
2148 1160 2241 1216 sed
2265 1162 2516 1220 celeritas
2533 1165 2920 1224 subventionis.
2953 1168 3211 1240 Ambigua
3233 1172 3471 1241 quidem,

1886 1256 1942 1301 et
1969 1247 2198 1304 obscura
2226 1251 2420 1308 melius
2447 1254 2781 1311 consulendo
2808 1257 3134 1326 peragimus,
3161 1260 3259 1315 sed
3286 1268 3473 1330 aper-ta

1886 1346 1940 1392 et
1984 1340 2200 1407 cognita
2246 1341 2615 1400 subveniendo
2652 1352 2713 1400 et
2756 1345 3066 1403 festinando
3109 1348 3471 1407 sublevamus.

1887 1426 2039 1483 Unde
2064 1438 2120 1484 et
2146 1431 2388 1487 subditur
2408 1450 2427 1487 ε

1956 1529 2132 1599 (Vers.
2170 1530 2253 1597 l9,
2285 1530 2398 1604 20.)
2431 1531 2654 1605 Cumque
2676 1535 2972 1605 ioqueretur
3018 1537 3151 1593 Saul
3187 1538 3257 1591 ad
3298 1555 3474 1594 sacer-

1883 1618 2071 1685 dotem,
2098 1622 2342 1677 tumultus
2378 1640 2598 1695 magnus
2638 1636 2844 1679 exortus
2882 1629 3039 1681 estin
3078 1629 3262 1682 castris
3293 1628 3463 1683 Phili-

1882 1713 2053 1778 stiim,
2086 1714 2438 1786 crescebatque
2464 1717 2747 1786 paulatim,
2778 1725 2828 1770 et
2852 1717 3045 1772 claruit
3076 1718 3370 1774 resonabat.
3404 1719 3473 1774 Et

170 1777 285 1832 sint
318 1778 467 1836 bene
494 1783 722 1850 eruditi,
755 1787 1163 1857 pertimescunt.
1188 1791 1327 1860 Quid
1350 1794 1498 1850 enim
1529 1804 1611 1853 est
1638 1777 1783 1854 aliud
1814 1800 1861 1859 Β
1880 1805 1963 1857 ait
1991 1777 2122 1858 Strat
2142 1805 2212 1858 ad
2238 1777 2554 1861 sacerdotem
2584 1824 2602 1861 :
2628 1777 2885 1863 Contra/te
2907 1826 3116 1865 manum
3147 1821 3306 1865 tuam.
3330 1812 3471 1867 Con-

173 1870 327 1938 quod
359 1872 484 1941 quis
510 1874 705 1931 abierit
723 1920 739 1946 ,
766 1880 1056 1949 quasritur,
1084 1884 1185 1939 nisi
1215 1886 1459 1957 quifqui
1487 1889 1552 1944 ad
1583 1891 1776 1960 prmdi-

174 1960 418 2017 candurn
451 1965 683 2022 mittitur
710 1969 831 2024 talis
857 1986 978 2029 esse
1005 1973 1200 2043 debet,
1232 1985 1292 2031 ut
1313 1994 1450 2033 onus
1494 1980 1776 2039 tninisterii

166 2053 221 2107 ei
250 2068 455 2112 secure
481 2058 822 2128 imponatur;
853 2072 909 2118 ut
952 2080 1105 2122 mens
1147 2069 1410 2128 mittentis
1440 2073 1582 2127 nulla
1616 2073 1774 2130 dubi-

174 2149 389 2206 tatime
441 2150 667 2209 ﬂuctuet
722 2158 869 2225 quod
925 2170 1075 2216 recte
1131 2161 1353 2230 doceat,
1411 2173 1468 2221 et
1515 2166 1777 2223 doctrina:

171 2238 343 2293 verba
366 2241 624 2311 operibus
665 2247 935 2302 ostentat.
968 2247 1037 2303 Et
1065 2250 1188 2319 quia
1219 2252 1485 2311 innumeri
1523 2266 1651 2312 sunt
1674 2256 1777 2313 Ec-

170 2328 472 2385 clesiarum
501 2334 788 2403 prtesules,
821 2352 851 2392 a
875 2340 1304 2409 speculatoribus
1327 2343 1586 2402 Jonalhas
1633 2350 1775 2419 aspi-

170 2419 352 2485 citur,
404 2423 536 2491 quia
582 2439 850 2482 summum
896 2429 1110 2485 culmen
1138 2432 1454 2491 universalis
1501 2435 1771 2505 Ecclesiae,

175 2509 253 2565 sic
282 2526 390 2580 per
417 2513 607 2570 orbem
646 2518 1027 2586 pnedicatores
1066 2521 1310 2589 ordinat,
1340 2525 1561 2582 utcirca
1582 2542 1642 2583 se
1667 2528 1772 2583 mi-

177 2600 384 2657 nistros
413 2603 631 2673 habeat,
656 2622 754 2676 per
774 2624 912 2678 quos
938 2610 1152 2667 illorum
1176 2614 1475 2670 doctrinam
1501 2617 1772 2689 discutiat,

172 2699 229 2745 et
254 2706 429 2762 opera
459 2693 1021 2769 diligenterinquirat.
1051 2701 1158 2758 Sed
1185 2703 1277 2772 qui
1301 2707 1494 2761 summi
1522 2707 1774 2764 culminis

177 2781 487 2840 ministerio
516 2796 572 2840 et
596 2786 867 2856 legatione
898 2789 1223 2861 funguntur,
1278 2793 1329 2849 iu
1379 2797 1485 2851 alta
1541 2798 1668 2855 vita:
1719 2808 1776 2856 et

176 2872 424 2930 scientiae
451 2874 582 2932 sede
603 2878 978 2938 sublimantur.
1011 2881 1166 2941 Unde
1195 2894 1251 2943 et
1296 2888 1434 2943 bene
1461 2888 1621 2945 iidem
1651 2905 1776 2962 Spe-

177 2964 454 3021 culatores
505 2967 558 3022 in
607 2967 797 3026 Gabaa
858 2973 1138 3045 Beniamin
1202 2993 1325 3034 esse
1374 2991 1766 3038 memorantur.

177 3055 358 3110 Gabaa
380 3057 598 3125 quidem
630 3059 913 3130 Beniamin
940 3066 1095 3123 collis
1130 3065 1225 3123 ﬁlii
1270 3069 1472 3127 dextra:
1496 3088 1772 3145 nuncupa-

1880 1897 2118 1951 ctamavit
2143 1897 2302 1963 Saul,
2333 1906 2382 1953 et
2427 1902 2593 1955 omnis
2628 1901 2847 1972 populus
2892 1903 2979 1973 qui
3022 1918 3137 1957 cum
3158 1914 3389 1971 eberat,
3414 1916 3472 1959 et

1878 1996 2123 2040 venerunt
2154 2004 2315 2061 usque
2340 1989 2409 2042 ad
2448 1989 2623 2045 locum
2654 1994 2974 2048 certaminis.

1949 2072 2036 2128 26.
2068 2074 2203 2141 Quid
2232 2078 2375 2131 enim
2403 2078 2546 2134 aliud
2576 2080 2754 2150 signat
2782 2083 2926 2152 quod
2957 2084 3108 2153 prius
3137 2084 3270 2139 Saul
3292 2085 3469 2154 appli-

1877 2176 2003 2219 care
2045 2178 2228 2218 arcam
2276 2166 2459 2235 petiit,
2515 2167 2709 2224 deinde
2762 2170 3100 2225 sacerdotem
3127 2171 3471 2227 .contrahere

1878 2268 2094 2308 manum
2122 2254 2313 2323 jussit,
2346 2255 2447 2311 nisi
2475 2257 2599 2326 quia
2629 2266 2684 2314 et
2712 2258 2941 2313 obscura
2971 2259 3229 2316 debemus
3263 2277 3467 2317 consu-

1876 2343 2038 2399 lendo
2068 2344 2385 2415 disponere,
2416 2357 2473 2403 et
2499 2362 2620 2417 quae
2666 2349 2866 2405 clarius
2913 2351 3297 2420 innotescunt,
3345 2370 3467 2410 cum

1878 2428 2222 2490 festinatione
2277 2435 2590 2505 complere?
2630 2436 2737 2493 Sed
2787 2439 3126 2508 prmdicatori
3173 2443 3463 2498 tumultum

1874 2528 2207 2577 crescentem
2233 2523 2489 2593 paulatim
2522 2525 2737 2592 audire,
2788 2535 2871 2581 est
2910 2544 3297 2585 conversorum
3340 2547 3467 2601 pec-

1876 2617 2124 2667 catorum
2176 2612 2520 2670 devotionem
2582 2628 2930 2683 cognoscere.
3006 2617 3163 2684 Quod
3205 2620 3465 2689 paulatim

1876 2712 2124 2755 crescere
2152 2700 2368 2767 dicitur,
2398 2703 2523 2772 quia
2547 2702 2673 2759 dum
2704 2714 2939 2760 mentem
2970 2716 3207 2762 nostram
3235 2708 3301 2763 ad
3325 2709 3467 2763 bona

1876 2801 2040 2856 opera
2067 2789 2288 2858 spiritus
2314 2790 2521 2861 dirigit,
2549 2794 2689 2851 hanc
2716 2795 2783 2849 ad
2813 2796 3035 2851 meliora
3066 2812 3163 2867 per
3185 2798 3463 2867 quotidia-

1879 2888 1979 2929 nos
2008 2876 2282 2945 profectus
2339 2878 2535 2935 lciiiter
2579 2882 2747 2938 ducit.
2798 2882 2938 2950 Quid
2978 2901 3107 2939 vero
3158 2895 3268 2951 est,
3321 2887 3465 2956 quod

1874 2959 2005 3017 Saul
2034 2972 2089 3019 et
2118 2967 2294 3022 omnis
2321 2969 2412 3038 qui
2444 2984 2566 3023 cum
2600 2985 2668 3026 eo
2698 2978 2782 3026 est
2810 2974 3043 3042 populus
3078 2974 3273 3029 clamat
3293 3016 3308 3040 ,
3338 2976 3465 3043 nisi,

1875 3052 2002 3119 quia
2025 3067 2085 3108 se
2112 3054 2506 3123 prteliatoribus
2530 3059 2776 3113 sociant?
2798 3059 2907 3114 Sed
2955 3068 3011 3113 et
3052 3075 3225 3128 usque
3269 3061 3338 3115 ad
3382 3062 3463 3117 lo-

181 3158 288 3202 tur.
320 3148 379 3203 in
401 3150 543 3205 colle
573 3151 795 3221 quidem
843 3153 936 3210 ﬁlii
962 3156 1161 3214 dextra:
1188 3167 1346 3227 sunt,
1397 3163 1490 3232 qui
1533 3162 1644 3232 iam
1674 3144 1771 3235 per

1883 3157 2000 3196 cum
2029 3144 2338 3200 certaminis
2378 3147 2622 3202 veniunt.
2672 3147 2845 3205 Locus
2880 3151 3196 3208 certaminis
3239 3166 3335 3209 cor
3383 3162 3468 3210 est

178 3241 465 3296 sublimem
494 3244 659 3298 vitam
677 3287 695 3313 ,
718 3254 772 3301 et
799 3263 897 3317 per
922 3249 1085 3305 altam
1108 3252 1388 3309 scientiam
1407 3296 1421 3320 ,
1459 3255 1525 3310 ad
1553 3257 1771 3313 confor-

184 3330 475 3385 mationem
514 3331 764 3387 videntur
808 3336 1113 3408 pertingere
1143 3338 1538 3413 Redemptoris.
1584 3345 1650 3400 lli
1679 3348 1767 3403 ni-

188 3421 383 3474 mirum
409 3422 678 3478 victorum
723 3433 843 3480 acta
884 3425 952 3482 de
989 3428 1201 3484 sublimi
1248 3433 1616 3504 conspiciunt,
1646 3439 1772 3507 quia

184 3510 453 3565 bonorum
474 3511 638 3566 vitam
660 3514 914 3584 probare,
947 3524 1002 3572 et
1031 3520 1203 3577 malos
1228 3521 1519 3590 discutere,
1552 3540 1619 3580 ex
1648 3528 1772 3583 vitae

185 3609 463 3657 merentur
498 3603 849 3673 celsitudine,
897 3615 952 3663 et
1000 3624 1224 3667 summae
1260 3613 1496 3691 scientip
1530 3616 1769 3685 perfecta

186 3693 507 3750 eruditione.
531 3694 633 3762 Qui
663 3695 951 3754 Jonatbam
978 3715 1086 3756 non
1111 3702 1300 3759 adesse
1326 3706 1624 3776 reperiunt,
1647 3709 1771 3778 quia

187 3785 333 3841 lucra
365 3787 762 3857 pnedicationis
798 3798 929 3846 tunc
984 3795 1188 3863 Optima
1222 3810 1342 3851 esse
1393 3799 1770 3867 considerant,

189 3896 311 3933 tum
341 3880 701 3950 praedicatoris
724 3882 1047 3941 laudabilem
1074 3902 1360 3957 personam
1394 3891 1641 3960 probant.
1669 3892 1773 3948 Se-

186 3973 364 4042 quitur
395 3990 409 4026 :

264 4064 429 4132 (Vcrs.
466 4066 578 4137 18.)
614 4067 682 4121 Et
704 4072 778 4123 ait
799 4068 936 4125 Saul
963 4070 1034 4123 ad
1050 4071 1268 4126 Acltiam
1300 4090 1317 4128 :
1350 4075 1569 4146 Applica
1593 4095 1772 4133 arcam

190 4151 308 4207 Dei.

263 4241 346 4295 24.
374 4241 484 4297 Cur
511 4245 735 4300 Achiam
768 4249 1106 4305 sacerdotem
1132 4248 1259 4305 Saul
1289 4250 1563 4322 applicare
1591 4268 1771 4309 arcam

190 4332 442 4402 pracipit,
469 4333 572 4388 nisi
600 4335 726 4403 quia
754 4336 977 4392 modum
1007 4338 1315 4394 certaminis
1344 4356 1376 4395 a
1416 4342 1773 4411 speculatori-

193 4421 289 4475 bus
312 4423 566 4479 audiunt?
601 4425 755 4492 Quod
804 4428 1025 4496 quidem
1062 4444 1093 4483 a
1133 4430 1357 4485 summis
1404 4432 1772 4490 sacerdotibus

194 4516 324 4571 bene
348 4519 700 4587 spiritualiler
726 4521 923 4589 agitur,
953 4538 1076 4577 eum
1106 4537 1167 4578 ea
1198 4537 1319 4592 qua:
1364 4539 1396 4578 a
1444 4525 1768 4583 relatoribus

197 4606 403 4661 audiunt
432 4624 537 4663 non
570 4618 697 4663 ante
725 4610 1049 4679 diiudicant,
1081 4627 1241 4683 quam
1284 4629 1473 4668 eorum
1506 4617 1772 4671 rationem

200 4696 250 4749 in
278 4700 496 4754 consilio
542 4702 766 4757 internae
808 4703 1174 4759 meditationis
1201 4706 1359 4775 311
1391 4717 1652 4777 quaerant.
1685 4707 1771 4775 Et,

197 4787 314 4853 quia
342 4804 479 4860 saepe
505 4792 697 4845 alicnrc
723 4793 885 4847 etiam
936 4795 1134 4849 mentis
1180 4795 1403 4850 consilia
1452 4806 1772 4866 sequuntur,

204 4875 382 4934 Achias
440 4895 622 4937 arcam
694 4882 966 4952 applicare
1019 4883 1259 4953 iubetur.
1320 4886 1517 4940 Arcam
1573 4888 1775 4957 quippe

202 4969 439 5026 sacerdos
490 4972 684 5040 habet,
759 4974 852 5043 qui
922 4974 1144 5030 scientia
1210 4977 1475 5047 spirituali
1539 4987 1775 5034 mentem

202 5071 404 5113 vacuam
427 5078 533 5117 non
555 5063 739 5118 habet.
762 5064 890 5119 Saul
904 5080 1033 5135 ergo
1054 5080 1233 5121 arcam
1255 5069 1528 5138 applicare
1554 5069 1773 5126 Acltiani

205 5147 353 5215 iubet,
383 5153 598 5220 quando
624 5170 864 5210 summus
892 5157 1084 5212 doctor
1112 5159 1396 5215 consilium
1419 5175 1449 5213 a
1478 5161 1774 5220 minoribus

208 5238 302 5292 suis
321 5248 371 5295 et
392 5242 615 5297 eruditis
644 5246 857 5313 quaerit.
882 5246 957 5301 lbi
984 5248 1131 5302 enim
1155 5258 1280 5304 sunt
1300 5251 1617 5319 postulanda
1647 5268 1776 5308 con-

211 5328 329 5395 silia,
356 5333 443 5388 ubi
468 5336 767 5405 spirituulis
793 5338 1028 5393 scientia
1051 5341 1222 5409 gratia
1246 5351 1513 5397 coruscat.
1549 5341 1701 5399 Unde
1720 5353 1778 5398 ct

212 5420 430 5477 subditur
468 5444 480 5478 :

274 5511 437 5579 (Vers.
470 5515 587 5583 l8.)
616 5517 749 5573 Erat
778 5522 915 5574 enim
946 5537 1070 5575 arca
1094 5520 1191 5576 Dei
1209 5523 1263 5575 iu
1288 5522 1370 5575 die
1399 5523 1491 5577 illa
1516 5538 1629 5576 cum
1651 5523 1777 5593 ﬁliis

223 5596 381 5655 Israel.

275 5687 353 5743 25.
380 5692 538 5760 Quasi
564 5695 710 5753 dicat
734 5716 746 5751 :
771 5696 884 5757 lloc
906 5701 1176 5771 applicare
1202 5704 1471 5775 praecepit,
1495 5706 1635 5775 quod
1660 5721 1777 5762 esse

1877 3237 2100 3292 verbum
2128 3238 2222 3293 Dei
2246 3239 2531 3297 audientis.
2555 3241 2877 3301 Certaminis
2903 3260 3033 3300 vero
3065 3247 3217 3302 locus
3244 3247 3469 3313 dicitur,

1874 3328 2001 3397 quia
2031 3330 2254 3385 verbum
2279 3330 2427 3401 quod
2454 3333 2738 3403 recipitur,
2764 3350 2888 3391 cum
2932 3339 3202 3406 prmterita
3233 3355 3461 3395 conver-

1874 3417 2083 3473 satione
2108 3420 2400 3489 prmliatur.
2432 3421 2651 3480 Placent
2677 3425 2821 3481 enim
2851 3427 2901 3482 ei
2925 3427 3035 3496 iam
3075 3429 3317 3486 caelestia
3346 3444 3466 3498 qua:

1875 3508 2055 3576 audit,
2104 3509 2202 3566 sed
2246 3518 2399 3567 vetus
2424 3514 2759 3570 consuetudo
2788 3516 3048 3586 insurgit,
3088 3526 3144 3571 et
3182 3527 3242 3574 ut
3281 3518 3463 3575 audita

1876 3607 2216 3664 contemnat,
2268 3603 2524 3673 suggerit.
2569 3603 2657 3660 Fit
2682 3618 2859 3675 pugna
2909 3607 3035 3662 item
3066 3609 3309 3677 gravior,
3338 3609 3463 3678 quia

1873 3687 2017 3756 quod
2059 3689 2381 3758 praedicator
2424 3692 2637 3760 laudat,
2682 3694 2789 3750 hoc
2834 3696 3051 3764 maligni
3096 3697 3318 3765 spiritus
3346 3697 3462 3753 dis-

1873 3778 2153 3835 suadendo
2173 3780 2511 3851 vituperant,
2544 3792 2598 3838 et
2634 3785 2787 3853 quasi
2832 3786 3125 3855 praeliando
3170 3802 3231 3842 se
3275 3797 3464 3843 contra

1875 3876 2095 3926 sanctos
2121 3871 2367 3941 erigunt,
2389 3872 2517 3927 dum
2546 3874 2674 3927 illud
2700 3874 2950 3931 bellando
2975 3875 3285 3941 destruunt,
3317 3879 3461 3947 quod

1877 3961 2101 4016 istorum
2150 3976 2287 4018 voce
2339 3962 2679 4033 praedicatur.
2747 3964 2884 4031 Quid
2944 3974 3028 4020 est
3077 3981 3212 4035 ergo
3276 3966 3463 4021 venire

1876 4065 2045 4121 usque
2091 4049 2159 4105 ad
2209 4051 2387 4106 locum
2437 4053 2769 4118 certaminis,
2801 4053 2903 4107 nisi
2932 4068 3028 4123 per
3082 4055 3461 4123 exquisitionis

1876 4139 2076 4194 aditum
2124 4141 2407 4210 pervenire
2457 4142 2525 4196 ad
2567 4151 2776 4198 secreta
2821 4143 3002 4200 cordis
3036 4145 3324 4211 auditoris,
3371 4145 3462 4199 ubi

1876 4230 2062 4287 hostes
2082 4232 2331 4288 celeriter
2361 4234 2616 4300 inveniat,
2635 4242 2690 4290 et
2710 4243 2959 4307 potenter
2977 4236 3179 4308 caedat?
3208 4237 3339 4292 Nam
3369 4239 3462 4307 qui

1875 4320 2143 4379 discutere
2197 4322 2406 4379 interna
2464 4325 2743 4392 nesciunt,
2799 4325 2867 4381 ad
2922 4327 3102 4384 locum
3153 4328 3505 4391 certaminis,

1875 4413 2160 4480 pervenire
2200 4430 2308 4470 non
2355 4425 2598 4485 possunt.
2652 4417 2752 4473 Vel
2802 4418 2952 4475 locus
2999 4421 3307 4475 certaminis
3351 4428 3464 4484 est,

1879 4501 1967 4555 ubi
1994 4503 2183 4557 crebra
2226 4504 2364 4559 fama
2410 4520 2617 4574 magna:
2661 4509 2935 4579 religionis
2960 4520 3064 4566 est.
3107 4510 3239 4566 ωηο
3264 4511 3464 4579 quippe

1881 4590 2005 4645 dum
2034 4592 2102 4646 ab
2146 4593 2442 4650 innumeris
2480 4598 2748 4663 curritur,
2799 4601 2890 4668 qui
2913 4610 2968 4655 et
2994 4602 3157 4655 vitam
3195 4603 3468 4669 deponere

1879 4690 2142 4751 veterem,
2173 4691 2227 4737 et
2254 4684 2477 4739 induere
2500 4702 2693 4741 novatn
2718 4688 3123 4757 concupiscunt,
3155 4690 3465 4745 certaminis

1881 4775 2034 4831 locus
2060 4783 2207 4830 recte
2232 4786 2603 4846 nuncupatur,
2634 4780 2759 4848 quia
2799 4780 3041 4849 quotidie
3066 4781 3174 4835 illic
3209 4781 3470 4850 spiritus.

1882 4865 2010 4918 lium
2050 4866 2310 4920 virtutum
2352 4866 2875 4937 exercitus.pugnat
2899 4884 3030 4924 cum
3075 4870 3467 4925 numerositate

1883 4956 2157 5011 vitiorum.
2189 4955 2302 5011 ltlic
2330 4955 2546 5025 quidem
2574 4964 2777 5027 quanto
2820 4972 3013 5026 graves
3057 4974 3279 5029 pugnm,
3313 4968 3466 5015 tanto

1883 5045 2131 5113 gloriosa:
2158 5044 2411 5101 victoriae.
2441 5045 2555 5101 Illic
2570 5061 2683 5116 quo
2730 5046 3057 5117 frequentius
3084 5064 3335 5104 accessus
3366 5051 3469 5102 lm-

1882 5136 2064 5205 stium,
2094 5150 2160 5190 eo
2186 5143 2242 5191 et
2268 5135 2585 5192 laudabilior
2614 5152 2870 5194 numerus
2900 5138 3291 5209 triumphorum
3323 5156 3336 5191 :
3372 5139 3463 5193 ubi

1882 5239 1989 5278 non
2012 5225 2185 5279 solum
2214 5239 2527 5294 magnorum
2556 5226 2662 5281 alta
2691 5228 2861 5283 virtus
2887 5229 3180 5295 extollitur,
3203 5230 3297 5285 sed
3318 5246 3468 5285 com-

1883 5315 2058 5369 munis
2078 5314 2317 5370 omnium
2341 5317 2629 5371 strenuitas
2650 5319 2782 5372 mira
2807 5320 3133 5375 fortitudinis
3155 5321 3467 5377 ostensione

1883 5412 2230 5459 monstratur.
2265 5403 2416 5460 Unde
2445 5412 2499 5460 et
2527 5408 2774 5476 sequitur
2804 5426 2817 5462 :

1953 5520 2139 5590 (Vers.
2175 5520 2295 5589 20:)
2320 5520 2388 5573 Et
2408 5539 2522 5577 ecce
2556 5540 2726 5578 versus
2772 5526 2944 5595 [uerat
2975 5525 3182 5596 gladius
3224 5527 3467 5578 uniuscu-

1871 5626 2058 5679 iusque
2087 5611 2156 5665 ad
2196 5613 2486 5684 proximum
2514 5630 2681 5684 suum,
2729 5616 2888 5688 312
2917 5624 2966 5671 et
3000 5615 3165 5673 (mdes
3195 5632 3384 5687 magna
3421 5615 3496 5669 ui-

1881 5703 1997 5755 mis.
