3962 6274
530 321 634 376 57Ῐί

1730 301 1972 362 SANCTI
2012 291 2336 355 GllliGUllll
2373 292 2587 349 MAGNI

3681 288 3774 347 376

600 435 687 487 '17.
719 430 847 499 Quis
875 438 955 486 est
983 426 1067 483 hic
1097 423 1323 497 gladius,
1350 422 1446 478 nisi
1472 417 1677 490 gladius
1698 416 1936 486 spiritus,
1966 410 2108 483 quod
2141 415 2181 471 Α
2212 406 2479 462 extol‘unt
2506 406 2701 473 iniquae
2729 401 3083 474 operationis.
3116 401 3214 458 Vel
3237 417 3359 457 curn
3388 400 3469 458 eis
3490 410 3643 468 sunt,
3671 420 3774 461 cum

527 533 611 579 est
636 521 855 576 verbum
882 518 1013 572 Dei?
1040 515 1139 581 Qui
1169 514 1313 569 enim
1351 506 1829 565 innumerabilibus
1880 504 2010 556 locis
2040 500 2105 554 ad

527 609 910 680 omnipotentis
941 607 1035 661 Dei
1063 604 1342 661 servitium
1363 598 1605 655 conversi
1628 603 1771 662 sunt,
1794 593 1919 663 quia
1944 591 2107 646 verbo

530 703 621 757 Dei
655 699 1079 771 inseparabiliter
1107 696 1395 759 inbatrent,
1427 692 1578 761 quasi
1603 690 1753 759 juxta
1782 702 1841 743 se
1869 684 2109 755 quisquis

526 795 761 863 gladium
790 798 957 847 tenet.
985 788 1205 844 Gladius
1234 802 1363 856 ergo
1392 781 1807 850 uniuscujusque
1833 776 1899 830 ad
1928 773 2108 845 proxi-

528 901 673 939 mum
699 883 946 949 vertitur,
973 878 1187 949 quando
1212 877 1267 932 hi
1295 876 1385 947 qui
1414 876 1468 930 in
1496 870 1837 928 monasteriis
1865 865 2110 923 conversi

528 982 684 1044 sunt,
715 981 770 1028 et
798 970 1030 1027 vicissim
1056 984 1116 1024 se
1144 967 1308 1023 verbo
1335 965 1430 1020 Dei
1469 960 1772 1033 perforant,
1797 968 1852 1014 et
1880 954 2110 1013 carnali-

530 1076 696 1121 tatem
729 1065 782 1118 in
821 1078 881 1118 se
938 1061 1155 1131 penitus
1207 1064 1421 1112 necant.
1462 1053 1619 1109 Velut
1667 1051 1810 1105 enim
1851 1049 2112 1102 alterutro

527 1160 751 1213 vulnere
792 1152 1190 1210 interficiuntur
1208 1193 1225 1216 ,
1255 1149 1381 1203 dum
1409 1148 1545 1201 alter
1567 1144 1792 1199 alterum
1826 1141 1994 1196 verbo
2017 1138 2111 1192 Dei

528 1249 789 1321 percutit,
820 1255 875 1301 et
903 1243 1161 1314 quidquid
1192 1242 1244 1295 in
1282 1254 1341 1294 se
1378 1236 1667 1294 carnaliter
1705 1232 1863 1297 vivit,
1912 1230 2113 1284 exstin-

528 1319 662 1411 guit.
694 1338 826 1405 Qui,
858 1337 982 1406 quia
1013 1347 1184 1401 nuper
1211 1327 1457 1385 conversi
1478 1369 1493 1393 ,
1521 1341 1551 1379 a
1580 1322 1806 1380 seculari
1835 1321 1944 1374 vita
1975 1319 2113 1374 ceci-

528 1409 747 1493 derant,
776 1424 1180 1479 Philistinorum
1219 1428 1346 1490 typo
1376 1416 1568 1486 signati
1598 1421 1742 1467 sunt.
1773 1411 1886 1480 Vel,
1906 1409 2113 1481 gladius

530 1519 750 1575 alterius
771 1516 838 1571 ad
874 1514 1180 1586 proximum
1212 1510 1469 1576 vertitur,
1508 1505 1723 1576 quando
1764 1518 1859 1573 per
1884 1516 2112 1557 conver-

529 1623 711 1666 surum
737 1604 1201 1667 exhortationem,
1232 1598 1469 1653 nondum
1511 1594 1760 1652 conversi
1800 1600 2115 1664 peccatores

529 1699 597 1754 ad
639 1696 923 1751 Dominum
968 1694 1385 1753 convertuntur;
1426 1686 1645 1756 quando
1693 1698 1800 1738 non
1840 1682 2014 1738 solum
2058 1681 2113 1735 hi

530 1790 623 1860 qui
656 1794 907 1859 .praesuut
945 1784 1112 1839 verbo
1148 1778 1547 1852 praedicationis
1582 1775 1717 1830 alios
1755 1773 2112 1836 lucrifaciunt,

531 1878 627 1934 sed
665 1874 950 1932 multitudo
984 1872 1320 1928 subditorum
1358 1872 1625 1939 quotquot
1666 1870 1894 1934 possunt
1940 1860 2121 1916 verbis

532 1977 587 2023 et
614 1967 873 2037 exemplis
907 1965 1201 2027 instruere,
1253 1968 1309 2015 et
1357 1958 1637 2030 praesentis
1682 1956 1805 2011 vitae
1841 1951 2122 2010 desideriis

533 2066 794 2113 conantur
814 2056 958 2110 velut
987 2053 1298 2109 interfectos
1324 2049 1645 2115 subducere,
1673 2054 1729 2101 et
1753 2055 1969 2101 ueterum
1999 2043 2121 2097 vitae

532 2148 684 2202 vivos
711 2145 983 2201 exhibere.
1016 2143 1142 2199 llaec
1168 2140 1383 2211 quidem
1406 2140 1553 2193 lucra
1581 2142 1983 2207 peremptorum
2006 2133 2118 2203 jam

536 2236 586 2289 in
618 2243 731 2290 tota
770 2234 1008 2291 Ecclesia
1053 2248 1152 2303 per
1187 2232 1371 2286 orbem
1409 2229 1721 2284 universum
1758 2224 1947 2281 diffusa
1983 2241 2119 2281 con-

534 2326 821 2394 spicimus,
865 2325 990 2395 quia
1021 2325 1326 2393 quicunque
1354 2335 1452 2389 per
1472 2319 1708 2374 divinam
1750 2317 1975 2386 gratiam
2006 2316 2117 2384 jam

539 2418 649 2472 Deo
681 2418 892 2476 vivunt,
933 2415 1151 2470 alternae
1177 2411 1455 2467 charitatis
1484 2423 1741 2463 mucrone
1769 2406 1895 2461 huic
1920 2406 2119 2461 mundo

539 2509 738 2564 mortui
764 2509 1032 2563 videntur.
1082 2504 1301 2559 Gladius
1349 2504 1550 2573 quippe
1590 2499 2009 2569 uniuscujusque
2054 2497 2121 2553 ad

539 2599 845 2670 proximum
879 2596 1139 2663 vertitur,
1180 2594 1304 2664 quia
1342 2607 1530 2648 omnes
1577 2590 1733 2646 electi
1765 2605 1823 2645 se
1852 2590 1906 2645 in
1936 2596 2120 2644 saneta

541 2687 778 2743 Ecclesia
812 2685 1048 2741 vicissim
1078 2684 1368 2748 roborant,
1405 2688 1460 2737 et
1486 2681 1555 2735 ad
1583 2681 1857 2736 caelestem
1892 2680 2121 2749 patriam

538 2779 718 2836 studio
769 2779 991 2850 alterna;
1033 2774 1429 2848 praedicationis
1477 2772 1831 2827 inflammant.
1876 2770 1943 2825 Et
1997 2771 2122 2840 quia

543 2870 944 2928 innumerabilis
970 2868 1195 2940 populus
1223 2864 1463 2935 quotidie
1492 2863 1603 2918 Deo
1633 2862 1950 2931 acquiritur,
1984 2861 2125 2916 bene

539 2964 650 3019 illic
676 2961 945 3017 subditum
990 2967 1074 3015 est
1104 2976 1116 3012 :
1152 2956 1221 3010 Et
1248 2955 1415 3011 credes
1453 2970 1641 3024 magna
1670 2953 1842 3006 nimis.
1874 2951 2123 3022 Magnum

538 3055 726 3123 utique
756 3053 913 3108 nimis
941 3052 1051 3116 est,
1095 3047 1241 3119 quod
1279 3048 1333 3101 in
1371 3044 1737 3115 magnitudine
1776 3051 1956 3114 potest
1989 3058 2125 3111 quo-

2212 504 2427 566 pcccata
2449 510 2542 549 sua
2572 495 2845 565 operando
2868 495 3187 564 perliciunt;
3211 511 3331 550 cum
3358 495 3437 550 eis
3459 510 3585 550 vero
3611 510 3777 552 ascen-

2209 590 2363 655 dunt,
2393 603 2515 642 cum
2540 588 2822 658 pravitatis
2849 602 2957 641 sue
2983 586 3230 656 exempla
3260 586 3381 641 aliis
3406 584 3655 640 imitanda
3678 603 3778 656 pro-

2213 678 2353 733 ferre
2398 693 2502 731 non
2552 684 2818 731 metuunt.
2849 675 2987 742 Quid
3036 684 3119 730 est
3155 689 3286 744 ergo
3329 674 3475 745 quod
3522 676 3778 730 revertiet

2212 782 2332 822 esse
2354 782 2471 821 eum
2502 766 2699 820 lsraele
2726 766 3005 831 dicuntur,
3045 766 3147 820 nisi
3178 765 3301 834 quia
3335 764 3474 819 tales
3498 764 3656 818 etiam
3677 764 3775 834 ple-

2212 872 2438 928 rumque
2470 856 2829 926 resipiscunt?
2857 856 3071 911 Reverti
3096 856 3239 910 enim
3271 855 3775 922 amoremreligiosa

2212 951 2334 1005 vita:
2373 963 2647 1004 resumere
2695 956 2797 1003 εει.
2847 947 2915 1002 Et
2953 963 3075 1003 cum
3118 947 3317 1002 lsraele
3351 961 3506 1013 esse,
3545 953 3625 1001 est
3660 947 3770 1001 intra

2213 1050 2451 1096 sanctam
2500 1038 2796 1094 Ecclesiam
2842 1039 2895 1093 in
2933 1038 3213 1093 charitatis
3245 1036 3457 1092 unitate
3496 1038 3775 1107 persistere.

2216 1130 2295 1184 Ad
2337 1130 2443 1184 hoc
2489 1130 2688 1199 quippe
2720 1144 2817 1183 rev
2854 1128 3136 1192 rtendum,
3173 1127 3334 1198 313
3373 1134 3434 1181 ut
3460 1141 3582 1182 cum
3607 1126 3778 1183 Israele

2215 1235 2334 1276 esse
2358 1228 2708 1290 proponatur,
2740 1218 2863 1287 quia
2896 1218 3039 1272 nulla
3066 1227 3147 1272 est
3168 1217 3454 1273 conversio
3484 1217 3777 1287 peccatoris,

2214 1311 2257 1377 si
2288 1324 2581 1365 conversus
2625 1308 3029 1378 perseverantia
3077 1316 3262 1363 careat
3302 1307 3433 1363 boui
3480 1307 3688 1377 operis,
3732 1316 3781 1361 et

2215 1407 2419 1463 unitate
2457 1404 2755 1459 charitatis.
2798 1402 3054 1473 Sequitur
3086 1420 3099 1455 :

2288 1495 2462 1569 (Vers.
2493 1495 2606 1565 22.)
2649 1495 2841 1548 Omnes
2871 1509 3069 1565 quoque
3095 1490 3370 1556 Israelitte,
3402 1492 3488 1562 qui
3512 1507 3567 1544 se
3583 1489 3785 1545 abscon-

2217 1592 2399 1644 derant
2440 1589 2492 1641 in
2539 1594 2711 1640 monte
2741 1584 3014 1653 Ephraim,
3056 1582 3333 1637 audientes
3377 1581 3512 1653 quod
3552 1582 3782 1652 fugissent

2218 1678 2525 1740 Philistiim,
2558 1674 2883 1729 sociaverant
2906 1690 2961 1728 se
2988 1689 3104 1727 cum
3130 1674 3237 1726 suis
3263 1673 3319 1725 in
3348 1670 3550 1740 prwlio.

2152 1784 2192 1842 Β
2289 1768 2378 1821 29.
2423 1766 2538 1821 Hoc
2579 1764 2796 1834 quidem
2827 1762 2986 1819 toties
3016 1761 3074 1817 fit
3125 1762 3337 1832 quoties
3372 1760 3642 1815 remotiori
3676 1760 3790 1815 vitro

2223 1858 2410 1926 dediti,
2441 1857 2507 1911 ad
2534 1853 2824 1927 quaerenda
2855 1854 3154 1908 animarum
3181 1854 3326 1907 lucra
3357 1851 3658 1920 intorquere
3679 1859 3787 1905 stu-

2221 1948 2366 2003 dium
2396 1946 2704 2014 dignantur.
2754 1942 2889 1996 Cum
2915 1942 3024 1998 suis
3062 1954 3298 2010 namque
3337 1954 3397 1994 se
3424 1938 3476 1992 in
3506 1938 3680 2008 praelio
3706 1954 3787 1993 so-

2220 2039 2382 2103 ciant,
2410 2052 2530 2093 cum
2560 2049 2687 2091 vera
2712 2041 2927 2089 aeterna:
2956 2033 3078 2086 vita:
3102 2029 3296 2100 gaudia
3326 2045 3449 2084 cum
3478 2038 3673 2083 saneta:
3698 2026 3789 2082 Ec-

2220 2126 2396 2183 clesite
2416 2124 2725 2180 doctoribus
2746 2122 3061 2193 prtedicant,
3085 2120 3396 2192 pariterque
3418 2133 3449 2171 a
3467 2126 3787 2187 peccatorum

2222 2218 2473 2275 cordibus
2502 2215 2764 2284 malignos
2805 2213 3024 2284 spiritus
3054 2211 3258 2281 fugant.
3311 2208 3418 2264 Sed
3459 2209 3783 2280 quaerendum

2222 2308 2381 2364 valde
2409 2315 2493 2364 est
2523 2305 2801 2377 quomodo
2831 2304 3073 2359 dicatur:
3107 2302 3382 2355 Audientes
3411 2300 3546 2373 quod
3563 2302 3792 2371 fugissent

2224 2399 2530 2453 Philistiim.
2568 2397 2832 2452 Prreclara
2864 2394 3081 2465 quidem
3110 2392 3333 2448 victoria
3365 2408 3474 2447 non
3501 2400 3583 2447 est
3600 2392 3790 2460 fugien-

2226 2500 2305 2545 tes
2345 2488 2583 2558 insequi,
2615 2487 2708 2542 sed
2740 2486 3055 2541 resistentes
3083 2483 3340 2552 elfugare.
3390 2482 3529 2549 Quid
3565 2490 3648 2539 .est
3676 2497 3791 2551 ergo

2223 2579 2367 2649 quod
2415 2579 2644 2634 dicitur:
2692 2576 2970 2631 Audientes
3016 2575 3153 2647 quod
3204 2576 3459 2646 fugissent
3507 2572 3790 2639 Philistiim,

2224 2674 2545 2727 sociaverant
2564 2687 2619 2725 se
2646 2686 2759 2724 cum
2785 2668 2891 2723 suis
2917 2669 2971 2722 in
2999 2667 3203 2738 prmlio,
3234 2666 3334 2733 nisi
3364 2664 3489 2734 quia
3520 2664 3601 2718 his
3624 2664 3789 2719 verbis

2224 2762 2465 2831 ejusdem
2504 2769 2725 2815 remote
2760 2759 2881 2812 vita:
2911 2756 3288 2813 convenientia
3316 2755 3466 2809 lucra
3497 2754 3791 2822 signantur!

2226 2851 2342 2907 Mos
2368 2864 2599 2920 namque
2626 2849 2840 2903 illorum
2868 2847 3104 2902 virorum
3146 2859 3267 2901 esse
3294 2844 3469 2911 solet,
3500 2855 3559 2897 ut
3586 2843 3791 2898 vet-bunt

2225 2944 2405 3015 potius
2435 2940 2836 2998 consulentibus
2863 2955 2923 2996 se
2951 2953 3113 3009 quam
3142 2937 3247 2995 sibi
3267 2936 3651 2993 obsistentibus
3679 2952 3792 3005 pro-

2228 3035 2425 3101 ferant,
2470 3032 2597 3102 quia
2635 3031 2735 3087 nisi
2775 3031 3029 3086 devotum
3069 3044 3165 3085 cor
3209 3027 3471 3083 auditoris
3499 3034 3792 3095 agnoscunt,

545 3118 914 3214 modocunque
967 3118 1237 3211 dignosci,
1282 3137 1377 3194 sed
1430 3135 1751 3193 excellentia
1815 3149 1923 3190 non
1979 3132 2122 3186 valet
2150 3141 2194 3203 ρ
2226 3127 2658 3200 prtedicationem
2686 3138 2837 3180 suam
2867 3122 3019 3194 quasi
3042 3122 3095 3177 in
3112 3134 3342 3176 vacuum
3365 3118 3795 3190 perituramemit-

540 3234 942 3306 Comprehendi.
975 3232 1054 3287 Ad
1075 3232 1213 3285 hanc
1238 3229 1452 3300 quidem
1474 3239 1719 3294 magnam
1746 3223 1905 3279 nimis
1924 3222 2122 3277 etedem

542 3325 729 3381 oculos
770 3322 1069 3387 extulerat,
1118 3321 1211 3389 qui
1256 3319 1472 3374 dicebat
1521 3333 1535 3370 :
1581 3316 1713 3369 Mihi
1757 3324 1925 3368 autem
1969 3314 2123 3367 nimis

541 3414 870 3484 Itanoriﬁcati
897 3420 1014 3465 sunt
1042 3411 1193 3464 amici
1224 3410 1333 3472 tui,
1375 3406 1546 3471 Deus,
1595 3406 1749 3459 nimis
1803 3406 2123 3476 confortatus

541 3513 618 3558 est
667 3503 988 3574 principatus
1042 3515 1250 3563 eorum;
1308 3494 1643 3550 dinumerabo
1697 3510 1813 3557 eas,
1865 3502 1913 3547 et
1975 3510 2128 3565 super

542 3611 758 3649 arenam
806 3590 1280 3663 multiplicabuntur
1326 3587 1509 3660 (Psal.
1560 3602 1820 3653 cxxxvut,
1861 3585 1988 3656 17).
2015 3585 2123 3641 Ρο-

542 3697 648 3743 test
689 3686 851 3743 etiam
880 3700 1072 3756 magna
1105 3684 1261 3739 nimis
1289 3681 1462 3738 credes
1496 3679 1717 3748 inttlligi
1740 3719 1758 3747 ,
1791 3692 1896 3733 non
1949 3676 2123 3733 solum

542 3785 603 3831 ut
625 3776 795 3840 multi,
817 3774 910 3832 sed
936 3776 1097 3830 etiam
1121 3782 1180 3829 ut
1198 3775 1337 3830 bene
1357 3774 1624 3829 interfecti
1647 3773 1946 3829 videantur.
1972 3770 2125 3839 Quod

543 3868 760 3939 quidem
810 3868 863 3924 in
908 3868 1264 3923 conversione
1311 3873 1654 3935 peccatorum
1703 3864 1820 3920 fieri
1863 3864 2121 3928 cernitur,

543 3977 668 4018 cum
696 3962 773 4017 sic
808 3961 1078 4031 praeterita
1117 3959 1408 4024 deserunt,
1450 3965 1511 4012 ut
1549 3955 1616 4011 ad
1656 3957 1842 4012 eadem
1888 3955 2123 4010 delecta-

542 4059 723 4106 menta
746 4065 1018 4119 nunquam
1046 4048 1383 4104 reviviscant.
1417 4045 1561 4101 Caedi
1600 4046 1786 4115 utique
1824 4043 2124 4115 peccatori-

544 4142 666 4205 bus,
697 4148 779 4195 est
804 4139 869 4193 ad
894 4148 1103 4206 tempus
1125 4152 1156 4191 a
1186 4136 1326 4204 turpi
1356 4136 1461 4190 vita
1480 4136 1740 4204 separari.
1765 4133 2127 4189 Vehementer

544 4244 706 4298 ergo,
736 4230 851 4284 sive
874 4228 1029 4282 nimis
1057 4225 1216 4293 cedi,
1244 4234 1329 4281 est
1367 4225 1681 4294 temporalis
1708 4224 1831 4279 vita:
1852 4224 2129 4280 illecebras

546 4321 785 4391 perfecte
812 4319 1083 4384 deserere,
1113 4326 1169 4374 et
1192 4316 1384 4372 futurze
1409 4316 1614 4387 gaudiis
1636 4316 1863 4371 inhiare.
1888 4316 2127 4385 Ipsorum

2226 3227 2342 3274 tere
2378 3216 2749 3285 dedignantur.
2802 3213 2957 3270 Prius
2988 3227 3117 3283 ergo
3141 3227 3305 3282 quam
3329 3226 3388 3266 se
3427 3212 3539 3267 suis
3557 3211 3610 3266 in
3632 3210 3798 3281 praelia

2227 3311 2454 3376 socient,
2505 3307 2810 3365 Pbilistros
2857 3305 3058 3375 fugisse
3100 3305 3361 3359 audiunt:
3395 3303 3519 3373 quia
3558 3318 3665 3358 non
3702 3311 3796 3356 tam

2228 3405 2472 3461 scelestis
2501 3400 2887 3459 convertendis
2913 3398 3221 3469 invigilant,
3253 3412 3416 3467 quam
3443 3396 3710 3451 conversis
3740 3394 3798 3448 ad

2228 3513 2297 3569 pe
2330 3494 2566 3551 fectioris
2597 3493 2721 3547 vita:
2746 3490 2958 3559 fastigia
2982 3488 3346 3545 sublevandis.
3374 3487 3495 3559 ipsa
3518 3496 3693 3543 autem
3716 3501 3798 3540 su-

2233 3586 2467 3644 blimitas
2499 3584 2620 3639 vitae
2661 3580 3030 3653 perfectioris,
3059 3579 3185 3649 quia
3213 3578 3429 3634 suaderi
3471 3590 3677 3645 magna:
3718 3589 3800 3631 ex-

2233 3657 2557 3735 ltortatinvis
2594 3672 2868 3729 laboribus
2908 3670 3066 3737 solet,
3114 3670 3207 3739 qui
3261 3668 3460 3736 fugisse
3516 3666 3799 3722 Philisttcos

2234 3768 2475 3830 audiunt,
2508 3762 2738 3835 praeliari
2768 3761 2962 3816 merito
2991 3759 3259 3815 dicuntur.
3296 3756 3489 3815 lIOStes
3516 3757 3695 3826 itaque
3721 3754 3797 3809 fu-

2234 3861 2405 3928 giunt,
2439 3855 2531 3910 sed
2555 3867 2728 3923 nuper
2757 3848 3056 3905 absconditi
3086 3848 3413 3919 prteliantur,
3444 3847 3569 3918 quia
3596 3854 3801 3902 remota:

2235 3955 2356 4009 vitae
2382 3950 2481 4006 viri
2525 3964 2633 4004 non
2661 3947 2949 4017 dignantur
2994 3942 3162 4014 loqui,
3213 3943 3315 3998 nisi
3363 3942 3572 3997 devotis
3615 3940 3802 3996 audito-

2224 4046 2389 4110 ribus,
2408 4042 2500 4097 sed
2521 4040 2803 4108 loquentes
2818 4037 2941 4091 vitae
2956 4051 3116 4105 quam
3133 4035 3231 4107 ipsi
3257 4041 3462 4099 tenent,
3480 4032 3799 4088 altitudinem

2224 4148 2417 4205 magna
2456 4130 2744 4187 verborum
2773 4134 2936 4197 atque
2972 4125 3343 4195 exemplorum
3372 4137 3551 4193 pugna
3580 4121 3796 4177 suadere

2222 4228 2313 4281 vix
2343 4228 2591 4294 possunt.
2642 4217 2709 4272 Et
2730 4217 2877 4287 quia
2905 4230 3096 4285 magna
3127 4216 3273 4270 lucra
3302 4212 3701 4282 praedicationis
3732 4211 3804 4265 iu-

2226 4318 2387 4385 lirmi,
2414 4325 2471 4372 et
2494 4313 2798 4386 imperfecti
2825 4311 3084 4383 colligere
3115 4326 3222 4365 non
3252 4317 3501 4379 possunt,
3534 4307 3799 4378 sequitur:

548 4429 705 4510 vero,
745 4412 836 4482 qui
882 4417 1298 4476 convertuntur,
1339 4409 1465 4479 quia
1507 4408 1672 4463 multa
1703 4408 1989 4463 diversitas
2026 4417 2125 4472 est,
2158 4448 2208 4510 υ
2301 4408 2478 4477 (Vers.
2504 4404 2619 4475 22.)
2658 4403 2828 4459 Erant
2849 4419 2964 4456 cum
2996 4402 3133 4457 Saul
3159 4401 3305 4473 quasi
3343 4402 3514 4454 decem
3544 4399 3705 4453 millia
3738 4397 3802 4450 ri-

541 4504 788 4574 sequitur
817 4520 831 4556 :

618 4594 797 4667 (Vers.
832 4591 946 4665 21.)
979 4592 1086 4647 Sed
1113 4601 1163 4646 et
1192 4591 1433 4657 Ilebrtei,
1476 4592 1560 4662 qui
1590 4592 1795 4661 fuerant
1822 4606 1936 4644 cum
1962 4590 2128 4643 Phili-

542 4684 681 4737 stiim
712 4684 819 4737 lteri
847 4690 896 4735 et
931 4682 1300 4735 nudiustertius
1319 4721 1334 4747 ,
1380 4680 1815 4751 ascenderantque
1843 4696 1957 4733 cum
1979 4680 2051 4732 eis
2074 4680 2127 4733 in

544 4775 757 4841 castris,
790 4774 975 4827 reversi
995 4780 1145 4838 sunt,
1176 4780 1231 4823 ut
1255 4778 1424 4825 essent
1451 4786 1565 4823 cum
1606 4768 1807 4837 Israel,
1840 4778 1890 4822 et
1935 4769 2013 4823 Itis
2042 4769 2126 4841 qu‘i

543 4873 693 4921 erant
722 4880 835 4915 cum
861 4861 992 4917 Saul
1020 4871 1069 4914 et
1092 4859 1347 4913 Jonatha.

614 4951 703 5005 28.
734 4950 835 5016 Qui
858 4958 983 5005 sunt
1011 4948 1247 5013 Hebraei,
1278 4947 1370 5017 qui
1412 4949 1625 5002 fuerant
1653 4962 1775 5001 cum
1820 4945 2124 5015 Pliilistmis,

545 5041 650 5096 nisi
688 5046 1003 5111 peccatores
1032 5053 1063 5092 a
1097 5037 1350 5108 religiosa
1395 5037 1807 5094 conversatione
1850 5037 2025 5106 lapsi?
2056 5039 2131 5092 De

546 5135 741 5205 quibus
772 5147 877 5187 non
904 5131 1057 5186 valde
1084 5146 1245 5202 supra
1271 5130 1475 5187 dictum
1503 5140 1587 5187 est
1618 5149 1631 5184 :
1666 5131 1875 5188 Ilebrtei
1905 5134 2129 5187 transie-

546 5234 667 5280 rmtl
688 5223 989 5280 Iordanem.
1016 5221 1223 5277 Πεδιηωί
1248 5223 1462 5293 quidem
1487 5225 1612 5278 sunt
1627 5223 1815 5280 ordine
1834 5224 2129 5293 religionis,

548 5317 643 5373 sed
672 5332 792 5372 cum
819 5314 1008 5370 Philist
1025 5332 1039 5365 r
1056 5313 1099 5370 is
1120 5321 1263 5379 sunt,
1294 5323 1489 5369 etcum
1521 5316 1598 5370 eis
1617 5314 1933 5382 ascendunt,
1959 5329 2126 5383 quan-

549 5412 638 5466 diu
666 5424 764 5479 per
807 5406 1178 5476 suggestiones
1209 5405 1398 5463 noxias
1424 5405 1747 5472 illuduutur,
1778 5413 1834 5459 et
1862 5405 1914 5459 in
1964 5420 2128 5475 prava

551 5498 865 5569 operatione
893 5495 1198 5566 proliciuut.
1227 5494 1362 5551 Cum
1391 5492 1635 5563 malignis
1671 5494 1888 5563 quidem
1932 5494 2131 5565 8μέτὶιί-

552 5590 652 5644 bus
678 5597 800 5643 sunt
826 5588 1103 5657 proposito
1128 5594 1184 5640 et
1206 5585 1484 5642 voluntate
1515 5587 1720 5655 peccati
1738 5628 1753 5654 ,
1784 5587 1877 5641 scd
1904 5602 2023 5644 cum
2054 5586 2133 5641 eis

556 5680 866 5748 ascendunt,
899 5679 1022 5748 quia
1052 5678 1179 5749 ipsis
1222 5677 1648 5749 impellentibus,
1685 5679 1736 5735 in
1766 5678 2040 5733 audaciam
2072 5692 2129 5734 se

2232 4513 2427 4553 rerum.

2302 4588 2420 4643 Non
2468 4586 2546 4640 ait
2592 4586 2781 4641 decem
2813 4584 3000 4650 millia,
3052 4582 3147 4639 sed
3195 4582 3347 4653 quasi
3396 4580 3586 4637 decem
3630 4577 3800 4635 millia.

2234 4676 2405 4747 Hujus
2428 4676 2661 4745 denique
2688 4674 2897 4730 numeri
2920 4674 3156 4743 perfecta
3178 4671 3438 4743 perfectio
3461 4671 3515 4725 in
3541 4677 3684 4725 terra
3710 4682 3803 4721 non

2234 4768 2522 4832 invenitur,
2546 4765 2643 4821 sed
2672 4765 2727 4820 in
2754 4763 2915 4821 coelo.
2942 4763 3079 4831 Quia
3116 4763 3260 4818 enim
3289 4776 3482 4817 novem
3512 4768 3642 4815 sunt
3668 4756 3803 4814 ordi-

2234 4872 2332 4913 nes
2368 4856 2708 4925 angelorum,
2741 4863 2794 4909 et
2822 4852 2892 4908 ad
2922 4853 3135 4908 illorum
3173 4852 3490 4907 societatem
3518 4851 3802 4906 electorum

2232 4949 2321 5004 illa
2369 4948 2646 5003 hominum
2694 4945 2982 5001 multitudo
3027 4944 3348 5009 sustollitur,
3410 4942 3602 4998 decem
3650 4939 3801 4995 millia

2231 5041 2469 5098 virorum
2514 5039 2604 5095 illa
2634 5046 2778 5105 sunt,
2816 5051 2935 5107 quas
2960 5037 3014 5091 in
3042 5036 3246 5092 sanctis
3278 5035 3505 5103 angelis,
3552 5042 3608 5089 et
3636 5030 3803 5087 electis

2233 5130 2537 5185 hominibus
2578 5130 2630 5182 in
2671 5128 2758 5182 illa
2796 5135 3011 5183 aeterne
3058 5125 3243 5194 glori-.e
3280 5125 3408 5179 sede
3452 5122 3799 5192 gratulantur.

2234 5220 2399 5288 Quasi
2437 5233 2565 5288 ergo
2605 5218 2795 5274 decem
2834 5218 3001 5272 millia
3038 5217 3275 5271 virorum
3306 5215 3394 5270 illa
3425 5221 3586 5280 sunt,
3616 5228 3729 5281 qua:
3755 5210 3800 5263 in

2236 5311 2390 5368 istius
2419 5308 2595 5364 adhuc
2615 5308 2795 5363 saeculi
2826 5308 3013 5363 exsilio
3038 5307 3211 5377 posita
3230 5346 3245 5371 ,
3276 5306 3418 5360 illius
3443 5306 3616 5359 beate
3640 5299 3799 5357 socie-

2235 5400 2358 5455 tatis
2383 5398 2608 5453 formam
2633 5397 2683 5452 in
2706 5397 2946 5452 moribus
2966 5404 3341 5467 susceperunt.
3366 5396 3501 5462 Quia
3525 5395 3652 5448 item
3672 5389 3800 5447 illius

2233 5504 2477 5561 superna:
2501 5490 2622 5543 vitae
2644 5502 2828 5544 amore
2857 5497 3207 5556 peccatorum
3238 5487 3473 5542 tenebne
3498 5482 3798 5550 relinquun-

2235 5594 2340 5650 tur,
2363 5587 2606 5654 sequitur
2632 5602 2645 5639 :

2309 5677 2481 5748 (V.rs.
2516 5677 2629 5747 95.)
2668 5676 2738 5733 Et
2783 5675 2999 5747 suleavit
3025 5673 3276 5729 Dominus
3303 5692 3353 5727 ut
3390 5669 3468 5725 die
3498 5668 3587 5722 illa
3620 5659 3793 5723 Israel.
