3962 6270
153 288 248 340 577
965 283 1029 339 IN
1069 255 1337 340 PRIMUM
1378 283 1612 340 REGl'bl
1655 283 2166 342 EXFOSITIONES.
2207 317 2276 327 —
2315 253 2443 342 LIB.
2489 285 2550 343 V.
3305 289 3410 346 573

132 436 139 482 ,
211 397 609 470 Contemplatio
631 398 845 468 quidem
869 398 1093 453 internae
1119 398 1254 453 lucis
1273 376 1548 469 splendida
1572 396 1726 452 valde
1754 403 1803 460 Α
1831 413 1992 453 omne
2031 399 2176 468 quad
2201 399 2577 467 blandiuntur,
2609 413 2702 455 eas
2730 399 2936 455 animas
2961 401 3151 470 quibus
3176 401 3412 459 delecta-

148 505 299 562 ntque
327 491 624 546 clarissima
650 489 766 546 dies
786 498 901 554 est,
936 489 991 543 in
1028 505 1134 558 qua
1173 488 1432 542 Dominus
1468 486 1721 542 Israelem
1829 488 2010 543 biliter
2038 489 2238 554 lavent,
2270 490 2500 560 perdere
2529 499 2811 547 conantur.
2843 490 2980 557 Quid
3001 499 3085 546 est
3113 507 3242 560 ergo
3267 496 3411 562 quod

148 585 331 647 salvat,
381 582 507 651 quia
551 596 784 651 quorum
835 579 1008 636 corda
1041 579 1161 634 luce
1208 579 1378 633 intimi
1419 577 1724 647 splendoris

150 673 383 740 irradial,
412 672 469 726 in
491 669 1172 740 celsitudinemperpetue
1197 668 1384 724 salutis
1413 667 1576 722 levat.
1607 666 1729 722 Sal-

149 777 266 817 vare
310 761 512 831 quippe
554 759 609 814 in
656 759 743 815 die
785 759 876 814 illa
925 759 1183 814 Dominus
1227 759 1440 824 dicitur,
1490 757 1616 825 quia
1655 756 1724 811 ad

147 863 353 910 eterna:
381 853 507 907 vitae
534 866 776 907 amorem
809 866 968 908 nemo
998 850 1359 917 succenditur,
1400 850 1486 906 cui
1525 850 1727 905 intima:

149 942 272 999 lucis
312 941 572 1012 splendor
598 941 920 996 occultatur.
969 940 1050 995 Ad
1089 942 1231 996 hanc
1273 941 1460 995 salutis
1500 941 1726 1011 gratiam

153 1049 248 1087 non
284 1032 460 1086 solum
488 1031 694 1098 electa,
726 1031 823 1086 sed
859 1031 1024 1085 etiam
1053 1029 1308 1100 despecta
1336 1045 1456 1099 qua:
1481 1030 1730 1085 videntur

153 1122 324 1185 mundi
354 1120 694 1192 perveniunt.
726 1119 880 1175 Unde
908 1129 964 1175 et
985 1120 1229 1176 subditur
1254 1139 1268 1176 .-

216 1212 393 1283 (Vers.
426 1211 546 1280 25.)
592 1210 780 1282 Pugna
809 1219 980 1265 autem
1009 1213 1234 1282 pervenit
1263 1228 1421 1282 usque
1450 1211 1730 1266 Bethaven.

213 1303 301 1358 30.
345 1302 620 1356 Bethaven
648 1301 843 1356 dicitur
865 1301 1058 1356 domus
1089 1301 1312 1357 inutilis.
1357 1301 1506 1358 llanc
1531 1301 1733 1372 quippe

154 1393 388 1450 inutilem
436 1389 696 1446 Dominus
745 1391 799 1445 in
845 1391 1120 1460 parabolis
1169 1391 1493 1455 ostendens,
1546 1406 1729 1461 regem

153 1498 299 1543 servo
337 1481 391 1535 in
421 1479 620 1547 nuptiis
649 1489 677 1518 κ
720 1481 1120 1550 praecipientem
1151 1479 1458 1545 introducit,
1502 1481 1728 1536 dicens:

153 1573 251 1627 Exi
279 1576 377 1626 cito
400 1573 452 1625 in
475 1571 677 1640 plateas
700 1579 755 1643 et
783 1571 837 1624 in
864 1573 999 1625 vicos
1025 1572 1276 1636 civitatis,
1301 1580 1350 1625 et
1377 1587 1628 1642 pauperes
1667 1586 1729 1624 ac

1828 579 2089 650 populum
2131 579 2374 649 adjurat,
2422 596 2490 637 ne
2521 596 2686 652 usque
2714 581 2780 636 ad
2810 596 3091 651 vesperum
3140 582 3412 648 comedat,

1828 669 2005 725 donec
2044 669 2112 724 de
2139 670 2369 726 inimicis
2395 673 2507 726 suis
2534 672 2792 726 ultionem
2823 672 3036 726 sumat?
3087 670 3191 726 Sed
3223 681 3416 726 notan-

1829 759 1956 815 dum
1978 761 2101 830 quia
2125 759 2236 830 jam
2261 761 2484 818 devictis
2513 762 2757 817 hostibus
2775 762 2877 816 ista
2912 763 3038 832 loqu
3061 762 3251 817 batur.
3277 764 3415 830 Quid

1832 867 1960 907 vero
1988 860 2072 907 est
2095 853 2381 911 comedere
2401 854 2716 920 victoribus,
2743 853 2844 908 nisi
2873 853 2940 907 de
2961 862 3180 923 peracto
3203 855 3418 910 virtutis

1834 957 1999 1012 Opere
2027 943 2176 1000 cibos
2206 958 2355 998 vana:
2376 944 2549 1000 laud’s
2575 945 2906 1000 delectanter
2926 945 3212 1014 excipere?
3257 945 3422 1000 Male-

1833 1035 2021 1098 dictus,
2073 1034 2264 1104 inquit,
2297 1037 2493 1100 omnis,
2525 1038 2611 1106 qui
2650 1045 2772 1090 ante
2812 1053 3076 1105 vesperum
3118 1037 3417 1104 comederit,

1834 1125 1960 1192 quia
1989 1125 2077 1195 qui
2104 1126 2264 1180 modo
2303 1142 2470 1182 vanas
2510 1127 2695 1182 laudes
2735 1137 3012 1196 gratanter
3036 1130 3267 1201 excipit,
3295 1138 3423 1186 tunc

1836 1223 2067 1270 aeternas
2087 1214 2360 1273 Creatoris
2381 1217 2569 1273 laudes
2597 1219 2812 1272 amittit.
2851 1218 3141 1288 Adjuratur
3171 1234 3301 1290 ergo
3326 1237 3423 1290 po-

1833 1305 1991 1374 pulus
2018 1318 2085 1360 ne
2107 1307 2376 1371 comedat,
2401 1307 2527 1375 quia
2554 1307 2834 1362 doctorum
2861 1316 3130 1378 prmcepto
3151 1311 3420 1392 constrin-

1835 1396 1996 1464 gitur,
2026 1404 2088 1450 ut
2119 1395 2187 1452 de
2209 1397 2353 1452 bono
2381 1413 2545 1467 opere
2571 1397 2804 1452 inaniter
2832 1414 3101 1467 nunquam
3133 1399 3416 1468 glorietur.

1833 1486 2015 1541 Fortia
2038 1487 2177 1542 bene
2203 1489 2433 1544 vivendo
2456 1497 2598 1559 agat.
2633 1489 2728 1546 sed
2752 1489 2988 1558 quandiu
3011 1489 3225 1557 vixerit,
3251 1505 3418 1561 appe-

1832 1584 1948 1632 tere
1987 1577 2056 1633 de
2087 1578 2394 1634 fortitudine
2444 1579 2628 1635 laudes
2674 1587 2883 1646 caveat,
2931 1587 2991 1634 ut
3037 1579 3240 1634 laudari
3285 1590 3417 1651 post

155 1663 352 1726 debiles,
384 1677 547 1716 ctecos
575 1677 638 1714 ac
659 1659 873 1714 claudos
901 1660 1139 1714 introduc
1163 1660 1259 1713 huc
1282 1658 1435 1730 (Luc.
1471 1675 1579 1725 xw,
1609 1659 1722 1730 2|).

1840 1677 2061 1722 mortem
2086 1670 2416 1725 seternaliter
2445 1687 2552 1725 non
2582 1671 2808 1725 amittat.
2839 1669 2941 1736 Qui
2971 1669 3114 1724 enim
3143 1678 3268 1725 ante
3300 1687 3418 1726 ves-

157 1757 414 1826 Pauperes
460 1753 678 1824 quidem
709 1760 862 1818 sunt,
908 1752 1006 1821 qui
1034 1753 1182 1807 verbi
1230 1752 1320 1807 Dei
1363 1754 1644 1807 thesauros
1674 1751 1728 1805 in

157 1845 312 1901 corde
353 1860 453 1901 suo
496 1843 662 1915 315
706 1842 929 1899 minime
973 1840 1293 1897 recondunt.
1342 1840 1556 1896 Debiles
1598 1855 1728 1896 vero

157 1943 290 1997 sunt,
319 1933 407 2002 qui
435 1932 680 1986 laborare
699 1931 831 1987 satis
857 1945 957 2002 pro
978 1939 1179 1986 aeterna
1206 1931 1314 1986 vita
1341 1946 1450 1985 non
1480 1938 1726 2000 possunt.

157 2023 291 2086 Caeci
315 2039 440 2078 vero
464 2021 645 2076 idiota:
672 2035 738 2076 ac
762 2020 1034 2090 simplices
1061 2020 1426 2088 designantur,
1449 2019 1574 2089 quia
1600 2019 1728 2073 dum

159 2115 385 2171 cmlestia
416 2128 755 2184 nequaquam
797 2113 1016 2181 vident,
1048 2111 1252 2166 lumine
1289 2111 1482 2166 mentis
1521 2117 1729 2165 carent.

160 2206 333 2262 Claudi
372 2222 500 2262 vero
526 2214 652 2260 sunt
670 2243 684 2269 ,
714 2203 805 2273 qui
835 2217 1075 2273 gressum
1112 2201 1242 2256 boni
1271 2200 1448 2271 operis
1479 2199 1730 2270 perdide-

163 2307 292 2353 runt.
315 2297 437 2364 Sed,
473 2296 660 2368 Pugna
691 2297 920 2366 pervenit
940 2310 1099 2365 usque
1124 2293 1406 2360 Betltaven,
1434 2290 1558 2362 quia
1587 2304 1732 2359 szrpe

163 2389 360 2443 inutiles
386 2403 632 2457 person-1:
662 2387 788 2440 dum
830 2385 1095 2440 sermonis
1128 2383 1223 2438 Dei
1245 2383 1387 2438 bello
1420 2382 1728 2452 capiuntur,

165 2480 211 2533 in
235 2478 345 2547 ejus
372 2478 602 2533 redacta:
625 2477 903 2532 servitium
933 2477 1092 2531 utiles
1124 2473 1276 2530 ﬁunt.
1307 2473 1584 2543 Pugnatur
1611 2473 1732 2544 qui-

166 2569 273 2624 dem
300 2584 416 2625 cum
439 2584 470 2624 c
486 2569 595 2625 ccis
624 2579 684 2623 ut
703 2569 939 2632 videant,
963 2584 1085 2624 cum
1106 2567 1312 2623 claudis
1336 2575 1394 2622 ut
1414 2566 1726 2629 subsistant,

168 2674 272 2712 cum
301 2658 620 2727 pauperibus
647 2666 707 2713 ut
735 2674 945 2712 morum
974 2659 1257 2713 thesauros
1287 2657 1574 2727 accipiant,
1607 2671 1730 2712 cum

171 2748 414 2803 debilibus
441 2755 501 2802 ut
528 2748 596 2802 ad
628 2750 793 2804 robur
819 2749 947 2805 boni
974 2749 1152 2820 operis
1183 2749 1582 2805 convalescant.
1631 2747 1732 2804 Us-

119 2889 141 2914 ,
173 2853 262 2905 qse
300 2853 425 2909 ergo
473 2838 745 2894 Bethaven
795 2855 969 2910 pugna
1013 2839 1343 2908 perducitur,
1391 2839 1608 2909 quando
1655 2839 1732 2894 illi

176 2916 460 2983 sanctorum
487 2929 867 2998 prndicatione
886 2931 1190 2998 capiuntur,
1214 2929 1304 2998 qui
1328 2929 1612 2983 utilitatem
1641 2929 1735 2984 ali-

175 3017 244 3070 cui
287 3018 643 3074 necessariam
683 3019 885 3075 habere
909 3019 1108 3074 nullam
1140 3019 1472 3075 videbantur.
1499 3018 1651 3075 Unde
1678 3027 1734 3076 et

176 3107 392 3162 subditur
417 3123 432 3162 :

234 3199 401 3271 (γει-ε.
445 3199 560 3270 2i.)
602 3199 672 3255 Et
700 3202 867 3257 omnis
897 3202 970 3256 vir
1001 3199 1171 3256 Israel
1188 3203 1416 3257 sociatus
1442 3209 1518 3258 est
1546 3201 1645 3256 sibi
1678 3203 1733 3257 in

177 3291 244 3343 die
270 3291 374 3345 illa.

233 3379 315 3434 5|.
351 3380 535 3437 Omnis
580 3381 796 3452 quidem
845 3383 928 3438 vir
973 3383 1312 3453 praedicatori
1367 3385 1730 3454 conjungitur,

176 3471 368 3540 quando
392 3471 631 3528 conditio
660 3472 937 3528 hominum
967 3473 1111 3528 nulla
1145 3474 1498 3545 relinquitur,
1529 3489 1596 3530 ex
1627 3490 1734 3546 qua

178 3563 400 3616 conversi
441 3562 505 3616 ad
547 3562 746 3618 bonam
778 3564 1244 3621 conversationem
1289 3564 1509 3620 minime
1535 3564 1734 3635 perdu-

177 3659 363 3704 cantur.
407 3651 513 3706 Sed
556 3652 648 3721 qui
677 3651 806 3708 Saul
841 3653 1116 3708 sociantur
1145 3643 1244 3707 viri
1273 3653 1400 3708 dicti
1430 3661 1579 3722 sunt,
1607 3655 1732 3723 quia

177 3745 552 3816 qualescunque
579 3747 634 3802 in
673 3748 872 3804 saeculo
901 3763 1113 3812 sumus,
1146 3748 1200 3802 in
1229 3747 1323 3803 Dei
1351 3747 1736 3820 omnipotentis

176 3835 372 3889 servitio
399 3852 519 3892 esse
539 3835 708 3919 fortes
732 3837 1106 3895 admonemur.
1131 3837 1363 3893 Nisi-viri
1385 3839 1581 3893 etenim
1603 3853 1736 3908 prae-

179 3926 480 3984 dicatoribus
509 3945 849 4000 nequaquam
878 3932 1180 3997 sociantur,
1212 3931 1336 4001 quia
1363 3946 1485 3986 cum
1517 3931 1594 3987 cis
1623 3947 1733 3987 non

179 4021 504 4087 conveniunt,
537 4022 638 4077 nisi
667 4023 827 4077 fortia
854 4023 955 4093 ipsi
982 4031 1174 4092 agant,
1207 4039 1328 4092 qua:
1369 4022 1444 4076 illi
1490 4021 1734 4078 docendo

179 4106 388 4164 laudant.
418 4109 524 4166 Sed
553 4110 664 4180 jam
694 4112 917 4168 devictis
945 4113 1211 4179 hostibus,
1239 4112 1350 4181 jam
1372 4112 1475 4167 sibi
1506 4112 1735 4167 fortibus

179 4199 467 4268 conjunctis,
494 4202 622 4272 quid
645 4218 739 4259 rex
762 4211 906 4274 agat,
936 4210 1141 4259 attente
1162 4200 1605 4259 considerandum
1627 4210 1730 4257 est.

180 4289 404 4360 SeQnitur
431 4310 446 4346 :

239 4381 398 4450 (Vers.
443 4383 558 4450 24.)
611 4384 679 4439 Et
727 4387 988 4458 adjuravit
1035 4387 1167 4443 Saul
1205 4391 1474 4459 populum,
1521 4388 1733 4443 dicens:

169 4470 457 4543 Διΐαιιιιίίιτυε
480 4478 554 4531 vir
581 4478 668 4548 qui
693 4479 966 4533 comederit
994 4497 1151 4550 usque
1178 4480 1250 4534 ad
1273 4496 1554 4549 vesperum,
1575 4479 1736 4534 donec

181 4563 375 4618 ulciscar
397 4567 460 4620 de
485 4569 715 4622 inimicis
745 4570 886 4622 meis.

239 4655 316 4709 32.
352 4656 550 4713 inimici
577 4660 980 4730 praedicatorum
1009 4661 1084 4716 illi
1113 4669 1256 4728 sunt,
1282 4661 1348 4715 de
1367 4661 1560 4730 quibus
1588 4659 1737 4716 Psal-

184 4747 316 4801 mista
344 4749 588 4804 obsecrat
609 4790 626 4816 ,
657 4751 874 4806 dicens:
927 4751 1087 4821 Eripe
1122 4769 1203 4806 me
1231 4752 1295 4806 de
1322 4752 1547 4806 inimicis
1577 4752 1730 4815 meis,

187 4835 302 4892 Deus
329 4856 482 4906 meus,
513 4852 564 4895 et
593 4841 657 4895 ab
677 4843 1063 4914 insurgentibus
1086 4845 1139 4898 in
1163 4861 1243 4897 me
1263 4843 1425 4899 libera
1449 4860 1531 4897 me
1561 4843 1734 4915 (Psal.

185 4943 320 4997 tvm,
351 4932 419 5002 l).
469 4933 674 5004 Inimici
704 4935 924 5004 quidem
951 4936 1260 4992 sanctorum
1291 4947 1440 4993 recte
1479 4938 1737 4992 immundi

184 5021 371 5089 spiritus
398 5025 677 5091 dicuntur,
725 5027 850 5096 quia
890 5028 1072 5084 mundi
1108 5027 1471 5082 blandimenta
1512 5042 1630 5096 qua:
1662 5027 1738 5082 illi

186 5123 462 5180 suggrrunt,
507 5115 764 5186 amplecti
794 5116 883 5172 isti
930 5131 1126 5186 magno
1172 5116 1352 5172 studio
1381 5116 1735 5172 detestantur.

187 5198 299 5256 Nam
324 5204 506 5272 quibus
531 5207 708 5262 adhuc
735 5207 936 5276 aliquid
966 5207 1034 5262 de
1063 5207 1282 5276 maligni
1311 5205 1532 5276 spiritus
1556 5206 1738 5276 consi-

190 5287 261 5342 liis
283 5293 462 5360 placet,
491 5294 612 5364 ejus
641 5297 827 5363 utiqne
854 5296 1101 5352 inimicus
1129 5310 1233 5350 non
1265 5303 1367 5360 est,
1410 5295 1532 5365 quia
1561 5294 1740 5351 odisse

191 5381 395 5437 nondum
424 5386 569 5440 novit
587 5424 603 5450 ,
633 5385 788 5454 cujus
813 5385 1176 5440 blandimenta
1204 5400 1312 5438 non
1349 5383 1576 5453 respuit.
1627 5381 1737 5436 lni-

195 5471 297 5525 mici
323 5475 473 5529 etiam
501 5485 814 5532 sanctorum
841 5477 1123 5542 dicuntur,
1155 5483 1214 5528 ut
1249 5489 1313 5528 ex
1341 5487 1498 5527 sacro
1521 5470 1738 5542 eloquio

200 5559 497 5630 detegantur.
545 5565 678 5620 Nam
723 5581 822 5636 per
867 5581 1028 5620 omne
1072 5564 1217 5632 quod
1273 5570 1583 5632 suggerunt,
1641 5578 1740 5632 per

185 5710 188 5712 ‘
262 5705 284 5734 ἰ
315 5697 562 5757 Gussanv.
595 5717 717 5757 cum
743 5700 939 5770 Vatic.,
967 5701 1369 5773 praecipiendum
1401 5697 1704 5754 introducit.

1758 2978 1807 3044 (Ξ

1833 1774 2024 1828 perum
2053 1758 2310 1829 populum
2351 1759 2674 1816 manducare
2711 1760 3012 1831 prohibuit,
3040 1759 3106 1814 ad
3138 1775 3421 1830 vesperum

1832 1849 2019 1918 utique
2035 1863 2156 1904 esse
2176 1847 2566 1904 comedendum
2583 1847 2871 1903 concessit.
2892 1845 2954 1900 Et
2977 1846 3099 1914 quia
3122 1845 3177 1901 in
3198 1862 3424 1915 vespere

1832 1937 1953 1994 linis
1981 1940 2090 1995 dici
2128 1948 2244 2003 est.
2279 1940 2334 1995 in
2376 1955 2661 2010 vesperum
2691 1938 2979 1995 comedunt
3019 1955 3106 2010 qut
3152 1939 3424 1994 abstinere

1832 2035 1960 2082 ante
2004 2043 2288 2098 vesperum
2335 2035 2584 2099 possunt,
2627 2027 2752 2097 quia
2787 2027 2878 2098 qui
2922 2026 3128 2081 laudari
3167 2027 3329 2082 modo
3356 2027 3425 2081 de

1837 2130 2031 2185 magna
2053 2117 2266 2173 actione
2292 2117 2552 2188 despicit,
2580 2133 2704 2172 cum
2735 2116 2802 2170 ad
2841 2117 2964 2171 vita:
3004 2114 3161 2172 linem
3188 2116 3422 2180 ducitur,

1837 2207 2056 2264 aztcrnis
2081 2208 2272 2278 dignus
2296 2209 2543 2264 laudibus
2571 2208 2858 2264 invenitur.
2889 2206 3004 2264 Hoc
3024 2216 3128 2276 est,
3159 2209 3298 2278 quod
3324 2208 3424 2263 Do-

1839 2295 2013 2352 minus
2049 2312 2108 2352 se
2137 2297 2383 2352 daturum
2419 2298 2606 2354 electis
2647 2298 2701 2351 in
2740 2296 3032 2365 Evangelio
3072 2298 3424 2368 repromitlit,

1845 2385 2031 2440 dicens
2057 2403 2071 2440 :
2108 2387 2268 2458 Euge,
2298 2404 2439 2442 serve
2459 2388 2589 2442 bone
2616 2397 2665 2441 et
2683 2387 2873 2458 ﬁdelis,
2902 2389 3023 2458 quia
3040 2389 3093 2441 in
3122 2405 3289 2458 pauca
3321 2390 3424 2460 [ui-

1836 2476 1904 2529 sti
1927 2476 2118 2545 ﬁdelis,
2149 2493 2305 2546 supra
2328 2477 2488 2530 multa
2509 2485 2558 2530 te
2580 2477 2909 2542 constituam,
2932 2477 3072 2529 intra
3094 2477 3148 2529 in
3174 2461 3425 2546 gaudium

1837 2566 2047 2620 Domini
2071 2567 2144 2619 tui
2169 2567 2384 2637 (Matth.
2409 2583 2535 2632 xxv,
2558 2564 2672 2638 25).
2700 2565 2836 2620 llinc
2864 2566 3057 2620 iterum
3081 2565 3146 2619 ad
3164 2565 3425 2634 judic‘utn

1834 2655 2072 2716 veniens.
2103 2655 2234 2710 dicit
2258 2673 2270 2708 :
2315 2653 2512 2722 Venite,
2541 2655 2792 2709 benedicti
2822 2654 3002 2708 Patris
3029 2655 3146 2721 mei,
3174 2655 3427 2725 aercipite

1834 2761 2069 2817 regnum,
2100 2746 2261 2818 315
2289 2748 2426 2817 quod
2452 2745 2589 2801 vobis
2619 2754 2860 2814 paratum
2889 2753 2967 2800 est
3002 2763 3034 2799 a
3063 2747 3427 2800 constitutione

1836 2837 2016 2891 mundi
2047 2835 2206 2908 (Ibid.
2233 2878 2247 2902 ,
2281 2836 2395 2906 δι).
2448 2835 2598 2893 Tunc
2626 2836 2844 2907 quidem
2873 2839 2940 2891 de
2969 2837 3199 2892 inimicis
3225 2836 3424 2892 nostris

1838 2927 2179 2997 ulciscimur,
2221 2928 2348 2996 quia
2378 2943 2568 2984 omnes
2602 2937 2728 2983 tunc
2773 2927 3053 2983 diabolica:
3096 2928 3425 2982 tentationes

1840 3026 2188 3084 evanescunt.
2219 3017 2354 3086 Quia
2383 3019 2525 3074 enim
2555 3019 2694 3073 ultra
2723 3017 3026 3072 daemonum
3055 3017 3261 3071 insidia:
3299 3026 3420 3071 lett-

1843 3109 2006 3166 tando
2055 3109 2188 3164 nihil
2235 3109 2453 3174 obsunt,
2503 3124 2624 3164 cum
2658 3123 2755 3178 per
2778 3123 2992 3163 carnem
3032 3107 3310 3172 morimur,
3360 3107 3428 3163 de

1827 3201 2074 3267 inimicis
2094 3200 2292 3256 nostris
2314 3199 2643 3266 ulci-cimur,
2664 3213 2800 3266 quos
2815 3197 2925 3268 jam
2945 3197 3094 3252 velut
3117 3198 3430 3254 interfectos

1842 3293 2059 3365 penitus
2083 3308 2189 3348 non
2219 3307 2497 3363 paventus.
2549 3289 2647 3346 Vel
2673 3304 2802 3360 ergo
2833 3303 3003 3359 usque
3034 3289 3101 3343 ad
3140 3304 3425 3360 vesperum

1842 3383 2230 3439 comestionem
2251 3381 2572 3447 diﬁ'erimus,
2593 3381 2638 3437 si
2661 3381 2832 3436 laudis
2857 3388 3055 3436 nostra:
3081 3381 3349 3451 praeconia
3375 3381 3427 3436 in

1843 3471 1949 3526 line
1966 3479 2196 3527 venturo
2221 3471 2388 3542 judici
2414 3486 2773 3527 reservemus.
2797 3469 2947 3525 Tunc
2967 3469 3182 3540 quidem
3211 3470 3428 3524 mandu-

1841 3561 2071 3616 candum
2119 3569 2224 3626 est,
2281 3561 2405 3631 quia
2434 3560 2527 3629 qui
2563 3559 2729 3629 judex
2759 3567 2890 3616 tunc
2928 3559 3097 3622 venit,
3126 3559 3288 3614 modo
3317 3559 3426 3614 dux

1843 3650 2014 3706 nostri
2036 3651 2308 3706 exercitus
2337 3649 2793 3705 commilitonibus
2821 3649 3170 3719 repromittit,
3199 3648 3385 3704 dicens
3409 3665 3423 3701 :

1842 3745 2027 3800 Faciet
2064 3745 2183 3799 illos
2214 3744 2558 3810 discumbere,
2589 3753 2637 3798 et
2669 3743 2925 3797 transiens
2955 3741 3270 3796 ministrabit
3314 3741 3424 3794 illis

1841 3831 1994 3905 (Luc.
2041 3849 2134 3900 xu,
2175 3833 2288 3903 37).
2343 3833 2493 3888 Tunc
2533 3833 2735 3902 quippe
2776 3831 3010 3887 victores
3059 3829 3424 3895 discumbunt,

1839 3925 1966 3995 quia
1995 3925 2220 3980 internae
2242 3925 2440 3994 quietis
2469 3924 2579 3978 alta
2609 3922 2742 3978 sede
2770 3922 2991 3992 recepti,
3023 3921 3273 3992 perennis
3300 3920 3423 3974 vitae

1838 4015 2087 4071 laudibus
2109 4015 2468 4083 delectantur,
2484 4014 2696 4084 quando
2713 4013 2844 4083 ipsis
2866 4012 3167 4068 tacentibus
3183 4011 3424 4066 omnium

1839 4107 2105 4161 bonorum
2133 4120 2357 4176 operum
2385 4094 2654 4174 praeconia
2684 4103 2996 4168 concinunt,
3027 4108 3082 4155 et
3109 4099 3266 4154 simul
3295 4113 3423 4170 pro-

1841 4201 2088 4258 feruntur
2113 4201 2180 4256 ad
2215 4201 2440 4271 gloriam
2471 4216 2590 4272 quae
2614 4199 2702 4257 hic
2731 4213 2923 4271 magna
2957 4199 3154 4256 virtute
3177 4198 3428 4254 fereban-

1771 4267 1816 4325 θ
1843 4302 1931 4351 tur
1958 4295 2025 4350 ad
2045 4267 2302 4365 pugnant.
2328 4267 2584 4363 Sequi-tur
2609 4311 2621 4348 :

1907 4386 2082 4458 (Vers.
2111 4384 2202 4456 ‘25,
2230 4385 2346 4456 26.)
2387 4383 2648 4456 Omneque
2676 4393 2828 4440 terra:
2853 4387 3032 4456 vulgus
3060 4385 3197 4438 venit
3227 4384 3282 4438 in
3310 4383 3420 4437 sal-

1843 4487 1967 4544 tum,
1991 4477 2163 4546 inquo
2190 4483 2301 4530 erat
2326 4476 2425 4530 mel
2453 4492 2606 4547 super
2633 4477 2820 4546 {aciem
2856 4475 2994 4543 agri.
3041 4472 3314 4544 Ingressus
3348 4480 3426 4526 est

1840 4568 2012 4638 itaque
2037 4565 2256 4634 populus
2284 4566 2493 4630 saltum,
2528 4574 2578 4620 et
2604 4566 2843 4636 apparuit
2874 4565 3040 4634 ﬂuens
3062 4565 3193 4630 mel,
3226 4563 3426 4617 nullus-

1839 4671 1935 4727 que
1956 4654 2203 4725 applicuit
2229 4670 2436 4708 manum
2459 4671 2608 4708 suam
2637 4653 2706 4706 ad
2732 4669 2788 4708 os
2819 4669 2985 4706 suum.

1913 4746 2001 4800 55.
2046 4746 2246 4815 Saltus,
2274 4749 2504 4804 silvosus
2524 4756 2687 4816 atque
2721 4747 2956 4803 clivosus
2977 4745 3129 4799 locus
3149 4750 3252 4799 est.
3303 4741 3424 4808 Quo

1843 4835 2092 4890 nimirum
2117 4837 2334 4892 nomine
2356 4843 2482 4907 apte
2510 4836 2673 4891 corda
2699 4832 3033 4890 sacularium
3055 4831 3422 4900 designantur,

1844 4930 1970 5000 quia
1999 4932 2125 4986 dum
2149 4939 2262 4986 tota
2287 4931 2588 4987 intentione
2617 4929 2761 4985 curis
2781 4924 3140 4982 exterioribus
3161 4923 3421 4988 serviunt,

1844 5024 1991 5079 velut
2016 5025 2214 5080 silvosa
2246 5025 2385 5094 loca,
2415 5024 2558 5079 culta
2585 5022 2653 5076 ad
2679 5022 2914 5077 fructum
2940 5017 3068 5073 boni
3089 5017 3268 5088 operis
3287 5030 3425 5085 prse-

1845 5114 2130 5172 dicationis
2167 5131 2386 5171 vomere
2414 5130 2523 5171 non
2551 5121 2696 5168 sunt.
2737 5109 2839 5177 Qui
2870 5124 3000 5164 vero
3028 5107 3216 5176 vulgus
3243 5104 3426 5178 [Forte

1844 5203 1944 5273 leg.
1991 5203 2157 5276 vulgi]
2201 5205 2419 5260 nomine
2444 5204 2547 5258 hoc
2576 5201 2699 5256 loco
2727 5202 3032 5269 signantur,
3061 5197 3160 5251 nisi
3187 5193 3426 5263 religiosi

1845 5293 1946 5347 viri
1972 5301 2028 5348 et
2054 5293 2360 5364 simplices?
2389 5293 2569 5348 Terra:
2593 5291 2810 5361 quidem
2831 5290 3020 5358 vulgus
3040 5287 3234 5342 dicitur
3257 5301 3270 5338 :
3295 5283 3421 5352 quia

1846 5385 1898 5440 in
1929 5385 2073 5440 bono
2102 5400 2268 5456 opere
2293 5385 2472 5455 magni
2499 5391 2644 5448 sunt,
2667 5381 2762 5438 sed
2789 5389 2964 5435 tamen
2997 5376 3254 5432 altissima
3277 5384 3421 5429 'cono

1847 5476 2190 5546 templatione
2218 5477 2395 5546 magni
2417 5492 2525 5532 non
2545 5481 2688 5529 sunt.
2713 5472 2929 5529 Nobiles
2949 5469 3161 5542 quidem
3183 5466 3420 5531 actione,

1844 5565 1938 5622 sed
1967 5566 2156 5636 vulgus
2185 5582 2516 5623 summorum
2547 5566 2782 5621 virorum
2812 5559 3234 5633 comparatione.
3285 5555 3422 5625 Quid
