3948 6274
570 282 680 336 379

1778 282 2025 340 smn
2067 280 2393 337 cncconu
2435 282 2647 340 unum
3729 294 3813 352 κο

569 414 698 467 ergo
736 406 818 455 est
846 398 989 467 quod
1019 399 1194 471 vulgus
1216 407 1383 453 (errato
1408 400 1541 454 uenit
1570 399 1624 452 in
1653 398 1866 462 saltum,
1902 397 2002 451 nisi
2032 398 2157 466 quia
2188 401 2234 457 Α
2262 402 2442 466 operis
2468 399 2593 454 vani
2614 401 2817 456 favoris
2845 406 3058 469 gustum
3091 402 3378 472 recipere?
3398 401 3514 458 Sed
3546 402 3664 474 quia
3691 421 3817 463 ntere

573 490 809 558 religiosi
839 496 894 543 et
922 489 1196 558 simplices
1225 490 1322 543 viri
1348 506 1443 560 per
1467 490 1712 559 exempla
1744 489 2007 544 bonorum
2034 504 2159 558 epe-

568 594 707 644 rum,
740 594 884 649 sarpe
913 580 980 634 ad
1010 580 1255 635 notitiam
1285 582 1618 637 saecularium
1640 581 2020 635 deducuntur?
2057 579 2155 635 Ubi

573 672 678 726 mel
711 673 764 726 in
796 686 926 741 agro
952 680 1206 743 apparet.
1238 673 1362 742 quia
1411 672 1478 727 de
1507 672 1757 741 exemplo
1799 672 1925 726 boni
1976 670 2155 737 operis

570 760 709 829 apud
738 761 1023 816 smculares
1055 762 1349 825 inveniunt,
1382 769 1437 816 et
1462 760 1768 816 devotionis
1796 759 2153 827 latitudinem,

570 860 626 905 et
646 851 876 905 fructum
902 851 1287 907 venerationis.
1317 852 1453 918 Quid
1480 853 1621 906 enim
1649 862 1731 906 est
1755 865 1884 920 ager
1910 852 1963 907 in
1992 852 2150 919 saltu,

566 940 668 994 nisi
698 939 915 993 devotio
946 940 998 993 in
1032 939 1233 995 inculto
1255 949 1310 996 et
1339 942 1694 1011 inexpurgato
1715 941 1880 997 corde
1920 958 1951 998 s
1972 942 2151 997 :‘cula-

566 1030 745 1083 rium?
791 1028 853 1082 Et
882 1029 1008 1096 quid
1040 1030 1146 1084 mel
1189 1046 1353 1100 super
1381 1031 1571 1086 faciem
1616 1030 1748 1099 agri,
1782 1031 1885 1085 nisi
1925 1031 2152 1087 dulcedo

564 1117 804 1171 favoris?
847 1117 947 1183 Qui
998 1118 1191 1173 merito
1220 1127 1341 1187 post
1371 1119 1669 1188 ingressum
1703 1120 1842 1189 vulgi
1890 1135 2153 1190 apparere

564 1206 775 1269 dicitur,
809 1206 933 1275 quia
979 1207 1228 1263 vilelicct
1271 1222 1462 1278 aspera
1502 1209 1838 1265 sacularium
1869 1210 2055 1278 corda,
2105 1210 2149 1265 si

563 1296 714 1365 prius
741 1295 1115 1364 religiosorum
1157 1297 1405 1365 exempla
1438 1314 1543 1352 non
1583 1297 1788 1361 vident,
1822 1313 1921 1354 nec
1964 1298 2147 1353 latitu-

563 1386 688 1439 dine
710 1386 1011 1441 devotionis
1037 1400 1096 1440 se
1125 1384 1300 1439 valent
1328 1387 1651 1452 distendere,
1677 1403 1778 1441 nec
1801 1388 1990 1443 aliente
2018 1403 2144 1442 sano

562 1476 765 1533 clitatis
792 1476 1017 1546 gloriam
1049 1478 1361 1547 pradicare.
1405 1477 1543 1533 Ante
1573 1479 1868 1548 ingressum
1907 1479 2143 1550 quidem,

563 1576 769 1623 tantum
800 1568 968 1624 saltus
996 1577 1097 1635 est,
1130 1584 1229 1624 nec
1257 1583 1445 1637 agrum
1473 1570 1656 1637 habet,
1688 1586 1789 1627 nec
1816 1569 1987 1626 fluens
2014 1571 2142 1626 mel.

2260 490 2553 545 electorum
2584 499 2802 560 peccat,
2834 506 2941 545 non
2971 490 3116 562 virga
3137 530 3152 557 ,
3176 492 3270 547 sed
3310 494 3653 548 extremitate
3680 495 3816 563 virga

2261 581 2366 633 mel
2395 580 2575 635 levare
2609 580 2821 636 dic'tur.
2870 580 3083 650 Virgam
3113 582 3314 652 quippe
3342 589 3394 636 et
3433 596 3649 636 manum
3682 584 3816 640 melle

2260 671 2313 740 pl
2350 686 2473 725 nam
2505 670 2572 724 ad
2602 686 2664 725 os
2692 680 3032 738 convertunt,
3058 672 3145 741 qui
3164 671 3321 741 juxta
3346 671 3594 727 veritatis
3619 686 3811 727 vocem:

2260 760 2451 814 Omnia
2486 778 2647 831 opera
2674 778 2768 816 sua
2792 763 3023 833 faciunt,
3050 761 3117 815 ub
3142 761 3205 815 ab
3256 761 3554 817 hominibus
3579 762 3812 817 uideantur

2260 851 2478 923 (Matth.
2502 868 2655 919 xxm,
2680 850 2757 920 5).
2787 852 2921 907 Dum
2942 853 3083 909 enim
3109 853 3219 909 suis
3242 853 3495 909 laudibus
3516 860 3812 922 saturantur,

2258 948 2365 1004 mel
2407 963 2514 1004 non
2561 948 2629 1002 ad
2678 956 2895 1003 tenuem
2935 957 3147 1017 gustum
3196 948 3399 1004 habent
3448 947 3502 1002 in
3539 947 3811 1004 summitate

2255 1040 2451 1108 virgae,
2481 1039 2577 1096 sed
2606 1038 2691 1095 vel
2721 1040 2774 1095 in
2802 1046 2915 1096 tota
2943 1041 3121 1109 virga,
3152 1041 3237 1096 vel
3267 1041 3323 1096 in
3351 1053 3518 1095 manu
3543 1039 3606 1093 ad
3628 1037 3811 1110 plenam

2257 1130 2628 1187 refectionem.
2673 1130 2833 1187 Tales
2861 1131 3046 1201 utique
3075 1140 3249 1198 erant,
3281 1131 3480 1202 quibus
3510 1130 3750 1187 Dominus
3769 1131 3809 1187 in

2252 1219 2539 1290 Evangelio
2569 1221 2881 1292 exprobrat,
2914 1222 3099 1278 dicens
3126 1240 3139 1277 :
3175 1220 3446 1286 Quomodo
3489 1223 3693 1292 poleelis
3716 1240 3811 1276 cre-

2255 1310 2404 1377 dere,
2435 1310 2654 1381 gloriam
2682 1311 2747 1366 ab
2776 1313 2990 1366 invicem
3027 1313 3367 1383 recipientes?
3414 1310 3596 1381 (Joau.
3633 1329 3689 1376 v,
3717 1311 3810 1382 μ.)

2254 1398 2392 1466 Quid
2428 1412 2557 1469 ergo
2596 1409 2675 1455 cst
2706 1400 2820 1457 haec
2852 1402 3012 1472 virgae
3052 1402 3399 1469 extremitas,
3442 1401 3547 1456 nisi
3581 1402 3698 1471 quia
3719 1402 3812 1472 ple-

2253 1506 2483 1560 rumque
2512 1499 2567 1547 et
2595 1492 2881 1555 Dominum
2910 1492 3210 1561 glorificare
3239 1492 3291 1548 in
3318 1509 3420 1548 suo
3441 1505 3608 1562 opere
3628 1490 3811 1561 quidem

2251 1581 2462 1648 volunt,
2510 1589 2568 1637 et
2610 1595 2871 1651 apparere
2909 1582 3007 1653 ipsi
3038 1582 3336 1640 laudabiles
3383 1597 3497 1637 non
3538 1581 3809 1651 refugiunt!

562 1660 692 1716 Ροει
732 1660 1031 1730 ingressum
1073 1675 1223 1725 vero,
1266 1670 1321 1716 et
1350 1661 1686 1717 latitudinem
1718 1664 1829 1731 agri
1878 1663 2057 1729 habet,
2092 1669 2148 1716 et
2179 1698 2225 1757 Β
2254 1671 2446 1727 Merito
2491 1674 2654 1743 igitur
2679 1690 2866 1730 vocem
2907 1676 3100 1746 patris,
3142 1690 3248 1745 qua
3288 1676 3551 1747 populum
3581 1676 3811 1745 adjuntit

567 1752 907 1808 dulcedinem
942 1753 1138 1821 mellis,
1169 1753 1295 1822 quia
1325 1770 1467 1824 sepe
1494 1755 1585 1824 qui
1615 1755 1872 1810 mundum
1902 1756 2145 1825 diligunt,

562 1852 873 1900 sanctorum
901 1845 1150 1914 exempla
1183 1845 1408 1900 ferventi
1432 1861 1620 1901 amore
1650 1846 1935 1916 rccipiunt,
1968 1858 2025 1901 ut
2051 1846 2150 1901 bo-

564 1951 690 1989 num
714 1936 859 2004 quod
890 1934 1092 2000 vident,
1118 1934 1217 1990 sibi
1249 1951 1357 1991 non
1380 1936 1553 1990 solum
1593 1938 1832 2005 placeat,
1863 1937 1958 1993 sed
1987 1939 2150 1993 etiam

561 2026 859 2095 praedicare
888 2026 1149 2081 attentius
1172 2027 1576 2096 concupiscant.
1606 2026 1721 2097 Ipsa
1746 2035 1923 2082 tamen
1944 2036 2155 2085 sancto-

564 2130 684 2170 rum
714 2115 823 2169 vita
865 2114 1131 2170 laudanda
1163 2124 1276 2182 est,
1306 2122 1361 2170 et
1407 2116 1523 2171 laus
1552 2118 1652 2171 ista
1682 2116 1750 2171 ab
1779 2118 1856 2172 eis
1877 2159 1891 2185 ,
1920 2134 2148 2188 quorum

561 2217 664 2271 est,
697 2221 795 2275 per
823 2221 1016 2260 vanam
1047 2207 1275 2275 gloriam
1307 2207 1609 2263 nullatenus
1636 2208 1917 2277 capienda.
1968 2207 2147 2263 Vidcri

561 2302 767 2349 tantum
794 2295 972 2361 debet,
1017 2297 1194 2366 excipi
1225 2311 1333 2351 non
1376 2297 1560 2366 debet,
1588 2306 1646 2352 ut
1670 2297 1955 2367 gloriﬁcari
1983 2299 2149 2353 Deum

557 2387 785 2456 quisque
816 2387 868 2439 in
896 2402 993 2441 suo
1029 2401 1193 2456 opere
1222 2388 1474 2456 gaudeat,
1498 2390 1591 2444 sed
1619 2390 1685 2445 de
1714 2390 1808 2445 Dei
1840 2391 2012 2459 gratia
2056 2406 2149 2446 ex-

556 2476 679 2530 tolli
709 2486 1039 2532 contemnat.
1088 2477 1241 2534 Unde
1270 2487 1326 2535 et
1355 2489 1513 2535 caute
1549 2495 1862 2550 expressum
1893 2490 1992 2548 est,
2023 2482 2145 2552 quia

558 2566 736 2620 tinens
765 2567 870 2621 mel
898 2582 1060 2634 super
1088 2567 1277 2624 faciem
1305 2571 1416 2639 agri
1442 2572 1707 2642 apparuit,
1736 2581 1792 2628 et
1832 2582 2009 2629 tamen
2033 2590 2147 2629 ma-

565 2671 692 2709 num
723 2671 843 2710 cum
872 2656 1030 2711 melle
1071 2657 1135 2711 ad
1166 2672 1228 2713 os
1273 2674 1432 2715 nemo
1474 2662 1748 2731 applicuit.
1799 2662 1901 2719 Mel
1928 2662 2144 2732 quidem

564 2743 700 2809 fluit,
722 2745 844 2813 quia
866 2744 1040 2800 dulcis
1060 2746 1198 2801 fama
1214 2757 1522 2804 sanctorum
1541 2749 1771 2806 dulciter
1792 2753 2152 2823 velociterque

563 2833 748 2888 currit.
780 2833 888 2888 Sed
918 2849 1110 2890 manus
1138 2835 1207 2890 ad
1237 2852 1299 2892 os
1320 2839 1497 2895 nullus
1525 2840 1706 2905 ducit,
1738 2841 1863 2909 quia
1891 2841 1960 2897 de
1986 2857 2152 2912 opere

563 2925 709 2979 bono
734 2924 1071 2980 dulcedinem
1100 2925 1273 2981 laudis
1301 2944 1408 2982 non
1439 2930 1654 2999 accipit.
1693 2929 1907 2985 Manum
1930 2931 2146 3001 quidem

561 3029 685 3068 cum
728 3014 890 3069 melle
938 3016 1004 3069 ad
1050 3030 1112 3070 os
1153 3015 1427 3085 applicare
1466 3028 1548 3073 est
1594 3018 1810 3074 laudem
1858 3021 2038 3090 operis
2066 3021 2149 3076 sui

559 3115 835 3174 g-atanter
875 3107 1143 3178 accipere.
1201 3107 1461 3163 D.:currat
1489 3124 1618 3179 ergo
1645 3110 1773 3176 mel,
1805 3119 1862 3166 et
1892 3125 2052 3167 nemo
2081 3112 2149 3166 ad

560 3214 622 3251 os
651 3213 867 3251 manum
890 3198 1143 3267 applicet,
1169 3206 1230 3253 ut
1255 3206 1561 3255 sanctorum
1585 3199 1726 3255 fama
1750 3201 1978 3257 dulciter
1999 3200 2149 3271 fluat,

562 3295 617 3339 et
647 3286 793 3353 ipsos
820 3300 848 3338 a
874 3286 1071 3354 quibus
1093 3286 1280 3341 deﬂuit
1312 3302 1418 3341 non
1448 3289 1691 3343 extollat.
1721 3288 1900 3354 Fluat,
1932 3280 1993 3345 ut
2017 3289 2152 3346 alios

562 3376 746 3445 saliet,
775 3375 871 3430 sed
902 3391 1008 3431 non
1036 3385 1298 3445 sumatur,
1325 3392 1394 3433 ne
1422 3387 1650 3434 mortem
1678 3381 1949 3451 propinet.
1998 3381 2151 3439 Unde

563 3477 619 3520 et
640 3468 888 3523 subditur
912 3485 926 3520 :

635 3555 809 3627 (Vers.
834 3555 951 3625 26.)
994 3556 1224 3611 Timebat
1243 3559 1379 3612 enim
1401 3559 1615 3631 populus
1630 3561 2005 3632 jurameutum.

632 3650 793 3719 316
812 3647 1186 3705 Juramentum
1219 3650 1359 3719 regis
1382 3660 1463 3705 est
1492 3669 1505 3704 :
1541 3648 1725 3706 Omnis
1745 3654 1831 3725 qui
1860 3671 1914 3707 se
1934 3655 2150 3723 exaltat,

2253 1760 2510 1818 Jonathas
2535 1779 2641 1818 non
2664 1764 2879 1822 audisse
2906 1764 3121 1833 dicitur,
3146 1766 3271 1836 quia
3293 1766 3413 1833 Dei,
3439 1767 3551 1822 sive
3574 1766 3681 1837 ejus
3698 1784 3809 1837 pra:-

2253 1852 2510 1907 d'catoris
2538 1853 2704 1908 verba
2734 1870 2840 1909 non
2872 1854 3042 1921 audit,
3093 1855 3186 1925 qui
3228 1870 3291 1911 ea
3334 1855 3564 1925 implere
3602 1856 3807 1926 negligit.

2254 1942 2392 2010 Quid
2419 1958 2550 1998 vero
2578 1952 2691 2011 est,
2722 1946 2871 2014 quod
2905 1960 2973 2001 ex
3012 1957 3172 2016 gustu
3200 1947 3377 2003 mellis
3410 1946 3685 2002 illumina’ti
3706 1958 3809 2003 sunt

2254 2033 2396 2089 oculi
2421 2033 2688 2102 Jonathm,
2722 2035 2823 2091 nisi
2847 2038 2971 2107 quia
2999 2038 3090 2107 qui
3117 2038 3241 2093 vani
3271 2037 3475 2095 favoris
3501 2053 3675 2093 auram
3699 2041 3809 2094 reci-

2254 2124 2428 2192 piunt,
2458 2140 2525 2179 ex
2562 2128 2752 2180 eodem
2779 2126 2846 2182 ad
2871 2130 3080 2197 agenda
3114 2129 3277 2185 fortia
3307 2131 3672 2187 roborantur?
3712 2128 3807 2188 lloc

2252 2213 2468 2281 quidem
2491 2214 2612 2269 loco
2636 2230 2743 2270 non
2766 2216 3014 2272 dicuntur
3034 2220 3209 2289 aperti
3227 2221 3392 2287 oculi,
3422 2230 3481 2277 ut
3502 2218 3807 2281 clausil'uisse

2250 2304 2572 2369 sentiantur,
2619 2307 2713 2362 sed
2744 2316 2803 2362 ut
2826 2319 3079 2379 reparato
3108 2311 3292 2381 vigore
3322 2317 3595 2385 corporis,
3641 2320 3702 2377 ad
3743 2321 3803 2376 vi-

2251 2396 2459 2454 dendos
2489 2398 2884 2470 intelligantur,
2912 2409 2967 2458 et
2995 2402 3063 2459 ad
3092 2405 3518 2473 exstinguendos
3544 2409 3710 2469 hostes
3734 2430 3801 2468 re-

2252 2489 2443 2559 parati.
2477 2488 2632 2556 Quod
2661 2492 2911 2547 nimirum
2935 2494 3092 2550 elatis
3113 2496 3334 2552 omnino
3356 2500 3626 2565 convenit,
3654 2504 3732 2571 qui
3748 2518 3801 2559 ex

2254 2596 2322 2636 eo
2349 2582 2554 2651 majora
2584 2591 2639 2638 et
2666 2583 2822 2639 fort’a
2855 2585 3053 2653 agunt,
3086 2600 3191 2655 quo
3221 2587 3514 2644 laudabilia
3550 2606 3701 2660 opera
3728 2608 3801 2646 sua

2255 2671 2434 2729 eﬂerri
2463 2675 2820 2745 conspiciunt.
2864 2675 2972 2731 Sed
3008 2692 3153 2747 saepe
3183 2679 3359 2735 minor
3402 2681 3523 2737 zelo
3565 2682 3803 2739 charitalis

2254 2766 2599 2833 accenditur,
2633 2768 2725 2837 qui
2758 2768 3133 2840 delinquentes
3168 2786 3396 2842 magnos
3428 2775 3572 2831 viros
3597 2776 3658 2831 ad
3684 2776 3800 2832 Scri-

2254 2865 2530 2939 pturarum
2561 2859 2877 2915 memoriam
2906 2860 3165 2919 reducere
3190 2873 3447 2922 conatur.
3488 2865 3634 2923 Unde
3659 2876 3708 2924 et
3730 2882 3798 2924 sc-

2253 2952 2471 3020 quhur:

2324 3042 2503 3112 (Vers.
2550 3042 2667 3113 28.)
2710 3043 3145 3119 Respondensque
3188 3065 3321 3105 unus
3370 3050 3441 3106 de
3468 3053 3668 3124 populo,
3705 3053 3798 3107 ait:

2252 3131 2605 3203 Jurejurando
2636 3135 2946 3189 constrinxit
2974 3146 3124 3206 pater
3159 3147 3275 3193 tuus
3317 3144 3591 3211 populum,
3622 3142 3797 3198 dicens:

2253 3220 2567 3275 Maledictus
2595 3223 2671 3277 vir
2698 3225 2784 3295 qui
2810 3225 3088 3280 comederit
3107 3244 3291 3298 panem
3323 3230 3500 3286 hodie.

2324 3310 2413 3367 55.
2455 3310 2667 3366 Patrem
2697 3314 2896 3385 quippe
2923 3315 3201 3385 adjurasse
3227 3320 3510 3389 populum,
3541 3330 3595 3377 et
3615 3322 3798 3377 maledi-

2252 3407 2399 3454 ctum
2443 3401 2733 3471 protulisse
2774 3403 2977 3472 retulit,
3026 3407 3151 3476 quia
3181 3424 3302 3463 cum
3348 3412 3529 3466 minor
3567 3422 3798 3467 errantem

2251 3492 2365 3546 vult
2392 3492 2670 3562 prmlatum
2692 3493 2922 3565 dirigere
2942 3535 2957 3561 ,
2982 3512 3088 3552 non
3117 3498 3279 3554 debet
3303 3516 3498 3570 aspere
3526 3502 3798 3572 objurgare,

2251 3581 2343 3639 sed
2357 3582 2581 3638 dulciter
2594 3592 2753 3654 atque
2770 3585 3043 3642 humiliter
3056 3588 3119 3642 ad
3134 3589 3400 3660 majorum
3422 3600 3615 3647 statuta
3630 3608 3801 3648 memo-

2251 3670 2420 3726 randa
2442 3672 2718 3729 reducere.
2745 3672 2901 3730 Unde
2930 3676 3057 3733 dicit
3085 3694 3098 3731 :
3143 3677 3501 3751 Jurejurando
3531 3683 3799 3739 ωηατ-ἰηιῂ

563 3736 915 3791 Immiliabitur
961 3736 1112 3808 (Luc.
1140 3754 1299 3805 xvut,
1328 3738 1440 3810 14).
1464 3740 1596 3795 ltem
1622 3740 1985 3811 jurameutum
2013 3759 2054 3798 rc
2074 3745 2148 3813 gis

2253 3768 2402 3829 pater
2430 3770 2544 3815 tuus
2571 3763 2839 3833 populum.
2872 3763 2942 3820 Ut
2969 3766 3111 3822 enim
3143 3736 3530 3829 eum'dulciter
3551 3773 3799 3828 admoneat

559 3837 661 3894 est,
704 3828 844 3896 quod
883 3835 1071 3882 contra
1100 3828 1408 3899 bypocritas
1436 3829 1676 3899 profert,
1718 3830 1942 3886 dicens:
1984 3831 2149 3887 Amen

554 3919 675 3973 dico
696 3917 854 3984 vobis,
884 3927 1185 3991 receperunt
1212 3921 1492 3976 mercedem
1516 3939 1663 3977 suam
1690 3922 1907 3993 (Matth.
1931 3940 2001 3990 vr,
2035 3923 2149 3996 16).

551 4008 931 4065 Juramentum
978 4025 1109 4080 ergo
1152 4012 1387 4081 populus
1434 4013 1603 4089 timet,
1648 4015 1770 4082 quia
1807 4030 1876 4069 ne
1918 4025 2151 4073 aeternas

552 4098 795 4166 .amiztat,
827 4100 1153 4167 temporales
1178 4101 1422 4169 recipere
1444 4103 1631 4158 laudes
1652 4112 1825 4159 cavet.
1848 4104 2105 4175 Sequitur
2131 4124 2146 4162 :

638 4187 815 4254 (Vers.
838 4188 954 4258 27.)
982 4187 1147 4245 Porro
1173 4188 1431 4246 lauat/tas
1453 4209 1557 4247 non
1579 4194 1836 4259 audierat,
1863 4212 1976 4250 cum
1999 4198 2153 4268 adju-

556 4283 709 4329 σαι-ει
756 4284 903 4345 pater
944 4277 1055 4347 ejus
1101 4278 1377 4349 populum,
1428 4282 1755 4353 extenditque
1807 4287 2152 4341 summitatem
2187 4268 2232 4329 ί)

554 4367 721 4436 mirga:
747 4382 899 4436 quam
929 4366 1222 4422 habebatin
1253 4386 1426 4434 manu,
1449 4381 1498 4425 et
1518 4372 1729 4426 intiuxit
1752 4374 1804 4427 in
1828 4383 1944 4442 [nvo
1964 4377 2149 4445 mellis,

558 4465 617 4509 act
656 4458 903 4510 convertit
943 4474 1153 4512 manum
1182 4475 1329 4514 suam
1374 4462 1445 4515 ad
1485 4479 1542 4517 os
1568 4480 1737 4530 suum,
1777 4473 1828 4518 et
1873 4466 2151 4523 illuminati

552 4553 686 4599 .‘sun:
708 4544 841 4599 oculi
871 4546 1004 4613 ejus.

636 4633 726 4689 54.
768 4635 915 4702 Quos
942 4638 995 4692 in
1028 4638 1131 4694 hoc
1161 4639 1282 4695 loco
1308 4640 1586 4711 Jonathas,
1618 4644 1717 4701 nii
1746 4646 1867 4704 illos
1892 4646 2147 4717 insinuat,

550 4726 656 4795 .qui
705 4728 872 4782 verbo
918 4739 975 4783 et
1022 4745 1188 4800 opere
1235 4735 1414 4802 magni
1440 4743 1594 4804 sunt,
1625 4737 1718 4792 sed
1751 4747 1927 4794 tamen
1970 4741 2149 4797 studio

550 4818 1061 4889 .circum=pec1ionis
1083 4823 1263 4891 magni
1291 4839 1397 4878 non
1428 4828 1594 4881 sunt?
1620 4827 1741 4882 Alta
1768 4828 1986 4898 quidem
2010 4846 2145 4899 prte-

563 4907 764 4975 dicant,
796 4908 953 4964 fortia
978 4920 1250 4979 exercent,
1282 4913 1378 4969 sed
1406 4915 1459 4969 in
1489 4916 1804 4974 humilitatis
1831 4920 2151 4990 circumspe-

552 4996 744 5051 ctione
782 5012 840 5051 se
877 5014 984 5053 non
1014 5000 1240 5056 viriliter
1265 5010 1470 5059 tenent.
1518 5007 1651 5072 Quid
1681 5016 1765 5062 est
1802 5010 1972 5076 enim,
2003 5012 2146 5082 quod

558 5087 766 5155 virgam
796 5095 943 5142 tenet
964 5090 1014 5143 in
1044 5107 1235 5157 manu,
1268 5094 1366 5147 nisi
1396 5095 1519 5162 quia
1548 5096 1849 5168 disciplina,
1881 5115 1984 5169 qua
2016 5117 2146 5171 pec-

557 5189 694 5229 care
717 5175 852 5230 alios
884 5177 1155 5244 prohibet,
1184 5183 1529 5254 semetipsum
1556 5202 1663 5241 non
1693 5193 1955 5246 coercet?
1989 5191 2145 5261 Virga

557 5264 781 5331 quidem
811 5280 914 5335 qua
948 5270 1152 5337 parvuli
1183 5271 1359 5327 solent
1385 5276 1581 5346 corripi
1601 5317 1616 5343 ,
1648 5294 1827 5335 sermo
1856 5284 2147 5338 correctio-

560 5353 651 5409 nis
697 5364 878 5423 potest
905 5366 1029 5428 apte
1057 5360 1350 5430 designari.
1398 5363 1714 5424 Praedicatio
1759 5385 1887 5440 ergo
1929 5381 1985 5427 et
2010 5389 2147 5444 opus

562 5446 793 5514 bonum,
826 5449 969 5517 virga
1013 5461 1068 5506 et
1098 5468 1288 5509 manus
1316 5463 1417 5510 est.
1469 5455 1606 5524 Quid
1648 5470 1729 5516 est
1758 5464 1916 5533 igitur
1944 5466 2148 5536 virgam

562 5538 885 5604 extendere,
915 5550 968 5595 et
997 5557 1215 5598 manum
1238 5545 1305 5600 ad
1328 5561 1391 5602 os
1411 5562 1533 5602 cum
1564 5551 1721 5607 melle
1747 5570 2021 5623 revocare,
2046 5558 2147 5613 nisi

565 5630 679 5681 tam
729 5626 795 5683 de
842 5630 1232 5698 praedicationis
1281 5638 1467 5707 verbo,
1500 5654 1656 5707 quam
1705 5643 1773 5699 dc
1801 5647 1976 5704 studio
2018 5649 2145 5705 bcni

2253 3864 2376 3906 eum
2421 3851 2513 3921 qui
2553 3851 2904 3921 jurejurando
2947 3857 3201 3927 populum
3247 3862 3591 3929 constrinxit,
3625 3869 3799 3932 patrem

2228 3939 2369 4007 ejus
2412 3956 2531 3997 esse
2579 3944 2827 3999 asseruit.
2873 3946 3037 4013 Quasi
3085 3948 3227 4003 enim
3256 3950 3375 4005 aliis
3420 3951 3606 4005 verbis
3647 3951 3796 4005 dicat:

2256 4029 2432 4087 Tanto
2459 4031 2709 4089 dilectius
2733 4033 2898 4091 debes
2926 4037 3188 4106 majorum
3220 4037 3469 4094 instituta
3496 4054 3798 4103 conservare,

2256 4131 2460 4192 quanto
2490 4138 2678 4179 eorum
2709 4124 2887 4181 locum
2930 4127 3090 4182 altius
3118 4128 3315 4184 videris
3352 4145 3457 4201 per
3484 4129 3801 4188 successionis

2256 4215 2571 4286 dignitatem
2602 4220 2851 4275 retinere.
2885 4220 3221 4278 Constrictus
3246 4224 3413 4279 etiam
3438 4225 3656 4295 populus
3673 4224 3801 4293 jure-

2254 4305 2486 4374 jurando
2534 4309 2704 4378 patris
2731 4308 3009 4378 asseritur,
3061 4320 3119 4364 ut
3148 4327 3257 4366 non
3297 4313 3571 4383 loquentis
3598 4326 3803 4383 persona:

2258 4396 2547 4461 humilitas,
2580 4397 2673 4453 sed
2699 4407 2931 4454 ostensa:
2970 4402 3263 4457 auctoritas
3301 4405 3645 4459 attendatur:
3680 4414 3732 4458 ut
3767 4404 3802 4457 si

2256 4488 2592 4556 suggerentis
2630 4489 2765 4543 ordo
2802 4488 3121 4561 despicitur,
3152 4493 3322 4561 illius,
3354 4496 3517 4567 317
3552 4497 3638 4566 qui
3675 4511 3802 4550 mon-

2255 4583 2475 4639 stratur,
2506 4578 2770 4634 celsitudo
2801 4579 3072 4635 timeatur.
3106 4582 3277 4648 Quem
3309 4592 3487 4640 tamen
3516 4595 3707 4655 patrem
3733 4597 3802 4636 as-

2255 4665 2405 4729 serit,
2438 4673 2497 4720 ut
2524 4677 2787 4737 praecepta
2817 4669 3084 4738 majorum
3111 4679 3167 4725 et
3186 4671 3363 4727 timori
3392 4688 3512 4729 esse
3531 4674 3802 4729 debeantet

2255 4756 2447 4811 amori.
2470 4756 2627 4811 Dicat
2653 4772 2783 4829 ergo
2811 4775 2825 4812 :
2854 4758 3206 4830 Jurejurando
3226 4766 3535 4819 constrinxit
3553 4774 3690 4836 pater
3708 4772 3801 4816 tum

2252 4845 2514 4915 populum,
2537 4846 2749 4901 dicens:
2779 4847 3087 4904 Maledictus
3109 4851 3197 4923 qui
3224 4855 3503 4909 comederit
3529 4872 3699 4926 panem
3726 4855 3801 4907 Ito.

2252 4936 2351 4989 die.
2399 4935 2551 5002 Quod
2589 4938 2698 4994 tale
2738 4949 2823 4994 est
2850 4955 2917 4996 ac
2938 4942 2983 4997 si
3004 4942 3189 4998 dicat:
3233 4942 3432 5000 Eorum
3462 4956 3513 5002 te
3538 4960 3799 5002 memorem

2251 5040 2372 5080 esse
2390 5027 2534 5091 volo,
2567 5042 2687 5097 qua:
2709 5039 2822 5097 tua,
2851 5046 2959 5087 non
2985 5048 3103 5088 mea
3130 5042 3275 5099 sunt,
3305 5037 3432 5104 quia
3461 5037 3583 5092 dum
3611 5035 3794 5091 culmen

2250 5114 2510 5185 majorum
2533 5118 2762 5187 obtines,
2790 5136 2977 5177 eorum
3002 5123 3148 5194 leges
3161 5127 3315 5193 quasi
3340 5128 3679 5185 hatreditario
3692 5125 3793 5195 jure

2252 5221 2469 5262 servare
2497 5208 2681 5266 debes.
2716 5211 2877 5268 Panis
2917 5229 3045 5271 vero
3074 5218 3292 5274 nomine
3316 5219 3475 5275 favor
3502 5218 3796 5275 adulantium

2251 5308 2399 5352 recte
2426 5300 2767 5371 exprimitur,
2796 5305 2919 5373 quia
2951 5314 3187 5363 mentem
3235 5310 3457 5365 vanitati
3488 5312 3729 5365 intentam
3756 5320 3802 5363 et

2250 5386 2408 5439 satiat
2435 5395 2490 5441 et
2510 5388 2803 5458 confortat,
2833 5393 2958 5448 dum
2989 5395 3129 5451 hanc
3159 5396 3226 5450 ad
3248 5398 3453 5466 agenda
3482 5413 3597 5467 qua:
3623 5394 3795 5451 laudan

2249 5474 2501 5539 debeant,
2531 5479 2887 5537 valentiorem
2921 5485 3117 5539 reddit.
3150 5486 3303 5552 Quod
3333 5488 3547 5559 quidem
3574 5500 3795 5553 arrogan-

2253 5562 2396 5619 tibus
2439 5567 2595 5622 valdc
2642 5573 2933 5628 convenire
2974 5577 3234 5641 cez-n'lur,
3276 5577 3368 5645 qui
3397 5577 3463 5631 ad
3503 5575 3793 5646 loquendum

2246 5653 2477 5723 prolatis
2501 5657 2749 5718 laudibus
2775 5666 3097 5721 animantur.
3150 5665 3217 5721 Et
3246 5666 3366 5736 quia
3402 5680 3649 5737 arrogans
3679 5680 3790 5736 prr-
