3948 6274
178 292 267 349 Idl

987 282 1047 335 IN
1090 279 1349 336 PRIMUM
1392 280 1626 336 REGL'M
1670 278 2179 335 EXPOSITIONES.
2220 308 2290 319 -—
2327 278 2453 337 LIB.
2502 280 2562 336 V.

3321 286 3432 341 333

172 407 368 459 dit-ator
420 398 578 454 habet
618 397 822 454 similes
868 396 967 450 sibi
998 396 1239 450 subditos
1277 395 1449 451 laudis
1492 395 1745 467 cupidos,
1782 402 1821 457 Λ
1853 393 2016 460 Quasi
2063 397 2205 449 enim
2245 397 2479 465 praedam
2513 397 2848 454 inimicorum
2880 399 3035 466 facit,
3080 400 3204 454 dum
3247 416 3343 470 ea,
3376 403 3427 456 in

168 494 405 562 sequitur
428 506 444 544 :

234 582 420 651 (Vers.
448 577 563 647 98.)
594 576 865 648 Defecerat
888 584 1057 629 autem
1085 575 1324 647 populus.

235 672 323 726 56.
355 668 492 736 Quid
520 676 603 724 est
631 668 697 722 ad
737 667 969 721 litteram
998 665 1249 731 deﬁcere,
1281 667 1379 721 nisi
1409 666 1745 723 lassescere?

166 766 261 833 Qui
290 763 435 818 enim
465 760 651 815 laudes
695 758 1035 813 transitorias
1063 757 1129 811 de
1174 757 1321 812 verbi
1368 758 1744 828 pridicatione

165 856 460 922 requirunt,
482 850 741 905 deficiunt
769 863 890 903 cum
913 847 1219 912 laudantur,
1243 848 1367 917 quia
1395 847 1541 901 nullo
1563 848 1744 915 vigore

164 945 315 1001 verba
366 940 676 1014 proferunt,
708 955 827 1009 quae
878 954 985 993 non
1036 938 1241 993 laudari
1290 947 1538 993 cernunt.
1582 939 1743 994 Velut

166 1035 300 1090 enim
345 1033 705 1086 lassescentes
745 1028 1004 1084 deficiunt
1048 1027 1174 1082 dum
1218 1028 1454 1098 despecti
1498 1028 1745 1083 obmute-

161 1133 329 1181 scunt.
358 1120 466 1177 Sed
499 1130 554 1177 et
581 1122 708 1176 dum
741 1135 846 1176 non
867 1120 1178 1185 comedunt,
1216 1120 1462 1173 videntur
1488 1118 1739 1185 deficere,

164 1215 280 1284 quia
305 1212 351 1266 si
380 1210 587 1265 licitum
618 1209 882 1263 haberent
908 1208 1083 1263 cibum
1113 1206 1332 1272 favoris,
1380 1206 1528 1261 velut
1556 1206 1741 1263 refecti

159 1313 211 1360 et
232 1302 396 1357 fortes
416 1301 605 1369 insequ
623 1308 830 1355 :rentur
852 1299 979 1353 vitia
1003 1297 1383 1368 praedicatione
1400 1299 1569 1353 verbi.
1593 1300 1736 1355 Unde

163 1401 214 1448 et
257 1390 558 1459 arrogantis
605 1390 975 1459 prelicatoris
1004 1388 1175 1444 forma
1204 1388 1524 1456 ostenditur,
1567 1404 1663 1460 per
1690 1389 1740 1444 id

160 1482 293 1554 quod
322 1481 669 1550 subjunctum
699 1489 781 1536 est
804 1498 817 1534 :

224 1573 396 1643 (Vcrs.
425 1570 516 1636 29,
549 1571 664 1642 50.)
714 1571 959 1641 Dixitque
984 1569 1245 1627 Jonatlias
1273 1588 1293 1626 :
1324 1572 1566 1627 Turbarit
1594 1583 1741 1644 pater

159 1678 286 1717 meus
317 1671 532 1715 terram.
570 1660 788 1715 Vidistis
812 1661 950 1714 enim
988 1661 1118 1730 ipsi,
1151 1661 1274 1732 quia
1302 1661 1580 1715 illuminati
1619 1673 1737 1716 sunt

1843 484 2039 553 quibus
2059 486 2284 540 occultis
2306 486 2548 542 hostibus
2567 489 2687 557 quis
2702 488 2999 558 praevaluit,
3021 488 3087 542 ad
3111 491 3424 544 memoriam

1844 574 2013 630 ducit.
2038 573 2111 629 Ea
2135 591 2351 645 quoque
2380 577 2448 631 ad
2472 578 2808 632 saturitatem
2837 577 3104 645 comedit,
3147 578 3235 645 qui
3264 582 3417 647 quasi

1842 681 1939 722 sua
1969 667 2169 722 virtute
2212 667 2327 722 hmc
2363 669 2580 733 fecerit,
2630 684 2690 725 se
2720 670 2952 724 inaniter
2979 678 3033 724 et
3081 670 3428 727 vrliemcnter

1841 757 2072 811 extollit.
2118 757 2256 812 Dicit
2290 772 2419 826 ergo
2450 776 2464 811 :
2496 756 2702 822 Quanto
2729 761 2896 829 magis
2926 762 2972 813 si
2999 761 3303 815 comedisset
3340 780 3432 832 po-

1841 848 1991 917 pulus
2017 848 2249 916 prwdam
2270 849 2595 903 inimicorum
2624 865 2855 915 suorum,
2894 866 3067 905 nonne
3094 853 3265 922 major
3287 856 3433 923 facta

1842 939 2025 1009 fuisset
2049 940 2205 1009 plaga
2225 940 2277 992 in
2309 938 2590 993 Philistiim
2606 939 2632 992 ?
2650 938 2814 1005 Quasi
2840 940 3014 996 dicat:
3038 940 3173 995 Cum
3195 957 3261 997 ex
3283 942 3433 996 brevi

1843 1034 2005 1094 gustu
2042 1027 2257 1094 favoris,
2292 1036 2471 1083 tantus
2506 1029 2779 1098 profectus
2806 1029 2910 1094 sit,
2942 1030 3072 1099 quid
3110 1029 3269 1087 electi
3297 1046 3434 1101 pra:-

1840 1117 2060 1173 liatores
2089 1118 2351 1186 facerent,
2389 1119 2435 1174 si
2479 1119 2668 1187 plenas
2695 1134 2921 1191 operum
2950 1119 3137 1177 laudes
3163 1122 3339 1178 licitas
3366 1138 3432 1179 ac

1834 1208 2007 1278 justas
2031 1210 2329 1265 haberent?
2368 1210 2628 1281 Sequitur
2656 1230 2669 1265 :

1911 1299 2093 1368 (Vers.
2128 1298 2245 1368 51.)
2279 1300 2654 1356 Percusserunt
2681 1319 2804 1375 ergo
2834 1302 3128 1360 Philistteos
3157 1306 3210 1361 in
3238 1306 3430 1363 dieillo

1839 1405 1871 1443 a
1895 1388 2118 1460 Magmis
2145 1408 2303 1462 usque
2330 1393 2387 1447 in
2417 1395 2570 1448 Aion.

1914 1475 2005 1531 58.
2045 1476 2170 1532 Dies
2198 1480 2396 1535 mentis
2433 1488 2516 1535 est
2558 1480 2812 1551 splendor
2843 1484 3179 1541 eruditionis.
3209 1487 3316 1543 Sed
3355 1489 3430 1544 illi

1839 1581 1976 1635 quos
1999 1576 2312 1636 arrogantes
2341 1569 2612 1635 erudiunt,
2641 1572 2767 1640 quia
2795 1573 3091 1631 ambitione
3120 1577 3429 1648 temporalis

1839 1656 2022 1725 gloria:
2038 1657 2426 1723 accenduntur,
2443 1657 2843 1716 simulationem
2866 1662 3000 1719 lucis
3013 1665 3307 1735 accipiunt,
3322 1682 3430 1724 non

160 1757 281 1812 πηιί
311 1756 430 1817 περὶ,
464 1770 527 1808 ρο
558 1753 694 1825 quod
715 1752 1026 1822 gustaverim
1047 1749 1314 1821 paululum
1338 1751 1404 1804 de
1431 1751 1580 1805 melle
1605 1754 1733 1817 isto;
1773 1760 1809 1816 Η
1839 1748 2141 1803 veritatem.
2171 1747 2306 1802 Dum
2334 1762 2464 1818 ergo
2501 1748 2617 1805 dits
2646 1750 2737 1806 illa
2766 1751 2984 1823 dicitur,
3012 1755 3142 1825 quid
3182 1757 3325 1812 aliud
3353 1759 3428 1813 si-

134 1856 336 1916 quanto
365 1845 538 1911 magis
566 1845 612 1898 si
651 1842 952 1896 comedisset
981 1840 1199 1911 populus
1232 1839 1465 1909 prwdam
1502 1842 1739 1896 inimico-

160 1954 263 1993 rum
300 1953 510 1992 sttortmt
551 1951 706 2006 quant
748 1934 957 2003 reperit,
988 1948 1159 1986 nonne
1186 1932 1357 2002 major
1394 1933 1534 2003 {acta
1562 1932 1740 2002 fuisset

159 2032 304 2098 plaga
329 2028 380 2080 in
415 2025 741 2079 PItil’stiim?

228 2114 310 2173 57.
343 2116 485 2183 Quid
516 2123 599 2172 est
646 2115 791 2171 enim
830 2113 979 2184 quod
1026 2112 1272 2169 turbasse
1302 2121 1500 2169 terram
1529 2121 1737 2183 patrem

160 2208 519 2277 reprehendit.
550 2207 653 2262 nisi
679 2205 802 2275 quia
831 2204 1063 2275 majores
1089 2213 1288 2261 statuta
1320 2220 1415 2261 sua
1441 2220 1534 2275 per
1559 2204 1730 2274 impe-

160 2300 322 2355 ritiam
361 2297 676 2354 confudisse
712 2295 1017 2366 redarguit?
1062 2295 1242 2350 Terra:
1271 2294 1487 2365 quidem
1517 2293 1735 2349 nomine

159 2390 479 2446 subditaer
508 2388 782 2443 humilitas
810 2388 1140 2457 designatur,
1181 2401 1303 2456 quae
1333 2386 1580 2441 nimirum
1612 2394 1729 2439 tur-

161 2480 261 2535 bari
308 2480 587 2546 cernitur,
651 2477 865 2548 quando
915 2488 1131 2533 errante
1176 2485 1453 2547 pastorum
1493 2475 1726 2544 judicio,

162 2571 446 2642 tranquillae
503 2570 747 2626 veritatis
795 2567 1040 2625 ordinem
1084 2566 1336 2623 deserere
1394 2566 1626 2620 videtur;
1675 2563 1738 2617 Et

162 2660 269 2731 quia
313 2660 446 2713 dum
497 2658 713 2714 favores
777 2658 1056 2713 hominum
1107 2664 1423 2727 arrogantes
1468 2655 1739 2710 inhiantcr

162 2751 401 2816 ambiunt,
431 2759 492 2805 et
522 2751 625 2805 hoc
653 2750 857 2804 licitum
880 2764 1001 2805 esse
1027 2763 1273 2803 asserere
1294 2756 1581 2813 conantur,
1612 2761 1737 2815 pro-

162 2844 310 2898 fectus
333 2859 468 2898 suos
492 2843 546 2897 in
578 2842 942 2898 testimonium
974 2839 1298 2912 perducunt.
1344 2839 1560 2894 Vidistis
1579 2839 1735 2901 enim,

164 2934 245 2997 ait,
270 2936 384 3004 qu’u
404 2934 700 2987 illuminati
725 2942 845 2986 sunt
873 2933 1007 2986 oculi
1036 2932 1158 2998 mei,
1183 2948 1241 2985 eo
1263 2932 1398 3002 quod
1427 2931 1737 3001 gustaret-im

163 3026 403 3095 paululum
426 3025 498 3079 de
520 3025 673 3078 melle
697 3026 818 3079 ista.
846 3024 1008 3090 Quasi
1039 3023 1184 3079 dicat
1213 3041 1227 3077 :
1259 3021 1341 3077 Ex
1368 3020 1526 3077 laude
1553 3020 1738 3089 subje-

1842 1847 2056 1907 gnatur,
2091 1838 2193 1893 nisi
2238 1840 2360 1908 quia
2389 1854 2533 1909 smpe
2578 1841 3204 1916 proposito_temporalis
3243 1847 3427 1916 gloriae

1838 1928 1994 1983 fortia
2030 1930 2146 1984 fieri
2195 1928 2539 1985 viderentur?
2586 1927 2644 1985 In
2682 1931 2771 1987 die
2812 1913 3047 2003 namque
3091 1934 3220 2003 illa,
3250 1913 3320 1991 vid
3348 1946 3425 1991 est

1837 2018 2082 2075 doctrina
2102 2061 2118 2087 ,
2163 2020 2247 2074 vel
2276 2020 2526 2090 exemplo
2552 2022 2907 2091 superborum
2935 2026 3265 2093 percutiunt,
3296 2026 3423 2095 quia

1836 2110 1905 2164 ad
1933 2109 2038 2166 hoc
2066 2110 2365 2166 ministerio
2391 2112 2788 2181 praedicationis
2819 2113 3139 2183 inserviunt,
3161 2126 3219 2171 ut
3242 2118 3425 2189 splen—

1836 2200 2025 2255 dorem
2068 2201 2256 2269 gloriaa
2284 2201 2597 2272 temporalis
2622 2201 3007 2273 adipiscantur.
3062 2204 3131 2261 Et
3157 2208 3280 2277 quia
3307 2224 3425 2277 om-

1837 2292 1995 2353 nibus
2024 2292 2364 2348 innotescere
2388 2294 2644 2364 cupiunt,
2674 2294 2839 2349 dicit:
2870 2296 2913 2348 Α
2936 2294 3161 2369 Magmis
3190 2316 3349 2370 usque
3368 2302 3424 2354 in

1836 2382 1992 2439 Aion.
2023 2382 2279 2453 Magmas,
2307 2391 2365 2438 ut
2407 2383 2519 2452 jam
2547 2384 2678 2439 satis
2707 2385 2910 2440 dictum
2953 2397 3069 2455 est,
3120 2389 3421 2457 humilitas,

1837 2471 1977 2528 Aion
2007 2488 2136 2528 vero
2163 2474 2330 2528 frater
2355 2488 2510 2529 meus
2539 2488 2775 2530 mcerens
2800 2475 3208 2546 interpretatur.
3241 2479 3423 2534 Humi-

1839 2560 1917 2617 les
1946 2571 2128 2617 autem
2157 2562 2261 2618 hoc
2304 2562 2460 2629 loco,
2501 2564 2681 2634 pusilli
2720 2580 2786 2621 ac
2822 2565 3093 2636 simplices
3141 2569 3195 2624 in
3238 2581 3424 2626 sancta

1838 2651 2076 2707 Ecclesia
2107 2651 2476 2722 designantur.
2507 2652 2740 2710 Maerens
2776 2670 2905 2711 vero
2933 2655 3102 2713 frater
3125 2673 3262 2728 quos
3290 2660 3426 2715 alios

1837 2742 2090 2808 insinuat,
2120 2743 2220 2798 nisi
2248 2758 2343 2799 eos
2371 2758 2508 2813 quos
2532 2743 2787 2801 Dominus
2816 2746 2871 2800 in
2897 2744 3186 2816 Evangelia
3213 2750 3422 2805 collau-

1837 2832 1950 2898 dat,
1979 2833 2196 2888 dicens:
2228 2832 2378 2888 Beati
2420 2836 2504 2905 qui
2535 2834 2731 2905 lugent,
2760 2837 3005 2907 quoniam
3043 2838 3145 2907 ipsi
3173 2841 3421 2895 consola-

1837 2922 2062 2995 buntur?
2086 2922 2301 2995 (Matth.
2318 2938 2369 2987 v,
2389 2920 2466 2994 5.)
2490 2922 2588 2989 Qui
2613 2923 2755 2980 enim
2766 2923 2875 2992 jam
2894 2928 3209 2995 temporalia
3235 2939 3424 2985 cuncta

1839 3013 1991 3067 novit
2009 3012 2306 3081 despicere,
2322 3020 2376 3067 et
2391 3012 2457 3065 ad
2472 3019 2674 3066 aeterna
2691 3014 2898 3082 magnis
2913 3013 3193 3070 desideriis
3213 3018 3422 3072 anhela-

163 3122 348 3169 clorum
377 3116 562 3178 crevi,
595 3114 718 3169 dum
745 3130 853 3168 non
898 3129 1017 3168 esse
1049 3113 1228 3168 minor
1256 3113 1506 3167 laudibus
1534 3111 1729 3166 studui.
1762 3113 1806 3174 C
1838 3102 2445 3171 rc.dumltorrelleneri
2466 3102 2518 3157 in
2533 3106 3421 3174 corpore,elgemitinillamternm

162 3204 276 3262 Nam
300 3215 352 3262 et
393 3207 700 3262 electorum
741 3206 1152 3276 predicatorum
1181 3220 1298 3259 mes
1324 3219 1444 3259 esse
1470 3204 1608 3258 so‘et
1628 3242 1645 3267 ,
1676 3210 1735 3255 ut

164 3295 272 3350 dum
297 3311 353 3353 se
380 3297 430 3349 la
442 3296 594 3350 uda2i
621 3295 985 3362 considerant,
1008 3295 1114 3349 hoc
1133 3293 1274 3363 quod
1304 3293 1371 3348 de
1398 3307 1458 3348 se
1487 3292 1616 3347 foris
1638 3307 1735 3345 au-

166 3386 325 3457 diunt,
351 3400 472 3440 esse
502 3385 707 3440 viribus
738 3383 1087 3440 contendant.
1116 3382 1185 3437 Et
1224 3382 1428 3437 idcirco
1459 3380 1732 3452 paululum

164 3478 322 3533 mellis
349 3493 404 3532 se
431 3478 697 3532 Jonathas
724 3478 1022 3533 comedisse
1047 3477 1233 3532 retulit
1274 3494 1287 3531 :
1317 3478 1443 3547 qu'a
1474 3490 1735 3544 arrogans

168 3567 343 3635 linguae
378 3567 594 3623 favores
637 3582 695 3622 se
737 3567 990 3637 excipere
1038 3567 1261 3622 licenter
1303 3573 1457 3635 putat
1498 3565 1564 3620 ad
1614 3567 1735 3620 vitze

168 3660 470 3727 [troia-ctum,
504 3675 613 3714 non
646 3658 711 3713 ad
750 3658 1103 3714 intentionem
1132 3658 1399 3713 vanitatis.
1428 3656 1533 3712 Sed
1561 3658 1736 3712 omni-

165 3764 228 3803 no
252 3748 386 3803 aliud
416 3757 499 3804 est
529 3748 702 3803 laudis
729 3748 997 3817 pmconia
1027 3748 1265 3803 moribus
1289 3747 1571 3816 adaequare
1597 3762 1732 3802 con-

166 3839 396 3907 tendere,
441 3839 586 3893 aliud
631 3839 819 3895 laudes
861 3847 1153 3910 appetere,
1195 3847 1254 3893 ut
1300 3840 1351 3893 in
1385 3840 1574 3896 iisdem
1615 3841 1732 3895 lau-

165 3930 303 3986 dbus
327 3930 633 4000 profectqu
655 3931 776 3986 vitae
803 3931 971 4000 possit
1001 3930 1259 3987 invenire.
1296 3930 1504 3986 Lausles
1531 3932 1733 4002 quippe

165 4034 275 4075 suas
309 4021 551 4080 moribus
588 4035 874 4091 exaequare
901 4031 1187 4086 conantur,
1233 4022 1324 4090 qui
1373 4022 1517 4091 ipsas
1546 4021 1735 4077 laudes

165 4111 467 4180 deSpiciunt,
500 4112 594 4182 qui
632 4112 840 4167 laudari
868 4112 936 4167 ab
978 4112 1288 4168 hominibus
1329 4128 1604 4181 nunquam
1632 4129 1731 4169 vo-

165 4201 285 4255 lunt.
316 4202 588 4268 Quantum
634 4210 782 4258 certe
825 4202 880 4257 in
910 4202 989 4258 eis
1018 4211 1101 4258 est
1146 4202 1351 4259 laudari
1389 4203 1737 4259 vehementer

164 4295 433 4364 refugiunt,
466 4294 565 4350 sed
591 4295 715 4365 quia
746 4311 853 4351 non
884 4303 1109 4365 possunt
1145 4296 1367 4350 omnino
1404 4294 1639 4362 effugere
1667 4311 1735 4352 ne

166 4384 452 4450 laudentur,
478 4395 744 4440 conantur
768 4400 887 4440 esse
914 4386 1057 4454 quod
1088 4384 1332 4441 audiunt.
1357 4383 1463 4439 Sed
1494 4385 1732 4454 quidam,

165 4476 301 4531 bonis
320 4476 554 4532 ostensis
566 4477 838 4547 operibus,
854 4475 1056 4530 idcirco
1077 4473 1282 4529 laudari
1307 4474 1512 4540 volunt,
1535 4483 1595 4529 ut
1615 4475 1733 4529 lauv

166 4565 261 4621 dati
288 4568 457 4636 majus
478 4566 845 4622 conscendant
865 4566 918 4619 in
943 4579 1079 4637 opus
1099 4565 1329 4620 virtutis.
1353 4564 1468 4632 Qua
1492 4563 1735 4634 profecto

166 4656 583 4727 praesumptionis
613 4670 724 4711 suae
761 4655 1117 4711 aestimatione
1146 4654 1433 4717 falluntur,
1481 4654 1607 4723 quia
1644 4653 1735 4723 qui

169 4746 216 4797 in
242 4746 472 4799 minimis
500 4745 687 4799 laudes
716 4745 939 4815 appetit,
968 4760 1089 4799 cum
1112 4746 1316 4813 majora
1334 4759 1495 4815 opera
1527 4744 1735 4816 fecerit,

169 4834 431 4890 ardentius
460 4844 516 4889 et
543 4834 698 4888 valde
724 4833 933 4887 avidius
964 4833 1148 4888 laudes
1176 4833 1385 4903 qumrit.
1416 4832 1479 4886 Et
1508 4831 1734 4891 fortasse

169 4924 276 4979 ideo
301 4935 421 4995 post
450 4934 659 4995 patrem
686 4924 947 4982 Jonathas
974 4941 1081 4980 non
1108 4927 1285 4995 potuit
1330 4940 1578 4995 regnare,
1607 4927 1731 4997 quia

168 5013 275 5069 illos
300 5018 542 5083 signabat
569 5017 660 5086 qui
705 5015 833 5070 dum
872 5032 1007 5071 vane
1043 5032 1102 5072 se
1130 5017 1396 5071 extollunt
1442 5033 1569 5072 vere
1596 5017 1732 5072 deti-

168 5105 323 5158 ciunt.
346 5107 562 5161 Addidit
582 5120 799 5175 quoque
828 5106 1215 5171 ratiocinando,
1245 5115 1298 5161 et
1323 5106 1454 5161 dicit
1482 5124 1494 5160 :
1528 5108 1731 5171 Quanto

169 5196 316 5265 magis
345 5196 389 5247 si
417 5196 719 5248 comedisset
748 5194 966 5265 populus
1004 5195 1236 5264 prtvdam
1259 5196 1582 5249 inimicorum
1608 5213 1731 5250 suo-

170 5303 295 5351 rum,
336 5306 503 5342 nonne
541 5288 714 5358 major
753 5290 892 5358 facta
923 5289 1103 5358 [uisset
1130 5289 1288 5358 plaga
1326 5288 1379 5341 in
1412 5288 1733 5341 Pliilistiim?

173 5374 326 5432 Mellis
351 5378 623 5449 paululum
670 5378 723 5431 in
764 5378 926 5444 virgae
950 5378 1261 5432 summitate
1285 5384 1524 5445 gustare,
1558 5384 1640 5432 est
1668 5376 1735 5430 de

175 5466 321 5537 318
372 5468 627 5523 doctrina:
682 5466 929 5521 facundia
994 5467 1441 5536 qualitercunque
1494 5466 1732 5535 gloriari.

179 5553 401 5612 Perdant
449 5574 577 5613 vero
626 5559 966 5614 inimicorum
1014 5558 1332 5624 comedere,
1400 5566 1486 5613 est
1529 5558 1738 5613 virtutis

180 5656 321 5714 opera
348 5663 442 5718 per
465 5648 775 5705 memoriam
799 5657 1061 5719 repetere,
1091 5656 1145 5703 et
1172 5646 1460 5705 recolendo
1480 5646 1733 5718 gaudere.

1837 3192 1958 3246 vitae
1984 3191 2167 3245 lmtitia
2196 3192 2433 3247 nondum
2462 3206 2604 3260 esse,
2634 3192 2800 3249 frater
2828 3211 2979 3251 meus
3008 3212 3241 3253 maerens
3269 3207 3421 3254 recte

1834 3286 2161 3339 nominatur.
2184 3285 2374 3341 Frater
2392 3286 2628 3355 quidem,
2671 3289 2798 3357 quia
2819 3289 3019 3345 Christi
3055 3292 3295 3348 cohmres
3311 3292 3423 3361 jam

1834 3392 1957 3434 esse
1985 3378 2170 3444 C(Bpit,
2201 3378 2266 3431 ad
2296 3377 2450 3447 cujus
2492 3378 2855 3434 beatissimam
2886 3379 3030 3435 illam
3060 3392 3223 3451 atque
3260 3382 3421 3438 laetis-

1834 3468 2023 3523 simam
2054 3467 2419 3523 haereditatem
2459 3468 2587 3524 totis
2614 3468 2897 3526 desideriis
2936 3469 3254 3539 ingemiscit.
3285 3471 3419 3529 Μω-

1834 3572 1959 3612 rens
1988 3566 2167 3611 autem
2208 3556 2425 3624 dicitur,
2458 3564 2517 3611 ut
2545 3557 2904 3627 perfectorum
2944 3558 3120 3615 luctus
3148 3560 3420 3616 inenarra~

1834 3648 1955 3703 bilis
1983 3662 2107 3703 esse
2127 3648 2457 3716 designetur.
2488 3648 2717 3705 Mmrere
2746 3658 2926 3705 autem
2967 3666 3075 3706 non
3118 3653 3422 3720 quomodo-

1834 3737 1985 3804 libet,
2009 3739 2104 3793 sed
2132 3737 2579 3795 affectuOsissime
2607 3738 2738 3795 flere
2756 3748 2859 3797 est.
2874 3741 3010 3807 Quia
3029 3742 3169 3796 enim
3190 3742 3423 3813 Spiritus

1835 3828 2008 3883 sancti
2036 3830 2210 3897 gratia
2231 3827 2424 3897 repleti
2444 3836 2591 3893 sunt,
2619 3827 2686 3882 ad
2710 3826 2855 3881 illam
2878 3826 3098 3883 ﬂetuum
3120 3829 3420 3885 ubertatem

1834 3928 2197 3990 pervenerunt
2225 3933 2387 3989 quam
2417 3918 2664 3987 egregius
2692 3916 2886 3973 doctor
2914 3918 3137 3983 asserit,
3190 3919 3376 3974 dicens
3401 3936 3419 3972 :

1837 4007 1961 4079 Ipse
1990 4018 2161 4062 autent
2183 4008 2413 4076 Spiritus
2441 4007 2668 4077 postulat
2687 4023 2783 4077 pro
2812 4006 2956 4061 nobis
2982 4006 3257 4074 gemitibus
3279 4009 3419 4065 iner-

1836 4101 2086 4155 rabilibus
2110 4099 2289 4172 (Rom.
2307 4115 2420 4163 vni,
2443 4098 2555 4170 26).
2576 4097 2804 4154 Mmrens
2828 4099 2993 4153 etiam
3019 4098 3187 4154 frater
3203 4099 3419 4165 dicitur,

1838 4192 1964 4264 quia
2018 4191 2369 4261 Redemptori
2425 4190 2480 4245 in
2533 4203 2727 4259 magna
2782 4190 3146 4245 familiaritate
3196 4191 3420 4261 perfecti

1835 4287 2034 4357 quique
2056 4283 2331 4353 conjuncti
2361 4290 2504 4338 sunt.
2534 4280 2706 4350 Quem
2736 4282 2881 4339 enim
2925 4283 3268 4353 singulariter
3313 4284 3423 4340 Rc-

1837 4376 2087 4445 demptor
2106 4373 2297 4443 diligit,
2316 4387 2474 4442 quem
2496 4372 2752 4440 singulari
2783 4371 3040 4442 dignitate
3065 4374 3132 4428 ad
3149 4383 3420 4445 perpetua

1765 4485 1814 4544 ι)
1838 4465 2163 4523 Ιιτετθᾱὶιαιὶε
2190 4464 2583 4535 possessionem
2612 4464 2810 4528 nutrit,
2841 4480 2965 4519 cum
3001 4464 3165 4519 frater
3188 4466 3305 4534 ejus
3328 4482 3418 4521 as-

1836 4561 2052 4624 seritur,
2104 4556 2360 4627 singulari
2409 4570 2635 4611 numero
2679 4554 3001 4610 declaratur.
3051 4554 3203 4611 Unde
3252 4566 3309 4612 et
3350 4557 3417 4612 ad

1837 4650 2059 4722 Moysen
2099 4646 2252 4716 quasi
2298 4645 2622 4713 singularem
2652 4644 2882 4700 amicum
2909 4644 3037 4698 dicit
3066 4662 3081 4697 :
3110 4644 3246 4699 Novi
3278 4656 3325 4699 te
3350 4662 3415 4700 ea:

1837 4741 2043 4797 nomine
2072 4736 2267 4810 (Exod.
2302 4750 2498 4799 χχχιιι,
2532 4731 2644 4803 ιε).
2672 4730 2812 4787 Hinc
2834 4743 2917 4787 est
2943 4732 3088 4801 quod
3117 4733 3185 4788 de
3208 4732 3417 4788 Joanne

1838 4833 1894 4889 in
1924 4829 2212 4899 Evangelio
2240 4827 2471 4883 dicitur:
2501 4826 2604 4880 Hic
2638 4836 2715 4881 est
2741 4825 3025 4895 discipulus
3050 4825 3138 4880 ille
3162 4841 3309 4896 quem
3333 4825 3417 4877 di-

1837 4927 2027 4998 ligebat
2053 4923 2204 4979 Jesus
2235 4922 2414 4993 (Joan.
2445 4936 2564 4987 nt,
2594 4918 2709 4989 20).
2740 4918 2841 4985 Qui
2869 4916 3013 4972 enim
3042 4931 3230 4971 omnes
3258 4915 3417 4971 disci-

1837 5018 1994 5089 pulos
2038 5014 2193 5070 valde
2240 5012 2525 5082 diligebat,
2575 5010 2703 5065 dum
2746 5010 2892 5063 hunc
2934 5007 3156 5074 diligere
3198 5004 3413 5071 dicitur,

1837 5111 2005 5166 frater
2045 5108 2300 5179 singulari
2333 5119 2557 5161 numero
2603 5104 3018 5159 demonstratur.
3066 5100 3124 5154 In
3154 5099 3240 5155 die
3269 5099 3356 5153 illa
3384 5113 3417 5155 α

1836 5200 2059 5270 Magmis
2088 5214 2258 5269 usque
2295 5198 2347 5251 in
2376 5196 2513 5251 Aion
2542 5193 2841 5248 Philisttnos
2869 5199 3181 5259 arrogantes
3224 5203 3413 5258 percu-

1839 5290 1993 5355 t'unt,
2026 5288 2153 5356 quia
2183 5296 2242 5339 ut
2275 5285 2451 5339 lucem
2477 5282 2658 5351 glorim
2697 5280 2968 5336 saecularis
2993 5278 3277 5346 accipiant,
3307 5292 3413 5330 nou

1836 5379 2013 5435 solum
2058 5377 2296 5447 parvulis
2325 5390 2487 5444 parva
2518 5373 2842 5443 prmdicant,
2891 5369 2984 5424 sed
3012 5367 3117 5422 alta
3143 5382 3265 5437 quae
3293 5382 3416 5437 per~

1834 5468 2089 5524 fectiores
2115 5474 2428 5537 agnoscant.
2460 5464 2528 5518 Et
2554 5464 2677 5532 quia
2701 5479 2821 5517 cum
2850 5462 2950 5518 sibi
2982 5476 3076 5529 per
3102 5460 3414 5516 intentionis

1836 5557 2240 5629 perversitatem
2271 5555 2466 5609 obsunt
2510 5553 2780 5609 nonnullis
2826 5553 2879 5606 in
2910 5550 3123 5605 Christo
3152 5550 3408 5619 parvulis,

1838 5650 2076 5722 pluribus
2106 5648 2265 5704 etiam
2305 5644 2712 5721 pcrfcctioribus
2759 5650 2982 5714 prosunt
3030 5641 3328 5713 loquendo,
3376 5655 3414 5699 λ
