3948 6278
533 270 633 325 583

1753 263 1996 322 SANCTI
2035 258 2366 319 GREGORll
2404 258 2613 315 MAGNI
3700 263 3785 321 384

531 384 760 447 tiagmis
802 403 974 458 usque
1003 387 1057 441 iu
1088 386 1220 439 Aion
1254 399 1359 439 non
1392 396 1660 453 pugnare,
1713 367 1807 437 §ed
1838 390 2123 452 percutere
2160 382 2194 436 Α
2230 376 2422 431 tollunt
2450 375 2593 445 quod
2616 375 2809 444 aliquis
2837 384 3032 445 Sponte
3064 390 3170 431 non
3204 375 3410 431 tribuit.
3442 373 3686 445 Sequitur
3712 398 3726 432 :

535 480 803 536 dicuntur.
829 480 1131 534 Philistteos
1150 470 1363 547 quidem
1392 482 1695 544 percutere,
1710 481 1793 527 est
1813 474 2114 526 daemonum

534 570 772 634 insidias,
797 570 881 624 vel
907 570 1155 623 vitiorum
1181 564 1512 637 tyrannidem
1536 564 1604 618 ab
1626 564 1921 619 electorum
1950 563 2114 616 corde

535 662 820 730 perimere.
850 660 955 715 Sed
986 673 1127 727 saepe
1157 657 1281 711 elati
1310 657 1560 711 doctores
1590 656 1707 709 aliis
1754 672 1849 724 per
1890 653 2112 707 verbum

533 759 778 819 prosunt,
811 759 867 803 et
913 748 1156 818 ejusdem
1205 747 1354 802 verbi
1404 746 1587 801 laudes
1632 746 1802 800 nullas
1846 745 2113 813 accipiunt

531 856 669 908 quas
705 840 1113 908 concupiscunt.
1147 835 1297 891 Unde
1347 844 1403 890 et
1451 836 1758 904 frequenter
1785 833 2015 895 accidit,
2058 841 2117 887 ut

533 928 658 981 dum
688 927 893 981 laudari
926 935 981 981 et
1009 926 1186 980 ellerri
1215 941 1274 979 se
1295 927 1457 996 319
1485 941 1592 979 non
1629 924 1997 988 considerant,
2025 937 2121 976 ve-

532 1018 612 1072 lut
640 1016 843 1085 fatigati
883 1016 1091 1086 magnis
1121 1015 1395 1071 laboribus
1434 1016 1826 1070 obmutescam.
1856 1013 2034 1080 Quare
2064 1022 2120 1069 et

532 1108 776 1162 subditur
805 1123 817 1160 :

608 1197 780 1267 (Vers.
813 1196 924 1266 3i.)
961 1195 1292 1267 Defatigatus
1322 1205 1398 1249 est
1427 1205 1597 1249 autem
1623 1194 1839 1265 populus
1869 1195 2042 1247 nimis.

606 1287 721 1341 Mos
749 1302 965 1356 quoque
987 1302 1109 1341 esse
1139 1287 1404 1340 elatorum
1425 1285 1563 1339 solet
1594 1292 1652 1338 ut
1677 1301 1800 1338 cu.n
1828 1285 1895 1337 ab
1923 1298 2110 1338 eorum

533 1376 776 1431 laudibus
808 1376 981 1444 lingua
1004 1375 1177 1429 aliena
1200 1375 1341 1439 silet,
1374 1374 1657 1427 aestimatio
1678 1388 1776 1427 sua
1799 1388 1905 1425 non
1935 1372 2111 1428 sileat.

533 1469 853 1526 Tacentibus
880 1467 1093 1535 quidem
1123 1466 1240 1520 aliis
1281 1466 1537 1531 clamant,
1592 1465 1715 1534 quia
1746 1464 2117 1518 aestimationis

529 1578 639 1618 suae
664 1560 930 1631 prmcouia
962 1560 1013 1613 in
1043 1560 1206 1613 corde
1236 1566 1473 1629 portant.
1506 1557 1651 1611 Bene
1676 1569 1803 1624 ergo
1831 1555 1899 1609 de
1923 1555 2114 1611 eodem

531 1653 731 1724 populo
757 1650 1005 1706 subditur
1034 1669 1047 1704 :

603 1744 789 1815 (Vers.
837 1742 957 1813 δί.)
1010 1741 1078 1795 Et
1115 1758 1285 1795 versus
1327 1740 1545 1811 populus
1592 1738 1661 1791 ad
1700 1739 1959 1810 praedam,
2002 1739 2117 1792 tulit

529 1852 662 1900 ores,
688 1843 734 1888 et
765 1835 932 1899 boves,
956 1817 1015 1885 εί
1035 1832 1237 1896 vitulos,
1268 1840 1317 1885 et
1346 1838 1632 1883 mactavere
1661 1830 1715 1883 iit
1741 1838 1903 1897 terra,
1945 1845 2116 1883 conte-

530 1926 702 1994 ditque
721 1924 938 1994 populus
966 1938 1078 1974 cum
1106 1921 1378 1991 sanguine.

602 2013 688 2067 '59.
721 2012 859 2067 Oves
885 2011 1098 2080 quidem
1129 2008 1286 2073 tollit,
1316 2008 1406 2077 qui
1439 2008 1760 2063 innocentia:
1786 2022 1898 2061 suae
1926 2021 2116 2062 causas

532 2103 857 2174 multiplices
893 2102 959 2156 ad
988 2102 1280 2156 elationem
1324 2097 1533 2153 recolit.
1580 2098 1753 2154 Boves
1784 2097 1835 2152 in
1881 2097 2113 2167 praedam

530 2195 701 2258 tollit,
732 2192 951 2262 quando
984 2192 1197 2246 labores
1227 2189 1622 2260 prtedieationis
1664 2204 1772 2244 sua:
1801 2189 2035 2256 cogitat,
2066 2196 2121 2243 et

529 2283 788 2355 quidquid
813 2283 931 2337 aliis
960 2281 1250 2351 loquendo,
1283 2281 1429 2334 velut
1461 2290 1657 2334 terram
1677 2279 1975 2335 excolendo
1997 2295 2121 2349 pro-

529 2376 679 2441 fecit,
712 2374 1059 2428 memorando
1089 2379 1397 2427 coacervat.
1430 2370 1641 2426 Vitulos
1678 2370 1847 2437 tollit,
1882 2385 2004 2425 cum
2048 2370 2117 2426 de

529 2483 596 2521 eo
623 2466 897 2520 extollitur
923 2463 1067 2533 quod
1099 2463 1395 2532 compressi
1419 2470 1596 2517 motus
1620 2462 1853 2517 lascivia:
1878 2462 1945 2516 ad
1970 2466 2119 2516 menJ

533 2567 641 2611 tem
674 2554 1020 2610 reducuntur.
1054 2552 1189 2619 Quia
1220 2554 1362 2607 enim
1395 2553 1501 2607 duo
1532 2552 1585 2605 in
1631 2566 1824 2621 magna
1850 2552 2120 2621 justorum

529 2648 688 2703 laude
723 2653 987 2718 prrecepta
1030 2650 1191 2709 sunt;
1236 2643 1487 2698 videlicet
1515 2643 1771 2713 splendor
1815 2643 2114 2709 cbaritatis,

528 2755 650 2794 cum
682 2738 803 2793 luce
832 2737 958 2792 boni
989 2735 1196 2805 operis,
1231 2735 1359 2789 dum
1387 2735 1744 2790 aestimatione
1770 2749 1866 2789 sua
1891 2734 2119 2803 quisque

529 2841 793 2896 arrogans
818 2826 1112 2890 extollitur,
1146 2834 1201 2880 et
1226 2839 1385 2892 oves,
1415 2833 1470 2879 et
1496 2825 1692 2882 vitulos
1720 2825 1911 2881 tollere
1938 2826 2119 2895 perhi-

528 2923 706 2976 betur.
739 2918 878 2974 Oves
906 2918 1123 2988 quidem
1155 2918 1207 2971 in
1239 2918 1544 2972 innocentia
1573 2919 1835 2973 bonorum
1863 2932 2112 2987 operum,

531 3011 726 3065 vitulos
765 3025 895 3064 vero
935 3008 989 3063 in
1030 3008 1449 3063 mortiticatione
1496 3008 1856 3078 corporalium
1904 3009 2111 3077 passio-

528 3119 673 3157 num.
707 3102 909 3168 Qnibus
938 3101 1186 3156 nimirum
1219 3101 1385 3155 boves
1415 3101 1673 3167 inseruit,
1717 3101 1843 3170 quia
1873 3100 2114 3169 perfecte

530 3209 635 3247 non
674 3193 971 3254 extollitur,
1017 3191 1108 3259 qui
1155 3205 1215 3245 se
1264 3191 1534 3245 infirmum
1576 3197 1630 3245 et
1680 3192 2034 3259 impotentem
2067 3191 2119 3247 in

531 3293 685 3354 parte
714 3283 894 3351 aliqua
926 3281 1342 3350 contemplatur.
1379 3279 1601 3347 Magnus
1625 3280 1844 3348 quidem
1874 3281 2014 3350 apud
2060 3296 2119 3337 se

531 3374 638 3441 iam
668 3380 753 3426 est
781 3369 1137 3424 mtimatione
1166 3369 1434 3439 pudic'tiae
1462 3377 1518 3423 et
1545 3369 1671 3424 boni
1700 3369 1907 3439 operis,
1939 3370 2033 3425 sed
2065 3369 2119 3425 in

531 3463 671 3516 fastu
700 3459 978 3529 amplioris
1005 3458 1255 3513 elationis
1281 3474 1339 3513 se
1364 3458 1559 3525 elevat,
1584 3459 1711 3515 dum
1743 3459 2038 3529 perfectum
2061 3474 2121 3517 se

533 3552 723 3608 recolit
766 3552 815 3604 in
850 3550 1034 3605 labore
1064 3548 1480 3621 praedicationis.

602 3641 706 3697 Sed
737 3642 852 3696 ha-c
881 3639 1059 3695 omnia
1104 3638 1171 3693 ad
1199 3654 1358 3708 quem
1387 3639 1546 3693 tinem
1585 3640 1962 3710 perducantur,
1992 3642 2120 3698 sub-

514 3743 819 3807 sequenter
844 3733 1147 3804 expositum
1179 3742 1262 3787 est
1292 3749 1304 3785 :
1338 3731 1408 3786 Et
1441 3740 1727 3787 mactarere
1772 3735 1827 3789 in
1870 3722 2025 3789 terra.
2059 3735 2115 3789 ln

533 3834 671 3879 terra
697 3840 846 3889 oves,
876 3831 932 3878 et
977 3824 1163 3889 boves,
1196 3830 1253 3877 et
1283 3823 1480 3877 vitulos
1507 3832 1768 3890 mactare,
1800 3833 1882 3879 est
1909 3825 1979 3880 de
2009 3826 2119 3880 vir-

533 3924 702 3967 tutum
730 3912 1081 3979 conscientia,
1133 3912 1237 3966 ima
1269 3921 1324 3967 et
1361 3911 1562 3966 carnali
1595 3912 1775 3967 lititia
1821 3914 2114 3968 exsultare.

535 4003 683 4057 Unde
714 4012 768 4057 et
792 4018 886 4072 per
911 4001 1104 4055 Oscam
1125 4001 1192 4055 de
1221 4000 1377 4055 elatis
1402 4010 1458 4057 et
1481 4003 1856 4070 arrogantibus
1876 4003 2073 4058 dicitur
2100 4021 2114 4057 :

539 4094 788 4147 l’ictimas
826 4092 1188 4163 demergebant
1216 4093 1269 4145 in
1321 4091 1634 4161 profundum
1665 4091 1811 4161 (Ose.
1846 4108 1900 4159 v,
1929 4092 2006 4161 9.).
2056 4091 2114 4147 In

533 4182 853 4253 profundum
900 4182 1115 4250 quidem
1167 4180 1404 4235 victimas
1434 4189 1697 4249 mergunt,
1747 4181 1837 4250 qui
1869 4182 2119 4237 etelestes

534 4278 793 4356 virtutum
823 4277 1024 4331 hostias
1052 4291 1160 4331 non
1193 4277 1246 4329 iu
1274 4276 1471 4331 cmlum
1501 4291 1597 4345 per
1624 4276 1918 4344 gratiarum
1947 4280 2111 4333 actio-

534 4384 667 4423 nem.
696 4367 1005 4436 sublevant,
1037 4366 1129 4422 sed
1161 4367 1228 4422 ad
1276 4376 1469 4421 terram
1510 4383 1607 4436 per
1635 4369 1935 4437 appetitum
1969 4386 2117 4425 vana:

534 4462 708 4519 laudis
736 4460 1010 4517 inclinant.
1047 4459 1199 4515 Unde
1225 4468 1279 4514 et
1305 4460 1445 4514 bene
1471 4459 1754 4514 subditur:
1789 4461 2117 4534 Comeditque

533 4550 751 4624 populus
782 4566 895 4603 cum
927 4549 1199 4620 sanguine.
1230 4547 1422 4603 Mentis
1459 4547 1611 4603 cibus
1640 4547 1848 4603 interna
1878 4547 1992 4617 ejus
2022 4551 2137 4605 la:-

533 4644 648 4696 titia
676 4650 777 4696 est.
805 4640 940 4707 Quid
972 4648 1055 4695 est
1083 4652 1211 4707 ergo
1234 4638 1520 4693 comedere
1549 4654 1670 4693 cum
1700 4639 1982 4707 sanguine,
2013 4640 2116 4695 nisi

534 4734 602 4787 ab
632 4733 843 4787 interno
869 4731 1111 4802 appetitu
1156 4729 1351 4785 mentis
1377 4730 1730 4785 intentionem
1761 4731 1884 4785 vani
1917 4730 2117 4787 favoris

535 4838 873 4893 nequaquam
902 4824 1220 4877 removere?
1250 4819 1409 4876 Velut
1435 4820 1578 4876 enim
1606 4821 1824 4889 sanguis
1844 4820 2116 4891 abjicitur,

535 4930 656 4971 cum
677 4929 829 4969 mens
853 4929 882 4967 a
906 4913 1097 4983 gaudio
1125 4912 1253 4968 boni
1275 4912 1457 4982 operis
1488 4912 1845 4968 intentionem
1876 4924 2120 4970 removet

537 5006 807 5060 vanitatis.
831 5004 1144 5076 Huiusmodi
1171 5006 1312 5061 enim
1336 5021 1490 5061 mens
1515 5006 1684 5062 lactari
1706 5007 1761 5060 in
1789 5007 1930 5063 bono
1954 5022 2120 5077 opere

534 5098 705 5162 novit,
736 5097 859 5167 quia
890 5097 1322 5168 appropinquare
1340 5096 1651 5153 caelestibus
1674 5112 1774 5167 per
1792 5111 1957 5167 opera
1980 5097 2119 5152 bona

535 5187 765 5256 gaudet,
798 5202 916 5257 qua:
961 5188 1015 5243 in
1067 5188 1267 5244 eisdem
1296 5189 1553 5260 operibus
1599 5189 1766 5245 videri
1805 5189 1873 5243 ad
1902 5200 2121 5259 tempus

534 5279 747 5349 refugit.
779 5280 913 5335 Cum
953 5280 1215 5349 sanguine
1244 5295 1386 5350 ergo
1415 5280 1721 5349 comedere,
1750 5289 1834 5336 est
1862 5280 2114 5351 gaudium

536 5372 662 5427 boni
705 5374 883 5443 operis
911 5387 1125 5428 sumere
1153 5374 1475 5443 permixtum
1503 5373 1754 5429 vanitatis
1793 5372 2109 5428 intentione.

537 5464 687 5529 Quod
717 5466 964 5521 nimirum
994 5482 1117 5521 eum
1167 5468 1235 5522 ab
1262 5466 1380 5521 aliis
1410 5466 1656 5533 offertur,
1701 5466 1860 5521 elatis
1886 5466 2113 5536 simplex

535 5557 684 5612 cibus
710 5567 825 5625 est;
856 5574 977 5614 cum
1007 5574 1138 5613 vero
1167 5560 1329 5615 nullis
1358 5559 1728 5625 laudantibus,
1781 5561 2113 5615 conscientia

534 5648 888 5719 superborum
918 5650 1243 5719 intumescit,
1276 5652 1428 5723 quasi
1460 5668 1556 5723 per
1584 5653 1818 5723 puellam
1848 5654 2112 5712 violenter

2296 466 2482 536 (Vers.
2499 466 2589 532 33,
2606 465 2719 537 54.)
2741 466 3059 521 Nuntiavere
3081 476 3248 521 autem
3268 468 3399 521 Saul
3424 466 3641 522 dicentes
3665 475 3784 536 quod

2221 556 2436 625 populus
2482 567 2714 625 peccaret
2766 557 3014 624 Domino,
3065 559 3337 613 comedens
3380 576 3497 612 cum
3539 565 3784 630 sanguine.

2223 647 2323 709 Qui
2363 648 2456 712 ait,
2482 649 2807 716 prrevaricati
2848 650 2992 702 estis.
3046 648 3244 704 l'olrite
3287 651 3355 702 ad
3393 667 3475 703 me
3493 651 3602 719 jam
3626 669 3787 708 saxum

2222 737 2439 806 grande.
2476 736 2545 789 Et
2574 738 2708 790 dixit
2731 737 2862 791 Saul
2887 754 2905 791 :
2938 738 3309 810 Dispergimini
3330 742 3385 793 in
3416 740 3613 810 vulgus,
3644 751 3689 793 et
3714 745 3785 797 di-

2220 824 2318 877 cite
2343 826 2415 876 eis
2436 833 2490 876 ut
2512 824 2734 877 adducat
2756 827 3099 898 ttattsquisque
3119 827 3292 880 borem
3315 844 3484 889 suum,
3503 838 3553 880 et
3578 830 3786 893 arietem,

2220 922 2270 967 et
2313 914 2529 967 occidite
2558 930 2711 982 super
2750 915 2903 968 istum
2943 916 3196 986 lapidem,
3240 928 3291 972 et
3320 919 3601 984 vescimini,
3630 929 3675 973 et
3700 938 3786 976 non

2220 1003 2496 1073 peccabitis
2527 1002 2751 1059 Domino
2782 1021 2897 1058 cum
2925 1007 3179 1074 sanguine
3207 1006 3548 1061 comedentes.

2291 1116 2378 1169 40.
2422 1114 2843 1171 Ρι-ωᾶίοίιιοτυηι
2874 1126 3075 1173 sancta:
3121 1118 3374 1174 Ecclesia:
3404 1121 3672 1191 vaprium
3698 1133 3785 1193 est,

2220 1222 2274 1268 et
2300 1220 2636 1282 perpetratas
2662 1213 2846 1283 culpas
2891 1215 3318 1285 reprehendere,
3352 1224 3407 1270 et
3449 1217 3676 1286 qualiter
3710 1235 3785 1275 re-

2223 1305 2503 1375 prehensa:
2542 1304 2697 1359 vitari
2754 1304 3021 1369 debeant,
3072 1316 3393 1362 monstrare.
3458 1306 3791 1378 Reprehensm

2223 1397 2439 1466 quidem
2465 1396 2827 1462 innotescunt,
2855 1397 2949 1452 sed
2976 1398 3021 1453 si
3042 1398 3200 1453 vitari
3230 1398 3561 1465 nesciantur,
3585 1409 3792 1456 ostensa;

2223 1505 2251 1542 r
2285 1496 2558 1557 petuntur.
2592 1486 2729 1553 Quid
2762 1488 2815 1541 in
2846 1487 2946 1543 hac
2988 1488 3263 1556 sanguinis
3308 1489 3658 1558 comestione,
3705 1491 3791 1547 nisi

2224 1576 2399 1630 latens
2422 1574 2669 1630 elationis
2691 1574 2840 1629 virus
2861 1575 3199 1630 ostenditur?
3219 1574 3464 1631 Latentia
3486 1586 3659 1632 autem
3680 1578 3791 1633 vitia

2153 1684 2193 1741 ῃ
2227 1665 2326 1720 nisi
2357 1664 2602 1734 exposita
2647 1680 2755 1718 non
2796 1671 3071 1719 curantur.
3106 1663 3175 1719 Ut
3220 1680 3351 1735 ergo
3398 1665 3790 1736 prtedicatorum

2229 1769 2409 1808 mores
2437 1754 2599 1824 320
2624 1752 2875 1817 insinuet,
2900 1753 3026 1807 Saul
3054 1754 3202 1824 prius
3222 1754 3624 1824 praevaricatum
3650 1754 3791 1811 fuisse

2225 1846 2483 1916 populum
2514 1844 2730 1911 asserit,
2777 1845 2971 1900 deinde
3001 1846 3052 1900 in
3083 1845 3260 1915 lapide
3303 1846 3475 1901 occidi
3506 1861 3621 1917 qua:
3662 1861 3794 1901 man-

2224 1938 2424 1993 ducent
2466 1936 2714 1991 animalia
2754 1937 3010 2006 przccipit.
3036 1936 3145 1993 Sed
3174 1953 3395 2003 saxum,
3426 1938 3540 1993 sive
3578 1936 3790 2008 lapidem

2225 2025 2497 2091 novimus,
2530 2025 2654 2095 quia
2694 2026 2836 2080 hunc
2862 2024 3060 2082 Paulus
3090 2026 3357 2094 ostendit,
3390 2028 3574 2083 dicens
3603 2046 3616 2081 :
3651 2027 3793 2086 Petra

2225 2123 2394 2168 autent
2415 2123 2525 2168 erat
2554 2113 2789 2169 Christus
2818 2113 2870 2186 (ι
2894 2113 3014 2169 Cor.
3039 2131 3092 2180 x,
3123 2115 3203 2185 4).
3235 2115 3395 2186 Lapis
3422 2132 3551 2171 vero
3579 2116 3642 2170 ad
3667 2098 3789 2186 pra:-

2226 2206 2521 2261 dieatorem
2579 2205 2853 2271 volvitur,
2907 2221 3028 2261 cum
3085 2222 3268 2261 coram
3321 2221 3389 2261 eo
3439 2205 3792 2276 Redemptoris

2225 2295 2471 2364 exempla
2503 2302 2889 2349 memorantur.
2936 2293 3158 2350 Devolvi
3202 2296 3366 2350 etiam
3409 2294 3624 2362 dicitur,
3654 2304 3707 2349 ut
3731 2311 3789 2350 ex

2226 2386 2373 2441 omni
2420 2393 2572 2454 parte
2601 2385 2865 2439 videatur.
2894 2383 3125 2440 Grandis
3151 2401 3280 2442 vero
3318 2386 3498 2442 dictus
3525 2394 3638 2452 est,
3678 2387 3786 2456 quia

2227 2492 2322 2546 per
2351 2475 2627 2530 Danielem
2670 2489 2918 2531 crescere
2961 2477 3294 2546 perhibetur,
3336 2486 3391 2532 et
3421 2492 3633 2533 omnem
3662 2477 3788 2532 orbis

2229 2564 2417 2622 faciem
2448 2567 2673 2636 implere
2724 2566 2888 2636 (Dan.
2932 2567 3013 2639 ιι).
3064 2567 3180 2622 Νοη
3211 2583 3341 2638 ergo
3387 2568 3788 2638 quomodolibet,

2224 2662 2317 2717 sed
2344 2661 2410 2716 ab
2432 2671 2662 2731 utroque
2692 2661 2862 2716 latere
2887 2661 3163 2717 revolutus
3187 2661 3465 2732 aspicitur,
3490 2670 3549 2717 ut
3572 2664 3636 2716 ab
3656 2677 3788 2715 arro-

2222 2756 2474 2825 gantibus
2497 2755 2860 2825 conspiciatur
2886 2754 3048 2819 Deus,
3081 2762 3138 2809 et
3163 2769 3351 2809 eorum
3377 2770 3423 2809 a‘
3440 2755 3677 2823 rogantia
3702 2754 3784 2809 de-

2222 2847 2505 2916 primatur.
2537 2844 2727 2899 Videat
2756 2859 2886 2913 ergo
2926 2858 3185 2913 arrogans
3213 2859 3373 2914 quam
3404 2852 3595 2914 potens
3621 2844 3670 2897 in
3694 2846 3785 2899 vir-

2226 2944 2371 3003 tute,
2408 2952 2569 3005 quam
2599 2936 2842 2990 sublimis
2887 2935 2940 2990 in
2973 2934 3274 3004 majestate,
3326 2949 3489 3004 quam
3521 2934 3716 2989 humilis
3742 2936 3786 2991 in

2225 3029 2435 3095 virtute,
2463 3028 2793 3098 Redemrtor
2823 3037 3003 3084 noster
3031 3029 3298 3099 apparuit.
3337 3028 3471 3082 Nam
3497 3044 3662 3086 caseos
3688 3029 3786 3082 illu-

2226 3123 2464 3187 minans,
2506 3136 2676 3189 aegros
2723 3136 2920 3175 sanans
2963 3120 3178 3191 (Matth.
3220 3120 3319 3191 Ix),
3362 3122 3697 3192 prtecipiebat
3737 3130 3787 3175 ut

2222 3209 2366 3278 quod
2416 3218 2668 3279 potenter
2698 3210 2897 3278 egisset
2941 3210 3143 3265 nemini
3190 3210 3483 3265 diceretur.
3529 3211 3587 3265 ln
3629 3220 3785 3266 monte

2222 3300 2580 3369 resplenduit,
2606 3298 2823 3354 Patrem
2851 3300 3214 3355 testimonium
3241 3316 3351 3355 sua:
3376 3301 3660 3356 divinitatis
3678 3317 3783 3371 pro-

2225 3389 2389 3455 duxit,
2440 3398 2496 3443 et
2541 3399 2721 3444 tamen
2754 3390 3028 3460 discipulis
3057 3391 3132 3445 ait
3165 3409 3177 3443 ε
3210 3388 3427 3445 Nemini
3469 3392 3693 3446 dixeritis
3718 3396 3781 3445 ri-

2220 3480 2417 3532 sionem
2446 3480 2579 3533 hanc
2596 3521 2612 3546 ,
2645 3480 2806 3534 donec
2832 3479 3001 3534 Filius
3024 3481 3244 3535 hominis
3273 3497 3305 3533 a
3333 3482 3549 3536 mortuis
3573 3492 3783 3549 resurgat

2223 3566 2441 3635 (Matth.
2475 3584 2604 3632 xvn,
2637 3566 2714 3637 9).
2748 3566 2813 3621 Et
2850 3568 3080 3623 fortasse
3124 3568 3327 3623 idcirco
3358 3578 3662 3637 resurgente
3688 3565 3784 3636 jam

2224 3658 2471 3724 Domino,
2503 3658 2570 3713 ad
2600 3669 3008 3713 monumentum
3040 3659 3264 3728 angelus
3303 3674 3389 3729 ap)
3413 3659 3583 3726 aruit,
3623 3658 3704 3727 qui
3729 3658 3784 3711 ab

2222 3745 2340 3815 ejus
2359 3748 2497 3803 ostio
2520 3747 2753 3817 lapidem
2778 3748 3024 3802 revolvit.
3053 3747 3204 3802 Tunc
3228 3750 3430 3818 quippe
3461 3745 3783 3802 revolvendus

2223 3846 2342 3892 crat
2369 3838 2521 3907 lapis,
2554 3840 2676 3906 quia
2705 3838 2951 3895 Christus
2979 3854 3139 3895 verus
3168 3838 3332 3894 homo
3362 3847 3420 3895 et
3449 3848 3635 3908 potens
3666 3837 3788 3892 Deus

2225 3936 2350 3998 post
2374 3928 2785 3983 resurrectionis
2804 3929 3026 3998 g‘oriam
3050 3937 3166 3984 erat
3187 3929 3580 3998 agnoscendus.
3606 3927 3658 3983 Si
3676 3941 3789 3995 ergo

2227 4032 2387 4072 unam
2417 4026 2620 4087 partem
2652 4019 2842 4087 lapidis
2871 4020 3082 4089 aspexit
3110 4020 3307 4084 elatus,
3339 4020 3526 4075 volvat
3561 4018 3789 4089 lapidein,

2225 4120 2281 4162 et
2308 4107 2464 4161 aliam
2497 4106 2696 4162 videat.
2731 4107 2847 4163 Non
2873 4111 3323 4180 qualitercunque
3348 4110 3583 4180 lapidem
3611 4110 3786 4172 videat,

2226 4200 2350 4268 quia
2376 4215 2481 4255 non
2506 4209 2591 4254 est
2612 4209 2855 4255 mortuus
2879 4199 3024 4255 Chri
3041 4210 3145 4266 tus,
3171 4202 3264 4258 sed
3293 4202 3595 4258 revolutum
3616 4202 3675 4256 ab
3698 4216 3788 4255 an-

2225 4289 2366 4357 gelo,
2398 4290 2523 4359 quia
2544 4306 2575 4344 a
2600 4290 2827 4345 mortuis
2852 4292 3169 4347 resurrexit.
3200 4290 3445 4361 Aspiciat
3471 4307 3597 4362 ergo
3623 4290 3786 4346 facun-

2149 4359 2198 4417 Ῑ)
2225 4380 2366 4434 diam
2398 4381 2797 4449 praedicationis
2824 4382 2973 4450 hinc,
3001 4390 3057 4438 et
3086 4359 3297 4449 volvat,
3333 4391 3389 4438 et
3419 4359 3640 4438 miretur
3661 4382 3787 4436 iliinc

2223 4473 2568 4543 Splendorem
2594 4475 2934 4530 humilitatis.
2967 4475 3161 4531 Videat
3202 4476 3481 4545 signorum
3512 4474 3785 4547 potentiam

2222 4565 2438 4631 hinc,et
2463 4566 2587 4622 inde
2606 4567 2785 4623 videat
2811 4568 2936 4636 quia
2963 4569 3052 4637 qui
3082 4568 3295 4622 virtutis
3324 4568 3568 4637 potentia
3598 4566 3786 4627 claruit,

2224 4661 2467 4715 eamdem
2498 4661 2753 4716 virtutem
2803 4670 3075 4731 prmcepto
3111 4661 3310 4717 silentii
3356 4658 3660 4716 occultavit.
3697 4658 3786 4714 Sed

2223 4749 2350 4804 dum
2397 4750 2545 4805 videt
2590 4760 2797 4820 partem
2845 4752 3136 4815 humilem,
3182 4750 3362 4804 videat
3408 4759 3463 4804 et
3506 4749 3785 4804 sublimem.

2226 4840 2365 4895 Ecce
2394 4840 2610 4895 humilis
2641 4857 2767 4911 pars
2794 4841 2984 4911 lapidis
3009 4842 3264 4906 cernitur,
3296 4841 3419 4908 quia
3443 4840 3597 4896 dicit:
3624 4840 3786 4893 "umi-

2224 4930 2364 4985 liavit
2413 4932 2773 5001 ssmetipsum,
2826 4933 2995 5002 factus
3024 4930 3263 4986 obedieus
3302 4947 3461 5002 usque
3500 4931 3570 4984 ad
3597 4940 3787 4985 mortem

2225 5019 2448 5089 (Philip.
2490 5037 2558 5086 tt,
2591 5021 2668 5091 8).
2701 5021 2808 5077 8ιὰ
2845 5024 2888 5077 si
2936 5023 3035 5076 ista
3067 5036 3194 5092 pars
3229 5021 3489 5087 volvitur,
3519 5022 3684 5077 altera
3716 5036 3786 5075 re-

2226 5112 2456 5175 velatur,
2473 5112 2596 5181 quia
2618 5112 2958 5181 subjungitur
2975 5130 2986 5165 :
3004 5111 3227 5182 Propter
3246 5111 3385 5179 quod
3402 5109 3546 5177 Dens
3568 5111 3785 5166 exultavit

2220 5201 2390 5269 illum,
2403 5210 2452 5255 et
2471 5201 2679 5256 donavit
2694 5202 2774 5256 itii
2793 5217 2977 5255 nomen
2999 5200 3135 5272 quod
3162 5209 3239 5254 est
3260 5217 3417 5271 super
3436 5218 3589 5256 omne
3601 5215 3780 5255 nautea.

2222 5291 2302 5346 Ad
2331 5291 2734 5361 pnedicatorem
2752 5303 2886 5358 ergo
2910 5290 3138 5360 lapidem
3169 5289 3459 5351 volvimus,
3484 5304 3606 5343 cum
3626 5301 3783 5343 coram

2218 5383 2337 5454 ipso
2372 5382 2746 5451 Redemptoris
2780 5382 2951 5436 nostri
2993 5382 3320 5452 potentiam,
3364 5392 3420 5436 et
3454 5381 3782 5436 humilitatem

2218 5488 2603 5539 memoramus;
2629 5488 2749 5529 cum
2776 5480 2833 5527 et
2849 5472 2901 5526 in
2924 5472 3179 5543 operibus
3207 5488 3330 5528 eum
3349 5471 3781 5527 attendinms'hu-

2218 5566 2420 5634 milcm,
2443 5574 2499 5620 et
2527 5581 2591 5621 ex
2613 5566 2916 5621 humilitate
2937 5567 2989 5620 in
3011 5565 3150 5622 coelo
3170 5564 3474 5627 sublimem.
3493 5564 3552 5619 ln
3570 5564 3664 5619 hoc
3680 5561 3775 5632 qui-

2218 5659 2336 5714 dem
2359 5658 2536 5730 lapide
2557 5657 2674 5729 bos,
2708 5666 2761 5716 et
2793 5660 2931 5717 aries
2959 5660 3254 5727 occidatur,
3282 5665 3339 5713 ut
3370 5660 3423 5716 in
3455 5658 3604 5716 omni
3630 5654 3782 5714 homi-
