3948 6322
174 326 261 382 385
978 313 1040 368 IN
1082 311 1345 370 PRIMUM
1389 309 1624 366 necuu
1668 305 2179 364 exrosmoses.
2220 339 2288 350 —
2326 310 2454 367 Lm.
2500 310 2561 365 v.
3300 319 3404 371 55-3

169 452 276 495 num
301 442 486 502 genere
518 425 765 481 elationis
797 424 982 479 vitium
1026 424 1223 481 Christi
1260 442 1325 480 co
1366 425 1713 494 teniplatione
1745 425 1788 481 Α
1818 421 2087 488 copiosius
2130 422 2313 493 incipit
2349 439 2447 492 pro
2475 423 2732 479 dilatione
2780 423 3057 477 mercedis.
3104 424 3237 490 Quia
3281 442 3408 495 ergo

169 534 419 585 mactem...
448 520 522 575 ιω
552 520 752 589 quippe
780 518 957 572 omnis
984 519 1201 587 sanguis
1228 517 1546 582 ραυηάίιιιιι,
1590 516 1714 584 quia
1820 511 1988 579 prima
2038 512 2335 565 electorum
2386 514 2731 583 compunctio
2777 528 2843 566 ex
2892 513 3084 566 timore
3134 515 3407 579 nascitur,

167 619 243 688 qui
268 612 501 681 exemplo
530 610 729 665 Christi
776 608 1077 676 instruitur,
1106 624 1298 678 magna
1327 610 1470 676 agit,
1511 606 1605 662 sed
1649 607 1718 661 de
1817 598 1944 651 dum
1992 614 2093 667 Per
2138 607 2321 670 Ullum
2372 603 2511 669 Γοϐίε
2557 613 2613 657 ει
2658 603 2838 673 populi
2866 642 2881 668 ν
2934 602 3313 672 ρτωιιίοιιιοτθε
3358 614 3415 660 ει

168 709 257 764 illis
281 703 471 771 magnis
495 700 752 771 operibus
775 714 835 754 se
865 714 971 753 non
989 698 1217 753 extollit.
1242 697 1486 756 Pascitur
1500 696 1715 766 quidem
1818 703 1991 756 nuper
2018 691 2266 744 conversi
2295 692 2495 746 subditi
2523 694 2887 762 designantur,
2936 694 3107 747 altare
3138 702 3267 750 tunc
3301 697 3413 764 pri-

166 797 325 853 mum,
368 792 494 847 boni
537 790 735 860 oreris,
786 788 879 846 sed
920 804 1025 843 non
1071 795 1382 844 ετυρηιειιιιιι
1423 786 1575 843 cibus
1602 786 1718 855 ejus
1821 793 1965 831 mum
1997 777 2123 833 Sanl
2150 780 2442 837 :cfilicasse
2486 783 2699 837 dicitur.
2750 782 2855 837 Sed
2885 799 2951 838 ex
2981 783 3206 837 aliorum
3236 785 3416 854 profe-

167 887 397 956 sanguine
420 898 573 937 vana:
600 882 792 938 laudis.
824 880 959 935 Nam
990 880 1123 950 lapis
1154 881 1244 936 ille
1277 881 1322 934 si
1348 880 1400 934 in
1428 880 1605 935 verbis
1628 894 1712 934 re-

1855 878 1911 923 tu
1942 885 2083 940 saepe
2131 871 2325 926 doctor
2352 872 2419 925 ad
2449 874 2673 927 aliorum
2706 873 2853 928 lucra
2885 876 3261 943 consequenda
3291 891 3414 930 suc-

171 981 391 1042 rolvitur,
415 975 545 1029 dii-it
573 994 586 1029 :
623 975 683 1030 Si
711 992 867 1045 Opera
896 990 1000 1027 non
1027 974 1260 1044 fecissem
1285 974 1335 1026 iu
1359 974 1453 1038 eis,
1486 989 1600 1044 qua:
1622 989 1717 1025 ne-
1820 957 2086 1011 εθυάίίιπο
2121 958 2269 1013 Ul'de
2299 969 2355 1013 ει
2383 960 2628 1015 subdiu"
2652 979 2665 1014 ε

168 1089 236 1125 tuo
261 1070 383 1122 alius
411 1066 553 1135 fecit,
583 1072 846 1134 peccatum
874 1080 979 1119 non
1008 1064 1253 1117 haberent
1283 1062 1462 1133 (Joan.
1487 1079 1574 1118 xv.
1602 1062 1715 1132 24).

1895 1048 2073 1113 (Vers.
2121 1050 2235 1117 56.)
2276 1050 2344 1103 Et
2391 1053 2521 1105 dixit
2570 1052 2744 1107 Saul:
2770 1052 3039 1108 Irruamns
3067 1071 3220 1125 super
3251 1053 3418 1108 Phili-

170 1159 261 1215 sed
305 1156 419 1227 quia
465 1154 531 1209 de
578 1154 758 1209 verbis
797 1170 903 1208 non
942 1153 1165 1216 “mum,
1202 1153 1424 1207 νοινεηε
1469 1167 1560 1217 ,θ’
1605 1153 1715 1206 ait;
1821 1138 1961 1192 stiim
1989 1148 2157 1201 nocte,
2187 1150 2236 1193 et
2258 1150 2508 1196 vastemus
2532 1160 2646 1196 eum
2670 1160 2926 1215 usquequo
2954 1145 3217 1198 illucescat
3244 1162 3417 1209 inane,

168 1250 264 1320 Ego
288 1263 381 1301 non
417 1261 593 1313 quazro
622 1244 840 1315 gloriam
884 1261 1048 1298 meam
1093 1242 1272 1314 (Joan.
1298 1260 1420 1309 vui,
1453 1241 1564 1315 50).
1615 1244 1722 1299 Bos

1221 1261 1272 1298 η,
1298 1260 1420 1309 γιιι,
1453 1241 1564 1315 50),
1615 1244 1722 1299 Bas
1824 1237 1870 1280 et
1899 1244 2001 1281 non
2028 1230 2375 1300 relinquamus
2404 1232 2467 1285 de
2494 1232 2566 1286 eis
2596 1234 2780 1287 virum.

170 1319 278 1406 wgo
318 1344 367 1391 et
393 1335 532 1389 aries
576 1335 627 1389 in
678 1334 855 1403 lapide
897 1334 1183 1399 occiditur,
1212 1333 1426 1404 quando
1469 1334 1721 1405 exemplo
1893 1319 1983 1374 42·
2024 1320 2140 1375 Ποε
2186 1338 2348 1392 supra
2387 1325 2519 1378 53‘33
2566 1327 2869 1395 εκροδίίιιιη
2911 1335 3013 1393 θεῖν
3058 1328 3152 1383 sed
3198 1329 3322 1398 (ιιιίει
3368 1330 3421 1384 in

171 1425 515 1493 Redemptoris
564 1423 740 1477 omnis
791 1431 1017 1477 cornuta
1080 1423 1249 1478 elatio
1306 1425 1721 1492 condemnatur;

1864 1416 2006 1475 octe,
2038 1425 2314 1481 usquequo
2343 1413 2620 1469 illuccscat
2644 1415 2779 1481 dies,
2811 1426 3091 1485 percutere
3122 1418 3422 1475 Pliilistaros

171 1515 357 1583 quando
394 1513 602 1568 electus
631 1513 876 1582 quilibet,
909 1521 965 1568 et
993 1514 1129 1568 bene
1158 1514 1285 1582 agit,
1312 1522 1365 1569 et
1394 1516 1595 1586 optime
1622 1516 1724 1571 do-
1827 1500 2052 1567 appet“:
2099 1500 2199 1555 hOC
2235 1504 2477 1571 υτοιῠαιο
2510 1504 2763 1572 imiimi“.
2795 1506 2921 1574 (ιυίδ
2969 1522 3038 1561 ne
3082 1507 3135 1561 ίη
3188 1509 3422 1564 futurum

170 1612 265 1670 cet,
293 1603 381 1658 sed
424 1618 528 1657 nec
555 1602 662 1656 vita
704 1617 825 1656 eum
873 1602 1031 1670 erigit
1076 1604 1314 1672 propria,
1348 1619 1449 1659 nec
1495 1605 1727 1660 eruditio

1863 1604 2032 1644 locere
2079 1591 2349 1646 daemones
2396 1595 2643 1663 possint,
2693 1612 2723 1649 a
2777 1597 3029 1652 cordibus
3078 1608 3422 1668 peccatorum

171 1697 339 1750 auena.
382 1695 439 1749 ιη
467 1696 640 1750 ariete
676 1694 875 1766 quippe
914 1695 1083 1750 robur
1131 1697 1363 1768 propria,
1410 1698 1729 1754 innocentia.
1763 1702 1801 1764 ρ
1831 1675 1992 1768 modo
2013 1679 2320 1748 expellendi
2351 1689 2406 1734 et
2434 1682 2730 1751 periniendi
2760 1692 2902 1738 sunt.
2933 1684 3053 1760 Nox
3075 1686 3290 1755 quidem
3317 1689 3424 1745 vita

171 1786 476 1855 “primum,
531 1785 585 1839 in
630 1765 973 1841 bove'aulem
1002 1786 1174 1851 13b0,,
1222 1765 1277 1842 ἐι
1305 1786 1562 1843 fortitudo
1587 1802 1727 1857 pm,
1832 1765 1950 1857 hinc
1980 1768 2192 1836 dicitur,
2220 1784 2340 1825 cum
2367 1778 2579 1826 reterns:
2607 1783 2969 1843 comparatur.
3001 1776 3131 1829 Nam
3162 1778 3253 1847 qui
3283 1779 3426 1833 illam

172 1874 445 1929 mntionis.
476 1875 579 1942 Qui
628 1877 680 1929 in
723 1884 874 1946 pem,
904 1876 1255 1942 occiduntur;
1306 1885 1365 1931 υι
1396 1878 1477 1933 sic
1501 1856 1727 1934 θιρξιδηι
1834 1856 1997 1911 vitam
2027 1860 2380 1929 contemplari
2401 1862 2561 1930 digne
2587 1864 2839 1932 potuerit,
2866 1865 3004 1920 illius
3025 1868 3428 1936 comparatione

176 1974 380 2020 ,mmem
407 1964 696 2034 gaudendo
722 1964 983 2029 reﬁciam,
1004 1973 1063 2019 ιη
1090 1966 1136 2021 ei
1165 1967 1389 2020 mixtum
1412 1968 1465 2021 in
1486 1982 1545 2023 se
1574 1982 1732 2024 emo,
1838 1948 2095 2018 quidquid
2128 1949 2215 2004 bie
2243 1950 2477 2005 lucidum
2507 1953 2765 2019 cernitur,
2792 1955 2966 2009 noctis
2987 1955 3280 2011 obscuritas
3311 1972 3428 2012 esse

173 2070 269 2111 rem
296 2056 543 2111 carnibus
573 2072 681 2111 non
726 2056 1060 2126 impendam
1112 2055 1227 2111 Hoc
1265 2057 1482 2126 quidem
1528 2059 1731 2115 electus
1830 2037 2122 2107 judicatur.
2156 2039 2428 2096 lllucescit
2465 2050 2645 2097 autem
2672 2043 2787 2098 dies
2816 2044 2927 2109 illa,
2958 2045 3174 2113 quando
3221 2047 3273 2100 in
3326 2046 3431 2103 line

173 2143 466 2213 przcdicat-ir
496 2160 605 2199 non
632 2144 808 2199 solum
839 2145 1097 2214 loquitur,
1120 2145 1213 2201 sed
1237 2147 1399 2202 etiam
1424 2149 1729 2218 persuadet.

1877 2131 1996 2201 ujus
2044 2132 2167 2188 vita:
2212 2134 2398 2189 electis
2447 2136 2728 2191 animabus
2763 2153 2823 2193 se
2861 2139 3054 2208 aperit.
3104 2138 3159 2192 In
3210 2154 3430 2208 egressu

174 2234 305 2289 Unde
330 2244 381 2289 et
408 2235 658 2290 subditur
683 2253 698 2289 :
1012 2290 1015 2293 .

1875 2225 2035 2294 uippe
2081 2241 2180 2280 suo
2217 2227 2284 2281 de
2327 2240 2556 2296 carpore
2594 2228 2766 2284 electa
2808 2230 2987 2284 anima
3027 2229 3431 2287 illucescentem

233 2326 391 2395 (γει-ε.
418 2325 536 2397 5S.)
566 2326 798 2380 Adduxit
826 2328 999 2398 itaque
1024 2329 1243 2400 populus
1272 2333 1619 2404 unusquisque
1645 2332 1736 2387 bo-
1837 2315 1937 2370 sibi
1967 2318 2322 2371 mteruitatcm
2352 2318 2519 2387 videt,
2548 2320 2673 2387 quia
2717 2320 2892 2375 lucem
2936 2323 3217 2391 praesentis
3254 2324 3431 2379 saeculi

173 2434 263 2471 rem
289 2418 337 2469 in
367 2432 527 2469 manu
552 2432 668 2481 sua,
696 2433 855 2487 usque
881 2417 950 2470 ad
991 2428 1209 2484 noctem,
1240 2428 1290 2473 et
1318 2420 1613 2475 ocriderunt
1642 2422 1732 2475 ibi.

1108 2432 1209 2484 rem,
1240 2428 1290 2473 ει
1318 2420 1613 2475 “(merum
1642 2422 1733 2475 ibi.
1837 2409 1991 2476 quasi
2022 2409 2270 2465 tenebras
2300 2411 2667 2479 non'aspexit.

233 2504 309 2559 ιι.
352 2505 552 2560 Bovem
583 2506 636 2560 in
666 2522 829 2561 manu
861 2507 1151 2576 adducere,
1191 2518 1273 2565 est
1310 2520 1592 2579 peccatum
1622 2511 1736 2566 ela-

1910 2498 1999 2553 45.
2041 2498 2177 2565 Quid
2206 2514 2336 2553 vero
2365 2508 2449 2554 est
2493 2501 2636 2570 quod
2672 2501 2867 2556 dicitur
2896 2520 2909 2555 :
2940 2502 3011 2557 Et
3038 2521 3140 2558 non
3170 2506 3433 2577 relinqua~

177 2596 311 2650 tionis
338 2596 669 2666 poenitentia:
698 2595 990 2652 afﬂictione
1028 2597 1229 2655 delere.
1260 2600 1394 2654 Dum
1423 2601 1566 2655 enim
1596 2616 1729 2671 ope-
1838 2605 1951 2642 "W8
1979 2605 2044 2642 επ
2072 2591 2146 2642 εδδ
2174 2590 2377 2644 “ml”?
2417 2590 2522 2645 Sed
2565 2592 2739 2645 omnis
2774 2592 3078 2649 Ρὶιῖιίδῑιυε
3118 2596 3200 2649 "il‘
3236 2598 3433 2651 vastari

175 2686 321 2740 rando
347 2687 505 2757 321
538 2684 716 2752 delet,
746 2685 892 2755 quod
924 2687 1284 2757 superbiendo
1313 2688 1566 2759 deliquit,
1614 2706 1732 2743 ma-
1839 2680 2019 2746 debet,
2070 2682 2323 2750 parvulus
2368 2684 2545 2737 omnis
2594 2698 2934 2753 nequaquam
2984 2688 3179 2742 vastari
3232 2698 3430 2758 potest.

177 2776 397 2830 ctanlum
424 2777 623 2830 bovem
654 2777 705 2830 in
734 2775 911 2845 lapide
941 2792 1036 2846 per
1058 2792 1272 2832 manum
1302 2778 1469 2831 ducit.
1492 2776 1630 2844 Quid
1653 2790 1735 2834 est
1839 2775 2010 2831 Nemo
2040 2777 2182 2831 enim
2230 2778 2348 2833 sine
2395 2788 2641 2849 peccato,
2670 2779 2770 2834 nisi
2800 2780 2957 2835 solus
2975 2780 3135 2835 Deus.
3169 2782 3280 2836 Viri
3310 2797 3439 2851 ergo

181 2869 505 2937 autem,quod
519 2867 946 2939 dicit:Usquead
960 2880 1176 2935 noctem,
1195 2870 1424 2938 nisiquia
1439 2879 1735 2941 etpeccare
1842 2867 2092 2935 capitalia
2136 2868 2362 2922 crimina
2394 2877 2448 2923 et
2475 2869 2527 2923 vi
2555 2869 2602 2922 ia
2632 2869 2948 2939 principalia
2999 2879 3142 2925 sunt.
3173 2871 3280 2926 Sed
3314 2882 3438 2929 tunc

182 2972 270 3011 non
290 2957 428 3023 licet,
458 2958 560 3014 sed
586 2958 768 3014 delere
794 2970 1010 3029 peccata
1038 2976 1204 3030 usque
1230 2962 1296 3017 ad
1323 2970 1551 3017 mortem
1573 2963 1737 3018 l'cet?
1767 2988 1810 3049 ρ
1844 2956 2108 3024 virorum,
2157 2957 2209 3011 id
2251 2966 2334 3012 est
2373 2959 2590 3013 fortium
2634 2960 2850 3015 nomine
2896 2960 3265 3029 designantur,
3316 2979 3436 3017 cum

184 3046 337 3117 Usque
362 3048 428 3102 ad
458 3058 681 3103 noctem
710 3063 839 3118 ergo
862 3050 1027 3106 boves
1054 3052 1323 3107 mactanli
1353 3060 1516 3121 sunt,
1546 3069 1654 3109 non
1682 3055 1737 3108 in
1779 3046 1809 3049 —
1841 3058 2186 3118 peccatorum
2234 3049 2335 3103 sibi
2383 3049 2545 3104 corda
2584 3050 2895 3118 subjiciunt.
2941 3051 2985 3103 B
3019 3067 3088 3105 ne
3134 3068 3262 3122 ergo
3304 3053 3439 3108 dici~

180 3146 336 3202 nocte,
362 3139 488 3207 quia
515 3138 647 3193 dum
672 3140 932 3204 vivimus,
966 3150 1189 3210 peccata
1215 3142 1396 3197 delere
1423 3145 1740 3213 pmuitendo
1844 3147 1930 3193 tur
1958 3156 1971 3192 :
1996 3137 2118 3193 Non
2157 3139 2504 3211 relinquamus
2552 3156 2617 3194 ea:
2663 3140 2737 3193 eis
2783 3141 2967 3204 virum,
3018 3141 3141 3208 quia
3192 3144 3438 3196 conversi

181 3216 620 3301 possumus,post
659 3240 889 3287 mortem
928 3231 1257 3289 fructuosam
1285 3248 1446 3303 agere
1476 3238 1741 3307 pmiiiton-
1842 3238 2156 3300 peccatores
2198 3238 2506 3287 sanctorum
2554 3231 2963 3301 praedicatorum
3003 3233 3231 3288 consilio
3274 3233 3434 3288 fortia

183 3320 294 3376 tiam
321 3338 424 3378 non
460 3322 730 3379 valemus.
779 3323 925 3380 Bene
954 3333 1133 3380 autem
1164 3328 1214 3381 in
1245 3328 1436 3383 eodem
1467 3329 1589 3385 loco
1616 3331 1743 3386 sub-
1845 3338 2071 3394 qumque
2100 3331 2339 3394 P0003”.
2385 3332 2441 3378 ει
2483 3324 2607 3378 ‘ilia
2633 3324 2910 3390 ἀθεετιιηῑν
2956 3325 3045 3380 δε]
3078 3325 3281 3379 "unum
3312 3341 3437 3395 Pec‘

179 3412 341 3466 ditur:
1845 3423 2021 3472 catum
2051 3423 2145 3469 aut
2171 3415 2358 3469 vitium
2385 3415 2586 3470 habere
2616 3431 2723 3469 non
2750 3424 2993 3485 possunt.
3023 3416 3183 3486 322
3209 3414 3439 3471 Possunt

243 3500 406 3571 (Vers.
436 3503 556 3573 35.)
593 3502 905 3574 «Ediﬁcarit
948 3514 1118 3560 autm
1148 3506 1282 3563 Saul
1308 3510 1473 3564 altare
1506 3511 1749 3567 Domino.
1844 3520 2039 3562 cavere
2083 3505 2326 3571 crimina,
2356 3506 2448 3562 sed
2479 3506 2655 3561 omnia
2686 3522 2793 3562 non
2823 3515 3049 3577 possunt
3098 3509 3268 3562 vitare
3309 3524 3442 3577 pec-

242 3592 323 3645 ll.
364 3592 493 3659 Quia
541 3593 669 3648 dum
713 3604 1029 3666 peccatores
1066 3608 1469 3666 convertuntur,
1500 3603 1651 3670 quasi
1683 3618 1750 3657 ex
1847 3602 1987 3651 cata.
2020 3594 2251 3650 Possunt
2277 3596 2406 3650 vitia
2436 3596 2800 3665 exstinguere,
2827 3595 2922 3651 sed
2945 3611 3013 3651 ne
3041 3596 3222 3664 aliquo
3250 3613 3439 3653 eorum

182 3679 425 3750 lapidibus
468 3684 694 3740 caaleste
741 3685 1022 3742 aedilicium
1052 3687 1361 3743 fabricatur.
1395 3689 1462 3744 Et
1486 3691 1608 3760 quia
1639 3693 1741 3762 ple«

1887 3684 2338 3753 uomodocunque
2366 3685 2664 3755 pulsentur,
2708 3700 2814 3738 non
2846 3684 3137 3753 praevalent
3165 3700 3445 3739 exercere.

182 3771 320 3839 rique
360 3774 576 3828 codices
617 3773 819 3829 habent
848 3792 863 3832 :
889 3775 1115 3846 Tumque
1158 3779 1383 3848 primum
1426 3783 1574 3851 coepit
1621 3781 1754 3837 Saul
1851 3775 1990 3830 Dicit
2018 3790 2149 3843 ergo
2178 3793 2190 3827 :
2216 3773 2340 3829 Non
2368 3775 2720 3845 relinquamus
2749 3791 2813 3827 ex
2838 3774 2912 3827 eis
2941 3774 3125 3840 virum,
3155 3774 3279 3844 quia
3310 3790 3437 3843 prae-

184 3863 454 3931 wdiﬁcare,
498 3872 684 3933 potest
719 3866 901 3922 altaris
948 3870 1165 3923 nomine
1204 3875 1549 3942 compunctio
1578 3878 1756 3933 contis
1851 3865 2118 3921 dicatores
2143 3873 2340 3920 sancta:
2368 3863 2620 3918 Ecclesiae
2649 3872 2702 3917 et
2731 3862 2857 3916 vitia
2886 3878 2984 3917 nos
3014 3862 3291 3917 eradicare
3313 3879 3438 3932 prce

182 3950 407 4021 intelligi.
458 3952 691 4020 Quando
734 3956 874 4011 enim
920 3972 1019 4026 per
1067 3960 1286 4015 verbum
1334 3962 1573 4020 doctoris
1604 3981 1754 4020 com-
1857 3958 2096 4027 cipiunt;
2123 3957 2214 4012 sed
2238 3956 2362 4010 dum
2388 3955 2543 4010 fortia
2567 3963 2622 4010 et
2646 3954 2959 4025 principalia
2982 3954 3033 4009 in
3055 3955 3208 4009 nobis
3230 3963 3428 4009 necant

185 4043 383 4108 punctio
410 4044 592 4099 cordis
620 4046 860 4115 erigitur,
890 4048 1143 4104 nimirum
1172 4050 1341 4106 altare
1375 4052 1602 4108 Domino
1627 4054 1757 4109 :edi-
1856 4065 2015 4118 agere
2045 4057 2316 4119 nequeunt
2361 4056 2419 4102 ut
2448 4047 2692 4116 quaedam
2720 4060 2907 4100 eorum
2937 4062 3032 4116 per
3081 4054 3296 4101 tenuem
3329 4061 3441 4102 mo-

184 4130 374 4188 ﬁcatur.
405 4132 469 4188 Et
499 4136 731 4205 primum
759 4137 1080 4194 aediﬁcatum
1109 4139 1321 4209 dicitur,
1342 4144 1465 4211 quia
1491 4153 1574 4198 est
1601 4160 1754 4200 com-
1858 4146 1969 4193 lum
2019 4153 2358 4207 nequaquam
2405 4138 2610 4192 vivant.
2663 4135 2730 4190 Et
2779 4134 2847 4190 de
2902 4136 3088 4206 populi
3139 4134 3447 4192 obedieiitia

184 4224 383 4289 punctio
414 4226 638 4281 amoris.
673 4225 823 4284 Unde
850 4237 905 4285 et
933 4229 986 4284 in
1019 4232 1364 4288 tabernaculo
1390 4234 1610 4290 hederis
1647 4235 1743 4292 duo

789 4243 823 4284 e
850 4237 905 4285 et
933 4229 986 4284 in
1019 4232 1364 4288 tabernaculo
1390 4234 1610 4290 loederis
1647 4235 1755 4292 duo
1856 4227 2203 4296 subiunsrns,
2234 4227 2348 4280 ait:

183 4312 353 4409 altaria
385 4316 501 4371 ﬁeri
530 4332 562 4371 a
592 4317 820 4375 Domino
860 4319 1007 4390 jussa
1048 4332 1209 4389 sunt,
1249 4324 1525 4382 adolendis
1549 4328 1755 4385 scilicet
1790 4381 1835 4409 η
1932 4338 2106 4409 (Vers.
2138 4336 2253 4407 56.)
2293 4336 2441 4391 Dixit
2475 4338 2734 4408 populus:
2761 4336 2955 4402 Omne,
2986 4336 3123 4408 quod
3160 4338 3345 4393 bonum
3376 4351 3447 4393 est

188 4404 609 4473 thymiamatibus
654 4427 844 4481 unum,
891 4413 1119 4469 alterum
1164 4417 1539 4475 comburendae
1581 4422 1758 4477 carnis
1790 4381 1835 4439 υ
1860 4431 1912 4485 in
1933 4381 2103 4484 ‘oculis
2133 4381 2254 4491 luis:
2287 4430 2389 4499 fac.

188 4495 365 4563 (Exod.
397 4518 568 4568 xxvn,
598 4502 825 4575 xxxvn).
855 4504 1091 4561 Primum
1135 4508 1305 4564 altare
1351 4509 1478 4567 foris
1506 4521 1642 4580 erat,
1673 4529 1762 4569 se-
1933 4518 2021 4573 44.
2061 4515 2210 4571 Oculi
2239 4495 2648 4587 prredicatorum
2674 4524 2799 4570 sunt
2828 4515 3049 4571 intuitus
3075 4516 3317 4571 rationis.
3349 4516 3449 4583 Qui

186 4591 399 4647 cundum
426 4595 568 4649 intra
595 4604 778 4653 sancta
808 4605 1137 4653 sanctorum.
1168 4600 1349 4657 Altare
1378 4617 1505 4672 ergo
1528 4605 1759 4673 primum
1862 4622 1991 4677 ergo
2030 4606 2253 4659 arbitrio
2300 4603 2537 4657 doctoris
2581 4604 2970 4671 committitur,
3018 4604 3197 4660 dicere
3225 4606 3273 4658 ei
3301 4613 3451 4661 recte

189 4685 523 4752 compunctio
546 4685 756 4742 timoris
774 4696 877 4756 est,
906 4688 1077 4744 altare
1099 4693 1391 4747 secundum
1418 4698 1761 4764 compunctio
1861 4698 2176 4771 perhibetur
2200 4714 2211 4748 :
2239 4692 2406 4749 Omne
2434 4696 2572 4766 quod
2598 4695 2785 4749 bonum
2812 4704 2889 4749 est
2915 4694 2969 4748 in
2997 4696 3159 4749 oculis
3188 4697 3308 4760 tuis,
3340 4698 3447 4769 fac.

188 4776 392 4831 amoris.
440 4776 577 4832 illud
625 4779 823 4849 quippe
862 4790 1082 4850 peccata
1121 4782 1413 4851 lugentium
1461 4795 1573 4855 est,
1622 4788 1760 4843 istud
1862 4789 2024 4856 Quasi
2052 4785 2351 4852 dicatzQui
2379 4799 2479 4838 nos
2501 4784 2570 4839 de
2591 4785 2812 4839 rationis
2832 4791 3031 4838 nostrae
3059 4784 3448 4840 illuminatione

193 4879 307 4921 vero
344 4868 409 4922 ad
451 4876 657 4925 mterna
694 4870 885 4939 gaudia
926 4873 1055 4929 totis
1082 4873 1361 4931 desideriis
1408 4878 1760 4946 inliiantium;
1864 4879 2187 4944 dillidimus,
2245 4875 2473 4932 rationis
2520 4884 2624 4929 tua:
2673 4875 2778 4930 luci
2826 4874 3250 4943 committimus,
3308 4879 3450 4945 quod

191 4950 318 5009 illius
362 4957 589 5026 lapides,
635 4960 1050 5028 recogitationes
1089 4974 1455 5033 peccatorum,
1499 4967 1659 5036 hujus
1687 4970 1765 5023 la-
1867 4971 2023 5026 nobis
2067 4969 2255 5024 deesse
2296 4967 2619 5037 judicamus.
2669 4965 2773 5021 Sed
2814 4966 2916 5021 lioc
2944 4966 3086 5035 quod
3117 4967 3250 5022 dixit
3279 4970 3448 5024 Saul:

192 5043 368 5114 pides,
412 5047 791 5104 meditationes
835 5051 1147 5120 perennium
1197 5055 1532 5123 gaudiorum.
1584 5057 1768 5115 Altare
1869 5060 2137 5115 Irruamus
2177 5075 2330 5129 super
2367 5056 2677 5122 Pliitistiim,
2720 5064 2898 5127 potest
2936 5057 3156 5126 intelligi
3186 5059 3310 5128 quia
3342 5076 3451 5118 non

192 5147 309 5201 ergo
335 5136 569 5204 primum
599 5138 793 5194 doctor
816 5140 1067 5208 aediﬁcat,
1096 5144 1309 5214 quando
1338 5146 1521 5216 culpas
1548 5149 1768 5217 exponit
1867 5150 2162 5204 deliberata
2191 5148 2434 5219 protulit,
2466 5146 2560 5202 sed
2590 5146 2697 5201 hoc
2725 5146 2957 5201 dicendo
2975 5187 2990 5212 ,
3023 5162 3091 5201 an
3121 5157 3262 5223 esset
3291 5165 3454 5219 super

194 5238 313 5290 quas
339 5225 466 5281 dum
514 5228 567 5283 in
610 5245 672 5285 se
710 5240 963 5300 peccator
988 5234 1198 5303 aspicit,
1229 5235 1546 5304 ingemiscit.
1578 5239 1768 5295 Merito
1869 5238 2150 5295 Ph‘listiim
2183 5237 2486 5292 irruendum
2514 5236 2799 5291 consuluit.
2831 5235 2982 5305 Quod
3013 5246 3191 5292 autem
3223 5239 3453 5308 populus

195 5316 341 5370 etiam
369 5319 544 5374 altare
569 5322 911 5392 compunctio
940 5322 1167 5393 dicitur,
1214 5328 1338 5396 quia
1368 5328 1628 5385 incensat.
1660 5328 1765 5385 Sed
1867 5332 1976 5386 cito
2016 5345 2292 5385 assensum
2322 5330 2565 5400 praebuit,
2613 5330 2718 5385 hoc
2745 5329 2887 5398 quod
2920 5330 3164 5385 videmus
3192 5332 3453 5401 insinuat,

198 5418 305 5457 cum
333 5406 422 5461 diu
452 5424 557 5478 pro
584 5412 819 5480 peccatis
847 5412 955 5467 suis
982 5416 1345 5487 unusquisque
1370 5422 1764 5490 compungitur,
1867 5421 1993 5489 quia
2041 5418 2280 5474 nonnulli
2319 5419 2456 5473 intra
2503 5428 2743 5475 sanctam
2794 5419 3108 5483 Ecclesiam,
3158 5429 3450 5490 antequam

200 5499 498 5560 mitendo
540 5502 749 5571 prolicit
789 5505 857 5559 ad
903 5523 1058 5562 usum
1103 5510 1421 5566 securitatis.
1467 5511 1599 5566 Nam
1646 5522 1770 5583 post
1872 5513 2035 5568 verba
2070 5511 2336 5582 majorum
2384 5511 2710 5582 intelligant,
2750 5513 2999 5583 probant.
3046 5514 3173 5568 {Vam
3210 5514 3457 5583 protinus

203 5587 494 5646 all'lictionis
525 5602 763 5664 tempora
785 5596 973 5653 ardere
1000 5598 1186 5670 incipit
1209 5600 1274 5654 ad
1300 5608 1553 5658 arternam
1580 5604 1765 5675 vitam,
1873 5597 2116 5680 subditur
2141 5622 2153 5658 :

204 5690 252 5735 et
275 5685 358 5751 qui
385 5686 542 5757 prius
569 5687 780 5758 lugebat
807 5704 905 5760 pro
932 5665 1132 5762 pavore
1173 5693 1449 5765 supplicii,
1494 5694 1623 5754 ﬂere
1656 5669 1767 5767 jam
1946 5677 2118 5767 (Ve‘rs.
2146 5693 2234 5765 '56,
2260 5694 2374 5768 57.)
2410 5694 2476 5751 Et
2504 5697 2577 5754 ait
2606 5696 2860 5752 Sacerdos
2885 5712 2903 5752 :
2925 5695 3238 5752 Accedamus
3266 5696 3362 5750 Ini:
3387 5665 3459 5751 ad
