3948 6278
529 308 630 361 537

1740 283 1977 341 S.\NCTI
2021 279 2340 340 GREGORII
2383 274 2598 332 MAGNI

3669 266 3760 322 :88

530 417 824 473 Dominum.
864 413 926 464 Et
955 409 1206 464 consuluit
1239 406 1367 460 Sani
1402 403 1692 462 Dominum,
1721 399 1936 450 dicens:
1971 391 2108 445 Num
2139 395 2179 450 Α
2213 388 2425 457 quidem
2472 385 2660 440 electis
2706 390 2764 436 ut
2815 382 3059 446 vincant,
3111 379 3204 433 sed
3251 379 3316 432 de
3366 377 3600 430 hostibus
3640 382 3770 448 quasi

526 526 630 578 per:
644 522 801 576 equar
833 501 1156 556 Philistiim?
1186 498 1252 578 Et
1281 513 1380 550 non
1413 493 1672 564 respondit
1701 491 1744 543 ei
1777 488 2027 541 Dominus
2055 485 2108 536 in

526 601 610 653 die
638 598 750 651 illa.

599 689 687 742 45.
726 685 861 754 Quid
894 692 972 738 est
1011 680 1152 753 quod
1203 675 1530 734 consulentis
1578 673 1719 741 regis
1764 668 1946 730 verba,
1994 680 2111 734 quae

527 780 760 852 populus
787 775 990 840 laudat,
1022 769 1272 826 sacerdos
1294 767 1358 821 ad
1382 766 1661 820 Dominum
1686 775 1802 815 esse
1827 754 2110 852 deierenda

530 847 829 928 denuntiat,
878 864 977 918 nisi
1021 861 1146 930 quia
1178 859 1403 912 obseura
1432 862 1485 908 et
1511 866 1700 920 magna
1733 847 1970 916 negotia,
1996 859 2113 915 quae

531 959 802 1028 simplices
850 956 1054 1017 latent,
1107 963 1378 1016 nunquam
1435 946 1572 998 bene
1625 942 2016 1008 disponuntur,
2070 933 2113 988 si

531 1026 721 1104 eorum
753 1047 953 1102 exitum
988 1043 1040 1097 in
1073 1039 1309 1096 sacrario
1338 1034 1534 1090 mentis
1562 1032 1742 1087 subtili
1773 1026 2118 1083 meditatione

535 1156 640 1194 non
681 1135 1002 1208 querimus?
1043 1130 1121 1186 Ad
1159 1127 1440 1182 Dominum
1483 1124 1680 1193 quippe
1724 1120 2003 1181 accedere,
2037 1122 2120 1170 est

534 1227 651 1292 eius
679 1225 1009 1278 voluntatem
1053 1224 1258 1296 secreta
1283 1213 1739 1282 contemplatione
1766 1218 2117 1274 cognoscere.

538 1317 603 1370 Et
649 1317 785 1369 bene
831 1325 1082 1366 accessus
1122 1293 1315 1362 dicitur
1339 1344 1355 1370 ,
1407 1303 1531 1372 quia
1562 1301 1628 1355 ab
1658 1297 2016 1354 exterioribus
2054 1293 2122 1346 ad

539 1408 744 1459 interna
791 1401 1093 1464 tendimus,
1135 1395 1349 1466 quando
1389 1392 1568 1463 operis
1607 1377 1776 1444 nostri
1817 1386 2019 1443 exitum
2071 1383 2124 1437 in

541 1495 721 1548 divina
756 1493 1032 1546 voluntate
1066 1501 1393 1556 cognoscere
1421 1490 1706 1538 tentamus.
1740 1478 1869 1533 Nam
1907 1475 1998 1546 qui
2028 1490 2124 1529 oc-

538 1585 682 1638 culta
712 1590 767 1637 et
795 1580 978 1634 intima
1012 1579 1221 1648 quaerit,
1262 1584 1316 1629 et
1344 1573 1614 1627 exteriora
1661 1584 1767 1623 non
1813 1566 2031 1631 deserit,
2062 1578 2124 1617 ea

539 1692 658 1743 quae
687 1674 856 1727 nescit
882 1671 1029 1724 adire
1059 1684 1166 1723 non
1198 1665 1419 1722 invenit.
1474 1661 1702 1729 Quando
1753 1671 1883 1726 ergo
1909 1673 1940 1710 a
1972 1654 2126 1710 nobis

538 1766 606 1819 de
633 1762 858 1819 occultis
895 1761 1056 1816 rebus
1097 1757 1378 1813 consilium
1406 1752 1681 1823 quaeritur,
1727 1748 1794 1803 ad
1842 1746 2124 1800 Dominum

539 1855 879 1916 accedamus,
923 1858 980 1904 ut
1010 1858 1138 1903 tunc
1183 1847 1398 1901 demum
1427 1841 1569 1912 quod
1599 1839 1861 1909 agendum
1892 1843 1974 1890 est
2002 1849 2128 1903 pro-

541 1951 791 2013 ponatur,
819 1955 940 1995 cum
970 1939 1022 1992 in
1053 1937 1228 1991 divina
1256 1935 1530 1989 voluntate
1569 1926 1929 1998 cognoscitur.
1964 1923 2127 1977 Multa

544 2034 687 2088 enim
717 2031 964 2086 videntur
986 2030 1124 2084 bona
1150 2041 1267 2082 esse
1292 2033 1346 2079 et
1375 2038 1480 2078 non
1510 2028 1653 2076 sunt.
1685 2018 1944 2084 Pleraque
1964 2013 2127 2068 etiam

540 2122 783 2178 facienda
815 2128 959 2185 sunt,
1007 2118 1102 2173 sed
1151 2116 1331 2170 utilius
1380 2113 1511 2166 ﬁunt
1549 2111 1592 2165 si
1632 2121 1870 2176 congruo
1901 2102 2128 2172 tempmi

543 2223 907 2269 reserventur.
939 2209 1193 2277 Qucdatn
1233 2219 1446 2277 quoque
1477 2202 1566 2257 alii
1597 2201 1772 2255 facere
1799 2198 2017 2263 debent,
2047 2192 2136 2247 alii

550 2321 679 2359 vero
709 2320 812 2357 non
843 2301 1062 2356 debent.
1093 2300 1220 2366 Qua:
1250 2297 1498 2353 nimirum
1530 2295 1574 2348 si
1601 2294 1804 2348 electus
1831 2290 2054 2359 quilibet
2081 2288 2136 2341 in

543 2402 754 2449 secreto
792 2390 1156 2447 meditationis
1185 2389 1367 2443 videre
1395 2384 1630 2454 negligit,
1665 2398 1726 2437 ea
1758 2382 1942 2450 utique
1988 2387 2136 2434 recto

544 2491 732 2544 ordine
781 2503 888 2543 non
931 2484 1188 2555 disponit.
1235 2483 1275 2535 E
1323 2489 1509 2537 contra
1537 2485 1717 2532 autem
1750 2474 1837 2546 qui
1865 2474 2136 2528 discutere

545 2596 631 2644 ea,
665 2558 747 2633 vel
777 2592 936 2646 agere
964 2573 1272 2632 meditando
1302 2567 1601 2632 consuevit,
1635 2583 1738 2621 non
1770 2564 1943 2619 solum
1973 2577 2134 2630 agen-

548 2671 636 2734 da,
673 2667 766 2722 sed
794 2667 956 2722 etiam
987 2663 1203 2720 vitanda
1231 2659 1529 2732 cognoscit.
1567 2656 1716 2711 Unde
1743 2663 1798 2710 et
1824 2654 1962 2709 bene
2001 2651 2137 2706 dici-

555 2768 643 2812 tur
672 2774 687 2813 ζ
1307 2792 1316 2802 χ

622 2849 798 2920 (Vers.
833 2849 946 2916 37.)
989 2846 1255 2901 Consuluit
1297 2843 1429 2898 Saul
1464 2842 1774 2908 Dominum,
1816 2847 1866 2892 et
1894 2853 1996 2891 non
2026 2850 2136 2889 rcs-

549 2940 727 3010 pondit
756 2940 801 2992 ei
832 2937 1084 2992 Dominus
1113 2937 1168 2989 in
1199 2936 1282 2990 die
1313 2936 1424 2989 illa.

620 3029 709 3085 46.
751 3029 874 3083 Dies
903 3035 985 3082 est
1013 3026 1270 3094 cogitatio
1301 3023 1512 3088 mentis,
1535 3037 1653 3092 que
1675 3020 1816 3074 bona
1847 3025 2062 3088 putatur
2091 3024 2143 3069 ct

2214 480 2451 530 viventes
2478 475 2698 537 deserit,
2731 481 2789 526 ut
2818 488 2938 526 cum
2967 471 3159 539 quibus
3190 484 3403 537 semper
3432 478 3674 537 pugnent,
3702 471 3768 524 in-

2213 568 2448 620 veniant.
2483 565 2636 632 Quod
2673 571 2848 618 tamen
2895 563 2938 616 si
2989 563 3108 616 ideo
3159 559 3380 623 dicitur,
3411 560 3532 628 quia
3563 559 3771 617 .lonath-e

2212 662 2369 729 culpa
2400 662 2623 725 celatur,
2665 673 2888 727 magnus
2921 658 3080 711 timor
3110 655 3345 726 perlatis
3393 655 3655 712 incutitur.
3699 656 3769 709 Fi-

2214 752 2316 806 lius
2346 751 2560 820 quidem
2599 757 2809 820 peccat,
2857 756 2911 801 et
2960 749 3097 817 patri
3128 745 3243 814 ejus
3272 744 3666 814 responsionem
3692 761 3769 800 ne-

2216 851 2325 910 gat.
2385 841 2533 895 Unus
2580 840 2745 894 ctiam
2798 838 3086 907 deliquisse
3138 836 3524 904 cognoscitur,
3572 833 3656 888 sed
3695 851 3771 902 pro

2217 934 2375 987 unius
2403 933 2559 1001 culpa
2592 929 2800 999 insequi
2830 929 3015 981 hostes
3044 942 3168 981 suos
3197 942 3318 980 cun.
3339 926 3375 978 ti
3404 924 3768 993 pertimescunt.

2221 1026 2358 1092 Quid
2390 1025 2442 1078 in
2474 1025 2576 1078 hoc
2623 1023 2764 1076 facto
2807 1022 3066 1088 signatur,
3102 1019 3199 1072 nisi
3229 1017 3353 1086 quia
3385 1021 3598 1085 peccata
3626 1015 3774 1069 subdi-

2222 1124 2396 1170 torum
2431 1130 2532 1167 non
2564 1113 2739 1167 solum
2784 1112 2903 1176 sibi,
2935 1110 3027 1164 sel
3057 1109 3217 1163 etiam
3250 1106 3484 1177 praelatis
3529 1113 3580 1158 et
3623 1121 3772 1160 secum

2222 1220 2437 1259 comam
2480 1203 2582 1258 iter
2630 1202 2932 1255 viventibus
2981 1200 3221 1254 nocent?
3271 1196 3404 1262 Quia
3461 1212 3584 1250 VU'O
3637 1195 3776 1250 latens

2226 1294 2339 1347 lue
2387 1292 2539 1360 culpa
2571 1306 2600 1344 a
2633 1272 2759 1358 rege
2785 1289 3071 1343 dicutitur
3093 1326 3108 1352 ,
3152 1288 3427 1341 videamus
3452 1283 3558 1352 jam
3587 1300 3678 1353 qua
3703 1301 3776 1337 su-

2227 1382 2490 1437 bfitnitate
2528 1381 2747 1435 latentia
2778 1395 3001 1450 qumque
3032 1379 3429 1449 perquirantur.
3471 1376 3597 1431 Nam
3633 1378 3779 1445 sequi~

2227 1481 2314 1526 tur
2336 1489 2350 1525 Ξ

2300 1563 2489 1632 (Vers.
2531 1561 2633 1627 δεῖ,
2682 1560 2809 1628 59.)
2848 1561 3118 1630 Applicate
3165 1560 3262 1612 huc
3301 1561 3563 1612 universos
3600 1560 3781 1628 angulos

2229 1650 2428 1720 populi,
2461 1658 2509 1703 et
2539 1651 2734 1714 scitote,
2768 1657 2816 1701 et
2847 1648 3008 1701 videte
3037 1665 3127 1718 per
3155 1664 3300 1718 quem
3348 1646 3593 1699 acciderit
3636 1663 3782 1715 pecca-

2159 1715 2199 1773 B
2362 1715 2456 1791 hoc
2486 1738 2658 1792 hodie.
2708 1738 2835 1791 Viri!
2876 1715 3125 1791 Dominus
3153 1715 3379 1791 salvator
3423 1736 3653 1801 Israelis,
3687 1735 3783 1802 quia

2229 1831 2274 1882 si
2303 1847 2395 1900 per
2420 1829 2701 1882 Jonatham
2733 1832 2926 1900 factum
2958 1839 3051 1891 est,
3085 1828 3274 1900 absque
3305 1830 3609 1882 retractione
3635 1828 3784 1901 [Forte

2230 1917 2496 1988 legendum
2525 1917 2907 1971 retractatione
2933 1918 3014 1969 hic
3044 1925 3089 1969 et
3118 1913 3242 1986 inf.]
3271 1916 3533 1969 morietur.

2301 2006 2391 2062 48.
2431 2006 2638 2072 Quibus
2664 2007 2916 2060 nimirum
2950 2005 3127 2061 verbis
3155 2005 3464 2059 ordinatum
3499 2003 3642 2057 valde
3663 2005 3779 2072 juii-

2233 2095 2302 2151 cii
2325 2097 2570 2150 ordinem
2588 2095 2996 2160 demonstravit,
3020 2095 3146 2164 quia
3169 2095 3322 2164 culpa
3344 2097 3493 2164 prius
3509 2094 3783 2148 invenienda

2240 2196 2346 2252 est,
2377 2185 2570 2238 deinde
2600 2200 2757 2254 ptena
2803 2184 3106 2254 irroganda.
3140 2184 3272 2238 Nam
3319 2184 3503 2253 judicii
3533 2185 3656 2239 ordo
3679 2200 3784 2238 ρους

2239 2274 2492 2340 funditur,
2525 2275 2568 2329 si
2600 2283 2726 2330 ante
2757 2275 2984 2329 inventa
3022 2276 3192 2345 culpae
3227 2274 3610 2331 discussionem
3645 2276 3786 2345 prole-

2243 2376 2409 2421 ratur.
2463 2367 2541 2421 Ne
2589 2367 2732 2421 enim
2783 2376 2910 2422 ante
2960 2368 3348 2424 discussionem
3403 2368 3596 2434 feriat,
3645 2368 3784 2422 dicit:

2239 2457 2506 2526 Applicate
2535 2457 2630 2510 huc
2657 2459 2921 2511 universos
2971 2475 3074 2528 ang
3098 2458 3193 2512 .los
3223 2458 3419 2527 pepuli,
3464 2467 3513 2511 et
3554 2459 3715 2522 videte,
3752 2467 3789 2511 et

2234 2547 2414 2602 scitote
2433 2565 2526 2618 per
2552 2565 2696 2618 quem
2727 2549 2971 2602 acciderit
2997 2549 3091 2602 hoc
3118 2556 3382 2617 peccatum
3412 2549 3581 2602 hodie.
3611 2546 3668 2600 Et
3691 2547 3790 2616 quia

2237 2638 2454 2705 cognita
2497 2638 2655 2706 culpa
2702 2638 2967 2694 austerius
3014 2636 3252 2691 ferienda
3283 2646 3381 2703 est,
3411 2637 3576 2706 jurat,
3605 2638 3789 2693 dicens:

2249 2727 2385 2781 Vivit
2421 2725 2696 2793 Dominus,
2751 2728 2870 2798 quia
2910 2728 2954 2780 si
2995 2744 3086 2794 per
3129 2725 3414 2781 Jonatham
3457 2728 3618 2796 ﬁlium
3657 2743 3790 2779 meum

2242 2820 2434 2889 factum
2495 2827 2610 2884 est,
2667 2819 2856 2889 absque
2910 2820 3220 2872 retractione
3275 2821 3538 2873 morietur.
3590 2818 3793 2875 Tractari

2242 2910 2458 2980 quidem
2486 2909 2685 2964 diutius
2728 2909 2909 2977 debet,
2942 2919 2998 2964 ut
3028 2911 3329 2964 inveniatur
3357 2912 3532 2980 culpa,
3563 2910 3649 2966 sed
3676 2919 3791 2980 post-

2242 3015 2403 3067 quam
2452 2999 2671 3054 invenla
2719 3008 2824 3066 est,
2855 3000 2908 3055 in
2957 3015 3021 3056 ea
3068 3001 3219 3054 vivus
3247 3000 3441 3069 aliquis
3469 3000 3684 3070 relinqui
3706 3017 3795 3055 non

553 3136 658 3174 non
688 3119 1050 3189 cognoscitur.
1103 3116 1234 3170 Nam
1281 3115 1406 3169 dum
1449 3114 1646 3168 bonam
1671 3126 1730 3167 se
1759 3125 1878 3164 esse
1903 3107 2136 3170 simulat,

2249 3093 2427 3148 debet.
2479 3092 2697 3162 Absque
2727 3093 3053 3148 retractione
3100 3094 3382 3164 perimitur
3403 3134 3418 3159 ,
3451 3095 3543 3163 qui
3573 3093 3729 3148 vivere
3753 3093 3796 3146 in

552 3211 706 3280 quasi
734 3211 906 3264 lucem
937 3217 1136 3278 portat.
1168 3207 1224 3261 In
1251 3207 1337 3261 die
1380 3220 1508 3274 ergo
1539 3205 1626 3258 illa
1656 3203 1913 3256 Dominus
1942 3216 2137 3255 consu-

555 3304 685 3358 lenti
713 3315 771 3353 se
800 3315 905 3352 non
936 3296 1235 3365 rc5pondit,
1266 3296 1390 3366 quia
1415 3294 1636 3347 verbum
1686 3292 1779 3345 Dei
1830 3306 1952 3345 cum
2000 3289 2140 3345 mala

553 3389 942 3443 deliberatione
970 3386 1260 3441 convenire
1297 3401 1404 3440 non
1443 3391 1641 3453 potest.
1692 3381 1795 3436 Ptl'
1824 3396 2140 3450 responsum

553 3477 769 3546 quidem
803 3477 947 3530 verbi
979 3474 1282 3545 patefacere
1310 3475 1546 3529 solemus
1573 3488 1788 3527 sensum
1814 3471 2012 3526 intimae
2052 3487 2145 3526 vo-

561 3568 803 3620 luntatis.
846 3567 901 3620 In
941 3566 1028 3620 illa
1066 3564 1228 3632 igitur
1263 3564 1350 3618 die
1395 3563 1648 3617 Dominus
1677 3577 1781 3616 non
1813 3561 2100 3631 respondet
2130 3578 2143 3614 :

559 3659 684 3727 quia
721 3658 1062 3727 omnipotens
1100 3655 1240 3710 Deus
1279 3657 1330 3710 in
1375 3654 1623 3709 simulata
1660 3654 1998 3722 cogitationis
2029 3653 2147 3707 luce

561 3763 666 3802 non
693 3747 952 3810 cernitur,
992 3746 1083 3816 qui
1138 3760 1349 3814 semper
1379 3745 1430 3798 in
1457 3744 1702 3799 claritate
1730 3743 1968 3798 veritatis
1997 3743 2147 3797 inve-

560 3839 722 3892 nitur.
757 3837 825 3891 Et
851 3838 1165 3902 notandum,
1190 3835 1314 3906 quia
1340 3834 1428 3905 qui
1453 3833 1742 3889 accedendi
1767 3834 1834 3888 ad
1862 3834 2146 3888 Dominum

557 3929 840 3983 consilium
884 3928 1087 3994 tribuit,
1118 3926 1370 3983 sacerdos
1399 3923 1512 3979 fuit.
1544 3924 1680 3991 Quid
1708 3924 1847 3978 enim
1887 3925 2142 3991 sanctius,

557 4032 720 4085 quam
742 4017 1022 4071 consilium
1050 4013 1337 4069 accedendi
1363 4013 1429 4067 ad
1453 4011 1655 4067 Deum?
1677 4010 1995 4066 Sacerdotes
2017 4027 2146 4080 ergo

563 4108 723 4162 toties
764 4122 979 4169 sumus,
1009 4105 1222 4174 quoties
1263 4104 1518 4159 fratribus
1552 4104 1695 4157 bona
1738 4102 1960 4156 consilia
1990 4102 2149 4156 mini-

563 4205 815 4250 stramus.
844 4192 1061 4247 Sacrius
1086 4192 1226 4246 enim
1258 4191 1386 4244 nihil
1413 4190 1526 4244 dari
1557 4196 1756 4260 potest,
1781 4203 1942 4256 quam
1971 4190 2024 4244 id
2053 4206 2150 4259 per

564 4282 708 4350 quod
737 4282 963 4349 quisque
1010 4283 1087 4334 ire
1117 4279 1183 4332 ad
1209 4279 1541 4333 conditorem
1584 4279 1764 4333 debet.
1815 4279 1924 4334 Nos
1968 4290 2145 4333 autem

563 4368 690 4435 quia
731 4367 976 4421 ordinem
1015 4367 1306 4435 spiritualis
1343 4381 1531 4434 pugna:
1574 4366 1942 4434 describimus,
1989 4370 2148 4439 323

566 4458 883 4512 continuare
912 4456 1093 4527 priora
1122 4456 1468 4524 sequentibus
1496 4457 1772 4512 debemus.

639 4546 724 4601 t7.
768 4545 1005 4601 Verbum
1043 4545 1258 4614 quidem
1298 4545 1367 4600 Sa
1408 4547 1425 4600 l
1462 4546 1592 4612 fuit,
1638 4555 1697 4602 ut
1737 4547 1814 4603 sic
1855 4547 2151 4603 Philistaeos

566 4646 824 4707 vastaret,
855 4647 912 4691 ut
950 4653 1018 4692 ex
1056 4638 1121 4693 iis
1152 4638 1325 4692 virum
1355 4654 1461 4693 non
1501 4640 1847 4710 relinqueret.
1894 4639 2046 4706 Quod
2075 4641 2152 4696 sic

565 4735 730 4788 etiam
771 4732 993 4802 intelligi
1044 4740 1251 4801 potest;
1303 4732 1426 4799 quia
1473 4732 1547 4786 ita
1591 4734 1806 4788 volebat
1853 4732 2152 4788 Philistscos

565 4821 850 4892 perimere,
901 4828 959 4874 ut
999 4835 1186 4876 eorum
1231 4821 1406 4876 nullus
1449 4822 1586 4875 ultra
1629 4837 1847 4878 movere
1875 4822 2014 4877 bella
2055 4838 2149 4891 po-

567 4912 778 4964 tuisset.
813 4909 998 4978 Magna
1027 4910 1242 4978 quidem
1272 4911 1385 4964 haec
1414 4909 1528 4964 dies
1556 4911 1752 4965 mentis
1789 4920 1889 4976 est,
1939 4926 2043 4979 qra
2073 4912 2151 4966 sic

561 5009 767 5053 aterna
791 5007 1119 5065 quaeruntur,
1147 5006 1206 5051 ut
1229 4998 1538 5066 temporalis
1561 4998 1727 5053 hostis
1751 4998 1923 5052 nullus
1949 5013 1978 5051 a
2008 4999 2152 5053 cmde

567 5089 919 5157 relinquatur.
951 5087 1058 5141 Scd
1084 5088 1209 5156 quia
1240 5088 1370 5141 nulli
1399 5087 1713 5142 conceditur
1756 5087 1835 5141 sic
1884 5096 2154 5156 tempora-

566 5175 691 5229 liter
721 5175 956 5240 vincere,
1004 5183 1061 5228 ut
1087 5190 1195 5229 non
1223 5175 1415 5229 debeat
1442 5174 1588 5228 omni
1615 5182 1856 5244 tempore
1894 5190 2151 5245 pugnare,

571 5263 765 5317 merito
791 5261 987 5317 dicitur
1011 5279 1024 5315 :
1052 5260 1174 5315 Non
1203 5263 1464 5332 respondit
1494 5264 1540 5315 ei
1569 5260 1821 5316 Dominus
1850 5262 1902 5316 in
1931 5264 2014 5316 die
2036 5265 2148 5317 illa.

573 5351 921 5423 Respondere
959 5353 1054 5409 Dei
1094 5369 1202 5408 non
1245 5353 1416 5408 solum
1467 5353 1638 5406 intimi
1684 5354 1834 5407 verbi
1881 5354 1995 5422 ejus
2047 5365 2149 5419 est,

569 5449 663 5499 sed
693 5447 877 5514 gratiae
901 5456 955 5500 et
984 5447 1239 5501 tnuneris.
1271 5445 1495 5511 Quando
1521 5447 1663 5500 enim
1707 5447 1933 5513 benigne
1959 5461 2150 5501 conce-

565 5535 648 5588 dit
689 5535 833 5604 quod
876 5538 961 5605 pie
1008 5534 1234 5606 petitur,
1286 5535 1609 5605 respondere
1653 5537 1981 5604 perhibetur.
2033 5535 2150 5591 Non

569 5637 701 5692 ergo
730 5625 1020 5695 respondet
1060 5625 1312 5681 Dominus
1343 5626 1395 5681 in
1426 5625 1511 5680 die
1540 5624 1626 5680 illa
1652 5665 1668 5694 ,
1716 5625 1840 5693 quia
1893 5625 2152 5694 permittit

2246 3191 2491 3252 peccato,
2525 3184 2706 3237 statim
2738 3191 2796 3238 ut
2823 3183 3140 3246 innotuerit,
3182 3184 3521 3254 prohibetur.
3561 3183 3660 3238 Sed
3686 3183 3798 3237 istud

2243 3273 2448 3342 absque
2476 3273 2822 3339 retractione,
2854 3273 3066 3328 scilicet
3111 3275 3392 3342 perimere,
3427 3273 3625 3342 absque
3652 3282 3799 3327 retra-

2242 3365 2424 3419 ctione
2476 3379 2586 3418 non
2632 3371 2745 3428 cst,
2787 3363 2914 3432 quia
2949 3363 3116 3417 multa
3157 3363 3590 3420 coasiderationc
3652 3376 3799 3432 pastu

2245 3459 2454 3522 utitur,
2507 3463 2565 3510 ut
2601 3455 2780 3524 culpa,
2830 3469 2989 3524 quam
3033 3453 3380 3508 retractando
3421 3455 3642 3519 invenit,
3683 3453 3802 3506 feriri

2248 3551 2456 3619 absque
2485 3550 2829 3614 retractione,
2862 3557 2918 3603 et
2946 3547 3084 3602 cxzti
3127 3548 3216 3616 gui
3246 3548 3506 3602 velociter
3534 3547 3707 3616 possit.

2320 3642 2408 3696 i9.
2468 3641 2621 3707 Quod
2649 3641 2692 3694 si
2718 3640 2869 3708 juxta
2913 3638 3187 3693 historiam
3236 3637 3391 3706 hujus
3437 3637 3640 3706 paterni
3675 3636 3801 3704 jura-

2247 3733 2414 3787 menti
2437 3733 2645 3802 pondus
2666 3731 3008 3794 attendimus,
3033 3737 3086 3784 et
3108 3729 3247 3783 illius
3269 3729 3526 3798 temporis
3547 3726 3801 3787 fervorem,

2249 3833 2303 3878 et
2328 3822 2486 3890 hujus
2516 3831 2760 3891 teporem
2791 3822 2994 3891 pariter
3021 3829 3356 3875 contuimur.
3388 3820 3603 3889 Antiqui
3630 3819 3803 3874 etenim

2247 3921 2448 3984 patres,
2481 3918 2540 3965 ut
2568 3911 2677 3965 Deo
2707 3911 3004 3979 placerent,
3033 3909 3100 3964 ad
3130 3917 3357 3964 mortem
3390 3909 3509 3963 ﬁliis
3537 3909 3689 3964 etiam
3719 3923 3806 3964 non

2250 4000 2564 4070 parcebant.
2617 3999 2726 4054 Nos
2771 4007 2952 4053 autem
3002 4012 3096 4053 eos
3138 4013 3274 4066 quos
3301 3998 3592 4052 secundum
3620 4012 3809 4052 carnem

2248 4092 2532 4160 ditigimus,
2566 4091 2730 4145 etiam
2778 4090 2924 4144 tenui
2971 4090 3260 4159 asperitate
3304 4089 3588 4144 verborum
3629 4088 3810 4158 insequi

2249 4198 2355 4236 non
2386 4181 2670 4236 audemus.
2710 4179 2853 4234 Ecce
2881 4180 2974 4249 qui
3004 4178 3071 4234 ad
3099 4191 3321 4248 regnum
3353 4179 3518 4232 tilium
3555 4179 3812 4236 nutriebat,

2250 4273 2414 4327 dicit:
2443 4270 2578 4336 Quia
2621 4272 2666 4324 si
2709 4288 2800 4341 per
2835 4287 2948 4325 eum
2987 4279 3250 4338 peccatum
3292 4271 3488 4340 {actim
3528 4278 3618 4332 est,
3647 4268 3814 4334 absque

2251 4363 2558 4414 retractione
2610 4361 2875 4426 morietur.
2931 4358 3038 4414 Nos
3086 4367 3376 4428 peccantes
3425 4359 3730 4421 cernimus,
3771 4365 3815 4408 et

2178 4476 2225 4535 υ
2252 4451 2534 4520 objurgare
2561 4459 2846 4520 peccantes
2874 4457 2968 4503 aut
2993 4448 3260 4514 nolumus,
3312 4457 3404 4502 aut
3435 4449 3698 4503 timemus.
3728 4447 3815 4502 Cur

2251 4556 2380 4610 ergo
2423 4542 2526 4595 hoc
2569 4541 2815 4607 iacimus,
2855 4541 2958 4595 nisi
2995 4540 3119 4608 quia
3160 4539 3325 4595 Deum
3365 4541 3506 4594 sicut
3534 4540 3607 4594 illi
3638 4553 3815 4608 nequa-

2252 4648 2410 4703 quam
2457 4632 2763 4700 diligimus?
2813 4630 2947 4684 Nam
3003 4631 3234 4701 Moyses,
3284 4639 3343 4684 ut
3388 4631 3524 4684 bene
3568 4641 3816 4700 peccatum

2252 4723 2564 4776 idololatria:
2602 4721 2930 4786 vindicaret,
2963 4719 3173 4774 Levitas
3205 4720 3390 4788 viginti
3440 4721 3539 4774 tria
3570 4721 3728 4773 millia
3755 4718 3817 4770 vi-

2250 4829 2431 4867 rorum
2474 4812 2633 4881 jussit
2672 4811 2937 4866 occidere.
2982 4810 3040 4864 lu
3080 4811 3231 4878 cujus
3277 4811 3523 4865 nimiru.n
3572 4811 3816 4865 exercita-

2254 4903 2400 4957 tione
2428 4903 2588 4958 c.edis
2628 4903 2762 4956 dixit
2789 4920 2801 4954 :
2825 4901 2885 4956 Si
2916 4904 3027 4969 quis
3056 4913 3130 4956 est
3164 4901 3391 4968 Domini,
3416 4902 3670 4972 jungatur
3695 4900 3816 4952 mihi.

2254 4991 2425 5046 Ponat
2452 4995 2528 5046 vir
2554 4993 2782 5063 gladium
2811 5009 2963 5061 super
2989 4993 3155 5061 femur
3200 5008 3368 5046 suum.
3411 4991 3492 5044 Ite
3520 5003 3568 5045 et
3596 4991 3748 5043 redite
3772 4990 3819 5038 de

2253 5092 2403 5153 porta
2434 5100 2588 5154 usque
2614 5084 2680 5136 ad
2706 5094 2927 5151 portam,
2959 5092 3008 5136 et
3030 5083 3226 5137 occidat
3264 5084 3607 5152 unusquisque
3635 5085 3818 5152 [mtrem

2260 5193 2426 5243 suum,
2452 5186 2500 5229 et
2523 5177 2760 5242 amicum,
2785 5185 2833 5228 et
2860 5177 3152 5244 proximum
3184 5173 3379 5244 (Exod.
3414 5188 3580 5235 χχχιι,
3612 5171 3695 5234 26,
3723 5168 3814 5235 2i").

2252 5268 2298 5334 Q
2320 5269 2412 5322 iasi
2443 5268 2584 5321 dicat
2612 5285 2623 5320 :
2649 5267 2704 5320 ln
2751 5267 2855 5320 hoc
2902 5266 3151 5320 ostendet
3179 5267 3404 5334 quisque
3431 5265 3596 5335 324
3623 5263 3734 5331 quia
3760 5259 3814 5310 sit

2252 5355 2555 5424 Domini,.si
2584 5371 2680 5426 pro
2701 5355 2815 5423 ejus
2842 5370 3025 5409 amore
3051 5354 3220 5420 l‘ratri,
3251 5355 3522 5423 proximo,
3555 5355 3638 5407 vel
3666 5351 3814 5406 amico

2253 5462 2358 5500 non
2390 5449 2576 5515 parcit.
2614 5444 2750 5499 Dicit
2777 5460 2907 5514 ergo
2936 5445 3062 5498 Sani
3089 5445 3155 5498 tle
3186 5445 3292 5498 lilio
3323 5462 3336 5497 :
3365 5442 3500 5506 Quia
3531 5443 3711 5512 absque
3745 5454 3812 5489 re-

2255 5539 2502 5588 tractione
2531 5536 2796 5596 morietur,
2829 5534 2954 5603 quia
3003 5535 3159 5588 nobis
3181 5533 3290 5601 jam
3336 5534 3436 5587 sub
3467 5528 3812 5599 Redemptoris

2252 5626 2421 5694 gratia
2450 5625 2768 5692 viventibus,
2799 5625 2901 5680 etsi
2932 5639 3076 5680 mors
3105 5640 3210 5679 non
3240 5623 3545 5679 decernitur
3571 5617 3809 5691 corpori'.
