3948 6268
117 271 218 329 3.9

952 268 1015 323 IN
1058 267 1319 324 PRIMUM
1362 267 1599 325 REGUM
1644 269 2159 329 EXPOSITIONES.
2202 305 2270 314 —-—
2315 271 2436 330 LIB.
2484 274 2547 329 V.

3268 288 3398 340 '5‘0

117 385 307 459 precati
356 399 462 438 non
512 384 672 439 debet
702 384 807 439 vita
834 382 1069 437 dilaturi.
1111 382 1325 454 Absque
1368 383 1698 437 retractione
1728 388 1771 445 Α
1801 398 2065 451 quaerere,
2094 392 2150 439 et
2174 385 2361 454 quales
2386 387 2553 441 simus
2581 386 2820 443 invenire
2866 388 2955 442 vix
3001 398 3093 444 aut
3123 407 3394 461 nunquam

115 480 299 549 quippe
342 485 521 532 rector
559 475 829 540 interﬁcit,
858 490 982 531 cum
1012 475 1237 529 allectus
1265 474 1443 529 carnis
1472 489 1579 528 non
1610 490 1695 529 as-

116 571 251 640 picit,
282 566 371 622 sed
400 581 524 621 cum
555 566 759 621 crimen
791 565 995 618 invenit
1022 564 1281 619 velociter
1310 563 1452 618 ferit.
1503 562 1697 617 Retra-

115 666 215 714 rtat
240 655 474 727 quidem,
512 655 606 723 qui
638 668 704 709 ne
740 653 1030 711 scelestum
1060 652 1257 707 acriter
1286 659 1512 721 pungat,
1538 651 1697 707 obse-

114 751 224 820 quia
245 751 310 803 ab
329 762 392 803 eo
412 746 515 803 sibi
540 746 806 818 impensa,
836 753 927 798 aut
947 743 1428 813 consanguinitatis
1440 741 1691 797 allectum

114 842 299 908 cogitat
354 836 470 904 Qua
515 837 569 891 in
601 851 661 891 re
708 834 1003 891 notandum
1032 843 1112 890 est
1138 873 1160 901 ,
1198 834 1476 905 quodnon
1501 847 1691 889 omnes

113 932 266 1000 culpa
314 929 513 985 acriter
569 926 823 982 ferienda:
874 934 1019 983 sunt.
1072 925 1206 981 Nam
1254 925 1402 981 leves
1453 924 1689 995 pulveris

112 1018 315 1073 tutacula:
342 1017 536 1072 melius
562 1014 888 1072 excutiendo
916 1031 1077 1087 quam
1102 1015 1361 1082 lavando,
1385 1024 1483 1070 aut
1508 1015 1686 1083 ignem

110 1110 427 1181 apponendo,
458 1115 764 1177 terguntur.
790 1106 995 1163 Graves
1017 1109 1179 1164 etiam
1210 1108 1381 1178 culpze
1424 1108 1477 1163 in
1508 1108 1687 1163 omni-

110 1201 197 1254 bus
217 1214 361 1270 aequa
399 1198 697 1269 asperitate
723 1196 1067 1266 insequenda
1095 1213 1203 1253 non
1231 1206 1377 1263 sunt,
1418 1199 1543 1268 quia
1573 1198 1688 1252 vul-

111 1304 227 1343 nera
268 1302 554 1357 corporum
610 1301 707 1356 pro
758 1286 999 1355 ipsorum
1049 1301 1339 1356 corporum
1393 1294 1582 1341 natura
1634 1296 1690 1342 et

110 1378 306 1440 robore,
353 1377 597 1445 vigorem
645 1375 870 1445 exigunt
918 1376 1216 1431 medicinae.
1258 1375 1581 1446 Plerumque
1613 1384 1689 1431 ta.

108 1482 215 1521 men
240 1451 440 1536 praelati
462 1464 738 1531 Ecclesiae,
760 1480 883 1520 cum
910 1465 1100 1536 culpas
1124 1465 1371 1531 audiunt,
1402 1466 1529 1537 plus
1540 1466 1687 1535 justo

109 1558 481 1623 iniervescunt;
511 1566 566 1613 et
595 1557 721 1613 dum
752 1557 1045 1613 vindictam
1083 1557 1409 1626 metiuntur,
1451 1574 1551 1615 nec
1577 1560 1691 1613 vul-

1799 486 2100 540 possumus,
2148 473 2282 529 alios
2322 474 2538 543 quando
2568 478 2887 545 possumus?
2916 477 3054 542 Quid
3101 488 3183 532 est
3229 483 3396 545 enim,

1797 565 1940 633 quod
1970 564 2240 634 Propheta
2262 567 2529 635 deplorat,
2560 567 2746 623 dicens
2774 585 2786 622 :
2812 567 2915 623 Cor
2938 586 3102 621 meum
3132 570 3398 642 dreliqnit

1796 670 1879 707 me
1906 654 2085 725 (Paul.
2113 672 2295 721 χχχιχ,
2330 657 2440 725 15).
2474 657 2611 725 Quid
2639 668 2739 725 est,
2769 660 2911 727 quod
2942 660 3218 730 Scriptura
3242 678 3394 718 sacra

1795 743 2109 801 denuntiat:
2140 747 2357 819 Ignorat
2386 750 2542 805 hante
2567 760 2737 805 utrum
2767 752 2887 805 odio
2917 752 2994 805 vel
3014 769 3188 807 amore
3208 755 3398 824 dignus

1793 837 1861 890 sit
1890 836 2058 908 (Eccl.
2094 855 2168 903 lx,
2200 838 2277 906 2).
2330 838 2461 893 Item
2491 840 2802 910 quxstionis
2830 857 2939 895 sua:
2969 841 3198 897 fructum
3258 842 3394 897 Pro-

1791 927 1951 997 pheta
2002 927 2321 993 denuntiat,
2369 929 2554 984 dicens
2598 947 2613 983 :
2665 929 2871 985 Invenit
2917 949 3094 986 servus
3141 942 3255 985 tuus
3307 950 3397 986 cor

1791 1034 1935 1071 situm
1984 1018 2091 1087 (II
2142 1018 2270 1090 Reg.
2316 1035 2420 1089 tua,
2471 1019 2591 1091 27).
2620 1021 2781 1093 325
2808 1022 2862 1077 Si
2895 1024 2987 1077 vix
3013 1023 3255 1078 invenire
3303 1040 3395 1078 cor

1789 1108 1964 1163 sancti
1995 1117 2249 1178 possunt,
2272 1110 2631 1180 nosmetipsos
2656 1112 2927 1180 inquirere
2952 1127 3065 1182 qua»
3086 1114 3388 1167 temeritate

1789 1201 2101 1266 cessamus?
2149 1200 2255 1255 Sed
2286 1200 2517 1257 fortasse
2558 1218 2660 1258 nec
2706 1202 2975 1273 Propheta
3020 1206 3213 1274 potuit,
3262 1207 3391 1274 quia

1790 1288 2067 1358 subiunxit
2098 1308 2111 1343 :
2140 1290 2213 1345 Ut
2241 1293 2423 1346 timeat
2451 1302 2514 1346 te.
2561 1288 2834 1349 inveniret
2872 1295 3055 1363 utique
3082 1310 3179 1350 cor
3206 1310 3385 1362 suum,

1789 1379 1833 1433 si
1865 1380 1920 1450 pl
1955 1380 2095 1435 niter
2121 1383 2481 1451 cognovisset,
2521 1382 2648 1437 odio
2695 1398 2764 1437 an
2812 1398 2999 1439 amore
3028 1384 3221 1452 dignus
3248 1384 3391 1439 exis-

1790 1475 1957 1524 teret.
1985 1470 2086 1537 Qui
2116 1486 2246 1539 ergo
2277 1488 2382 1528 non
2414 1473 2637 1539 invenit,
2688 1481 2748 1528 ut
2773 1489 2958 1529 coram
3007 1476 3119 1531 Deo
3165 1491 3390 1530 securus

1788 1571 1951 1627 esset,
1987 1562 2189 1617 invenit
2219 1563 2404 1633 utique
2454 1572 2512 1618 ut
2560 1564 2791 1618 timeret.
2842 1564 2915 1619 At
2961 1581 3061 1621 nos
3108 1580 3209 1621 nec
3246 1566 3390 1621 istud

111 1666 278 1706 aerum
322 1650 658 1721 qualitatem,
712 1666 813 1707 nec
858 1666 1212 1723 personarum
1256 1650 1683 1721 delinquentium
1721 1685 1761 1741 Β
1791 1653 1947 1709 facile
1977 1669 2280 1725 possumus,
2311 1655 2434 1724 quia
2465 1654 2589 1709 dum
2638 1656 2881 1710 invenire
2928 1662 3145 1725 peccata
3176 1664 3387 1723 nostra,

108 1744 322 1810 vigorem
352 1741 669 1812 respiciunt.
701 1743 801 1810 Qui
831 1744 1083 1799 nimirum
1114 1744 1379 1799 tolerandi
1409 1752 1534 1800 sunt
1559 1760 1683 1800 cum

108 1833 353 1886 minantur
378 1873 399 1899 ,
445 1832 541 1887 sed
572 1832 639 1887 ab
670 1832 877 1888 ultione
901 1834 1170 1887 bonorum
1200 1833 1427 1889 consilio
1455 1832 1690 1890 sedandi

106 1927 229 1974 sunt.
263 1916 413 1973 Unde
437 1925 497 1974 et
523 1920 612 1974 hic
633 1919 1010 1990 subiungitur:

164 2009 332 2079 (Vera.
364 2007 479 2079 59.)
518 2009 601 2063 Ad
622 2010 758 2081 quod
787 2010 958 2064 nullus
985 2010 1304 2066 contradixit
1347 2011 1395 2066 ei
1431 2027 1498 2065 ea:
1538 2013 1679 2067 omni

105 2100 288 2171 populo.

163 2190 284 2257 Quia
314 2192 460 2247 enim
487 2206 755 2261 maiorum
781 2191 940 2246 min-1e
962 2192 1238 2247 humiliter
1262 2191 1497 2247 ferenda:
1526 2202 1679 2261 sunt,

103 2280 271 2333 dicitur
293 2296 305 2331 τ
330 2276 537 2335 Nullus
556 2280 873 2334 contradixit
901 2281 967 2334 ei.
1000 2279 1067 2335 Et
1104 2281 1230 2350 quia
1259 2296 1449 2336 eorum
1478 2282 1676 2337 nimie-

104 2380 170 2425 tas
192 2370 384 2426 salubri
417 2371 630 2441 piorum
657 2372 886 2428 consilio
912 2371 1233 2428 refrenanda
1259 2382 1360 2439 est,
1386 2389 1495 2428 non
1523 2373 1679 2429 valde

107 2462 303 2518 inferius
345 2476 471 2517 cum
500 2462 746 2518 eamdem
776 2470 1004 2518 mortem
1055 2461 1164 2518 tilio
1212 2462 1412 2519 inferre
1435 2478 1529 2518 rex
1563 2471 1679 2518 ten-

103 2557 185 2614 tat,
201 2550 367 2605 omnis
396 2550 630 2620 populus
650 2550 851 2605 clamat
874 2568 885 2602 :
907 2549 1117 2621 Ergone
1131 2550 1377 2605 morietur
1393 2550 1672 2618 Jonatlras,

104 2640 173 2707 qui
198 2640 308 2708 [erit
334 2640 559 2693 salutem
589 2639 723 2694 hanc
767 2640 823 2694 in
871 2638 1079 2694 Israel?
1117 2639 1391 2695 Liberavit
1414 2654 1545 2709 ergo
1574 2656 1675 2712 po-

105 2728 239 2796 pulus
268 2725 560 2783 lonatbam
612 2743 683 2785 ne
728 2738 1063 2786 moreretur.
1105 2729 1212 2786 Sed
1259 2731 1386 2802 quia
1437 2732 1675 2787 nondum

108 2818 339 2875 inventam
390 2822 609 2892 culpam
662 2837 770 2877 non
819 2821 1002 2891 ferire,
1053 2822 1149 2878 sed
1196 2822 1440 2882 invenire
1479 2824 1675 2894 satagit

107 2910 355 2981 latentem,
384 2911 631 2983 sequitur
653 2928 667 2967 :

1787 1753 1845 1802 et
1890 1745 2105 1800 inventa
2152 1760 2385 1815 pensare
2430 1745 2776 1814 negligimus,
2806 1746 2968 1815 quasi
2988 1746 3197 1815 perdito
3224 1748 3389 1802 corde

1784 1835 1964 1891 securi
1998 1850 2202 1890 sumus.
2251 1834 2308 1890 in
2356 1845 2510 1905 parte
2539 1850 2669 1905 ergo
2706 1835 2876 1890 altera
2917 1836 3000 1900 hi,
3037 1836 3110 1889 illi
3137 1837 3188 1890 in
3219 1837 3388 1891 altera

1782 1933 2109 1991 statuuntur,
2142 1933 2202 1979 ut
2226 1925 2561 1994 singulorum
2591 1926 2800 1981 occulta
2830 1926 3241 1981 considerentur
3264 1968 3280 1994 ,
3330 1937 3387 1983 et

1781 2016 1998 2072 inventa
2044 2017 2199 2087 culpa
2231 2016 2319 2087 dig
2342 2032 2390 2072 ia
2422 2032 2578 2087 pmna
2609 2015 2850 2073 feriatur.
2884 2017 3037 2084 Quod
3088 2018 3217 2086 quia
3268 2018 3385 2073 lau-

1778 2107 2011 2163 dandum
2042 2107 2198 2163 valde
2227 2124 2337 2163 non
2364 2107 2781 2163 dissuadendum
2811 2116 2913 2173 est,
2947 2110 3190 2178 sequitur
3217 2126 3231 2163 :

1850 2198 2029 2265 (Vers.
2057 2197 2167 2269 40.)
2212 2196 2499 2268 Respondit
2535 2200 2759 2269 populus
2794 2199 2929 2255 Sunt
2956 2215 2975 2254 :
3003 2198 3154 2264 Quod
3184 2202 3374 2255 bonum

1778 2297 1857 2341 est
1880 2289 1933 2341 in
1960 2289 2133 2343 oculis
2154 2288 2273 2353 tuis,
2306 2290 2411 2360 fac.
2456 2300 2463 2305 ‘

1853 2376 1940 2434 5L
1984 2376 2124 2446 Quid
2152 2387 2235 2434 est
2263 2388 2464 2446 autem,
2495 2379 2640 2449 quod
2671 2382 2878 2451 populo
2908 2381 3037 2438 Saul
3062 2425 3076 2448 ,
3126 2391 3185 2437 ut
3227 2397 3287 2437 se
3326 2384 3381 2439 in

1782 2478 1993 2543 partem
2024 2486 2188 2527 unam
2217 2480 2498 2542 separaret
2534 2474 2779 2544 ριιςῐηοίρίι
2799 2515 2821 2541 ,
2863 2484 2919 2531 et
2943 2476 3174 2546 populus
3203 2475 3383 2531 facere

1787 2577 1970 2632 regem
2000 2571 2158 2632 rogat
2183 2564 2326 2632 quod
2353 2565 2597 2636 praeipit
2620 2607 2636 2633 ,
2679 2566 2781 2620 nisi
2827 2566 2957 2635 quia
2983 2566 3256 2636 inquirere
3294 2581 3382 2621 se-

1787 2655 2045 2724 mctipsos
2091 2655 2361 2725 simplices
2406 2656 2674 2723 nesciunt,
2714 2657 2876 2712 etiam
2920 2672 3042 2711 cum
3085 2656 3384 2726 iubentur?

1784 2749 1926 2804 Dicit
1956 2764 2086 2820 ergo
2114 2766 2127 2803 :
2163 2748 2276 2803 Fac
2302 2750 2443 2821 quod
2467 2749 2656 2805 bonum
2684 2758 2760 2805 est
2787 2750 2840 2803 in
2872 2749 3035 2804 oculis
3062 2750 3188 2803 tuis.
3212 2748 3380 2815 Quasi

1783 2839 1971 2898 dicat:
2010 2838 2090 2894 Tu
2132 2838 2325 2893 melius
2368 2853 2527 2908 agere
2567 2847 2752 2894 nostra
2782 2837 2988 2909 poteris
3012 2879 3029 2906 ,
3076 2838 3167 2909 qui
3197 2838 3380 2893 lumen

1784 2931 1961 2987 cordis
1991 2946 2096 2987 nou
2128 2930 2302 2986 solum
2332 2930 2451 2995 tibi,
2478 2930 2575 2986 sed
2604 2930 2767 2986 etiam
2797 2930 2997 2985 nostris
3024 2929 3185 2999 praevi
3209 2927 3379 2984 leudis

160 3021 321 3089 (Vers.
368 3021 497 3095 40.)
530 3021 602 3077 Et
649 3023 725 3077 ait
763 3023 834 3076 ad
877 3024 1170 3078 universum
1210 3022 1419 3078 Israel:
1443 3024 1676 3095 Separa-
1705 2992 1751 3054 Ο
1780 3020 2061 3075 itineribus
2089 3019 2401 3089 suscepisti.
2425 2992 2531 3074 Sed
2561 3027 2742 3074 rector
2769 3018 2838 3073 de
2869 2992 3081 3072 interna
3103 3016 3373 3071 illumina-

104 3116 207 3169 mari
247 3133 330 3171 ros
376 3118 435 3171 in
474 3126 626 3187 parte
665 3132 790 3183 una,
823 3125 878 3170 et
899 3131 995 3187 ego
1023 3132 1137 3170 cum
1165 3115 1395 3171 Jonatlta
1423 3116 1532 3176 ﬁlio
1562 3132 1676 3171 meo

107 3226 177 3263 era
196 3211 243 3264 in
269 3221 425 3281 parte
445 3212 640 3267 altera.

159 3302 234 3357 50.
275 3303 408 3371 Quid
436 3312 541 3373 est,
572 3303 716 3374 quod
746 3304 889 3375 regis
918 3314 1191 3375 percepto
1211 3304 1443 3376 populus
1466 3320 1497 3360 a
1524 3319 1677 3375 rege.

102 3402 146 3447 et
170 3393 280 3461 eius
320 3394 431 3449 lilio
478 3402 783 3464 separatur,
834 3395 935 3450 nisi
980 3395 1104 3466 quia
1134 3395 1259 3450 dum
1288 3394 1448 3466 culpa
1477 3395 1675 3466 latens,

102 3493 144 3539 et
167 3493 400 3555 suspecta
429 3487 707 3555 qumritur,
734 3496 788 3542 et
816 3487 1126 3557 superiores
1149 3494 1207 3542 et
1234 3486 1520 3542 inferiores
1547 3501 1676 3557 pcr-

101 3590 225 3629 sone
249 3574 606 3631 discutienda.»
618 3578 779 3631 sunt?
808 3575 964 3647 Scpe
988 3576 1204 3646 quidem
1235 3577 1487 3648 populus,
1530 3592 1681 3647 srrpe

101 3684 264 3724 eorum
284 3678 462 3725 rector
483 3669 747 3739 delinquit
770 3678 857 3725 :et
883 3668 1171 3740 a'iquando
1197 3669 1678 3739 ipsaasubditorum-

101 3758 233 3827 culpa
277 3759 497 3828 przelato
544 3757 869 3823 ascribitur,
932 3774 1042 3829 quo
1093 3758 1391 3827 negligente
1456 3758 1668 3828 impleri

103 3849 417 3917 perhibetur-
434 3848 570 3904 Cum
595 3864 725 3919 ergo
753 3850 982 3905 estensis
1010 3850 1257 3920 superius
1284 3849 1513 3915 indiciis,
1541 3849 1679 3920 quia:

102 3939 241 3994 latrat
268 3942 318 3995 in
356 3941 560 4013 populo
586 3941 743 4013 culpa
771 3941 1147 4011 cognoscitur,
1165 3941 1298 3995 etin
1324 3955 1432 4011 quo
1454 3940 1525 3995 sit
1544 3940 1670 3996 abs—

102 4033 290 4088 condita
344 4036 611 4101 nescitur,
648 4049 707 4091 se
757 4051 853 4091 rex
884 4034 1201 4101 admisceat,
1249 4044 1306 4090 ut
1351 4050 1418 4090 an
1456 4049 1552 4091 sua
1598 4035 1675 4090 sit

100 4123 252 4193 culpa,
302 4126 383 4180 vel
430 4126 636 4196 populi,
690 4137 876 4197 pastor
921 4127 1086 4182 sciat.
1127 4124 1383 4196 Equidem
1411 4141 1506 4181 rex
1535 4126 1663 4181 8qu

102 4217 321 4273 conscius
365 4217 538 4286 culpa:
582 4234 689 4274 non
734 4227 850 4274 erat
895 4233 1055 4289 quam
1086 4218 1199 4290 ipse
1245 4232 1345 4274 nec
1374 4232 1674 4285 consensu,

103 4322 182 4360 nec
206 4322 369 4377 opere
387 4316 811 4379 perpetraverat,
843 4317 898 4365 et
924 4317 1101 4364 tamen
1130 4308 1491 4365 discutiendus
1536 4309 1675 4364 miso

1778 3111 1926 3166 tione
1953 3109 2405 3180 laudatur,quam
2435 3123 2531 3179 per
2559 3108 2786 3177 gratiam
2809 3108 2993 3174 habet,
3024 3121 3121 3176 per
3144 3106 3377 3164 astima-

1777 3200 1993 3257 tionem.
2020 3215 2129 3255 non
2171 3200 2366 3254 habet.
2390 3197 2663 3253 Laudatur
2690 3197 2947 3267 quidem,
2986 3195 3111 3264 quia
3141 3207 3376 3263 cognos-

1778 3306 1905 3347 cere
1943 3298 2152 3346 secreta
2196 3290 2423 3346 aliorum
2463 3288 2665 3359 possit,
2721 3288 2815 3343 sed
2866 3288 2981 3357 ipse
3026 3286 3376 3356 semetipsum

1778 3396 1940 3451 posse
1967 3380 2109 3436 scire
2138 3377 2348 3435 diiildit.
2389 3378 2525 3445 Quia
2565 3392 2697 3447 ergo
2728 3377 2908 3432 lumen
2938 3376 3039 3430 sibi
3068 3382 3229 3429 tante
3256 3388 3378 3442 gra-

1779 3469 1865 3522 tie
1895 3485 2002 3523 non
2027 3467 2311 3531 adscribit,
2338 3482 2369 3521 a
2400 3465 2514 3522 Deo
2539 3464 2823 3536 postulare
2851 3464 2959 3519 hoc
2984 3461 3238 3532 precibus
3265 3476 3377 3517 non

1774 3558 2003 3613 omittit.
2030 3556 2183 3613 Unde
2211 3567 2261 3613 et
2291 3557 2534 3626 sequitur
2576 3573 2587 3609 :

1845 3669 2023 3739 (Vers.
2052 3668 2169 3737 Μ.)
2208 3666 2278 3721 Et
2306 3667 2440 3721 dixit
2468 3667 2537 3720 ad
2557 3664 2839 3721 Dominum
2860 3662 3026 3727 Deum
3057 3660 3263 3717 Israel:
3289 3661 3372 3716 Da

1771 3761 2041 3814 indicium.
2094 3757 2233 3824 Quid
2278 3768 2374 3824 est,
2414 3758 2552 3828 quod
2592 3774 2695 3812 non
2739 3756 3069 3819 responderis
3108 3772 3252 3811 servo
3284 3765 3373 3811 tuo

1774 3853 1926 3908 hodie
1947 3857 1973 3907 ἵ
2013 3854 2076 3909 Si
2102 3854 2157 3907 in
2187 3870 2267 3906 me
2293 3860 2385 3904 aut
2411 3853 2464 3905 in
2496 3851 2728 3905 Jonatha
2767 3848 2878 3919 ﬁlio
2905 3864 3016 3902 meo
3046 3847 3157 3901 hinc
3184 3848 3375 3919 iniqui-

1774 3950 1853 3997 tas
1880 3951 1975 4008 est,
2007 3942 2076 3995 da
2105 3941 2451 3997 ostensionem
2483 3955 2503 3994 :
2533 3947 2621 3993 aut
2658 3938 2703 3992 si
2728 3946 2803 3991 est
2829 3938 2882 3991 in
2919 3935 3108 4007 populo
3135 3942 3233 3989 tuo
3266 3936 3374 3989 huc

1772 4030 2039 4103 iniquitas.
2070 4030 2140 4083 da
2163 4028 2513 4083 sanctitatem.

1843 4118 1930 4176 52.
1968 4120 2223 4177 Indicium
2270 4132 2401 4189 ergo
2447 4117 2563 4174 dari
2616 4117 2890 4188 petimus,
2929 4116 3157 4188 quanio
3210 4115 3369 4171 nobis

1771 4214 2085 4270 abscondita
2110 4210 2345 4267 revelari
2380 4211 2703 4281 flagitamus.
2749 4208 2857 4265 Sed
2903 4209 3253 4279 querendum
3283 4218 3369 4264 est

1769 4303 1898 4375 quid
1932 4302 2035 4359 sibi
2059 4301 2175 4357 vult
2218 4310 2365 4357 tanta
2392 4300 2679 4357 verborum
2708 4299 3037 4356 diversitas?
3062 4299 3196 4356 Nam
3226 4300 3281 4356 in
3313 4315 3372 4356 se

103 4404 255 4465 retur,
280 4406 336 4451 ut
361 4400 406 4454 si
434 4398 488 4453 in
516 4414 575 4453 se
603 4400 767 4455 etiam
795 4399 957 4465 latet,
979 4399 1308 4454 inveniatur.
1328 4397 1489 4466 Quasi
1519 4399 1662 4454 enim
1699 4417 1743 4476 ι)
1770 4402 1827 4449 et
1854 4390 1965 4449 filio
1990 4392 2353 4450 ostensionem
2381 4391 2499 4446 dari
2528 4390 2713 4461 petit,
2750 4390 2796 4445 si
2826 4390 2879 4445 in
2919 4389 3235 4461 populo-est
3264 4390 3377 4445 ini-7

104 4499 149 4539 se
173 4487 380 4556 peccati-
416 4487 642 4542 inscium
669 4488 1017 4558 perquirebat
1039 4526 1055 4553 ,
1102 4487 1193 4556 qui
1238 4488 1449 4544 dicebat
1473 4486 1677 4544 :‘Niln't

105 4576 217 4628 inim
254 4578 379 4631 mihi
415 4578 650 4633 conscius
678 4594 812 4646 sum,
850 4578 942 4632 sed
980 4594 1083 4634 non
1130 4578 1186 4631 in
1233 4578 1329 4633 hoc
1349 4577 1674 4649 justiﬁeatus

104 4676 235 4716 suum
258 4666 342 4734 qui
382 4674 553 4719 autem
572 4666 782 4736 iudicat
803 4684 915 4733 me,
938 4665 1189 4721 Dominus
1213 4676 1291 4721 est
1318 4669 1336 4737 (
1363 4665 1391 4719 ι
1436 4664 1557 4722 Cor.
1592 4683 1666 4737 tv,

105 4747 169 4816 ι).
193 4750 346 4818 Quasi
373 4755 553 4810 dicat:
579 4754 833 4821 Quaerere
861 4757 1124 4826 meipsum
1148 4798 1176 4825 ,_
1203 4765 1260 4812 et
1287 4756 1529 4812 invenire
1558 4772 1666 4812 non

105 4839 284 4910 desino,
309 4845 434 4914 quia
463 4846 509 4901 si
540 4847 668 4902 mihi
696 4848 869 4913 lateo,
890 4850 975 4903 cui
1006 4848 1147 4903 nuda
1173 4855 1306 4903 sunt
1348 4848 1527 4903 omnia
1556 4863 1666 4903 non

106 4928 292 4986 latebo.
327 4932 486 4989 Dicat
522 4948 655 5005 ergo
682 4951 776 4992 rex
807 4938 1014 5007 peccati
1048 4937 1209 5003 illius,
1241 4937 1385 5007 quod
1412 4936 1667 4993 discutie-

106 5017 260 5087 batur,
286 5038 395 5077 non
420 5024 704 5081 conscius:
730 5025 845 5098 Ego
882 5043 996 5081 cum
1037 5027 1272 5083 leuat/ia
1299 5020 1551 5099 ﬁliomieo
1576 5046 1679 5084 ero

105 5111 148 5163 in
190 5126 327 5183 parte
365 5117 560 5183 nam;
605 5119 731 5187 quia
776 5120 934 5176 electi
981 5120 1252 5188 doctores,
1281 5137 1406 5178 cum
1450 5122 1503 5177 in
1550 5122 1669 5178 aliis

108 5217 187 5268 per
222 5208 551 5265 rectitudinis
591 5211 765 5266 zelum
813 5213 1059 5277 saeviunt,
1100 5214 1448 5285 sibimetipsis
1476 5223 1533 5270 et
1556 5216 1668 5272 suis

109 5292 429 5356 familiaribus
452 5317 789 5372 nequaquam
819 5314 1063 5375 pareunt.
1095 5306 1258 5373 Quasi
1307 5307 1449 5363 enim
1478 5308 1532 5363 in
1562 5324 1667 5363 una

112 5389 238 5446 parte
257 5388 811 5460 populumseparant,
835 5402 889 5447 et
909 5394 1228 5465 semetipsos
1254 5410 1362 5450 non
1390 5406 1664 5466 separant,

112 5470 185 5557 qui
210 5474 534 5532 subditorum
566 5479 750 5549 culpas
777 5482 1066 5537 discutiunt
1094 5526 1110 5552 ,
1160 5492 1215 5540 et
1261 5492 1322 5539 ut
1348 5487 1665 5557 semetipsos

112 5555 379 5632 inveniant,
425 5567 751 5636 investigare
796 5586 902 5626 non
950 5582 1157 5629 curant.
1189 5572 1437 5644 Magnum
1465 5555 1665 5646 quippe

112 5651 429 5713 miluinam:
461 5659 775 5729 igcorantia:
804 5663 1039 5736 pelagus.
1072 5666 1205 5724 Nam
1233 5668 1278 5723 si
1310 5673 1665 5742 nosmetipsos

1772 4487 1950 4557 quitas
1984 4484 2360 4541 sanctitatem.
2391 4482 2546 4551 Quod
2569 4491 2751 4539 tamen
2772 4481 2878 4537 dici
2905 4481 3146 4538 breviter
3164 4490 3377 4553 potest,

1770 4574 1895 4646 quia
1922 4572 2080 4629 electi
2122 4574 2376 4629 doctores
2420 4573 2599 4629 sciunt
2638 4573 2910 4644 propriam
2955 4571 3371 4639 fortitudinem,

1769 4666 1947 4724 sciunt
1974 4664 2160 4736 populi
2190 4662 2420 4733 subiecti
2446 4662 2833 4720 inﬁrmitatem.
2880 4662 2988 4719 Pro
3028 4678 3088 4719 se
3116 4678 3247 4733 ergo
3275 4679 3369 4718 so-

1772 4757 1876 4811 lam
1906 4756 2275 4811 ostensionem
2306 4754 2411 4824 culi
2429 4770 2478 4810 ω
2506 4762 2717 4825 petunt,
2747 4754 2872 4824 quia
2902 4755 3218 4811 austeritate
3248 4770 3372 4824 pm»

1772 4847 2011 4903 nitentiat
2057 4846 2199 4901 hanc
2243 4844 2455 4901 soleant
2508 4845 2745 4914 insequi,
2781 4843 2978 4900 sciunt.
3031 4842 3137 4899 Pro
3163 4845 3381 4914 pupula.
3434 4880 3435 4883 η

1771 4948 1952 4995 autem
1976 4937 2318 4994 sanctitatem
2342 4945 2587 5007 quarunt
2611 4975 2628 5003 ,
2662 4937 2788 5006 quia
2818 4935 3005 5005 culpas
3028 4934 3379 4991 subditorum.

1770 5030 1944 5085 solum
1996 5028 2139 5085 scire
2184 5034 2484 5099 appetunt;
2544 5027 2641 5083 sed
2682 5041 2821 5097 quos
2870 5026 3152 5082 inveniunt
3198 5043 3378 5098 prava

1774 5134 1964 5189 agere,
2014 5126 2207 5189 rogant
2258 5119 2325 5173 ad
2371 5117 2582 5173 veniam
2630 5132 2729 5187 per
2772 5117 3007 5172 lamenta
3055 5119 3374 5188 pervenire-

1773 5209 1909 5278 Quid
1940 5218 2024 5266 e.t
2059 5210 2201 5266 enim
2231 5210 2412 5266 dicere
2442 5225 2457 5266 :
2490 5209 2573 5263 Da
2602 5210 2952 5276 sanctitatem,
2981 5208 3120 5264 nisi:
3151 5208 3373 5264 Sancti.

1776 5301 1897 5363 lica,
1922 5315 2060 5369 quos
2091 5300 2470 5355 demonstras?
2505 5298 2632 5354 Mihi
2655 5314 2841 5354 eorum
2868 5299 3080 5355 occulta
3111 5300 3374 5369 detegis,

1773 5391 1868 5447 sed
1897 5391 2197 5461 detegrndo
2222 5391 2353 5446 nihil
2380 5391 2576 5461 agitur,
2605 5393 2650 5448 si
2675 5400 2813 5461 quos
2839 5392 3371 5460 ostendis,gratiaub

1770 5483 2131 5550 retundendo,
2176 5499 2284 5539 non
2314 5484 2514 5554 operis.
2553 5483 2689 5550 Quia
2720 5498 2848 5541 vero
2888 5498 3029 5554 saepe
3058 5491 3205 5539 stant
3232 5483 3370 5541 sub-

1769 5576 1864 5632 diti
1889 5584 1943 5631 et
1967 5576 2172 5647 praelati
2195 5576 2413 5641 cadunt,
2444 5576 2687 5647 sequitur
2713 5593 2727 5631 τ

1845 5669 2037 5743 (Vers.
2052 5668 2111 5724 41
2126 5671 2163 5742 .)
2206 5669 2276 5726 Et
2302 5672 2649 5745 deprehensus
2669 5681 2746 5727 est
2763 5671 3025 5728 Jonatloas
3040 5671 3283 5729 etStmi.
