3948 6282
575 272 669 325 Sili

638 401 703 457 Et
724 400 847 470 quia
877 399 989 470 ipsa
1021 394 1181 449 etiam
1210 386 1365 456 culpa
1395 399 1501 438 non
1539 380 1692 435 facile
1721 395 1750 432 a
1790 393 1896 446 quo
1928 375 1997 428 sit
2026 387 2144 442 per-
2178 374 2222 432 Λ

567 501 775 566 petrata
806 488 1170 558 cognoscitur,
1201 479 1446 547 sequitur
1475 492 1491 529 :

643 585 825 655 (νει-ε.
861 579 971 647 42.)
1017 575 1081 628 Ει
1110 574 1183 626 ait
1213 570 1383 626 Sanl:
1418 566 1604 619 Mittite
1632 569 1818 614 sortem
1839 561 1973 610 inter
2003 570 2081 607 me
2107 561 2155 606 et

572 679 735 748 ﬁlium
761 687 951 728 meum.
987 667 1055 721 Et
1083 672 1262 735 captus
1290 669 1362 714 est
1388 656 1663 713 Jonatlias.

644 767 729 820 5'5.
771 763 872 829 Qui
901 766 1075 815 sortes
1103 755 1340 815 mittunt,
1375 765 1472 820 per
1498 744 1785 801 visibilium
1816 752 1995 793 rerum
2027 748 2159 788 con-

575 824 815 925 iecturas
856 847 1077 905 latentia
1125 857 1266 912 srepe
1304 834 1728 908 deprehendunt.
1774 829 1863 884 Sic
1907 824 2159 881 nimirum

575 915 737 999 donas
760 940 970 1009 fugiens
997 935 1236 991 noscitur
1264 929 1406 1000 (Jan.
1437 928 1476 996 ι)
1502 943 1516 990 ;
1550 924 1627 978 sic
1657 921 1906 974 Matthias
1927 915 2160 983 Apodo-

575 1037 659 1090 lus
689 1000 994 1103 Apostoliea
1032 1021 1347 1081 celsitudine
1390 1018 1583 1085 dignus
1630 1010 1897 1066 invenitur
1930 1007 2063 1074 (Act.
2096 1000 2159 1072 ι).

575 1128 764 1181 Sortes
784 1135 910 1190 ergo
927 1116 1230 1189 spirituales
1250 1111 1514 1182 ponimus,
1539 1103 1752 1173 quando
1776 1115 1872 1170 per
1894 1096 2162 1152 exteriora

578 1218 729 1285 signa
753 1225 1004 1282 operum,
1047 1206 1114 1260 ad
1155 1201 1489 1258 occultorum
1522 1193 1768 1248 notitiam
1799 1186 2161 1256 pervenimus.

577 1307 709 1360 Sors
750 1302 892 1359 enim
943 1293 1363 1363 uniuscujusque
1411 1285 1626 1356 propria
1673 1289 1756 1336 est
1797 1274 2158 1334 conversatio.

587 1393 738 1448 Unde
784 1391 838 1444 in
882 1386 1156 1457 Sapientia
1202 1378 1416 1449 reprobi
1447 1369 2032 1430 dicuntz'Coronemus
2073 1379 2166 1416 nos

581 1484 712 1537 rosis
763 1487 1033 1549 antequam
1071 1474 1392 1526 marcescant
1421 1483 1438 1530 ;
1469 1462 1664 1517 nullum
1705 1467 1907 1528 pratum
1937 1454 2003 1508 sit
2032 1451 2167 1523 quod

583 1588 685 1624 non
714 1570 1035 1638 pertranseat
1074 1559 1284 1614 luxuria
1331 1562 1540 1616 nostra;
1590 1551 1773 1617 ubique
1819 1545 2166 1613 relinquamus

581 1632 732 1730 signa
761 1656 975 1716 la'titite,
998 1650 1237 1722 quoniam
1259 1646 1368 1698 lucc
1396 1650 1469 1695 est
1499 1656 1619 1711 pars
1642 1647 1842 1695 nostra,
1879 1642 1926 1686 et
1957 1632 2063 1684 ltwc
2093 1637 2169 1681 est

581 1718 693 1805 sors
723 1755 901 1802 nostra
929 1718 1088 1814 (sap.
1133 1753 1190 1803 ιι,
1236 1735 1312 1805 8).
1360 1732 1402 1784 Ε
1433 1737 1620 1785 contra
1663 1732 1842 1780 autem
1888 1718 2168 1775 Psalmista
2211 1754 2240 1779 ..

585 1851 857 1916 precatur,
890 1837 1074 1891 dicens
1105 1850 1118 1884 :
1161 1829 1322 1900 326
1353 1826 1527 1879 Portio
1555 1837 1701 1883 mea,
1735 1816 1976 1879 Domine,
2018 1813 2082 1865 sit
2111 1812 2165 1863 in

587 1899 722 1988 ierra
768 1899 1038 1984 viventium
1070 1899 1409 1992 (Psalicm,
1459 1913 1534 1981 6).
1569 1908 1721 1976 Quod
1763 1905 1925 1961 etiam
1973 1899 2168 1953 Paulus

585 2021 925 2083 denuntians,
954 2016 1028 2070 ait
1057 1989 1085 2067 ε.
1105 2010 1299 2066 Nostra
1329 2002 1644 2060 conversatio
1672 2001 1724 2052 in
1755 1996 1892 2050 caelis
1917 2002 1993 2046 est
2017 1989 2169 2060 (Plii-

587 2117 678 2184 lip.
712 2129 787 2175 ιιι,
819 2109 929 2181 20).
961 2108 1158 2161 Doctor
1186 2116 1312 2170 ergo
1339 2096 1492 2167 quasi
1529 2091 1858 2162 singulorum
1887 2093 2059 2141 sortes
2086 2089 2170 2134 tc-

593 2213 716 2269 net,
746 2202 870 2256 dum
920 2193 1338 2263 uniuscujusque
1379 2182 1847 2243 conversationem
1892 2176 2054 2228 \idet.
2105 2171 2170 2224 Et

590 2295 714 2350 dum
759 2292 915 2361 culpa
945 2260 1201 2350 noscitur,
1243 2288 1299 2336 et
1336 2279 1414 2333 rei
1457 2286 1688 2346 persona
1733 2268 1990 2330 nescitur,
2023 2260 2176 2332 quasi

591 2392 764 2439 sortes
791 2378 974 2445 mittit,
1003 2377 1129 2430 dum
1151 2371 1367 2427 modum
1398 2366 1651 2422 facinoris
1677 2366 1956 2429 comparat
1993 2369 2177 2424 perso-

594 2491 676 2530 nae
723 2444 1061 2539 negligentis.
1114 2463 1220 2519 Sed
1249 2470 1305 2516 et
1353 2460 1492 2513 forte
1539 2455 1751 2524 culpam
1791 2444 2173 2518 deprellendit,

593 2567 719 2620 dum
745 2535 974 2632 quodam
1004 2556 1156 2624 signo
1197 2550 1519 2620 conjectura:
1559 2542 1803 2616 pervenit
1849 2540 1915 2594 ad
1958 2535 2180 2592 eviden-

597 2666 704 2710 tem
733 2628 971 2710 ci-iminis
996 2646 1299 2702 veritatem.
1331 2641 1668 2709 Negligenter
1697 2633 1910 2705 quidem
1934 2628 2177 2701 praeemi‘

601 2754 709 2808 net,
737 2742 828 2812 qui
858 2737 1265 2795 commissorum
1291 2731 1392 2786 sibi
1422 2729 1654 2783 ﬁdelium
1687 2724 1857 2780 nescit
1885 2731 1940 2777 et
1968 2720 2180 2774 fortitu—

595 2836 650 2891 di
674 2808 775 2889 tem
803 2839 860 2886 et
888 2827 1271 2884 infirmitatem.
1303 2821 1472 2876 Nosse
1496 2817 1639 2873 enim
1670 2814 1832 2868 debet
1863 2811 2026 2864 fortes
2050 2808 2178 2862 sub-

596 2927 760 2990 ditos,
790 2922 983 2992 quibus
1009 2918 1117 2973 sint
1143 2913 1427 2968 virtutibus
1457 2907 1594 2978 apti,
1623 2904 1819 2974 quibus
1848 2899 2045 2955 inﬁrmi
2074 2897 2184 2951 sint

597 3017 740 3072 vitiis
789 2989 882 3084 per
926 3004 1309 3078 negligentiam
1358 2995 1610 3069 proximi.
1664 2992 1833 3047 Nosse
1869 2989 2183 3055 debetque

601 3079 856 3160 virtutum
883 3099 1098 3156 devotio
1130 3095 1261 3150 istos
1287 3092 1506 3156 excitet,
1529 3102 1647 3157 qua:
1672 3085 1881 3138 illorum
1913 3079 2186 3148 negl'gen-
2212 3101 2257 3164 ο

603 3199 726 3251 tiam
756 3193 985 3263 qualitas
1013 3189 1268 3244 vitiorum
1300 3183 1495 3238 turbet.
1526 3177 1689 3244 Quasi
1720 3187 1848 3242 ergo
1877 3173 1928 3225 in
1955 3169 2186 3224 exterio-

605 3287 750 3339 ribus
774 3258 952 3336 sortes
977 3277 1311 3346 singulorum
1342 3279 1509 3335 tenet,
1549 3268 1673 3321 dum
1715 3262 1971 3333 prmvidet
1995 3258 2188 3327 quibus

601 3369 676 3426 illi
711 3376 935 3440 possunt
961 3345 1106 3420 vitiis
1145 3361 1318 3425 obrui,
1366 3357 1558 3427 quibus
1600 3354 1686 3408 isti
1732 3349 2018 3406 virtutibus
2048 3345 2189 3400 exal-

608 3462 728 3514 tari.
758 3459 932 3512 Causa
960 3456 1121 3525 igitur
1148 3451 1361 3520 eognita
1387 3486 1402 3512 ,
1450 3444 1602 3515 quasi
1639 3441 1873 3498 sortibus
1901 3439 2049 3507 signa
2085 3436 2186 3490 im-

610 3549 807 3620 primit,
839 3547 965 3601 dum
1008 3543 1240 3615 patentis
1285 3539 1456 3606 cul,ae
1495 3544 1678 3591 notam
1727 3532 1867 3587 illius
1905 3542 2190 3585 conversa-

610 3618 740 3694 tloui
770 3636 1100 3699 ascribimus,
1134 3632 1227 3704 qui
1254 3645 1349 3702 per
1378 3624 1757 3697 negligentiam
1787 3637 2010 3692 pronus,
2036 3626 2088 3674 et
2111 3618 2189 3672 vi-

611 3733 764 3785 cinus
793 3729 860 3782 ad
884 3726 1010 3781 illud
1032 3724 1238 3779 facinus
1261 3716 1674 3792 perpetrandum
1703 3722 1827 3768 ante
1856 3712 2022 3766 fuisse
2043 3709 2191 3763 vide-

610 3824 785 3876 batur.
824 3817 930 3882 Sed
955 3816 1266 3884 conjectura
1318 3811 1432 3865 tunc
1455 3807 1718 3862 habeatur
1741 3803 1807 3857 ad
1842 3799 2195 3870 indagandum

615 3912 930 3974 veritatem,
979 3921 1086 3962 non
1124 3903 1191 3958 ad
1231 3902 1309 3957 rei
1347 3902 1576 3956 inventa:
1605 3893 1982 3952 eertitudinem
2005 3929 2022 3958 ,
2070 3888 2196 3958 quia

614 4001 720 4055 illic
743 3999 923 4054 statim
949 3995 1219 4052 subditum
1249 4000 1332 4046 est
1359 4008 1372 4043 :

689 4112 864 4181 (Vers.
899 4109 1012 4175 4⁸5.)
1059 4107 1201 4160 Dixit
1230 4114 1397 4157 autent
1427 4102 1558 4158 Saul
1581 4100 1648 4154 ad
1667 4099 1982 4153 Ionatham:
2016 4094 2199 4148 Indica

619 4205 741 4258 mihi
769 4201 888 4271 quid
917 4199 1122 4270 feceris.

691 4310 780 4365 54.
822 4308 956 4376 Quid
982 4315 1065 4363 est
1090 4307 1232 4361 enim
1263 4303 1405 4373 quod
1429 4310 1616 4372 captus
1646 4302 2010 4368 interrogatur
2037 4337 2051 4363 ,
2103 4297 2204 4351 nisi

621 4402 746 4470 quia
778 4399 977 4468 culpae,
1016 4411 1135 4465 qua:
1173 4394 1339 4462 signis
1376 4401 1469 4446 aut
1505 4389 1831 4460 coniecturis
1860 4387 2205 4457 deprehensa:

622 4490 886 4551 videntur,
919 4483 1171 4539 ferienda
1199 4482 1372 4536 adhuc
1400 4496 1506 4534 non
1536 4480 1702 4534 sunt?
1731 4478 1892 4545 Quasi
1925 4475 2065 4530 enim
2091 4473 2200 4542 jam
2234 4501 2278 4559 υ
2306 4534 2324 4585 Ι

2323 4552 2335 4585 l

621 4595 653 4632 v
677 4578 815 4630 .lnus
843 4582 1084 4641 tenetur,
1114 4574 1207 4628 sed
1236 4572 1408 4626 adhuc
1452 4579 1649 4624 tectum
1680 4577 1780 4624 est.
1832 4568 2203 4635 Discooperia-

619 4680 707 4723 tur
738 4681 890 4736 ergo,
921 4675 979 4721 ut
1008 4665 1209 4722 mederi
1237 4664 1434 4727 valeat,
1468 4671 1523 4717 et
1550 4661 1748 4717 curari.
1780 4659 2063 4728 Cogendus
2085 4658 2202 4727 qui-

621 4761 744 4814 dem
776 4766 866 4813 aut
892 4757 1259 4813 admonendus
1282 4763 1388 4822 est,
1429 4762 1486 4809 ut
1514 4754 1748 4823 culpam,
1777 4766 1899 4821 quae
1921 4751 2030 4820 jam
2059 4750 2205 4804 velut

626 4850 801 4920 palam
825 4850 1083 4916 cernitur,
1113 4849 1455 4904 confiteatur.
1487 4846 1624 4901 Dicit
1652 4859 1818 4912 ergo:
1867 4842 2051 4896 Indica
2080 4841 2204 4894 mihi

624 4941 746 5010 quid
781 4942 982 5012 feceris,
1013 4939 1137 5007 quia
1166 4938 1371 4993 crimen
1400 4938 1543 5005 quod
1566 4933 1766 5004 apertis
1790 4932 2104 5003 quibusdam
2132 4931 2209 4984 in-

625 5031 777 5084 diciis
809 5031 1070 5093 noscitur,
1097 5037 1221 5082 ante
1246 5024 1593 5095 iudicandum
1619 5038 1725 5077 non
1755 5030 1836 5077 est
1861 5036 2020 5089 quam
2051 5035 2207 5089 aper-

626 5123 831 5175 tissime
860 5120 1278 5174 demonstretur.
1310 5115 1372 5170 Et
1400 5116 1527 5184 quia
1557 5115 1851 5170 electorum
1880 5121 2207 5182 estpeccare

628 5219 683 5262 et
710 5209 1043 5278 resipiscere,
1070 5206 1255 5276 culpas
1279 5213 1609 5274 perpetrare,
1639 5211 1694 5260 et
1721 5210 2054 5274 perpetratas
2077 5217 2206 5256 con-

632 5298 832 5352 litendo
859 5297 1128 5365 detegere,
1160 5295 1437 5363 sequitur:

706 5407 880 5479 (Vcrs.
914 5407 1027 5478 45.)
1073 5405 1138 5459 Et
1164 5407 1405 5459 indicavit
1443 5406 1490 5459 ei
1517 5405 1793 5466 Jonathas,
1824 5414 1872 5457 et
1912 5405 1986 5456 ait
2020 5420 2032 5454 :
2074 5399 2209 5453 Cus-

1762 263 2006 323 SANC'H
2044 254 2370 317 cneconn
2414 248 2624 306 n.th
3710 239 3788 290 39,

2251 374 2367 418 tans
2399 361 2595 433 gustavi
2637 359 2689 412 in
2739 353 3031 409 summitate
3081 352 3255 417 virgae,
3305 362 3418 417 qua
3446 356 3553 397 erat
3581 346 3630 397 in
3673 363 3792 399 manu

2256 473 2390 519 mea,
2419 453 2682 523 paululum
2710 447 2895 509 mellis,
2927 455 2976 498 et
3003 460 3116 496 ecce
3137 442 3348 494 morior.

2330 545 2417 598 55.
2457 542 2595 609 Quid
2639 549 2720 593 est
2758 535 2902 605 quod
2951 536 3026 588 ait
3059 552 3070 586 :
3121 532 3346 584 Gustans
3395 527 3625 598 gustavi?
3658 525 3798 595 Quare

2261 655 2367 692 non
2419 634 2554 688 dixit
2605 628 2900 697 superius:
2951 623 3176 678 Gustans
3219 621 3417 690 gustavi
3468 618 3711 686 paululum
3749 624 3799 674 de

2261 729 2409 783 melle
2439 729 2574 788 isto;
2621 737 2744 776 cum
2773 717 2946 772 dixit:
2988 714 3203 769 Vidistis
3233 713 3352 784 quia
3401 710 3669 762 illuminati
3707 724 3800 765 sunt

2263 821 2394 874 oculi
2423 818 2539 879 mei,
2567 830 2627 867 eo
2656 810 2790 882 quod
2817 807 3124 880 gustaverim
3153 804 3418 875 paululum
3441 801 3504 854 de
3533 802 3670 854 melle
3693 802 3801 856 ista?

2261 908 2369 962 Sed
2405 905 2619 974 qui-lam
2667 902 2792 954 dum
2840 904 3059 968 peccata
3088 892 3443 956 conﬁtentur,
3493 904 3559 944 ea
3596 891 3799 945 nimirum

2262 995 2578 1066 quibusdam
2609 991 2831 1046 vocibus
2878 987 3157 1048 minuunt,
3205 983 3333 1039 dum
3375 997 3436 1037 se
3475 997 3581 1036 non
3621 996 3680 1036 ex
3715 992 3803 1038 toto

2263 1083 2442 1138 animo
2468 1078 2800 1135 commisisse
2827 1073 3136 1129 ostendunt.
3173 1071 3210 1124 Ε
3240 1075 3433 1124 contra
3479 1076 3648 1122 autem
3678 1069 3802 1124 eiecti

2265 1173 2364 1229 viri
2394 1171 2610 1242 quando
2641 1183 2699 1224 se
2728 1167 2795 1221 de
2837 1163 3071 1218 minimis
3097 1167 3385 1224 accusant;
3425 1173 3489 1214 ea
3529 1157 3695 1226 utique
3719 1176 3804 1214 non

2266 1262 2416 1334 quasi
2457 1275 2640 1330 parva,
2667 1257 2762 1312 sed
2795 1254 2948 1325 quasi
2976 1266 3167 1320 magna
3204 1248 3572 1320 pronuntiant.
3601 1245 3721 1313 Quid
3742 1258 3808 1303 ist

2266 1354 2482 1407 dicere:
2525 1348 2751 1402 Gustans
2791 1345 3028 1416 gustavi,
3080 1341 3179 1398 nisi
3206 1338 3350 1408 quod
3397 1337 3527 1391 foris
3569 1346 3807 1404 peccatum

2267 1442 2505 1506 exercui,
2538 1454 2731 1507 magno
2760 1432 3210 1504 concupiscentiae
3237 1430 3430 1485 ardore
3455 1427 3736 1498 complevi?
3759 1427 3811 1481 Et

2269 1532 2394 1601 quid
2421 1540 2503 1586 est
2528 1538 2652 1600 post
2680 1525 2887 1598 peccati
2924 1522 3318 1578 cool‘essionem
3349 1519 3526 1574 dicere
3550 1554 3564 1579 ,
3609 1515 3811 1580 Moriar,

2269 1619 2371 1673 nisi
2401 1625 2626 1671 mortem
2655 1630 2685 1668 a
2712 1629 2766 1668 se
2797 1611 3108 1681 pmnitendo
3130 1617 3184 1663 et
3210 1605 3517 1663 conﬁtendo
3545 1605 3810 1674 expel‘ere,

2271 1718 2326 1764 et
2351 1707 2630 1778 expulsam
2661 1703 2887 1757 timere?
2919 1698 3074 1766 Quod
3105 1697 3320 1767 quidem
3351 1695 3565 1766 proprie
3604 1702 3679 1748 est
3721 1695 3814 1749 ele~

2271 1808 2514 1862 ctorum,
2561 1795 2654 1865 qui
2691 1802 2910 1862 peccata
2940 1806 3036 1846 sua
3065 1790 3316 1844 deserunt
3349 1805 3362 1840 :
3396 1794 3451 1840 et
3493 1795 3659 1840 tamen
3685 1785 3782 1840 inec
3804 1829 3816 1850 ,

2271 1890 2423 1959 quisi
2465 1903 2572 1942 non
2618 1885 2863 1951 deserta,
2912 1881 3316 1953 pertimescunt.
3362 1876 3425 1930 Et
3452 1877 3654 1945 quidem
3692 1878 3818 1944 puris

2272 1977 2740 2041 confessionibus,
2785 1982 2840 2030 et
2878 1972 3109 2028 austeris
3157 1967 3487 2040 posuitentia:
3532 1966 3818 2021 cruciatibus

2271 2071 2472 2136 delent,
2499 2067 2591 2123 sed
2620 2065 2773 2135 quasi
2801 2080 2906 2118 non
2932 2062 3106 2117 deleta
3132 2059 3482 2115 vehementer
3517 2057 3705 2110 timent.
3728 2055 3820 2110 Sed

2275 2160 2405 2232 quid
2436 2169 2517 2214 est
2540 2200 2554 2225 ,
2586 2156 2730 2227 quod
2759 2158 2873 2210 ait:
2909 2152 2975 2207 In
3017 2153 3308 2207 summitate
3347 2148 3540 2219 virgea?
3587 2148 3677 2201 nisi
3711 2147 3820 2215 quia

2279 2255 2350 2308 du
2375 2270 2404 2306 ιι
2434 2268 2532 2307 nos
2559 2247 2866 2306 confitendo
2891 2245 3240 2315 insequimur,
3270 2240 3511 2311 proferre
3538 2246 3706 2294 contra
3737 2253 3823 2291 nos

2280 2341 2617 2397 mendacium
2647 2356 2754 2393 non
2784 2337 3056 2392 debemus.
3085 2335 3371 2388 Peccatum
3401 2331 3610 2402 quidem
3639 2330 3682 2383 in
3707 2345 3737 2384 c
3761 2346 3819 2381 -ιιι

2279 2432 2511 2488 lesione
2557 2428 2891 2501 prodendum
2922 2434 3002 2481 est
3026 2465 3042 2489 ,
3083 2423 3178 2479 sed
3213 2421 3654 2491 augmentandum
3691 2436 3823 2472 men-

2280 2522 2435 2578 dacio
2483 2535 2588 2574 non
2638 2525 2740 2572 est.
2789 2515 2919 2570 Tale
2946 2513 3163 2583 quidem
3192 2512 3351 2566 debet
3390 2525 3509 2566 esse
3549 2510 3597 2563 in
3642 2505 3825 2567 confes-

2279 2613 2452 2676 sione,
2483 2607 2640 2678 quale
2672 2605 2768 2660 fuit
2807 2606 2858 2660 in
2890 2618 3074 2674 opere.
3121 2600 3191 2656 Ut
3219 2616 3347 2668 ergo
3378 2599 3538 2654 ardor
3571 2597 3823 2665 concupis-

2280 2699 2469 2753 centia:
2497 2698 2634 2751 bene
2659 2693 2937 2764 prodatur,
2971 2691 3099 2746 dicit
3129 2708 3141 2742 :
3177 2688 3401 2742 Gus'ans
3438 2687 3659 2758 gustavi;
3698 2684 3755 2737 Et
3781 2691 3827 2736 ut

2281 2788 2509 2856 qualitas
2531 2786 2646 2855 ejus
2675 2789 2953 2853 appareat,
2976 2780 3220 2834 subditur
3250 2797 3263 2830 :
3307 2777 3372 2830 In
3397 2779 3549 2848 327
3573 2775 3828 2829 summitate

2281 2886 2456 2946 virgae,
2489 2893 2593 2946 qua
2625 2875 2640 2928 i
2670 2875 2812 2929 dicat
2842 2890 2853 2925 :
2901 2871 3169 2925 Audac'er
3208 2867 3567 2921 inflammatus
3594 2863 3713 2928 feci,
3752 2863 3827 2916 sed

2283 2969 2390 3023 hoc
2419 2967 2538 3022 feci.
2570 2965 2637 3018 Et
2665 2964 2787 3033 quia
2835 2961 2970 3016 filius
2998 2961 3136 3028 regis
3171 2957 3478 3022 confitetur,
3525 2956 3645 3010 dicit
3673 2973 3685 3006 :
3727 2951 3829 3017 Qua

2289 3066 2398 3112 erat
2427 3058 2479 3110 in
2513 3072 2668 3109 manu
2696 3070 2828 3107 mea.
2874 3051 3030 3120 Virga
3070 3048 3314 3104 Jonatlize
3351 3045 3704 3118 praedicatoris
3726 3044 3829 3097 doc-

2292 3149 2487 3203 trinam
2509 3155 2670 3215 atque
2694 3142 3027 3221 disciplinam
3059 3141 3252 3207 signat.
3279 3137 3410 3204 Qua:
3443 3137 3498 3190 in
3525 3150 3680 3188 manu
3708 3141 3829 3186 tene-

2296 3250 2400 3305 tur,
2431 3237 2644 3308 quando
2676 3251 2783 3289 non
2812 3234 2984 3288 solum
3007 3231 3184 3295 docet,
3217 3230 3311 3284 sed
3333 3229 3477 3299 quod
3505 3227 3692 3291 docet,
3722 3239 3830 3293 ope-

2292 3330 2461 3386 rando
2492 3336 2727 3384 exercet.
2760 3324 2898 3392 Quid
2928 3332 3011 3378 est
3037 3337 3167 3391 ergo
3187 3363 3200 3386 ,
3248 3320 3392 3388 quod
3421 3319 3533 3372 ait:
3569 3315 3689 3381 Qua:
3709 3322 3831 3375 erat,

2294 3439 2423 3489 noti,
2456 3421 2583 3485 Quae
2612 3429 2688 3475 est
2719 3420 2771 3473 in
2807 3434 2961 3471 manu
2990 3417 3144 3470 mea?
3178 3413 3276 3470 nisi
3305 3412 3428 3481 quia
3466 3408 3834 3465 mstimationem

2294 3513 2587 3567 electorum
2621 3510 2888 3574 insinuat,
2935 3506 3024 3576 qui
3055 3505 3216 3560 etiam
3263 3518 3387 3557 cum
3429 3515 3591 3572 prava
3627 3497 3836 3554 commit-

2295 3611 2434 3666 tunt,
2466 3599 2863 3670 praedicationis
2892 3596 3185 3651 ministerio
3228 3610 3287 3649 se
3323 3592 3568 3662 indignos
3607 3591 3836 3645 azbitran-

2297 3702 2401 3747 tur.
2423 3693 2701 3759 Dicitergo
2732 3708 2745 3743 :
2782 3691 2845 3743 In
2869 3690 3159 3743 summitate
3184 3688 3358 3757 virgaz,
3383 3701 3497 3755 qua:
3517 3693 3624 3738 erat
3643 3684 3689 3735 in
3713 3695 3838 3734 manu

2299 3801 2432 3837 mea.
2466 3784 2628 3849 Quasi
2657 3783 2838 3836 dicat:
2872 3781 2947 3836 De
2993 3781 3083 3835 illo
3111 3779 3424 3848 superbiens
3472 3776 3720 3847 peccavi,
3757 3788 3839 3843 qua

2300 3874 2572 3944 peccando
2601 3888 2685 3927 me
2714 3873 2987 3940 indignum
3013 3870 3135 3926 leci.
3163 3862 3290 3923 Erat
3319 3881 3447 3936 ergo
3479 3867 3530 3920 in
3555 3880 3708 3921 manu
3730 3878 3840 3926 mea,

2301 3975 2356 4020 et
2386 3982 2491 4020 non
2519 3974 2620 4034 est,
2647 3965 2772 4034 quia
2803 3964 2900 4018 etsi
2933 3964 3145 4032 a'iquan
3164 3962 3217 4014 lo
3247 3959 3344 4014 feci
3371 3957 3515 4029 quod
3545 3957 3719 4021 docui,
3741 3954 3843 4007 illud

2301 4053 2442 4123 quod
2471 4052 2746 4122 operando
2774 4053 2918 4105 tenui
2949 4049 3302 4120 superbieado
3337 4047 3514 4101 amisi.
3543 4045 3685 4100 Nunc
3716 4043 3847 4111 igitur

2305 4151 2496 4204 timore
2525 4148 2840 4218 perterritus
2862 4145 2988 4199 dicit
3017 4163 3029 4198 :
3058 4143 3191 4197 Ecce
3235 4144 3451 4197 morior.
3484 4140 3549 4194 Et
3576 4139 3695 4209 quia
3732 4137 3845 4190 idem

2240 4282 2243 4286 -
2307 4253 2479 4297 ineius
2507 4239 2789 4309 aliquando
2818 4237 2994 4292 divina
3023 4235 3372 4306 inspiratione
3400 4231 3564 4287 menti
3595 4228 3848 4288 incutitur,

2307 4331 2591 4400 aliquando
2619 4328 3036 4384 comminatione
3063 4325 3365 4391 doctorum,
3395 4322 3670 4378 subditur:

2378 4443 2554 4514 (Vers.
2580 4440 2692 4510 44.)
2733 4439 2800 4493 Et
2829 4441 2902 4493 ait
2928 4438 3060 4492 Sanl
3086 4453 3103 4490 :
3134 4436 3262 4490 llcec
3289 4435 3450 4506 faciat
3483 4432 3610 4486 mihi
3635 4429 3775 4494 Deus,
3811 4432 3850 4477 et

2341 4550 2413 4587 (cc
2437 4533 2634 4596 addat;
2665 4531 2782 4602 quia
2812 4537 2974 4583 morte
3002 4527 3254 4590 morieris,
3286 4524 3536 4578 Jonatlia.

2306 4625 2562 4694 Sequitur
2587 4641 2599 4676 :

2380 4736 2564 4807 (Vers.
2617 4731 2732 4805 45.)
2785 4731 3032 4802 Dixitque
3077 4729 3295 4800 populus
3342 4727 3410 4780 ad
3455 4725 3586 4780 Sanl
3627 4741 3638 4776 :
3683 4721 3857 4790 Ergone

2304 4826 2561 4881 lonathas
2589 4827 2853 4889 morietur,
2884 4825 2971 4892 qui
3021 4824 3141 4893 fecit
3169 4822 3390 4873 salutem
3431 4831 3668 4886 magnam
3707 4815 3756 4866 in
3790 4809 3858 4862 Is-

2309 4920 2418 4971 rael
2437 4919 2461 4969 .9
2492 4916 2604 4969 Hoc
2635 4917 2781 4986 nefas
2821 4923 2916 4967 est.
2959 4912 3094 4966 Vivit
3129 4911 3413 4970 Dominus,
3455 4909 3497 4960 si
3527 4904 3757 4958 ceciderit
3790 4914 3858 4949 ca-

2310 5007 2464 5075 pillus
2486 5007 2550 5059 de
2572 5008 2737 5075 capite
2760 5007 2869 5075 ejus
2899 5008 2951 5057 in
2981 5011 3211 5063 terram;
3243 5003 3362 5070 quia
3385 5014 3501 5051 cum
3525 4995 3630 5049 Deo
3651 4997 3856 5060 operatus

2312 5105 2387 5148 est
2407 5096 2576 5149 hodie.
2607 5094 2866 5148 Liberavit
2893 5109 3014 5160 ergo
3041 5090 3258 5154 papulas
3293 5086 3601 5146 Jonatliam,
3633 5099 3692 5136 ne
3718 5092 3854 5134 mare-

2313 5195 2471 5240 retur.

2389 5305 2475 5360 56.
2516 5305 2652 5371 Quid
2683 5315 2764 5359 est
2801 5318 2930 5373 ergo
2966 5345 2981 5371 ,
3010 5301 3154 5370 quod
3202 5300 3372 5358 dicit;
3405 5297 3613 5368 Ergone
3640 5288 3858 5348 Jouaihat

2320 5400 2582 5460 morietur,
2627 5396 2727 5450 nisi
2757 5395 2883 5463 quia
2912 5402 2936 5431 ι
2984 5392 3120 5447 alius
3147 5391 3211 5447 de
3241 5389 3430 5445 eadem
3462 5387 3618 5456 culpa
3657 5390 3857 5437 morere-

711 5639 738 5667 ⁸
774 5629 830 5684 ιη
864 5630 980 5684 aliis
1018 5629 1229 5684 excusis
1259 5629 1483 5699 legitur,
1529 5627 1646 5696 quia
1678 5627 1819 5680 aliud
1849 5643 1862 5679 :
1893 5623 2045 5690 Quod
2074 5623 2308 5680 retinere
2336 5636 2442 5678 non
2481 5616 2756 5688 potuimus.
