3948 6268
140 285 236 344 32:3

955 283 1016 338 IN
1059 282 1320 339 PRIMUM
1362 277 1597 340 REGUM
1643 280 2157 339 EXPOSITIONES.
2200 315 2268 327 -
2310 286 2436 342 LII).
2483 287 2546 340 V.

3287 291 3356 345 39
3367 290 3395 344 ι

137 401 246 457 tur?
270 397 470 464 Quibus
500 384 749 453 nimirum
780 396 957 452 verbis
984 393 1168 467 populi
1221 395 1377 452 nobis
1405 397 1704 451 ostenditur
1731 399 1777 455 Α
1807 393 2072 462 insinuat,
2114 396 2296 453 dicens
2334 413 2349 452 :
2395 399 2478 453 Sit
2506 415 2673 454 sermo
2717 409 2916 456 vester:
2948 399 3076 464 Est,
3115 413 3189 456 est
3209 447 3223 469 ,
3255 421 3392 470 non,

138 492 291 545 virtus
317 501 522 556 magna:
555 486 897 541 discretionis
920 527 934 550 ,
983 486 1107 554 quia
1151 485 1203 540 in
1233 485 1528 540 electorum
1574 499 1704 539 eaa-

136 581 267 634 mine
294 591 396 632 non
426 577 601 631 solum
622 576 899 646 culparum
925 591 1100 630 causae
1122 575 1408 645 pensanda:
1433 583 1580 641 sunt,
1609 573 1704 630 sed

134 672 281 725 etiam
309 669 494 722 merita
527 682 898 737 personarum.
923 665 1078 732 Quod
1105 673 1291 736 aperte
1312 666 1398 719 his
1422 665 1601 721 verbis
1617 680 1704 721 os-

138 761 375 825 tenditur,
407 758 533 828 quia
565 773 672 812 non
703 758 824 812 ideo
848 756 1110 811 Jonathas
1143 772 1252 811 non
1281 757 1574 813 moriturus
1618 772 1704 812 as-

135 851 332 914 seritur,
359 849 481 917 quia
514 855 633 902 erat
660 847 796 902 lilius
830 847 1003 916 regis,
1047 848 1140 901 sed
1158 847 1286 916 quia
1311 846 1363 900 in
1391 845 1558 902 Israel
1583 860 1703 900 ma-

139 955 282 1009 gnam
311 939 536 993 salutem
588 938 730 991 fecit.
778 935 915 991 Cum
953 950 1091 1005 ergo
1135 936 1311 1004 magni
1339 936 1438 990 viri
1465 936 1663 991 cadunt
1688 978 1703 1004 ,

143 1029 386 1086 comminui
434 1027 638 1094 judicio
695 1026 938 1080 tradendi
995 1042 1103 1080 non
1147 1034 1303 1090 sunt,
1355 1026 1481 1096 quia
1525 1026 1705 1096 priora

142 1135 286 1192 opera
312 1125 706 1188 promerentur,
751 1126 808 1168 ut
839 1115 1197 1183 posteziorum
1227 1115 1464 1186 gravitas
1495 1115 1702 1185 levige-

143 1222 235 1266 tur.
262 1210 367 1279 Ipsa
397 1219 576 1262 autem
601 1207 774 1275 culpa:
803 1205 1053 1275 Ievigatio
1087 1221 1192 1259 non
1236 1206 1554 1275 acceptione
1577 1222 1702 1276 per-

143 1316 272 1355 sona:
293 1297 620 1353 decernenda
643 1305 747 1362 est,
777 1298 872 1352 sed
900 1305 1148 1366 respectu
1179 1296 1378 1365 prioris
1405 1297 1548 1363 vitaz,
1571 1297 1698 1365 quia

142 1390 202 1444 ad
229 1389 604 1443 absolutionem
649 1387 791 1441 illius
840 1395 1041 1441 sanctas
1086 1384 1337 1440 Eccleia:
1381 1385 1528 1440 lucra
1569 1401 1703 1454 pen-

143 1479 290 1534 sanda
315 1485 436 1532 sunt
459 1518 473 1542 ,
521 1492 631 1530 non
662 1475 892 1530 carnalis
931 1473 1144 1529 allectio
1195 1473 1543 1528 admittenda.
1589 1472 1702 1527 Sed

144 1569 252 1638 quid
294 1568 503 1634 mirum,
533 1567 575 1620 si
598 1565 674 1620 ad
701 1565 1097 1620 absolutionem
1135 1564 1442 1633 peccatoris
1480 1564 1699 1633 propria

1807 499 1932 537 non.
1950 483 2129 539 Nolite
2147 487 2332 557 jurare
2348 507 2440 554 per
2460 491 2659 555 caelum,
2679 507 2840 562 neque
2860 507 2952 561 per
2969 500 3159 546 terram
3178 490 3390 561 (Matth.

1806 588 1856 637 v,
1884 573 1998 643 57).
2047 574 2088 628 E
2118 585 2306 631 contra
2337 587 2518 632 autem
2564 580 2800 648 reprobi,
2843 588 2899 634 et
2948 580 3143 633 incauti
3173 581 3394 650 quidem

1806 664 1953 725 sunt,
1982 665 2039 712 et
2061 659 2278 714 discreti
2310 677 2420 715 nun
2447 669 2590 716 sunt.
2615 663 2748 716 Nam
2767 678 2910 732 sape
2935 678 2994 718 se
3017 671 3234 719 acturos
3255 667 3396 722 mala

1807 747 2206 815 repromittant,
2236 757 2292 804 et
2320 766 2576 806 revocare
2606 752 2890 821 promissa,
2922 754 3072 821 quasi
3101 753 3394 823 perjurium

1809 835 2096 903 incursuri,
2126 854 2234 893 non
2263 848 2530 908 satagunt.
2563 839 2698 896 Hinc
2732 850 2835 909 est,
2864 842 3012 910 quod
3043 842 3284 899 Herodes
3315 844 3395 898 in-

1804 934 1963 982 caute
1983 926 2183 996 juravit
2202 967 2218 993 ,
2265 939 2320 984 et
2347 930 2606 985 nefarium
2632 930 3007 1000 jusjurandum
3036 934 3181 1002 quod
3210 944 3397 1004 protu-

1802 1016 1887 1083 lit,
1913 1017 1964 1070 in
1983 1021 2331 1087 pratcursoris
2347 1020 2558 1075 Domini
2582 1031 2757 1078 morte
2774 1023 3065 1093 complevit
3087 1022 3280 1094 (Marc.
3295 1027 3393 1092 vt).

1802 1108 1957 1162 (Σιωιί
1988 1123 2118 1178 ergo
2157 1111 2211 1164 in
2241 1113 2439 1166 nostris
2478 1113 2920 1183 dispositionibus
2949 1130 3069 1171 esse
3106 1116 3397 1182 debemus,

1801 1199 1898 1254 sed
1945 1201 1991 1255 si
2017 1203 2162 1256 cauti
2203 1218 2323 1258 esse
2370 1204 2720 1273 negligimus,
2772 1207 3228 1275 prmtermittcnda
3274 1217 3400 1263 sunt

1808 1292 2102 1360 proposita,
2134 1308 2238 1347 non
2263 1295 2352 1361 im.
2375 1294 2551 1349 Ieuda.
2586 1297 2676 1350 Sic
2705 1297 2904 1366 quippe
2935 1312 2965 1351 a
3004 1297 3283 1367 proposito
3304 1299 3399 1352 de-

1807 1385 1998 1440 sistere
2027 1402 2132 1441 non
2163 1396 2246 1442 est
2267 1390 2452 1443 vitium
2484 1391 2714 1445 levitatis
2733 1433 2748 1457 ,
2791 1393 2884 1447 sed
2913 1393 3084 1448 virtus
3113 1393 3397 1448 discretio-

1811 1475 1912 1527 nis.
1940 1474 2336 1544 Tamenjurare
2358 1494 2477 1547 qua:
2505 1481 2804 1536 revocanda
2833 1490 2962 1536 sunt
2981 1490 3037 1537 et
3057 1483 3392 1548 detestanda,

1811 1568 2029 1621 omnino
2059 1569 2353 1623 cavendum
2383 1579 2465 1625 est
2487 1613 2505 1638 ,
2549 1580 2604 1625 et
2644 1573 2992 1627 vehementer
3027 1575 3166 1628 horr.
3189 1575 3351 1630 udum
3377 1619 3392 1640 ,

145 1659 310 1712 merita
338 1656 715 1724 suﬂragantur,
745 1655 964 1725 quando
993 1655 1045 1708 in
1073 1655 1210 1709 sacri
1239 1655 1439 1723 eloquii
1470 1655 1702 1709 auctori-
1739 1679 1781 1738 Β
1812 1655 1935 1724 quia
1957 1672 2079 1711 cum
2110 1657 2216 1712 tale
2249 1657 2627 1726 jusjurandum
2669 1677 2776 1714 non
2817 1662 3098 1731 impletur,
3144 1679 3250 1719 non
3279 1681 3396 1719 om-

146 1757 239 1803 tate
267 1748 540 1812 discamus,
577 1745 701 1814 quia
735 1745 823 1798 alii
848 1761 946 1815 pro
969 1745 1087 1800 aliis
1113 1744 1326 1798 liberati
1349 1744 1520 1798 sunt?
1555 1743 1704 1798 Alio-

147 1855 244 1894 rum
280 1836 488 1906 quidem
530 1836 674 1890 bono
719 1849 883 1902 opere
918 1833 1008 1887 alii
1061 1833 1400 1902 aljuvantur,
1451 1833 1593 1887 sicut
1635 1831 1704 1887 ad

146 1936 428 1998 peccantem
479 1939 659 1992 regem
716 1923 1061 1978 Salomonem
1107 1939 1136 1976 a
1189 1921 1414 1976 Domino
1461 1922 1700 1976 dicitur:

149 2015 262 2080 Quia
303 2031 400 2068 non
428 2014 697 2067 custodisti
721 2019 976 2082 praecepta
1026 2027 1170 2078 mea,
1217 2011 1542 2081 disrumpens
1567 2013 1705 2065 sciu-

147 2107 250 2158 dam
271 2121 471 2174 regnum
503 2113 645 2156 tuum
668 2143 682 2167 ,
731 2110 778 2154 et
802 2100 933 2154 dabo
969 2100 1101 2154 illud
1149 2117 1294 2154 seruo
1335 2111 1439 2155 tuo.
1491 2099 1706 2155 Verum-

148 2207 292 2248 tamen
316 2197 373 2247 ia
402 2193 580 2247 diebus
603 2194 708 2246 tuis
737 2210 838 2246 non
864 2192 1054 2262 faciam
1081 2200 1288 2262 propter
1316 2190 1484 2245 Dauid
1508 2203 1708 2260 patrem

152 2297 288 2347 mum,
315 2284 400 2337 sed
416 2285 482 2337 de
507 2299 662 2336 manu
687 2283 788 2352 ﬁlii
815 2284 886 2335 tui
912 2283 1146 2336 scindam
1172 2281 1303 2336 illud
1330 2280 1453 2355 (ΙΙΙ
1482 2281 1607 2352 Reg.
1633 2298 1704 2347 st,

150 2376 242 2441 ll).
266 2372 392 2428 lIinc
413 2385 495 2427 est
519 2374 662 2442 quod
694 2388 800 2426 non
828 2372 998 2426 solum
1021 2379 1230 2441 patrum
1252 2387 1418 2441 opera
1444 2370 1564 2427 ﬁliis
1582 2386 1709 2441 pro-

148 2474 269 2530 sunt,
297 2464 388 2518 sed
416 2465 578 2518 etiam
606 2464 751 2519 cives
780 2479 880 2532 pro
917 2463 1122 2520 civibus
1155 2462 1461 2518 liberandos
1486 2462 1709 2531 agnovi-

147 2574 262 2612 ntus.
287 2556 600 2611 Evertendm
622 2555 839 2624 quidem
869 2554 1121 2609 Sodoma:
1149 2569 1208 2609 se
1238 2554 1485 2624 promisit
1514 2554 1698 2610 Domi-

149 2664 229 2700 nus
251 2660 485 2716 parcere,
516 2646 560 2700 si
601 2646 652 2699 iu
679 2661 744 2700 ea
770 2651 975 2699 tantum
1005 2644 1190 2700 decem
1215 2643 1391 2714 justos
1432 2645 1702 2704 inveniret

150 2735 279 2806 (Gen.
307 2738 475 2805 svnt).
496 2734 794 2790 Jerusalem
824 2749 1038 2804 quoque
1060 2734 1254 2803 respici
1284 2734 1701 2791 misericorditer

152 2825 331 2888 dicitur,
379 2828 503 2895 quia
551 2826 824 2896 aliquanta
873 2825 1012 2879 bona
1057 2839 1222 2895 Opera
1277 2827 1331 2880 in
1378 2841 1442 2881 ea
1481 2827 1700 2882 inventa

153 2927 271 2973 sunt.
316 2917 450 2973 llinc
490 2927 575 2974 est
615 2919 758 2988 quod
803 2917 920 2973 Heli
947 2917 1052 2971 vita
1093 2919 1311 2989 propria
1351 2917 1530 2986 justus
1554 2957 1569 2982 ,
1605 2919 1700 2974 sed

153 3013 437 3066 auctoritate
471 3011 725 3080 pastorali
772 3011 1026 3066 remissus
1051 3048 1068 3077 ,
1095 2988 1144 3065 7a
1185 3011 1300 3066 viro
1332 3011 1424 3066 Dei
1456 3012 1660 3066 audivit
1687 3033 1698 3065 :
1731 2988 1780 3052 ο

153 3099 266 3154 Pars
291 3116 470 3171 magna
491 3100 672 3153 domus
704 3110 802 3154 tua:
821 3100 1086 3166 murietur,
1117 3117 1232 3154 cum
1258 3100 1326 3153 ad
1357 3101 1552 3155 virilem
1580 3112 1708 3156 teta-

156 3200 237 3244 teut
257 3193 562 3260 peruenerit;
609 3200 948 3244 verumtamen
981 3208 1082 3245 non
1131 3193 1364 3263 auferam
1402 3192 1604 3262 penitus
1642 3208 1709 3246 ea:

154 3291 194 3334 te
215 3282 359 3335 rit-um
378 3282 440 3334 ab
470 3283 626 3335 altari
652 3299 760 3336 meo
793 3281 843 3354 (Ι
871 3281 1002 3353 Reg.
1034 3299 1090 3349 ιι,
1117 3282 1228 3354 '55);
1262 3291 1320 3338 ut
1347 3298 1497 3338 sacra
1526 3283 1708 3353 Serip-

156 3383 255 3426 tura
281 3374 360 3428 hic
387 3383 576 3443 aperte
605 3382 949 3439 monstraret,
984 3383 1038 3428 et
1065 3390 1164 3446 pro
1189 3374 1393 3430 dissolu
1419 3376 1543 3430 ione
1581 3392 1702 3445 per-

152 3477 357 3526 nussum,
393 3471 446 3516 et
483 3479 580 3530 pro
626 3463 891 3532 pncterita
923 3464 1336 3519 conversatione
1377 3474 1702 3534 respectum.

151 3548 240 3603 Sed
268 3551 457 3619 percuti
506 3551 731 3606 fortasse
758 3567 826 3606 ex
875 3560 1025 3623 parte
1070 3553 1262 3622 potuit,
1293 3554 1419 3622 quia
1464 3555 1706 3622 qualem-

151 3657 335 3710 cunque
361 3647 476 3698 viL'e
516 3646 906 3701 immunditiam
955 3648 1159 3702 habuit.
1207 3648 1284 3702 De
1317 3647 1547 3702 Jonatha
1576 3663 1607 3702 e
1637 3663 1706 3718 ες)

151 3731 270 3786 bene
292 3734 477 3787 dicitur
501 3753 518 3789 :
547 3735 755 3807 Ergone
778 3735 1037 3791 Jonathas
1063 3739 1330 3804 morietur,
1362 3740 1448 3810 qui
1478 3740 1599 3809 fecit
1626 3756 1708 3792 sa-

150 3820 283 3875 lutem
309 3824 436 3877 hanc
470 3843 714 3896 magnam
738 3829 792 3880 in
823 3826 994 3881 Israel
1018 3829 1040 3881 7
1071 3828 1186 3882 Hoc
1225 3831 1373 3899 nefas
1411 3838 1524 3894 est;
1575 3829 1706 3884 Viuit

151 3909 398 3982 Dominus,
419 3917 463 3969 si
490 3917 728 3971 ceciderit
756 3920 974 3988 capillus
997 3919 1060 3973 de
1088 3921 1258 3990 capite
1280 3920 1392 3990 ejus
1416 3922 1472 3975 in
1492 3931 1699 3987 terram,

152 4005 252 4072 quia
272 4022 382 4059 cum
410 4006 521 4061 Deo
553 4009 712 4080 328
739 4021 980 4078 operatus
1008 4022 1083 4065 est
1120 4011 1293 4065 hodie.
1325 4011 1487 4078 Quasi
1517 4013 1659 4067 dicat
1686 4031 1698 4065 :

153 4093 238 4158 Qui
264 4109 448 4164 magna
494 4113 661 4168 Opera
703 4099 850 4163 fecit,
881 4101 1084 4156 absolvi
1127 4116 1195 4156 ex
1236 4109 1349 4156 toto
1390 4101 1548 4170 digne
1575 4116 1702 4171 pro-

155 4184 338 4236 meruit.
371 4184 502 4251 Quia
532 4187 692 4255 igitur
722 4188 772 4242 in
798 4191 1170 4245 Ecclesiastica
1197 4204 1442 4254 censura,
1470 4190 1571 4244 etsi
1594 4203 1698 4244 non

158 4285 183 4324 e
209 4275 475 4344 tacctptio
502 4291 874 4346 personarum,
907 4289 991 4334 est
1030 4288 1207 4334 tamen
1248 4278 1505 4333 discretio
1543 4280 1705 4333 meri-

160 4369 324 4428 torum,
354 4375 478 4433 apte
503 4368 770 4422 conclusit
797 4369 1144 4434 sententiam,
1176 4369 1359 4423 dicens
1385 4385 1400 4426 ;
1444 4366 1704 4422 Liberavit

159 4467 258 4522 ergo
283 4453 557 4510 Ionatham
585 4461 825 4528 populus,
855 4477 919 4513 ne
944 4468 1246 4514 moreretur.

216 4543 294 4598 57.
331 4545 444 4612 Quo
473 4547 527 4602 in
558 4547 678 4604 loco
703 4551 998 4606 notandum
1023 4559 1106 4604 est
1133 4551 1257 4618 quia
1293 4564 1390 4616 rex
1424 4551 1506 4606 bis
1535 4549 1678 4621 jusju

162 4638 790 4696 raudum'interlectionis
851 4640 1094 4696 Jonatlm
1140 4641 1386 4711 superius
1441 4641 1702 4711 protulit,
1738 4682 1786 4743 υ

163 4739 295 4792 quem
340 4737 514 4786 tamen
568 4731 740 4786 victus
796 4732 976 4801 populi
1028 4733 1278 4787 instantia
1327 4748 1435 4788 nou
1483 4733 1700 4790 occidit.

163 4815 278 4882 Quid
302 4828 379 4873 est
397 4820 538 4890 quod
568 4819 790 4889 iuravit,
823 4829 878 4876 et
904 4821 1196 4889 jurameuti
1227 4822 1580 4877 assertionem
1609 4839 1706 4877 ne-

163 4921 396 4976 quaquam
433 4912 708 4966 servavit?
752 4911 858 4966 Sed
899 4927 964 4967 es
995 4912 1098 4966 hac
1122 4926 1182 4967 re
1210 4911 1319 4967 duo
1359 4911 1514 4966 nobis
1541 4912 1706 4967 docu-

165 5008 318 5054 menta
343 5003 679 5071 proveniunt,
711 5013 772 5058 ut
795 5005 938 5059 cauti
979 5004 1214 5069 scilicet,
1246 5012 1302 5059 et
1343 5003 1561 5058 discreti
1589 5017 1710 5059 esse

165 5086 440 5148 debeamus.
467 5094 626 5148 Cauti
664 5096 908 5163 quidem,
951 5111 1019 5150 ne
1058 5095 1332 5162 juremus,
1364 5095 1622 5162 discreti,
1650 5096 1709 5150 si

168 5187 301 5242 agere
323 5195 567 5248 perversa
587 5183 853 5252 juramus.
880 5182 980 5248 Qui
1009 5185 1152 5238 enim
1176 5183 1360 5252 jurarc
1387 5195 1560 5252 cavet,
1591 5202 1712 5255 per-

165 5261 319 5332 jurare
357 5272 574 5326 omnino
603 5287 724 5326 non
749 5283 946 5344 potest.
996 5273 1102 5329 Sed
1131 5289 1254 5329 cum
1294 5275 1434 5330 male
1465 5275 1712 5344 juratur,

169 5355 332 5419 justius
374 5359 747 5430 jusjurandum
794 5364 1078 5421 dimittitur
1128 5381 1290 5436 quam
1343 5370 1716 5438 comp'eantur

175 5446 361 5503 crimina
387 5465 502 5519 qua:
527 5453 795 5521 jurantur.
835 5455 918 5510 Sit
962 5472 1091 5526 ergo
1123 5459 1482 5530 unusquisque
1526 5469 1716 5517 cautus

179 5544 423 5605 antequam
439 5541 600 5610 juret,
625 5552 795 5600 utaut
824 5563 890 5603 ne
909 5550 1129 5604 omnino
1150 5549 1316 5618 juret,
1339 5561 1430 5605 aut
1450 5549 1715 5606 iacturum

181 5636 228 5676 se
252 5627 370 5683 mala
399 5632 681 5702 nonjuret.
711 5636 908 5694 Caulos
936 5638 1154 5708 quidem
1177 5655 1277 5705 nos
1304 5657 1352 5698 e.
1365 5657 1425 5698 se
1461 5641 1718 5698 Dominus

545 5730 811 5791 I’nuor..
862 5733 1152 5793 LXXIX.

1810 1746 1939 1800 nite
1964 1746 2121 1816 culpa
2149 1747 2366 1811 vitatur,
2398 1751 2492 1803 sed
2521 1749 2701 1804 minor
2723 1752 2958 1820 eligitur.
2990 1753 3248 1821 Sequitur
3272 1772 3284 1807 :

1884 1855 2060 1925 (Vcrs.
2103 1855 2215 1928 46.)
2269 1856 2596 1930 Βεεεδδὶιᾳτε
2643 1859 2793 1927 Saul,
2842 1878 2934 1915 nec
2975 1873 3268 1930 persecutus
3321 1873 3404 1919 est

1818 1945 2118 2002 Philistiim.

1881 2057 1970 2112 58.
2011 2057 2145 2113 Cum
2171 2057 2417 2114 Jonatha:
2445 2061 2602 2130 culpa
2644 2063 2926 2132 reperitur,
2959 2079 3081 2118 cum
3127 2064 3400 2134 jusjuran-

1813 2145 1938 2200 durn
1971 2163 2064 2200 rex
2095 2163 2200 2202 non
2231 2147 2519 2218 perfecisse
2557 2153 2919 2219 cognoscitur,
2951 2169 3163 2208 cessare
3211 2153 3401 2210 Philis-

1815 2243 1945 2290 tteos
1975 2238 2221 2308 persequi
2249 2238 2584 2308 perhibetur,
2619 2241 2742 2308 quia
2773 2241 2898 2296 dum
2927 2244 3142 2313 prapria
3175 2246 3400 2301 inﬁrmi-

1815 2336 1924 2384 tate
1954 2339 2192 2399 pastores
2215 2332 2586 2401 deprimuntur
2609 2373 2625 2398 ,
2671 2334 2816 2408 lucra
2843 2336 3070 2391 aliorum
3116 2341 3402 2408 exquirere

1813 2419 2024 2474 fortiter
2065 2431 2358 2490 nequeunt.
2406 2423 2632 2479 Cessare
2673 2427 2872 2480 etenim
2912 2431 3162 2498 persequi
3211 2431 3405 2487 Philis-

1814 2517 1964 2576 teos,
1989 2518 2071 2564 est
2095 2509 2160 2564 ad
2179 2519 2390 2582 tempus
2409 2512 2536 2566 vitia
2563 2513 2789 2568 aliorum
2813 2515 3040 2584 insequi,
3065 2520 3403 2586 prmdicando

1808 2595 2087 2654 desistere.
2116 2597 2270 2654 Prius
2306 2600 2450 2654 enim
2492 2616 2613 2656 esse
2640 2589 3298 2673 iutendendumjudicant
3327 2613 3392 2662 ad

1808 2690 2238 2762 puriﬁcationem
2277 2707 2462 2760 suam,
2495 2693 2688 2748 deinde
2728 2697 2937 2764 purgati
2980 2698 3304 2765 vigilandum
3335 2702 3404 2754 ad

1808 2780 2035 2835 salutem
2065 2779 2314 2847 alienam,
2343 2783 2467 2851 quia
2498 2783 2622 2836 dum
2656 2784 2817 2840 silent
2845 2786 3162 2856 semetipsos
3195 2805 3400 2858 praepa-

1809 2881 1970 2938 rant,
2017 2881 2074 2926 ut
2099 2874 2253 2941 quasi
2280 2889 2376 2944 per
2404 2875 2777 2944 ptenitentirnn
2807 2892 2954 2932 suam
2987 2878 3057 2932 ad
3085 2879 3237 2936 lucra
3266 2880 3401 2937 alio-

1810 2978 1929 3017 rum
1960 2963 2170 3018 fortiter
2207 2973 2449 3030 surgant.
2497 2963 2562 3019 Et
2587 2967 2711 3035 quia
2741 2982 2805 3021 ει
2819 2982 2887 3037 pe
2915 2967 3039 3022 dum
3069 2969 3262 3023 doctor
3300 2971 3403 3024 sibi

1812 3053 2060 3108 conscius
2087 3053 2226 3118 silet,
2258 3053 2577 3123 quibusdam
2611 3054 2727 3122 ejus
2750 3055 2978 3110 subditis
3005 3057 3221 3126 maligni
3248 3058 3402 3129 spiri-

1813 3155 1915 3210 tus,
1945 3143 2105 3213 impia
2135 3145 2470 3213 suggerendo
2499 3161 2605 3198 non
2629 3145 2808 3200 silent.
2833 3145 3129 3214 Sequitur:

1875 3255 2056 3327 (Vcrs.
2087 3255 2203 3325 46.)
2245 3255 2411 3310 Porro
2445 3255 2728 3311 Philistiim
2751 3259 2924 3312 abiere
2953 3260 3007 3312 in
3028 3258 3144 3313 loca
3171 3275 3287 3315 sua.

1880 3363 1967 3419 59.
2009 3364 2333 3420 Tacentibus
2377 3365 2593 3434 quidem
2634 3366 2980 3435 doctoribus,
3033 3368 3088 3422 in
3135 3369 3257 3424 loca
3303 3385 3402 3426 sua

1810 3457 2084 3512 daemones
2109 3460 2336 3524 abeunt;
2387 3459 2512 3529 quia
2542 3474 2638 3529 per
2668 3469 2944 3530 pastorum
2975 3461 3247 3518 silentium
3291 3479 3400 3518 non

1808 3559 2055 3620 pereunt,
2090 3552 2188 3606 nisi
2239 3551 2363 3620 quia
2411 3553 2478 3606 ad
2521 3552 2688 3606 vitam
2731 3563 2990 3608 aeternam
3036 3553 3401 3622 prxdestinati

1811 3657 1916 3696 non
1945 3649 2088 3696 sunt.
2123 3639 2264 3695 Loca
2290 3641 2491 3695 etenim
2521 3640 2826 3696 dxmonum
2868 3651 2994 3697 sunt
3019 3684 3036 3710 ,
3067 3643 3191 3711 quia
3224 3642 3404 3696 divina

1808 3733 2144 3800 prtescientia
2169 3733 2220 3786 in
2246 3733 2610 3788 habitaculum
2634 3732 2727 3788 Dei
2760 3733 3102 3802 prmordinati
3125 3749 3232 3788 non
3255 3743 3404 3786 sunt.

1812 3822 1854 3876 ll
1881 3839 1946 3878 nc
1975 3834 2058 3879 est
2085 3825 2226 3894 quod
2254 3825 2670 3896 praedicantibus
2701 3826 2888 3894 primis
2925 3826 3243 3881 doctoribus
3268 3826 3403 3880 dici~

1812 3920 1898 3966 tur
1929 3930 1942 3965 :
1975 3911 2261 3967 Credebant
2299 3922 2544 3984 quotquot
2576 3914 2933 3984 praedestinati
2972 3924 3122 3968 erant
3151 3916 3220 3968 ad
3245 3917 3401 3969 vitam

1811 4015 2056 4058 cateruam
2084 4006 2228 4077 (Act.
2261 4021 2382 4072 snt,
2412 4005 2526 4075 48).
2559 4004 2693 4060 Hinc
2721 4005 2918 4061 Paulus
2941 4009 3016 4061 ait
3046 4025 3058 4060 :
3096 4008 3233 4073 Quos
3263 4024 3402 4078 pra:-

1811 4095 1958 4148 scivit
1977 4135 1991 4159 ,
2021 4106 2071 4148 et
2097 4096 2513 4164 praedestinavit,
2547 4107 2594 4150 et
2626 4115 2750 4168 quas
2771 4099 3177 4168 praedestinavit,
3208 4103 3404 4154 vocarit

1812 4182 1998 4256 (Rom.
2031 4198 2159 4253 vm,
2206 4184 2328 4258 30).
2377 4185 2515 4242 Hinc
2553 4195 2637 4241 est
2682 4188 2825 4256 quod
2872 4189 3120 4245 volentes
3170 4192 3405 4261 apostoli

1810 4277 2038 4335 transire
2066 4279 2122 4333 in
2166 4279 2378 4347 Asiam,
2430 4297 2461 4336 a
2503 4280 2706 4352 Spiritu
2736 4291 2925 4339 sancto
2974 4285 3229 4353 prohibiti
3279 4298 3405 4340 sunt

1809 4367 1947 4433 (Act.
1979 4369 2113 4435 xvr).
2146 4369 2248 4436 Qui
2277 4385 2406 4441 ergo
2449 4389 2556 4428 non
2582 4374 2950 4442 'prmdestiuati
2975 4384 3134 4442 sunt,
3165 4378 3280 4432 sive
3309 4393 3376 4431 au

1808 4457 1961 4514 diant
1989 4460 2272 4515 doctorum
2298 4462 2494 4528 verba,
2529 4463 2642 4517 sive
2683 4480 2794 4518 non
2834 4464 3088 4530 audiant,
3136 4468 3319 4524 vocari
3354 4471 3401 4522 in

1812 4550 1909 4606 Dei
1944 4551 2310 4606 habitaculum
2350 4563 2660 4621 nequeunt,
2693 4555 2816 4624 quia
2857 4571 2954 4626 per
2995 4559 3310 4626 nequitiam,
3351 4559 3399 4611 iu

1810 4657 1917 4710 qua
1969 4650 2096 4697 sunt
2141 4650 2268 4696 ante
2321 4643 2766 4699 constitutionem
2815 4646 2999 4700 mundi
3056 4648 3386 4716 pnecognit".

1813 4733 1988 4786 locum
2014 4733 2068 4786 in
2095 4747 2155 4786 se
2185 4732 2430 4800 malignis
2458 4733 2736 4802 spiritibus
2762 4744 3106 4804 paraverunt.
3139 4735 3284 4790 Bone
3305 4735 3392 4804 igu-

1815 4831 1927 4888 tur,
1978 4822 2103 4876 dum
2147 4822 2357 4893 insequi
2398 4822 2701 4879 Philistmos
2742 4826 2904 4896 329
2945 4841 3159 4881 cessare
3202 4827 3404 4899 [Forte

1812 4909 2033 4982 cessari]
2064 4911 2276 4978 dicitur,
2307 4913 2359 4966 in
2389 4912 2504 4968 loca
2525 4928 2620 4968 sua
2650 4913 2921 4969 dzcmones
2941 4916 3134 4970 abiisse
3160 4915 3406 4972 referun—

1815 5012 1922 5068 tur,
1965 5004 2089 5071 quia
2134 5004 2420 5073 ahquando
2459 5005 2553 5060 Dei
2591 5007 2991 5076 diSpensatione
3033 5008 3288 5066 doctores
3315 5019 3398 5064 ta.

1817 5100 1962 5156 cent,
1996 5102 2054 5147 ut
2093 5092 2198 5148 illis
2227 5094 2525 5148 tacentibus
2567 5095 2622 5149 hi
2659 5095 2749 5164 qui
2784 5096 2990 5151 Domini
3027 5115 3134 5152 non
3177 5109 3321 5164 sunt,
3366 5115 3396 5152 a

1818 5184 1972 5237 malis
2010 5184 2284 5253 spiritibus
2321 5184 2665 5252 recipiantur.
2709 5184 2838 5254 Sed,
2868 5197 2924 5241 ut
2957 5187 3087 5252 dixi,
3128 5203 3250 5242 cum
3280 5199 3400 5258 post

1817 5275 2030 5344 culpam
2079 5283 2322 5344 pastores
2375 5283 2572 5338 tacent,
2618 5280 2938 5347 semetipsos
2987 5279 3292 5344 humiliant,
3345 5288 3401 5333 ut

1819 5369 2029 5439 purgati
2075 5370 2128 5422 in
2176 5368 2529 5423 ministerium
2578 5369 2971 5438 pmdicationis
3001 5377 3250 5439 potenter
3276 5385 3400 5424 sur-

1819 5467 1962 5527 gant.
1996 5459 2132 5514 Dum
2174 5467 2373 5526 tacent,
2408 5459 2770 5514 inﬁrmitatem
2815 5475 2964 5514 suam
3006 5467 3255 5530 pensant,
3303 5460 3399 5515 sed

1819 5552 2210 5608 considerando
2247 5554 2598 5624 semetipsos,
2644 5562 2830 5608 contra
2859 5553 3101 5610 occultos
3131 5556 3314 5611 hostes
3344 5566 3402 5608 so

1821 5643 2046 5701 validius
2073 5645 2346 5702 roborant.
2386 5643 2532 5702 Un-le
2553 5656 2605 5702 et
2634 5646 2772 5701 bene
2800 5647 3138 5714 subiungitur
3166 5666 3176 5698 :
3280 5639 3282 5641 ’

2945 5747 3017 5804 13
