3948 6276
528 283 634 338 395

1737 259 1986 318 SANCTI
2027 255 2357 312 GREGOllll
2396 252 2609 312 MAGNI

3689 245 3717 262 ρ

3691 250 3783 305 ωε

598 392 776 462 (Vers.
807 388 920 458 4⁵1.)
948 388 1013 440 At
1044 385 1196 451 Saut,
1228 382 1532 450 conﬁrmato
1561 394 1715 447 regno
1746 392 1817 443 su,
1842 391 1899 429 er
1928 372 2118 441 Israel,
2148 374 2196 431 A
2226 372 2385 427 noxia
2420 369 2733 439 reprobant,
2767 378 2823 423 et
2852 367 3190 438 reprobando
3217 364 3563 435 triumphant.
3584 362 3791 421 Cunctis

529 483 791 556 pugnabat
813 497 903 551 per
931 479 1197 532 circuitum
1220 482 1399 527 contra
1426 471 1663 523 inimicos
1689 467 1820 537 ejus.

601 574 691 629 60.
723 571 1042 627 Debilitatur
1068 565 1285 636 quidem
1326 577 1581 631 regnum,
1612 560 1825 631 quando
1871 564 2116 628 pastores

528 667 581 721 in
618 661 885 730 aliquibus
915 657 1086 726 culpis
1129 653 1346 708 cadunt.
1394 651 1503 706 Sed
1541 649 1716 704 debile
1767 646 2116 704 conﬁrmatur

527 770 649 812 cum
679 766 778 822 per
816 747 1235 807 satisfactionem
1267 743 1593 815 paenitentia:
1629 741 1695 795 ad
1735 756 1873 810 opus
1908 752 2115 806 magna:

517 842 741 902 virtutis
766 842 1064 910 eriguntur.
1096 837 1163 891 Et
1190 851 1351 905 super
1372 833 1538 889 Lrael
1566 831 1873 887 conﬁrmari
1897 830 2115 896 dicitur,

529 936 655 1005 quia
685 933 816 989 dum
860 929 928 984 ad
970 929 1094 984 vita:
1120 926 1456 982 altitudinem
1486 921 1732 994 proﬁcit,
1787 937 1882 977 cos
1924 921 2118 989 quibus

529 1023 845 1094 praeeminet
873 1018 1093 1083 ordine,
1124 1016 1291 1071 vincit
1318 1012 1750 1069 conversatione.
1796 1010 2119 1066 Videntibus

531 1114 701 1170 Deum
733 1113 984 1184 praelatus
1012 1118 1114 1177 est,
1144 1108 1237 1163 sed
1265 1122 1428 1177 supra
1474 1106 1639 1160 Deum
1669 1104 1912 1159 videntes
1953 1102 2122 1157 extol-

529 1207 678 1271 litur,
716 1219 836 1259 cum
866 1218 977 1272 pra:
1016 1200 1224 1255 czeteris
1258 1199 1312 1252 in
1344 1198 1523 1251 divina
1572 1196 1861 1250 assumitur
1887 1202 2124 1248 contem-

530 1297 793 1367 platione.
820 1294 1011 1349 Merito
1033 1308 1161 1362 ergo
1180 1290 1377 1345 dicitur
1396 1308 1407 1341 :
1452 1288 1719 1359 Pugnabat
1740 1296 1922 1341 contra
1944 1301 2120 1339 omnes

531 1398 553 1422 υ
585 1386 819 1442 inimicos
860 1384 974 1455 ejus
993 1424 1008 1449 ,
1048 1392 1097 1437 et
1126 1396 1423 1453 quocunque
1448 1395 1504 1434 se
1528 1376 1750 1433 vertebat
1794 1375 2071 1446 superabat
2101 1390 2119 1427 .'

530 1482 658 1551 quia
669 1480 761 1550 qui
774 1488 974 1534 acterna
992 1476 1149 1531 altius
1161 1475 1443 1545 conspicit,
1461 1474 1616 1528 facile
1627 1469 2086 1540 conteritquidqui
2108 1470 2121 1522 Ι

532 1571 600 1629 de
631 1568 826 1623 inlimis
846 1567 945 1621 sibi
976 1565 1042 1620 ad
1066 1578 1294 1634 pugnam
1324 1565 1491 1617 venit.
1516 1562 1651 1628 Quia
1673 1562 1816 1617 enim
1844 1560 1989 1615 nulla
2019 1567 2121 1614 ter-

530 1674 664 1715 rena
695 1658 797 1713 sibi
825 1657 933 1724 jam
962 1656 1206 1724 placent,
1246 1653 1337 1723 qui
1381 1668 1478 1721 per
1507 1664 1755 1718 magnam
1798 1648 2118 1703 charitatem

2221 481 2350 534 ergo
2377 463 2623 519 sensibus
2660 463 2893 517 victores
2922 471 3075 531 sunt,
3106 463 3196 531 qui
3228 480 3321 534 pll‘
3350 477 3534 516 eorum
3564 461 3785 531 aliquem

2221 558 2375 615 subdi
2400 556 2647 625 malignis
2695 556 2972 625 spiritibus
3000 556 3208 610 nolunt.
3258 555 3365 610 Sed
3395 564 3450 609 et
3476 555 3617 608 dum
3658 557 3792 613 cordi

2223 649 2403 718 inepta
2433 646 2689 716 cogitatio
2719 645 2964 711 offertur,
3007 646 3179 701 hostis
3222 646 3315 714 qui
3360 646 3671 716 reprobatur
3702 650 3787 702 eli-

2222 741 2386 795 ditur.
2414 738 2519 806 Qui
2559 738 2703 792 enim
2746 738 2907 791 noxia
2953 752 3180 806 qumque
3210 736 3428 804 objicit,
3477 735 3676 789 hostem
3704 754 3787 806 po-

2226 837 2401 884 tenter
2430 827 2646 898 premit.
2674 825 2738 879 Et
2768 828 2893 895 quia
2941 827 3069 881 item
3117 827 3237 881 lte'a
3284 827 3600 891 contemnit,
3632 837 3684 881 et
3707 831 3791 882 ad-

2223 936 2378 976 versa
2423 936 2530 975 non
2575 918 2789 984 metuit,
2820 933 2937 988 quae
2984 917 3200 985 reliquit
3244 917 3534 987 aliquando
3562 932 3787 987 perversa

2226 1026 2333 1066 non
2364 1011 2580 1080 repetit,
2612 1017 2668 1063 et
2696 1008 2763 1062 ad
2794 1008 3034 1063 cmlestia
3066 1006 3338 1062 ferventer
3366 1007 3567 1075 currit,
3606 1009 3789 1074 hostes,

2225 1119 2362 1173 quos
2389 1103 2441 1156 in
2472 1100 2698 1156 circuitu
2728 1101 2949 1170 patitur,
2978 1114 3237 1169 superare
3265 1098 3588 1153 declaratur.
3619 1099 3673 1154 In
3697 1104 3794 1169 qui-

2227 1195 2328 1249 bus
2352 1191 2595 1264 profecto
2619 1190 2959 1255 adversariis,
2989 1192 3113 1259 quia
3144 1189 3349 1244 insidia:
3383 1189 3637 1258 opposita:
3663 1192 3794 1260 quin-

2228 1302 2333 1358 que
2363 1285 2735 1356 corporalibus
2758 1283 3006 1339 sensibus
3034 1283 3404 1351 designantur,
3436 1289 3560 1351 apte
3583 1298 3676 1352 per
3691 1285 3795 1352 qui-

2229 1380 2437 1435 narium
2470 1390 2750 1432 numerum
2779 1374 3176 1443 exprimuntur.

2299 1470 2478 1540 (Vers.
2515 1466 2605 1533 47)
2636 1465 2829 1520 Contra
2860 1463 3038 1528 Moab,
3067 1463 3268 1532 inquit,
3300 1471 3348 1516 et
3385 1462 3525 1533 ﬁlios
3556 1462 3755 1517 Ammon
3776 1504 3790 1530 ,

2226 1572 2275 1615 et
2306 1560 2493 1623 Edam,
2518 1567 2565 1610 et
2594 1571 2767 1625 regem
2794 1553 2960 1618 Suba,
2990 1561 3041 1607 et
3068 1551 3389 1607 Philistum.
3441 1545 3450 1552 ’

2299 1652 2388 1707 62.
2429 1652 2531 1719 Qui
2579 1652 2721 1707 enim
2768 1652 3006 1721 quinque
3048 1649 3287 1718 gentium
3338 1649 3551 1703 nornina
3602 1652 3792 1719 posuit,

531 1764 695 1819 super
735 1746 920 1813 Israel,
948 1744 1001 1800 id
1026 1752 1109 1799 est
1143 1745 1195 1798 in
1222 1742 1530 1798 caelestibus
1558 1748 1768 1809 regnat,
1802 1753 2123 1808 quocunque
2159 1730 2198 1786 Β
2226 1745 2506 1814 oppositas
2547 1742 2788 1812 quinque
2827 1740 3073 1796 sensibus
3105 1739 3349 1810 corporis
3379 1739 3591 1795 fraudes
3616 1740 3792 1798 dii-mc.

531 1852 593 1894 se
619 1837 807 1903 vertit,
841 1841 1077 1905 superat.
1105 1832 1239 1899 Quid
1274 1831 1414 1885 enim
1445 1830 1570 1884 huic
1597 1828 1860 1896 malignus
1900 1826 2121 1895 spiritus

532 1936 807 1998 suggerat,
837 1927 928 1998 qui
959 1936 1177 1981 terrena
1224 1924 1367 1979 nulla
1395 1923 1699 1979 considerat
1719 1961 1733 1985 ,
1759 1922 1851 1993 qui
1882 1922 1998 1976 beta
2030 1936 2124 1976 ξω·

533 2020 640 2076 culi
667 2019 810 2073 nulla
836 2017 947 2086 jam
979 2017 1164 2071 amat?
1194 2015 1404 2082 Pugnat
1428 2014 1644 2079 doctor,
1677 2013 1800 2067 dum
1830 2012 2121 2083 pmdicat,

534 2112 628 2167 sed
650 2118 886 2180 superat,
906 2108 1031 2178 quia
1052 2106 1195 2177 quod
1219 2104 1561 2177 przcdicando
1584 2105 1835 2174 prohibet
1856 2100 1921 2157 de
1943 2103 2125 2158 mundi

534 2200 896 2256 delectatione
924 2199 1273 2266 contingere,
1303 2194 1728 2251 conversationis
1767 2194 1966 2248 virtute
2008 2210 2128 2264 per-

534 2290 747 2347 suadet.
780 2289 848 2344 Et
875 2288 999 2359 quia
1022 2301 1261 2358 pugnare
1298 2286 1350 2341 in
1387 2284 1613 2340 circuitu
1659 2292 1848 2339 contra
1882 2283 2127 2337 inimicos

534 2381 752 2445 dicitur,
783 2394 990 2448 magna:
1020 2377 1194 2433 laudis
1232 2375 1348 2445 ejus
1376 2374 1599 2430 victoria
1636 2388 1754 2429 esse
1795 2373 2128 2428 demonstra-

536 2480 643 2527 tur.
678 2468 753 2523 Ex
780 2468 925 2523 omni
955 2467 1169 2536 quidem
1197 2474 1351 2536 parte
1375 2463 1671 2534 perfectum
1696 2477 1815 2518 esse
1840 2461 2121 2517 doctorem

536 2560 718 2624 docet,
748 2558 838 2627 qui
868 2573 935 2611 ex
965 2556 1111 2611 omni
1132 2564 1287 2626 parte
1319 2554 1638 2609 fortissimos
1665 2552 1827 2608 habet
1857 2552 2123 2608 inimicos.

536 2651 673 2706 Dum
704 2664 834 2719 ergo
860 2650 1057 2718 ubique
1097 2650 1233 2703 verti
1280 2657 1334 2703 et
1361 2662 1618 2717 superare
1660 2647 1886 2711 dicitur,
1927 2654 2128 2715 qi'anta

538 2742 656 2812 ejus
684 2742 851 2811 gloria
883 2740 1240 2811 praedicatur?
1271 2738 1408 2806 Quid
1458 2747 1541 2794 est
1571 2753 1701 2808 ergo
1739 2738 1883 2807 quod
1931 2738 1983 2791 in
2022 2736 2129 2792 eir-

2228 1851 2351 1889 num
2382 1832 2703 1901 designavit.
2735 1830 2845 1887 Sed
2872 1830 2997 1900 quia
3022 1830 3212 1886 doctor
3236 1846 3342 1885 non
3366 1831 3539 1885 solum
3569 1830 3793 1900 vivendo,

2229 1928 2329 1984 sed
2358 1928 2522 1982 etiam
2552 1924 2803 1981 docendo
2830 1924 3077 1988 dimicat,
3107 1938 3230 1979 cum
3271 1931 3460 1979 contra
3490 1924 3659 1978 omnia
3688 1925 3795 1979 vitia

2230 2020 2490 2088 disputat,
2520 2031 2642 2071 cum
2673 2030 2737 2069 ea
2772 2014 2921 2069 verbi
2958 2012 3137 2081 gladio
3166 2012 3221 2067 in
3251 2012 3555 2065 auditorum
3598 2026 3793 2069 suorum

2230 2109 2499 2164 mentibus
2526 2114 2702 2171 necat,
2734 2103 2985 2159 nimirum
3021 2103 3075 2157 in
3102 2101 3331 2157 circuitu
3359 2109 3414 2155 et
3442 2115 3674 2170 pugnare
3696 2117 3796 2155 cer-

2235 2203 2398 2267 nitur,
2429 2210 2484 2255 et
2511 2209 2834 2268 quocunque
2862 2208 2922 2252 se
2945 2194 3107 2250 vertit
3134 2207 3411 2264 superare.
3455 2193 3561 2247 Sed
3582 2192 3797 2262 quadam

2232 2292 2537 2363 specialiter
2554 2290 2925 2355 nominantur,
2938 2302 3055 2357 quze
3076 2286 3177 2341 sibi
3193 2285 3560 2355 principaliter
3573 2286 3791 2341 obstant:

2232 2385 2427 2439 Contra
2463 2380 2641 2447 Moab,
2674 2379 2869 2449 inquit,
2910 2387 2958 2433 et
2988 2378 3128 2448 ﬁlios
3165 2377 3407 2443 Ammon,
3442 2376 3621 2443 Edam,
3660 2387 3704 2431 et
3727 2393 3798 2430 re-

2232 2493 2344 2548 gem
2362 2474 2526 2539 Suba,
2547 2483 2599 2528 et
2620 2470 2938 2526 Philistaros.
2962 2468 3141 2533 Moab,
3156 2483 3221 2522 ex
3246 2480 3397 2537 patre
3418 2467 3795 2536 interpretatur,

2234 2568 2483 2629 Ammon,
2517 2562 2747 2634 populus
2786 2560 3057 2625 maeroris,
3100 2559 3290 2625 Edoni,
3321 2558 3488 2623 rufus,
3532 2558 3687 2624 Suba,
3722 2560 3798 2615 in.

2227 2670 2411 2723 censa,
2455 2653 2568 2708 sive
2617 2659 2960 2712 convertens,
3014 2647 3338 2715 Philistius,
3371 2648 3566 2717 poculo
3599 2647 3794 2704 cadens.

2236 2744 2377 2811 Quid
2409 2742 2552 2798 cnim
2574 2741 2659 2796 his
2690 2739 2997 2794 nominibus
3027 2737 3129 2792 nisi
3158 2735 3355 2805 gradus
3383 2734 3411 2774 δ
3439 2736 3671 2806 pessima:
3692 2738 3799 2790 vita

538 2834 686 2889 cuitu
719 2835 902 2890 hostes
921 2832 1122 2887 habere
1145 2830 1362 2897 dicitur,
1390 2830 1488 2885 nisi
1512 2831 1635 2901 quia
1666 2830 1883 2898 maligni
1913 2829 2132 2899 spiritus
2229 2831 2589 2904 exprimitur?
2618 2828 2675 2885 ln
2701 2828 2859 2883 Moab
2906 2828 3128 2897 quippe,
3176 2826 3268 2896 qui
3312 2840 3379 2881 ex
3411 2834 3563 2896 patre
3603 2826 3791 2892 dicitur,

539 2921 789 2976 omnibus
816 2920 1062 2976 sensibus
1100 2920 1299 2974 nostris
1323 2919 1682 2975 insidiantur?
1703 2918 1834 2973 Nam
1862 2918 2130 2987 loquendo
2231 2921 2666 2993 concupiscentia
2687 2920 3018 2987 designatur,
3044 2916 3101 2971 ιη
3125 2926 3306 2971 ηιςηιθ
3327 2916 3542 2987 quidem
3571 2917 3796 2985 ηερε-οδε,

539 3014 696 3078 alios,
722 3012 858 3069 alios
903 3011 1136 3067 videndo
1165 3009 1459 3081 decipiunt.
1510 3009 1658 3065 Alios
1705 3024 1802 3079 per
1851 3008 2088 3063 auditum
2113 3047 2128 3073 ,
2160 3020 2210 3083 ρ
2236 3015 2363 3084 quia
2383 3029 2414 3069 a
2441 3011 2655 3067 diabolo
2683 3011 2922 3082 ponitur,
2944 3009 3095 3079 quasi
3122 3023 3151 3061 a
3180 3016 3331 3078 patre
3359 3016 3655 3075 generatur.
3676 3007 3795 3073 Quid

538 3104 675 3157 alios
704 3118 799 3173 per
820 3110 1031 3172 gustum
1056 3100 1138 3155 vel
1163 3101 1417 3157 olfactum
1444 3100 1652 3155 fallunt.
1675 3098 1823 3155 Alios
1847 3099 2008 3155 etiam
2036 3113 2134 3168 per

539 3193 759 3248 insidias
820 3190 1171 3247 illecebrosae‘
1210 3190 1583 3245 delectationis
1650 3189 1737 3243 vel
1797 3186 2135 3255 cogitationis

540 3283 854 3352 pertrahere
882 3281 948 3334 ad
979 3278 1344 3334 immunditias
1386 3285 1656 3345 satagunt.
1692 3276 1824 3330 Aliis
1864 3276 1996 3330 foris
2036 3276 2135 3330 ob-

541 3388 726 3429 scmna
752 3371 842 3427 oll'.
860 3382 1005 3437 runt,
1035 3385 1156 3438 qua:
1184 3370 1378 3424 mentis
1402 3369 1789 3423 deliberatione
1818 3374 2128 3436 sequantur.

542 3463 649 3518 Sed
676 3471 735 3515 ut
761 3463 960 3517 rectius
1003 3462 1146 3515 hunc
1173 3460 1453 3516 circuitum
1484 3460 1940 3524 demonstremus,
1989 3458 2131 3513 hunc

542 3556 668 3610 dum
693 3554 761 3609 ad
786 3553 908 3607 lrta
933 3553 1283 3622 pertrahunt,
1318 3552 1396 3607 eis
1420 3552 1573 3621 quasi
1601 3551 1666 3606 ad
1696 3550 1972 3609 dexteram
2004 3551 2133 3610 insi-

543 3645 659 3700 dias
678 3652 904 3715 ponunt.
945 3642 1096 3698 Illum
1127 3640 1252 3697 dum
1282 3657 1379 3712 per
1406 3642 1631 3697 adversa
1660 3640 1951 3711 dejiciunt,
1978 3642 2131 3711 quasi

545 3750 572 3790 a
607 3735 735 3789 laeva
786 3741 939 3805 parte
981 3732 1372 3801 constringunt.
1425 3732 1533 3786 Nos
1575 3730 1701 3786 dum
1748 3730 1815 3785 ad
1860 3733 2130 3802 prmierila

546 3824 939 3880 oblectamenta
970 3822 1220 3891 invitant,
1243 3822 1396 3892 quasi
1418 3838 1447 3877 a
1469 3830 1616 3878 retro
1645 3821 2002 3893 praecipitant.
2025 3821 2133 3877 lllis

543 3915 697 3983 quasi
722 3915 789 3969 ab
814 3914 1065 3969 anteriori
1098 3923 1249 3984 parte
1292 3914 1540 3980 obviant,
1569 3914 1695 3984 quia
1721 3928 1865 3985 saepe
1893 3913 2133 3969 inﬁrmo-

543 4016 662 4057 rum
690 4004 959 4058 mentibus
989 4004 1247 4059 d‘strieta:
1272 4004 1697 4060 conversationis
1733 4013 1789 4060 et
1832 4005 1953 4059 vita:
2008 4005 2128 4059 lon-

545 4094 837 4162 gitudinem
866 4095 1013 4160 quasi
1035 4095 1367 4148 consulendo
1391 4103 1712 4149 monstrant.
1740 4094 1819 4150 Ab
1841 4105 1966 4151 ante
1986 4096 2129 4151 enim

546 4186 790 4250 veniunt,
822 4185 946 4253 quia
977 4184 1247 4253 proﬁcisci
1278 4184 1345 4238 ad
1381 4185 1577 4239 calum
1626 4184 1831 4239 animas
1863 4201 1968 4239 non
2005 4200 2130 4255 per-

548 4274 787 4328 mittunt.
844 4273 903 4327 ln
946 4273 1169 4329 circuitu
1217 4288 1347 4342 ergo
1394 4275 1641 4330 inimicos
1683 4275 1960 4340 habemus,
2007 4278 2132 4347 quia

2236 3121 2368 3162 vero
2409 3119 2507 3175 per
2537 3104 2795 3167 Ammon,
2828 3102 2916 3170 qui
2951 3099 3181 3171 populus
3219 3100 3468 3153 maeroris
3507 3099 3799 3167 int-~rpreta-

2236 3206 2342 3261 tur,
2388 3192 2712 3257 ostenditur,
2762 3192 2865 3247 nisi
2909 3190 3209 3260 frequentia
3249 3190 3512 3244 malorum
3560 3190 3799 3260 operum?

2236 3286 2282 3351 Q
2322 3285 2371 3339 ia
2400 3283 2541 3339 enim
2572 3283 2737 3337 multa
2781 3290 2936 3347 sunt,
2966 3280 3198 3351 populus
3245 3279 3462 3347 dicitur,
3494 3288 3548 3334 et
3591 3281 3702 3348 quia
3739 3281 3799 3335 ad

2236 3378 2420 3431 aeterni
2444 3375 2618 3431 luctus
2640 3373 3052 3428 amaritudinem
3084 3372 3372 3442 reprobum
3395 3386 3800 3442 unumquemque

2237 3466 2569 3538 perducunt,
2598 3465 2847 3521 mmmris
2869 3463 3098 3534 populus
3124 3471 3269 3519 recte.
3306 3464 3628 3520 nornina'ur.
3656 3461 3801 3517 Edam

2237 3572 2389 3625 vero,
2418 3556 2511 3626 qui
2552 3555 2703 3611 rufus
2739 3554 2954 3618 dicitur,
2985 3554 3110 3624 quid
3159 3554 3259 3609 nisi
3303 3554 3561 3624 peceanli
3606 3554 3799 3607 nimium

2238 3646 2505 3702 fervorem
2528 3644 2808 3700 insinuat?
2838 3642 2993 3701 Prius
3021 3644 3161 3698 enim
3189 3659 3415 3713 peccare
3443 3645 3664 3714 quisque
3687 3658 3799 3698 con-

2239 3736 2435 3804 suevit,
2458 3735 2651 3791 deinde
2672 3750 2770 3805 per
2793 3750 2949 3789 usum
2978 3734 3234 3805 peccandi
3263 3735 3474 3805 prolicit
3502 3736 3555 3789 in
3576 3749 3804 3804 augmen-

2240 3836 2352 3883 tum
2378 3826 2625 3892 fervoris,
2659 3833 2717 3880 ut
2743 3840 2969 3896 peccare
2990 3825 3184 3895 saepius
3210 3825 3424 3891 audeat,
3455 3833 3512 3878 et
3536 3825 3653 3890 hoc,
3681 3824 3801 3894 quod

2241 3915 2487 3971 audendo
2518 3915 2831 3984 ingeminat,
2862 3928 3075 3985 semper
3104 3914 3301 3968 iterare
3334 3913 3609 3968 ardentius
3634 3928 3804 3968 concu-

2241 4007 2432 4074 piscat.
2462 4004 2580 4071 Quo
2627 4004 2881 4058 nimirum
2912 4001 3169 4073 peccandi
3211 4004 3404 4057 ardore
3435 4002 3626 4070 agitur,
3664 4010 3718 4055 ut
3761 4002 3804 4055 iu

2240 4103 2421 4149 mente
2448 4093 2676 4164 reproba
2704 4092 2961 4163 quidquid
2992 4092 3205 4147 virtutis
3246 4092 3408 4149 autb-
3432 4093 3487 4147 ni
3526 4092 3696 4162 apris
3737 4093 3803 4145 vi-

2238 4186 2363 4250 ruit,
2392 4186 2757 4240 comburatur.
2788 4183 3009 4240 Incensa
3034 4198 3164 4255 ergo
3191 4192 3316 4255 post
3357 4182 3525 4239 Edom
3570 4185 3619 4238 in
3667 4184 3806 4254 spiri-

2244 4277 2373 4332 tuali
2400 4276 2542 4331 bello
2582 4274 2940 4343 describitur,
2971 4275 3097 4345 quia
3147 4276 3221 4330 ita
3264 4282 3348 4330 e~t
3373 4276 3596 4346 perdita:
3640 4275 3807 4331 mentis

550 4371 698 4428 ante,
728 4370 896 4427 retro,
944 4362 998 4417 in
1045 4362 1322 4418 dexteram
1365 4372 1421 4418 et
1460 4365 1732 4420 sinistram
1779 4367 2129 4435 malignorum
2160 4385 2212 4447 ι)
2240 4382 2415 4431 οειευτ,
2447 4374 2506 4419 ut
2549 4380 2670 4421 cum
2725 4363 2997 4419 ferventer
3042 4364 3183 4419 mala
3228 4378 3560 4434 congregare
3585 4365 3805 4431 'nitizur,

550 4453 835 4524 spirituum
863 4462 1135 4509 certamen
1164 4454 1416 4523 patimur.
1447 4453 1601 4511 Unde
1634 4464 1687 4511 et
1718 4457 1905 4513 beatus
1947 4456 2137 4513 Petrus

547 4543 825 4610 apostolus
855 4560 955 4599 nos
983 4545 1314 4609 cohortatur,
1337 4545 1523 4601 dicens
1548 4563 1561 4599 :
1609 4546 1948 4601 Λάιεενεανῗιιδ
1976 4558 2138 4602 vester

548 4630 812 4697 diabolus,
845 4639 1090 4703 tauquam
1118 4632 1196 4686 leo
1226 4635 1463 4704 rugiens,
1494 4635 1704 4701 circuit,
1733 4652 1964 4706 quarens
1989 4654 2136 4707 quem

546 4724 786 4786 devoret;
816 4725 898 4777 cui
926 4724 1146 4777 resistite
1176 4726 1334 4795 [artes
1362 4726 1417 4778 in
1447 4726 1553 4795 ﬁde
1583 4724 1634 4797 (I
1660 4726 1807 4781 Petr.
1834 4744 1886 4792 v,
1914 4728 1991 4797 8).

620 4813 710 4867 (il.
732 4813 837 4868 Sed
856 4813 971 4882 jam
1002 4813 1128 4869 belli
1151 4814 1435 4870 circuitum
1464 4816 1734 4884 novimus,
1760 4817 1993 4887 qualiter
2038 4832 2139 4889 per

550 4901 827 4956 circuitum
857 4916 1011 4971 roges
1052 4903 1302 4971 vincant,
1334 4903 1632 4960 videamus.
1663 4905 1722 4960 In
1769 4906 1994 4963 circuitu
2022 4908 2135 4977 qui-

549 4989 671 5043 dem
698 4990 942 5053 vincunt,
966 4992 1056 5059 qui
1090 4992 1345 5060 linguam,
1368 5000 1424 5047 et
1444 5008 1523 5057 os,
1552 5000 1606 5047 et
1636 4994 1844 5063 oculos,
1870 5004 1926 5049 et
1952 4996 2132 5051 omnia

550 5079 797 5149 corporis
832 5081 1069 5134 membra
1095 5083 1162 5135 ab
1190 5082 1373 5137 illicita
1400 5081 1615 5138 actione
1641 5086 1970 5142 custodiunt.
1998 5087 2132 5142 Dum

548 5168 693 5223 enim
740 5169 971 5238 linguam
1000 5171 1237 5241 perfecte
1264 5188 1362 5243 per
1387 5173 1654 5229 silentium
1681 5176 1955 5244 muniunt,
1985 5181 2135 5247 quasi

550 5259 604 5316 in
631 5276 735 5315 una
767 5273 919 5331 parte
946 5264 1176 5343 victores
1203 5272 1349 5332 sunt,
1380 5274 1434 5321 et
1462 5266 1588 5321 dum
1617 5267 1799 5323 vident
1827 5269 1997 5326 oculis
2016 5285 2136 5339 quae

553 5352 934 5422 concupiscere
953 5353 1331 5425 dedignantur,
1348 5370 1414 5411 ex
1435 5356 1539 5411 alia
1560 5368 1713 5427 parte
1725 5358 1959 5416 victores
1979 5360 2133 5417 ﬁunt.

553 5438 707 5512 δῶρα
740 5442 902 5497 etiam
927 5443 1067 5499 mala
1090 5443 1316 5500 audiunt
1342 5444 1503 5516 330
1528 5453 1583 5501 et
1611 5447 1900 5519 repellunt,
1928 5458 1985 5507 et
2010 5449 2135 5522 quia

631 5643 653 5670 κ
685 5634 840 5693 Deest
864 5635 1162 5706 superabat,
1188 5638 1241 5694 in
1265 5638 1429 5698 Gllot.
1456 5650 1512 5698 et
1539 5642 1709 5700 Vatic.

2234 4457 2390 4513 bonis
2435 4456 2681 4511 omnibus
2709 4456 2860 4526 quasi
2906 4471 3004 4526 per
3040 4457 3471 4513 combustionem
3521 4458 3649 4528 perd
3673 4459 3731 4511 tis
3755 4466 3801 4511 et

2234 4547 2469 4602 redactis
2489 4546 2555 4602 ad
2578 4546 2803 4600 nihilum
2825 4547 3106 4616 spolietur.
3137 4546 3285 4602 Suba
3315 4548 3479 4602 etiam
3510 4556 3805 4603 convertens

2234 4638 2446 4704 dicitur,
2473 4638 2598 4708 quia
2622 4645 2680 4692 et
2726 4634 2950 4692 formam
2998 4637 3091 4692 Dei
3122 4637 3188 4693 de
3232 4640 3465 4708 reproba
3509 4649 3685 4697 mente
3710 4640 3803 4695 fer-

2233 4745 2364 4784 vens
2393 4738 2672 4800 peccatum
2703 4729 2862 4795 tollit,
2895 4738 2946 4783 et
2978 4729 3115 4784 hanc
3138 4728 3203 4783 ad
3234 4738 3497 4799 apostata:
3525 4732 3693 4799 angeli
3714 4733 3807 4786 for-

2233 4836 2376 4876 mam
2408 4820 2619 4889 redigit.
2648 4820 2726 4875 De
2750 4834 2858 4890 qua
2874 4820 2984 4889 jam
3015 4835 3113 4889 per
3140 4820 3375 4875 divinam
3398 4823 3712 4877 sententiam
3739 4822 3809 4877 di-

2233 4911 2413 4967 citur:
2445 4909 2573 4965 Cum
2610 4912 2801 4966 venerit
2840 4912 3027 4981 impius
3085 4913 3140 4965 in
3178 4912 3495 4982 profundum
3544 4915 3803 4976 malorum,

2235 5002 2511 5056 contemnit
2531 5000 2712 5073 (Prov.
2737 5018 2867 5057 xvru
2883 5042 2897 5067 ,
2932 5001 3011 5071 '5).
3032 5002 3279 5071 Superba
3299 5002 3515 5073 quidem
3548 5020 3691 5060 meris
3711 5005 3806 5073 jam

2234 5095 2415 5150 divina
2458 5095 2707 5150 mandata
2756 5096 3011 5165 despicit,
3060 5104 3116 5150 et
3141 5099 3486 5167 semetipsum
3528 5098 3805 5153 carnalibus

2237 5188 2515 5244 desideriis
2542 5188 2744 5244 subdit.
2775 5188 2906 5255 Quis
2934 5203 3065 5259 ergo
3086 5196 3170 5243 est
3190 5205 3283 5243 rex
3306 5188 3472 5256 Suba,
3496 5192 3597 5245 nisi
3624 5191 3721 5252 ille,
3751 5191 3807 5243 de

2239 5292 2347 5346 quo
2375 5276 2443 5331 ad
2474 5276 2690 5332 beatum
2719 5276 2822 5332 Job
2852 5292 2883 5332 a
2930 5278 3161 5334 Domino
3197 5277 3431 5334 dicitur:
3484 5278 3603 5349 Ipse
3628 5288 3696 5333 est
3728 5295 3805 5333 res

2239 5385 2392 5440 super
2418 5370 2683 5425 universos
2708 5369 2850 5441 ﬁlios
2880 5370 3136 5441 superbia
3163 5369 3306 5442 (Job.
3332 5386 3444 5439 xu,
3473 5371 3556 5442 Ξ).
3580 5370 3803 5425 ΡΙιίΙὶειτεί

2242 5474 2391 5526 vero,
2422 5460 2512 5529 qui
2537 5460 2733 5531 poculo
2758 5462 2989 5529 cadunt,
3020 5462 3113 5533 qui
3140 5471 3287 5530 sunt,
3318 5462 3422 5519 nisi
3462 5464 3553 5534 qui
3581 5463 3800 5520 omnibus

2306 5648 2334 5688 ι’
2365 5648 2530 5707 Gilot.
2562 5662 2617 5708 et
2646 5651 2841 5721 νοεῖς..
2883 5658 3117 5725 pessima:
3143 5659 3471 5729 exprimitur.
