3948 6274
145 319 236 377 397

932 318 996 374 ιΝ
1038 319 1298 377 PRIMUM
1339 320 1574 379 REGUM
1617 322 2131 386 EXPOSITIGNES.
2175 364 2243 373 —
2283 333 2411 390 LIB.
2454 333 2519 391 Υ.

3286 351 3391 408 398

136 430 424 504 supradictis
454 431 609 487 malis
637 431 771 488 ebrii
819 435 990 489 sunt?
1031 434 1132 501 Qui
1173 436 1250 490 sic
1279 436 1516 492 cmlestia
1561 439 1699 494 obli-
1731 443 1778 502 Α
1809 447 1892 495 tus
1928 443 2144 510 quidem
2174 445 2350 503 cordis
2393 448 2581 505 intenti
2628 453 2966 526 caelestibus,
2997 469 3181 520 contra
3211 469 3392 521 carnis

136 527 402 590 viscantur,
433 531 489 576 ut
521 524 589 578 ad
613 525 728 580 haec
763 525 1018 594 evigilare
1047 535 1140 580 aut
1162 527 1272 594 vix,
1304 539 1396 583 aut
1423 546 1694 599 nunquam

136 615 404 670 videantur.
439 611 546 668 Per
574 613 730 668 Moab
759 629 888 683 ergo
917 618 1348 685 concupiscentia
1393 622 1570 675 carnis
1597 638 1695 677 ex-

133 704 370 776 primitur,
413 719 512 774 per
543 701 794 768 Ammon,
841 704 1092 773 frequens
1134 721 1260 764 usus
1306 708 1460 763 malm
1499 727 1693 780 opera-

133 794 304 859 tionis;
333 809 426 862 per
455 792 642 856 Edom,
674 795 932 866 peccandi
967 795 1160 853 ardens
1200 798 1522 854 desiderium
1549 819 1562 867 ;
1597 818 1694 872 per

132 885 270 947 Suba,
291 885 519 936 vastatio
540 891 596 938 et
617 884 919 940 combustio
939 887 1195 942 virtutum
1215 907 1227 954 ;
1246 905 1344 958 per
1367 889 1688 959 Philistmos,

129 975 299 1031 oblivio
323 974 644 1030 cmiestium.
690 975 825 1030 Cum
858 990 986 1045 ergo
1016 977 1220 1034 electus
1246 980 1437 1037 doctor
1458 983 1688 1051 aliquem

130 1069 328 1123 educere
342 1065 408 1120 de
423 1074 690 1121 tantorum
705 1067 1019 1137 laqueorum
1041 1070 1216 1125 medio
1235 1073 1460 1142 appetit,
1479 1082 1691 1142 quanta:

128 1159 310 1215 vir:utis
336 1167 609 1212 certamen
640 1159 796 1230 331
825 1159 1026 1216 sumit?
1057 1159 1121 1214 Et
1149 1163 1272 1231 quia
1307 1163 1375 1218 de
1413 1165 1559 1219 omni
1585 1166 1690 1221 hoc

128 1247 413 1321 perditionis
437 1247 608 1316 gradu
630 1264 731 1319 per
754 1250 1035 1305 doctorum
1059 1250 1296 1305 laborem
1327 1251 1394 1306 ad
1426 1254 1688 1322 pmniten-

128 1343 236 1395 tiam
266 1339 505 1402 redeunt,
541 1355 866 1409 quocunque
891 1355 949 1395 se
975 1342 1138 1395 vertit
1162 1356 1416 1412 superare
1441 1344 1688 1412 perhibe-

126 1441 215 1485 tur.
242 1427 576 1483 Prmdieando
616 1430 815 1483 ctenim
863 1429 1147 1498 aliquando
1193 1432 1683 1500 concupiscentiam

126 1520 169 1572 in
208 1516 418 1584 alicujus
446 1515 611 1572 corde
656 1517 932 1582 interficit,
977 1517 1262 1586 aliquando
1313 1535 1465 1574 usum
1505 1536 1684 1588 prava:

124 1606 442 1678 Operationis.
474 1604 633 1660 Modo
665 1606 784 1660 illos
809 1605 990 1672 trahit,
1029 1608 1121 1676 qui
1150 1607 1202 1662 in
1233 1623 1387 1663 usum
1426 1610 1684 1678 peccandi

126 1697 436 1762 transierant,
477 1695 640 1751 modo
669 1696 790 1752 illos
816 1696 907 1766 qui
951 1697 1244 1754 combustis
1279 1710 1335 1755 et
1363 1701 1430 1755 ad
1459 1701 1681 1756 nihilum

125 1786 322 1842 redactis
351 1785 659 1852 virtutibus,
707 1787 822 1856 regi
863 1803 964 1842 suo
1012 1787 1228 1844 diabolo
1274 1792 1430 1860 quasi
1478 1792 1682 1850 incensi

123 1876 412 1930 serviebant.
437 1873 503 1928 Et
521 1874 646 1944 quia
668 1874 1010 1944 pmdicando
1029 1891 1261 1947 superna
1283 1889 1570 1948 memorat,
1594 1897 1684 1937 ca-

122 1965 282 2026 dentes
295 1963 583 2034 poculo,et
605 1963 904 2020 ccelestium
934 1965 1130 2022 oblitos
1155 1967 1223 2022 ad
1243 1969 1533 2037 Spiritualis
1563 1972 1683 2026 vitm

122 2053 318 2108 stud'um
367 2053 572 2108 excitat
612 2061 668 2107 et
696 2068 794 2123 per
819 2069 1058 2110 amorem
1089 2056 1342 2113 ardenter
1369 2056 1680 2114 inflammat.

122 2141 242 2196 Bene
268 2156 392 2210 ergo
415 2142 614 2197 dicitur
643 2160 656 2195 :

178 2231 334 2299 (Vers.
369 2231 487 2301 47.)
519 2230 835 2304 Quocmtqtte
861 2249 915 2287 se
939 2235 1182 2299 vertebat,
1210 2239 1506 2308 superabat.

176 2321 255 2376 63.
285 2323 420 2389 Quia
441 2322 567 2377 dum
591 2323 658 2378 de
680 2325 823 2379 omni
849 2339 1047 2394 genere
1081 2337 1395 2397 peccatores
1423 2332 1489 2386 ad
1517 2333 1678 2388 vitam

121 2415 277 2480 trahit,
305 2415 864 2486 triumphareubique
891 2419 1252 2486 cognoscitur.
1283 2420 1394 2477 Hos
1429 2423 1679 2478 nimirum

123 2505 389 2572 triumphos
417 2518 578 2573 agere
607 2519 734 2560 suos
771 2506 967 2562 ini‘ites
988 2548 1002 2570 ,
1034 2523 1163 2562 suos
1201 2510 1470 2581 principes
1513 2513 1683 2583 impe-

121 2595 246 2648 rabat
263 2594 539 2660 Dominus,
562 2610 682 2649 cum
711 2594 812 2649 (Ιίει
833 2596 922 2649 bat
948 2615 960 2648 :
987 2594 1068 2651 Ite
1088 2599 1140 2651 in
1166 2599 1337 2653 orbem
1366 2601 1681 2671 universum,

121 2695 161 2736 et
176 2683 436 2753 ρνωάὶεακ
449 2681 784 2754 Evangelium
800 2687 939 2738 omni
960 2696 1210 2741 creatura:
1222 2686 1412 2761 (Marci
1438 2703 1544 2754 XVI,
1567 2689 1677 2760 15).

125 2771 253 2828 Omni
295 2781 559 2828 creatura:
587 2771 930 2843 Evangelium
971 2776 1262 2846 praedicare
1290 2781 1549 2851 pr.cipit,
1591 2781 1684 2850 qui

125 2865 272 2918 omnia
298 2877 495 2932 genera
525 2864 804 2918 hominum
833 2865 954 2920 duci
980 2867 1047 2920 ad
1080 2868 1236 2922 Iidem
1261 2871 1447 2936 voluit,
1475 2881 1533 2925 ut
1556 2873 1682 2927 dum

127 2952 301 3006 nobiles
327 2965 515 3021 regum
545 2968 768 3010 suorum
798 2955 1092 3028 trTumphos
1125 2959 1455 3026 ostenderet,
1480 2976 1575 3016 eos
1595 2978 1687 3017 su-

123 3057 280 3110 perare
315 3042 514 3112 ubique
553 3050 902 3098 monstraret.
934 3043 1089 3100 Unde
1134 3048 1393 3116 scriptum
1425 3057 1546 3103 est:
1582 3048 1683 3114 Qui

123 3132 206 3185 vult
222 3149 385 3187 omnes
415 3133 648 3188 homines
675 3134 845 3190 salvos
871 3136 1008 3205 ﬁeri,
1037 3145 1084 3190 et
1112 3137 1181 3189 ad
1201 3139 1516 3207 agnitionem
1543 3141 1680 3195 ueri-

124 3221 222 3274 tatis
235 3224 399 3276 venire
421 3219 487 3293 (ι
511 3221 646 3276 Tim.
671 3237 730 3291 tt,
760 3221 1050 3294 4).Omnes
1071 3227 1271 3297 quippe
1291 3228 1535 3285 homines
1565 3231 1677 3283 vult
1704 3227 1748 3286 C

122 3313 272 3368 salvos
296 3314 426 3378 fieri,
459 3314 585 3382 quia
628 3314 696 3372 de
741 3317 888 3371 omni
934 3316 1212 3372 hominum
1251 3332 1452 3389 genere
1493 3322 1674 3390 eligit,

120 3417 236 3470 quos
251 3403 312 3457 ad
331 3404 582 3472 gaudium
607 3411 822 3461 :eternae
847 3406 1037 3462 salutis
1066 3408 1244 3464 trahit.
1273 3409 1381 3466 Sed
1400 3411 1525 3481 quid
1556 3427 1678 3482 spe-

122 3490 224 3543 c'aii
248 3489 550 3546 fortitudine
579 3506 723 3562 agat,
747 3495 989 3565 exponit,
1013 3497 1136 3564 quia
1166 3497 1296 3552 dicit
1323 3515 1338 3551 :

179 3580 342 3642 (Vcrs.
376 3580 488 3652 48.)
519 3581 942 3656 Congregatoque
959 3589 1210 3655 exercitu,
1239 3590 1488 3659 percussit
1514 3590 1678 3644 Ama-

122 3669 234 3733 lech,
259 3680 304 3723 et
330 3673 458 3725 eruit
485 3670 655 3728 Israel
681 3673 744 3726 de
770 3691 928 3727 manu
957 3685 1276 3732 rastatorunt
1302 3679 1435 3749 ejus.

180 3758 259 3812 64.
288 3760 535 3816 Amalech
569 3763 798 3833 populus
844 3765 1087 3821 lambens
1113 3768 1517 3839 interpretatur.
1539 3770 1676 3838 Quid

124 3865 232 3919 ergo
273 3867 366 3922 per
391 3853 668 3921 Amalech,
718 3856 819 3911 nisi
870 3856 1242 3915 fornicationis
1279 3863 1498 3932 spiritus
1537 3864 1680 3920 desi-

123 3943 364 4008 gnantur?
403 3941 667 4000 Lambere
695 3947 838 4000 enim
886 3962 1074 4003 eorum
1105 3957 1206 4014 est,
1239 3951 1306 4004 ad
1344 3952 1688 4021 peccandum-

127 4042 332 4088 mentem
353 4035 527 4090 carnis
556 4035 924 4093 blandimento
945 4038 1194 4096 delinire.
1225 4038 1382 4096 Velut
1401 4044 1542 4099 enim
1575 4044 1680 4099 lin-

124 4136 221 4190 ειη
251 4132 384 4180 tactu
409 4126 649 4181 lambere
689 4127 950 4194 artibiunt,
983 4144 1104 4184 cum
1153 4130 1358 4188 levibus
1383 4135 1683 4202 suggestio-

126 4215 258 4268 nibns
276 4223 508 4271 mentem
537 4223 782 4284 tangunt.
807 4216 945 4283 Quid
966 4226 1048 4273 est
1070 4218 1213 4288 quod
1237 4228 1424 4275 contra
1451 4221 1607 4278 Moab
1630 4231 1687 4278 et

127 4303 350 4373 Amon,
386 4307 530 4377 quod
558 4315 751 4364 contra
774 4306 948 4363 Edom
973 4315 1030 4365 et
1057 4323 1234 4380 regem
1257 4309 1400 4367 Suba
1421 4325 1688 4383 pugnasse

129 4406 173 4449 et
194 4397 609 4466 vicisse‘dicitur,
641 4415 749 4454 non
779 4407 958 4456 tamen
984 4401 1282 4457 exercitum
1308 4416 1685 4473 congregasse,

128 4485 206 4538 sed
240 4495 296 4540 ut
330 4488 586 4544 Amalech
635 4487 908 4555 vinceret,
953 4491 1252 4546 exercitum
1294 4493 1686 4563 congregavit?

1797 533 1996 589 bellum
2025 535 2193 592 fortes
2217 539 2413 596 milites
2444 551 2587 598 sunt.
2619 542 2736 600 Jam
2767 563 2896 619 ergo
2928 550 2981 604 in
3011 551 3274 622 frequenti
3305 574 3387 613 as-

1797 622 2046 681 siduitate
2061 641 2281 696 precum
2305 629 2471 685 aciem
2490 633 2671 701 habet,
2693 638 2788 692 scd
2807 641 3074 696 exercitus
3096 659 3205 700 non
3227 662 3390 705 unam

1798 719 2002 768 tantum
2033 715 2226 782 aciem,
2256 719 2350 773 sed
2380 721 2563 790 plures
2592 723 2772 780 habet.
2807 726 2995 785 Adhuc
3022 731 3203 802 itaque
3233 751 3390 798 exer-

1797 803 1962 858 citum
2011 808 2306 876 perfectum
2337 825 2445 866 non
2491 812 2675 884 habet,
2705 823 2760 871 et
2807 820 3060 877 Amalech
3103 836 3389 894 percutere

1797 909 2135 966 nequaquam
2158 898 2319 953 valet.
2345 900 2596 972 Nunquid
2618 905 2668 959 ei
2694 906 2916 976 prodest
2934 913 3076 980 quod
3092 912 3313 983 jejunan
3327 918 3400 972 do

1792 1001 1853 1040 se
1899 989 2104 1056 atterit,
2151 990 2297 1058 quod
2325 992 2392 1046 ad
2425 1000 2635 1063 tempus
2663 998 2868 1053 orando
2909 1005 3308 1074 compungitur,
3351 1009 3398 1062 si

1792 1089 1944 1131 mens
1972 1077 2173 1133 lubrica
2195 1080 2416 1149 cogitet,
2449 1090 2504 1138 ct
2534 1084 2908 1152 phantasmata
2949 1089 3180 1148 lasciviae
3207 1095 3261 1149 in
3303 1111 3395 1151 se-

1791 1167 2072 1236 metipsum
2104 1171 2327 1238 portet?
2355 1169 2461 1226 Sed
2488 1173 2660 1230 vitare
2691 1184 2872 1248 turpes
2900 1181 3255 1249 cogitationes
3325 1203 3396 1241 on
3464 1248 3468 1253 ,

1791 1258 2066 1326 praevalet,
2096 1260 2185 1328 qui
2229 1261 2488 1320 honestas
2516 1264 2569 1320 in
2592 1281 2651 1320 sc
2681 1282 2787 1322 non
2836 1269 3012 1324 habet.
3061 1271 3195 1338 Quia
3239 1277 3385 1332 enim

1789 1363 2004 1419 semper
2031 1351 2361 1422 cogitamus,
2391 1354 2718 1424 exquirenda
2749 1366 2875 1412 sunt
2904 1359 3058 1415 nobis
3101 1362 3265 1428 bona,
3314 1381 3383 1420 ne

1793 1439 1933 1494 mala
1965 1441 2280 1510 cogitemus.
2307 1441 2446 1510 Quid
2486 1459 2615 1501 vero
2639 1455 2767 1501 sunt
2789 1462 2977 1505 omnes
3013 1451 3182 1506 turbae
3210 1454 3382 1509 bona-

1792 1545 1910 1584 rum
1938 1532 2355 1602 cogitationum,
2390 1536 2494 1593 nisi
2521 1537 2938 1597 innumerabiles
2965 1545 3160 1601 mentis
3197 1549 3382 1605 acies?

1789 1618 1922 1674 Nam
1943 1622 2071 1676 dum
2095 1635 2332 1679 mentem
2361 1626 2600 1682 ambiunt
2621 1638 2676 1683 et
2703 1630 2968 1697 minuunt,
2991 1633 3058 1688 ad
3080 1650 3197 1689 eam
3220 1621 3378 1692 acce-

1789 1709 1918 1766 dere
1952 1713 2291 1783 turpissimos
2316 1715 2562 1772 inimieos
2602 1733 2710 1773 non
2741 1721 3078 1789 permittunt.
3121 1723 3187 1778 Et
3216 1727 3377 1798 332

1788 1803 1913 1871 quia
1927 1803 2213 1874 cogitando
2235 1805 2301 1861 ad
2318 1807 2639 1863 desiderium
2657 1825 2862 1880 magna:
2878 1813 3122 1883 puritatis
3139 1819 3382 1872 accendi.

1788 1907 1930 1958 mur,
1952 1894 2115 1950 armis
2143 1896 2454 1965 potentibus
2474 1897 2671 1955 milites
2693 1902 2864 1956 nostri
2896 1902 3065 1958 induti
3093 1914 3235 1970 sunt,
3261 1909 3383 1976 qui-

1786 1981 1887 2038 bus
1912 1981 2282 2041 fornicationis
2307 1987 2535 2058 impetus
2551 1997 2606 2044 et
2629 1989 2967 2061 depellendo,
2988 1995 3041 2048 in
3066 1995 3241 2063 fugam
3259 2014 3381 2052 ver-

1787 2084 1925 2142 tunt,
1957 2087 2012 2132 et
2041 2077 2109 2132 ad
2140 2078 2364 2133 nihilum
2391 2080 2708 2138 deducendo
2738 2084 3024 2153 perimunt.
3059 2086 3191 2141 Nam
3236 2089 3380 2144 unde

1786 2164 1853 2220 ad
1884 2167 2115 2221 animam
2146 2167 2348 2224 intrare
2373 2171 2726 2239 cogitationes
2753 2174 2982 2244 possint,
3015 2191 3123 2230 non
3153 2177 3374 2240 habent.

1783 2272 1902 2327 qua:
1930 2258 2080 2328 quasi
2125 2257 2415 2316 fortissimo
2443 2261 2637 2329 milite,
2669 2262 2954 2320 honestate
2992 2267 3378 2335 cogitationum

1785 2346 2046 2402 bonarum
2092 2349 2326 2418 undique
2366 2359 2554 2406 ornata
2585 2361 2687 2407 est.
2721 2352 2874 2424 Nunc
2905 2369 3034 2424 ergo
3079 2359 3379 2413 exercitum

1785 2438 1963 2493 anima
1985 2442 2276 2510 con'greget
2294 2479 2311 2507 ,
2350 2456 2470 2511 quae
2497 2440 2756 2499 Amalech
2785 2444 2901 2501 vult
2921 2447 3204 2516 perimere,
3231 2457 3287 2504 et
3313 2450 3382 2505 de

1785 2544 1948 2585 manu
1975 2538 2307 2586 vastatorum
2335 2531 2451 2602 ejus
2473 2533 2742 2593 videntem
2763 2535 3010 2606 spiritum
3038 2537 3287 2594 liberare.
3320 2540 3380 2596 lu

1785 2620 1978 2676 horum
2009 2623 2186 2679 medio
2209 2624 2465 2693 resideat,
2488 2632 2547 2679 ut
2574 2635 2768 2682 cuncta
2791 2629 3054 2699 exemplis
3083 2629 3379 2688 electorum

1786 2711 2031 2780 fortium,
2065 2714 2393 2770 circumdata
2421 2715 2682 2771 doctrinis
2709 2715 3140 2790 Scripturarum,
3180 2722 3380 2776 nullam

1787 2811 1994 2871 partem
2018 2803 2100 2857 sui
2122 2819 2346 2858 vacuam
2370 2805 2568 2860 habeat
2590 2805 2731 2860 unde
2752 2806 2923 2861 hostis
2943 2807 3220 2879 irrumpat.
3243 2808 3380 2876 Quia

1786 2904 1915 2959 ergo
1937 2892 2347 2948 innumerabilia
2366 2901 2492 2948 sunt
2511 2893 2757 2962 exempla
2786 2892 3039 2962 fidelium,
3059 2897 3184 2966 quia
3212 2900 3380 2952 multa

1786 2979 2109 3035 documenta
2132 2979 2560 3051 Scripturarum,
2594 2983 2865 3038 exercitus
2891 2998 3115 3053 magnus
3142 2995 3198 3041 et
3224 2986 3382 3040 fortis

1786 3079 1892 3139 e-t,
1914 3071 2007 3126 sed
2032 3071 2098 3126 ad
2119 3071 2554 3142 congregandum
2575 3069 2792 3128 difficile
2819 3088 2927 3127 non
2951 3081 3052 3130 est.
3077 3074 3223 3130 Bene
3249 3090 3380 3146 ergo

1787 3161 1854 3216 de
1879 3161 2092 3217 lsraelis
2123 3174 2246 3229 rege
2271 3161 2467 3217 dicitur
2494 3178 2509 3214 :
2542 3157 2864 3234 Congregato
2893 3165 3140 3231 exercitu,
3169 3183 3379 3236 percus-

1779 3252 1847 3305 sit
1874 3251 2136 3318 Amalech,
2165 3251 2290 3321 quia
2320 3250 2694 3307 fornicationis
2719 3251 2938 3321 spiritus
2968 3270 3074 3310 non
3104 3265 3232 3310 ante
3260 3257 3379 3310 vin-

1779 3343 1919 3398 citur
1939 3358 2098 3413 quam
2123 3357 2218 3412 per
2241 3342 2622 3398 abstinentiam
2645 3357 2842 3414 corpus
2865 3351 3149 3412 atteratur,
3173 3354 3230 3401 et
3255 3361 3380 3401 om-

1781 3433 1864 3489 nis
1907 3434 2181 3504 turpitudo
2223 3435 2492 3490 obscaena:
2535 3434 2908 3504 cogitationis,
2939 3434 3095 3492 bonis
3135 3444 3373 3492 mentem

1779 3523 2135 3594 replentibus,
2175 3523 2459 3594 etl'ugatur.
2499 3523 2650 3579 Tunc
2696 3524 2896 3596 quig-pe
2938 3539 3060 3580 eum
3089 3525 3328 3583 lambere
3351 3566 3368 3590 ,

1781 3614 1835 3668 id
1867 3623 1952 3670 est
1975 3614 2203 3669 delinire
2251 3615 2481 3686 populus
2519 3614 2760 3670 lambens
2789 3615 3108 3671 delectando
3132 3632 3238 3673 non
3268 3633 3369 3688 po-

1783 3711 1905 3770 test,
1928 3704 2050 3773 quia
2079 3704 2280 3759 domita
2301 3718 2462 3759 carne
2480 3703 2720 3774 jejuniis,
2745 3705 3063 3772 humilitatis
3091 3721 3217 3762 arce
3238 3724 3376 3778 prae-

1781 3794 1890 3849 dita
1921 3801 2123 3857 mente,
2155 3794 2414 3850 orationis
2441 3796 2604 3850 armis
2633 3796 2896 3866 accincta,
2926 3798 3132 3854 intenta
3161 3801 3368 3856 doctri-

1788 3885 1874 3940 nis
1905 3884 2214 3941 ccelestibus
2234 3925 2252 3952 ,
2293 3885 2552 3956 exemplis
2577 3886 2782 3941 munita
2802 3925 2818 3952 ,
2850 3887 3026 3958 impia:
3053 3893 3378 3960 suggestioni

1783 3973 1985 4028 aditum
2014 3972 2256 4043 prmbere
2280 3972 2670 4028 consentiendo
2697 3989 2804 4029 non
2830 3976 3108 4045 praevalet.
3133 3979 3262 4044 Quae
3293 3981 3379 4034 ni-

1786 4065 1980 4118 mirum
2007 4063 2278 4118 exercitus
2298 4062 2643 4133 congregatio
2667 4064 2806 4119 bene
2831 4066 3066 4136 regibus,
3097 4069 3147 4123 id
3171 4079 3255 4125 est
3279 4071 3382 4128 Ec-

1788 4152 1968 4208 clesiae
1992 4152 2301 4208 doctoribus
2328 4152 2618 4218 convenit,
2644 4152 2768 4223 quia
2796 4155 3038 4226 quisquis
3062 4158 3129 4212 ad
3172 4160 3378 4214 exstin-

1788 4242 2055 4312 guendam
2097 4242 2471 4298 fornicationis
2518 4242 2722 4299 rabiem
2762 4244 2966 4302 electos
3005 4248 3248 4306 subditos
3294 4251 3378 4305 in-

1789 4343 1998 4390 struere
2018 4334 2228 4404 nititur,
2251 4335 2365 4391 htec
2385 4335 2542 4407 plura
2558 4336 2880 4392 auxiliorum
2909 4340 3124 4406 agmina
3143 4340 3190 4396 ei
3212 4343 3380 4398 verbo

1790 4423 2163 4492 congreganda
2192 4432 2335 4478 sunt.

1861 4512 1949 4565 65.
1977 4513 2122 4568 Bene
2151 4522 2207 4568 et
2234 4513 2398 4570 lsrael
2420 4523 2606 4571 erutus
2627 4516 2695 4571 de
2716 4532 2878 4574 manu
2906 4528 3236 4592 vastatorum
3263 4525 3380 4594 ejus

129 4577 243 4642 Quid
271 4581 525 4648 estquod
553 4582 851 4635 exercitum
897 4582 1261 4651 congregavit,
1302 4583 1404 4640 nisi
1447 4585 1572 4656 quia
1617 4585 1684 4641 ad

1789 4603 2067 4660 asseritur.
2100 4603 2228 4657 Erui
2255 4604 2468 4672 quidem
2492 4606 2648 4660 evelli
2684 4607 2898 4663 dicitur.
2932 4609 3000 4664 Et
3027 4577 3380 4680 quod'eveili-

130 4667 541 4736 exstinguendum
565 4669 936 4726 fornicationis
958 4672 1226 4742 spiritum,
1255 4675 1425 4730 virtus
1447 4690 1550 4730 una
1576 4691 1682 4732 non

127 4752 339 4810 sufﬁcit?
363 4755 697 4812 Abstinentia
727 4758 942 4828 quidem
967 4760 1212 4815 ciborum
1253 4770 1440 4817 contra
1470 4763 1577 4819 hoc
1603 4765 1686 4819 vi-

130 4843 243 4898 titun
282 4844 563 4903 fortissima
613 4856 724 4913 est,
770 4849 864 4903 sed
913 4849 1030 4906 sola
1078 4865 1186 4906 non
1228 4853 1510 4921 prmvalet;
1538 4853 1688 4908 velut

127 4935 252 4988 enim
285 4938 426 4993 miles
450 4947 554 5004 est,
585 4947 641 4994 et
667 4952 906 5009 pugnare
935 4948 1132 5010 potest,
1165 4956 1421 5012 superare
1448 4958 1555 4997 non
1585 4959 1684 5013 po-

132 5032 242 5092 test,
264 5026 381 5094 quia
407 5028 664 5084 Amalech
696 5044 805 5084 non
833 5030 1085 5099 vincitur,
1113 5031 1216 5086 nisi
1260 5032 1529 5088 exercitus
1557 5048 1688 5088 con-

129 5123 372 5182 gregetur.
403 5117 504 5184 Qui
535 5132 666 5188 ergo
691 5117 1100 5174 fornicationem
1131 5128 1412 5190 percutere
1439 5124 1684 5193 appetit,

132 5201 272 5258 addat
291 5207 614 5262 abstinentia:
641 5208 886 5276 corporis
910 5209 1161 5265 virtutem
1187 5210 1522 5267 humilitatis.
1551 5211 1686 5267 N..m

132 5292 170 5346 si
193 5309 334 5350 mens
360 5297 464 5354 Deo
489 5299 646 5354 subdi
675 5299 950 5355 humiliter
970 5299 1220 5370 despicit,
1242 5302 1418 5356 carnis
1451 5317 1560 5357 sua:
1587 5302 1684 5358 de-

134 5380 306 5437 sideria
333 5385 649 5444 dominantia
686 5403 750 5444 ac
777 5391 1172 5460 pmeminendo
1203 5405 1309 5446 non
1339 5395 1549 5462 premit.
1581 5394 1684 5448 Sed

137 5469 288 5528 adhuc
309 5491 515 5534 necesse
542 5487 644 5546 est,
669 5487 727 5534 ut
748 5490 1056 5550 congreget,
1081 5483 1206 5552 quia
1234 5485 1531 5538 exercitum
1559 5500 1684 5555 par-

139 5575 244 5617 vum
269 5566 438 5624 habet.
478 5569 673 5625 Virtuti
717 5585 848 5642 ergo
895 5573 1213 5629 humilitatis
1251 5581 1308 5629 et
1352 5575 1689 5631 abstinentia:

142 5660 359 5726 corporis
384 5663 606 5718 addatur
645 5664 892 5735 frequens
922 5683 1178 5725 numerus
1204 5669 1480 5726 orationis.
1521 5669 1687 5726 Atl‘cc-

1790 4705 1898 4757 tur,
1925 4695 2063 4750 altas
2100 4694 2309 4749 radices
2361 4695 2413 4748 in
2453 4694 2800 4764 profundiora
2828 4700 3080 4755 mersisse
3125 4702 3374 4756 sentitur.

1789 4785 1976 4841 Manus
2001 4799 2132 4840 vero
2162 4792 2493 4838 vastatorum
2537 4793 2777 4855 potestas
2806 4794 2889 4841 est
2916 4787 3179 4843 malorum
3219 4791 3378 4860 spiri-

1778 4872 1963 4930 tuum.
1994 4871 2147 4928 Unde
2172 4873 2333 4928 etiam
2362 4873 2620 4943 scriptum
2669 4882 2751 4929 est.
2775 4893 2788 4927 :
2821 4875 2865 4928 Α
2891 4893 2990 4946 quo
3018 4878 3129 4949 quis
3159 4881 3378 4934 vincitur

1787 4967 1898 5037 ejus
1921 4980 2094 5019 servus
2121 4964 2346 5034 efﬁcitur
2372 4962 2465 5033 (II
2497 4962 2640 5018 Petr.
2671 4978 2731 5029 tt,
2765 4964 2875 5034 19).
2905 4964 3040 5032 Quid
3069 4982 3197 5037 ergo
3225 4969 3380 5024 colli-

1788 5056 1963 5124 gitur,
1995 5053 2097 5110 nisi
2137 5053 2265 5124 quia
2314 5052 2441 5109 dum
2484 5053 2839 5111 fornicatores
2880 5056 3161 5114 desideriis
3206 5063 3385 5116 carnis

1789 5146 2106 5210 assentiunt,
2136 5145 2388 5214 potestati
2411 5143 2671 5198 malorum
2698 5145 2983 5214 spirituum
3020 5148 3381 5218 subiguntur?

1790 5233 1926 5302 Quia
1948 5235 2076 5290 item
2098 5235 2266 5290 altum
2289 5242 2371 5288 est
2392 5233 2761 5290 fornicationis
2783 5235 3225 5305 blandimentum,
3249 5240 3379 5294 dum

1790 5328 1844 5380 in
1866 5326 1980 5380 hoc
2003 5327 2180 5380 anima
2209 5340 2308 5395 per
2333 5325 2659 5381 desiderium
2691 5329 2968 5396 mergitur,
2999 5332 3155 5399 quasi
3183 5333 3236 5386 in
3265 5349 3387 5402 pro-

1789 5419 2009 5474 fundum
2027 5418 2295 5473 radicibus
2315 5425 2548 5473 tenetur.
2567 5418 2692 5472 Erui
2714 5433 2842 5488 ergo
2864 5421 2931 5476 de
2952 5437 3116 5478 manu
3141 5433 3385 5481 vastato-

1796 5523 1912 5563 rum
1943 5514 2026 5564 est
2053 5523 2084 5562 a
2131 5507 2504 5563 fornicationis
2532 5509 2750 5579 abysso,
2782 5512 2872 5579 qui
2904 5510 2954 5564 in
2987 5518 3252 5580 potestate
3277 5513 3384 5570 dae-

1798 5616 2016 5657 monum
2045 5607 2148 5663 est,
2180 5599 2416 5655 liberari.
2451 5599 2594 5655 Bene
2620 5601 2783 5655 etiam
2822 5617 2887 5656 va
2919 5610 3122 5658 tatores
3152 5605 3385 5660 fornica-

1803 5692 1959 5748 tionis
1989 5693 2219 5764 impetus
2259 5693 2549 5750 dicuntur:
2592 5695 2715 5763 quia
2764 5695 2831 5750 de
2861 5695 2986 5751 vitio
3014 5696 3242 5752 luxurie
3287 5712 3384 5770 per
