3948 6278
542 299 644 356 δὺο

1727 286 1968 347 SANCTI
2013 286 2337 342 GllEGORli
2379 284 2590 342 MAGNI

3687 290 3782 344 ιεθ

538 414 751 465 beatum
798 405 899 461 Job
927 406 1117 460 dicitur
1143 423 1155 457 :
1209 404 1355 475 Ignis
1384 412 1457 456 est
1486 416 1643 472 usque
1672 401 1740 455 ad
1786 401 2121 471 perditionem
2148 402 2199 460 Α
2226 413 2402 452 meum
2433 411 2550 452 esse
2578 394 2943 467 perbibsntur.
2994 396 3124 462 QuJe
3158 395 3508 465 quidemvox
3550 401 3786 468 parvulo.

537 498 852 571 germinans;
874 507 923 549 et
945 495 1117 550 omnia
1137 495 1408 548 eradicans
1433 492 1666 564 germina
1692 490 1743 563 (Ι
1749 490 1809 544 ob
1831 506 1977 554 χχχι,
2007 488 2119 556 12).

541 591 790 645 Vastator
829 588 1026 657 quippe
1063 584 1433 640 fornicationis
1463 583 1684 652 spiritus
1721 578 1951 646 dieitur,
1997 579 2121 647 quia

540 694 699 751 quem
733 680 1003 742 invaserit,
1036 678 1085 733 ei
1122 675 1371 731 nimirum
1404 674 1546 728 nulla
1573 674 1827 727 virtutum
1858 671 1997 724 dona
2026 669 2125 722 de-

539 771 813 839 relinquit.
852 768 932 823 Ad
970 768 1209 822 laborem
1235 766 1449 836 quidem
1494 762 1795 825 ministerii,
1827 762 1968 815 bona
2008 758 2127 828 qui-

541 862 661 916 dem
692 860 870 927 a'iqua
901 857 1101 911 habere
1130 864 1327 925 potest,
1360 855 1452 910 sed
1482 854 1551 907 ad
1582 852 1828 909 meritum
1857 849 2043 904 salutis
2064 862 2128 902 ea

541 949 740 1002 habere
766 963 873 1002 non
905 953 1103 1016 potest.
1131 944 1344 999 Vastari
1376 957 1504 1011 ergo
1541 941 1755 1007 dicitur,
1804 940 1890 993 cui
1918 937 2128 1008 perdita

544 1039 792 1092 castitate
823 1037 890 1091 ad
934 1037 1097 1091 vitam
1136 1034 1283 1090 bona
1327 1035 1428 1089 alia
1459 1035 1605 1088 nulla
1642 1036 1886 1102 prosunt.
1920 1026 2131 1084 Vastari

545 1130 707 1183 etiam
738 1127 879 1182 horti
910 1135 1096 1180 tenera
1125 1125 1393 1179 dicuntur.
1425 1120 1525 1189 Qui
1555 1122 1697 1177 enim
1719 1129 1842 1176 sunt
1866 1121 2008 1175 horti
2038 1136 2129 1173 su-

546 1218 700 1287 perni
751 1216 953 1285 sponsi,
991 1215 1090 1268 nisi
1134 1213 1298 1267 corda
1343 1223 1654 1267 sanctorum
1698 1226 1798 1281 per
1834 1210 2130 1265 custodiam

549 1308 772 1369 munita,
805 1314 857 1359 et
888 1320 983 1376 per
1025 1303 1288 1358 castitatis
1329 1302 1549 1357 odorem
1578 1300 1806 1355 ﬂorida?
1844 1298 1975 1353 Nam
2002 1299 2130 1352 dum

552 1395 725 1450 nuilns
767 1403 944 1448 motus
993 1402 1177 1462 turpes
1216 1391 1509 1460 recipiunt,
1564 1390 1686 1444 albo
1731 1388 1949 1458 pudoris
2001 1383 2135 1442 ﬂore

550 1485 891 1539 decorantur.
927 1481 1079 1537 Unde
1121 1490 1175 1535 et
1202 1496 1412 1550 sponsa:
1441 1480 1494 1534 in
1539 1478 1763 1533 Cantico
1791 1476 1973 1547 sponsi
2016 1476 2133 1529 lau-

552 1576 707 1630 dibus
737 1575 968 1629 dicitur:
1011 1573 1139 1639 Qua:
1177 1571 1378 1624 habitas
1412 1572 1467 1624 in
1512 1570 1705 1634 hortis,
1736 1568 1916 1621 audire
1942 1584 2024 1619 me
2051 1567 2136 1637 {ac

552 1681 722 1720 vocem
751 1672 891 1717 tuam
923 1663 1097 1733 (Cant.
1139 1664 1258 1727 ult.,
1291 1660 1400 1731 15).
1432 1659 1496 1713 Et
1534 1675 1751 1715 rursus:
1786 1658 1983 1712 Hortus
2011 1672 2134 1709 con-

555 1758 724 1810 clusus
752 1771 901 1808 soror
944 1769 1056 1806 mea
1096 1767 1286 1821 sponsa
1315 1749 1486 1821 (Cant.
1519 1766 1598 1813 tv,
1634 1747 1745 1817 1‘2).
1797 1747 1994 1801 Hortus
2017 1744 2137 1813 qui-4

555 1845 695 1910 dem,
729 1844 851 1913 quia
884 1843 1081 1897 virtute
1110 1840 1319 1896 eximite
1354 1839 1615 1894 castitatis
1644 1838 1883 1901 ﬂoridus,
1915 1836 2138 1891 conclu-

557 1952 647 1991 sus
696 1946 908 2001 autem,
958 1934 1081 2003 quia
1134 1948 1231 2002 per
1274 1931 1655 1986 continentiam
1703 1928 1956 1983 munitus.
2002 1926 2143 1981 Hinc

557 2038 748 2095 sponsa
771 2024 894 2095 quid
916 2037 1169 2093 sponsum
1191 2020 1443 2088 oblectet,
1464 2019 1706 2088 exponit,
1729 2018 1942 2072 dicetis:
1971 2016 2145 2085 Spon-

558 2133 644 2170 sns
673 2132 811 2169 mius
842 2113 986 2179 mihi,
1014 2120 1063 2166 et
1092 2128 1184 2182 ego
1212 2111 1311 2175 illi,
1352 2110 1437 2181 qui
1465 2109 1693 2178 pascitur
1732 2108 1866 2160 inter
1894 2104 2024 2168 lilia,
2053 2104 2146 2157 do-

559 2222 651 2259 nec
680 2206 871 2275 aspiret
897 2203 1025 2267 dies,
1071 2211 1119 2255 et
1146 2201 1459 2253 inclinentur
1486 2197 1679 2252 umbra:
1720 2195 1892 2268 (Cant.
1938 2212 1993 2259 ιι,
2028 2193 2141 2264 16).

560 2293 822 2349 lmmundi
864 2304 994 2359 ergo
1035 2288 1255 2359 spiritus
1292 2295 1592 2342 vastatores
1619 2296 1764 2350 sunt,
1796 2285 1920 2354 quia
1949 2282 1996 2337 si
2041 2298 2142 2351 pu-

562 2385 676 2437 dica
725 2380 889 2437 corda
932 2378 1226 2447 decipiunt,
1270 2375 1495 2446 decepta
1536 2383 1751 2429 teneros
1780 2369 1939 2426 ﬂores
1987 2380 2146 2424 tanta:

560 2472 771 2527 virtutis
808 2471 1056 2540 perdunt.
1080 2466 1190 2533 Qui
1218 2468 1399 2534 itaque
1442 2478 1563 2521 cum
1595 2463 1663 2518 ab
1691 2462 2041 2518 immunditiis
2079 2460 2147 2514 ad

566 2560 870 2614 castita'em
907 2558 1155 2620 redeunt,
1187 2556 1345 2626 333
1391 2554 1516 2623 quia
1544 2554 1688 2608 diras
1715 2553 2012 2607 daemonum
2050 2566 2149 2621 p'o-

567 2658 788 2706 testates
814 2648 1173 2716 eﬂugiunt,et
1218 2662 1248 2700 a
1288 2644 1551 2715 profundo
1597 2644 1914 2715 perditionis
1960 2657 2149 2696 ascen-

565 2742 719 2803 dunt,
750 2741 817 2795 de
846 2754 1007 2793 manu
1051 2746 1380 2792 vastatorem
1426 2736 1539 2791 erui
1587 2744 1711 2805 apte
1757 2741 2146 2788 memorantur.

565 2829 671 2884 Sed
694 2843 808 2894 rex,
832 2828 922 2897 qni
950 2842 1138 2881 eruere
1165 2826 1416 2896 populum
1439 2825 1655 2893 dicitur,
1672 2824 1855 2895 quales
1876 2824 2149 2893 adjutores

564 2921 761 2975 habeat
793 2919 1085 2973 videamus.
1117 2917 1247 2976 Nam
1276 2917 1555 2986 sequitur:

2168 1714 2215 1771 Β

2222 504 2344 543 rum
2390 487 2721 540 subditorum
2760 500 2879 540 esse
2915 487 3283 553 cognoscitur,
3312 488 3483 541 virtus
3507 503 3632 544 vero
3667 495 3787 548 tanti

2225 574 2456 628 nominis
2508 573 2871 642 praelatorum.
2923 571 3025 638 Qui
3081 574 3225 627 enim
3275 576 3483 645 parvuli
3530 585 3584 630 et
3634 578 3788 646 frigidi

2228 662 2400 716 adhuc
2430 662 2482 715 iu
2511 661 2711 716 nostris
2757 662 3095 729 negligentiis
3136 661 3403 732 jacemus,
3436 664 3502 718 al
3540 666 3790 723 cwlestem

2230 752 2459 822 patriam
2503 752 2812 805 ardentibus
2862 752 3143 808 desideriis
3194 770 3301 808 non
3356 744 3658 823 ﬂagrantes.
3698 758 3791 814 Sed

2234 842 2380 912 quod
2409 858 2506 897 uos
2532 842 2786 896 ardenter
2808 841 3048 911 ﬂagitare
3073 860 3180 899 non
3210 859 3516 913 possumus,
3540 862 3633 914 pro
3659 849 3793 905 nobis

2234 934 2474 1004 postulat
2495 945 2519 972 ι
2545 935 2637 1003 qui
2658 934 2722 988 ad
2745 934 2890 987 illam
2908 950 3067 1003 quam
3084 936 3245 991 nobis
3269 937 3493 1006 adipisci
3511 937 3795 995 desiderant

2236 1026 2467 1096 patriam
2497 1026 2704 1092 magnis
2733 1025 3013 1082 desideriis
3040 1027 3315 1082 anhelant.
3360 1028 3466 1083 Pro
3502 1030 3796 1086 excelltntia

2232 1130 2368 1184 “ergo
2422 1116 2700 1169 charitatis
2748 1131 2855 1170 non
2900 1116 3300 1185 desiderantes,
3351 1119 3447 1173 sed
3499 1120 3798 1177 desiderium

2239 1206 2379 1272 regis
2410 1204 2548 1259 illius
2562 1205 2777 1269 dicitur,
2804 1213 2861 1258 ut
2880 1206 2938 1259 in
2965 1205 3203 1261 doctoris
3231 1217 3411 1262 mente
3441 1208 3659 1277 ﬂagrare
3682 1212 3798 1278 ignis

2240 1291 2541 1350 dilectionis
2569 1294 2875 1363 specialiter
2902 1294 3323 1350 demonstretur.
3359 1296 3512 1352 Unde
3541 1307 3593 1351 et
3620 1298 3682 1353 de
3710 1300 3799 1353 Do-

2241 1386 2387 1438 mino
2415 1398 2511 1453 per
2538 1381 2875 1437 Psalmistam
2904 1385 3139 1440 dicitur:
3175 1383 3274 1450 Qui
3303 1388 3430 1457 facit
3466 1389 3672 1459 angelos
3699 1408 3799 1445 suos

2241 1474 2473 1545 spiritus,
2496 1483 2542 1526 et
2559 1475 2825 1528 ministros
2842 1491 2961 1529 suos
2984 1476 3155 1546 ignem
3179 1488 3406 1531 urentem
3432 1477 3601 1546 (Psal.
3616 1494 3715 1537 cm,
3733 1484 3798 1550 4).

2244 1563 2380 1619 llinc
2407 1571 2490 1619 est
2533 1564 2659 1619 item
2690 1565 2833 1633 quod
2872 1563 3060 1620 Daniel
3106 1567 3187 1621 vir
3223 1567 3603 1623 desideriorum
3632 1572 3803 1625 dicitur

2246 1656 2410 1727 (Dan.
2444 1654 2542 1725 ix),
2573 1654 2697 1723 quia
2736 1671 2992 1725 prospera
3026 1658 3209 1727 p0puli
3237 1660 3317 1713 sui
3352 1660 3557 1728 magnis
3582 1662 3803 1729 precibus

2243 1747 2543 1817 portulasse
2582 1746 2912 1816 perhibetur.
2964 1747 3249 1803 Melcltisva
3281 1765 3410 1805 vero
3462 1750 3677 1817 dicitur,
3721 1769 3804 1809 rex

2242 1853 2295 1891 m
2332 1854 2396 1892 us
2440 1838 2605 1891 sa’us.
2662 1835 2779 1890 Rex
2825 1837 3023 1906 quippe
3066 1837 3384 1907 praedicator
3428 1838 3652 1904 dicitur,
3696 1843 3803 1909 quia

2244 1930 2616 1987 celsitudinem
2640 1938 2787 1985 tenet
2815 1930 3039 1997 ordinis,
3063 1939 3118 1985 et
3141 1930 3454 2000 dignitatem
3478 1947 3672 2000 magne
3692 1949 3804 1987 con~

2244 2020 2583 2086 versationis.
2641 2019 2758 2074 Rex
2806 2019 2935 2074 item
2982 2020 3207 2087 dicitur,
3236 2021 3361 2090 quia
3391 2038 3647 2077 summam
3677 2032 3805 2077 tenet

2248 2110 2580 2165 celsitudinis
2618 2116 2673 2163 ct
2705 2110 2945 2178 vigorem
2989 2111 3345 2167 auctoritatis.
3374 2113 3531 2166 Salus
3558 2112 3707 2167 etiam
3734 2116 3803 2167 di-

2244 2200 2400 2265 citur,
2426 2209 2484 2253 ut
2503 2200 2617 2269 ejus
2636 2201 2947 2269 integritate
2966 2200 3228 2269 aegritudo
3255 2203 3439 2271 populi
3460 2202 3646 2273 depelli
3669 2219 3807 2272 [osse

2244 2291 2524 2345 sentiatur.
2556 2290 2748 2345 Merito
2771 2291 2913 2345 enim
2936 2292 3059 2346 vita:
3086 2300 3143 2347 et
3171 2292 3364 2348 devota
3396 2295 3635 2348 oratione
3662 2295 3807 2348 homo

2247 2395 2406 2450 agere
2428 2382 2668 2450 quotidie
2689 2383 2850 2437 debet
2876 2384 3085 2447 doctor,
3104 2393 3165 2439 ut
3190 2384 3466 2454 subjectus
3485 2385 3582 2441 sibi
3610 2386 3809 2455 qui;qu

2249 2472 2556 2539 pertingere
2583 2472 2763 2525 valeat
2786 2472 2852 2525 ad
2876 2473 3123 2527 salutem.

2321 2560 2427 2615 Sed
2455 2569 2643 2616 notare
2672 2561 2864 2616 iterum
2884 2562 3075 2618 doctor
3094 2563 3253 2621 debet
3274 2566 3403 2636 quia
3424 2581 3548 2622 eum
3564 2581 3593 2620 a
3614 2567 3810 2622 subditis

2253 2654 2594 2722 nominatur,
2628 2670 2733 2710 non
2778 2670 2870 2709 rex
2921 2664 3123 2721 noster,
3154 2658 3247 2713 sed
3278 2673 3375 2714 rex
3422 2673 3575 2713 meus
3619 2659 3805 2713 dicitur.

2256 2744 2391 2812 Quid
2422 2755 2501 2801 est
2530 2759 2657 2814 ergo
2683 2748 2825 2815 quod
2868 2763 2963 2804 rex
2992 2764 3144 2804 meus
3170 2750 3385 2815 dicitur,
3414 2750 3514 2805 nisi
3556 2751 3671 2820 quia
3716 2759 3810 2805 tam

2253 2837 2526 2891 lamiliaris
2564 2852 2684 2892 esse
2730 2839 2891 2894 debet
2934 2841 3199 2908 omnibus,
3232 2850 3290 2896 ut
3337 2842 3661 2911 singulorqu
3705 2856 3810 2897 esse

2252 2944 2353 2998 per
2379 2942 2614 2981 amorem
2659 2929 2960 2984 sentiatur?
3008 2930 3113 2985 Sed
3160 2932 3249 3000 qui
3297 2948 3449 2987 meus
3492 2933 3698 2997 dicitur,
3726 2949 3810 2985 rex

639 3008 812 3076 (Vers.
832 3006 945 3074 d9.)
964 3004 1138 3058 Fuere
1158 3013 1324 3058 autem
1347 3004 1444 3073 ﬁlii
1466 3003 1597 3058 Saul
1622 3003 1897 3065 Ianatltas,
1913 3012 1959 3056 et
1974 3002 2008 3055 1
2012 3002 2142 3068 esui,

2251 3020 2573 3084 nominatur,
2604 3020 2728 3088 quia
2768 3022 2982 3077 humilis
3021 3032 3076 3077 et
3115 3023 3340 3080 aﬂabilis
3384 3025 3695 3094 praedicator
3719 3025 3806 3079 hoc

565 3106 614 3153 et
644 3096 925 3150 Melchisva
953 3111 971 3148 :
1004 3094 1215 3147 nomina
1246 3093 1465 3145 duarum
1510 3093 1736 3161 ﬁliarum
1776 3092 1918 3161 ejus,
1963 3108 2147 3145 nomen

568 3187 921 3257 primogenitae
960 3184 1162 3250 Merob,
1192 3193 1240 3236 et
1284 3198 1470 3237 nomen
1499 3183 1711 3235 minoris
1754 3181 1970 3235 Hic/toi.

640 3275 727 3328 66.
768 3273 886 3326 Filii
914 3272 1062 3337 Saul,
1089 3270 1178 3341 qui
1209 3286 1312 3324 non
1332 3269 1408 3323 'ad
1435 3270 1729 3337 quamlibet
1756 3269 2147 3335 hmreditatem,

569 3363 666 3419 sed
700 3362 767 3415 ad
812 3375 1031 3428 regnum
1067 3368 1376 3423 nascuntur,
1418 3357 1535 3412 illos
1580 3358 1832 3425 insinuat,
1863 3359 1929 3413 de
1961 3358 2151 3428 quibus

570 3458 770 3504 sancta:
817 3447 1068 3501 Ecclesiae
1107 3461 1202 3515 per
1225 3445 1557 3499 Psalmistam
1586 3445 1781 3499 dicitur
1806 3463 1817 3496 :
1846 3444 1951 3497 Pro
1980 3447 2146 3514 patri-

570 3538 663 3592 bus
689 3538 763 3591 tui
783 3536 891 3589 nati
916 3544 1033 3588 sunt
1057 3528 1144 3587 libi
1169 3534 1289 3603 ﬁlii,
1311 3535 1587 3588 constitues
1606 3550 1691 3588 eos
1718 3534 1975 3604 principes
1997 3548 2148 3604 super

571 3643 773 3682 omnem
823 3635 1011 3678 terram
1063 3623 1247 3701 (Psal.
1297 3639 1448 3688 κων,
1500 3622 1621 3692 l7).
1679 3622 1825 3688 Quos
1877 3630 1984 3678 tres
2033 3638 2151 3679 esse

571 3718 901 3787 agnovimus,
931 3716 1054 3784 quia
1087 3713 1247 3769 ﬁdem
1277 3724 1476 3770 sancta:
1505 3714 1776 3770 Trinitatis
1815 3716 2152 3786 prcedicando

571 3809 884 3865 d-lendunt.
932 3792 1037 3863 Sed
1084 3808 1208 3878 quia
1256 3822 1511 3876 percusso
1550 3806 1835 3874 Amalech,
1874 3807 2013 3877 regis
2060 3809 2153 3863 lilii

572 3903 947 3967 nominantur,
993 3915 1180 3956 eorum
1224 3914 1503 3954 numerum
1547 3898 1616 3952 ad
1655 3900 1907 3954 virtutum
1961 3901 2152 3955 merita

573 3993 890 4049 referamus.
918 3991 1209 4047 Maceratio
1224 3991 1435 4061 quidem
1461 3990 1728 4060 corporis,
1745 3992 2154 4061 circumspectio

573 4081 800 4148 mentis,
845 4080 1159 4148 simplicitas
1195 4080 1531 4144 intentionis,
1560 4080 1660 4133 tria
1689 4089 1829 4135 sunt.
1859 4082 1992 4147 Quia
2023 4096 2152 4150 ergo

575 4170 829 4224 doctores
854 4177 1052 4223 sanctas
1075 4166 1325 4222 Ecclesiae
1351 4168 1415 4221 ad
1456 4169 1846 4238 reprimendam
1876 4171 2052 4226 carnis
2091 4172 2155 4225 li-

575 4260 811 4315 bidinem
842 4257 1006 4315 fortes
1043 4267 1186 4323 sunt,
1218 4258 1284 4312 ad
1315 4258 1491 4313 cordis
1528 4259 1823 4314 custodiam
1853 4260 2150 4329 sapientes,

577 4350 936 4404 intentionem
964 4349 1140 4404 cordis
1184 4349 1237 4401 in
1287 4348 1480 4402 etelum
1507 4348 1835 4403 sublevando
1880 4351 2150 4418 sublimes,

579 4451 690 4493 tres
709 4452 827 4493 esse
847 4438 969 4492 Saul
993 4438 1083 4491 lilii
1105 4439 1369 4491 dicuntur.
1394 4436 1517 4490 Tria
1543 4437 1706 4490 etiam
1728 4444 1871 4504 sunt,
1899 4438 2156 4495 fortitudo

580 4527 779 4596 operis,
809 4526 977 4581 virtus
1004 4527 1298 4593 charitatis,
1330 4536 1385 4581 et
1410 4525 1812 4583 alﬂuentissima
1832 4530 2001 4597 gratia
2030 4546 2159 4599 pra:-

577 4618 882 4672 dieatiouis.
932 4617 1188 4672 Doctores
1216 4618 1411 4687 quippe
1456 4625 1653 4673 sanctae
1700 4618 1984 4685 Ecclesiae,
2032 4620 2156 4688 quia

579 4722 770 4776 magna
801 4723 832 4762 c
866 4708 1208 4761 nversatione
1229 4708 1484 4761 sublimes
1512 4716 1657 4774 sunt,
1688 4722 1879 4777 magna
1901 4710 2161 4766 charitate

580 4797 883 4863 ferventes,
923 4810 1117 4864 magna
1156 4797 1303 4850 verbi
1344 4797 1607 4866 sapientia
1648 4796 1894 4863 facundi,
1926 4801 2159 4855 ternario

580 4903 807 4943 numero
844 4896 966 4957 apte
1006 4888 1195 4955 signati
1241 4896 1385 4941 sunt.
1434 4887 1671 4954 Quorum
1703 4900 1851 4945 certe
1877 4892 2161 4948 virtutibus

581 4976 801 5029 nomina
832 4976 1187 5040 conveniunt,
1218 4976 1340 5043 quia
1384 4975 1644 5031 Jonathas
1672 4979 1934 5033 columbae
1960 4980 2160 5036 donum

580 5068 812 5133 dicitur;
857 5066 1033 5132 Jesui,
1080 5068 1366 5137 planities,
1406 5068 1519 5123 sive
1563 5067 1887 5123 desiderium
1932 5086 2154 5139 meum;

582 5157 898 5217 Melchisva.
931 5171 1031 5210 rex
1055 5170 1206 5211 meus
1236 5156 1398 5210 salus.
1430 5155 1563 5222 Quia
1611 5158 1753 5211 enim
1800 5159 2157 5227 praecellentia

581 5247 723 5301 dona
765 5245 994 5315 Spiritus
1033 5246 1204 5300 sancti
1234 5245 1483 5301 doctores
1511 5247 1734 5314 habent,
1767 5247 2028 5305 columba:
2055 5249 2156 5305 do-

582 5349 709 5389 num
737 5344 884 5390 recte
920 5335 1284 5389 nominantur.
1329 5333 1462 5400 Quia
1505 5336 1633 5389 item
1664 5337 1803 5392 inter
1826 5338 1964 5393 dona
1993 5339 2157 5393 subli-

584 5424 691 5477 mia
712 5424 939 5478 bumiles
959 5431 1105 5490 sunt,
1124 5424 1372 5493 planities
1392 5425 1660 5481 dicuntur.
1685 5427 1817 5493 Quia
1845 5443 1942 5497 pro
1967 5429 2146 5484 subdi.

587 5515 654 5567 tis
672 5514 770 5570 sibi
787 5513 904 5569 lidel
912 5515 1028 5568 ibus
1042 5513 1293 5569 ardenter
1306 5526 1501 5570 acterna
1518 5517 1804 5587 postulant,
1830 5518 2151 5577 desiderium

660 5655 683 5682 ⁸
724 5644 885 5701 Giint.
911 5651 964 5699 ct
993 5644 1168 5700 Vatic.
1191 5684 1208 5714 ,
1229 5662 1346 5715 quia
1367 5646 1435 5699 ad
1456 5645 1620 5700 illam.

2250 3108 2423 3179 ipsum
2466 3109 2608 3178 quod
2652 3113 2966 3179 puecminet
2995 3129 3110 3167 non
3140 3114 3349 3169 videtur
3378 3130 3508 3169 esse
3534 3131 3676 3169 suum
3713 3117 3787 3168 sin

2251 3201 2525 3269 gulariter,
2573 3203 2669 3256 sed
2715 3202 2949 3271 speciale
2992 3205 3354 3275 singulorum,
3386 3221 3510 3261 eum
3554 3215 3654 3259 tam
3681 3222 3812 3261 eom~

2251 3292 2430 3345 munis
2450 3306 2547 3361 per
2566 3292 2793 3359 gratiam
2815 3308 2936 3349 esse
2955 3295 3163 3363 nititu-,
3181 3305 3240 3349 ut
3260 3297 3418 3367 334
3439 3296 3555 3365 ejus
3577 3296 3748 3351 celsitu
3765 3297 3811 3351 .‘o

2252 3385 2471 3453 propria
2516 3385 2936 3455 uniuscujusque
2991 3388 3105 3443 fore
3154 3390 3415 3443 videatur.
3463 3388 3606 3443 Onus
3655 3399 3811 3443 autem

2254 3475 2404 3529 verbi
2437 3474 2653 3540 dicitur,
2682 3476 2805 3545 quia
2850 3476 3097 3532 videlicet
3124 3477 3269 3533 salus
3317 3493 3433 3533 mea
3481 3478 3691 3542 dicitur,
3728 3494 3813 3548 per

2257 3564 2400 3633 quod
2429 3566 2677 3619 nimirum
2708 3565 2935 3635 diligens
2977 3568 3340 3637 praedicatoris
3380 3566 3620 3623 studium
3648 3577 3696 3622 et
3721 3567 3811 3622 sol-

2259 3655 2478 3711 licitudo
2504 3656 2929 3720 commendetur,
2963 3658 3087 3726 quia
3133 3658 3210 3713 sie
3256 3658 3416 3713 debet
3462 3658 3813 3713 iutenderesi-

2260 3746 2369 3798 mul
2397 3746 2665 3814 omnibus,
2694 3755 2750 3799 ut
2778 3763 2849 3816 qu
2866 3755 2983 3801 erat
3010 3757 3066 3802 et
3093 3757 3215 3819 agat
3240 3748 3457 3818 propria
3485 3749 3809 3817 singulorum.

2262 3834 2343 3893 Ab
2374 3851 2698 3906 unoquoque
2741 3839 2939 3892 ctenim
2991 3838 3132 3893 salus
3169 3853 3287 3894 mea
3320 3838 3535 3905 dicitur,
3567 3840 3611 3894 si
3649 3840 3812 3892 unius-

2255 3925 2513 3995 cujusque
2545 3926 2745 3981 inﬁrmi
2776 3943 2959 3982 curam
2988 3929 3228 4000 suscipit,
3261 3937 3317 3985 et
3351 3929 3500 3986 hunc
3531 3931 3600 3984 ad
3625 3940 3815 3984 :eternze

2260 4014 2449 4069 salutis
2476 4016 2616 4069 bona
2645 4018 2909 4085 perducit.

2327 4105 2417 4159 67.
2456 4104 2585 4170 Qum
2631 4122 2761 4162 vero
2808 4116 2938 4163 sunt
2973 4107 3104 4163 Saul
3162 4108 3313 4175 ﬁlias,
3359 4111 3459 4165 ιιἰεὶ
3508 4108 3813 4181 ρτ.ι(1ἱωιοι·ἰ

2256 4192 2480 4247 subditas
2501 4194 2795 4249 electorum
2815 4197 3101 4265 qualitates
3117 4198 3255 4251 ‘iAlii
3280 4199 3481 4268 quippe
3510 4199 3691 4253 activa:
3709 4198 3813 4251 vitae

2259 4289 2345 4336 stu
2363 4282 2447 4336 liis
2471 4284 2732 4349 serviunt,
2764 4285 2853 4339 alii
2894 4302 3024 4342 vero
3048 4288 3481 4357 contemplativae
3528 4286 3815 4342 remotioni-

2256 4372 2356 4425 bus
2379 4372 2797 4429 absconduntur.
2826 4374 2971 4430 Filias
3001 4377 3215 4446 quidem
3256 4379 3511 4432 dicuntur
3539 4393 3632 4447 pro
3659 4375 3817 4430 fecun-

2255 4459 2443 4514 ditate.
2497 4459 2591 4516 llla
2658 4463 2873 4533 quidem
2926 4466 3065 4534 parit
3128 4466 3522 4521 multitudinem
3575 4466 3815 4520 bonorum

2257 4565 2502 4620 operum,
2535 4553 2636 4607 ista
2660 4569 2793 4610 vero
2838 4557 2965 4610 inter
2980 4572 3173 4610 norum
3203 4558 3586 4626 plenitudinem
3613 4556 3815 4625 gaudio-

2259 4657 2398 4694 rum.
2432 4641 2623 4699 Merito
2653 4645 2813 4715 igitur
2841 4647 2982 4715 regis
3012 4647 3087 4702 ﬁli
3105 4666 3134 4701 υ
3162 4651 3531 4715 nominantur,
3557 4648 3678 4717 quia
3706 4647 3814 4702 dum

2257 4730 2567 4800 concipiunt
2590 4734 2658 4787 de
2679 4735 2847 4789 verbo
2869 4735 2983 4802 Dei,
3010 4737 3259 4793 cmlestes
3283 4740 3487 4792 fructus
3516 4738 3813 4808 parturiunt.

2259 4815 2413 4873 Unde
2458 4820 2597 4876 bene
2651 4822 2835 4878 Merob
2883 4824 2950 4880 de
2996 4827 3340 4882 multitudine
3377 4828 3593 4882 dicitur.
3650 4827 3817 4881 Activa

2258 4907 2457 4961 etenim
2477 4909 2608 4977 vita,
2638 4911 2762 4979 quia
2787 4927 2853 4966 ex
2881 4915 3061 4969 multis
3087 4916 3242 4969 bonis
3265 4917 3516 4985 operibus
3545 4914 3815 4985 perﬁcitur,

2258 4992 2325 5046 de
2365 4997 2705 5054 multitudine
2733 5011 2879 5057 recte
2910 5005 3237 5059 nominatur.
3271 5004 3367 5059 Vel
3404 5006 3472 5059 de
3501 5004 3816 5059 multitudine

2260 5081 2488 5154 dicitur,
2532 5091 2657 5156 quia
2702 5093 2793 5160 qui
2840 5092 2951 5148 Deo
2998 5110 3096 5163 per
3142 5096 3369 5151 activam
3411 5098 3577 5150 vitam
3629 5096 3817 5165 placent

2258 5175 2413 5229 multi
2454 5188 2595 5231 sunt.
2648 5181 2783 5248 Quia
2831 5186 2973 5238 enim
3020 5187 3304 5255 pauciores
3332 5204 3558 5243 numero
3586 5196 3704 5241 sunt
3739 5187 3813 5255 qui

2259 5276 2355 5329 per
2395 5269 2864 5337 contemplativam
2911 5272 3217 5329 emlestibus
3258 5274 3470 5341 gaudiis
3517 5275 3741 5336 inhiant,
3772 5274 3815 5325 in

2258 5364 2442 5406 eorum
2471 5360 2877 5425 comparatione
2902 5361 3023 5416 illos
3049 5363 3138 5433 qui
3177 5364 3368 5419 activa
3397 5366 3519 5419 vita:
3546 5364 3814 5418 inserviunt

2257 5442 2455 5497 multos
2478 5455 2654 5500 vocat.
2686 5449 2787 5514 Qui
2827 5452 3065 5519 proiecto
3093 5453 3243 5507 multi
3290 5462 3412 5508 sunt
3462 5468 3703 5516 numero,
3730 5451 3811 5505 nti-

2256 5528 2474 5589 nisterio
2511 5534 2705 5605 divisi,
2748 5540 2872 5610 quia
2924 5541 3025 5598 etsi
3069 5557 3231 5597 unam
3281 5543 3559 5600 cmlestem
3612 5543 3811 5613 patriam
