3948 6278
165 299 252 352 [Ol
408 302 410 305 ’
957 294 1020 348 ΙΝ
1063 294 1322 350 PRIMUM
1366 295 1603 351 Ιὶῐζϐωι
1648 297 2162 356 EXPOSITIONES.
2204 332 2275 345 -—
2313 300 2440 359 LIB.
2485 303 2547 359 ν.

3295 311 3399 365 4οἳ

159 407 297 465 bouis
323 405 575 476 operibus
603 412 862 476 quaerunt,
887 413 1067 462 tamen
1086 408 1248 463 variis
1272 408 1524 477 operibus
1548 408 1720 477 pieta-
1752 413 1798 472 Α
1827 411 2105 479 amplexus
2147 413 2400 467 accedere
2442 429 2777 484 nequaquam
2824 416 3220 484 permittuntur.
3265 421 3399 487 Quia

159 500 219 552 tis
263 496 573 550 inserviunt.
621 495 857 561 Quorum
909 506 1057 550 certe
1105 497 1349 551 nonnulli
1400 497 1454 550 in
1510 505 1713 551 tantum

127 603 374 644 amorem
417 587 716 642 conditoris
747 587 1052 656 proﬁciunt,
1083 597 1140 641 ut
1189 588 1302 656 ipsa
1341 590 1501 642 etiam
1550 605 1714 658 opera

159 683 282 735 bona
308 679 586 741 deserant,
626 685 789 747 atque
816 679 881 733 ad
909 679 1338 748 contemplativa:
1370 680 1490 734 vitm
1529 681 1714 736 dulce-

160 770 318 824 dinem
364 767 613 834 transire,
645 774 698 821 et
725 767 779 821 in
827 782 890 821 ea
939 767 1051 822 Deo
1092 783 1284 823 vacare
1313 771 1712 838 concup’scant.

161 859 292 913 L’nde
334 864 386 911 et
422 856 564 912 bene
600 848 804 911 Micbol'
842 857 896 910 in
942 857 1122 925 lingua
1163 866 1344 913 nostra
1374 875 1441 912 ex
1467 859 1715 914 omnibus

159 948 344 1002 dicitur.
375 945 450 1000 Ex
483 947 738 1001 omnibus
767 947 982 1016 quidcm
1015 945 1090 1012 fit,
1119 949 1244 1016 quia
1277 949 1451 1002 nullus
1479 958 1562 1004 est
1592 965 1705 1018 per-

159 1038 308 1092 fectus
331 1037 380 1090 in
417 1036 900 1105 cantemplationc,
934 1037 1025 1107 qui
1052 1052 1118 1092 ex
1149 1037 1332 1093 labore
1379 1039 1504 1093 boni
1533 1040 1714 1108 operis

159 1141 251 1180 non
299 1125 536 1195 pervenit
581 1125 647 1178 ad
696 1141 876 1180 arcem
928 1127 1167 1195 ejusdem
1221 1128 1710 1199 contemplationis.

160 1217 290 1271 Unde
317 1227 366 1273 et
390 1218 440 1271 in
471 1218 768 1284 Evangelio
799 1218 1056 1274 Dominus
1083 1219 1214 1273 dicit.
1239 1237 1251 1272 :
1295 1219 1474 1274 Venite
1501 1222 1571 1274 ad
1598 1238 1706 1289 me,

155 1325 325 1369 attines,
363 1309 442 1377 qui
472 1307 746 1373 laboratis,
783 1317 832 1362 et
858 1311 1056 1363 onerati
1088 1311 1242 1370 estis,
1267 1319 1315 1363 et
1345 1328 1438 1381 ego
1479 1313 1708 1381 reﬁciant

156 1415 229 1452 res
252 1395 448 1467 (Matth.
478 1413 548 1461 χι,
568 1396 682 1467 28).
705 1396 855 1452 Tunc
879 1398 971 1467 qui
1000 1399 1210 1454 laborat
1229 1410 1473 1466 vocatur,
1495 1402 1710 1470 quando

156 1494 271 1544 bene
295 1489 475 1557 agendi
505 1487 837 1544 desiderium
863 1491 1178 1546 aeternitatis
1205 1492 1516 1546 infunditur.
1551 1491 1613 1546 Et
1642 1493 1708 1548 ad

157 1588 403 1634 vocantem
450 1594 510 1634 se
555 1580 855 1646 accedunt,
895 1581 1111 1649 quando
1159 1582 1246 1636 ad'
1279 1583 1710 1653 contemplativa:

155 1673 255 1723 v‘te
295 1669 520 1738 quietem
549 1669 796 1724 veniunt.
843 1669 902 1725 lu
948 1685 1057 1740 quo
1103 1671 1353 1726 nimirum
1401 1672 1709 1730 laborantes

1817 501 1958 554 enim
1983 503 2227 569 regendis
2255 504 2494 558 ﬁdelibus
2515 505 2762 574 gregibus
2789 505 2916 561 foris
2939 508 3222 562 necessarii
3255 520 3402 580 sunt,

1815 603 2056 644 summus
2084 605 2180 644 rex
2218 592 2298 645 sic
2333 593 2574 658 ordinat,
2623 601 2680 647 ut
2722 595 2916 650 Michol
2967 595 3227 651 minorem
3256 602 3400 653 acri.-

1817 679 1987 746 piant,
2019 688 2076 734 et
2104 679 2286 734 Mcrob
2317 682 2575 750 majorem
2605 701 2874 755 nunquam
2921 690 3398 756 comprehendant.

1817 767 2065 836 Plerique
2110 778 2290 823 autem
2336 779 2458 838 po~t
2486 773 2748 828 minorem
2795 776 3056 843 majorem
3103 777 3395 846 accipiunt,

1817 855 1941 924 quia
1994 864 2115 924 pust
2162 856 2355 912 devota
2395 859 2672 914 cbarilatis
2702 877 2862 930 “pera
2899 863 2964 916 ad
2997 864 3165 917 intimi
3210 869 3398 921 St‘Cl'eli

1817 959 2053 999 amorem
2084 948 2453 1016 rec’piuntur;
2485 950 2626 1019 quod
2658 950 2795 1005 bene
2821 950 2988 1007 Jacob
3019 955 3285 1023 insinuat,
3311 958 3398 1024 qui

1816 1033 2104 1089 Racliel'm
2151 1038 2366 1104 amavit,
2417 1039 2514 1094 sed
2559 1039 2705 1108 prius
2755 1039 2902 1094 Liam
2954 1045 3194 1110 accepit,
3242 1051 3295 1097 et
3324 1047 3401 1102 sic

1815 1123 2008 1180 deinde
2036 1124 2324 1182 Racltelem
2355 1128 2406 1182 in
2432 1128 2738 1198 coniugium
2767 1132 2997 1200 sumpsit
3029 1131 3188 1203 (Gen.
3214 1135 3395 1203 xxix).

1815 1213 1951 1280 Quid
1981 1222 2062 1269 est
2091 1215 2222 1278 hoc,
2255 1217 2394 1284 quod
2421 1217 2588 1273 Jacob
2613 1227 2894 1288 utramque
2927 1236 3170 1276 sororem
3198 1223 3398 1280 habere

1814 1304 1981 1370 licuit,
2014 1305 2179 1360 David
2209 1317 2384 1362 autem
2415 1307 2484 1362 ad
2508 1309 2727 1378 majoris
2752 1310 3042 1365 thalamum
3076 1328 3180 1366 non
3211 1328 3402 1382 perve-

1811 1394 1914 1465 nit,
1938 1395 2036 1449 nisi
2063 1397 2187 1464 quia
2217 1396 2382 1452 David
2403 1411 2498 1453 rex
2526 1397 2647 1464 fuit,
2669 1397 2834 1454 Jacob
2856 1415 2984 1456 vero
3010 1417 3106 1456 rex
3129 1419 3233 1457 non
3266 1403 3402 1459 fuit?

1814 1481 1914 1548 Qui
1944 1497 2074 1552 ergo
2103 1484 2340 1553 regimen
2371 1486 2670 1542 animarum
2700 1489 2954 1559 suscipit,
2986 1490 3129 1546 hunc
3170 1507 3397 1548 censura

1813 1570 2174 1628 ecclesiastica
2222 1582 2529 1645 susceptum
2557 1589 2774 1644 gregem
2810 1577 3060 1633 deserere
3087 1587 3144 1634 et
3175 1588 3398 1634 remotae

1809 1656 1934 1711 vita:
1959 1658 2082 1713 otiis
2109 1674 2302 1716 vacare
2331 1677 2439 1716 non
2459 1663 2606 1720 sinit.
2636 1663 2742 1720 Sed
2771 1665 2954 1721 Μαι-οι)
2979 1665 3144 1721 David
3174 1669 3401 1737 promit-

156 1757 449 1824 reftciuntur,
472 1757 604 1825 quia
633 1759 831 1813 amoris
859 1759 1052 1828 gaudia
1081 1759 1149 1815 de
1175 1760 1353 1815 divina
1374 1763 1701 1833 contempla-

1815 1745 1966 1810 titur,
1993 1753 2049 1801 et
2094 1762 2364 1818 nunquam
2407 1749 2606 1818 datur;
2654 1753 2848 1808 Miebol
2891 1753 3006 1809 sola
3053 1755 3241 1822 datur,
3270 1757 3396 1826 quia

156 1847 275 1900 tione
315 1847 648 1902 abundanter
687 1858 926 1904 sumunt.
966 1848 1084 1920 ipse
1108 1850 1324 1919 quidem
1390 1852 1708 1910 accedentes

152 1935 314 2001 reﬁcit,
343 1937 430 2005 qui
477 1937 629 2007 puris
674 1939 942 1994 mentibus
991 1941 1338 2011 semetipsum
1367 1943 1619 1998 ostendit.
1648 1945 1707 1998 ln

153 2026 279 2093 cujus
301 2027 626 2083 revelatione
642 2029 768 2097 quia
797 2029 1268 2099 contemplationis
1307 2033 1496 2100 gaudia
1537 2036 1705 2089 multa

150 2116 419 2181 inveniunt,
450 2117 610 2186 quasi
647 2119 956 2175 omnimoda
991 2121 1363 2178 delectationis
1395 2125 1702 2193 dulcedine,

148 2222 238 2260 non
262 2207 324 2260 ab
350 2207 474 2276 alin,
501 2209 600 2264 sed
627 2210 696 2264 ab
728 2209 845 2280 ipso
871 2220 1202 2268 saturantur.
1234 2213 1431 2270 Micbol
1480 2230 1608 2286 ergo
1637 2233 1705 2272 ex

153 2298 370 2354 «mnibus
396 2299 619 2365 dicitur,
648 2302 774 2370 quia
825 2305 1259 2375 contemplativae
1287 2308 1409 2362 vitae
1437 2317 1704 2364 secretum

149 2387 300 2442 nullus
323 2391 540 2457 expetit,
576 2391 672 2459 qui
703 2393 756 2447 in
792 2393 969 2463 aliqua
1011 2396 1160 2465 prius
1205 2398 1521 2466 operatione
1564 2399 1704 2454 bona

151 2492 236 2528 non
264 2475 372 2532 fuit.
399 2477 575 2535 Minor
606 2496 734 2551 ergo
761 2498 920 2538 soror
946 2483 1161 2552 dicitur,
1191 2502 1297 2542 non
1329 2489 1452 2556 quia
1486 2488 1706 2545 inferior

150 2566 392 2634 dignitate,
415 2568 509 2623 sed
539 2569 669 2638 quia
699 2571 968 2640 posterior
995 2581 1260 2644 tempore.
1290 2575 1346 2632 Si
1374 2579 1494 2648 quis
1521 2587 1704 2634 autem

149 2655 253 2707 velit
271 2671 360 2726 per
385 2657 798 2726 primogenitam
825 2660 984 2716 filiam
1015 2667 1486 2734 contemplativam
1514 2671 1702 2738 vitam,

149 2762 225 2814 ινιτ
242 2747 481 2802 minorem
506 2750 740 2804 activam
767 2760 945 2820 potest
966 2755 1230 2824 accipere.
1257 2755 1320 2810 Et
1340 2763 1466 2812 tunc
1485 2759 1704 2828 quidem

154 2837 301 2890 ilrrob
326 2837 388 2892 de
415 2839 762 2895 multitudine
800 2841 1015 2912 dicitur,
1045 2845 1172 2913 quia
1202 2846 1556 2903 multitudinis
1587 2858 1704 2902 tur-

152 2923 228 2979 bas
251 2925 465 2992 deserit,
495 2936 554 2984 et
584 2929 654 2984 ad
682 2931 940 2986 rariorem
971 2948 1251 2988 numerum
1281 2935 1336 2990 in
1364 2938 1702 3009 contempla-

151 3016 270 3071 tione
309 3016 671 3085 perfectorum
705 3021 867 3076 venit.
909 3022 1024 3078 Non
1071 3038 1201 3093 ergo
1246 3025 1563 3094 multitudo,
1604 3030 1703 3084 sed

151 3104 204 3158 de
230 3105 552 3163 multitudine
604 3124 725 3166 esse
767 3111 983 3182 dicitur,
1015 3123 1074 3168 ut
1103 3131 1208 3171 non
1252 3117 1304 3171 hi
1345 3133 1468 3172 cum
1507 3120 1700 3188 quibus
1728 3123 1788 3186 C‘

148 3203 239 3256 est,
280 3195 364 3250 scd
408 3198 550 3253 unde
582 3210 805 3254 venerat
851 3200 1194 3270 agnoscatur.
1246 3205 1444 3261 Micbol
1473 3223 1601 3264 vero
1630 3225 1696 3265 ex

149 3285 361 3340 tinnitibus
395 3288 626 3352 dicitur,
658 3299 718 3345 ut
760 3294 816 3347 in
863 3295 1038 3350 activa
1087 3297 1192 3350 vita
1239 3298 1558 3356 universalis
1587 3302 1697 3356 vita

147 3381 317 3428 smcta:
343 3375 591 3434 Ecclesiae
643 3381 971 3452 designetur.
1019 3384 1076 3440 ln
1122 3388 1294 3442 activa
1342 3391 1541 3445 etenim
1589 3392 1700 3447 vita

149 3462 284 3516 etiam
311 3465 378 3520 illi
404 3477 526 3523 sunt
557 3470 709 3541 prius
728 3473 817 3541 qui
849 3483 1036 3542 postea
1063 3475 1128 3530 ad
1157 3478 1586 3548 contemplativa:
1613 3496 1699 3536 sei

148 3563 323 3608 eretum
360 3568 672 3628 transeunt,
701 3562 793 3618 sed
823 3564 875 3618 in
907 3567 1339 3637 contemplativa:
1368 3559 1693 3639 remotione,

147 3649 388 3703 exterioris
406 3653 525 3708 vitae
544 3655 911 3714 sollicitudine
930 3663 1134 3730 gravati
1156 3680 1263 3719 non
1285 3675 1427 3721 sunt.
1453 3666 1546 3722 llla
1567 3683 1696 3738 ergo

145 3737 200 3790 de
219 3741 552 3829 multitudine,
585 3747 686 3803 ista
716 3765 844 3808 vero
869 3753 940 3808 de
955 3756 1204 3810 omnibus
1228 3757 1331 3813 dici
1355 3767 1550 3828 potest,
1569 3737 1693 3829 quia

145 3827 288 3883 activa
316 3833 415 3888 vita
461 3851 653 3892 omnes
681 3843 953 3908 continet,
985 3846 1402 3917 contemplativa
1450 3851 1692 3905 omnium

145 3925 451 3983 conspectum
479 3919 751 3988 declinat,
775 3935 832 3980 ut
856 3940 934 3992 se,
964 3937 1253 3999 conspectu
1284 3934 1502 4002 mentis,
1533 3936 1693 4009 335

143 4002 410 4062 caelestibus
429 4009 644 4080 jungat.
675 4013 954 4080 Quomodo
983 4018 1142 4088 igitur
1188 4020 1316 4078 Saul
1354 4024 1473 4079 tiliae
1501 4002 1694 4082 dicunt

145 4097 232 4157 tur,
273 4095 368 4152 nisi
409 4100 536 4167 quia
567 4111 594 4139 °
638 4112 867 4174 utraque
914 4107 1020 4162 vita
1067 4111 1246 4166 studio
1291 4113 1418 4170 boni
1468 4119 1696 4174 rectoris

145 4188 439 4244 ostenditur?
467 4193 570 4260 Qui
599 4197 743 4251 enim
766 4214 865 4255 nos
881 4199 1078 4258 docent
1096 4199 1237 4260 bona
1265 4221 1446 4276 agere,
1472 4218 1691 4266 aeterna:

141 4278 241 4330 vita
265 4282 441 4338 studiis
470 4301 663 4342 vaeare
682 4329 697 4355 ,
727 4290 794 4344 ab
823 4291 915 4347 illo
960 4295 1114 4351 nobis
1151 4311 1494 4368 generantur,
1538 4306 1691 4373 cujus

143 4369 414 4462 magisterio
443 4375 494 4428 in
535 4377 700 4432 corde
728 4389 912 4437 nostro
950 4384 1246 4442 discuntur.
1279 4388 1434 4456 Quod
1474 4369 1688 4462 quidem

141 4455 240 4522 quia
275 4459 336 4515 de
363 4465 548 4520 activa:
579 4467 700 4523 vita:
722 4473 973 4541 operibus
996 4484 1227 4541 constat,
1253 4455 1444 4534 mirum
1475 4482 1542 4538 de
1563 4499 1694 4539 con-

142 4548 412 4613 templativa
430 4555 660 4620 videtur,
685 4573 802 4628 quae
821 4577 918 4631 per
936 4563 1156 4620 Mariam
1179 4565 1400 4625 Marthae
1427 4587 1690 4639 sororem,

140 4647 238 4728 qua:
261 4642 319 4695 ad
356 4645 518 4713 pedes
559 4646 766 4705 Domini
797 4653 985 4709 sedere
1022 4665 1077 4710 et
1104 4659 1332 4714 verbum
1360 4660 1476 4728 ejus
1505 4663 1694 4720 audire

140 4723 424 4821 describitur
471 4735 634 4804 (Luc.
677 4739 767 4809 x).
827 4741 932 4797 Sed
969 4744 1126 4801 facile
1168 4723 1526 4816 respondetur
1568 4753 1692 4821 quia

141 4813 243 4912 dum
262 4821 399 4876 sedet
420 4822 608 4894 Maria,
639 4830 904 4897 perfectos
933 4834 984 4887 in
1010 4813 1466 4908 contemplatione
1491 4813 1686 4912 signat.

141 4902 249 4995 Filia
271 4916 436 4966 tamen
460 4913 586 4970 Saul
613 4917 796 4975 Merob
818 4931 963 4978 recte
981 4924 1198 4993 dicitur,
1220 4902 1346 4995 quia
1367 4932 1464 4984 etsi
1496 4902 1690 4988 sedens

142 4993 195 5044 ad
229 4998 376 5064 pedes
403 5001 612 5059 Domini
639 5023 756 5076 qua:
785 5012 899 5065 vult
932 5015 1000 5068 ab
1029 5030 1094 5068 eo
1123 4993 1270 5072 audit
1297 5028 1351 5074 et
1391 5020 1576 5087 discit,
1608 5031 1690 5077 ta-

142 5097 246 5182 men
265 5090 399 5156 prius
419 5094 626 5151 discere
651 5100 810 5155 debet
837 5107 1107 5173 quomodo
1137 5109 1326 5165 sedere
1356 5113 1542 5182 possit.
1575 5113 1690 5171 Hoc

143 5173 358 5233 nimirum
383 5185 506 5251 quia
552 5189 806 5257 sapientis
826 5204 881 5248 et
909 5197 1102 5252 eruditi
1125 5173 1374 5257 doctoris.
1389 5205 1688 5262 eruditione

142 5271 466 5341 cognoscitur,
496 5273 621 5332 Saul
657 5294 776 5336 esse
802 5279 967 5338 filiam
999 5285 1184 5345 Merob
1223 5301 1373 5348 recte
1416 5309 1682 5351 memora-

143 5356 212 5451 t‘ur
233 5354 292 5424 (Ι
313 5357 437 5431 Reg.
459 5366 627 5438 xvut).
650 5368 819 5436 Quam
848 5375 1094 5443 profecto
1115 5379 1169 5433 in
1190 5381 1400 5451 conjugi
1410 5399 1496 5438 um
1524 5385 1690 5440 David

143 5437 249 5498 dare
270 5454 537 5521 promisit,
569 5459 678 5544 sed’
699 5463 748 5516 ei
781 5466 1041 5522 minorem
1067 5469 1244 5537 dedit,
1281 5473 1406 5543 quia
1445 5477 1688 5532 nonnulli

148 5541 536 5610 contemplativa:
551 5541 671 5604 vitai
699 5554 1145 5621 pulchritudinem
1176 5541 1420 5633 diligunt,
1445 5567 1510 5622 ad
1540 5572 1690 5638 cujus

207 5698 228 5725 ⁸
263 5693 413 5752 Gilot.
448 5712 502 5756 et
533 5704 719 5774 Vatia,
751 5713 868 5779 quin
895 5722 1110 5786 utraque
1137 5717 1254 5771 ista.

1814 1833 2056 1887 nonnulli
2081 1849 2204 1889 cum
2227 1849 2412 1891 curam
2441 1838 2739 1894 animarum
2768 1840 3089 1910 suscipiunt,
3122 1851 3310 1910 putant
3335 1858 3397 1899 se

1809 1921 1888 1976 sic
1910 1921 2138 1978 altorum
2159 1923 2572 1980 sollicitudinem
2594 1939 2800 1996 gerere,
2824 1935 2882 1983 ut
2909 1928 3011 1984 sibi
3039 1928 3168 1998 ipsis
3187 1929 3400 1988 valeant

1810 2025 1908 2079 per
1935 2011 2352 2068 sollicitudinem
2380 2029 2604 2081 vacare;
2654 2024 2710 2070 et
2737 2024 2916 2071 tamen
2961 2017 3195 2086 quietem
3231 2033 3393 2087 quam

1811 2099 1862 2154 in
1891 2102 2205 2170 prmlatione
2228 2112 2476 2173 quaerunt
2502 2120 2770 2176 nunquam
2799 2105 3106 2172 inveniunt;
3147 2105 3312 2176 litque
3339 2115 3396 2161 ut

1809 2187 1934 2242 dum
1965 2190 2257 2260 impetrare
2275 2206 2304 2246 a
2329 2193 2554 2248 Domino
2576 2193 2802 2262 gratiam
2833 2201 2993 2248 tanta:
3019 2195 3266 2264 puritatis
3294 2211 3393 2251 nc-

1808 2288 2033 2349 queunt,
2049 2283 2200 2352 quasi
2220 2284 2352 2337 iram
2371 2284 2718 2340 incurrissent
2739 2284 2966 2350 Domini,
2986 2285 3390 2356 pertimescunt.

1807 2367 1973 2434 Quasi
2014 2384 2146 2439 ergo
2177 2372 2314 2428 irato
2343 2387 2468 2443 rege
2497 2374 2814 2444 promissam
2841 2376 2942 2430 sibi
2981 2377 3393 2445 primogenitam

1808 2458 2072 2527 perdunt,
2100 2461 2226 2528 quia
2254 2477 2377 2517 eum
2412 2480 2572 2534 quem
2619 2482 2679 2522 se
2707 2470 2966 2536 putabant
2993 2469 3048 2522 in
3079 2471 3394 2538 przelatione

1808 2547 2086 2602 habituros
2123 2563 2363 2604 amorem
2391 2553 2584 2620 quietis
2613 2554 2815 2609 intimae
2857 2555 3104 2625 amplecti
3131 2572 3237 2610 non
3267 2572 3395 2626 pos-

1806 2645 1949 2690 sunt.
1971 2637 2092 2693 Haec
2108 2646 2287 2694 autem
2311 2640 2544 2698 breviter
2563 2659 2658 2714 per
2679 2659 2958 2701 excessqu
2981 2647 3231 2712 diximus,
3251 2664 3392 2704 nunc

1800 2739 1936 2795 ergo
1966 2727 2030 2780 ad
2059 2728 2278 2785 dimissa
2309 2732 2616 2790 redeamus.

1877 2816 1965 2871 68.
2008 2818 2190 2872 Ambm
2232 2835 2361 2890 ergo
2405 2823 2534 2880 Saul
2581 2826 2699 2880 tiliae
2743 2827 3017 2894 dicuntur,
3048 2831 3142 2884 sed
3175 2846 3246 2885 no
3269 2832 3390 2885 uina

1803 2904 2014 2961 diversa
2041 2909 2359 2976 sortiuntur,
2389 2913 2512 2981 quia
2558 2923 2613 2968 et
2653 2915 2906 2971 dill‘erunt
2948 2926 3002 2973 et
3042 2920 3386 2975 conveniunt.

1807 2991 2148 3049 Conveniunt
2185 2997 2437 3066 quidem,
2466 3000 2592 3068 quia
2630 3002 2698 3077 ad
2723 3012 2976 3058 aeternam
3004 3006 3196 3072 vitam,
3228 3022 3387 3075 quam

1805 3078 2052 3149 diligunt,
2077 3099 2170 3152 per
2189 3100 2428 3141 amorem
2453 3088 2698 3144 tendunt.
2721 3091 2853 3146 Item
2884 3094 3232 3160 conveniunt,
3266 3097 3390 3164 quia

1805 3167 1947 3224 bona
1971 3186 2164 3238 o;era,
2195 3175 2388 3243 quibus
2419 3177 2534 3233 haec
2559 3179 2923 3238 indesinenter
2942 3186 3270 3252 extenditur,
3300 3187 3388 3241 illa

1805 3258 2208 3345 quomodolibet
2229 3272 2504 3332 operatur.
2527 3265 2658 3332 Quia
2687 3268 2844 3336 igitur
2869 3272 3041 3326 amba:
3067 3283 3253 3328 amant
3269 3291 3392 3345 qua

1806 3344 1988 3400 vident
2014 3356 2234 3416 aeterna,
2259 3351 2429 3407 amba:
2450 3353 2518 3408 ad
2548 3355 2635 3409 illa
2665 3371 2760 3425 per
2786 3359 2982 3415 bonam
3011 3344 3388 3427 operationem

1805 3436 2087 3502 pervenire
2127 3438 2472 3512 desiderant,
2502 3446 2989 3518 quomodocunque
3025 3454 3386 3520 conveniunt;

1803 3521 2054 3581 dili‘erunt
2079 3536 2280 3598 autem,
2303 3532 2429 3600 quia
2458 3534 2579 3604 plus
2604 3536 2712 3604 agit
2739 3552 2864 3602 una,
2894 3539 3013 3609 plus
3033 3541 3177 3596 videt
3195 3543 3387 3599 altera.

1800 3611 1934 3668 Nam
1979 3624 2036 3670 et
2075 3616 2168 3672 Lia
2204 3634 2309 3676 non
2347 3622 2544 3678 dicitur
2587 3623 2751 3681 fuisse
2800 3643 2974 3694 caeca,
3004 3629 3096 3684 sed
3126 3629 3290 3702 lippa.
3324 3631 3393 3687 Et

1801 3702 2004 3761 Rachel
2033 3708 2077 3762 si
2102 3725 2210 3765 non
2239 3719 2416 3768 tantos
2439 3716 2666 3783 peperit,
2691 3718 2912 3774 omnino
2965 3728 3142 3775 tamen
3190 3723 3386 3779 sterilis

1801 3807 1907 3847 non
1937 3802 2212 3853 remansit.
2246 3798 2377 3853 Nam
2420 3801 2466 3856 si
2511 3803 2681 3857 altera
2722 3805 2831 3858 vita
2881 3805 3108 3860 alteram
3137 3816 3387 3864 contem-

1800 3881 1997 3950 plaudo
2043 3892 2138 3938 aut
2177 3889 2452 3956 operando
2493 3901 2740 3960 superat,
2792 3895 2921 3949 nulli
2970 3904 3148 3950 autem
3195 3912 3385 3956 eorum

1797 3967 2020 4024 visionis
2065 3971 2284 4030 claritas
2331 3975 2594 4045 demitur,
2645 3981 2785 4037 nulli.
2829 3981 3171 4039 fecunditatis
3215 3986 3386 4053 gloria

1798 4055 2110 4127 denegatur.
2141 4061 2387 4120 Videndo
2427 4074 2605 4122 tamen
2636 4078 2690 4123 et
2719 4071 2926 4138 agendo
2947 4070 3224 4140 differunt,
3257 4077 3385 4145 quia

1798 4147 1970 4202 activa
2005 4149 2114 4204 vita
2139 4150 2400 4208 visionem
2431 4155 2594 4212 habet
2635 4157 2977 4224 intransitu,
3010 4177 3146 4232 opus
3172 4181 3299 4219 vero
3328 4165 3385 4221 in

1796 4231 2134 4305 intentione;
2185 4245 2602 4314 contemplativa
2630 4262 2760 4304 vero
2801 4265 2937 4318 opus
2975 4250 3027 4305 in
3050 4231 3280 4320 itinere,
3307 4254 3389 4310 in-

1796 4325 2094 4381 tentionem
2125 4329 2177 4383 in
2204 4331 2402 4401 quiete.
2441 4333 2586 4391 Unde
2628 4337 2766 4394 bene
2793 4342 3118 4409 evangelista
3142 4342 3383 4410 Marcus,

1797 4425 1918 4504 cum
1939 4417 2038 4471 sub
2051 4417 2262 4474 illarum
2285 4423 2441 4478 trium
2457 4428 2742 4483 mulierum
2759 4432 2940 4500 specie
2955 4435 3386 4504 contemplativa;

1724 4486 1773 4552 Ι)
1796 4498 1923 4555 vita:
1941 4517 2181 4561 amorem
2203 4511 2532 4580 ostenderet,
2550 4516 2626 4569 ait
2647 4534 2658 4568 :
2676 4486 2838 4588 33.6
2860 4519 3107 4576 Emerunt
3127 4486 3383 4588 artomata,

1797 4598 1854 4642 ut
1878 4592 2132 4678 venientes
2158 4609 2409 4668 ungerent
2433 4600 2615 4657 Iesum
2644 4605 2845 4675 (Marc.
2872 4624 2979 4675 xvr,
2997 4608 3072 4678 1).
3107 4608 3269 4675 Quasi
3297 4611 3386 4664 di-

1797 4683 1884 4730 cat
1909 4694 1922 4730 :
1954 4677 2232 4737 Steterunt
2269 4685 2323 4739 in
2351 4703 2537 4758 opere,
2566 4700 2624 4746 ut
2652 4708 2870 4749 currere
2890 4696 3131 4751 valerent
3151 4697 3217 4750 ad
3247 4713 3383 4752 con-

1799 4766 2224 4837 templationem.
2283 4773 2540 4832 Aromata
2609 4781 2824 4848 quidem
2895 4799 3076 4838 emere
3142 4794 3223 4839 est
3287 4801 3385 4856 per

1797 4857 2039 4916 laborem
2061 4863 2185 4918 boni
2209 4868 2406 4936 operis,
2435 4871 2590 4926 bona:
2618 4873 2886 4942 opinionis
2906 4876 3127 4931 odorem
3155 4879 3383 4933 circum-

1795 4965 2009 5022 quaque
2034 4953 2276 5011 dilatare.
2311 4955 2375 5011 Et
2399 4958 2580 5016 Jcsum
2605 4962 2657 5016 in
2680 4963 2927 5032 sepulcro
2955 4979 3153 5034 ungere
3180 4975 3259 5022 est
3288 4983 3386 5038 per

1798 5046 2270 5105 mortificationem
2298 5053 2476 5107 carnis
2503 5055 2570 5108 ad
2599 5056 2904 5112 devotionis
2931 5057 3134 5113 intimae
3159 5061 3386 5129 pingue-

1795 5131 1973 5189 dinem
2021 5140 2324 5206 pervenire.
2378 5141 2510 5196 Nam
2551 5144 2697 5199 velut
2745 5145 2800 5199 in
2843 5147 3091 5216 sepulcro
3137 5151 3380 5216 ungitur.

1796 5227 2012 5291 quando
2040 5241 2070 5280 a
2099 5230 2430 5299 consepultis
2471 5231 2537 5285 ad
2577 5232 2827 5300 gaudium
2875 5235 3074 5289 intima:
3123 5237 3384 5293 claritatis

1796 5328 1906 5368 sua:
1933 5315 2275 5373 devotissime
2305 5322 2632 5389 pervenitur.
2665 5323 2722 5377 In
2764 5325 2989 5379 transitu
3019 5339 3147 5393 ergo
3184 5342 3380 5395 opera-

1795 5401 1996 5457 tionem
2025 5404 2253 5471 babent,
2295 5408 2420 5478 quia
2444 5412 2546 5465 etsi
2576 5412 2862 5480 aliquando
2889 5423 3201 5483 operantur,
3231 5417 3380 5486 quasi

1796 5493 2060 5550 currendo
2090 5496 2194 5552 hoc
2227 5498 2503 5566 deserunt,
2535 5503 2624 5574 qui
2655 5500 2721 5557 ad
2771 5504 2945 5560 locum
2990 5505 3201 5561 dilecta:
3246 5508 3377 5561 soli-

1799 5580 1998 5638 tudinis
2026 5599 2219 5654 maguo
2241 5587 2457 5658 spiritus
2481 5590 2682 5661 impetu
2713 5593 3073 5662 impelluntur.
3099 5584 3233 5652 Nam
3255 5597 3378 5671 quia

2416 5814 2591 5840 6-".
