3948 6278
571 246 676 298 405

1791 244 2029 301 SANCTI
2070 245 2394 300 GREGORH
2437 246 2645 300 lllACNl
3705 246 3791 306 4οὶ

565 360 692 413 totis
718 357 994 412 desideriis
1026 358 1077 411 in
1103 366 1424 413 aeternorum
1451 373 1632 414 amo'e
1656 360 2015 429 requiescunt,
2047 359 2129 412 vi-
2163 369 2206 425 Α
2237 358 2648 426 contemplativa
2702 356 2982 411 nobilitate
3025 356 3295 425 religionis
3348 369 3615 423 generose
3659 374 3795 428 sunt,

564 451 693 504 dere
732 449 899 517 magis
947 464 1105 517 quam
1153 449 1454 504 ministrare
1498 458 1774 519 appetunt.
1830 451 1955 505 Rari
2009 464 2137 518 ergo

561 553 688 598 sunt
716 544 766 597 in
791 543 999 611 publico
1024 541 1222 610 operis,
1256 541 1452 595 assidui
1486 544 1537 595 in
1566 553 1774 597 secreto
1803 543 2138 613 contempla-

564 638 753 703 tionis;
794 638 923 692 loris
950 651 1161 705 parum,
1186 636 1315 690 satis
1347 635 1490 689 intus
1528 636 1896 690 immorantur.
1925 635 2057 688 Nam
2086 644 2141 687 et

564 730 968 783 fornicationem
1015 742 1134 783 esse
1176 729 1271 784 sol.
1293 736 1352 781 nt
1373 727 1612 797 judicire
1632 770 1646 793 ,
1676 728 1758 782 vel
1799 729 1865 782 ad
1894 741 2138 782 momen-

564 832 675 875 tum
704 836 733 874 a
764 821 962 874 Christi
1003 819 1459 889 contemplatione
1487 818 1784 873 discedere.

632 910 981 967 69.Econtra
1007 919 1184 966 autem
1211 911 1381 965 activa
1409 911 1536 975 vita,
1569 927 1688 980 qua:
1715 907 1966 977 frequens
1995 908 2136 962 circa

560 1003 919 1057 ministerium
947 1002 1170 1069 satagit,
1200 1016 1320 1055 rara
1359 1008 1441 1055 est
1470 1000 1521 1054 in
1550 1006 1759 1055 secreto
1802 998 2138 1068 contempla-

564 1096 743 1151 tionis.
766 1094 896 1149 Nam
925 1111 1041 1163 que
1064 1101 1263 1147 aeterna
1290 1093 1391 1148 sibi
1420 1106 1717 1161 praeparare
1747 1106 1852 1145 non
1881 1090 2138 1156 sedendo,

562 1196 618 1241 et
638 1186 923 1252 audiendo,
948 1185 1041 1239 sed
1065 1182 1355 1251 satagendo
1378 1190 1433 1236 et
1462 1179 1813 1235 ministrando
1840 1178 2137 1249 proposu‘t,

562 1294 670 1332 non
697 1278 979 1342 damnum,
1010 1277 1106 1330 sed
1136 1274 1469 1344 dispendium
1500 1281 1685 1344 putat,
1716 1272 1759 1326 si
1788 1272 1888 1327 sibi
1916 1286 2137 1336 vacans,

563 1376 617 1421 et
638 1381 734 1422 sua
757 1373 881 1435 pete
904 1381 965 1429 ts,
990 1372 1043 1417 et
1064 1378 1171 1418 non
1198 1377 1315 1431 qua:
1343 1363 1591 1428 aliorum,
1616 1376 1646 1413 a
1670 1360 1823 1415 solita
1852 1359 2142 1427 obsequio-

562 1474 681 1513 rum
712 1456 985 1511 ob‘atione
1025 1456 1347 1525 requiescat.
1398 1452 1524 1508 Plus
1566 1453 1725 1519 igitur
1751 1450 2024 1522 operando
2066 1450 2142 1503 la-

562 1548 719 1600 borat
738 1586 753 1610 ,
784 1545 957 1599 minus
985 1544 1251 1599 obfecrat.
1304 1541 1457 1597 Unde
1495 1549 1550 1596 et
1586 1540 1792 1594 Martha
1818 1580 1831 1600 ,
1862 1554 1975 1610 qui:
2003 1540 2142 1592 circa

563 1640 798 1707 frequens
825 1635 1164 1689 ministerium
1212 1632 1509 1703 satagebat,
1552 1632 1723 1693 stetit,
1761 1638 1809 1683 et
1851 1630 2021 1683 locuta
2065 1637 2141 1682 est

2242 450 2337 503 sed
2368 466 2473 503 non
2513 460 2636 504 sunt
2671 464 2825 519 pares
2864 463 2963 517 pro
2987 448 3299 502 diversitate
3324 448 3508 502 ofﬁcii.
3553 448 3656 505 Sed
3688 456 3795 523 quia

2241 555 2424 593 earnm
2470 550 2679 610 patrem
2708 539 3075 605 ostendimus,
3108 548 3333 594 matrem
3371 540 3573 609 pariter
3599 541 3795 600 demon-

2241 643 2492 685 stremus.
2524 632 2777 700 Sequitur
2805 648 2819 684 :

2312 720 2489 788 (Vers.
2519 719 2629 789 50.)
2660 720 2728 773 Et
2769 736 2955 775 nomen
2998 720 3174 774 uxoris
3228 718 3360 775 Saul
3411 719 3651 787 Achinoe,
3700 725 3795 793 ﬁlia

2242 813 2538 867 Acliimaas.

2314 912 2401 965 70.
2432 911 2560 978 Qun
2581 920 2664 966 est
2688 910 2828 965 enim
2854 909 3226 980 praedicatoris
3255 924 3413 973 uxor,
3444 908 3690 963 nisibona
3715 926 3798 965 ro-

2241 1000 2452 1056 luntas?
2474 1001 2575 1067 Qui
2602 1002 2744 1055 enim
2763 1016 2860 1071 per
2880 1014 3119 1054 amorem
3148 1000 3301 1053 bonae
3316 998 3583 1053 voluntati
3602 999 3797 1067 conjun-

2241 1092 2402 1163 gitur,
2435 1092 2483 1147 ei
2514 1093 2696 1161 utique
2723 1091 2873 1161 quasi
2902 1105 2967 1144 ex
2990 1089 3153 1143 nobili
3176 1086 3404 1156 conjuge
3437 1086 3529 1140 lilii
3557 1088 3795 1143 oriuntur.

2242 1189 2374 1244 Nam
2387 1205 2507 1245 cum
2536 1191 2799 1244 bonorum
2817 1203 3038 1256 operum
3064 1185 3268 1240 fructus
3294 1184 3539 1255 proferre
3560 1187 3796 1252 volumus,

2242 1295 2466 1335 necesse
2493 1288 2575 1333 est
2608 1288 2666 1333 ut
2707 1279 2856 1347 prius
2894 1292 2989 1331 eos
3018 1277 3070 1329 in
3100 1276 3241 1330 bona
3284 1274 3561 1329 voluntate
3596 1276 3800 1329 semine-

2243 1385 2382 1425 mus.
2412 1369 2563 1425 Unde
2597 1370 2733 1423 bene
2760 1368 3017 1431 Achinoe,
3050 1365 3228 1420 fratris
3257 1366 3473 1433 requies
3508 1365 3798 1435 interpreta-

2244 1468 2349 1513 tur.
2372 1458 2559 1512 Frater
2580 1458 2777 1527 quippe
2800 1463 2984 1510 noster
3008 1454 3096 1509 ille
3117 1462 3221 1523 est,
3247 1455 3393 1523 quia
3410 1455 3630 1507 mortuis
3641 1470 3798 1509 resur-

2242 1561 2393 1616 gens,
2428 1547 2607 1600 Mariae
2630 1545 2951 1613 Magdalena:
2982 1543 3193 1598 locutus
3220 1542 3499 1597 estdicens
3528 1560 3542 1595 :
3586 1542 3737 1607 Vade,
3758 1555 3799 1597 et

2244 1638 2327 1688 dic
2355 1634 2599 1706 fratribus
2620 1635 2744 1688 meis
2766 1632 3033 1687 :Ascendo
3046 1631 3116 1684 ad
3130 1630 3341 1684 Patrem
3362 1648 3530 1684 meum
3549 1641 3595 1683 et
3618 1630 3801 1685 Patrem

562 1725 720 1795 (Luc.
751 1742 805 1788 ι,
834 1724 956 1794 40).
1004 1724 1131 1789 Quae
1178 1722 1319 1777 enim
1360 1722 1542 1789 stetit,
1571 1720 1618 1775 ei
1662 1720 1909 1775 nimirum
1950 1719 2139 1774 sedere
2170 1736 2215 1795 Β
2242 1737 2458 1782 vestrum
2506 1724 2723 1796 (Joann.
2769 1739 2859 1787 xx,
2904 1720 3018 1793 17).
3072 1721 3208 1777 Hinc
3254 1721 3451 1776 Paulus
3488 1721 3796 1776 nobilitatem

560 1835 667 1873 non
699 1817 868 1881 licuit,
887 1816 1010 1884 quia
1040 1814 1085 1869 si
1108 1815 1174 1869 ad
1203 1812 1523 1868 audiendum
1552 1810 1781 1875 sederet,
1816 1811 2135 1879 imparatum

562 1909 788 1965 fortasse
830 1907 1182 1962 ministerium
1219 1912 1273 1959 ct
1302 1903 1630 1959 insul‘llciens
1675 1900 2045 1970 impendisset.
2076 1898 2140 1955 Et

561 1998 851 2053 notandum
902 1996 1027 2067 quia
1078 1993 1437 2061 transeundo,
1485 1990 1765 2047 Dominum
1806 1989 2011 2045 Martha
2056 1989 2138 2043 vi-

563 2090 677 2155 dit,
716 2105 824 2144 non
868 2097 1044 2142 tamen
1086 2085 1452 2148 transeundo,
1501 2082 1591 2138 sel
1642 2083 1834 2136 stando
1883 2081 2138 2149 loquitur.

562 2177 694 2231 Nam
725 2177 979 2244 evangelii
996 2185 1046 2229 ta
1069 2185 1229 2230 caute
1248 2172 1528 2241 expresit,
1556 2170 1740 2225 dicens
1765 2188 1778 2223 :
1816 2170 1943 2237 Quae
1968 2171 2140 2238 stetit,

564 2274 614 2322 et
660 2269 734 2322 ait
777 2266 1007 2337 (Ibid.).
1057 2264 1176 2331 Quo
1219 2263 1459 2333 profecto
1506 2261 1753 2330 exemplo
1801 2260 2139 2322 instruimur,

564 2364 622 2410 ut
648 2357 741 2425 qui
772 2356 1021 2410 fratribus
1049 2353 1345 2408 ministeria
1376 2352 1707 2412 exlnbemus,
1737 2350 1782 2402 si
1813 2364 1907 2417 per
1934 2364 2142 2403 moram

561 2443 752 2497 sedere
797 2443 863 2497 ad
908 2442 1282 2511 Redemptoris
1324 2440 1489 2509 pedes
1533 2454 1637 2493 non
1686 2452 2001 2507 possimus,
2048 2452 2143 2505 per

564 2532 945 2600 aliquantulam
975 2531 1239 2585 morulam
1288 2528 1633 2597 Redemptori
1665 2528 1916 2581 assistere
1943 2526 2109 2582 debea
2128 2556 2143 2569 ο

563 2636 703 2675 mus.
746 2619 853 2675 Sed
896 2621 1035 2675 bene
1064 2620 1114 2675 ei
1153 2620 1487 2683 assistimns,
1517 2619 1561 2675 si
1598 2616 1921 2671 transeundo
1952 2625 2007 2671 et
2027 2632 2139 2671 sero

564 2716 759 2771 viendo
788 2716 1078 2770 videamus.
1111 2713 1247 2780 Quid
1277 2720 1358 2767 est
1396 2720 1572 2765 autem
1605 2699 1929 2764 transeundo
1959 2709 2141 2764 Domi-

565 2822 690 2860 num
707 2819 951 2872 cernere,
966 2804 1065 2857 nisi
1088 2804 1138 2857 in
1161 2802 1307 2856 omni
1332 2817 1364 2854 n
1390 2809 1514 2854 »ευ-υ
1536 2800 1679 2853 bono
1695 2813 1860 2867 opere
1881 2796 1948 2851 ad
1969 2797 2142 2867 ipsum

564 2899 741 2953 cordis
762 2898 988 2966 dirigere
1008 2896 1394 2950 intentionem?
1410 2894 1718 2947 Ττεισιξὶιηιις
1744 2893 1905 2955 enim,
1929 2891 2144 2959 quando

568 2990 671 3042 huc
700 2989 825 3043 illuc
865 2985 1218 3042 discurrendo
1248 2985 1303 3039 in
1342 2982 1597 3037 membris
1635 2982 1746 3037 suis
1788 2981 2014 3035 Domino
2044 2980 2146 3033 mi-

2240 1817 2534 1873 electorum
2563 1830 2831 1880 asserens,
2861 1814 2935 1869 ait
2964 1831 2978 1869 :
3011 1813 3259 1869 Hazredes
3288 1824 3459 1866 autem
3503 1812 3616 1875 Dei.
3648 1814 3797 1868 colue-

2238 1907 2383 1961 redes
2413 1905 2601 1959 Christi
2625 1905 2803 1977 (Rom.
2830 1921 2941 1971 vnt,
2968 1903 3079 1975 l7).
3110 1903 3248 1971 Quid
3292 1910 3376 1958 est
3419 1903 3563 1972 quod
3608 1903 3798 1969 dicitur,

2239 1995 2418 2051 fratris
2446 1996 2682 2066 requies,
2710 1996 2811 2051 nisi
2837 1996 2961 2065 quia
2992 1995 3321 2064 Redemptor
3361 1993 3575 2047 humani
3613 1994 3801 2061 generis

2242 2087 2294 2141 in
2324 2088 2461 2142 bona
2489 2088 2825 2142 cohaereduai
2846 2101 3067 2142 suorum
3091 2086 3370 2141 voluntate
3398 2084 3680 2153 requiescit
3700 2086 3718 2136 ‘l
3742 2082 3799 2136 Et

2242 2179 2366 2247 quia
2394 2179 2460 2231 ab
2505 2178 2622 2247 ipso
2653 2179 2807 2234 nobis
2856 2178 2996 2233 bona
3023 2177 3275 2233 voluntas
3302 2176 3624 2247 impenditur
3655 2191 3682 2228 a
3707 2192 3799 2244 quo

2243 2266 2589 2334 inhabitatur,
2643 2266 2749 2321 lilia
2800 2268 3085 2322 Achimaas
3123 2282 3245 2322 esse
3289 2267 3616 2337 perhibetur.
3664 2265 3801 2319 Achi-

2245 2368 2394 2407 maas
2414 2355 2554 2409 enim
2606 2354 2789 2410 fratris
2837 2356 3022 2419 decor,
3056 2356 3142 2411 vel
3170 2356 3338 2411 frater
3367 2355 3530 2410 decor
3568 2356 3801 2423 interpre-

2245 2451 2406 2497 tatur.
2440 2442 2630 2497 Frater
2656 2444 2855 2514 quippe
2885 2452 2940 2497 et
2963 2443 3127 2497 decor
3153 2442 3487 2511 Redemptor
3515 2450 3688 2495 noster
3729 2441 3799 2492 di-

2244 2532 2400 2597 citur,
2441 2532 2565 2601 quia
2596 2532 2828 2585 humana
2856 2540 3044 2586 natura
3076 2546 3171 2600 per
3216 2539 3495 2599 peccatum
3546 2529 3691 2599 primi
3718 2526 3801 2581 ho-

2244 2622 2402 2677 minis
2429 2622 2701 2689 dignitatis
2728 2638 2837 2677 sum
2862 2623 3100 2690 vigorem
3125 2620 3375 2690 perdidit,
3400 2620 3493 2675 sed
3516 2621 3566 2674 in
3596 2636 3800 2689 persona

2246 2706 2641 2780 Redemptoris,
2696 2720 2854 2765 aucto
2902 2711 3003 2766 sibi
3050 2710 3335 2781 Splendore
3376 2710 3621 2765 radiavit.
3653 2710 3802 2764 Deerit

2246 2802 2442 2871 quippe
2468 2811 2651 2857 noster
2676 2810 2778 2868 est,
2809 2802 2930 2869 quia
2958 2802 3264 2870 quicunque
3293 2800 3348 2855 in
3375 2810 3560 2855 sancta
3586 2799 3801 2854 Ecclesia

2250 2894 2501 2949 virtutum
2545 2892 2788 2948 claritate
2828 2892 3145 2961 fulgescunt,
3193 2891 3260 2947 de
3306 2890 3634 2960 plenitudine
3679 2890 3797 2945 locis

2249 2983 2388 3037 illius
2416 2997 2605 3037 omnes
2631 2981 2921 3051 accipiunt.
2962 2980 3097 3043 lline.
3125 2980 3321 3034 Paulus
3342 2980 3447 3033 ait:
3478 2978 3544 3032 Ei
3562 2996 3612 3032 se
3631 2978 3797 3048 infudit

567 3077 872 3133 RlSllalRllS.
927 3075 1034 3131 Sed
1079 3072 1402 3129 transeundo
1450 3072 1729 3126 Dnninum
1778 3071 2072 3135 cernimus,
2102 3071 2147 3127 si
2175 3083 2220 3146 ο
2252 3074 2418 3127 omnis
2460 3072 2722 3143 plenitudo
2775 3071 3055 3126 divinitatis
3101 3071 3437 3142 corporaliter
3492 3070 3621 3144 (Col.
3646 3085 3700 3137 ιι,
3723 3069 3794 3138 9).

565 3182 660 3235 per
688 3181 849 3221 omne
876 3166 1017 3234 quod
1051 3165 1257 3234 agimus
1285 3171 1603 3233 prmsentem
1649 3162 1804 3217 nobis
1833 3162 2028 3231 ipsum,
2060 3164 2147 3218 cui

565 3257 778 3324 placere
823 3256 1099 3324 cupimus,
1132 3251 1580 3321 contemplamur.
1619 3250 1737 3316 Quo
1775 3250 1826 3305 in
1883 3252 2005 3307 loco
2044 3266 2145 3306 no-

566 3346 784 3399 tandum
808 3354 890 3398 est
914 3344 1040 3411 quia
1067 3341 1398 3397 confidenter
1419 3341 1624 3394 Martha
1647 3341 1899 3409 loquitur,
1926 3342 2143 3394 dicens:

568 3433 814 3496 Domine,
840 3449 942 3485 non
979 3441 1053 3486 est
1080 3430 1171 3485 tibi
1210 3447 1346 3485 cura:
1371 3430 1508 3501 quod
1533 3446 1677 3484 soror
1702 3446 1812 3483 mea
1840 3431 2040 3501 reliquit
2069 3448 2148 3485 me

563 3522 727 3577 solam
753 3520 1084 3574 ministrare?
1113 3518 1263 3591 (Luc.
1296 3535 1350 3587 x,
1375 3517 1498 3589 40.)
1537 3516 1690 3584 Quod
1720 3527 1868 3573 certe
1896 3519 2147 3589 perfectis

562 3609 877 3679 quibusdam
907 3609 1170 3679 operariis
1212 3617 1409 3663 sanctae
1453 3607 1706 3664 Ecclesiae
1744 3610 2020 3673 convenit,
2054 3609 2145 3677 qui

562 3699 916 3769 omnipotenti
966 3698 1077 3754 Deo
1130 3712 1339 3768 preces_
1369 3704 1519 3752 tanto
1568 3697 1865 3752 liducialius
1915 3697 2147 3752 oll‘erunt

562 3800 765 3861 quanto
797 3790 1113 3846 laboriosius
1139 3789 1189 3843 ei
1216 3789 1270 3843 in
1312 3789 1564 3844 membris
1592 3789 1701 3844 suis
1728 3804 1787 3844 se
1812 3789 2145 3844 ministrasse

563 3883 936 3937 meminerunt.
962 3882 1067 3938 Sed
1088 3882 1213 3953 quia
1242 3882 1292 3936 in
1325 3881 1452 3952 ipsis
1480 3880 1639 3936 etiam
1669 3896 1787 3951 qua:
1815 3881 2002 3934 activae
2024 3881 2145 3935 vite

560 3973 871 4028 deserviunt
925 3974 1174 4028 nimietas
1228 3973 1599 4029 sollicitudinis
1663 3972 1961 4028 cohibenda
2020 3980 2139 4036 e~t,

561 4059 767 4117 Martha
790 4063 1215 4132 reprehenditur,
1246 4078 1364 4132 quae
1390 4072 1499 4118 tam
1526 4064 1755 4119 sollicita
1777 4064 2052 4128 asserltur,
2084 4072 2144 4118 ut

561 4166 689 4220 erga
715 4152 941 4220 plurima
982 4151 1243 4206 turbetur.
1278 4151 1516 4207 Actionis
1553 4152 1770 4222 quidem
1809 4151 1986 4207 fervor
2016 4161 2142 4208 tunc

564 4247 710 4294 recte
744 4239 1066 4308 disponitur,
1096 4255 1219 4295 cum
1265 4240 1343 4295 sic
1384 4241 1673 4296 insistimus
1710 4240 1879 4310 operi,
1906 4251 1965 4295 ut
1996 4248 2143 4295 tran-

561 4327 730 4396 quillo
749 4327 912 4383 corde
931 4343 1053 4383 eum
1079 4329 1166 4384 cui
1195 4343 1359 4397 opera
1383 4338 1562 4384 nostra
1590 4345 1905 4385 consectare
1926 4331 2143 4386 nitimur

2255 3166 2390 3220 Dum
2420 3178 2545 3232 ergo
2573 3164 2767 3219 bonam
2790 3163 3198 3233 praedicatorum
3245 3171 3553 3217 nostrorum
3584 3163 3801 3217 volunta-

2250 3263 2355 3308 tcm
2389 3253 2649 3322 propheta
2701 3251 2917 3307 Samuel
2958 3252 3193 3322 respicit,
3227 3253 3365 3322 typis
3394 3253 3508 3306 visa
3554 3252 3799 3320 exprimit,

2248 3342 2470 3397 dicens:
2505 3342 2732 3395 Acltinoe
2782 3342 2895 3412 ﬁlia
2923 3342 3222 3409 Achimaas,
3268 3343 3395 3411 quia
3426 3344 3666 3398 nimirum
3702 3358 3800 3395 ma-

2247 3442 2348 3497 gna
2374 3439 2454 3483 est
2480 3430 2820 3499 pulchritudo
2841 3429 2995 3484 bona:
3023 3432 3333 3497 voluntatis,
3344 3430 3443 3486 sed
3464 3432 3531 3486 de
3557 3431 3797 3485 infusion:

2248 3522 2484 3577 nascitur
2506 3521 2898 3592 Redemptoris.
2917 3522 3083 3577 Debet
3099 3538 3331 3592 namque
3352 3524 3516 3593 ajnari
3538 3531 3593 3576 ut
3608 3523 3804 3591 coniux,

2247 3610 2339 3664 sed
2361 3612 2402 3664 si
2428 3618 2581 3681 pater
2598 3611 2871 3680 aspicitur,
2896 3626 2962 3665 ex
2981 3609 3257 3665 nobilitate
3281 3611 3508 3681 amplius
3534 3620 3749 3664 amatur.

2319 3711 2494 3781 (Vcrs.
2526 3710 2640 3779 50.)
2691 3709 2760 3763 Et
2788 3727 2970 3765 nomen
2997 3711 3243 3780 principis
3268 3718 3289 3744 θ
3312 3712 3424 3781 ejus
3468 3710 3657 3773 Abner,
3684 3710 3803 3779 ﬁlius

2248 3799 2301 3853 Ν
2305 3818 2378 3865 ε’,
2402 3800 2649 3870 patruelis
2671 3800 2805 3869 ejus.

2317 3888 2406 3941 7|.
2442 3887 2621 3941 Abner
2665 3874 2861 3942 dicitur
2906 3894 3057 3957 pater
3085 3900 3238 3942 meus
3262 3886 3500 3949 lucerna,
3538 3885 3638 3939 Ner
3664 3885 3804 3939 etiam

2245 3980 2463 4035 lucerna
2509 3978 2721 4032 dicitur.
2756 3976 2893 4043 Quid
2924 3991 3051 4047 ergo
3081 3976 3209 4040 Ner,
3240 3976 3292 4030 ni
3326 3976 3340 4029 i
3371 3992 3548 4031 sermo
3584 3975 3802 4043 Scriptu-

2244 4084 2426 4125 rarum
2456 4069 2716 4139 accipitur
2742 4068 2766 4123 ἳ
2795 4066 2995 4122 Littera
3029 4066 3241 4136 quidem
3293 4074 3494 4122 sancta:
3539 4065 3805 4135 Scriptura

2243 4159 2397 4228 quasi
2426 4157 2584 4226 hujus
2615 4157 2852 4212 lucernae
2883 4166 3017 4212 testa
3058 4163 3156 4219 est,
3187 4156 3489 4211 intellectus
3516 4170 3639 4210 vero
3665 4155 3803 4224 spiri-

2246 4246 2403 4300 tualis
2430 4244 2643 4301 claritas
2666 4245 2902 4310 luminis,
2935 4246 3112 4300 oleum
3128 4259 3265 4299 vero
3295 4244 3412 4313 ejus
3434 4244 3646 4299 devotio
3668 4258 3801 4297 amo-

2244 4334 2336 4389 ris.
2362 4334 2527 4390 Filius
2555 4348 2685 4402 ergo
2714 4334 2947 4390 lucerntc
2976 4343 3079 4401 est,
3103 4335 3193 4404 qui
3220 4335 3385 4389 verba
3412 4325 3803 4403 'Sciipturarum

561 4415 856 4521 νίάῗθηξυεο
885 4415 1019 4483 Qum
1044 4427 1123 4517 θδξ
1160 4431 1291 4519 ετεεξ
1319 4418 1561 4518 ηῖξηίεωε
1606 4418 2014 4486 εοηίοίίυάίηίε,
2039 4421 2139 4475 ηίεῖ
2171 4461 2219 4521 D
2243 4425 2474 4481 libenter
2503 4426 2672 4494 audit,
2702 4434 2758 4481 et
2785 4426 3054 4496 sapienter
3083 4426 3344 4493 intelligit,
3374 4434 3430 4478 et
3469 4440 3588 4493 qua:
3619 4438 3707 4493 per
3734 4423 3803 4475 in-

560 4505 803 4561 confusio
831 4519 1076 4576 supernae
1103 4505 1452 4562 intentionis?
1479 4507 1602 4577 quia
1631 4508 1756 4562 dum
1782 4523 1840 4565 se
1868 4524 1990 4581 erga
2024 4511 2141 4579 plu-

556 4599 693 4653 rima
716 4597 922 4664 dividit,
944 4597 1112 4655 divisa
1134 4597 1246 4667 jam
1274 4598 1341 4654 ad
1369 4614 1722 4670 supernorum
1752 4601 1998 4656 intuitum
2029 4618 2139 4658 non

557 4691 805 4760 assurgit.
828 4690 961 4747 Illud
982 4694 1124 4747 enim
1145 4700 1401 4749 :eternum
1428 4700 1482 4749 et
1510 4694 1736 4764 simplex
1762 4695 1962 4750 bonum
1993 4706 2143 4751 ater-

557 4796 638 4834 ne
666 4781 887 4837 visionis
931 4784 1107 4838 anima
1150 4784 1273 4854 quia
1307 4786 1392 4839 vix
1422 4786 1569 4839 unita
1617 4787 2049 4855 comprehendit,
2081 4803 2141 4844 se

558 4871 805 4924 nimirum
835 4872 902 4926 ad
931 4872 981 4927 id
1009 4874 1178 4928 divi~a
1222 4890 1328 4929 non
1371 4876 1547 4944 erigit.
1598 4875 1735 4930 Dicit
1763 4890 1890 4944 ergo
1914 4893 2137 4946 operum

556 4966 861 5012 nostrorum
886 4961 1173 5032 dispositor
1210 4972 1263 5017 et
1291 4974 1538 5032 receptor
1562 4982 1574 5015 :
1604 4963 1773 5017 Unum
1801 4976 1874 5018 est
1904 4984 2138 5022 necessa-

553 5050 720 5114 rium,
767 5065 832 5104 ne
879 5067 937 5105 se
987 5068 1138 5109 mens
1176 5055 1240 5108 ad
1270 5056 1433 5108 multa
1471 5056 1700 5122 dividat,
1733 5064 1819 5123 ut,
1849 5073 1944 5126 per
1988 5069 2133 5112 tran-

554 5139 872 5202 quillitatem
915 5145 1090 5211 unita,
1124 5145 1190 5199 ad
1218 5147 1409 5200 summi
1439 5146 1565 5201 boni
1611 5148 1856 5202 intuitum
1882 5158 2136 5218 potenter

552 5239 751 5298 surgat.
791 5232 947 5303 337
978 5232 1103 5288 Due
1130 5234 1289 5303 igitur
1309 5235 1380 5288 fili
1399 5254 1427 5288 υ
1456 5236 1606 5304 Saul,
1635 5237 1735 5290 etsi
1767 5238 1963 5305 pariter
1992 5241 2133 5308 regis

556 5331 677 5378 sunt
718 5321 870 5389 lilir,
902 5325 1205 5380 nominibus
1249 5324 1531 5393 differunt,
1570 5327 1693 5395 quia
1720 5327 1827 5381 vita
1876 5328 2045 5384 activa
2076 5341 2130 5386 ιι

626 5535 647 5558 ⁸
680 5524 985 5591 Lugendum
1012 5525 1237 5585 videtur.
1269 5526 1514 5593 principis
1547 5524 1758 5586 militiw,
1784 5533 1840 5578 ut
1873 5535 2047 5579 exstat
2073 5528 2123 5582 in

554 5608 706 5649 sacro
732 5603 1005 5649 contextu.
1038 5594 1283 5649 Attamen
1314 5594 1626 5661 Gregorium
1657 5595 1845 5662 legi~se
1874 5598 2118 5665 principis

2247 4516 2520 4572 tellectum
2561 4517 2784 4586 colligit,
2814 4532 2911 4586 per
2935 4516 3181 4572 allectum
3223 4516 3505 4571 charitatis
3533 4514 3808 4584 apprehen-

2224 4605 2343 4660 -dit.
2371 4603 2479 4659 Cur
2518 4605 2698 4674 itaque
2725 4605 2920 4659 dicitur
2946 4602 3083 4659 ﬁlius
3120 4604 3382 4669 lucernaa,
3406 4604 3509 4657 nisi
3535 4604 3656 4672 quia
3681 4600 3807 4670 quod

2242 4694 2310 4749 de
2341 4695 2537 4749 lumine
2566 4696 2801 4749 nascitur
2824 4694 3002 4748 lamin
3024 4703 3106 4748 est
3130 4694 3152 4746 ?
3174 4692 3310 4759 Quid
3340 4694 3482 4746 enim
3524 4701 3805 4763 peccatum,

2244 4787 2346 4841 nisi
2375 4788 2647 4842 tenebrm?
2684 4786 2820 4852 Quid
2863 4787 2989 4839 item
3019 4784 3216 4839 bonum
3263 4800 3423 4853 opus,
3454 4784 3555 4837 nisi
3595 4784 3760 4837 lumen
3788 4783 3807 4833 ἲ

2243 4875 2426 4931 Sancti
2452 4877 2592 4931 enim
2622 4876 2717 4929 riri
2741 4876 2864 4928 dum
2887 4874 2950 4928 ad
2979 4873 3230 4928 ducatum
3251 4872 3647 4942 Scripturarum
3676 4886 3808 4939 gres-

2241 4984 2331 5024 sus
2359 4984 2581 5037 operum
2610 4968 2864 5035 dirigunt,
2913 4966 3062 5034 quasi
3109 4981 3177 5020 ex
3234 4965 3433 5020 lumine
3462 4966 3639 5019 lumen
3675 4963 3801 5017 acci-

2238 5057 2711 5130 pinntspiritualis
2760 5055 3098 5109 eruditionis.
3146 5053 3259 5108 lloc
3284 5055 3483 5122 quippe
3533 5055 3703 5107 lumen
3746 5050 3804 5104 de

2239 5154 2439 5207 lumine
2466 5150 2701 5207 Joannes
2730 5150 3051 5220 exprimens,
3104 5150 3213 5202 ait:
3245 5148 3427 5201 Omnis
3468 5148 3555 5216 qui
3582 5156 3723 5199 natus
3760 5170 3803 5201 ω

2241 5242 2350 5296 Deo
2396 5251 2469 5295 est
2513 5257 2617 5294 non
2646 5248 2845 5311 peccat,
2900 5240 3019 5309 quia
3065 5238 3328 5308 generatio
3383 5235 3599 5290 caelestis
3650 5251 3807 5290 serra.

2233 5349 2345 5386 eum
2371 5332 2545 5399 (Joan.
2572 5346 2621 5395 v,
2658 5330 2768 5398 18).
2802 5328 2939 5395 Quid
2970 5336 3051 5382 est
3083 5326 3227 5381 nasci
3257 5327 3322 5380 de
3346 5324 3481 5393 Deo,
3515 5325 3611 5378 nisi
3637 5337 3804 5392 cogn.-

2231 5531 2360 5598 rjus,
2385 5535 2596 5598 constat
2623 5543 2687 5581 ex
2718 5525 3265 5598 verborumuillorum
3294 5523 3629 5598 expositione
3666 5537 3732 5575 nu
3749 5540 3809 5598 ni.

2225 5595 2504 5668 sequenti:
2538 5596 2784 5652 Lucana:
2824 5614 2935 5650 vero
2965 5596 3127 5666 filius,
3168 5595 3352 5646 dicitur
3387 5596 3622 5662 princeps
3658 5606 3709 5646 re
3754 5595 3806 5646 is.
