3948 6282
155 307 248 364 4'03
944 299 1009 354 IN
1051 299 1318 356 PRIMUM
1359 298 1601 354 RECUM
1641 292 2156 359 EXPOSITI‘ONES.
2199 334 2267 345 —
2305 303 2435 361 LIB.
2478 307 2541 362 V.

3307 317 3412 374 406

152 432 250 475 tam
277 433 326 472 in
373 413 569 470 sanctis
596 412 886 482 Scripturis
924 411 1042 482 ejus
1070 413 1402 468 voluntatem
1449 411 1718 479 diligere?
1746 417 1795 475 Α
1822 413 2058 468 conﬁdat
2085 413 2152 468 de
2180 414 2426 486 scientia,
2457 425 2518 472 ut
2543 417 2771 473 aliorum
2792 420 3042 490 exempla
3071 424 3291 481 minime
3335 443 3415 482 se-

152 511 212 566 l-lt
251 507 368 578 quid
420 515 502 560 est
556 519 664 558 non
718 517 984 573 peccare,
1054 502 1156 557 nisi
1203 503 1256 557 in
1317 503 1438 558 luce
1499 502 1720 572 justiti-.e

152 613 345 670 semper
396 595 696 651 consistere
728 595 751 648 ?
810 593 974 659 Quasi
1005 592 1149 647 enim
1173 592 1240 647 de
1269 593 1390 648 luce
1418 609 1518 648 nos
1548 593 1721 649 lucem

154 695 310 746 facere
331 687 541 742 volebat
566 685 755 740 beatus
787 682 977 739 Petrus
1002 684 1298 754 apostolus,
1331 700 1451 740 cum
1479 685 1718 740 dicebat:

158 779 347 836 Habetis
365 775 718 847 propheticum
744 789 1053 840 sermonem,
1083 775 1164 827 cui
1186 775 1313 828 bene
1334 776 1508 845 facitis
1551 784 1721 829 atten-

155 872 337 931 dentes,
381 874 630 934 tanquam
666 862 892 918 lucerna:
921 864 1111 918 lucenti
1155 865 1210 917 in
1258 865 1540 935 caliginoso
1587 865 1721 928 loco,

154 959 292 1012 donec
316 955 504 1024 aspiret
532 953 663 1018 dies,
682 959 730 1005 et
760 951 945 1022 lucifer
966 953 1168 1006 oriatur
1191 955 1246 1007 in
1275 953 1514 1008 cordibus
1543 955 1724 1008 vestris

154 1046 231 1117 (ll
255 1046 387 1099 Petr.
419 1059 458 1112 ι,
488 1042 600 1112 l9).
652 1041 846 1097 Merito
884 1042 1046 1111 igitur
1074 1043 1254 1098 Abner
1282 1053 1435 1115 pater
1462 1059 1613 1098 meus
1643 1045 1723 1098 lu-

153 1157 291 1197 cerua
319 1139 531 1204 dicitur,
563 1139 680 1208 ipse
705 1150 922 1208 quoque
950 1143 1104 1206 pater
1155 1137 1272 1204 ejus
1300 1138 1520 1193 lucerna
1548 1138 1722 1193 nomi-

157 1239 308 1294 natur,
335 1229 496 1297 338
523 1226 649 1296 quia
677 1225 754 1280 illi
784 1225 838 1280 in
870 1233 1058 1281 sancta
1112 1224 1354 1282 Ecclesia
1403 1226 1584 1282 lucere
1627 1241 1724 1296 per

154 1321 374 1390 exempla
414 1320 533 1374 aliis
560 1328 806 1390 possunt,
838 1317 929 1387 qui
976 1317 1281 1373 eruditione
1323 1317 1721 1388 Scripturarum

155 1421 199 1468 et
219 1411 504 1466 claritatem
528 1416 858 1478 acceperunt
889 1407 1126 1473 luminis,
1157 1416 1214 1464 et
1254 1408 1432 1463 oleum
1471 1406 1723 1478 perfech

154 1500 422 1556 charitatis.
455 1499 562 1554 Sed
591 1514 691 1569 per
725 1497 992 1553 Joannem
1021 1514 1128 1554 non
1153 1513 1381 1568 peccare
1409 1500 1630 1567 dicitur,
1664 1509 1724 1555 ut

154 1589 536 1662 prrdieatorum
581 1590 747 1644 robur
796 1589 1053 1656 insinuet,
1093 1589 1185 1659 qui
1225 1589 1304 1645 sic
1343 1591 1721 1659 peccatoribus

153 1697 343 1736 manum
372 1682 674 1751 porrigunt,
702 1688 761 1736 ut
781 1689 961 1736 tamen
989 1681 1089 1751 ipsi
1110 1690 1455 1751 peccatorum
1486 1683 1723 1739 tenebris

1819 511 2036 571 quatur.
2087 501 2344 574 Princeps
2371 521 2608 576 quoque,
2634 507 2690 562 id
2721 517 2804 565 est
2828 511 3007 578 magni
3029 509 3269 566 doctoris
3316 515 3410 568 ad-

1816 593 1985 664 jntor,
2009 595 2135 663 quia
2157 596 2418 665 exemplis
2446 597 2687 666 ejusdem
2731 599 2812 654 sui
2843 600 3118 670 praepositi
3141 601 3409 666 subditur,

1823 685 1888 740 ad
1938 687 2118 740 lumen
2168 685 2448 755 innitatur,
2499 696 2560 744 ut
2619 689 2710 760 qui
2759 691 3004 760 exempla
3033 693 3315 762 sequitur,
3357 694 3412 749 in

1822 777 2077 832 doctrinm
2095 776 2304 832 altioris
2323 778 2705 846 eruditionem,
2719 781 2871 848 quasi
2901 780 2954 835 in
2973 795 3164 850 magna
3182 781 3412 837 lucerna:

1823 867 1942 921 luce
1971 875 2242 920 nascatur.
2269 866 2374 932 Qui
2395 881 2525 936 ergo
2556 869 2796 925 eruditus
2836 869 2904 924 ad
2933 869 3200 939 majorum
3227 886 3412 928 exem-

1822 953 1910 1024 pla
1960 969 2058 1023 per
2083 954 2442 1012 humilitatem
2481 957 2778 1026 reducitur,
2828 961 3089 1030 exemplis
3118 961 3412 1018 instructus

1823 1045 1889 1100 al
1936 1043 2336 1114 Scripturarum
2383 1047 2726 1120 splendorem
2773 1049 3030 1106 discendo
3076 1051 3411 1119 sublevatur,

1822 1135 1961 1191 bere
1989 1152 2086 1193 rex
2117 1136 2259 1194 ﬁlius
2288 1137 2432 1206 duri,
2471 1148 2528 1194 et
2573 1141 2819 1212 princeps
2854 1141 3088 1197 lucernze
3117 1143 3256 1198 filius
3293 1157 3414 1198 esse

1823 1224 2158 1292 perhibetur.
2199 1225 2356 1283 Tales
2379 1228 2500 1295 viri,
2541 1229 2668 1300 quia
2705 1230 2893 1286 electis
2923 1231 3168 1286 li'elibus
3210 1231 3416 1286 utiliter

1824 1313 2196 1383 pneentinent,
2220 1317 2344 1384 quia
2366 1316 2641 1386 subjectos
2655 1317 2721 1372 ad
2751 1319 3006 1374 virtutum
3031 1319 3287 1377 victorias
3307 1321 3414 1376 for-

1825 1405 1951 1459 titer
1979 1405 2284 1474 provehunt
2318 1423 2332 1472 ;
2363 1408 2606 1475 sequitur
2634 1425 2648 1462 :

1896 1494 2074 1567 (V'ers.
2107 1493 2219 1566 52.)
2251 1495 2382 1549 Erat
2404 1507 2576 1552 autem
2603 1497 2791 1554 bellum
2815 1506 2996 1569 potens
3010 1500 3255 1556 adversus
3283 1499 3414 1554 Plii-

1823 1585 2016 1640 listum
2045 1584 2282 1638 omnibus
2310 1586 2489 1640 diebus
2512 1587 2664 1642 Saul.

1895 1674 1987 1731 75.
2043 1672 2230 1728 Debile
2268 1685 2324 1729 et
2366 1676 2588 1732 omnino
2635 1675 2904 1732 infirmum
2943 1677 3145 1733 bellum
3197 1679 3411 1734 illorum

153 1787 240 1826 non
259 1770 524 1824 f.--dentur.
575 1757 681 1826 Sed
728 1769 858 1840 quid
906 1778 990 1826 est
1018 1769 1161 1840 quod
1190 1771 1449 1840 patruelis
1477 1771 1606 1826 Saul
1633 1771 1713 1827 di-
1747 1769 1789 1828 Β
1815 1763 2099 1819 domorum
2139 1771 2239 1829 Θεῑτ
2286 1765 2380 1834 qui
2419 1780 2520 1820 nec
2548 1765 2727 1821 lumen
2769 1768 2969 1823 habent
2997 1769 3191 1824 divinm
3228 1770 3417 1837 cogni-

151 1862 267 1915 (itur
288 1863 318 1913 ⁵9
345 1859 612 1914 Patruelis
631 1868 812 1915 autem
843 1859 1041 1914 dicitur
1080 1858 1172 1929 qui
1197 1860 1441 1916 nascitur
1461 1878 1524 1916 ex
1556 1860 1722 1918 fratre

152 1949 317 2019 patris.
348 1948 495 2003 Unde
515 1957 572 2003 et
601 1949 687 2003 hic
716 1964 934 2019 quoque
953 1948 1322 2018 subjungitur:

210 2041 374 2111 (ὅντε.
399 2040 513 2110 51.)
541 2041 626 2096 Cis
655 2043 822 2113 fuerat
848 2049 998 2112 pater
1020 2039 1173 2108 Saul,
1206 2050 1256 2095 et
1297 2041 1409 2096 Ner
1435 2052 1585 2110 pater
1611 2042 1720 2097 Ab-

153 2149 228 2185 aer
251 2133 392 2202 ﬁlius
420 2131 583 2186 Abite.

209 2223 286 2276 7'2.
319 2223 383 2277 Et
428 2239 548 2278 cum
575 2223 786 2293 eligend
808 2239 852 2278 ιε
878 2239 972 2280 rex
1020 2233 1317 2295 peteretur,
1349 2226 1554 2283 dictum
1587 2236 1670 2282 est
1703 2242 1718 2280 :

153 2313 207 2367 Et
223 2324 332 2368 erat
355 2317 429 2368 vir
455 2315 660 2369 nomine
687 2314 772 2370 Cis
793 2316 936 2386 ﬁlius
956 2316 1103 2372 Abiu:
1131 2315 1184 2388 (I
1212 2317 1342 2388 Reg.
1370 2334 1443 2384 ιχ,
1477 2317 1552 2387 1).
1584 2317 1720 2384 Quia

151 2425 257 2464 vero
302 2409 400 2464 ista
447 2410 631 2480 stirpis
657 2409 816 2478 regiae
840 2409 1059 2465 nomina
1089 2410 1217 2479 quid
1243 2409 1565 2478 signiﬁcent,
1607 2411 1719 2480 ple-

155 2499 251 2553 nius
301 2499 694 2568 exposuimus;
746 2499 852 2554 hoc
914 2498 1289 2554 tantummodo
1329 2499 1718 2570 exprimamus,

151 2591 399 2656 quomodo
444 2589 628 2645 Abner
654 2590 913 2660 patruelis
957 2589 1088 2646 Saul
1138 2605 1258 2646 esse
1283 2589 1574 2646 referatur.
1614 2591 1720 2647 Sed

153 2678 259 2732 Saul
304 2677 440 2734 ﬁlius
470 2679 578 2743 Cis,
615 2679 667 2733 id
695 2688 777 2735 est
803 2679 922 2734 duri
954 2694 1074 2735 esse
1114 2680 1486 2748 cognoscitur;
1541 2680 1724 2736 Abner

154 2768 291 2821 etian
315 2768 544 2823 lucernae
573 2768 712 2824 ﬁfius
740 2769 1073 2838 perhibetur.
1107 2769 1310 2825 Durum
1351 2772 1514 2834 hunc,
1545 2778 1724 2826 austeo

155 2873 214 2911 ra:
238 2859 386 2913 nimis
415 2861 842 2916 conversationis
867 2860 1013 2918 viros
1048 2861 1383 2919 ostendimus
1416 2862 1722 2931 designare,

156 2949 244 3006 Ner
264 2951 530 3007 lucernam
559 2953 924 3022 interpretari.
964 2952 1102 3022 Quid
1131 2962 1214 3009 est
1239 2953 1402 3022 igitur
1449 2955 1594 3024 quod
1637 2955 1722 3008 ln-

157 3058 310 3109 cerna,
341 3051 396 3099 et
441 3043 611 3099 durus
651 3043 892 3112 ejusdem
922 3043 1091 3114 patris
1137 3059 1258 3098 esse
1309 3042 1403 3098 ﬁlii
1450 3043 1719 3110 dicuntur,

1825 1856 1988 1911 tionis
2016 1855 2179 1925 339
2228 1869 2330 1910 nec
2358 1853 2727 1911 fortitudinem
2782 1857 2908 1912 boni
2963 1858 3164 1928 operis.
3217 1857 3417 1914 Potens

1823 1959 1952 2014 ergo
1976 1945 2174 2000 bellum
2219 1944 2438 2015 dicitur,
2479 1947 2699 2015 quando
2726 1947 2914 2004 electis
2940 1949 3185 2018 plebibus
3214 1949 3334 2003 duri
3363 1946 3419 2001 ﬁ-

1823 2038 1881 2094 lii
1929 2038 2296 2105 dominantur,
2353 2041 2479 2109 qu’a
2533 2040 2624 2095 ille
2655 2049 2837 2110 potest
2874 2042 2994 2096 aliis
3023 2041 3227 2097 utiliter
3272 2042 3415 2095 bona

1822 2129 2032 2198 dicere,
2063 2128 2157 2200 qui
2189 2130 2475 2186 consuevit
2512 2131 2678 2186 verba
2707 2146 2901 2202 magna
2922 2132 3240 2202 operatione
3280 2145 3417 2200 prae-

1822 2221 1922 2277 ire.
1955 2221 2066 2277 Sed
2094 2231 2149 2277 et
2177 2223 2451 2278 subtiliter
2479 2232 2564 2281 est
2594 2226 2906 2280 intuendum
2955 2225 3097 2294 quod
3127 2226 3417 2296 implexius

1821 2312 2019 2367 dicitur
2041 2331 2056 2368 :
2081 2311 2288 2367 Cunctis
2316 2313 2494 2368 diebus
2522 2315 2819 2382 Saul.Quid
2848 2325 2973 2372 sunt
2997 2318 3111 2372 d-es
3133 2316 3280 2381 Saul,
3312 2317 3418 2373 nisi

1821 2404 1958 2460 lucis
1987 2395 2197 2476 Opera?
2244 2405 2400 2472 Quod
2443 2407 2643 2462 bellum
2671 2408 2913 2464 doctoris
2940 2417 3022 2464 est
3070 2409 3216 2463 aliud
3250 2424 3413 2478 quam

1821 2495 1970 2565 quod
2034 2495 2215 2564 lingua
2253 2494 2600 2550 conficitur?
2665 2493 2924 2552 Omnibus
2994 2498 3176 2566 itaque
3229 2497 3420 2551 diebus

1821 2594 2044 2656 pugnat,
2071 2586 2162 2655 qui
2193 2586 2361 2640 multa
2388 2587 2526 2641 alios
2553 2587 2738 2654 docet,
2765 2587 2859 2642 sed
2904 2588 2979 2642 nil
3013 2586 3258 2644 docendo
3289 2603 3417 2657 pro-

1823 2673 1949 2740 fert,
1975 2676 2072 2730 nisi
2105 2675 2248 2744 quod
2275 2691 2375 2731 suo
2406 2675 2552 2746 prius
2578 2675 2747 2746 fulget
2773 2692 2957 2748 opere.
2991 2676 3047 2731 ln
3089 2678 3176 2732 die
3215 2678 3416 2732 etenim

1820 2780 1918 2821 sua
1947 2773 2165 2836 pugnat,
2195 2767 2286 2838 qui
2315 2768 2480 2822 verba
2507 2768 2904 2838 prndicationis
2923 2785 2990 2824 ex
3015 2770 3230 2840 propria
3253 2770 3418 2824 trahit

1822 2858 1944 2913 luce
1973 2857 2206 2912 virtutis.
2251 2856 2310 2911 In
2356 2857 2444 2912 die
2483 2871 2613 2926 ergo
2661 2857 2839 2912 alieno
2865 2872 3106 2928 pugnare
3150 2858 3292 2925 vult,
3322 2857 3416 2928 qui

1822 2948 2097 3004 contraire
2139 2948 2385 3018 reprobis
2435 2948 2714 3018 spiritibus
2741 2950 2954 3019 satagit,
2985 2965 3091 3004 non
3145 2949 3417 3020 loquendo

1821 3055 1942 3110 quae
1985 3040 2113 3109 agit,
2148 3041 2243 3094 sed
2275 3039 2615 3109 prtedicando
2653 3056 2773 3111 qua:
2820 3042 2989 3096 novit.
3021 3041 3128 3096 Sed
3167 3042 3419 3097 omnibus

158 3131 239 3186 nisi
264 3133 381 3202 quia
410 3147 440 3185 a
470 3132 586 3188 Deo
633 3141 736 3196 est,
763 3141 816 3187 et
841 3132 986 3202 quod
1014 3131 1286 3202 Scriptura
1318 3141 1502 3188 sancta
1532 3141 1714 3188 auste—
1743 3123 1792 3188 C
1821 3133 2012 3188 diebus
2062 3139 2266 3202 pugnat
2294 3149 2308 3184 :
2359 3132 2484 3201 quia
2516 3132 2697 3187 omnia
2727 3139 2995 3204 praecepta
3039 3133 3135 3188 Dei
3180 3133 3420 3188 ostendit

156 3236 255 3276 rum
277 3221 534 3292 praee'pit,
565 3228 622 3277 et
646 3221 815 3277 virtus
835 3209 1072 3276 exterior
1087 3220 1234 3276 dura:
1253 3221 1718 3278 conversationis?

155 3310 319 3369 Frater
341 3312 539 3384 quippe
567 3311 802 3368 lucerna:
856 3310 1021 3366 durus
1058 3319 1160 3374 est,
1215 3311 1340 3380 quia
1371 3312 1594 3380 gratiam
1626 3313 1719 3367 im-

156 3405 338 3474 plenda:
363 3404 494 3473 legis
517 3403 585 3458 ab
607 3418 672 3459 eo
701 3403 866 3458 habet
893 3418 922 3458 a
951 3417 1058 3472 quo
1086 3403 1198 3471 ipsa
1225 3402 1309 3456 lex
1332 3411 1508 3456 ortum
1533 3403 1716 3462 habet.

159 3491 290 3549 Unde
312 3504 364 3549 et
390 3493 673 3548 Psalmista
717 3493 1051 3549 confidenter
1096 3491 1453 3564 repromittit,
1486 3491 1670 3547 dicens
1703 3511 1714 3545 :

157 3584 338 3639 Etenim
384 3586 791 3640 benedictionem
831 3583 994 3652 dabit,
1041 3584 1127 3656 qui
1168 3583 1329 3656 legem
1359 3585 1499 3638 dedit
1545 3584 1717 3652 (Psal.

159 3689 356 3742 txxxtn,
386 3675 464 3746 7).
517 3674 714 3743 Legem
765 3675 966 3744 quippe
1007 3674 1138 3729 dare
1175 3683 1257 3730 est
1306 3683 1569 3744 praecepta
1599 3676 1722 3732 vitae

158 3763 316 3818 electis
342 3762 606 3834 proferre,
631 3762 1066 3819 benedictionem
1106 3762 1269 3818 etiam
1318 3763 1449 3818 dare
1491 3772 1574 3818 est
1600 3777 1720 3832 gra-

162 3852 266 3906 tiam
310 3853 591 3924 implenda:
631 3853 764 3923 legis
817 3853 1150 3923 impendere.
1184 3852 1321 3921 Quia
1365 3869 1495 3924 ergo
1521 3855 1590 3910 ab
1612 3872 1720 3912 uno

161 3951 266 3995 sunt
318 3951 421 3996 tam
478 3943 661 3998 lumen
717 3941 1007 4012 Scriptura:
1052 3957 1217 4012 quam
1278 3943 1539 4012 asperitas
1600 3945 1722 4000 vitae

162 4043 344 4102 noslmz,
371 4034 461 4094 Cis
485 4045 542 4092 et
571 4036 679 4091 Ner
699 4035 856 4090 unius
898 4035 1068 4104 patris
1115 4034 1209 4090 lilii
1250 4050 1371 4092 esse
1395 4035 1718 4092 referuntur.

162 4124 313 4180 Abner
337 4140 466 4195 ergo
497 4125 638 4182 filius
661 4125 790 4193 Ner,
822 4125 953 4180 Saul
976 4125 1120 4194 regis
1147 4125 1406 4196 palmetis
1435 4141 1554 4182 esse
1576 4136 1722 4183 recte

162 4213 346 4283 dicitur,
378 4215 507 4285 quia
531 4214 624 4285 qui
667 4214 736 4270 ad
766 4229 948 4270 curam
976 4215 1277 4270 animarum
1307 4214 1541 4284 eligitur,
1573 4215 1724 4271 durae

163 4312 206 4358 et
249 4320 442 4376 aspera:
475 4305 599 4361 vita:
626 4305 824 4361 debere
850 4319 971 4361 esse
993 4304 1286 4374 iudicatur.
1322 4303 1426 4360 Sed
1455 4305 1548 4376 qui
1587 4322 1724 4378 prac-

161 4396 432 4453 dicatorum
461 4398 741 4465 adjutores
768 4413 888 4452 esse
916 4398 1160 4467 cupiunt,
1215 4413 1486 4468 nunquam
1536 4409 1720 4466 agunt,

1822 3222 1876 3278 in
1926 3223 2046 3278 luce
2073 3221 2424 3292 operis,quzn
2459 3223 2838 3292 subsequendo
2882 3224 2997 3278 vult
3041 3225 3280 3294 pandere
3318 3239 3418 3296 per

1821 3326 2005 3366 curam
2050 3311 2472 3383 praedicationis.
2506 3313 2700 3368 Merito
2746 3313 2930 3382 itaque
2971 3313 3174 3370 bellum
3224 3323 3421 3384 potens

1823 3402 2044 3472 dicitur,
2069 3403 2122 3457 in
2153 3418 2261 3473 quo
2291 3419 2414 3459 cum
2442 3403 3042 3470 omnimodavirtutum,
3075 3404 3163 3460 vel
3189 3420 3416 3475 operum

1822 3495 1946 3550 luce
1973 3505 2261 3566 pugnatur.
2295 3494 2485 3552 Potest
2529 3497 2691 3553 etiam
2723 3512 2821 3568 per
2847 3498 2952 3552 hoc
2981 3496 3124 3566 quod
3165 3497 3416 3553 omnibus

1823 3584 2012 3642 diebus
2062 3601 2305 3656 pugnare
2345 3586 2562 3653 dicitur,
2597 3587 2786 3655 agenis
2825 3586 3120 3657 spiritualis
3165 3587 3417 3642 instantia

1823 3675 2115 3745 designari.
2161 3675 2265 3743 Qui
2288 3677 2433 3731 enim
2460 3677 2626 3731 vitam
2656 3677 2800 3733 ducit
2849 3677 3065 3746 plenam
3112 3677 3418 3744 virtutibus,

1824 3768 1877 3822 in
1926 3767 2116 3824 diebus
2164 3768 2311 3826 vivit.
2343 3768 2567 3824 Cunctis
2610 3782 2740 3839 ergo
2769 3768 2956 3825 diebus
2985 3769 3183 3824 bellum
3225 3777 3419 3838 potens

1825 3859 1984 3914 electi
2030 3859 2271 3916 doctoris
2318 3860 2665 3928 agnoscitur,
2718 3859 2843 3928 quia
2889 3859 2935 3916 is
2986 3873 3200 3930 semper
3246 3859 3419 3915 malos

1823 3950 2044 4018 Spiritus
2071 3964 2331 4020 superare
2359 3950 2617 4014 cernitur,
2648 3950 2739 4019 qui
2769 3965 2799 4004 a
2824 3949 2946 4004 luce
2973 3950 3229 4019 virtutum
3277 3965 3420 4004 nun-

1823 4053 1986 4109 quam
2045 4047 2344 4112 separatur.
2404 4038 2512 4095 Sed
2566 4039 2769 4094 habent
2808 4039 2966 4095 electi
3009 4038 3110 4094 viri
3162 4041 3417 4094 virtutem

1823 4131 2120 4201 praeliandi,
2151 4131 2352 4186 habent
2379 4139 2434 4186 et
2462 4131 2820 4187 humilitatem
2849 4130 3077 4188 timoris.
3107 4129 3210 4185 Per
3241 4132 3420 4186 virtu-

1827 4232 1931 4278 tem
1956 4223 2310 4294 triumphant,
2341 4223 2434 4279 sed
2465 4239 2562 4294 per
2583 4224 2832 4280 timorem
2860 4223 3059 4278 auxilia
3087 4235 3419 4292 congregare

1824 4329 1932 4367 non
1963 4321 2194 4369 cessant.
2233 4312 2382 4368 Unde
2430 4322 2581 4369 tanto
2609 4314 2802 4370 fortius
2839 4314 3168 4384 praeliantur,
3215 4319 3420 4382 quanto

1825 4411 1882 4458 et
1906 4406 2049 4460 vires
2091 4402 2411 4472 confligendi
2454 4418 2784 4474 congregare
2813 4419 2923 4461 non
2969 4403 3242 4460 desinunt.
3273 4403 3421 4458 Bene

161 4488 279 4556 quod
301 4489 540 4560 cupiunt,
570 4489 615 4545 si
637 4489 815 4544 lumen
838 4487 1130 4558 Scriptura:
1157 4496 1376 4555 sanctae,
1408 4488 1461 4542 in
1481 4504 1588 4558 quo
1619 4503 1715 4558 per
1747 4496 1792 4555 D
1816 4506 1947 4563 ergo
1977 4507 2139 4547 causa
2170 4493 2408 4561 potentis
2434 4492 2560 4548 belli
2589 4493 2928 4563 subjungitur
2958 4510 2972 4547 :

162 4581 490 4650 cognitionem
516 4581 929 4652 conceptisuut,
959 4581 1012 4634 in
1041 4581 1183 4636 bona
1213 4580 1529 4650 operatione
1556 4588 1717 4649 atque

162 4681 319 4726 sancta
347 4673 749 4743 praedicatione,
779 4671 926 4726 velut
957 4672 1250 4737 nascendo,
1281 4687 1388 4726 non
1413 4671 1714 4740 perﬁciunt.

162 4762 274 4818 Cum
308 4782 434 4821 vero
483 4766 883 4835 Scripturarum
913 4773 1220 4820 sanctarum
1266 4765 1504 4836 cognitio
1551 4767 1719 4834 magis

158 4854 354 4909 summis
380 4855 696 4910 doctoribus
722 4869 883 4924 quam
915 4869 1102 4909 eorum
1131 4853 1468 4922 adjutoribus
1495 4853 1720 4909 subditis

159 4943 483 5016 adscribatur,
518 4955 576 5002 et
598 4946 846 5016 exempla
875 4945 1305 5000 conversationis
1356 4946 1510 5014 sequi
1551 4945 1721 5014 magis

159 5033 425 5090 minoribus
475 5050 641 5106 quam
689 5034 986 5105 majoribus
1024 5035 1318 5089 convenire
1384 5033 1715 5099 videantur;

159 5125 265 5189 quid
287 5134 363 5180 est
391 5125 533 5197 quod
563 5125 681 5179 duri
735 5124 874 5180 ﬁlius
927 5139 1024 5180 rex
1078 5123 1292 5190 dicitur,
1326 5123 1555 5181 lucerna:
1586 5139 1717 5178 vero

162 5210 278 5270 ﬁlius
314 5217 504 5274 dicitur
533 5218 784 5287 princeps
832 5217 1015 5284 regis?
1044 5214 1151 5270 Sed
1181 5215 1267 5269 his
1309 5215 1484 5269 verbis
1511 5231 1616 5269 non
1646 5215 1720 5268 si-

161 5301 347 5366 gnificat
392 5305 534 5376 quod
587 5303 783 5360 summi
824 5304 1076 5360 doctores
1105 5311 1160 5357 et
1205 5318 1394 5358 eorum
1447 5301 1721 5371 adjutores

161 5387 351 5459 habent,
382 5396 474 5450 sed
499 5410 794 5466 suppresso
843 5393 988 5465 quod
1044 5394 1276 5459 habent,
1331 5394 1555 5464 exponit
1574 5393 1720 5463 quod

162 5481 357 5550 singulis
379 5487 641 5556 agendum
667 5494 770 5545 est.
802 5487 918 5542 Rex
945 5487 1166 5558 quippe,
1198 5487 1448 5542 videlicet
1481 5502 1723 5542 summus

164 5579 210 5623 et
229 5574 413 5631 electus
439 5577 776 5647 praedicator,
798 5577 924 5646 quia
963 5575 1075 5646 jam
1108 5593 1206 5648 per
1236 5577 1510 5636 altissima:
1537 5578 1718 5633 erudi-

167 5657 306 5716 tionis
353 5666 652 5733 scientiam,
701 5666 988 5737 Scriptur.e
1039 5666 1219 5722 lumen
1269 5666 1463 5738 habet,
1499 5681 1606 5724 non
1645 5668 1724 5724 sic

1896 4581 2073 4652 (νει-ε.
2107 4579 2193 4634 52.
2228 4581 2246 4651 )
2293 4579 2434 4635 Nam
2464 4600 2810 4654 quemcunque
2834 4582 3035 4636 videbat
3078 4581 3209 4638 Saul
3254 4582 3418 4638 virum

1827 4675 2010 4742 fortem
2039 4681 2088 4726 et
2116 4679 2293 4742 aptum
2310 4672 2380 4724 ad
2398 4673 2653 4741 praelium,
2684 4672 2914 4727 sociabat
2935 4689 3050 4726 eum
3078 4672 3195 4725 sibi.

1900 4762 1990 4817 74.
2022 4761 2183 4828 Quasi
2209 4761 2354 4816 dicat
2380 4778 2392 4813 :
2425 4759 2629 4817 ΗΟῘΙὋΟ
2659 4762 2860 4816 bellare
2890 4767 3140 4830 potenter
3179 4765 3415 4827 poterat,

1829 4853 1954 4924 quia
1984 4865 2314 4922 congregare
2343 4851 2638 4906 exercitum
2691 4867 2800 4908 non
2849 4849 3114 4905 cessabat.
3152 4848 3258 4904 Sed
3289 4849 3415 4918 quia

1827 4961 1937 4999 non
1975 4944 2149 5000 solum
2179 4943 2362 5008 fortes,
2393 4942 2488 4996 sed
2515 4942 2679 4997 etiam
2724 4949 2881 5011 aptos
2934 4940 3001 4994 ad
3046 4939 3286 5008 praelium
3316 4937 3419 4993 sibi

1823 5033 2064 5088 sociasse
2091 5031 2308 5097 dicitur,
2357 5039 2546 5085 cautus
2582 5030 2775 5086 doctor
2813 5030 2865 5084 in
2912 5027 3170 5093 eligendis
3217 5026 3417 5082 Christi

1825 5121 2084 5176 militibus
2129 5119 2550 5175 demonstratur.
2602 5118 2795 5175 Fortes
2849 5124 3030 5174 autem
3079 5115 3146 5170 ad
3193 5116 3414 5170 ferenda

1825 5227 1991 5268 onera
2011 5211 2228 5280 quidam
2256 5217 2400 5277 sunt,
2434 5225 2544 5265 non
2595 5209 2664 5264 ad
2703 5209 2886 5279 praelia
2921 5209 3243 5274 exercenda,
3291 5207 3418 5276 quia

1822 5301 2053 5374 pucliari
2074 5300 2141 5354 de
2169 5298 2477 5355 fortitudine
2505 5314 2603 5354 sua
2631 5299 2756 5354 dum
2784 5299 3051 5362 nesciunt,
3078 5311 3418 5366 nequaquam

1823 5399 2070 5463 possunt.
2121 5389 2232 5444 Viri
2265 5405 2394 5459 ergo
2417 5390 2584 5447 fortes
2637 5398 2692 5446 et
2743 5389 2811 5444 ad
2835 5390 3071 5460 prndium
3118 5389 3229 5458 apti
3270 5395 3418 5451 sunt,

1826 5484 1915 5553 qui
1943 5482 2122 5538 sciunt
2138 5496 2397 5552 pugnare,
2419 5488 2477 5538 et
2495 5481 2703 5538 volunt.
2734 5482 2838 5536 Per
2861 5481 3191 5536 voluntatem
3217 5478 3419 5549 quippe

1829 5574 1998 5631 lentes
2033 5565 2180 5637 sunt,
2209 5580 2265 5627 et
2293 5587 2390 5641 per
2440 5572 2718 5628 scientiam
2766 5573 2877 5642 apti
2919 5570 2986 5625 ad
3045 5569 3416 5640 pnnliaudum.

1832 5665 1993 5740 350
2045 5663 2410 5732 Quorumdam
2448 5678 2577 5734 ergo
2633 5665 2910 5720 temeritas
2953 5677 2984 5715 a
3027 5660 3226 5717 Christi
3273 5659 3416 5714 bello
