3948 6280
549 304 653 363 «lti'

1741 309 1978 366 SiNCTl
2022 305 2345 363 GllEG‘Jllll
2385 309 2597 364 MACNI
3686 311 3777 368 408

549 422 841 492 repellitur,
899 414 1019 476 cum
1063 422 1171 492 apti
1217 430 1272 477 et
1318 421 1481 476 fortes
1532 419 1690 474 electi
1731 427 2116 473 memorantur.
2153 419 2194 476 Α
2225 415 2363 470 firmi
2391 417 2793 486 pertimescunt.
2823 415 2957 481 Quid
2992 428 3123 483 ergo
3153 416 3259 483 isti,
3287 416 3386 470 nisi
3426 414 3585 471 fortes
3615 427 3664 472 et
3691 436 3782 476 nou

546 511 677 565 Nam
703 510 917 581 quidam
946 511 1123 564 sciunt
1150 526 1272 565 cum
1303 511 1516 565 diabolo
1550 523 1809 579 pugnare,
1834 517 1889 563 et
1918 509 2123 562 uolunt.

546 599 826 669 Sapientes
856 598 1070 666 quidem
1092 607 1235 661 sunt,
1262 608 1319 651 ut
1351 598 1546 651 faciant
1575 598 1731 660 mala,
1782 596 1919 650 bona
1948 604 2124 648 autem

547 691 724 742 facere
754 687 998 741 nesciunt
1028 687 1234 757 (Jerem.
1266 704 1334 751 tv,
1369 687 1480 755 9‘2).
1514 686 1576 739 lli
1600 687 1818 754 antiquo
1848 686 1986 739 hosti
2015 700 2123 738 scr-

545 778 655 830 vire
683 777 892 840 volunt,
913 777 1161 830 resistere
1181 777 1390 831 nolunt.
1432 775 1567 841 Quid
1614 776 1757 829 cnim
1806 774 1966 827 faciat
2026 773 2127 825 do-

544 876 680 931 ctor,
712 868 758 921 si
786 876 940 937 aptos
962 868 1093 921 istos
1119 867 1186 920 ad
1208 867 1446 936 praelium
1486 866 1585 920 sibi
1625 865 1814 919 societ.
1846 861 2015 930 Magis
2044 870 2126 914 ta-

544 955 619 1009 les
646 964 868 1025 possunt
897 956 1031 1010 alios
1069 971 1165 1025 per
1186 956 1431 1025 exempla
1483 955 1759 1009 destruere
1805 968 1965 1021 quam
2013 951 2127 1020 ipse

542 1060 639 1112 per
669 1047 887 1100 verbum
910 1045 1191 1101 :rdilicare.
1214 1048 1347 1101 Nam
1393 1054 1448 1100 et
1467 1060 1610 1114 saepe
1653 1045 1787 1098 tales
1817 1044 2013 1098 docere
2035 1057 2129 1094 au-

543 1138 693 1199 dent,
716 1143 771 1189 et
799 1135 1025 1189 docendi
1048 1137 1296 1190 virtutem
1320 1135 1595 1204 operando
1624 1150 1730 1187 non
1763 1141 1963 1187 leuent.
1992 1130 2127 1185 Cum

543 1223 836 1290 loquuntur
864 1224 1167 1290 nobiscum,
1186 1226 1237 1279 iu
1264 1224 1449 1279 hostes
1470 1225 1699 1290 irruunt,
1722 1224 1813 1278 sed
1846 1238 1943 1291 per
1964 1237 2127 1291 opera

544 1313 722 1366 subito
744 1313 796 1365 in
824 1313 1029 1367 viscera
1054 1321 1236 1368 nostra
1268 1320 1601 1381 torquentur.
1649 1312 1806 1364 Velut
1830 1311 2130 1380 proditores

542 1401 761 1467 quidam
791 1403 1075 1470 exercitus,
1106 1418 1252 1456 arma
1269 1403 1582 1457 Christiana:
1604 1402 1860 1456 doctrina:
1881 1400 2125 1467 induunt,

542 1498 597 1543 et
626 1504 723 1557 per
750 1492 994 1560 exempla
1024 1492 1201 1547 subito
1228 1492 1480 1560 parvulos
1507 1491 1705 1545 Christi
1756 1490 1971 1554 feriunt,
1995 1504 2130 1559 quos

544 1579 681 1634 velle
710 1590 992 1650 protegere
1014 1582 1279 1651 loquendo
1312 1583 1651 1652 putabamus.
1702 1582 1817 1635 Non
1856 1582 1967 1649 apti
2000 1596 2128 1649 ergo

542 1670 645 1723 viri
672 1670 838 1725 fortes
866 1673 1103 1741 repelleu
1126 1674 1179 1739 li,
1206 1688 1314 1727 non
1366 1673 1604 1727 sociandi
1630 1672 1783 1726 nobis
1828 1679 1971 1733 sunt,
2005 1670 2127 1738 quia

2230 508 2342 576 apti
2368 516 2510 572 sunt,
2541 507 2628 575 qui
2656 507 2837 561 szeculi
2863 519 3053 572 magna
3082 506 3300 572 faciunt,
3351 516 3405 560 et
3426 505 3616 561 Christi
3644 522 3784 575 agere

2230 597 2365 651 levia
2394 605 2448 651 et
2465 597 2657 651 blanda
2703 612 2810 649 non
2841 597 3098 665 possunt?
3133 596 3286 664 Saepe
3328 597 3492 649 etiam
3544 597 3592 648 in
3624 613 3783 651 mona-

2229 688 2406 744 steriis
2434 696 2838 752 comertuntur,
2868 696 2922 741 et
2942 686 3402 756 quiszcculionera
3439 687 3641 740 l'ort'ter
3666 691 3782 740 ωερ-

2229 789 2350 835 rant
2372 781 2423 833 in
2446 779 2643 849 parvis,
2676 784 2989 846 quzcaguut,
3020 776 3170 846 quasi
3201 777 3578 843 iutermagnos
3604 777 3784 831 labores

2230 870 2441 924 sudant.
2465 867 2600 933 Quid
2628 882 2755 934 ergo
2770 867 2851 921 his
2874 866 3051 920 verbis
3095 865 3417 931 ostenditur,
3465 866 3563 918 nisi
3593 875 3647 918 ut
3665 867 3785 922 viros

2231 959 2297 1011 ad
2318 956 2511 1011 Christi
2540 956 2780 1009 militiam
2811 970 2928 1008 cum
2961 966 3151 1020 magna
3200 953 3354 1006 nobis
3386 953 3696 1007 discretione
3715 971 3786 1008 so-

2230 1046 2453 1110 ciemus,
2484 1059 2584 1099 nec
2609 1044 2988 1098 accedentibus
3012 1052 3135 1097 aute
3161 1044 3493 1111 prrebcainus
3523 1043 3783 1110 ingressum

2231 1152 2391 1206 quam
2414 1150 2509 1190 eos
2535 1143 2769 1204 etaptos
2796 1150 2893 1203 per
2914 1134 3214 1198 scientiam,
3233 1142 3289 1187 et
3312 1131 3475 1188 fortes
3504 1148 3596 1202 per
3616 1134 3785 1188 bonam

2231 1231 2563 1285 voluntatem
2592 1243 2711 1282 esse
2732 1227 3004 1282 sciamus?
3030 1225 3261 1279 Possunt
3282 1232 3460 1278 autem
3490 1224 3678 1277 idcirco
3701 1225 3783 1278 viri

2231 1322 2398 1377 fortes
2425 1328 2479 1375 et
2501 1319 2607 1389 apti
2641 1319 2708 1373 ad
2735 1319 2972 1388 prinlium
3020 1316 3147 1383 dici,
3188 1316 3279 1384 qui
3320 1316 3596 1378 Amalech,
3641 1315 3688 1368 id
3718 1325 3785 1370 est

2233 1412 2510 1466 libidinum
2540 1410 2679 1464 bella
2706 1410 3122 1476 subsequuntur.
3154 1406 3287 1460 Nam
3340 1407 3439 1459 viri
3486 1405 3647 1460 fortes
3695 1422 3785 1459 non

2233 1513 2376 1569 sunt,
2405 1504 2494 1571 qui
2534 1501 2776 1555 (arnales
2816 1497 3280 1566 concupiscentias
3334 1496 3670 1563 exstinguere
3711 1511 3786 1550 ne-

2234 1600 2457 1659 queunt.
2488 1588 2553 1642 Et
2582 1588 2693 1657 apti
2722 1588 2787 1641 ad
2822 1587 3066 1656 praelium
3114 1600 3223 1640 non
3273 1584 3536 1648 videntur,
3579 1584 3667 1652 qui
3707 1599 3787 1651 pro

2233 1682 2487 1753 pulicitia
2511 1681 2619 1750 apti
2646 1680 2711 1733 ad
2748 1677 3092 1749 pmliandum
3132 1692 3237 1728 non
3302 1682 3450 1728 sunt.
3488 1672 3653 1741 Eligat
3678 1690 3786 1743 ergo

542 1778 639 1831 per
658 1763 927 1831 sapientes
943 1764 1203 1832 reprobus
1234 1764 1396 1818 robur
1419 1771 1660 1818 nostrum
1691 1762 2000 1825 destruitur,
2024 1777 2129 1814 non
2167 1788 2206 1842 η
2235 1773 2424 1826 dcam-
2444 1770 2639 1823 ιηῑιίιθε
2668 1768 2895 1833 Christi,
2916 1767 3075 1833 eligat
3096 1764 3280 1829 fortes,
3320 1772 3379 1816 ut
3427 1764 3551 1817 dum
3598 1778 3789 1817 carnem

541 1861 789 1919 augetur.
819 1852 919 1918 Qui
943 1866 1071 1921 ergo
1097 1861 1222 1907 sunt
1250 1852 1414 1907 fortes
1442 1861 1494 1905 et
1541 1867 1648 1905 non
1680 1851 1811 1919 apti,
1856 1848 1955 1901 nisi
1997 1862 2133 1917 ques

542 1941 785 1997 videmus
807 1958 971 1997 onera
993 1944 1171 1998 saeculi
1201 1944 1411 1997 fortiter
1441 1942 1602 2007 ferre,
1656 1950 1710 1995 et
1762 1938 2129 1994 fortitudinem

541 2046 692 2084 suam
741 2032 795 2086 in
851 2032 1129 2087 servitium
1182 2033 1487 2088 Conditoris
1554 2030 1841 2085 transferre
1893 2029 2133 2083 nescire?

544 2120 677 2177 Nam
695 2122 879 2190 jugum
900 2124 1196 2189 hominum,
1222 2133 1275 2178 et
1302 2138 1521 2191 magnos
1536 2122 1714 2175 smculi
1747 2121 1956 2174 labores
1975 2118 2133 2173 forti-

432 2219 447 2233 ‘
542 2221 626 2267 ter
651 2212 846 2281 lerunt,
879 2215 972 2270 sed
1003 2215 1069 2269 ad
1091 2216 1402 2271 servitutem
1449 2216 1541 2269 Dei
1598 2213 1857 2269 accedere
1887 2212 2031 2265 velut
2061 2210 2137 2263 in-

2240 1859 2449 1914 fortiter
2473 1858 2715 1923 domant,
2746 1854 3046 1910 immundos
3069 1853 3286 1921 spiritus
3307 1859 3555 1921 potenter
3578 1851 3785 1903 vincant.

2238 1946 2412 2014 Eligat
2435 1958 2563 2012 ergo
2592 1953 2748 2013 aptos
2784 1942 2850 1997 ad
2878 1942 3151 2011 praelium;
3206 1949 3264 1993 ut
3311 1940 3436 1993 dum
3491 1939 3626 1992 inter
3667 1937 3789 1991 dona

2240 2036 2565 2090 fortitudinis
2596 2051 2702 2090 non
2731 2033 3068 2103 superbiant,
3116 2030 3367 2099 triumphi
3416 2028 3585 2097 gloria
3620 2029 3669 2081 in
3691 2041 3791 2083 cm-

2240 2125 2460 2179 leStibus
2489 2124 2861 2179 sublimentur.

1706 2514 2049 2596 LIBER
2110 2511 2497 2593 SEXTU
2517 2510 2599 2591 S.

973 2697 1135 2768 339
1163 2692 1392 2749 CAPUT
1413 2690 1703 2746 PRIMUM.

616 2795 663 2865 (l
687 2792 941 2860 [ἴθι-ιγ,
964 2787 1109 2857 1-5.)
1140 2786 1208 2840 Et
1232 2786 1367 2840 dixit
1405 2784 1619 2839 Samuel
1668 2782 1738 2836 ad
1785 2782 1918 2836 Saul
1969 2797 1988 2834 :
2045 2780 2131 2835 Me

542 2886 684 2941 misit
714 2882 966 2936 Dominus
989 2892 1179 2948 ungere
1204 2883 1251 2929 te
1281 2875 1335 2928 in
1370 2890 1541 2945 regem
1567 2889 1718 2942 super
1746 2872 1991 2941 populum
2022 2870 2134 2940 ejus

542 2973 732 3029 Israel.
766 2969 922 3025 Nunc
967 2983 1089 3038 ergo
1142 2965 1262 3019 audi
1312 2980 1484 3018 vocem
1537 2960 1767 3019 Domini.
1828 2959 1956 3014 Ilico
2011 2961 2134 3013 dicit

545 3064 793 3121 Dominus
815 3059 1127 3114 exercituum
1151 3071 1170 3110 :
1200 3054 1451 3108 Recensui
1497 3068 1807 3123 quaecunque
1832 3053 1948 3122 fecit
1974 3051 2133 3103 Ama-

543 3154 651 3208 lech
684 3150 887 3212 fsraeli,
912 3146 1163 3218 quomodo
1188 3144 1373 3197 restitit
1399 3143 1447 3196 ei
1466 3144 1524 3195 in
1543 3143 1645 3205 via,
1669 3156 1782 3192 cum
1833 3139 2131 3193 ascenderet

545 3244 607 3297 de
634 3240 888 3311 mEgypto.
922 3236 1077 3289 Nunc
1106 3250 1228 3304 ergo
1254 3234 1397 3295 vade,
1430 3240 1478 3284 et
1525 3241 1729 3298 percute
1781 3231 2043 3292 Amalech,
2085 3241 2131 3284 et

555 3328 801 3383 demolire
823 3327 1057 3378 universa
1078 3323 1211 3391 ejus.
1802 3328 1813 3349 κ

620 3422 670 3473 l.
690 3417 947 3488 Superius
963 3413 1217 3467 Amalech
1246 3412 1469 3465 luxuria:
1490 3412 1677 3465 vitium
1691 3411 1968 3479 designare
1990 3411 2131 3466 dixi-

550 3526 687 3573 mus,
719 3523 838 3576 quae
879 3505 1023 3559 velut
1056 3502 1264 3565 lambit,
1296 3502 1420 3555 dum
1475 3500 1800 3570 Voluptatem
1851 3501 2132 3555 blandien-

546 3607 616 3661 do
637 3601 890 3671 suggerit.
914 3597 1195 3655 Profectus
1216 3611 1344 3665 ergo
1375 3597 2130 3661 conversationisostenditur,

546 3713 611 3752 eo
637 3694 777 3766 quod
805 3692 1051 3763 superius
1072 3705 1101 3744 a
1124 3689 1251 3743 Saul
1282 3703 1566 3758 percussus
1586 3688 1861 3755 asset-itur,
1910 3697 1964 3743 et
1991 3704 2134 3743 nunc

549 3805 655 3843 non
678 3786 991 3856 simpliciter
1010 3783 1230 3853 jubetur
1256 3781 1491 3851 percuti,
1537 3780 1630 3835 sed
1686 3780 1862 3834 omnia
1892 3780 2007 3849 ejus
2036 3779 2133 3835 de-

550 3880 747 3937 moliri.
772 3878 952 3932 Primo
983 3874 1197 3944 quidem
1222 3873 1366 3926 hunc
1389 3872 1582 3927 doctor
1610 3872 1865 3940 percutit,
1919 3870 2133 3939 quando

545 3984 643 4037 per
663 3967 781 4035 ejus
801 3966 1021 4019 verbum
1052 3962 1245 4030 agitur,
1280 3968 1337 4015 ut
1376 3959 1628 4029 pudicitia
1651 3960 1702 4012 in
1751 3974 2135 4014 conversorum

547 4056 801 4112 cordibus
821 4063 876 4107 et
901 4051 1222 4120 corporibus
1246 4057 1509 4104 teneatur.
1530 4050 1693 4114 Quasi
1720 4051 1860 4103 enim
1882 4065 2134 4118 percussa

547 4156 633 4201 est
660 4145 844 4208 libido,
865 4142 1081 4211 quando
1109 4154 1237 4194 caro
1265 4139 1426 4192 armis
1464 4138 1733 4207 pudicitiae
1771 4140 2135 4205 qualitercun-

550 4250 655 4301 que
681 4233 897 4287 subacta
928 4238 1028 4294 est,
1061 4238 1117 4283 et
1142 4227 1376 4297 perfecte
1397 4227 1617 4280 subacta
1640 4241 1745 4280 non
1765 4235 1865 4280 est.
1884 4226 2014 4279 Nam
2045 4226 2133 4295 qui

552 4320 775 4376 luxuriae
801 4318 909 4387 jam
939 4317 1345 4384 inquinamenta
1372 4314 1534 4384 3&0
1585 4314 1806 4378 deserit,
1836 4315 1929 4369 sed
1962 4315 2137 4370 adhuc

552 4419 732 4466 motus
752 4418 935 4477 turpes
956 4422 1021 4461 ex
1051 4421 1110 4460 se
1139 4412 1327 4461 contra
1356 4419 1414 4459 se
1444 4404 1779 4472 insurgentes
1821 4405 2005 4481 sentit,
2023 4405 2134 4475 jam

550 4516 688 4572 opus
712 4499 971 4555 nefarium
999 4512 1107 4552 non
1135 4490 1375 4560 exercet,
1403 4494 1497 4550 sed
1526 4503 1705 4549 tamen
1723 4495 1941 4563 abigere
1969 4496 2073 4551 hoc
2102 4513 2132 4550 a

546 4592 879 4661 cogitatione
898 4605 1004 4644 non
1032 4595 1229 4658 potest.
1266 4586 1421 4656 S.cpe
1468 4586 1663 4641 invitus
1707 4594 1762 4641 et
1793 4586 2035 4642 incautus
2063 4588 2129 4640 ad

548 4680 852 4736 immundas
873 4678 1225 4746 cogitationes
1255 4675 1504 4742 trahitur,
1525 4674 1621 4729 sed
1640 4689 1703 4728 ea
1725 4688 1842 4743 qua:
1856 4675 2134 4744 negligen-

545 4771 615 4825 do
644 4770 786 4824 intus
808 4766 1031 4836 cogitat,
1053 4780 1268 4821 carnem
1290 4765 1423 4818 foris
1471 4765 1729 4826 excitant,
1765 4775 1819 4817 ut
1845 4764 1910 4817 ad
1950 4773 2131 4834 turpes

545 4869 727 4914 motus
741 4856 1035 4926 voluptatis
1050 4862 1251 4921 surgat.
1284 4853 1420 4919 Quid
1447 4866 1576 4921 ergo
1597 4863 1680 4907 est
1726 4852 1869 4920 quod
1909 4867 2130 4921 percus-

544 4964 637 5004 sus
660 4946 916 5001 Amalech
947 4946 1141 4999 iterum
1162 4944 1373 5013 perculi
1405 4951 1461 4997 et
1514 4942 1760 4997 demoliri
1806 4942 2131 5012 praccipitur,

549 5038 654 5093 nisi
675 5036 799 5105 quia
836 5034 1159 5105 praedicator
1180 5046 1274 5086 eos
1293 5048 1429 5101 quos
1458 5031 1524 5084 ad
1564 5031 1810 5100 pudicam
1827 5032 1989 5084 vitam
2010 5046 2133 5085 eru-

545 5131 645 5197 dit,
689 5140 1011 5198 promovere
1068 5125 1227 5178 debet
1260 5125 1326 5178 ad
1351 5124 1734 5193 perfectionem
1762 5122 2007 5177 virtutis?
2027 5122 2129 5176 lte-

544 5234 665 5275 rum
693 5230 823 5287 ergo
836 5214 1056 5285 iubetur
1077 5213 1329 5286 Amalech
1359 5214 1592 5283 pereati,
1647 5213 1773 5281 quia
1820 5212 1998 5266 adhuc
2022 5228 2130 5266 non

544 5311 687 5366 bene
708 5304 1020 5363 interfectus
1054 5304 1203 5359 vivit.
1262 5303 1458 5357 lterum
1511 5302 1763 5363 Amalech
1811 5304 2126 5372 percutitur,

547 5417 672 5456 cum
697 5399 876 5455 verbis
897 5396 1138 5455 doctoris
1163 5395 1239 5449 illi
1267 5395 1429 5450 etiam
1452 5402 1628 5449 motus
1648 5395 1736 5463 qui
1760 5409 1983 5449 carnem
2008 5394 2128 5463 pul-

548 5501 669 5545 sant
696 5490 986 5551 eliduntur,
1010 5501 1129 5541 cum
1160 5489 1231 5538 ob
1250 5486 1354 5540 hoc
1378 5484 1626 5539 coronari
1666 5483 1908 5537 subditos
1936 5483 2132 5537 doctor

549 5585 728 5645 docet,
762 5589 819 5635 ut
845 5580 922 5633 sic
942 5590 1137 5645 corpus
1156 5574 1375 5627 domare
1413 5574 1660 5637 dboant,
1721 5582 1780 5626 ut
1829 5572 1894 5625 ad
1951 5572 2131 5628 illece-

546 5664 742 5724 brosas
775 5676 952 5723 motus
976 5679 1312 5733 nequaquam
1341 5671 1541 5731 surgat.
1571 5663 1675 5716 Sed
1706 5663 1830 5731 quia
1860 5677 2131 5730 nunquam

2235 2689 2312 2743 sic
2339 2687 2841 2756 carorestringitur,
2870 2687 2920 2741 si
2945 2701 3096 2741 mens
3117 2685 3183 2740 ad
3229 2685 3506 2740 immunda
3534 2684 3796 2755 cogitando

2234 2779 2452 2848 labitur,
2484 2789 2606 2850 post
2644 2779 3064 2849 percussionem,
3114 2777 3367 2832 Amalech
3418 2776 3658 2830 demoliri
3681 2790 3796 2843 pra-.-

2236 2870 2452 2940 cipitur.
2493 2869 2798 2924 Percutitur
2847 2882 2975 2936 ergo
3022 2868 3074 2920 in
3116 2880 3363 2935 corpore,
3420 2864 3700 2918 demolitur
3747 2863 3795 2915 iu

2235 2964 2417 3029 corde,
2448 2963 2573 3016 dum
2603 2977 2731 3016 caro
2759 2961 2915 3027 digne
2939 2975 3034 3028 per
3068 2956 3451 3012 abstinentiam
3498 2955 3651 3024 3&1
3682 2954 3798 3007 teri-

2234 3063 2342 3117 tur,
2374 3061 2427 3108 et
2456 3069 2607 3107 mens
2637 3069 2665 3106 a
2692 3052 2901 3108 cunctis
2951 3049 3238 3104 immundis
3284 3046 3693 3115 cogitationibus
3724 3060 3798 3097 re-

2237 3142 2492 3198 frenatur.
2561 3142 2679 3208 Quo
2719 3142 2771 3195 in
2820 3142 2941 3195 loco
2992 3140 3172 3209 priora
3212 3138 3374 3192 etiam
3428 3135 3800 3191 consideranda

2236 3240 2378 3297 sunt,
2404 3248 2521 3300 quae
2550 3248 2615 3285 ex
2647 3245 2875 3300 persona
2928 3229 2971 3281 D
2996 3229 3139 3282 trniui
3186 3226 3402 3280 Samuel
3451 3226 3703 3293 loquitur,
3733 3223 3798 3275 di-

2236 3338 2363 3377 cens
2386 3340 2399 3375 :
2426 3321 2676 3375 Recensui
2706 3334 3019 3391 qucecuuque
3048 3319 3164 3389 fecit
3188 3316 3433 3370 Amalech
3462 3313 3671 3381 Israefi,
3692 3330 3799 3384 quo-

2238 3414 2387 3467 modo
2410 3414 2596 3467 restitit
2615 3415 2660 3466 ei
2681 3414 2734 3466 iu
2760 3413 2859 3474 via,
2884 3427 2997 3463 cum
3021 3408 3317 3462 ascenderet
3342 3406 3406 3459 de
3420 3404 3677 3475 Egypto.

2304 3511 2359 3566 ἢ.
2401 3512 2538 3578 Quid
2581 3519 2664 3565 est
2710 3509 2855 3578 quod
2903 3506 3354 3562 Ainalcehitarum
3406 3518 3572 3571 opera
3638 3516 3800 3555 recen-

2235 3611 2449 3665 sentur,
2478 3599 2577 3655 nisi
2630 3600 2755 3669 quia
2804 3598 3029 3651 luxuria:
3078 3598 3479 3664 inquinamenta
3524 3594 3637 3649 Deo
3666 3594 3805 3646 valde

2237 3691 2453 3745 odibilia
2483 3697 2607 3744 sunt
2632 3691 2654 3743 ?
2676 3687 2829 3743 Unde
2882 3688 3073 3741 beatus
3105 3686 3298 3739 Paulus
3321 3684 3601 3750 apostolus
3644 3683 3799 3736 dicit:

2238 3780 2402 3833 Omne
2446 3787 2709 3849 peccatum
2736 3785 2884 3830 extra
2915 3792 3099 3845 corpus
3130 3781 3241 3839 est,
3276 3773 3362 3842 qui
3389 3779 3561 3825 autem
3596 3772 3806 3841 fornica-

2237 3879 2338 3933 tur,
2384 3869 2438 3921 in
2469 3884 2653 3937 corpus
2696 3882 2841 3921 suum
2885 3874 3061 3934 peccat
3109 3863 3177 3933 (1
3217 3863 3338 3917 Cor.
3368 3878 3458 3927 vt,
3514 3862 3579 3915 Π
3607 3867 3644 3927 ).
3688 3859 3804 3912 Item

2233 3960 2387 4013 dicit:
2417 3957 2786 4012 Foruicatores
2815 3965 2863 4008 et
2892 3955 3151 4009 adulteros
3173 3953 3429 4024 iudicabit
3463 3951 3602 4004 Deus
3628 3950 3799 4019 (Hebr.

2235 4065 2327 4103 xui
2348 4086 2367 4115 ,
2395 4046 2430 4100 4
2452 4047 2492 4118 ).
2524 4047 2662 4101 Hinc
2718 4047 2879 4100 etiam
2930 4046 3107 4100 acrius
3157 4045 3442 4113 increpans
3465 4083 3481 4107 ,
3514 4052 3568 4097 et
3598 4058 3627 4095 a
3656 4057 3806 4109 regno

2235 4139 2329 4193 Dei
2360 4154 2454 4193 eos
2481 4152 2802 4206 segregans,
2838 4136 2911 4189 ait
2939 4154 2952 4189 :
2990 4134 3166 4205 Neque
3207 4134 3457 4188 immundi
3490 4150 3699 4203 regnum
3724 4132 3813 4184 Dei

2234 4228 2562 4299 possidebunt
2587 4226 2798 4299 (Ep/tes.
2823 4243 2875 4292 v,
2904 4226 2977 4295 5).
2996 4228 3104 4281 Cur
3134 4225 3340 4280 luxuria
3368 4233 3697 4289 recensetur,
3720 4222 3810 4275 nisi

2234 4321 2356 4389 quia
2369 4319 2571 4388 justitia
2589 4319 2680 4371 Dei
2705 4326 2958 4387 peccator
2978 4317 3273 4386 projicitur,
3298 4317 3513 4384 quando
3541 4315 3609 4368 ad
3632 4327 3811 4385 perpe-

2236 4410 2424 4463 tranda
2452 4409 2568 4477 ejus
2594 4408 2993 4477 inquinamenta
3023 4408 3313 4462 curvatur?
3337 4405 3439 4472 Qui
3470 4419 3600 4474 ergo
3630 4420 3812 4459 recen-

2238 4508 2388 4555 setur
2428 4509 2488 4554 ut
2536 4500 2729 4563 cadat,
2787 4498 3077 4567 aliquando
3131 4505 3442 4552 recensrtur
3489 4505 3545 4551 ut
3596 4504 3809 4566 pereat,

2238 4588 2533 4659 aliquando
2579 4597 2893 4644 recensetur
2923 4597 2981 4642 ut
3030 4596 3231 4656 surgat.
3259 4587 3328 4640 Et
3362 4587 3486 4655 quia
3520 4595 3647 4656 post
3676 4594 3812 4640 tanta

2238 4688 2542 4750 temporum
2580 4682 2755 4750 spatia
2796 4682 3060 4735 recensita
3089 4721 3103 4745 ,
3146 4679 3397 4733 Amalech
3431 4676 3570 4732 facta
3615 4692 3811 4732 memo-

2238 4778 2445 4834 rantur,
2498 4778 2767 4839 utcunque
2812 4770 2968 4824 uobis
3018 4770 3338 4833 insinuatur;
3370 4769 3496 4836 quia
3544 4768 3680 4823 tales
3726 4768 3813 4822 ali-

2238 4860 2456 4927 quando
2504 4869 2628 4929 post
2656 4860 2813 4927 longa
2847 4868 3086 4928 tempora
3118 4859 3456 4925 resipi~-cant.
3493 4857 3611 4926 Ipsa
3641 4868 3812 4911 autem

2240 4948 2356 5017 ejus
2385 4964 2550 5017 opera
2578 4948 2971 5018 exprimuntur,
2996 4962 3117 5002 cum
3155 4947 3381 5001 dicitur:
3416 4943 3687 5009 Quomodo
3718 4961 3813 5003 res-

2236 5040 2339 5092 titit
2366 5041 2411 5092 ei
2439 5039 2495 5092 in
2523 5040 2607 5093 via
2634 5056 2752 5092 cum
2796 5039 3098 5092 ascenderet
3135 5039 3198 5091 de
3238 5036 3495 5107 .Egypto.
3532 5038 3697 5093 Israel
3744 5038 3810 5090 vi-

2235 5130 2366 5184 dens
2394 5129 2561 5184 Deum
2587 5129 2801 5184 dicitur.
2834 5129 2933 5195 Qui
2973 5129 3096 5197 quia
3134 5127 3200 5181 de
3231 5126 3469 5197 IEgypto
3510 5128 3814 5195 perhibetur

2232 5218 2548 5282 ascendere,
2574 5219 2785 5272 noviter
2813 5233 3105 5273 conversos
3130 5217 3366 5270 insinuat
3395 5258 3410 5283 ,
3439 5217 3534 5284 qui
3564 5225 3810 5286 peccato-

2234 5322 2352 5360 rum
2384 5308 2632 5362 tenebras
2653 5316 2709 5362 et
2735 5309 2839 5362 ima
2865 5307 3121 5361 deserunt
3138 5345 3153 5369 ,
3184 5313 3238 5358 ct
3262 5306 3328 5359 ad
3374 5306 3554 5359 lumen
3580 5305 3813 5361 veritatis

2233 5395 2494 5449 accedunt
2523 5438 2539 5464 ,
2566 5404 2622 5450 et
2647 5404 2885 5450 amntem
2916 5397 3042 5450 boni
3074 5398 3253 5465 operis
3279 5395 3596 5449 ascendunt.

2305 5483 2357 5536 5.
2399 5482 2456 5536 1η
2482 5484 2564 5537 via
2594 5493 2773 5539 autem
2796 5483 3051 5540 Amalech
3074 5484 3238 5538 Israel
3261 5485 3477 5549 restitit,
3504 5485 3630 5553 quia
3658 5481 3808 5537 libido

2233 5575 2299 5628 ad
2329 5575 2670 5645 perfectionis
2690 5592 2951 5630 summam
2979 5577 3319 5631 tendentibus
3348 5590 3497 5630 arma
3528 5572 3807 5644 voluptatis

2233 5664 2452 5732 objicit,
2485 5674 2537 5719 et
2583 5667 2745 5719 corda
2772 5680 2889 5734 qua:
2920 5676 3135 5736 potest,
3167 5666 3341 5734 gladio
3374 5665 3665 5720 humundm
3693 5676 3797 5731 sn:-
