3948 6324
114 364 207 419 409

903 356 963 408 l.\'
1007 356 1270 411 PRIMUM
1313 357 1550 413 llEGUM
1593 357 2102 413 EXPOSITIONES.
2146 385 2213 397 --
2258 358 2381 411 LIB.
2413 359 2495 413 Vl.

3246 365 3355 418 £10

117 474 332 551 pastionis
365 470 503 526 ferit.
556 468 616 523 Et
650 468 771 538 quia
802 468 953 522 valde
994 468 1148 523 fortis
1201 477 1256 523 et
1309 470 1541 524 violenta
1572 476 1659 523 est
1688 469 1738 529 Α
1766 466 2107 533 fortitudinis,
2134 467 2263 533 llur,
2292 470 2426 539 ignis
2454 481 2697 527 vocatur.
2730 473 2955 540 Quando
2977 475 3119 529 enim
3148 476 3347 531 lassos.

118 580 261 639 pugna
282 560 663 626 fornicationis,
682 575 784 612 non
798 560 1205 628 quomodolibet
1227 560 1472 614 obviasse
1488 559 1662 613 lsrae-

118 661 144 715 li
167 702 178 720 ,
204 655 287 711 sed
315 652 570 708 restitisse
620 649 948 718 perhibetur.
982 649 1256 704 Resistere
1284 649 1499 718 quidem
1538 648 1663 701 forti

124 742 457 819 oppugnationi
512 742 713 794 instare
751 749 850 793 est.
886 740 995 794 Hos
1050 742 1299 795 nimirum
1351 742 1664 796 resistentes

123 836 431 897 Amalechitas
476 831 689 885 videbat
731 831 971 884 Israelita
1032 831 1121 885 ille
1171 830 1505 895 ascendens,
1539 844 1661 883 cum

123 926 315 980 dicebat:
348 920 504 974 Video
546 920 703 971 aliam
745 918 906 987 legem
946 919 999 970 in
1043 917 1284 970 membris
1312 917 1437 970 meis
1461 959 1476 981 ,
1516 931 1669 985 repu-

118 1024 319 1088 gnantem
343 1013 441 1083 legi
472 1012 655 1064 mentis
678 1025 804 1062 mea:
833 1009 1017 1078 (Rom.
1050 1024 1153 1073 vtt,
1181 1007 1306 1078 ‘25).
1341 1007 1490 1062 Unde
1512 1016 1568 1061 et
1595 1007 1662 1061 ad

116 1107 216 1160 auxi
240 1105 450 1158 iatorem
499 1100 797 1169 respiciens
823 1142 837 1167 ,
869 1100 981 1151 ait:
1016 1099 1213 1169 Infelix
1258 1116 1352 1170 ego
1376 1137 1392 1164 ,
1423 1100 1535 1168 quis
1582 1115 1664 1152 me

118 1193 315 1250 liberabit
335 1193 396 1245 de
442 1207 656 1261 corpore
683 1191 863 1243 mortis
894 1190 955 1241 In:
956 1190 1045 1260 jus
1067 1190 1092 1241 ?
1116 1191 1286 1259 gratia
1327 1188 1539 1242 Domini
1572 1205 1663 1243 no-

117 1288 191 1340 slri
214 1284 324 1337 Iesu
345 1280 535 1334 Christi
562 1279 739 1349 (Rom.
775 1294 867 1347 vn,
897 1277 1011 1349 24).
1050 1278 1321 1333 Resistere
1348 1292 1477 1346 ergo
1502 1279 1662 1333 Ama-

117 1375 212 1428 lech
238 1369 439 1434 dicitur,
467 1369 591 1437 quia
619 1368 745 1421 dum
773 1367 824 1419 in
853 1382 1015 1421 carne
1037 1383 1219 1421 sumus
1244 1409 1259 1434 ,
1288 1367 1520 1421 libidinis
1547 1368 1659 1422 for-

117 1464 174 1517 tia
199 1459 319 1514 bella
340 1459 684 1513 sustinemus.
711 1455 816 1511 Sed
844 1456 969 1525 quid
995 1455 1062 1511 de
1101 1455 1334 1527 Egypto
1363 1455 1656 1510 ascenden-

118 1555 230 1606 tibus
264 1549 513 1604 resistere
567 1547 808 1601 dicitur?
837 1546 975 1602 Ecce
1036 1548 1124 1617 qui
1163 1548 1231 1600 ad
1261 1547 1403 1601 tertii
1433 1547 1554 1601 (πα)ιὶ
1603 1561 1663 1603 se

116 1652 288 1700 secreta
312 1640 632 1707 sustulerat,
655 1639 971 1693 resistentes
999 1647 1175 1693 motus
1202 1639 1377 1693 carnis
1405 1637 1658 1693 habebat.

118 1734 275 1789 Merito
300 1733 459 1801 igitur
481 1746 589 1785 non
635 1730 809 1784 solum
859 1730 1116 1795 novitios,
1145 1731 1239 1784 sed
1267 1731 1426 1784 etiam
1466 1744 1660 1798 magna

117 1824 279 1877 virtute
309 1820 577 1889 praeditos,
610 1817 771 1873 l<rael
801 1817 867 1872 de
922 1817 1157 1888 Egypto
1186 1819 1482 1874 ascendens
1530 1819 1661 1873 insi-

119 1918 237 1966 nuat.
275 1908 493 1979 Egypti
524 1910 736 1977 quidem
785 1908 1002 1962 nomine
1032 1908 1192 1977 hujus
1222 1909 1401 1962 mundi
1434 1909 1668 1963 tenebrae

117 1999 443 2068 designantur.
486 1997 653 2052 Israel
682 2005 860 2052 autem
890 1997 957 2050 de
982 1995 1216 2067 Egypto
1252 1997 1509 2062 ascendit,
1540 1997 1666 2064 quia

117 2088 244 2144 electi
286 2102 475 2143 omnes
524 2086 651 2140 dum
701 2093 888 2140 sancte
937 2085 1167 2139 vivendo
1215 2082 1501 2155 proficiunt
1530 2124 1544 2148 ,
1599 2084 1668 2138 ad

114 2194 362 2251 supernam
382 2179 618 2249 patriam
640 2179 947 2248 pertingere
969 2186 1253 2233 conantur.
1274 2177 1335 2230 Et
1351 2178 1475 2247 quia
1497 2193 1669 2247 quan-

115 2272 185 2324 diu
211 2272 255 2325 in
287 2286 449 2325 carne
470 2280 625 2335 sunt,
657 2270 834 2325 carnis
881 2270 1052 2338 legem
1078 2270 1181 2337 legi
1231 2271 1427 2325 mentis
1452 2278 1669 2325 contra-

116 2363 224 2417 riam
252 2362 447 2417 habent
468 2404 484 2430 ,
515 2362 615 2417 sibi
648 2362 833 2431 utique
861 2377 958 2432 per
980 2363 1186 2417 validos
1210 2370 1388 2417 motus
1415 2360 1667 2419 Amalech

116 2456 422 2510 resistentem
465 2454 666 2509 vident.
694 2453 862 2522 llujus
891 2469 1123 2523 namque
1166 2455 1418 2509 violentia
1464 2454 1669 2526 passio-

118 2548 183 2601 nis
204 2546 517 2611 ostenditur,
544 2561 664 2600 cum
693 2547 913 2610 eadem,
944 2561 1061 2617 qua:
1103 2554 1472 2611 recensentur,
1504 2546 1669 2599 Ama-

117 2640 209 2695 lech
236 2638 364 2692 bella
393 2637 799 2693 describuntur.
828 2636 958 2691 Nam
991 2646 1262 2707 pugnante
1290 2636 1485 2692 lsraele
1503 2676 1517 2700 ,
1546 2653 1667 2692 cum

122 2730 327 2785 elevabat
365 2744 566 2785 manus
624 2727 882 2800 Moyses,
933 2728 1250 2784 vincebatur
1302 2729 1673 2796 Amalech;et

118 2821 325 2875 vincebat
342 2819 461 2882 ille,
481 2834 604 2874 cun:
633 2818 735 2874 iste
763 2833 955 2873 manus
980 2818 1274 2889 deponeret
1294 2818 1489 2891 (Exod.
1516 2818 1668 2887 xvn).

120 2909 230 2976 Quid
250 2918 325 2964 est
347 2917 535 2964 autem
551 2949 568 2976 ,
588 2910 731 2979 quod
758 2917 947 2964 contra
974 2909 1109 2965 alios
1128 2910 1257 2964 solis
1279 2910 1441 2964 armis
1468 2923 1674 2979 pugna-

119 2999 192 3053 bat
212 2999 408 3071 Moyses
440 3040 457 3067 ,
484 3008 678 3056 contra
708 3000 966 3055 Amalech
993 3016 1123 3054 vero
1156 3016 1261 3054 non
1310 3001 1440 3055 solis
1466 3000 1630 3054 armis
1653 3037 1671 3060 .

120 3090 193 3143 sed
218 3092 365 3144 etiam
397 3091 605 3146 virtute
626 3091 887 3145 orationis
908 3091 931 3145 ?
952 3089 1081 3156 Qum
1100 3098 1279 3145 autem
1310 3091 1478 3145 virtus
1506 3097 1560 3144 et
1584 3089 1670 3143 in-

1765 558 1934 614 cimus
1954 560 2306 617 consideratis
2334 564 2641 621 coelestibus
2670 567 3013 621 roboramur.
3043 566 3197 623 Mons
3216 584 3346 636 ergo

1764 646 2091 703 fortitudinis
2114 651 2242 719 quid
2272 660 2352 705 est
2377 693 2393 717 ,
2425 654 2525 708 nisi
2562 654 2791 710 altitudo
2821 670 3065 724 superna:
3097 672 3344 712 contem-

1764 740 2013 810 plationis
2036 741 2060 795 ?
2085 740 2214 808 Quae
2268 743 2509 811 profecto
2532 786 2545 810 ,
2578 746 2702 814 quia
2735 746 2786 798 in
2817 748 2992 800 electo
3024 748 3187 801 corde
3234 750 3352 802 sine

1738 832 1955 898 magna
1993 830 2255 886 charitate
2300 848 2406 886 non
2452 842 2572 899 est,
2605 850 2760 889 mons
2808 835 3135 889 fortitudinis
3180 836 3349 904 Moysi

1765 920 1981 975 adstare
2010 932 2159 976 recte
2187 922 2521 992 perhibetur.
2552 923 2652 990 Qui
2685 925 2933 978 nimirum
2964 925 3190 994 lapidem
3222 942 3349 993 snp-

1762 1018 1968 1079 ponunt
1998 1051 2013 1077 ,
2045 1018 2100 1065 et
2128 1026 2319 1066 manus
2345 1013 2648 1078 sustinent,
2684 1014 2806 1083 quia
2838 1015 2929 1084 qui
2951 1031 3159 1069 summa
3186 1018 3353 1071 «mlo-

1762 1115 1879 1154 rum
1910 1100 2125 1169 praemia
2155 1100 2405 1155 ardenter
2428 1103 2622 1172 aspicit
2650 1142 2667 1169 ,
2696 1104 2818 1157 forti
2849 1103 3066 1158 udinem
3096 1120 3343 1171 magnam

1761 1189 1958 1257 sumit,
1989 1198 2044 1244 et
2072 1190 2209 1245 bene
2246 1192 2499 1261 operari,
2528 1202 2582 1246 et
2605 1192 2937 1248 conditorem
2969 1210 3195 1248 exorare
3243 1212 3349 1248 non

1763 1279 1978 1335 desinit.
2028 1280 2162 1347 Quia
2188 1297 2316 1352 ergo
2347 1284 2519 1337 valida
2547 1288 2712 1349 sunt,
2751 1294 2805 1338 et
2853 1285 3071 1339 omnino
3113 1285 3348 1338 violenti

1762 1371 1900 1425 bella
1925 1372 2121 1439 carnis,
2143 1374 2450 1427 ascendenti
2472 1371 2651 1428 lsraeli
2676 1374 2929 1429 Amalech
2948 1374 3146 1428 restitis
3177 1390 3206 1428 e
3229 1362 3355 1445 apte

1762 1460 2090 1529 perhibetur.
2140 1460 2271 1530 Regi
2325 1462 2485 1530 igitur
2526 1460 2791 1531 Propheta
2835 1463 3074 1532 pratcipit
3122 1458 3349 1515 dicens:

1762 1550 1897 1604 Audi
1919 1567 2085 1605 vocem
2106 1550 2333 1605 Domini.
2355 1549 2606 1605 Recensui
2629 1568 2938 1623 quascunque
2964 1552 3085 1623 fecit
3106 1550 3354 1604 Amalech

1764 1637 1977 1693 Israeli.

1837 1735 1890 1790 5.
1932 1734 2071 1803 Quid
2099 1744 2211 1803 est,
2241 1736 2384 1807 quod
2414 1735 2542 1792 dicit
2568 1754 2580 1788 :
2608 1736 2745 1790 Audi
2776 1754 2946 1790 vocem
2974 1736 3181 1790 Domini
3205 1777 3223 1802 ,
3253 1736 3355 1790 nisi

1695 1823 1742 1883 B
1765 1826 1887 1895 quia
1915 1836 2065 1881 caste
2092 1826 2274 1881 vivere
2324 1826 2628 1881 volentibus
2647 1868 2661 1893 ,
2711 1838 2899 1881 contra
2930 1826 3139 1881 fraudes
3195 1829 3362 1881 torui-

1768 1918 1995 1975 cationis
2036 1917 2253 1986 spiritus
2280 1916 2547 1972 subtiliter
2579 1918 2902 1986 vigilandum
2932 1919 3055 1971 est?
3088 1917 3250 1983 Quasi
3272 1919 3357 1971 di-

1769 2019 1858 2065 cat
1891 2027 1903 2062 :
1939 2008 2297 2063 Considerare
2342 2024 2450 2064 non
2490 2009 2704 2065 desinas
2754 2010 2969 2079 quantis
3015 2010 3218 2064 insidiis
3261 2010 3361 2065 sibi

1771 2098 2003 2153 subdere
2024 2096 2229 2151 electos
2249 2104 2423 2166 parat.
2449 2096 2513 2150 Et
2538 2096 2735 2152 idcirco
2766 2114 2870 2153 non
2901 2096 3069 2151 dixit:
3098 2099 3361 2153 Recensui

1771 2186 1910 2257 quod
1952 2185 2147 2241 restitit
2185 2184 2368 2239 lsraeli
2393 2228 2406 2251 ,
2435 2186 2571 2240 sed:
2606 2186 2740 2240 Audi
2771 2204 2942 2241 vocem
2991 2186 3219 2241 Domini.
3252 2187 3359 2241 Re-

1770 2278 1944 2330 censui
1966 2276 2216 2345 quomodo
2236 2278 2425 2331 restitit
2449 2276 2658 2331 Israeli.
2683 2276 2845 2344 Quasi
2869 2279 3044 2334 dicat:
3064 2279 3121 2333 Si
3144 2279 3361 2333 modum

1770 2365 2083 2420 insidiarum
2112 2366 2395 2435 cognoscis
2418 2407 2432 2432 ,
2460 2367 2667 2421 hostem
2697 2383 2954 2437 superare
2982 2367 3193 2423 facilius
3214 2368 3363 2422 vale—

1770 2456 1874 2511 bis.
1900 2455 2093 2510 Merito
2116 2456 2278 2524 igitur
2298 2456 2611 2522 subintulit,
2636 2457 2851 2511 dicens:
2879 2456 2931 2510 Ν
2937 2474 3035 2510 unc
3063 2475 3183 2528 ergo
3212 2459 3364 2523 vade,

1771 2557 1819 2602 et
1849 2556 2053 2618 percute
2099 2547 2368 2615 Amalech,
2403 2555 2453 2601 et
2493 2548 2739 2602 demolire
2767 2550 3006 2603 universa
3034 2549 3165 2619 ejus.
3195 2546 3361 2615 Quasi

1771 2635 1943 2691 dicat:
1974 2636 2109 2701 Quia
2136 2637 2280 2691 nosti
2317 2636 2768 2705 quemadmodum
2798 2638 2876 2692 ire
2924 2637 3153 2692 debeas:
3196 2637 3366 2703 Vade,

1771 2736 1821 2780 et
1845 2725 2089 2780 demolire
2116 2727 2356 2780 universa
2383 2726 2494 2797 ejus
2519 2767 2535 2793 ,
2565 2735 2619 2782 et
2656 2728 2734 2782 sic
2762 2743 2885 2781 eum
2919 2727 3104 2783 deleas
3127 2766 3143 2792 ,
3175 2735 3234 2781 ut
3263 2727 3366 2780 ali-

1772 2816 1899 2886 quid
1931 2817 1998 2872 de
2023 2831 2090 2872 eo
2114 2817 2251 2871 ultra
2278 2832 2386 2872 non
2404 2818 2569 2871 vivat.
2593 2815 2699 2872 Sed
2718 2817 2839 2887 quis
2865 2817 2937 2871 ita
2966 2817 3069 2871 sibi
3098 2816 3364 2885 subjicere

1773 2921 1987 2962 carnem
2004 2948 2018 2973 ,
2034 2907 2154 2977 quis
2173 2921 2408 2976 unquam
2437 2907 2539 2961 sibi
2564 2908 2887 2975 restringere
2908 2914 3144 2961 mentem
3168 2905 3367 2976 potuit,

1779 3000 1899 3071 quis
1929 3000 2008 3055 sic
2033 3015 2252 3055 manere
2280 2999 2333 3054 in
2360 3015 2522 3055 carne
2546 3040 2565 3066 ,
2595 3008 2653 3055 ut
2680 3000 2748 3055 de
2776 3014 2937 3054 carne
2965 3006 3147 3067 turpes
3186 3005 3369 3052 motus

1777 3091 1954 3147 nullos
1992 3091 2325 3146 sustineret?
2354 3089 2485 3156 Quis
2532 3090 2607 3143 ita
2652 3088 2923 3143 refrenare
2977 3086 3366 3155 cogitationem

119 3181 281 3235 stantia
321 3181 733 3251 supplicationis
772 3189 891 3236 erat
942 3188 1070 3237 tunc
1114 3181 1415 3235 necessaria
1440 3221 1456 3248 ,
1494 3180 1585 3235 ubi
1628 3178 1674 3234 si
1703 3180 1750 3244 C
1780 3184 1991 3254 potuit,
2022 3192 2081 3237 ut
2125 3181 2193 3237 ad
2242 3196 2361 3236 cam
2414 3180 2877 3235 immunditiarum
2920 3178 3221 3233 obscuritas
3264 3192 3366 3245 per

123 3284 284 3327 manus
306 3269 636 3339 deponeret,
660 3269 916 3326 Amalech
946 3271 1180 3326 victoriae
1202 3270 1460 3325 honorem
1483 3270 1675 3325 daret?

120 3358 206 3413 Sed
234 3359 465 3429 proferto
498 3374 755 3427 magnum
792 3368 1065 3416 certamen
1096 3359 1465 3415 lornicationis
1493 3358 1676 3415 Osten-

120 3448 258 3512 ditur,
287 3449 430 3517 quod
477 3457 627 3503 tanta
652 3450 849 3503 virtute
871 3489 887 3515 ,
918 3456 1066 3503 tanta
1106 3447 1418 3504 difﬁcultate
1455 3463 1677 3518 supera-

120 3547 206 3593 tur.
228 3541 380 3594 Arma
410 3540 572 3609 igitur
603 3541 876 3595 exercitus
903 3541 1080 3595 oratiu
1104 3540 1181 3593 int
1217 3540 1455 3595 ntissima
1485 3554 1675 3595 neces-

120 3632 241 3687 saria
285 3642 383 3687 est.
432 3632 596 3688 Arma
646 3632 861 3701 quidem
906 3633 1206 3688 necessaria
1244 3640 1370 3686 sunt
1396 3631 1555 3701 ,quia
1585 3631 1674 3700 qui

120 3731 287 3779 contra
317 3723 722 3779 fornicationem
751 3738 989 3793 pugnare
1033 3724 1238 3787 volunt,
1270 3723 1487 3777 vincere
1514 3720 1675 3793 342

118 3821 389 3881 nequeunt,
409 3814 455 3869 si
480 3830 587 3869 non
615 3814 823 3869 caeteris
840 3815 1129 3869 virtutibus
1150 3813 1480 3869 muniun'ur.
1507 3812 1679 3866 Exer-

104 3902 272 3969 citus,
319 3912 376 3958 ut
430 3920 593 3974 supra
641 3904 1012 3970 ostendimus,
1062 3904 1308 3973 exempla
1354 3902 1569 3956 Patrum
1623 3910 1679 3957 et

116 3990 493 4062 Scripturarum
544 4003 808 4065 przecepta
853 4002 1016 4063 sunt,
1046 4009 1167 4063 qua:
1200 3993 1411 4065 quidem
1455 3995 1679 4063 quilibet

118 4082 254 4136 etiam
278 4085 626 4140 considerare
655 4086 815 4141 debet
845 4128 859 4153 ,
885 4101 949 4141 ac
995 4087 1098 4141 illis
1139 4086 1218 4142 sic
1249 4095 1481 4141 mentem
1509 4101 1677 4141 occu-

116 4187 262 4241 pare,
301 4185 359 4229 ut
408 4176 641 4232 lascivia:
688 4177 1093 4247 inquinamenta
1150 4193 1257 4233 non
1297 4185 1524 4247 spectet.
1570 4177 1678 4233 Sed

118 4262 353 4331 exemplis
381 4273 548 4333 atque
572 4264 832 4320 doctrinis
862 4266 1185 4332 instructus,
1226 4265 1294 4319 de
1320 4281 1379 4321 se
1409 4265 1679 4321 conlidere

116 4365 428 4422 nequaquam
478 4363 677 4424 potest.
727 4355 894 4411 Levet
939 4371 1068 4425 ergo
1106 4372 1297 4412 manus
1348 4373 1509 4424 suas,
1538 4358 1681 4412 levet

118 4454 324 4496 mentem
350 4485 366 4511 ,
398 4453 459 4498 ut
503 4460 668 4515 opere
705 4447 849 4501 bono
880 4455 931 4501 et
976 4446 1265 4502 devorione
1294 4448 1635 4517 resplendeat
1661 4487 1676 4511 ,

1778 3272 2160 3341 cogitationem
2192 3270 2335 3324 nulla
2360 3270 2708 3340 perveniret?
2736 3267 2843 3324 Sed
2872 3268 2916 3322 si
2956 3266 3025 3322 de
3065 3280 3227 3321 carne
3255 3280 3367 3319 non

1779 3363 1982 3418 tollitur
2010 3361 2286 3431 turpitulo
2311 3360 2588 3425 motionis,
2617 3369 2797 3414 tamen
2831 3357 3174 3427 turpitudinis
3203 3356 3371 3411 robur

1777 3459 2085 3514 enervatur,
2112 3464 2233 3504 cum
2262 3456 2441 3503 motus
2469 3448 2686 3516 quidem
2708 3447 2935 3517 simplex
2966 3447 3019 3501 in
3050 3461 3213 3501 carne
3243 3454 3361 3507 est,

1776 3540 1869 3595 sed
1898 3541 1950 3594 in
1978 3548 2127 3594 motu
2155 3538 2391 3608 pruritus
2421 3537 2652 3593 libidinis
2677 3536 2855 3592 nullus
2884 3544 2985 3592 est.
3018 3532 3115 3590 llic
3143 3534 3362 3603 quidem

1777 3636 1954 3685 motus
1994 3628 2327 3683 Amalechita
2359 3644 2465 3682 non
2515 3638 2635 3693 est,
2667 3628 2792 3696 quia
2835 3626 3001 3681 menti
3044 3641 3150 3680 nou
3180 3625 3370 3678 lambit

1777 3736 1939 3791 quam
1969 3720 2245 3774 oblectare
2283 3734 2389 3773 non
2414 3718 2631 3788 potezit.
2664 3718 2777 3771 Non
2806 3723 2983 3786 potest
3006 3714 3119 3768 tolli
3153 3714 3318 3768 menti
3349 3756 3369 3778 ,

1777 3809 1923 3880 quod
1971 3808 2152 3877 aliquo
2207 3808 2369 3862 modo
2418 3806 2689 3860 immunda
2740 3821 2847 3861 non
2899 3804 3112 3869 videat,
3164 3804 3259 3857 sed
3310 3803 3367 3856 in

1776 3897 2076 3953 mirabilem
2128 3911 2283 3951 usum
2330 3895 2577 3966 puritatis
2629 3893 2930 3959 deducitur,
2987 3902 3045 3948 ut
3093 3891 3369 3947 immunda

1778 3985 1983 4050 videns,
2034 3983 2180 4039 nulla
2210 3983 2583 4039 delectationis
2612 3982 2732 4038 labe
2763 3982 3076 4037 "iaculetur.
3109 3978 3369 4049 Quisquis

1779 4089 1909 4145 ergo
1928 4073 2004 4129 sic
2046 4081 2242 4142 praeest
2287 4072 2473 4137 carni,
2503 4071 2747 4141 quisquis
2795 4071 2873 4127 sic
2920 4079 3155 4124 mentem
3197 4069 3370 4137 regit,

1779 4165 1901 4220 ideo
1930 4172 2125 4235 praeest
2149 4206 2164 4231 ,
2190 4163 2310 4219 ideo
2339 4164 2496 4232 regit,
2516 4164 2639 4234 quia
2666 4162 2918 4217 Amalech
2961 4170 3151 4217 cuncta
3181 4162 3374 4216 demo-

1778 4253 1863 4308 liri
1911 4252 2123 4308 fortiter
2151 4253 2347 4322 potuit.
2379 4252 2485 4307 Sed
2526 4252 2637 4321 jam
2661 4267 2782 4322 qua:
2810 4261 2934 4307 sunt
2962 4252 3079 4322 ejus
3124 4252 3376 4307 universa

1789 4347 2188 4415 subsequentrr
2219 4344 2445 4414 exponit
2468 4383 2483 4409 ,
2512 4344 2733 4399 dicens:

1782 4458 1785 4463 ’
1853 4463 2031 4533 (Vers.
2066 4460 2156 4531 5.)
2189 4458 2347 4531 343
2378 4457 2503 4514 Non
2532 4476 2719 4530 parcas
2743 4459 2823 4524 ei,
2854 4454 2911 4513 et
2944 4475 3049 4513 non
3095 4458 3372 4527 concupis-

117 4531 195 4622 qui
211 4532 523 4589 abscindere
553 4536 791 4606 perfecte
819 4552 849 4590 a
876 4551 934 4592 se
962 4536 1193 4592 libidinis
1221 4537 1418 4592 bellum
1450 4547 1639 4593 teutat.

1779 4570 1862 4608 ccs
1889 4554 2049 4621 ipsius
2078 4553 2276 4622 aliquid
2302 4569 2319 4616 ;
2342 4550 2433 4605 sed
2462 4552 2692 4619 interﬁce
2720 4567 2751 4603 a
2782 4551 2888 4603 viro
2911 4566 3069 4620 usque
3096 4551 3167 4602 ad
3195 4549 3379 4602 mulie-

172 4620 220 4673 4.
258 4622 392 4689 Quid
421 4625 551 4679 item
583 4633 663 4680 est
694 4626 837 4697 quod
860 4626 1119 4697 depositis
1145 4629 1390 4683 manibus
1419 4629 1671 4695 vincitur,

115 4707 200 4763 nisi
225 4712 343 4781 quia
369 4729 517 4783 saepe
546 4729 643 4783 per
660 4716 936 4771 audaciam
961 4716 1112 4786 pravi
1134 4718 1342 4786 operis,
1370 4719 1482 4788 ipsa
1512 4720 1673 4775 etiam

114 4801 297 4857 tollitur
340 4806 689 4875 pulchritudo
726 4809 1031 4866 castitatis?
1080 4811 1234 4882 Szepe
1279 4829 1345 4867 ex
1393 4822 1507 4870 toto
1566 4831 1675 4870 non

115 4897 135 4925 ³
155 4892 363 4960 tollitur,
391 4897 488 4952 sed
513 4914 635 4953 cum
665 4899 1055 4958 inﬁrmantibus
1082 4905 1333 4974 operibus
1358 4904 1677 4962 inﬁrmatur.

112 4981 241 5039 inter
284 5001 449 5057 Opera
491 4989 705 5057 quidem
733 5029 749 5055 ,
779 4999 833 5046 et
861 4991 1074 5048 labores
1110 4994 1417 5063 spirituales
1441 5037 1457 5064 ,
1485 5004 1675 5052 contra

112 5073 339 5131 stimulos
387 5076 565 5132 carnis
618 5077 786 5135 fortes
830 5096 1047 5148 sumus,
1078 5083 1173 5138 sed
1218 5084 1262 5139 si
1291 5086 1443 5153 quasi
1490 5086 1614 5141 fessi
1643 5102 1673 5141 a

112 5164 265 5219 solitae
289 5181 444 5221 conv.
466 5169 718 5225 rsatiouis
742 5170 916 5241 rigore
942 5172 1322 5243 torpescimns,
1345 5175 1429 5230 vel
1458 5175 1676 5231 molles-

115 5252 284 5319 cimus,
310 5256 441 5309 dum
464 5258 719 5326 paulatim
750 5260 1087 5329 negligimus,
1117 5265 1288 5319 aculei
1306 5266 1483 5320 carnis
1500 5265 1677 5320 insur-

114 5356 253 5410 aunt,
276 5348 367 5416 qui
397 5349 553 5417 quasi
573 5349 830 5418 depositis
845 5351 1013 5421 Moysi
1032 5354 1277 5411 manibus
1292 5354 1544 5410 lsraelem
1563 5356 1679 5410 vin-

117 5441 227 5487 cunt
250 5435 446 5505 (Exod.
480 5438 629 5508 xvn).
671 5439 747 5495 Ne
786 5456 913 5509 ergo
943 5457 1134 5497 manus
1162 5445 1472 5511 lassescant,
1496 5447 1671 5501 Aaron

115 5531 163 5575 et
188 5523 292 5579 llur
334 5527 573 5597 lapidem
602 5541 909 5600 supponant
940 5576 954 5599 ,
983 5542 1040 5588 et
1078 5548 1269 5602 graves
1287 5534 1459 5608 Moysi
1485 5553 1676 5593 manus

119 5610 292 5682 deponi
339 5631 684 5686 nequaquam
741 5619 939 5676 sinant.
992 5624 1169 5679 Aaron
1215 5626 1427 5695 quidem
1456 5667 1473 5694 ,
1520 5642 1676 5684 mons

180 5760 200 5782 δ
240 5748 399 5803 Gilot.
432 5790 450 5815 ,
481 5752 761 5805 extollitur.

1782 4661 1888 4698 rem
1912 4684 1929 4709 ,
1951 4654 2000 4696 et
2021 4643 2312 4711 parvulum,
2339 4649 2388 4694 et
2415 4641 2687 4695 lactentem
2708 4680 2724 4707 ,
2748 4652 2794 4695 et
2823 4639 2994 4695 bovem
3018 4682 3033 4705 ,
3064 4649 3112 4693 et
3140 4641 3369 4705 asinum,

1782 4747 1833 4793 et
1863 4753 2003 4791 orem
2029 4777 2049 4803 ,
2066 4744 2119 4789 et
2146 4734 2418 4789 camelum.

1857 4844 1912 4900 6.
1939 4845 2081 4911 Quis
2107 4851 2190 4900 est
2234 4843 2324 4898 hic
2349 4841 2439 4912 qui
2469 4842 2640 4912 parcit
2685 4840 2941 4896 Amalech
2965 4877 2982 4903 ,
3016 4838 3115 4893 nisi
3162 4838 3251 4907 qui
3280 4845 3376 4891 aut

1788 4932 1842 4988 in
1864 4931 2189 5001 cogitatione
2211 4970 2228 4996 ,
2252 4937 2345 4984 aut
2373 4930 2425 4983 in
2455 4944 2550 4983 ore
2573 4968 2589 4995 ,
2617 4938 2711 4984 aut
2739 4928 2792 4982 in
2820 4941 2984 4981 carne
3013 4924 3242 4980 lascivia:
3270 4924 3372 4978 alio

1782 5022 1909 5093 quid
1958 5021 2204 5077 retinet?
2232 5020 2363 5075 Nam
2415 5020 2658 5091 plerique
2698 5016 3041 5088 turpitudinis
3069 5029 3233 5084 opera
3264 5028 3374 5068 non

1782 5112 2165 5177 exercent,sed
2189 5111 2422 5180 linguam
2448 5125 2477 5163 a
2502 5111 2642 5179 turpi
2664 5108 2937 5163 locutione
2958 5121 3068 5160 non
3093 5103 3369 5159 cohibent.

1787 5203 2031 5273 Plerique
2057 5219 2153 5272 per
2180 5218 2316 5271 opus
2337 5202 2601 5256 luxuriam
2629 5201 2801 5254 vitant
2825 5240 2841 5265 ,
2866 5213 2963 5269 per
2987 5196 3369 5264 cogitationem

1782 5312 1887 5349 non
1918 5297 2106 5349 vitant.
2133 5295 2358 5362 Quidam
2388 5294 2515 5348 nihil
2536 5301 2695 5363 turpe
2723 5300 2889 5360 agunt
2913 5331 2929 5356 ,
2955 5290 3047 5346 sed
3075 5288 3220 5358 quod
3244 5301 3370 5341 aetu

1779 5385 2050 5452 refugiunt
2066 5384 2228 5439 corde
2247 5383 2652 5453 concupiscunt.
2666 5381 2984 5449 Parcitergo
3004 5378 3255 5433 Amalech
3277 5378 3373 5446 qui

1780 5472 2139 5527 blandimenta
2169 5473 2416 5538 laseivizc,
2440 5482 2531 5526 aut
2569 5472 2623 5526 in
2647 5471 2935 5535 locutione,
2958 5477 3051 5524 aut
3082 5483 3175 5538 per
3196 5468 3374 5520 inten-

1781 5563 2003 5631 tionem,
2029 5570 2121 5616 ant
2136 5579 2231 5634 per
2251 5562 2631 5629 cogitationem
2652 5568 2820 5615 tenet.
2842 5560 2979 5614 Dicit
3009 5560 3220 5628 itaque:
3247 5555 3373 5612 Non

1818 5670 1968 5706 arcas
1992 5657 2060 5706 ei.
2085 5655 2211 5729 quia
2244 5654 2322 5727 de.
2341 5661 2455 5708 tam
2477 5652 2804 5723 nequissimo
2834 5651 2967 5707 vitio
3000 5649 3128 5705 nihil
3150 5649 3372 5705 accendi
