3948 6284
123 310 214 366 415

896 311 960 365 ΙΝ
1004 309 1265 368 PRIMUM
1310 313 1547 370 REGUM
1589 311 2101 377 EXPOSITIONES.
2142 354 2211 365 —-
2251 326 2379 385 LIB.
2425 332 2513 387 Vl.

3241 342 3344 397 ιιι

121 413 366 484 designari.
421 412 568 468 Unde
610 430 706 485 per
739 414 1004 473 Joannem
1047 420 1287 476 dicitur:
1338 423 1457 477 Vidi
1504 440 1662 493 supra
1692 425 1740 482 Α
1769 426 2099 496 negligenter
2151 432 2261 490 Deo
2292 453 2389 506 per
2416 441 2728 510 pudicitiam
2777 445 3037 514 servium,
3091 461 3342 506 ορηιωκι,

122 516 308 562 montem
332 505 456 560 Sion
488 505 688 576 Agnum
708 515 930 561 stantem
949 547 964 572 ,
995 519 1046 562 et
1072 527 1186 565 cum
1215 529 1274 566 eo
1303 524 1503 567 centum
1527 531 1659 585 φια-

121 595 322 665 druginta
348 602 565 663 quatuor
588 595 748 647 millia
776 595 1018 651 habentia
1044 615 1228 654 nomen
1258 603 1393 671 ejus,
1421 612 1472 656 et
1498 603 1658 674 3&5

121 705 267 742 nomen
297 686 460 740 Patris
487 687 598 756 ejus
637 690 880 759 scripturn
922 692 974 744 in
1008 693 1263 762 frontibus
1309 697 1416 749 suis
1465 696 1652 764 (Apoc.

119 797 204 844 xiv,
229 779 292 848 l).
319 776 410 844 Qui
432 779 574 831 enim
605 795 798 834 nomen
829 781 965 849 Agni
994 786 1556 853 assumpserant,agni
1576 786 1654 840 di-

118 872 352 926 cebantur.
382 869 530 940 Ipsos
565 871 724 924 etiam
765 887 1076 941 exponens,
1118 876 1194 929 ait
1224 893 1237 930 :
1267 875 1346 930 Hi
1373 886 1524 940 sunt,
1569 879 1656 944 qui

117 979 208 1016 cum
232 959 505 1015 mulieribus
551 979 651 1016 non
695 974 812 1016 sunt
853 967 1212 1036 coinquinati,
1258 970 1478 1040 virgines
1516 970 1654 1023 enim

117 1060 227 1105 sunt.
252 1049 371 1117 Quid
408 1059 489 1106 est
514 1064 665 1119 ergo,
695 1053 840 1121 quod
871 1070 996 1109 cum
1028 1055 1283 1113 Amalech
1310 1056 1478 1112 deleri
1517 1073 1653 1129 pra:-

114 1147 300 1215 cipilnr,
334 1144 477 1213 quasi
519 1145 642 1213 agni
696 1146 839 1211 regis
882 1147 1079 1202 milites
1125 1158 1498 1215 recensentur,
1550 1150 1650 1208 nisi

115 1235 212 1302 quia
242 1248 349 1286 cum
389 1231 758 1288 fornicationis
804 1235 1050 1304 spiritum
1090 1236 1269 1291 delere
1311 1239 1651 1307 prmdicando

114 1322 346 1385 volumus,
375 1317 733 1390 perfectorum
761 1324 1007 1391 exempla
1039 1324 1338 1393 producere
1361 1327 1651 1385 debemus?

112 1411 343 1480 Quotquot
367 1410 503 1463 enim
533 1409 808 1478 pudicitim
837 1411 1003 1479 gloria
1037 1413 1272 1482 insignes
1307 1415 1650 1472 smcularibus

114 1499 438 1555 convertendis
457 1499 814 1563 ostendimus.
829 1502 975 1558 velut
998 1512 1074 1558 tot
1097 1505 1295 1561 milites
1310 1507 1461 1576 quasi
1483 1521 1650 1576 agnos

111 1589 357 1645 recensitos
381 1587 446 1642 ad
477 1589 736 1646 Amalech
778 1591 918 1646 bella
956 1603 1252 1662 portamus.
1293 1595 1524 1652 Possunt
1551 1613 1648 1653 au-

113 1689 195 1734 tem
218 1680 389 1734 harum
413 1682 806 1736 recensitorum
837 1686 1054 1740 nomine
1084 1686 1182 1754 ipsi
1206 1687 1432 1743 ministri
1452 1690 1594 1744 divin
1613 1709 1643 1744 υ

1764 516 1900 570 rium
1928 519 2126 576 habent
2151 528 2352 596 operis,
2409 539 2464 586 et
2487 535 2610 600 quia
2632 535 2682 589 ei
2707 537 2909 591 servire
2931 553 3037 590 non
3068 539 3342 604 desinunt,

1762 606 1964 664 habent
1994 614 2352 673 millenarium
2384 625 2875 694 multiplicationis.
2925 628 3030 683 Sed
3078 631 3246 686 fortes
3291 642 3342 687 et

1760 701 1957 757 assidui
1987 715 2113 761 sum.
2134 709 2198 762 ad
2226 713 2615 768 continentiam
2649 719 2914 786 corporis,
2941 721 3163 788 perfecti
3193 731 3248 776 et
3270 723 3346 777 iu-

1757 799 1962 848 stantes
1991 797 2054 849 ad
2078 797 2619 869 circumspectionem
2651 808 2830 863 cordis
2875 810 3206 878 perfectione
3235 815 3344 868 vir—

1759 884 1902 936 tutis.
1961 883 2150 942 Talem
2193 889 2408 958 quidem
2441 895 2604 948 etiam
2656 896 2868 952 viduam
2913 899 3200 969 Apostolus
3221 919 3343 958 esse

1755 975 2096 1046 principieus,
2151 981 2270 1036 ait:
2323 982 2393 1038 Ut
2441 986 2509 1039 sit
2534 997 2717 1041 sancta
2747 1006 2906 1045 carne
2957 1000 3005 1046 et
3051 995 3232 1063 spiritu
3287 997 3339 1066 (l

1755 1059 1875 1118 Cor.
1901 1081 1991 1130 vn,
2019 1067 2129 1137 54).
2182 1070 2378 1128 Sancta
2409 1076 2611 1145 quippe
2642 1095 2804 1134 carne
2833 1090 2890 1134 et
2915 1059 3107 1150 spiritu
3137 1095 3240 1151 est,
3294 1059 3339 1142 si

1754 1152 2087 1220 perfectione
2139 1162 2402 1218 castitatis
2444 1181 2548 1235 qua
2581 1167 2744 1236 fu‘get
2781 1169 2833 1221 iu
2859 1185 3111 1241 corpore,
3143 1175 3342 1242 fulgeat

1753 1241 1914 1296 etiam
1956 1244 2008 1298 in
2061 1256 2261 1304 mente.
2313 1251 2464 1317 Quod
2507 1254 2550 1308 si
2583 1257 2753 1309 viduis
2803 1259 2934 1312 tales
2973 1269 3120 1326 sunt,
3152 1241 3340 1332 quales

1752 1343 1872 1385 esse
1894 1333 2052 1401 jnsue
2079 1345 2202 1391 sunt
2239 1339 2513 1407 virgines?
2566 1343 2639 1398 De
2664 1345 2769 1400 illis
2800 1363 3033 1418 namque
3073 1352 3334 1419 pluribus,

1751 1418 1851 1472 sub
1877 1422 2034 1477 unius
2061 1423 2422 1496 descriptione
2452 1430 2651 1488 dictum
2684 1443 2805 1489 est:
2857 1437 3035 1490 Astitit
3076 1418 3263 1512 regina
3297 1433 3337 1496 is

1750 1508 1949 1564 dextris
1998 1512 2098 1566 tuis
2146 1517 2201 1569 in
2247 1520 2427 1571 vestitu
2473 1519 2724 1578 deaurato
2772 1523 2946 1595 (Psal.
3000 1508 3166 1592 xciv,
3222 1530 3333 1594 10).

1749 1595 1914 1667 346
1965 1597 2022 1652 1η
2072 1602 2263 1656 eodem
2307 1620 2521 1675 quoque
2549 1611 2754 1679 psalmo
2780 1616 2932 1682 (vers.
2973 1616 3056 1686 li)
3091 1617 3338 1674 laudatur

1752 1686 1940 1741 eadem
1961 1690 2161 1759 regina,
2195 1709 2316 1746 cum
2341 1696 2575 1751 dicitur:
2636 1699 2819 1756 Omnis
2861 1705 3029 1774 gloria
3069 1711 3180 1777 ejus
3208 1709 3336 1776 ﬁlia:

110 1768 447 1839 puedicationis
470 1769 718 1840 intelligi.
741 1772 905 1839 Quasi
929 1775 1051 1842 agni
1073 1789 1200 1844 ergo
1222 1785 1365 1843 sunt,
1395 1779 1518 1848 quia
1549 1797 1646 1850 per
1675 1781 1719 1840 Β
1748 1776 1883 1843 regis
1908 1778 1970 1832 ab
1997 1780 2157 1849 intus,
2208 1782 2262 1835 in
2292 1784 2510 1850 ﬁmbriis
2541 1791 2710 1844 aureis
2759 1768 3143 1849 circnniamicla
3169 1768 3336 1852 rariu-

110 1859 289 1924 glori':m
315 1856 562 1926 perfecta:
600 1859 892 1929 pudicitize,
920 1862 1029 1932 jam
1070 1864 1173 1918 illis
1202 1867 1494 1934 virginibus
1521 1885 1643 1923 cum

108 1946 276 2002 Christo
294 1948 340 2002 in
365 1962 526 2017 regno
550 1949 909 2019 gaudentibus
936 1953 1252 2010 similantur.
1287 1957 1490 2024 Quibus
1521 1975 1640 2027 pro-

108 2036 218 2090 lecto
240 2036 398 2092 verbis
436 2039 762 2103 ostenditur,
797 2042 922 2110 quia
967 2042 1057 2112 qui
1097 2045 1494 2114 praedicationis
1538 2051 1641 2103 mi-

109 2127 335 2181 nisterium
368 2138 616 2196 sumunt,
661 2133 931 2201 praecipuo
972 2136 1232 2192 castitatis
1277 2137 1480 2207 fulgore
1516 2157 1562 2196 a'
1589 2150 1642 2198 te

105 2216 344 2272 decorandi
389 2227 544 2284 sunt,
607 2221 734 2289 quia
783 2223 828 2278 si
880 2239 976 2294 per
1046 2225 1489 2284 incontinentiam
1539 2231 1639 2287 de-

106 2305 255 2372 lluunt,
284 2308 617 2364 continent's
643 2309 780 2367 alios
808 2310 986 2368 facere
1027 2330 1364 2387 nequaquam
1392 2329 1638 2390 possunt,

107 2401 218 2455 etad
243 2410 388 2456 tantm.
417 2402 550 2458 lucis
583 2403 783 2458 bonum
814 2421 1112 2475 provocare
1159 2426 1265 2465 non
1313 2411 1633 2481 prmalent,

106 2492 173 2560 qui
210 2491 311 2560 ejus
357 2495 534 2548 radios
591 2495 643 2548 in
683 2498 912 2566 propria:
959 2500 1383 2556 conversationis
1432 2502 1637 2570 fulgore

107 2597 187 2637 non
216 2584 412 2640 habent.
443 2584 594 2640 Bene
627 2600 756 2656 ergo
783 2588 1015 2644 dicitur:
1050 2591 1325 2648 Rerensuit
1358 2611 1444 2650 eos
1487 2598 1636 2668 quasi

107 2693 246 2744 agnos,
269 2677 379 2746 quia
407 2677 636 2748 pudicos
656 2679 815 2735 valde
860 2696 979 2737 esse
1005 2699 1100 2738 eos
1129 2694 1364 2753 oportet,
1391 2687 1480 2755 qui
1523 2687 1632 2743 lor-

105 2765 334 2821 nicationis
357 2766 595 2837 cﬂ'ugare
638 2769 888 2838 spiritum
931 2787 1028 2840 per
1055 2777 1262 2845 accepti
1294 2778 1494 2831 or'inis
1533 2794 1633 2847 po-

105 2859 301 2908 testatem
343 2856 558 2913 debent.
616 2855 770 2915 Unde
815 2862 867 2915 in
917 2860 1208 2932 Evangelia
1255 2865 1332 2919 eis
1378 2865 1634 2922 Dominus

104 2942 231 2999 dicit:
257 2945 362 3001 Sint
387 2948 542 3003 lumbi
573 2952 723 3004 vestri
756 2953 1042 3021 pracincti,
1072 2964 1121 3007 et
1147 2953 1374 3008 lucerna:
1393 2957 1632 3013 ardentes

102 3033 142 3086 in
169 3035 369 3090 mnibus
395 3040 583 3092 vestris
627 3037 789 3111 (Luc.
820 3055 914 3104 xu,
947 3040 1070 3112 55),
1105 3051 1164 3096 ut
1194 3046 1412 3100 verbum
1442 3048 1633 3116 prmli-

1746 1867 1954 1924 tatibus.
2005 1871 2140 1938 Quid
2165 1883 2250 1930 est
2270 1877 2412 1932 enim
2441 1881 2665 1938 vestitus
2689 1899 2905 1952 aureus,
2955 1889 3053 1943 nisi
3084 1890 3252 1945 decor
3278 1902 3333 1946 et

1746 1955 1924 2010 honor
1973 1963 2216 2029 corporis
2248 1965 2557 2034 virginalis?
2589 1970 2822 2028 Vestitus
2848 1975 3062 2044 quidem
3111 1979 3328 2046 dicitur,

1742 2047 1867 2115 quia
1893 2048 2022 2104 foris
2059 2052 2224 2121 fulget
2251 2055 2302 2110 in
2322 2072 2570 2129 corpore,
2593 2077 2788 2118 aureus
2818 2076 3016 2132 autem,
3040 2069 3163 2137 quia
3196 2085 3332 2140 pne-

1741 2137 1891 2192 cellit
1919 2139 2199 2210 dignitate.
2250 2144 2435 2202 Omnis
2481 2161 2659 2205 autem
2714 2155 2914 2208 mctali
2959 2158 3167 2226 species
3196 2137 3330 2213 auro

1741 2227 1964 2285 inferior
2019 2241 2120 2287 est.
2174 2233 2264 2290 Sic
2309 2238 2556 2294 nimirum
2590 2235 2763 2298 omnis
2793 2246 3046 2314 pudicitia
3074 2250 3177 2302 alia
3224 2250 3324 2304 de-

1739 2317 1852 2372 cori
1881 2318 2120 2386 virgineo
2144 2339 2336 2394 compa
2368 2329 2447 2381 ari
2492 2344 2598 2383 non
2631 2340 2827 2400 potest.
2885 2333 3021 2400 Quid
3082 2346 3166 2392 est
3193 2353 3326 2406 ergo

1739 2407 1883 2472 quod
1914 2408 2111 2467 dicitur
2142 2429 2154 2464 :
2205 2411 2388 2468 Omnis
2417 2418 2585 2487 gloria
2612 2420 2741 2489 ﬁlia:
2770 2439 2945 2493 regum
2973 2425 3036 2477 ab
3085 2428 3243 2493 intus,
3277 2430 3326 2484 si

1738 2495 1868 2551 foris
1895 2511 2016 2552 esse
2067 2501 2236 2568 g‘0ria
2265 2504 2487 2560 vestitus
2516 2508 2662 2561 aurei
2693 2509 3050 2577 praedicatur?
3081 2511 3137 2567 Si
3180 2517 3326 2571 enim

1739 2583 1870 2642 foris
1911 2597 1994 2643 est
2040 2591 2217 2659 aliqua
2260 2607 2450 2662 magna
2476 2596 2625 2652 aurei
2673 2599 2900 2656 vestitus
2950 2602 3138 2670 gloria,
3185 2607 3326 2662 intus

1735 2681 1911 2735 omnis
1940 2681 2111 2748 glora
2141 2683 2308 2738 videri
2351 2701 2456 2740 non
2484 2696 2681 2756 potest.
2715 2688 2851 2756 Quid
2881 2701 2966 2745 est
2987 2708 3136 2763 ergo,
3179 2696 3326 2763 quod

1735 2772 1911 2824 omnis
1933 2771 2101 2838 gloria
2129 2772 2271 2829 intus
2297 2790 2417 2831 esse
2440 2778 2778 2847 perhibetur,
2811 2781 2910 2836 nisi
2944 2784 3068 2851 quia
3110 2792 3164 2838 et
3206 2783 3321 2851 illa,

1735 2873 1806 2927 qu
1826 2876 1853 2913 c
1881 2861 2013 2917 foris
2041 2871 2146 2932 est,
2171 2865 2366 2934 gloria,
2410 2881 2531 2921 cum
2565 2869 2688 2924 aliis
2711 2869 3006 2927 innumeris
3039 2873 3179 2928 intus
3201 2889 3322 2929 esse

1735 2953 2113 3020 Cognoscitur?
2161 2955 2338 3012 Aurea
2393 2960 2535 3013 enim
2570 2961 2844 3030 virgin'tas
2880 2979 2987 3018 non
3018 2975 3122 3031 est,
3155 2967 3198 3022 si
3237 2968 3324 3022 fo-

1735 3049 1810 3101 ris
1834 3057 1936 3114 est,
1965 3058 2020 3105 et
2043 3052 2186 3107 intus
2208 3069 2314 3107 non
2346 3064 2451 3110 est.
2504 3053 2637 3122 Quia
2686 3071 2818 3124 ergo
2867 3058 3032 3125 intus,
3080 3069 3135 3114 et
3189 3060 3323 3118 foris

101 3125 277 3180 cuiauis
299 3127 486 3183 subliti
512 3129 763 3198 audiant,
792 3131 885 3187 sed
915 3143 1009 3188 e05
1029 3133 1098 3188 ad
1127 3135 1324 3190 bonum
1347 3139 1626 3205 castitatis,
1662 3154 1708 3217 ρ
1738 3144 1841 3202 est,
1872 3138 1995 3206 quia
2021 3140 2211 3196 eadem
2258 3142 2503 3212 splendet
2534 3147 2584 3200 in
2637 3161 2889 3218 corpore,
2935 3149 3124 3204 eadem
3156 3149 3321 3219 fulget

101 3216 208 3280 quod
247 3218 487 3288 audiunt,
530 3221 783 3291 ext-mpla
822 3222 1160 3280 lucidissima:
1210 3229 1630 3284 conversationis

101 3307 286 3362 trahant.
323 3307 471 3367 Unde
519 3311 664 3366 bene
701 3310 943 3382 perfecto
992 3331 1217 3372 numero
1262 3318 1626 3388 designantur.

99 3408 189 3448 cum
210 3396 430 3454 subditur
454 3417 468 3454 :

147 3484 296 3552 (νει-ε.
327 3489 400 3558 3.)
431 3489 669 3547 Duceuta
694 3494 861 3548 millia
889 3495 1138 3565 prditum,
1183 3507 1234 3551 et
1261 3497 1436 3553 decem
1460 3501 1627 3555 millia

97 3577 276 3630 virorum
301 3580 448 3638 Iuda.

150 3666 220 3721 l0.
247 3669 470 3727 Peditum
516 3676 740 3732 nomine
779 3676 942 3733 elcc:i
974 3677 1289 3752 ﬁgurantur,
1344 3698 1452 3738 non
1503 3699 1624 3740 cum

95 3755 174 3810 alta
199 3761 482 3830 puedieant,
527 3765 628 3819 sed
664 3782 785 3821 cum
817 3783 912 3838 per
940 3768 1083 3823 bona
1115 3772 1362 3842 exempla
1391 3774 1626 3830 caelestis

95 3847 257 3905 itineris
282 3854 646 3910 rectitudinem
675 3856 792 3913 aliis
820 3857 1212 3914 demonstrant.
1263 3860 1479 3918 Pedites
1505 3865 1627 3933 qui-

93 3936 185 3994 dem
209 3955 315 4008 gres
342 3945 454 4000 ibus
482 3957 730 4013 currunt,
761 3963 868 4018 quo
899 3949 1205 4019 producere
1235 3967 1384 4006 arma
1412 3953 1619 4009 volunt.

95 4026 333 4091 Quilvero
360 4045 482 4090 sunt
508 4038 759 4108 exempla
808 4041 1114 4109 castitatis,
1171 4042 1274 4098 nisi
1323 4045 1622 4102 cmlestinm

92 4119 272 4176 militum
299 4126 446 4182 terris
489 4127 756 4198 impressa
809 4131 1070 4199 vestigia?
1121 4131 1252 4186 Nam
1298 4143 1355 4188 ut
1400 4135 1529 4190 vitia
1559 4136 1624 4191 li-

93 4206 286 4265 bidinum
305 4213 356 4268 in
384 4215 608 4273 lubricis
635 4217 848 4284 feriant,
881 4221 951 4274 ad
975 4221 1218 4276 cordium
1262 4238 1449 4279 eorum
1472 4234 1624 4282 tene-

91 4291 204 4360 bras,
244 4314 353 4355 cum
379 4302 646 4360 bonorum
675 4309 1047 4379 exemp'orum
1089 4310 1212 4366 luce
1242 4311 1518 4382 fesziuant,
1567 4324 1623 4370 et

91 4387 209 4450 quasi
249 4403 422 4457 gressu
475 4397 877 4465 pervenientes,
933 4400 1120 4456 hostes
1185 4403 1477 4473 perimunt,
1529 4407 1620 4476 qui

1735 3228 1787 3283 in
1819 3238 2019 3296 mente,
2042 3232 2215 3288 omnis
2235 3235 2404 3304 gloria
2440 3235 2562 3292 filiae
2590 3251 2776 3307 regum
2819 3241 2959 3296 intus
2985 3256 3103 3296 esse
3131 3245 3320 3299 sentiri

1730 3322 2115 3378 convenienter
2155 3333 2351 3394 potest.
2393 3325 2580 3383 Omnis
2633 3329 2804 3398 gloria
2836 3331 2980 3386 intus
3034 3335 3315 3403 est,.quia

1729 3407 1860 3464 foris
1885 3411 2022 3477 sola,
2057 3413 2200 3468 intus
2233 3414 2348 3470 sola
2389 3431 2496 3472 non
2528 3424 2629 3472 cst.
2658 3417 2792 3484 Quia
2816 3421 2956 3475 enim
2980 3424 3164 3477 multa:
3193 3432 3321 3478 sunt

1727 3500 1984 3556 virtutum
2029 3503 2308 3561 claritates
2352 3505 2405 3562 in
2437 3514 2618 3562 mente
2659 3509 2899 3576 virginis,
2948 3511 3026 3568 sic
3049 3511 3328 3581 virgineus.

1725 3589 1985 3659 splendor
2011 3593 2289 3660 asseritur,
2323 3602 2381 3649 ut
2411 3595 2555 3651 intus
2580 3599 2756 3651 omnis
2775 3597 2944 3664 gloria
2968 3600 3315 3669 praedicetur.

1724 3678 1840 3738 Hoc
1888 3682 2137 3738 nimirum
2186 3694 2288 3749 est,
2339 3686 2484 3755 quod
2536 3687 2884 3756 subsequitur
2925 3705 2940 3742 :
2989 3688 3054 3742 In
3077 3690 3310 3759 ﬁmbriis

1725 3772 2302 3828 aureiscircumamicta
2329 3774 2678 3830 varietatibus.
2735 3777 2983 3831 Fimbria)
3031 3779 3173 3832 enim
3215 3795 3319 3833 au-

1723 3874 1830 3913 ree
1857 3869 1983 3914 sunt
2025 3861 2296 3917 claritates
2337 3877 2367 3916 a
2414 3873 2597 3918 mente
2648 3879 2923 3934 nunquam
2972 3863 3312 3922 deﬁcientes.

1723 3947 1972 4004 Fimbria:
2002 3949 2217 4020 quilem
2244 3951 2430 4006 linales
2461 3952 2766 4006 Vn-stimenti
2795 3962 2976 4022 partes
3003 3963 3146 4010 sunt.
3177 3956 3312 4022 Qua:

1723 4035 1925 4092 idcirco
1976 4037 2031 4092 in
2082 4053 2291 4108 sponsae
2334 4037 2536 4094 Christi
2583 4039 2782 4094 decore
2831 4039 3133 4107 laudantur,
3176 4044 3312 4112 quia

1722 4127 1870 4183 nulla
1916 4137 2001 4184 est
2028 4129 2288 4185 virtutum
2340 4130 2530 4200 gloria,
2582 4130 2627 4184 si
2651 4131 2832 4186 lucere
2866 4139 2992 4186 ante
3027 4133 3151 4186 vita:
3175 4149 3312 4187 con-

1720 4219 2134 4276 summationem
2170 4219 2412 4276 desistat.
2442 4219 2642 4290 Regina
2665 4235 2795 4290 ergo
2822 4231 2847 4258 α
2876 4237 3063 4277 amore
3089 4223 3312 4289 dicitur,

1721 4309 1774 4364 in
1828 4309 2023 4365 vestitu
2048 4325 2216 4366 aureo
2259 4311 2537 4380 virginitas
2583 4313 2922 4383 praedicatur.
2973 4313 3082 4369 Sed
3134 4318 3312 4371 omnis

1719 4397 1889 4470 gloria
1918 4401 2150 4470 intus,et
2171 4402 2223 4457 in
2251 4401 2473 4459 ﬁmbriis
2494 4403 2692 4467 aureis,
2721 4412 2776 4459 et
2799 4404 3058 4459 varietate
3080 4404 3309 4460 cireum-

90 4487 319 4549 postquam
348 4500 440 4554 per
467 4503 634 4556 opera
683 4502 1106 4559 cognoscuntur,
1165 4494 1333 4550 corda
1361 4507 1614 4565 peccato-
1651 4530 1699 4586 ι)
1722 4492 1918 4546 amicta
1965 4493 2242 4559 asseritur,
2273 4498 2331 4546 ut
2378 4493 2670 4547 innumeris
2717 4492 3004 4586 virtutibus
3047 4493 3305 4586 adjuncta

90 4574 177 4620 rum
208 4570 267 4624 ad
311 4575 575 4643 pudicitia:
625 4579 826 4634 bonum
887 4582 1125 4637 trahunt.
1168 4583 1300 4638 Cum
1343 4601 1472 4656 ergo
1519 4603 1618 4658 per

87 4661 284 4730 exempla
304 4667 562 4724 castitatis
590 4670 642 4725 in
665 4681 1010 4740 peccatorum
1058 4676 1312 4734 cordibus
1367 4681 1618 4737 tenebras

86 4745 484 4833 immunditiarum
505 4760 808 4831 destruunt,
842 4765 1050 4833 pedites
1079 4776 1225 4823 recte
1245 4770 1613 4828 nominantur.

83 4830 133 4887 Et
172 4839 284 4906 quia
335 4860 439 4900 non
468 4849 641 4904 solum
688 4830 960 4922 pnetextu
991 4857 1294 4926 corporalis
1341 4861 1616 4916 munditiae

81 4926 301 4992 splendidi
325 4945 466 5000 sunt,
494 4938 586 4992 sed
614 4941 780 4996 etiam
805 4941 925 4997 luce
946 4943 1145 5009 cordis,
1188 4945 1418 5002 ducenta
1451 4949 1614 5004 millia

82 5028 174 5071 esse
190 5022 539 5088 perhibentur.
569 5028 623 5083 In
647 5033 960 5089 centenario
986 5034 1208 5106 quippe,
1237 5044 1295 5092 et
1315 5038 1616 5096 millenario

81 5122 284 5182 numero,
308 5120 478 5174 omnis
497 5121 736 5194 decalogi
756 5140 966 5180 summa
996 5127 1357 5184 concluditur.
1382 5129 1614 5186 Perfeeti

81 5211 180 5292 ergo
203 5203 289 5259 viri
331 5207 383 5262 in
424 5209 671 5267 ducentis
709 5215 946 5270 millibus
973 5217 1348 5286 continentur,
1371 5221 1495 5291 quia
1517 5237 1614 5292 per

80 5288 268 5348 divinam
286 5300 506 5364 gratiam
540 5310 642 5357 tam
673 5307 922 5375 corporis
950 5308 1284 5364 continentia
1323 5288 1486 5380 quam
1517 5288 1611 5367 in-

78 5379 284 5442 trat-uate
304 5389 496 5444 mentis
521 5390 584 5443 ad
611 5407 878 5446 summam
906 5393 1177 5463 pudicitia:
1205 5379 1386 5453 arcem
1416 5415 1610 5468 perve-

81 5481 196 5525 nere.
245 5472 368 5532 ‘l’am
413 5480 557 5534 enim
585 5482 636 5536 in
659 5498 887 5554 corpore
911 5501 1071 5555 quam
1104 5487 1157 5541 in
1189 5499 1369 5545 mente
1407 5490 1610 5546 habent

79 5556 410 5618 Perfectionem
443 5567 764 5625 intentionis.
804 5570 896 5626 Vel
944 5573 1068 5640 quia
1094 5590 1200 5629 non
1233 5577 1461 5635 remisse
1513 5589 1606 5634 aut

138 5722 156 5747 ¹¹
191 5713 432 5776 Gussanv.
457 5732 514 5777 ct
547 5719 733 5790 Vatia,
768 5743 910 5785 amor
940 5731 1144 5786 dicitur.

1723 4583 2022 4652 integritas,
2074 4598 2244 4652 usque
2273 4584 2324 4636 in
2375 4583 2535 4638 linem
2582 4583 2772 4638 deduci
2829 4583 3111 4639 sentiatur.
3162 4582 3307 4637 Btne

1720 4673 1903 4743 itaque
1927 4682 2114 4728 contra
2139 4671 2393 4726 Amalech
2415 4672 2642 4726 ducenta
2665 4672 2900 4740 peditum
2931 4671 3091 4724 millia
3120 4685 3306 4725 recen-

1718 4773 1923 4828 sentur,
1978 4762 2105 4832 quia
2133 4763 2208 4816 illi
2238 4761 2303 4814 ad
2328 4760 2678 4817 debellandos
2732 4759 3036 4814 immundos
3082 4760 3302 4824 Spiritus

1718 4853 1897 4909 idonei
1925 4862 2051 4908 sunt
2079 4868 2174 4923 per
2198 4853 2444 4923 exempla
2473 4853 2760 4916 castitatis,
2811 4851 2903 4921 qui
2956 4867 3074 4906 eam
3109 4861 3302 4908 tenere

1718 4941 2018 4998 didicerunt
2039 4949 2095 4997 et
2114 4941 2167 4996 in
2190 4941 2310 4996 luce
2337 4939 2540 5011 operis,
2567 4948 2624 4996 et
2650 4940 2704 4995 in
2741 4938 3030 5009 splendore
3072 4940 3306 4994 circnm-

1718 5033 2030 5104 spectionis.

1793 5126 1879 5180 ll.
1929 5124 2065 5192 Quia
2096 5124 2224 5180 item
2267 5123 2462 5179 eruditi
2493 5137 2557 5178 ac
2587 5121 2809 5192 perfecti
2837 5130 2962 5176 sunt
2988 5121 3155 5176 verbo
3184 5120 3303 5186 Dei,

1716 5220 1903 5272 decem
1929 5216 2154 5271 millium
2184 5216 2420 5269 virorum
2457 5214 2592 5268 inda
2623 5229 2846 5268 numero
2878 5214 3299 5267 demonstratur.

1719 5308 1829 5362 Viri
1861 5307 2060 5362 etenim
2090 5313 2217 5361 sunt
2267 5304 2604 5370 fortitudine,
2659 5301 2792 5356 Jnda
2825 5312 3003 5356 autem
3035 5302 3298 5370 praedica-

1718 5399 1886 5452 tione.
1918 5396 2050 5450 Juda
2072 5396 2295 5463 etenim,
2341 5395 2606 5450 confitens
2638 5393 3041 5463 interpretatur.
3073 5394 3180 5448 Sed
3208 5393 3305 5447 de.-

1717 5485 1873 5541 na'io
1895 5499 2119 5539 numero
2149 5483 2481 5552 designatur,
2525 5483 2651 5552 quia
2680 5482 3064 5554 perfectionem
3095 5483 3302 5537 doctri—

1717 5595 1799 5635 na:
1828 5595 1924 5651 per
1948 5577 2174 5647 gratiam
2203 5577 2433 5649 Spiritus
2462 5579 2635 5634 sancti
2664 5580 2937 5634 consecuti
2967 5586 3106 5635 sunt.
3143 5574 3300 5632 Unde
