3948 6284
617 301 720 354 MS

1808 271 2050 332 SANCTI
2093 263 2419 324 CREGORU
2461 264 2677 319 MAGNI-
3746 270 3821 325 “6

615 420 669 464 et
698 409 864 478 Moysr
897 390 1080 463 decem
1104 404 1237 471 legis
1277 403 1540 469 prtecepta
1573 393 1899 452 tribuuntur,
1952 398 2071 455 quze
2101 378 2193 432 Dei
2230 380 2271 436 A
2302 375 2500 478 pariter
2522 374 2875 478 invol‘vatur:
2910 372 3016 428 Sed
3067 373 3290 429 fortasse
3318 374 3409 430 hic
3431 373 3518 430 ille
3537 383 3634 443 est,
3661 377 3719 433 de
3741 396 3824 447 quo

613 472 1000 569 digitovscripta
1021 502 1144 547 sunt
1184 485 1578 561 (Exorl.xxxt).
1622 480 1757 548 Quid
1804 486 1886 532 est
1932 475 2072 529 enim
2119 472 2198 526 di-

616 565 755 657 gitus
807 588 923 651 Dei,
980 585 1081 638 nisi
1138 582 1373 652 Spiritus
1421 573 1681 631 sanctus?
1727 569 1830 636 Qui
1874 580 2004 657 cum
2026 565 2198 657 legem

619 653 854 744 scripsit,
881 674 1021 727 hanc
1051 671 1233 740 utique
1260 670 1311 722 in
1342 667 1527 720 decem
1558 658 1840 731 praeceptis
1868 653 2198 744 edidit,quia

619 743 799 817 etsirin
832 777 895 815 ea
924 760 1143 815 carnale
1188 755 1385 824 aliquid
1440 752 1569 807 foris
1597 748 1843 820 protulit,
1896 743 2041 798 intus
2062 743 2200 795 hanc

620 851 913 921 spiritualis
960 848 1325 915 intelligentia:
1375 842 1762 913 perfectionem
1793 833 2042 904 signavit.
2101 830 2203 883 De-

596 936 739 1017 :cem
770 941 932 994 millia
965 940 1125 1009 igitur
1151 938 1389 991 virorum
1413 933 1547 987 Juda
1578 946 1659 985 eo.
1685 937 1767 983 tra
1796 924 2048 980 Amalech
2073 936 2199 991 pro-

622 1029 860 1084 ducenda
890 1038 1031 1091 sunt,
1063 1035 1121 1079 ut
1167 1022 1533 1078 fornicationis
1579 1018 1798 1089 spiritus
1848 1015 1957 1085 apti
2001 1011 2201 1064 viribus

622 1128 925 1190 superetur.
967 1116 1176 1170 Lambit
1202 1115 1402 1184 quippe
1432 1109 1792 1177 suggestione,
1828 1105 1951 1174 quia
1981 1101 2117 1156 levia
2148 1108 2204 1154 et

609 1207 815 1273 .blanda
845 1206 1099 1270 consu'it,
1125 1204 1216 1257 sed
1248 1218 1335 1257 res
1362 1216 1493 1271 quas
1522 1197 1808 1253 lambendo
1830 1193 2081 1256 consulit,
2107 1207 2203 1260 per

614 1297 1006 1365 cogitationum
1055 1292 1363 1363 phantasias
1408 1288 1662 1343 ostendit.
1742 1284 1880 1353 Ergo
1935 1290 1994 1336 ut
2048 1295 2202 1336 mens

611 1388 855 1442 sobscena
884 1384 981 1438 sibi
1007 1399 1033 1435 a
1060 1380 1389 1435 daemonibus
1411 1387 1627 1432 ostensa
1652 1389 1759 1429 non
1776 1373 1975 1436 videat,
2002 1370 2205 1424 electo-

620 1492 740 1530 rum
768 1473 1012 1542 exempla
1043 1470 1326 1525 revelanda
1353 1475 1491 1522 sunt.
1524 1465 1589 1518 Et
1616 1472 1673 1518 ut
1696 1476 1813 1517 eam
1842 1457 2200 1529 suggestioni-

626 1566 725 1619 bus
757 1563 1000 1632 turpibus
1028 1558 1330 1614 immundus
1378 1558 1595 1625 Spiritus
1624 1552 1848 1607 delinire
1876 1566 1982 1604 non
2008 1546 2202 1617 possit,

620 1654 799 1722 lingua
856 1653 1265 1721 przedieatorum
1316 1647 1477 1699 debet
1524 1660 1621 1714 per
1668 1641 1933 1712 pudicitiae
1988 1636 2200 1691 laudem

2302 465 2431 519 dicit
2452 463 2741 533 Apostolus
2768 482 2781 517 :
2830 462 2995 517 Uxori
3026 465 3101 517 vir
3146 464 3372 518 debitum
3407 465 3607 529 reddat,
3634 470 3827 524 similiter

2300 564 2349 607 et
2377 571 2507 609 uxor
2534 556 2639 609 viro
2666 552 2719 624 (ι
2748 554 2866 607 Cor.
2901 569 2994 619 vn,
3024 553 3101 620 5).
3133 552 3228 608 Cui
3257 554 3423 607 etiam
3456 570 3641 609 nomen
3672 572 3830 613 conre-

2302 647 2402 714 nit,
2457 645 2578 713 quia
2621 644 2855 714 Cyneus,
2910 644 3187 713 possidens
3231 643 3446 698 dicitur.
3499 643 3597 708 Qui
3634 648 3828 713 profecto

2302 734 2593 804 conjugati,
2632 736 2758 805 quia
2810 734 3060 803 conjugio
3107 734 3329 803 obligati
3382 743 3524 797 Sunt,
3578 736 3829 806 relinquere

2304 825 2482 879 omnia
2512 841 2617 878 non
2645 832 2928 892 coguntur.
2977 824 3121 889 Quid
3144 833 3227 878 est
3255 838 3387 892 ergo
3414 826 3555 893 quod
3585 824 3745 896 Cyneo
3767 832 3829 882 di-

2303 914 2480 968 citur:
2520 913 2737 967 Discede
2766 914 2829 967 ab
2856 913 3121 977 Amalech,
3177 914 3279 967 ni~i
3332 914 3462 981 quia
3508 915 3587 968 bis
3614 917 3768 972 verbis
3790 921 3829 972 in

2304 1005 2619 1073 conjugibus
2645 1006 2823 1059 omnis
2852 1005 3197 1059 obscenitatis
3238 1005 3516 1072 turpitudo
3555 1006 3832 1064 damnatur?

2305 1093 2437 1150 Cum
2473 1095 2725 1150 Amalech
2755 1096 2972 1163 quidem
3030 1095 3299 1163 conjuncti
3329 1105 3479 1162 sunt,
3519 1098 3605 1164 qui
3635 1103 3833 1154 meretri-

2304 1188 2388 1242 cio
2418 1204 2567 1243 more
2591 1188 2903 1255 junguntur.
2929 1186 3074 1253 Quos
3103 1188 3377 1242 discedere
3405 1188 3473 1241 ob
3501 1189 3733 1246 Amalech
3757 1193 3833 1245 «ιο-

2304 1285 2423 1330 ctor
2452 1279 2719 1347 praecipit,
2770 1294 2892 1331 cum
2934 1268 2998 1331 ad
3047 1278 3385 1332 honestatem
3419 1278 3733 1346 conjugalem
3763 1297 3833 1334 eos

2305 1381 2561 1421 revocare
2617 1366 2913 1421 contendit.
2963 1365 3126 1431 Quasi
3173 1366 3358 1419 dicat:
3416 1364 3472 1419 Si
3514 1367 3765 1424 cootinurc
3785 1373 3835 1424 ab

2305 1458 2533 1513 invicem
2561 1472 2664 1512 non
2694 1456 2939 1524 potestis,
2994 1456 3308 1510 honorabile
3359 1458 3677 1512 connubium
3716 1461 3835 1514 vobis

2305 1547 2393 1613 sit,
2426 1556 2481 1602 et
2511 1548 2697 1600 thorus
2727 1545 3118 1600 immaculatus.
3151 1545 3233 1599 Ab
3274 1546 3533 1600 Amalech
3575 1548 3735 1616 itaque
3758 1552 3836 1604 dis-

2307 1638 2521 1699 cedere,
2547 1646 2631 1691 est
2659 1635 2915 1704 conjuges
2940 1636 3130 1705 seipsis
3150 1637 3249 1704 uti,
3280 1653 3388 1691 non
3410 1636 3478 1691 ad
3508 1639 3837 1707 turpitudinem

624 1721 788 1811 tangi.
843 1742 1033 1811 Liugnt
1074 1742 1212 1794 hanc
1241 1738 1579 1809 pumilicator,
1616 1742 1671 1787 ut
1695 1732 1957 1797 malignus
1985 1727 2205 1797 spiritus
2236 1721 2283 1781 B
2312 1728 2628 1783 meretriciae
2654 1727 3021 1791 obscenitatis,
3070 1727 3162 1780 sed
3185 1726 3252 1780 ad
3285 1728 3681 1796 temperantiam
3707 1729 3838 1784 hone-

626 1834 828 1902 lingere
858 1845 1200 1899 nequaquam
1255 1826 1443 1897 possit.
1479 1823 1545 1877 Et
1571 1828 1711 1877 hanc
1740 1819 1917 1874 verbis
1947 1818 2200 1881 oblectet,

624 1942 693 1981 ne
716 1925 799 1980 cui
831 1923 1065 1978 cwlestia
1092 1923 1306 1985 desunt,
1338 1919 1477 1971 hanc
1503 1911 1747 1967 diabolus
1776 1925 1872 1980 per
1908 1906 2207 1975 suggestio-

626 2029 754 2072 num
782 2012 1177 2066 oblectamenta
1204 2005 1444 2059 dilaniet.
1490 2000 1691 2055 Contra
1717 1996 1913 2066 duplex
1941 2009 2068 2063 ergo
2098 1994 2207 2047 bel-

629 2104 739 2158 lum
759 2101 957 2167 cordis,
983 2099 1107 2168 quia
1129 2097 1327 2166 duplex
1348 2104 1425 2149 est
1444 2090 1807 2147 necessarium
1829 2088 2028 2142 bonum
2048 2086 2200 2139 auxi-

629 2194 707 2255 lii,
764 2192 904 2246 bene
956 2197 1145 2244 contra
1175 2184 1430 2241 Amalech
1459 2191 1515 2237 et
1567 2181 1794 2251 pedites,
1850 2186 1906 2233 et
1934 2175 2035 2229 viri
2067 2174 2201 2228 Juda

628 2284 807 2354 parari
844 2280 1213 2352 perhibentur.
1246 2276 1303 2330 Si
1332 2276 1451 2344 quis
1474 2282 1652 2327 autem
1693 2270 1825 2324 alios
1849 2283 1945 2335 per
1975 2265 2201 2336 pedites,

626 2373 763 2426 alios
809 2386 905 2441 per
958 2370 1104 2423 viros
1154 2366 1310 2437 3&7
1366 2363 1503 2418 Juda
1560 2363 1677 2416 vu't
1724 2357 1967 2425 intell'gi,
2018 2369 2206 2409 sensus

627 2467 811 2528 aperte
841 2455 1082 2513 veritatis
1110 2461 1275 2523 patet,
1326 2452 1451 2521 quia
1480 2449 1671 2503 summi
1708 2448 1957 2500 doctores
1986 2444 2203 2508 habent,

626 2550 719 2618 qui
772 2548 965 2601 docere
997 2545 1241 2599 nesciunt
1286 2540 1687 2611 praedicatione,
1740 2537 1997 2606 prodesse
2026 2541 2205 2587 autem

630 2640 850 2694 valeant
894 2650 1081 2706 opere.
1131 2634 1237 2688 Sed
1272 2633 1383 2701 jam
1438 2630 1690 2685 reeensiti
1731 2628 1797 2683 ad
1854 2636 1998 2681 tanta
2026 2626 2207 2696 prtelia

630 2726 913 2782 audiamus
950 2739 1057 2794 qua
1100 2733 1216 2778 arte
1260 2722 1648 2789 subsequenter
1690 2718 1967 2773 dimicent.
2018 2716 2207 2785 Sequi-

630 2824 717 2871 tur
750 2834 763 2869 :

700 2907 876 2979 (νει-ε.
910 2904 989 2977 5.)
1044 2905 1266 2975 Cumque
1291 2903 1504 2957 v‘n'sset
1535 2900 1665 2955 Saul
1696 2909 1721 2937 ⁸
1752 2915 1911 2970 usque
1936 2898 2005 2950 ad
2031 2897 2212 2950 civita-

632 3007 729 3053 tem
760 2996 1021 3060 Amalech,
1055 2995 1264 3049 tetendit
1293 2992 1510 3047 insidias
1540 2990 1608 3042 ad
1628 2998 1923 3044 torrentem.

2308 1818 2486 1885 statis,
2514 1827 2570 1872 et
2617 1818 2684 1870 ad
2735 1816 2965 1871 fructum
2998 1816 3329 1885 propaginis.
3368 1815 3520 1870 Unde
3548 1825 3601 1871 et
3624 1818 3741 1871 idem
3765 1820 3838 1873 do-

2305 1915 2425 1963 ctor
2452 1907 2697 1975 egregius
2723 1906 2789 1961 de
2814 1906 2992 1971 vidua,
3024 1922 3140 1975 qute
3166 1904 3319 1974 juxta
3358 1905 3475 1973 ejus
3503 1908 3755 1961 consilium
3780 1910 3836 1963 sic

2306 2013 2622 2070 permanere
2646 2013 2752 2052 non
2778 2005 2975 2065 potest,
3008 1996 3139 2050 dicit
3168 2013 3180 2050 :
3241 1994 3396 2059 Quod
3426 1997 3470 2050 si
3518 2013 3572 2051 se
3599 2014 3688 2051 non
3711 2002 3837 2053 conti-

2307 2102 2411 2158 net,
2441 2092 2597 2145 nubat
2624 2098 2820 2145 tantum
2840 2093 2893 2145 in
2917 2090 3139 2143 Domino
3168 2088 3358 2159 (Ibid.,
3384 2087 3461 2159 9).
3520 2088 3627 2141 Non
3651 2091 3695 2143 in
3715 2090 3836 2142 Atua-

2307 2184 2450 2247 lech,
2474 2184 2569 2239 sed
2595 2184 2649 2237 in
2681 2183 2940 2247 Domino;
2975 2191 3032 2237 ut
3064 2197 3183 2250 qua:
3209 2198 3239 2236 a
3267 2182 3468 2250 nuptiis
3491 2184 3736 2237 abstinere
3756 2199 3835 2235 non

2306 2275 2581 2345 praevalet,
2608 2273 2875 2327 obscenos
2925 2285 3004 2340 ge:
3024 2280 3110 2326 tus
3142 2272 3195 2325 in
3228 2271 3432 2326 laedere
3480 2274 3753 2341 nuptarum
3777 2276 3837 2325 vi-

2311 2372 2408 2419 tet.
2433 2363 2530 2418 Cui
2560 2363 2724 2418 etiam
2751 2362 3130 2427 comminatur,
3170 2361 3360 2415 dicens
3395 2378 3407 2413 :
3462 2358 3543 2414 Ne
3572 2362 3785 2414 involvam
3803 2374 3835 2413 te

2309 2471 2424 2508 cum
2449 2472 2527 2508 eo.
2564 2453 2762 2507 Involvi
2792 2451 3170 2521 peccatoribus
3200 2459 3285 2504 est
3331 2461 3529 2504 aeterna
3558 2465 3697 2518 poma
3722 2452 3835 2501 datu-

2310 2547 2445 2603 nari.
2479 2545 2631 2600 Unde
2658 2554 2712 2599 et
2740 2544 2806 2597 de
2845 2558 3073 2611 nequam
3104 2557 3260 2597 servo
3294 2543 3348 2595 in
3396 2541 3669 2613 Evangelio
3695 2542 3741 2595 De
3761 2542 3833 2594 nti--

2310 2654 2410 2693 nus
2436 2637 2566 2691 dicit
2597 2652 2611 2689 :
2641 2634 2841 2705 Ligatis
2876 2632 3110 2702 pedibus,
3162 2640 3211 2685 et
3256 2630 3518 2698 manibus,
3566 2632 3768 2701 projicite
3791 2632 3829 2683 is

2312 2728 2544 2783 tenebras
2565 2727 2839 2781 exteriores
2865 2723 3076 2794 (Matth.
3110 2740 3240 2788 xxn,
3275 2723 3389 2793 15).
3424 2722 3576 2776 Modo
3596 2737 3706 2789 ergo
3732 2739 3833 2791 prm-

2310 2820 2576 2873 dicatores
2604 2815 2879 2869 auditores
2904 2813 3161 2881 reprobos
3181 2828 3288 2867 non
3319 2812 3608 2875 involvunt,
3629 2813 3732 2880 quia
3756 2813 3834 2863 etsi

2310 2906 2529 2960 verbum
2561 2909 2932 2982 contemnunt,
2965 2902 3155 2959 .redire
3192 2888 3478 2955 tamen'ad
3518 2901 3829 2971 paenitentiam

2313 2998 2486 3052 donec
2524 2996 2730 3060 vivunt,
2764 3009 2887 3048 cum
2914 2993 3122 3059 volunt,
3154 3000 3407 3062 possunt.
3456 2991 3699 3047 lnstanter
3732 3005 3829 3058 ergo

702 3086 789 3141 12.
821 3085 950 3153 Quis
976 3086 1063 3139 hic
1083 3092 1292 3138 torrens
1320 3092 1423 3149 est,
1448 3080 1548 3134 nisi
1581 3079 1669 3132 ille
1702 3078 1769 3131 de
1798 3092 1907 3147 quo
1938 3090 2032 3145 per
2054 3072 2205 3129 Psal-

2316 3087 2629 3157 conjugibus
2649 3084 2944 3154 conjugalis
2972 3084 3228 3140 honestas
3260 3084 3575 3155 imperanda
3614 3091 3704 3149 est,
3738 3084 3829 3150 quia

633 3178 846 3232 mistam
872 3176 1069 3231 dicitur
1102 3192 1116 3227 :
1172 3172 1251 3226 De
1273 3181 1498 3225 torrente
1526 3172 1577 3223 in
1603 3171 1683 3223 via
1724 3168 1849 3221 bibit
1897 3165 2066 3237 (Psal.
2098 3180 2208 3230 etx,

632 3270 728 3338 7)?
769 3267 1002 3322 Torrens
1050 3266 1249 3335 quippe
1297 3264 1580 3316 decursum
1627 3267 1824 3313 uestrae
1873 3256 2212 3310 mortalitatis

630 3359 896 3425 designat.
922 3356 1049 3411 Saul
1076 3370 1203 3423 ergo
1226 3356 1277 3409 in
1292 3360 1530 3407 torrente
1552 3351 1769 3405 insidias
1788 3349 1974 3412 tendit,
1996 3348 2211 3415 quando

634 3446 955 3517 prtedicator
1002 3445 1258 3499 Ecclesia:
1311 3442 1528 3497 :eternis
1556 3441 1790 3511 praemiis
1828 3438 2212 3493 consideratio-

642 3553 767 3592 nem
811 3546 1008 3593 nostrze
1060 3537 1403 3592 mortalitatis
1456 3535 1661 3589 inserit.
1724 3533 1793 3588 Ut
1819 3534 1960 3588 enim
1983 3533 2213 3589 lubricas

636 3628 845 3682 animas
868 3627 1020 3696 quasi
1042 3640 1137 3696 per
1158 3625 1395 3680 fraudem
1418 3624 1616 3694 capiat,
1642 3622 1800 3677 modo
1816 3620 2212 3690 coelestialoqui

632 3718 894 3781 inchoat,
936 3716 1029 3771 sed
1070 3723 1293 3784 repente
1342 3713 1407 3767 ad
1460 3711 1833 3782 exponendam
1889 3717 2211 3765 :eternarum

634 3823 913 3879 pinnarum
943 3807 1289 3863 acerbitatem
1316 3805 1666 3867 convertitur,
1710 3810 1770 3856 ut
1790 3817 1991 3858 secura:
2014 3801 2065 3855 in
2094 3816 2217 3856 car.

636 3900 720 3953 nis
745 3898 1102 3954 delectatione
1155 3903 1363 3951 mentes
1390 3900 1711 3948 terreantur.
1739 3891 1900 3958 Quasi
1929 3892 2071 3946 enim
2120 3905 2216 3961 per

638 3986 879 4040 lraudcm
907 3986 1109 4049 educit,
1141 4000 1234 4053 per
1256 3984 1473 4039 insidias
1501 3982 1749 4053 percutit,
1804 3982 1928 4036 dum
1958 3980 2077 4035 laeta
2129 3979 2213 4036 ιο-

641 4091 812 4146 quens
855 4076 921 4129 ad
958 4076 1279 4129 audiendum
1309 4084 1601 4144 provocat,
1654 4082 1709 4128 et
1763 4075 1953 4128 mortis
1983 4071 2007 4109 δ
2043 4073 2215 4127 tristia

643 4166 851 4231 inserit,
876 4175 933 4218 ut
946 4165 1169 4220 audiant
1184 4164 1371 4219 lubrici
1393 4163 1536 4234 quod
1548 4173 1924 4233 expavescant.
1942 4163 2069 4218 Saul
2086 4176 2214 4231 ergo

645 4255 711 4308 ad
735 4255 986 4309 Amalech
1013 4255 1283 4309 civitatem
1313 4255 1491 4321 venit,
1514 4268 1633 4308 cum
1656 4252 1848 4307 doctor
1885 4253 2087 4306 munita
2121 4268 2216 4322 per

647 4346 888 4399 illicitum
926 4360 1163 4399 amorem
1194 4344 1355 4400 corda
1384 4352 1725 4413 peccatorum
1755 4342 2037 4396 dulcedine
2064 4352 2219 4396 teter-

2316 3178 2486 3231 valida
2545 3176 2895 3231 mulctatione
2949 3173 3184 3228 dicitur:
3240 3174 3416 3241 Abite,
3465 3172 3620 3243 348
3664 3171 3829 3225 recedite

2314 3269 2502 3340 absque
2527 3268 2754 3321 (rosione.
2797 3264 3017 3319 Discede
3064 3262 3127 3317 ab
3174 3264 3443 3325 Amalech,
3477 3280 3537 3316 ne
3564 3261 3830 3316 iarolvamte

2313 3375 2428 3411 cum
2456 3375 2535 3411 eo.
2585 3357 2795 3425 Absque
2823 3354 3037 3408 larsione
3065 3353 3279 3423 quidem
3312 3368 3474 3419 nunc,
3508 3368 3609 3407 non
3633 3361 3738 3405 tunc
3768 3364 3830 3402 re-

2315 3449 2543 3514 ccditur,
2570 3447 2695 3515 quia
2717 3445 2807 3514 qui
2832 3460 2927 3514 per
2953 3444 3133 3499 omnia
3178 3443 3430 3512 turpibus
3456 3442 3747 3504 similantur,
3765 3452 3833 3490 eo-

2314 3556 2431 3594 rum
2460 3539 2692 3594 ltesionis
2718 3546 2969 3606 expertes
3014 3551 3121 3589 non
3174 3544 3358 3590 erunt.
3398 3535 3497 3601 Qui
3524 3535 3669 3589 etiam
3691 3532 3834 3585 fecisse

2314 3645 2435 3683 cum
2468 3628 2588 3681 [iliis
2610 3626 2771 3682 Israel
2793 3625 2862 3681 de
2890 3623 3125 3696 Egypto
3145 3624 3557 3681 ascendentibus
3586 3622 3833 3676 misericor-

2313 3717 2454 3773 diam
2478 3717 2693 3783 dicitur,
2715 3716 2839 3785 quia
2870 3714 3063 3768 infirmi
3089 3722 3288 3768 sanctae
3328 3712 3577 3767 Ecclesite
3603 3712 3701 3771 lilii,
3740 3710 3834 3760 dum

2315 3816 2587 3877 perpetua:
2612 3804 2957 3861 continentiae
2977 3804 3171 3857 bonum
3193 3817 3415 3857 servare
3443 3806 3712 3868 nequeunt,
3736 3812 3833 3849 con-

2310 3897 2440 3967 jugii
2470 3896 2816 3950 miseratione
2844 3893 3222 3963 suscipiuntur.
3268 3891 3351 3945 Ab
3402 3890 3628 3961 ngypti
3665 3886 3837 3954 quidem

2316 3989 2631 4057 ascendunt,
2671 3989 2795 4057 quia
2854 3987 3078 4042 luxuriae
3133 3993 3189 4039 et
3230 3983 3598 4039 fornicationis
3642 3978 3841 4033 tenebras

2316 4085 2588 4159 deserunt.
2644 4078 2709 4133 Et
2763 4072 3186 4133 misericordiam
3251 4090 3282 4129 a
3345 4075 3532 4145 Cyneo
3577 4068 3842 4139 suscipiunt,

2315 4158 2441 4239 quia
2489 4168 2723 4238 coniugii
2777 4167 3156 4235 indulgentiam
3191 4174 3589 4235 promerentur.
3638 4158 3765 4214 Unde
3802 4163 3844 4206 ει

2316 4261 2508 4314 doctor
2535 4258 2772 4327 gentium
2791 4257 2957 4312 dicit:
3001 4256 3113 4310 Hoc
3146 4256 3261 4309 dico
3308 4255 3589 4311 secundum
3615 4248 3842 4318 indulgen-

2317 4350 2464 4416 tiam,
2495 4365 2595 4402 non
2623 4347 2901 4401 secundum
2929 4347 3195 4412 imperium
3220 4343 3271 4415 (1
3305 4344 3425 4399 Cor.
3461 4359 3549 4406 vn,
3574 4340 3646 4407 6).
3677 4336 3844 4404 thuia

649 4450 729 4488 nte
753 4434 1100 4501 jucunditatis
1139 4434 1378 4488 a'trahit.
1411 4432 1515 4487 Sed
1561 4432 1779 4487 insidias
1808 4432 1855 4485 ei
1878 4432 1930 4485 in
1975 4440 2213 4488 torrente
2246 4436 2296 4498 ι)
2321 4448 2503 4492 sancta
2528 4437 2765 4493 Ecclesia
2788 4437 2975 4491 electis
3003 4437 3230 4491 subditis
3278 4436 3422 4491 bona
3467 4449 3583 4505 qua:
3624 4426 3845 4501 loquendo

644 4523 951 4591 abscondit,
1002 4523 1125 4591 quia
1156 4522 1344 4575 mortis
1364 4519 1845 4575 considerationem
1886 4519 2106 4587 inducit,
2158 4530 2217 4575 ut

643 4615 793 4684 quasi
826 4630 893 4669 ex
923 4614 1125 4669 insidiis
1151 4620 1518 4682 erumpentem
1540 4618 1725 4666 contra
1755 4626 1812 4664 se
1837 4611 2059 4665 militem
2090 4626 2216 4679 pec-

641 4714 791 4760 cator
819 4704 1016 4767 videat,
1066 4711 1121 4757 et
1149 4703 1273 4756 dum
1325 4717 1385 4756 se
1412 4701 1669 4756 velociter
1695 4702 2011 4755 moriturum
2038 4701 2218 4755 consi-

640 4796 811 4861 derat,
862 4810 1067 4849 moram
1110 4794 1315 4864 peccati
1365 4786 1586 4848 tendere
1641 4792 1781 4847 ultra
1846 4792 2214 4864 pertimescat.

637 4884 892 4952 Sequitur
924 4900 937 4936 :

713 4974 887 5043 (Vere.
917 4973 993 5039 6.)
1044 4971 1187 5027 Dixit
1216 4972 1349 5027 Saul
1371 4972 1540 5042 Cyneo
1565 4987 1583 5025 :
1620 4969 1837 5027 Discede
1865 4969 1927 5023 ab
1947 4972 2212 5041 Amalech,

640 5078 705 5114 ne
725 5064 859 5131 forte
876 5063 1125 5115 involvam
1148 5072 1194 5114 te
1213 5078 1324 5113 cum
1351 5078 1429 5114 eo.
1465 5060 1539 5113 Tu
1567 5062 1702 5114 enim
1730 5062 1895 5131 fecisti
1927 5063 2215 5117 misericor-

640 5152 779 5205 diam
801 5168 915 5205 cum
935 5153 1170 5207 omnibus
1196 5153 1322 5223 [iliis
1350 5151 1537 5221 Israel,
1575 5170 1689 5206 cum
1737 5167 1756 5193 ε
1789 5154 2122 5209 accenderent
2152 5157 2215 5211 de

638 5242 894 5315 {Egi/pta.

712 5332 801 5386 i5.
842 5331 971 5398 Quis
997 5346 1078 5390 est
1122 5333 1354 5404 Cyneus,
1411 5334 1647 5400 quicum
1685 5334 1936 5389 Amalech
1970 5337 2213 5394 habitare

642 5422 1008 5491 cognoscitur,
1063 5421 1152 5493 qui
1203 5432 1259 5479 et
1287 5422 1562 5478 discedere
1615 5424 1841 5494 cogitur,
1882 5442 1949 5481 ne
1977 5443 2097 5483 cum
2145 5445 2211 5486 eo

714 5611 737 5636 ⁸¹
770 5601 948 5662 Deest,
980 5615 1137 5662 usque
1158 5599 1208 5650 in
1236 5599 1396 5652 Gilot.

723 5669 747 5707 ιι
773 5670 935 5724 σὶἱιοι.
969 5676 1022 5722 ct
1052 5666 1245 5731 Valle,
1269 5669 1444 5721 mortis
1471 5668 1697 5720 tristitia.

2318 4529 2536 4585 exhibet
2559 4529 2861 4600 persuadet,
2902 4527 3179 4596 sequitur:

2389 4620 2564 4688 (Vers.
2597 4620 2674 4691 6.)
2709 4620 2776 4674 Et
2810 4620 3020 4674 recessit
3056 4616 3259 4688 Cynetts
3280 4617 3345 4671 de
3364 4617 3533 4671 medio
3559 4610 3791 4670 Amalech.

2391 4709 2477 4765 14.
2509 4710 2586 4765 De
2615 4708 2793 4765 medio
2820 4708 3038 4777 quidem
3070 4708 3327 4762 Amalech
3379 4705 3607 4760 discedit
3632 4700 3845 4768 conjuun

2318 4800 2385 4856 de
2412 4808 2565 4871 parte
2588 4815 2693 4854 non
2723 4807 2919 4869 potest,
2950 4799 3076 4867 quia
3105 4798 3205 4851 etsi
3234 4805 3415 4866 gestus
3458 4797 3585 4850 vitat
3610 4790 3845 4861 turpitudi—

2321 4890 2428 4959 nis,
2471 4888 2639 4943 vitare
2690 4903 2799 4941 non
2850 4895 3029 4957 potest
3080 4885 3331 4941 allectum
3362 4885 3663 4954 voluptatis.
3703 4882 3846 4949 Ignem

2318 4980 2517 5048 quippe
2546 4987 2851 5047 temperare
2877 4993 2973 5047 per
3000 4977 3339 5031 honestatem
3362 4975 3617 5044 conjuges
3648 4975 3845 5041 possunt.

2322 5072 2396 5125 De
2418 5070 2592 5124 medio
2615 5070 2776 5138 igitur
2802 5068 3059 5122 Amalech
3105 5075 3325 5134 exeunt,
3372 5066 3499 5135 quia
3529 5064 3625 5119 etsi
3662 5056 3843 5115 cantati-

2318 5164 2420 5221 bus
2445 5164 2723 5219 desideriis
2751 5163 2971 5217 omnino
2997 5175 3185 5216 carere
3205 5168 3495 5228 nequeunt,
3521 5158 3681 5228 ipsum
3706 5161 3843 5205 tamen

2318 5256 2499 5309 carnis
2547 5254 2827 5323 imperium
2878 5252 2976 5308 sub
3023 5259 3293 5323 praecepto
3346 5248 3636 5304 honestatis
3674 5237 3840 5297 vinculo

2319 5347 2685 5401 moderantur.
2716 5344 2970 5412 Sequitur
2992 5360 3005 5397 :

2390 5432 2569 5503 (Vcrs.
2603 5433 2679 5502 7.)
2732 5430 3094 5502 Percussitqtte
3146 5430 3275 5485 Saul
3320 5429 3561 5483 Amalech
3602 5424 3659 5478 ab
3686 5418 3834 5477 Evilat.

2399 5611 2419 5639 ε
2454 5599 2641 5664 Gilot.,
2665 5599 2960 5654 ostenderet
2990 5599 3059 5651 de.
3080 5596 3328 5667 ngypto.
