3948 6296
145 327 231 380 bl?

137 443 274 494 donec
299 434 474 490 ueniret
501 429 623 495 Sur,
654 444 767 499 qua:
793 435 914 481 este
940 429 1152 498 regione
1179 426 1419 497 Egypti.

199 525 270 579 l5.
296 521 455 576 Evrlat
481 518 780 588 parturiens
817 517 1220 584 interpretatur,
1269 516 1375 570 Sur
1403 515 1668 584 angustia,

143 619 366 688 Egyptus
395 613 641 666 tenebrm.
689 608 1142 676 Concupiscentia
1181 617 1361 662 autem
1391 615 1669 677 peccatum

141 711 271 780 parit.
298 703 473 758 Merito‘
501 701 659 768 igitur
681 698 1026 770 parturientis
1048 698 1265 752 nomine
1282 698 1669 766 concupiscen-

142 804 196 855 tia
219 788 513 863 designatur.
567 791 836 860 PrOpheta
877 791 1039 846 etiam
1081 791 1468 860 impaenitentis
1494 790 1672 845 cordis

139 887 366 957 angustias
398 884 667 938 incurrere
697 890 946 935 metuens
999 882 1267 946 obsecrat,
1327 880 1551 934 dicens:
1585 877 1671 934 Ne

132 977 364 1033 absorbent
391 991 466 1027 me
491 969 823 1042 profundum,
867 987 1028 1042 neque
1055 980 1237 1041 urgent
1265 987 1418 1040 super
1448 986 1529 1024 me
1568 986 1666 1037 pu-

138 1079 224 1123 teus
248 1083 296 1120 os
322 1080 457 1118 suum
489 1061 661 1127 (Prol.
687 1076 876 1130 urm,
902 1060 1014 1130 16).
1062 1060 1261 1115 Doctor
1287 1074 1412 1128 ergo
1439 1059 1506 1114 ab
1543 1057 1670 1113 Evi-

138 1166 195 1214 lat
218 1170 361 1224 usque
387 1153 488 1207 Sur
533 1151 787 1205 Amalech
839 1150 1090 1220 percutit,
1119 1166 1244 1205 cum
1282 1150 1334 1204 in
1362 1149 1668 1204 auditorum

135 1263 316 1304 suorum
363 1242 608 1298 cordibus
639 1241 764 1294 vitia
807 1248 1084 1310 conceptas
1111 1240 1488 1295 delectatiOuis
1513 1256 1666 1294 conr-

137 1339 300 1411 primit,
329 1344 380 1389 ct
418 1333 574 1388 ﬁdem
621 1331 1048 1387 deliberationis.
1100 1332 1205 1387 Sur
1227 1333 1387 1413 etiam
1411 1333 1662 1401 percutit,

129 1447 229 1485 cum
253 1443 332 1482 eas
358 1433 561 1480 mentes
598 1423 813 1478 videtur
865 1423 932 1476 ad
983 1423 1252 1492 pudicirize
1282 1437 1523 1477 amorem
1557 1433 1667 1477 tra—

129 1525 251 1583 here,
277 1532 383 1586 qua:
419 1517 470 1570 in
519 1515 745 1570 luxuriae
773 1515 945 1570 fetore
977 1531 1150 1584 prope
1170 1526 1374 1569 inerant
1393 1515 1560 1569 vitam
1604 1516 1665 1566 tl-

129 1610 237 1663 nire.
257 1606 305 1660 In
333 1604 567 1674 angustia
588 1604 731 1658 enim
759 1612 886 1657 sunt
913 1603 1002 1672 qui
1032 1604 1173 1672 capti
1192 1603 1303 1671 jam
1349 1603 1502 1658 mala:
1532 1619 1666 1660 con-

130 1696 377 1753 suetudinis
403 1697 592 1764 laqrreo
615 1693 1079 1762 constringuntur.
1104 1692 1172 1746 Et
1193 1692 1506 1758 notandum,
1537 1693 1661 1761 quia

907 308 970 364 IN
1014 309 1273 365 PRIMUM
1313 309 1558 370 RECUM
1599 307 2115 367 EXPOSITIONES.
2159 337 2229 350 -—
2267 307 2395 364 LIB.
2431 308 2513 363 \‘I.

1701 433 1749 486 Α
1781 425 2104 494 pepercisse,
2143 433 2199 481 et
2227 426 2406 481 omnia
2434 425 2605 482 electa
2629 424 2746 495 ejus
2777 428 3092 499 concupisse
3110 437 3355 490 ostendi-

3235 319 3358 373 M8

1776 525 1908 571 tur:
1971 525 2050 581 ut,
2099 517 2228 572 dum
2280 519 2722 587 transgressionis
2771 520 2960 577 modus
3011 526 3312 581 ostenlitur
3340 570 3358 594 ,

1771 623 1934 679 quam
1964 610 2033 664 sit
2060 609 2392 665 detestabilis
2420 611 2793 668 inobedientire
2818 614 2973 684 culpa
3005 632 3129 671 mon
3162 625 3355 676 tretur.

1844 697 1896 751 5.
1927 697 2081 765 Quod
2119 699 2163 754 si
2187 699 2366 753 carnis
2386 698 2527 754 bella
2553 700 2927 770 describimus,
2953 721 3175 773 magnos
3231 723 3353 764 esse

1773 792 1956 863 lapsus
1985 795 2164 862 regios
2195 793 2516 849 invenimus.
2544 793 2695 851 Unde
2716 805 2771 851 et
2803 797 3058 854 Dominus
3091 801 3142 854 in
3168 799 3346 856 Evan-

1769 881 1912 948 gelio
1934 880 2062 936 dicit
2093 899 2105 934 :
2131 881 2192 936 Si
2213 882 2294 935 sal
2321 885 2603 946 eunnuerit,
2629 883 2682 936 in
2712 901 2810 949 quo
2855 886 3069 941 salietur
3091 889 3114 941 ?
3137 889 3353 959 (Matth.

1769 989 1833 1035 ν,
1869 972 1982 1042 l5.)
2015 972 2190 1042 Reges
2235 988 2366 1028 vero
2403 971 2677 1038 Ecclesiae,
2714 974 2830 1042 ejus
2882 985 3010 1030 sunt
3049 980 3358 1047 praedicato-

1769 1079 1878 1130 res,
1918 1065 2059 1118 sicut
2079 1080 2238 1132 supra
2282 1063 2395 1133 jam
2425 1071 2704 1118 ostensum
2758 1073 2859 1120 est.
2910 1066 3040 1132 Quis
3095 1082 3226 1136 ergo
3275 1078 3360 1124 est

1768 1153 1918 1223 Agag
1955 1170 2050 1209 rex
2081 1155 2357 1220 Amalech,
2392 1153 2490 1210 nisi
2518 1170 2708 1209 sensus
2737 1157 3001 1212 carnalis?
3053 1157 3185 1212 Nam
3232 1177 3354 1214 cum

1768 1259 1834 1300 ex
1864 1246 2042 1300 anima
2070 1246 2488 1301 rationalitatem
2507 1262 2570 1301 ac
2599 1249 3003 1304 seusualitatem
3034 1251 3354 1319 habeamus,

1768 1336 2108 1392 rationalitas
2129 1336 2318 1399 menti,
2351 1337 2672 1392 sensualitas
2715 1338 2864 1392 (arui
2908 1339 3267 1404 adscribitur;
3297 1350 3346 1395 et

1766 1443 1864 1496 per
1889 1429 2034 1482 illam
2059 1444 2178 1482 cum
2203 1429 2426 1496 angelis,
2453 1443 2550 1496 per
2581 1427 2738 1483 istam
2769 1444 2890 1484 cum
2941 1430 3113 1484 brutis
3142 1431 3352 1485 animi-

1767 1515 1908 1570 libus
1943 1517 2315 1571 convenimus.
2347 1515 2405 1570 In
2447 1515 2534 1569 illa
2564 1531 2672 1584 quo
2710 1516 2870 1572 altius
2914 1519 3239 1587 extollinrur,
3271 1535 3332 1574 su

1767 1607 1946 1675 pernis
1971 1607 2174 1661 civibus
2203 1607 2721 1677 appropinquamus.
2753 1607 2855 1663 Per
2884 1609 3042 1664 istam
3071 1625 3201 1665 vero
3235 1625 3345 1680 quo

1766 1693 1832 1748 ad
1857 1697 2037 1749 carnis
2058 1695 2423 1749 blandimenta
2453 1695 2762 1763 dilabimur,
2788 1697 3137 1763 carnaliores,
3179 1707 3237 1753 ut
3278 1701 3350 1754 ita

131 1789 212 1844 Sur
246 1803 272 1842 e
309 1787 520 1855 regione
577 1785 792 1856 Egypti
821 1800 942 1841 esse
985 1786 1304 1850 ostenditur,
1335 1786 1457 1854 quia
1489 1786 1580 1854 qui
1610 1786 1662 1840 in
1698 1787 1733 1842 li
1767 1785 2018 1850 dixerim,
2052 1785 2378 1839 invenimur.
2408 1782 2560 1840 Unde
2577 1794 2633 1840 et
2673 1786 2803 1840 visis
2823 1795 2878 1840 et
2915 1788 3214 1857 concupitis
3236 1788 3350 1857 jaru

130 1879 298 1932 luxuria
323 1879 474 1931 vitam
504 1873 662 1931 linire
688 1877 971 1944 deliberat,
1029 1875 1190 1930 modo
1234 1876 1286 1929 in
1319 1876 1662 1931 interioribus

127 1970 320 2026 tenebris
344 1969 607 2025 c'audilur
663 1984 690 2021 a
748 1968 940 2036 quibus
969 1967 1036 2021 ad
1067 1968 1363 2024 exteriores
1408 1969 1664 2037 perduca-

131 2072 210 2115 tur.
252 2061 345 2115 S-d
398 2060 560 2114 etiam
617 2058 751 2114 liber
781 2067 806 2095 ⁸
839 2059 940 2112 iste
966 2057 1266 2120 claudatur,
1294 2066 1358 2113 ut
1385 2058 1451 2112 ad
1471 2073 1661 2113 conse-

122 2153 300 2222 quentis
340 2150 824 2206 considerationem
881 2164 979 2218 per
1028 2149 1304 2205 silentium
1354 2149 1654 2224 veniamus.

689 2237 917 2295 CAPUT
969 2239 1034 2296 II.

179 2333 219 2386 Ι.
263 2331 364 2386 [lex
406 2329 556 2393 Saul,
604 2331 694 2400 qui
725 2331 986 2399 principia
1015 2330 1157 2385 bona
1196 2330 1402 2398 habuit,
1447 2331 1542 2384 sed
1603 2332 1655 2386 in

124 2426 244 2477 bonis
284 2439 390 2492 quc
429 2431 674 2492 eruperat
724 2437 1068 2492 nequaquam
1131 2423 1515 2492 perseveravit,
1560 2437 1657 2492 per

122 2527 252 2567 sacra:
275 2512 506 2568 llistoria:
538 2522 746 2568 textum
776 2513 1092 2578 ostenditur,
1125 2524 1185 2569 ut
1228 2516 1283 2570 in
1305 2530 1371 2570 eo
1400 2515 1652 2569 imitanda

125 2605 390 2658 etcavenda
418 2604 718 2659 videamus.
777 2605 867 2660 Sic
915 2607 1168 2660 nimirum
1211 2613 1267 2659 et
1320 2606 1460 2660 male
1482 2606 1654 2661 cultas

126 2703 296 2760 segetes
316 2695 598 2764 carpimus,
623 2709 740 2762 que
765 2694 831 2748 ad
855 2695 1178 2749 messionem
1208 2695 1376 2764 spinis
1405 2695 1655 2748 admixti:

124 2789 416 2849 consurgunt.
460 2781 611 2836 Bene
652 2781 866 2849 quidem
896 2799 990 2838 cas
1035 2783 1214 2850 legere
1245 2782 1410 2847 novit,
1462 2783 1550 2852 qui
1575 2783 1654 2838 sic

124 2879 242 2923 curat
271 2871 429 2938 spicas
455 2886 701 2940 carpere,
737 2882 795 2925 ut
827 2873 1009 2940 spinas
1048 2873 1259 2927 studeat
1292 2873 1514 2926 evitare.
1565 2871 1656 2927 Sic

123 2959 219 3013 dum
249 2962 370 3015 horti
399 2977 523 3015 cura
579 2962 884 3028 negligitur,
939 2979 1061 3016 cum
1117 2963 1266 3017 olere
1294 2964 1437 3031 quod
1483 2961 1656 3017 reﬁcit

123 3050 312 3102 nasc'tur
339 3048 462 3103 vicia
492 3056 621 3118 qua:
648 3050 854 3117 pungit.
906 3049 1070 3116 Quasi
1117 3051 1258 3104 enim
1291 3051 1432 3105 male
1478 3051 1652 3106 cultos

1769 1876 1976 1932 ﬁliabus
1997 1877 2296 1942 hominum,
2323 1875 2434 1944 jam
2460 1877 2695 1947 impletis
2725 1878 2777 1932 in
2809 1879 2938 1932 luxu
2970 1879 3017 1932 ia
3049 1881 3345 1950 voluptati-

1763 1968 1880 2034 bus,
1913 1967 1978 2020 de
2006 1967 2088 2021 Iris
2116 1968 2205 2037 qui
2235 1967 2484 2036 puritatis
2515 1968 2710 2023 merito
2742 1968 2834 2022 lilii
2862 1969 2952 2024 Dei
2979 1970 3310 2024 vocabantur
3331 2013 3346 2033 ,

1762 2058 1816 2112 in
1855 2056 2050 2116 Genesi
2080 2056 2336 2113 Dominus
2349 2058 2604 2123 minatur,
2623 2059 2806 2114 dicens
2837 2076 2852 2111 :
2887 2058 3010 2114 Non
3033 2062 3354 2129 permanebit

1759 2148 1971 2216 apii-itus
1999 2163 2139 2201 meus
2159 2149 2215 2201 in
2237 2147 2443 2202 homine
2466 2148 2519 2201 in
2543 2156 2811 2213 wternurn,
2845 2165 2906 2202 eo
2931 2149 3067 2220 quod
3119 2166 3241 2204 caro
3278 2152 3346 2205 sit

1763 2235 1970 2306 (Cenes.
2004 2253 2074 2302 vr,
2100 2236 2178 2307 5).
2215 2235 2354 2293 Caro
2383 2238 2581 2307 quippe
2615 2239 2777 2292 homo
2824 2225 3083 2305 efﬁcitur,
3129 2241 3347 2309 quando

1759 2327 1939 2382 sensui
1963 2326 2141 2381 carnis
2164 2328 2300 2381 ratio
2326 2328 2662 2396 subjugatur.
2687 2327 2802 2382 Rex
2831 2343 2962 2396 ergo
2988 2330 3243 2386 Amalech
3269 2332 3345 2384 vi-

1758 2429 1858 2484 gor
1885 2426 1968 2470 est
1989 2431 2178 2471 sensus
2210 2417 2463 2484 carnalis,
2489 2416 2582 2486 qui
2623 2417 2857 2473 motibus
2897 2420 3141 2489 turpibus
3186 2421 3352 2491 impc-

1759 2517 1862 2572 rat,
1894 2509 2230 2576 utcaptivam
2259 2508 2523 2563 rationem
2550 2509 2616 2562 ad
2663 2510 2946 2565 illecebras
2997 2511 3348 2567 ob;cenitatis

1759 2597 1955 2652 trahat.
1986 2596 2130 2650 Bene
2150 2607 2332 2652 autem
2363 2597 2567 2651 carnali
2621 2598 2803 2653 sensui
2859 2615 3056 2654 nomen
3104 2602 3351 2668 congruit

1757 2686 2105 2741 Amalecbitm
2134 2689 2293 2756 regis.
2333 2687 2480 2757 Agzrg
2509 2688 2731 2758 quippe,
2779 2690 3067 2758 meditans,
3111 2691 3224 2747 sive
3263 2693 3342 2746 lo-

1757 2793 1930 2848 quens
1968 2779 2370 2848 interpretatur.
2423 2777 2664 2832 Meditari
2717 2780 2919 2850 quippe
2953 2780 3001 2835 ei
3029 2789 3132 2849 est,
3177 2781 3342 2851 phan-

1759 2879 1986 2926 tasmata
2009 2871 2236 2926 lascivia:
2261 2856 2469 2925 interna
2493 2871 2842 2926 meditatione
2864 2872 3138 2941 colligere.
3168 2872 3233 2927 Et
3255 2873 3339 2927 lo-

1756 2965 1848 3031 qui
1877 2964 1930 3016 ei
1961 2971 2043 3018 est
2069 2978 2288 3018 carnem
2319 2963 2554 3017 motibus
2586 2963 2831 3032 turpibus
2847 2963 2912 3018 ad
2940 2963 3213 3018 libidinem
3245 2979 3345 3019 ex-

1757 3056 1945 3108 citare.
1976 3051 2138 3118 Quasi
2159 3053 2301 3107 enim
2332 3067 2583 3122 maguum
2609 3052 2899 3107 clamorem
2930 3052 3343 3126 locutionislra-

121 3151 244 3204 agros
267 3139 457 3206 ingredi
487 3147 652 3193 caute
680 3139 954 3210 discipulis
983 3141 1326 3209 praeripiebat
1374 3141 1650 3203 Dominus,
1683 3148 1728 3208 C
1760 3141 1870 3207 bet,
1929 3144 2053 3212 quia
2104 3157 2322 3197 carnem
2379 3141 2640 3212 pulsando
2694 3141 2973 3198 ardentius
3019 3131 3342 3198 comrrro'vet.

118 3241 213 3279 cum
232 3227 418 3281 dicebat
446 3244 460 3280 :
493 3227 670 3296 Super
689 3229 986 3282 cathedram
1018 3227 1190 3299 Moysi
1236 3229 1475 3284 sederunt
1503 3231 1650 3301 prin-

115 3317 572 3385 cipesrtPharistei.
628 3319 954 3392 Quaecunque
992 3323 1402 3390 dinei-intrabis,
1453 3326 1649 3395 facite;

121 3423 211 3474 qua!
248 3416 398 3460 autem
425 3410 650 3477 faciunt,
694 3411 865 3480 fatae
894 3412 1054 3465 nolite
1107 3411 1321 3483 (Matth.
1370 3430 1523 3480 χχιιι,
1569 3413 1647 3485 ‘2).

117 3499 249 3562 Quasi
274 3499 438 3554 dicat:
480 3499 621 3567 Quia
656 3501 815 3555 mista
847 3511 971 3556 sunt
1000 3513 1140 3566 acta,
1190 3512 1244 3557 et
1269 3505 1431 3558 verba
1463 3520 1651 3572 repro-

115 3586 290 3652 borum,
315 3589 388 3644 sic
413 3589 601 3645 utendi
625 3598 768 3655 sunt,
791 3599 851 3644 ut
877 3592 929 3645 in
960 3591 1038 3646 eis
1059 3600 1300 3647 sumatur
1319 3591 1463 3661 quod
1481 3591 1650 3647 viviti-

115 3685 200 3742 cat,
221 3677 397 3732 vitetur
421 3679 564 3748 quod
597 3689 777 3734 necat.
835 3680 969 3736 Hinc
1018 3683 1212 3737 iterum
1261 3685 1645 3751 praenuntians,

115 3766 219 3821 dicit
247 3786 258 3822 :
297 3768 501 3824 Venient
531 3770 607 3824 ad
629 3787 718 3825 vos
745 3773 798 3825 in
829 3774 1139 3830 vestimentis
1177 3775 1364 3839 ovium,
1403 3777 1652 3829 intrinse-

114 3873 180 3909 cus
204 3867 354 3913 autem
380 3873 495 3915 sunt
536 3864 651 3932 lupi
680 3881 892 3934 rapaces
943 3863 1158 3934 (Matth.
1200 3881 1290 3930 vn,
1337 3863 1446 3932 15).
1502 3865 1648 3922 Huc-

115 3961 246 4014 usque
270 3964 388 4018 ergo
413 3952 579 4024 359
630 3968 810 4022 regrm
859 3953 986 4008 Saul
1014 3963 1233 4010 strenue
1287 3957 1436 4025 regni
1465 3972 1648 4012 curam

115 4048 367 4110 gerentem,
415 4043 650 4100 libenter
677 4046 1022 4111 attendimus,
1078 4055 1512 4117 contemptorem
1537 4047 1649 4117 jam

113 4124 355 4185 Dominicae
377 4133 656 4201 jussionis,
711 4136 762 4190 in
812 4151 919 4205 quo
946 4137 1103 4192 vitari
1151 4145 1207 4193 et
1258 4137 1418 4208 abjici
1457 4139 1650 4195 debeat

113 4219 337 4276 subtiliter
363 4225 665 4280 videamus.
698 4225 830 4279 Nam
860 4230 1105 4296 sequitur
1136 4245 1149 4281 :

168 4307 322 4377 (Vers.
350 4311 401 4378 8,
435 4313 513 4384 9.)
539 4315 891 4386 Apprehentlit
920 4317 1068 4387 Agag
1094 4334 1263 4388 regem
1302 4318 1548 4372 Amalech
1570 4321 1648 4374 vi-

114 4417 220 4467 rum,
243 4421 381 4460 omne
409 4418 586 4462 autent
632 4411 810 4479 uulgus
850 4410 1107 4480 interfecit
1148 4412 1202 4463 in
1251 4427 1339 4465 ore
1367 4411 1548 4481 gladii.
1578 4410 1648 4464 Et

1759 3235 1894 3291 Nam
1924 3245 1980 3291 et
2003 3236 2308 3290 meditando
2330 3235 2533 3303 collig‘t
2558 3235 2702 3304 quod
2752 3235 2931 3304 loque.
2953 3233 3025 3290 do
3067 3243 3344 3305 exponat:

1755 3327 1879 3396 quia
1907 3326 2274 3395 unusquisque
2309 3325 2511 3380 carnali
2561 3323 2742 3380 sensui
2774 3324 3038 3389 subditus,
3063 3339 3170 3392 quo
3203 3323 3343 3378 libe»

1755 3419 1865 3472 rius
1896 3417 2126 3472 laSeivia:
2153 3416 2441 3474 simulacra
2479 3416 2624 3471 intus
2637 3415 2923 3486 con~picit,
2947 3429 3014 3470 eo
3057 3414 3344 3469 validiores

1754 3518 1932 3564 motus
1951 3507 2296 3578 turpitudinis
2325 3508 2454 3563 loris
2482 3510 2664 3562 sentit.
2682 3506 2971 3561 Meditatur
2998 3520 3128 3574 ergo
3150 3520 3246 3576 per
3269 3507 3345 3560 in-

1753 3608 1961 3654 ternam
1991 3599 2255 3654 visionem
2278 3597 2641 3668 turpitudinis,
2661 3597 3088 3665 loquiturautcm
3121 3611 3218 3664 per
3241 3611 3341 3651 ex-

1755 3691 2012 3745 teriorem
2043 3697 2250 3744 motum
2277 3685 2802 3742 delectationis.Rex
2818 3700 2948 3754 ergo
2971 3683 3227 3738 Amalech
3257 3684 3340 3737 lo-

1751 3796 1921 3849 quens
1949 3789 2004 3836 et
2035 3778 2301 3833 meditans
2329 3777 2544 3841 dicitur,
2574 3777 2699 3847 quia
2731 3776 2836 3830 illis
2865 3774 3102 3828 labentia
3141 3772 3346 3827 blandi-

1751 3877 1935 3923 menta
1964 3867 2144 3922 carnis
2173 3865 2411 3922 excitare
2441 3873 2641 3935 potest,
2683 3864 2874 3934 quibus
2919 3878 3017 3932 per
3042 3871 3226 3932 turpes
3251 3878 3340 3917 co-

1752 3961 2042 4030 gitationes
2071 3958 2267 4024 illudit,
2291 3965 2342 4012 et
2373 3971 2510 4027 quos
2553 3971 2650 4025 per
2698 3953 3090 4023 experientiam
3134 3953 3344 4008 blanda:

1754 4051 2009 4106 motionis
2037 4049 2233 4104 erudit.
2263 4045 2370 4116 Sed
2419 4045 2738 4108 notandum,
2796 4044 2922 4112 quia
2962 4059 3071 4114 quo
3122 4043 3344 4098 liberius

1752 4141 2062 4207 meditatur,
2091 4155 2158 4195 eo
2182 4148 2237 4194 et
2259 4139 2481 4193 liberius
2527 4137 2765 4205 loquitur
2791 4153 2804 4188 :
2837 4135 2964 4204 quia
2994 4150 3213 4190 carnem
3271 4150 3338 4190 co

1749 4231 1941 4286 l'.rrtius
1968 4237 2296 4293 commovet,
2348 4242 2457 4296 quo
2484 4240 2674 4281 causas
2701 4240 2813 4279 suae
2854 4239 2898 4279 cr
2918 4219 3234 4278 mmotionis
3263 4223 3346 4277 in-

1752 4329 1836 4374 tus
1858 4320 2144 4390 impressas
2192 4333 2290 4388 per
2317 4316 2702 4392 cogitationem
2745 4322 2909 4369 tenet.
2937 4313 3087 4368 More
3143 4313 3342 4372 etenim

1758 4410 1896 4479 ignis
1933 4426 2042 4479 quo
2066 4409 2323 4464 attentius
2347 4395 2670 4474 insumatur,
2695 4420 2762 4460 eo
2785 4404 2955 4473 magis
2983 4403 3296 4459 accenditur
3321 4421 3335 4455 :

111 4495 294 4560 pepercit
321 4496 450 4552 Saul
503 4509 555 4552 et
605 4499 822 4569 populus
851 4499 1019 4570 Agag,
1067 4509 1115 4554 et
1160 4503 1366 4571 optimis
1414 4502 1648 4572 gregibus
1682 4499 1725 4558 D
1754 4500 1878 4568 quia
1922 4499 1968 4552 si
1997 4496 2156 4552 ﬂatus
2182 4498 2471 4552 immunda)
2496 4495 2838 4564 cogitationis
2869 4493 3061 4559 deest,
3093 4494 3256 4549 ardor
3287 4493 3325 4547 li

113 4585 261 4647 otium,
285 4597 329 4640 et
347 4599 726 4654 armentorum;
745 4599 792 4643 et
822 4591 1060 4657 vestibus,
1086 4603 1138 4643 et
1164 4591 1428 4656 arietibus,
1460 4601 1508 4644 et
1535 4593 1652 4644 uni-

113 4675 256 4740 versis,
282 4692 389 4746 gare
410 4679 631 4748 pulchra
658 4689 826 4746 erant,
858 4695 951 4732 nec
980 4680 1549 4750 t-olueruntdisperdere
1566 4697 1646 4735 ea.

113 4757 337 4834 Quidquid
355 4783 473 4820 vero
500 4767 599 4820 rile
613 4769 708 4839 fuit
729 4777 777 4822 et
807 4769 1098 4838 reprobum,
1128 4769 1223 4823 hoc
1251 4770 1481 4824 demoliti
1508 4780 1647 4826 sunt.

165 4851 211 4907 2.
235 4853 456 4910 Verbum
484 4851 710 4912 Domini
753 4859 886 4913 fuit:
935 4857 1092 4913 Nunc
1146 4860 1294 4926 uade,
1345 4869 1394 4914 et
1447 4871 1647 4932 percute

108 4944 335 5011 Amalech,
365 4958 414 5001 et
435 4949 686 5003 demolirc
711 4952 946 5005 universa
967 4951 1099 5021 ejus.
1135 4949 1258 5006 Non
1287 4950 1313 4987 ¹³
1346 4969 1533 5022 parcas
1557 4954 1604 5006 ei
1632 4991 1648 5016 ,

109 5038 254 5085 etnon
275 5039 601 5105 concupisces
629 5055 694 5092 ea:
718 5041 790 5094 eis
819 5039 1034 5110 aliquid.
1079 5040 1280 5109 Aperte
1319 5055 1447 5109 ergo
1483 5050 1656 5097 trans-

108 5133 291 5184 gressor
318 5141 410 5194 per
431 5127 851 5183 inobedientiam
883 5129 1105 5194 exstitit,
1126 5130 1252 5196 quia
1276 5129 1501 5200 implere
1523 5147 1657 5200 prac-

109 5219 289 5276 eeptum
318 5212 526 5269 Domini
566 5231 660 5285 per
709 5217 1011 5286 superbiam
1054 5219 1343 5274 recusavit.
1399 5218 1656 5275 Dominus

109 5301 290 5365 quidem
318 5307 599 5375 prophetae
631 5309 905 5378 praecepit,
950 5308 1137 5364 dicens
1168 5327 1182 5361 :
1232 5307 1318 5363 Ne
1355 5327 1541 5380 parcas
1560 5313 1609 5366 ei
1639 5352 1656 5380 ,

110 5394 149 5438 et
168 5405 256 5444 non
283 5397 605 5466 concupisces
632 5413 695 5451 ea:
717 5397 865 5452 rebus
894 5399 1054 5468 ipsius
1084 5398 1300 5470 aliquid.
1331 5398 1430 5454 Hic
1457 5416 1586 5457 vero
1607 5410 1663 5457 et

169 5567 358 5624 'Forte
378 5571 467 5642 hic
498 5573 633 5626 liber
652 5573 866 5642 quintus
899 5573 1213 5635 absolvitur,
1266 5584 1320 5629 et
1361 5585 1545 5631 sextus
1568 5575 1650 5629 in-

113 5632 326 5714 elzoatnr,
353 5641 602 5710 adeoque
628 5632 789 5714 caput
843 5642 1150 5714 pramedens
1176 5632 1311 5699 libro
1341 5645 1529 5713 quinto
1559 5645 1654 5698 dc-

116 5703 262 5759 belttl'.
302 5710 344 5762 Δ
378 5703 653 5764 communi
695 5703 883 5768 'tame'n
932 5711 1216 5767 Editorum‘
1243 5703 1478 5768 omnium
1523 5713 1655 5768 divi-

1753 4587 2012 4642 bidinoscc
2034 4587 2417 4642 commotionis
2445 4586 2636 4640 adesse
2678 4599 2785 4639 non
2817 4591 3015 4652 potest.
3065 4584 3181 4637 Rex
3212 4596 3341 4651 ergo

1752 4679 1917 4734 Israel
1945 4687 2134 4734 contra
2179 4676 2435 4732 Amalech
2486 4691 2665 4744 regem
2717 4683 2936 4746 pugnat.
2985 4673 3108 4729 cum
3153 4676 3346 4729 doctor

1756 4770 2010 4826 Ecclesia:
2028 4777 2216 4824 contra
2243 4767 2649 4822 fornicationem
2673 4766 2926 4834 disputat.
2950 4763 3120 4830 Quem
3142 4763 3343 4817 victum

1756 4860 1920 4929 capit,
1946 4857 2161 4928 quando
2192 4855 2262 4910 ad
2287 4855 2498 4911 Veniam
2527 4855 2689 4925 350
2709 4869 3003 4908 conversos
3028 4865 3345 4919 peccatores

1759 4967 1866 5006 non
1889 4951 2063 5006 solum
2091 4949 2434 5020 ptenitentes,
2456 4947 2552 5001 sed
2582 4947 2744 5002 etiam
2786 4945 3106 4998 conﬁtentes
3126 4944 3336 5013 accipit.

1761 5043 1924 5110 Quasi
1955 5057 2082 5110 ergo
2111 5040 2364 5096 Amalech
2394 5053 2576 5107 regem
2621 5038 2732 5108 jam
2761 5037 2999 5090 vinctum
3051 5045 3220 5102 tenet,
3251 5038 3344 5106 qui

1762 5133 2030 5188 carnalem
2060 5146 2294 5195 sensum,
2320 5130 2372 5184 in
2390 5129 2664 5185 conversis
2683 5128 3061 5196 peccatoribus
3084 5143 3180 5196 per
3203 5142 3346 5180 amo-

1763 5239 1878 5278 rem
1896 5221 2181 5292 pudcitiru,
2206 5223 2316 5289 jam
2345 5221 2538 5274 rationi
2567 5219 2868 5288 subjectum
2889 5219 3056 5273 videt.
3083 5219 3187 5271 Sed
3217 5216 3343 5285 qrril

1766 5320 1848 5366 est
1885 5310 2029 5378 quod
2065 5309 2278 5364 vinctus
2319 5309 2486 5377 vivit,
2517 5309 2616 5362 nisi
2656 5309 2781 5378 quia
2829 5308 3070 5362 nonnulli
3099 5314 3224 5361 sunt
3252 5306 3344 5372 qui

1765 5400 1994 5472 propriis
2023 5398 2360 5468 passionibus
2387 5414 2495 5454 non
2520 5406 2823 5465 moventur,
2846 5398 2959 5463 sed,
2988 5397 3184 5452 auditis
3208 5397 3343 5450 alie-

1760 5575 1911 5698 signe
1939 5573 2189 5629 recedere
2216 5589 2319 5629 nou
2347 5573 2490 5638 licet,
2521 5571 2680 5627 nullis
2709 5571 2834 5626 Mss.
2863 5571 3016 5628 nobis
3046 5569 3344 5644 praalucen-

1763 5653 1798 5698 tt
1842 5659 1920 5697 ns.
3198 5671 3218 5690 η

1842 5659 1920 5697 "So
3198 5671 3218 5690 τ’

1788 5653 1796 5656 ⁷
1842 5659 1920 5697 ns.

1763 5653 1858 5749 ub”
1900 5713 2045 5772 Gilot
2073 5722 2125 5766 ct
2151 5713 2344 5777 Vatit‘.,
2374 5729 2474 5767 non
2498 5727 2682 5782 parcas
2713 5713 2804 5766 eis.
