3948 6310
611 316 715 370 till

1800 305 2041 364 SANCTI
2083 303 2414 362 GREGORlI
2455 302 2663 359 MAGNI

3754 311 3830 364 ω

606 427 688 482 uis
708 424 1147 489 obscenitatibus,
1177 430 1462 477 moventur
1491 423 1514 475 ‘?
1539 421 1842 490 Pngnantes
1862 418 2027 471 fit-tes
2049 425 2194 476 sunt.
2231 422 2271 479 Α
2300 416 2648 470 deliberatam
2680 413 2998 485 pravitatem
3021 413 3436 483 perpetrandam
3466 414 3687 482 cogitur,
3725 419 3834 476 bene

605 518 700 571 sed
731 517 964 570 victores
992 515 1211 568 cadunt.
1260 511 1362 578 Qui
1411 512 1554 566 enim
1603 520 1963 579 expugnatum
2010 522 2189 576 regem

608 609 784 661 vivum
809 607 1059 669 servavit,
1092 605 1259 673 liquet
1284 602 1409 671 quia
1430 602 1483 655 in
1506 600 1749 669 ejusdem
1775 599 1898 654 belli
1921 598 2192 668 triumpho

610 701 753 770 capti
782 699 882 753 sibi
906 699 1046 766 regis
1068 710 1298 766 persona
1330 693 1549 763 placuit.

676 792 729 846 4.
757 792 892 858 Quid
921 806 1050 844 vero
1080 789 1222 843 aliud
1252 789 1473 854 laciunt,
1500 787 1589 857 qui
1612 787 1678 841 ab
1708 785 1827 840 aliis
1847 789 2189 854 peccatorum

600 882 997 936 confessionem
1048 879 1352 949 recipiunt?
1403 877 1532 933 Nam
1584 878 1709 933 dum
1761 876 2017 944 cogitant,
2071 885 2192 940 qua:

594 978 925 1034 confitentes
964 974 1226 1039 fecerunt,
1269 973 1336 1026 ad
1384 973 1611 1034 scelera,
1650 985 1768 1040 quae
1798 969 2057 1030 audiunt,
2107 966 2190 1018 in-

608 1071 940 1131 ardescunt;
988 1081 1110 1120 nam
1142 1079 1286 1133 sa-pe
1341 1063 1466 1116 dum
1516 1061 1755 1125 audiunt,
1786 1060 1979 1129 quibus
2000 1071 2058 1109 se
2101 1054 2191 1107 alii

612 1157 991 1215 blandimentis
1020 1157 1314 1210 obruerant
1339 1195 1354 1220 ,
1385 1167 1569 1206 amare
1618 1151 1719 1221 ipsi
1762 1148 2042 1217 incipiunt,
2074 1158 2193 1213 qua:

604 1249 713 1316 jam
762 1262 949 1302 eorum
1000 1244 1378 1300 exhortatione
1416 1242 1708 1295 morientes
1744 1239 1817 1292 illi
1846 1233 2189 1292 conﬁtentur.

603 1336 722 1391 Jam
771 1350 899 1404 ergo
950 1335 1001 1388 in
1052 1334 1182 1388 urbe
1211 1346 1307 1386 sua
1349 1330 1522 1386 victus
1569 1339 1624 1385 et
1678 1335 1868 1397 captus
1897 1335 1979 1380 est
2024 1323 2189 1393 Agag,

609 1427 703 1480 sed
745 1441 775 1479 a
806 1425 1010 1479 victore
1056 1429 1320 1487 servatur,
1351 1435 1474 1475 cum
1503 1417 1647 1487 quod
1673 1417 1971 1472 detestatur
1999 1431 2030 1469 a
2067 1416 2194 1469 sub-

609 1519 752 1583 ditis,
804 1516 1039 1584 diligitur
1093 1530 1124 1567 a
1171 1512 1404 1583 praelatis
1435 1529 1449 1565 :
1483 1510 1608 1579 quia
1661 1508 1891 1563 carnalis
1920 1521 2108 1561 sensus
2139 1505 2192 1558 in

609 1610 689 1664 eis
715 1608 898 1676 vigere
935 1605 1144 1675 incipit,
1170 1604 1261 1672 qui
1293 1603 1346 1657 in
1398 1600 1501 1655 illis
1523 1600 1766 1668 vigorem
1790 1598 1984 1664 iniqua:
2014 1595 2193 1651 domi-

608 1700 845 1755 nationis
874 1697 1072 1753 amisit.
1124 1695 1189 1749 Et
1215 1694 1340 1763 quia
1384 1691 1513 1746 dum
1544 1698 1790 1760 pastores
1837 1694 2064 1742 currunt
2118 1684 2190 1739 ad

2298 513 2421 572 post
2466 519 2616 568 oves,
2650 513 2913 567 armenta,
2942 513 2997 557 et
3034 512 3233 565 vestes,
3264 503 3521 558 arietibus
3571 510 3835 574 pepercisse

2295 604 2646 651 memoratur.
2674 597 2832 667 351
2863 594 3029 661 Quasi
3060 595 3203 648 enim
3248 594 3479 648 arietum
3532 610 3723 650 cornua
3758 599 3835 655 iibi

2295 691 2348 744 in
2378 690 2527 744 lenes
2556 688 2834 742 libidinum
2874 688 3012 741 ictus
3035 686 3269 755 placent,
3301 686 3395 754 qui
3423 685 3529 741 hoc
3552 686 3606 740 in
3633 702 3834 746 seunuui

2295 778 2529 833 retinere
2559 778 2771 845 nititur,
2803 777 2943 831 unde
2973 777 3039 830 ad
3063 775 3415 829 immunditim
3443 786 3671 830 mortem
3694 780 3837 847 perfo-

2295 877 2463 923 retur.
2494 866 2769 921 Arietibus
2796 882 2924 935 ergo
2947 867 3141 935 parcit,
3166 866 3258 934 qui
3293 866 3724 935 praecipitationis
3753 884 3837 926 sue

2294 958 2430 1013 ictus
2454 966 2735 1027 gratanter
2781 958 2990 1027 recipit.
3022 957 3286 1027 Pungitur
3325 957 3549 1026 quippe,
3596 968 3653 1012 ut
3696 964 3837 1018 carnis

2294 1064 2402 1103 sum
2448 1049 2729 1103 desideriis
2774 1050 3011 1113 serviat;
3039 1048 3134 1101 sed
3160 1047 3304 1115 quod
3329 1064 3387 1101 se
3414 1046 3623 1102 fortiter
3649 1053 3837 1122 pungit,

2294 1139 2485 1194 leviter
2512 1138 2767 1192 oblectat.
2814 1136 2950 1204 Quia
3008 1137 3139 1190 item
3184 1152 3283 1205 per
3326 1136 3639 1191 innumeros
3688 1142 3840 1196 modos

2293 1227 2645 1283 obscenitatis
2675 1237 2911 1283 mentem
2961 1227 3126 1281 libido
3158 1225 3185 1264 ι)
3219 1226 3371 1280 illicit
3401 1263 3417 1291 ,
3450 1242 3560 1281 non
3587 1226 3750 1281 solum
3774 1230 3838 1283 his

2294 1319 2584 1374 nominatis
2640 1322 2803 1373 rebus
2823 1357 2837 1382 ,
2872 1318 2964 1372 sed
2992 1317 3260 1382 omnibus,
3288 1331 3407 1385 quis
3435 1316 3657 1386 pulchra
3692 1330 3836 1386 erant,

2293 1412 2601 1478 pepercisse
2649 1419 3036 1464 memorantur.
3065 1406 3257 1461 Omnia
3300 1422 3419 1476 qua:
3453 1408 3557 1462 sibi
3602 1409 3840 1464 immunda

2292 1501 2471 1555 anima
2510 1502 2577 1555 de
2607 1500 2830 1554 luxuriae
2857 1499 3133 1568 voluptate
3164 1510 3189 1537 ο
3218 1506 3494 1567 gratanter
3524 1497 3718 1567 lingere
3747 1516 3843 1555 cer-

2296 1594 2462 1658 nitur,
2527 1592 2784 1648 Amalech
2815 1592 2906 1662 pul
2943 1592 3038 1645 hra
3069 1591 3430 1646 nominantur.
3461 1590 3727 1660 Appetere
3750 1596 3845 1650 h:c

2294 1684 2499 1756 quippe
2527 1686 2832 1740 nullatenus
2862 1691 3066 1753 posset,
3098 1684 3142 1739 si
3177 1684 3529 1738 vehementer
3556 1684 3655 1738 sibi
3683 1699 3844 1740 eumn

607 1790 998 1861 prmcipitium,
1029 1786 1258 1855 subjecti
1282 1785 1644 1849 comitantur;
1686 1796 1781 1837 rex
1829 1782 2006 1834 vivum
2046 1779 2192 1848 Agag
2226 1788 2268 1846 Β
2295 1779 2504 1847 species
2529 1794 2634 1832 non
2661 1778 2916 1846 placeret.

605 1882 819 1950 cepisse
873 1878 1089 1945 dicitur,
1128 1877 1222 1931 sed
1284 1874 1423 1929 idem
1455 1887 1591 1938 rex,
1639 1880 1694 1927 et
1742 1871 1971 1941 populus
2018 1868 2192 1924 cidem

607 1970 742 2040 regi,
773 1976 827 2023 et
850 1952 1151 2040 quibusque
1179 1964 1433 2020 Amalech
1481 1962 1703 2032 Optimis
1748 1960 2052 2031 pepercisse
2080 1974 2194 2014 me-

607 2065 905 2111 morantur.
939 2055 1169 2109 Parcere
1201 2054 1287 2109 eni
1311 2071 1365 2119 u,
1396 2052 1600 2106 allectat
1625 2052 1820 2106 mentis
1862 2058 1975 2117 est,
2008 2063 2193 2105 amore

609 2146 727 2213 ejus
764 2145 849 2200 cui
879 2145 1072 2216 parcit.
1106 2145 1152 2210 Q
1176 2142 1260 2197 :od
1303 2150 1451 2197 certe
1479 2140 1570 2195 libi
1592 2140 1713 2195 linis
1741 2140 1869 2195 vitio
1891 2140 2143 2195 convenit
2175 2156 2187 2191 :

605 2238 732 2305 quia
762 2244 819 2291 ut
848 2237 1060 2305 placere
1089 2233 1296 2304 incipit,
1324 2241 1558 2288 mentem
1599 2233 1652 2286 in
1678 2232 1760 2287 sui
1808 2247 2043 2287 amorem
2076 2240 2187 2299 tra-

604 2326 703 2379 hit.
727 2324 863 2392 Quia
884 2325 1046 2379 etiam
1062 2324 1351 2378 vehemens
1377 2330 1459 2378 est
1487 2324 1656 2378 virtus
1686 2324 1846 2386 illius,
1874 2332 2070 2377 statum
2096 2323 2191 2375 ha-

607 2416 736 2470 bere
764 2430 871 2469 non
904 2414 1054 2467 novit
1080 2430 1093 2465 :
1124 2412 1249 2482 quia
1273 2412 1523 2466 nimirum
1572 2412 1684 2466 cito
1713 2412 1943 2480 perlicit,
1990 2411 2036 2464 si
2065 2425 2095 2464 a
2130 2424 2189 2465 se

606 2505 747 2559 hanc
766 2505 872 2558 cito
902 2502 1164 2569 evigilans
1193 2501 1401 2554 animus
1462 2515 1568 2554 non
1598 2500 1838 2569 expellit.
1884 2498 2015 2552 Nam
2062 2498 2189 2553 dum

603 2602 839 2648 mentem
869 2592 1090 2658 invadit,
1116 2607 1174 2646 se
1204 2606 1300 2661 per
1328 2591 1635 2646 innumeras
1674 2591 2059 2659 turpitudinum
2089 2606 2185 2644 co-

603 2685 892 2753 gitationes
921 2684 1144 2753 spargit.
1199 2681 1349 2736 Unde
1386 2689 1442 2735 et
1486 2681 1623 2735 bene
1668 2681 1886 2750 optimis
1940 2681 2188 2749 gregibus

600 2784 657 2829 et
689 2776 969 2838 armentis,
991 2780 1047 2827 et
1074 2771 1202 2827 Sani
1229 2779 1283 2825 et
1298 2771 1526 2841 pepulus
1548 2770 1856 2841 pepercisse
1881 2785 2188 2825 memoran-

600 2871 710 2916 tur.
746 2860 1112 2932 Cogitationes
1163 2860 1379 2928 quidem
1427 2858 1705 2915 libidinun
1752 2875 1942 2931 greges
1965 2899 1980 2924 ,
2010 2868 2066 2914 et
2095 2874 2184 2913 ar-

600 2961 780 3007 menta
811 2952 1062 3007 dicuntur
1100 2968 1113 3004 :
1146 2950 1269 3020 quia
1293 2958 1347 3004 et
1376 2952 1667 3005 innumene
1695 2959 1842 3017 sunt,
1865 2961 1923 3006 et
1962 2951 2029 3007 de
2049 2968 2184 3007 con-

596 3041 947 3112 templatione
974 3040 1325 3099 immunditia:
1355 3039 1407 3093 in
1457 3040 1689 3110 reprobo
1741 3038 1908 3095 corde
1947 3055 2182 3110 pascun-

2363 1866 2417 1920 5.
2450 1866 2554 1922 Sed
2579 1866 2703 1937 quia
2734 1881 2892 1921 casus
2923 1867 3188 1922 victorum
3212 1870 3493 1937 asseritur,
3519 1869 3721 1924 dicitur:
3751 1870 3847 1924 Nec

2291 1957 2555 2010 voluerunt
2617 1956 2912 2027 disperdere
2959 1975 3043 2012 ea.
3089 1957 3253 2024 Quasi
3304 1959 3447 2015 dicat
3494 1977 3508 2013 :
3566 1959 3848 2018 Potuisseut

2292 2049 2621 2118 disperdere,
2650 2049 2695 2103 si
2722 2048 3037 2105 voluissent.
3062 2049 3195 2103 Nam
3222 2051 3296 2104 nil
3351 2051 3577 2117 facilius,
3609 2068 3758 2121 quam
3796 2054 3847 2106 li-

2292 2139 2416 2194 bido
2456 2139 2691 2193 vincitur
2715 2179 2731 2204 ,
2761 2138 2804 2194 si
2851 2140 3027 2195 omnis
3057 2139 3329 2193 immunda
3377 2140 3633 2208 cogitatio
3676 2141 3849 2196 devite-

2293 2236 2401 2283 tur.
2421 2228 2593 2283 Tanto
2621 2230 2781 2296 igitur
2796 2228 3006 2285 facilius
3027 2229 3260 2300 di<perdi
3275 2238 3475 2301 potest,
3498 2240 3695 2300 quanto
3716 2250 3849 2289 unus-

2291 2323 2518 2392 quisque
2546 2322 2787 2391 cogitare
2814 2322 2917 2376 alia
2946 2338 3106 2391 quam
3133 2324 3310 2378 carnis
3351 2324 3738 2380 oblectamenta
3767 2343 3849 2395 po-

2295 2419 2419 2465 test.
2448 2411 2583 2476 Quia
2615 2412 2758 2465 enim
2789 2411 2927 2466 duas
2965 2414 3125 2468 simul
3150 2428 3238 2469 res
3288 2414 3568 2483 imaginari
3615 2431 3714 2469 non
3740 2433 3847 2484 pos-

2290 2509 2497 2560 sumus,
2530 2494 2657 2549 dum
2685 2496 2946 2565 quidquid
2969 2506 3074 2564 est,
3104 2496 3246 2552 aliud
3281 2498 3600 2567 cogitamus,
3633 2501 3848 2569 cogitare

2291 2586 2561 2641 immunda
2592 2602 2698 2643 non
2722 2602 3026 2657 possumus.
3051 2587 3207 2643 Celer
3234 2601 3365 2656 ergo
3393 2598 3449 2644 et
3497 2588 3664 2645 facilis
3708 2591 3847 2645 victo.

2290 2676 2369 2729 ria
2400 2676 2656 2743 libidinis,
2688 2685 2772 2732 est
2798 2677 3208 2747 eireumspectio
3238 2677 3617 2746 cogitationis:
3656 2679 3699 2732 si
3726 2695 3847 2748 quo-

2292 2767 2392 2820 ties
2418 2767 2651 2820 cainalia
2683 2767 2925 2834 obviant,
2978 2768 3045 2821 ad
3100 2768 3301 2835 aliquid
3348 2768 3586 2822 omnium
3622 2784 3846 2823 recurra-

2290 2873 2428 2922 mus,
2459 2858 2601 2926 quod
2633 2857 2871 2913 libidinis
2899 2875 3003 2914 non
3032 2860 3097 2913 sil
3126 2859 3573 2914 blandimentum.
3613 2860 3720 2916 lloc
3748 2863 3845 2926 qui-

2289 2949 2410 3003 dem
2435 2949 2587 3004 facile
2610 2950 2894 3015 stantibus,
2929 2966 3034 3005 uon
3074 2951 3237 3020 lapsis
3262 2949 3421 3006 facile
3450 2952 3670 3006 dixerim
3700 2970 3710 3006 :
3735 2954 3842 3024 quia

2288 3042 2377 3109 qui
2404 3041 2806 3112 perpetratione
2848 3042 3052 3112 peccati
3102 3044 3363 3098 immundi
3416 3045 3636 3114 spiritus
3679 3061 3844 3100 servus

596 3138 704 3184 tur.
732 3127 928 3200 Optimi
981 3131 1142 3184 etiam
1190 3135 1334 3193 sunt,
1392 3144 1498 3182 non
1527 3129 1846 3198 probatione
1881 3130 2138 3185 bonitatis
2163 3171 2177 3197 ,
2214 3149 2253 3205 ρ
2286 3130 2536 3192 efﬁcitur,
2563 3146 2664 3186 nec
2685 3132 2864 3189 carnis
2887 3133 3242 3201 cogitationes
3263 3134 3431 3189 libere
3474 3144 3648 3204 potest
3675 3137 3841 3201 vitare,

596 3221 691 3275 sed
719 3235 835 3290 app
861 3221 960 3273 titu
987 3220 1254 3289 eligentis.
1286 3218 1342 3273 ln
1371 3219 1535 3273 corde
1562 3220 1759 3274 etenim
1788 3220 2041 3290 reprobo,
2057 3222 2179 3293 quia

596 3312 727 3365 nihil
752 3311 990 3382 diligitur
1019 3311 1254 3376 cbarius,
1284 3310 1471 3380 optimi
1502 3322 1694 3377 greges
1739 3310 1993 3365 dicuntur
2016 3351 2031 3375 ,
2063 3312 2180 3381 qni-

598 3401 700 3457 bus
738 3401 841 3455 alia
881 3400 1024 3455 nulla
1048 3407 1445 3471 comparantur.
1475 3399 1580 3453 Sed
1609 3400 1796 3469 Optimi
1818 3400 2065 3456 dicuntur
2085 3417 2178 3470 pro

598 3491 840 3545 cmcitate
867 3491 1065 3555 cordis,
1099 3499 1339 3545 armenta
1372 3505 1501 3545 vero
1530 3504 1629 3559 pro
1674 3500 1828 3545 reatu
1877 3500 2179 3561 transgres-

596 3579 783 3634 sionis.
814 3577 1077 3648 Reprobis
1098 3577 1297 3648 quippe
1326 3578 1594 3632 mentibus
1639 3591 1891 3648 magnum
1921 3595 2026 3634 non
2057 3589 2177 3647 est,

596 3670 868 3726 immunda
911 3672 1190 3740 eugitare;
1228 3670 1321 3725 sel
1369 3686 1553 3726 coram
1588 3671 1700 3727 Deo
1731 3681 1758 3710 ι
1798 3687 2023 3742 parvum
2072 3689 2179 3728 non

599 3774 704 3826 est,
733 3763 785 3817 in
818 3763 1020 3832 templo
1048 3762 1163 3827 Dei,
1196 3762 1299 3829 hoc
1326 3770 1410 3817 est
1447 3761 1500 3815 in
1530 3764 2047 3833 regeneratospiritu
2074 3764 2179 3818 im-

596 3855 791 3907 munda
822 3868 1104 3924 reponere.
1139 3850 1317 3906 Parcit
1343 3866 1471 3921 ergo
1495 3868 1601 3906 non
1629 3853 1804 3907 solum
1836 3854 2048 3923 ovibus,
2082 3855 2178 3910 sed

593 3943 850 3998 armentis
881 3943 1043 4012 :quia
1073 3941 1161 4011 qui
1188 3954 1286 4010 per
1312 3955 1553 3996 amorem
1584 3941 1835 4009 libidinis,
1868 3946 2021 4013 quasi
2050 3960 2175 4015 par-

592 4048 687 4091 vas
718 4033 1065 4091 immunditize
1090 4033 1273 4101 culpas
1319 4034 1530 4103 aspicit,
1589 4035 1741 4104 quasi
1784 4036 1962 4105 parvis
2010 4036 2175 4091 modo

593 4124 785 4192 parcit,
817 4122 910 4175 sed
933 4123 1123 4175 merita
1148 4138 1430 4191 pinnarum
1459 4139 1623 4193 parva
1653 4141 1760 4179 non
1794 4126 2014 4181 invenit.
2046 4125 2175 4181 Pos-

593 4221 719 4265 sunt
746 4218 922 4265 autem
945 4213 1124 4266 ovium
1156 4214 1372 4267 nomine
1389 4213 1620 4269 leviores
1641 4214 1865 4268 luxuria:
1893 4215 2175 4284 cogitatio-

593 4315 689 4355 nes
718 4301 961 4377 intelligi,
992 4309 1234 4355 armenta
1263 4301 1672 4363 vero,fortiores
1708 4311 1766 4356 et
1812 4303 2167 4359 molestiores.

595 4390 803 4457 Quibus
825 4392 1010 4460 utique
1031 4406 1127 4445 rex
1157 4400 1212 4446 et
1249 4393 1476 4462 populus
1514 4393 1707 4462 parcit,
1732 4407 1852 4447 cum
1908 4395 2170 4465 reprobus

2286 3237 2384 3277 nec
2407 3221 2472 3276 ad
2495 3221 2627 3278 alias
2648 3222 2757 3277 cito
2769 3223 3152 3278 recurrere.l)e
3173 3223 3469 3279 victoribus
3496 3239 3626 3294 ergo
3646 3226 3841 3281 dicitur:

2284 3311 2578 3365 Noluerunt
2610 3325 2675 3365 ea
2708 3310 3039 3379 disperdere,
3072 3312 3160 3380 qui
3200 3320 3526 3381 potuerunt,
3577 3315 3695 3382 quia
3739 3324 3843 3368 ante

2282 3417 2462 3457 casum
2488 3418 2519 3456 a
2542 3402 2729 3457 liberis
2757 3400 2913 3457 facile
2943 3411 3164 3471 peccata
3192 3403 3428 3457 vitantur
3452 3420 3467 3470 ;
3492 3403 3584 3458 sed
3611 3405 3655 3459 si
3682 3405 3841 3458 nolunt

2281 3492 2477 3558 vitare,
2507 3508 2626 3547 cum
2658 3482 2902 3562 possunt,
2935 3502 3121 3562 postea
3155 3510 3260 3547 non
3284 3502 3534 3564 possunt,
3564 3495 3608 3550 si
3638 3495 3808 3550 volunt
3828 3536 3841 3556 ,

2282 3584 2406 3651 quia
2432 3582 2667 3650 perfecte
2696 3586 2835 3637 velle
2863 3600 2969 3637 non
3000 3593 3239 3653 pos~nnt.
3292 3583 3497 3650 Quibus
3549 3586 3725 3653 utique
3764 3602 3847 3655 per

2282 3689 2343 3728 se
2372 3673 2583 3728 Veritas
2603 3674 2733 3729 dicit
2761 3692 2773 3727 :
2811 3675 2873 3728 Si
2910 3691 2996 3728 vos
3025 3675 3163 3745 ﬁlius
3210 3674 3523 3744 liberaverit,
3582 3692 3692 3731 vere
3720 3676 3845 3729 libm'

2281 3763 2425 3816 eritis
2440 3762 2617 3835 (Joau.
2648 3779 2763 3831 vin,
2792 3763 2905 3841 56).
2934 3764 3096 3831 Quasi
3124 3765 3269 3819 dicat
3301 3784 3311 3817 :
3346 3765 3483 3832 Quia
3515 3778 3707 3836 sponte
3728 3768 3843 3821 libe-

2280 3854 2326 3908 ri
2367 3869 2486 3909 esse
2503 3854 2759 3922 desiistis,
2792 3863 3114 3924 potestatem
3138 3855 3495 3925 adipiscendae
3525 3857 3779 3911 libertatis
3802 3859 3844 3908 in

2279 3944 2433 3998 vobis
2456 3944 2565 4012 jam
2596 3959 2706 3998 non
2736 3943 2964 4000 habetis.
2991 3944 3125 4011 Quid
3157 3960 3287 3999 vero
3316 3953 3418 4009 est,
3449 3946 3595 4014 quod
3632 3945 3844 3999 dicitur:

2280 4032 2539 4104 Quidquid
2575 4049 2693 4087 vero
2747 4034 2845 4105 fuit
2891 4035 2987 4088 vile
3042 4044 3090 4087 et
3146 4033 3439 4104 reprobnm,
3488 4034 3585 4088 hoc
3638 4036 3850 4088 demoliti

2276 4134 2393 4179 sunt
2421 4164 2436 4188 ,
2459 4125 2560 4179 nisi
2584 4124 2707 4193 quia
2734 4125 2976 4178 nonnulli
3016 4124 3277 4193 majorum
3294 4125 3711 4179 ilelectationum
3739 4140 3849 4189 usu,

2276 4219 2515 4273 minores
2551 4216 2854 4272 fastidiunt?
2878 4216 3184 4286 Reprobum
3213 4216 3435 4286 quidem,
3459 4225 3515 4272 et
3536 4218 3645 4272 vi‘e
3666 4218 3744 4272 eis
3760 4227 3848 4279 est,

2273 4308 2418 4377 quod
2442 4309 2707 4364 electione
2734 4324 2922 4364 eorum
2978 4323 3098 4377 qum
3128 4309 3297 4377 magis
3354 4309 3587 4378 placent,
3631 4311 3682 4363 vi
3707 4310 3853 4379 i,-en-

2272 4397 2423 4451 dunt.
2458 4396 2592 4463 Quia
2623 4398 2770 4453 enim
2794 4398 3104 4453 delicatiora
3131 4406 3354 4467 peccata
3383 4408 3649 4468 expetunt
3668 4441 3682 4461 .
3713 4415 3851 4468 qne-

591 4483 804 4547 doctor,
834 4490 890 4534 et
916 4480 1112 4534 subditi
1145 4490 1251 4534 tam
1282 4482 1488 4537 levibus
1517 4498 1675 4552 quam
1691 4482 1913 4539 fortibus
1936 4484 2166 4539 immun-
2198 4517 2245 4573 η
2270 4488 2393 4541 dam
2416 4489 2796 4556 reprobaat;et
2813 4489 2937 4557 quia
2961 4488 3275 4557 pretiosiora
3302 4498 3518 4557 peccata
3538 4490 3833 4559 approbant

587 4571 667 4622 the
688 4570 1028 4636 cogitationis
1066 4571 1438 4625 vexationibus
1460 4572 1887 4627 subst'rnuntur.
1916 4573 2052 4640 Quid
2074 4591 2164 4629 ve-

585 4675 648 4712 ro
677 4667 761 4713 est
789 4654 1292 4727 parcerevestibus,
1326 4659 1426 4713 nisi
1449 4660 1710 4715 damnata:
1732 4661 1842 4730 jam
1871 4664 2035 4717 menti
2066 4665 2163 4715 im-

586 4747 783 4800 munda
814 4745 1156 4803 deliberare?
1194 4746 1250 4801 Si
1280 4748 1424 4801 enim
1457 4762 1653 4806 aureus
1679 4751 1903 4807 vestitus
1952 4766 2163 4821 sponsze

585 4838 861 4905 virginalis
897 4838 1063 4906 gloria
1094 4846 1198 4904 est,
1228 4852 1349 4906 quae
1376 4847 1500 4893 sunt
1520 4850 1697 4895 vestes
1725 4840 2004 4906 Amalech,
2059 4841 2160 4895 nisi

582 4926 722 4980 forda
754 4928 1154 4997 inquinamenta
1207 4928 1466 4984 luserim?
1495 4928 1600 4982 Sed
1631 4930 1945 4984 vestimenta
1973 4930 2162 4985 dicun-

585 5025 674 5070 tur
705 5034 717 5068 :
746 5019 869 5084 quia
891 5033 1077 5071 eorum
1107 5018 1375 5072 velamine
1405 5027 1511 5071 tam
1539 5019 1739 5084 anima,
1771 5033 1934 5087 quam
1963 5034 2162 5090 corpus
2194 5024 2197 5025 ⁷

584 5106 833 5161 inticitur.
864 5105 997 5172 Quia
1022 5108 1163 5160 enim
1185 5109 1416 5161 animam
1448 5108 1608 5163 ftedat
1648 5117 1703 5163 et
1730 5124 1926 5178 corpus
1972 5125 2159 5180 perpe-

584 5196 741 5251 tratio
780 5198 1023 5262 luxurite,
1053 5213 1159 5251 non
1184 5198 1367 5265 vestis,
1417 5199 1510 5252 sed
1558 5208 1735 5256 vestes
1793 5199 2159 5256 nominantur.

582 5286 718 5352 Sed,
771 5297 831 5341 ut
892 5287 1043 5356 dixi,
1099 5303 1324 5358 parcere
1376 5289 1676 5346 deliberare
1705 5331 1721 5357 ,
1770 5308 1869 5363 per
1907 5292 2159 5350 affectum

583 5378 778 5431 mentis
806 5378 1073 5432 immunda
1100 5379 1322 5447 diligere
1349 5386 1453 5435 est.
1501 5379 1691 5435 Infelix
1723 5398 1852 5438 vero
1879 5384 2055 5439 anima
2081 5384 2160 5440 sic

582 5478 735 5533 capta
765 5503 785 5530 ,
813 5467 889 5520 sic
914 5454 1225 5536 illaqueata,
1253 5469 1377 5535 quia
1434 5469 1583 5525 miris
1640 5472 2045 5541 impulsionibus
2094 5475 2157 5529 ad

653 5652 675 5714 ἐι
719 5642 889 5714 δῖξὶιίο.
922 5650 973 5714 et
1003 5641 1190 5714 Giiqu
1215 5656 1476 5714 peccatum
1499 5666 1728 5713 parvum.

656 5713 680 5749 δ
724 5710 927 5763 Vitiosa
959 5712 1006 5764 in
1040 5710 1294 5768 Valicfet
1321 5710 1507 5784 (mss,
1536 5720 1731 5771 illirite.

2274 4581 2398 4634 vi’ia
2446 4580 2653 4634 minora
2697 4588 2910 4649 putant.
2961 4580 3002 4633 Β
3040 4596 3107 4634 ne
3144 4594 3274 4648 ergo
3316 4580 3555 4635 dicitur:
3599 4582 3846 4652 Quidquid

2273 4672 2369 4725 vile
2388 4672 2483 4741 fuit
2506 4679 2555 4723 et
2569 4672 2861 4741 reprobnm,
2877 4672 2971 4724 hoc
2989 4671 3215 4724 demo'lili
3236 4680 3373 4724 sunt.
3393 4670 3529 4737 Quia
3546 4670 3852 4725 delicatiora

2269 4769 2489 4829 peccata
2517 4760 2755 4829 eligunt,
2791 4768 2985 4831 etquae
3006 4761 3181 4815 minus
3203 4761 3439 4829 placent,
3478 4762 3633 4830 quasi
3672 4762 3848 4832 inepta

2268 4851 2560 4918 reprobant
2598 4858 2655 4905 et
2674 4851 2821 4905 velut
2848 4851 2967 4904 vilia
2992 4859 3363 4905 contemnunt.

2339 4941 2390 4993 6.
2426 4940 2528 4995 L-ta
2559 4957 2688 4997 vero
2714 4942 2897 4996 omnia
2933 4942 3209 4995 moraliter
3229 4942 3523 5005 intellecta,
3578 4942 3851 4997 libidinum

2265 5044 2470 5099 pugnas
2501 5040 2662 5100 atque
2690 5032 2981 5097 victorias;
3026 5031 3119 5086 sed
3166 5031 3232 5085 ad
3264 5030 3564 5094 histmiam,
3591 5033 3846 5100 superbo-

2263 5135 2381 5174 ruzn
2412 5129 2468 5175 et
2496 5122 2915 5177 inobedientium
2941 5130 3206 5175 tumorem
3232 5121 3537 5188 designant.
3560 5120 3695 5174 Nam
3728 5137 3851 5191 prie-

2274 5220 2491 5281 ceptum
2522 5227 2550 5266 a
2580 5213 2811 5268 Domino
2832 5212 2962 5267 Saul
2986 5211 3179 5277 fuerat,
3211 5219 3269 5265 ut
3294 5211 3553 5266 Amalech
3599 5212 3680 5266 sic
3708 5212 3825 5266 dele

2265 5308 2368 5363 ret,
2402 5308 2460 5353 ut
2479 5301 2637 5355 alicui
2668 5316 2857 5356 eorum
2911 5316 3019 5355 non
3050 5307 3335 5369 parceret,
3384 5300 3624 5370 nihilque
3657 5315 3848 5355 concu-

2270 5390 2523 5457 pisceret.
2546 5388 2646 5455 Qui
2670 5403 2801 5458 ergo
2823 5398 2878 5444 et
2902 5390 3012 5457 regi
3037 5389 3293 5444 Amalech
3321 5392 3649 5459 pepercisse,
3684 5399 3739 5445 et
3758 5406 3847 5457 op-

2267 5478 2746 5547 timisquibusque
2773 5480 2933 5534 rebus
2954 5479 3235 5553 asseritur,
3266 5480 3532 5550 superbus
3579 5491 3635 5535 et
3674 5480 3846 5534 inobe-

2343 5673 2361 5699 τ
2399 5662 2663 5732 Corrupte
2692 5662 2743 5718 iu
2773 5663 2932 5719 Guss.
2964 5671 3016 5717 et
3046 5662 3238 5726 Vatic.,
3264 5670 3576 5732 gratantem.
