3948 6328
119 315 196 369 iii
912 314 975 368 IN
1017 313 1278 370 PRIMIS.“
1321 316 1558 372 “EC-Ubi
1610 315 2125 374 EXPOSITIONES.
2169 348 2235 359 ι-
2277 320 2404 375 LlB.
2453 324 2536 376 Ἠ.

3242 329 3346 384 ιΗ

115 429 239 480 uicos
279 433 470 494 aperte
520 432 864 478 monstratur.
906 425 1011 480 Sed
1063 426 1289 484 fortasse
1344 437 1667 499 prmceptum
1699 433 1745 492 Α
1771 425 1912 482 bello
1937 426 2247 485 doctoribus
2276 430 2495 500 intelligi
2527 442 2736 502 potest,
2771 436 2873 490 hoc
2921 439 3064 506 quod
3095 438 3349 498 Dominus

116 515 464 584 contempsit:
498 515 623 582 quia
671 515 773 569 hoc
813 531 843 569 a
885 517 1168 586 prOplzcta,
1209 535 1316 576 non
1362 535 1394 573 a
1441 519 1669 574 Domino

116 607 304 662 audivit.
327 604 430 672 Qti
472 616 622 661 certe
658 605 736 661 sic
775 609 1092 677 prOphetam
1138 612 1323 666 audire
1352 613 1573 681 debuit,
1612 619 1671 667 ut

114 701 468 757 auctoritatem
496 701 824 768 attenderet,
855 717 1014 770 quam
1045 705 1322 775 prmmisit.
1369 705 1502 760 Nam
1543 723 1670 776 prm-

115 803 338 864 cepturus
361 793 644 862 propheta,
680 800 742 848 ut
790 795 1045 850 Amalech
1090 811 1270 866 regem
1319 807 1666 868 percuteret,

115 885 344 957 permisit
371 884 560 939 dicens
592 900 606 936 :
641 884 768 939 licet:
794 886 922 938 dicit
954 886 1226 952 Dominus;
1253 895 1313 942 ut
1339 905 1433 958 pra
1451 898 1665 958 crptum

113 974 232 1044 quod
261 989 352 1042 per
387 972 665 1027 hominem
694 973 953 1040 audisset,
983 976 1138 1042 quasi
1169 976 1400 1031 hominis
1427 976 1667 1046 despice-

112 1082 157 1120 re
181 1081 277 1120 non
305 1063 543 1119 auderet.
572 1062 650 1118 Ne
679 1064 873 1119 iterum
902 1066 1259 1122 ministerium
1290 1068 1406 1137 ejus
1424 1085 1520 1123 rex
1559 1071 1666 1123 ela-

114 1152 563 1222 Iusvilipenderet,
614 1152 744 1207 item
790 1155 1066 1222 praemisit,
1112 1155 1344 1211 dicens:
1388 1156 1476 1210 Me
1525 1159 1664 1211 misit

111 1244 336 1298 Dominus
359 1259 550 1314 ungere
581 1253 627 1296 te
647 1243 696 1296 in
743 1261 933 1314 regem.
977 1243 1138 1310 Quasi
1167 1245 1311 1300 dicat
1339 1263 1352 1299 :
1389 1244 1491 1301 Per
1514 1247 1660 1300 illum

115 1337 196 1391 tibi
218 1335 462 1392 Dominus
486 1333 671 1402 regale
700 1335 1061 1390 ministerium
1086 1337 1349 1406 praecipit,
1375 1351 1473 1404 per
1499 1352 1659 1406 quem

113 1438 152 1482 te
178 1428 227 1481 io
246 1425 551 1495 dignitatem
584 1425 785 1492 regiam
814 1425 974 1494 352
1001 1425 1326 1480 sublimavit.
1377 1424 1550 1480 Tanto
1576 1425 1664 1494 igi-

112 1526 182 1570 tur
205 1515 445 1569 humilius
471 1514 691 1568 obedire
714 1513 918 1581 debuit,
935 1524 1137 1584 quanto
1181 1516 1323 1570 hunc
1345 1531 1464 1572 esse
1485 1532 1514 1570 a
1547 1517 1658 1573 Deo

111 1607 302 1661 missum
331 1604 568 1674 apertius
597 1604 836 1673 agnovit.
866 1604 973 1659 Sed
1023 1606 1147 1659 dum
1187 1607 1405 1661 missum
1432 1607 1660 1678 prophe-

111 1705 196 1750 tam
216 1694 428 1766 sprevit,
447 1693 753 1748 mittentem
776 1694 977 1764 p"riter
1001 1694 1284 1750 Dominum
1309 1696 1652 1766 contempsit.

113 1785 237 1840 Unde
265 1785 443 1840 subdit
476 1802 489 1837 :

163 1874 310 1941 (Vers
341 1873 421 1939 10,
463 1872 578 1940 il.)
612 1871 829 1927 Factum
857 1882 931 1928 est
962 1874 1166 1928 verbum
1217 1876 1428 1930 Domini
1453 1877 1522 1931 ad
1552 1876 1653 1933 Sa-

107 1965 317 2032 muclem,
343 1964 518 2018 dicens
541 1981 558 2017 :
585 1964 796 2018 l’mnitet
818 1981 916 2028 me,
956 1965 1091 2037 quod
1119 1969 1466 2022 constituerint
1489 1985 1657 2039 regem

106 2055 250 2118 Saul;
277 2055 396 2124 quia
424 2054 696 2126 dereliquit
725 2072 823 2120 me,
851 2064 900 2109 et
929 2055 1078 2109 verba
1107 2073 1219 2110 utea
1247 2073 1397 2126 opere
1433 2075 1534 2113 non
1559 2060 1659 2114 im-

105 2147 214 2212 pleri
221 2158 256 2199 t.

157 2235 202 2286 7.
240 2234 331 2289 Ille
360 2235 636 2305 propheta:
664 2235 822 2291 verba
852 2250 910 2290 se
937 2252 1044 2292 non
1072 2236 1258 2292 au‘lire
1286 2237 1532 2304 credidit,
1563 2239 1657 2294 sed

105 2325 337 2379 Dominus
365 2339 425 2380 se
453 2324 768 2379 derelictum
797 2325 1166 2393 conqueritur,
1193 2326 1318 2380 dum
1362 2328 1523 2381 verba
1563 2343 1658 2383 sua

101 2430 237 2485 opere
259 2428 366 2469 non
399 2414 618 2485 impleta
648 2415 904 2470 ostendit.
931 2415 1080 2473 Nunc
1110 2416 1362 2474 Ecclesia:
1404 2417 1661 2474 Dominus

101 2504 327 2571 loquitur,
357 2503 540 2559 dicens
569 2521 583 2558 :
617 2502 716 2568 Qui
743 2521 828 2559 vos
855 2505 1032 2572 audit,
1058 2523 1139 2560 me
1159 2508 1303 2561 audit
1327 2524 1346 2562 :
1377 2518 1426 2562 et
1461 2509 1546 2580 qui
1573 2526 1661 2564 ros

100 2595 290 2660 spernit,
324 2609 404 2647 me
432 2594 626 2662 spernit
653 2591 800 2663 (Luc.
834 2611 886 2660 ι,
921 2594 1032 2663 16).
1061 2594 1164 2663 Qui
1193 2610 1322 2666 ergo
1351 2613 1448 2668 per
1472 2598 1661 2653 inobe-

101 2680 201 2732 dien
225 2679 328 2732 iam
358 2695 389 2733 a
419 2680 823 2749 praelicatorum
852 2683 1014 2737 verbo
1040 2684 1342 2751 discedunt,
1376 2686 1660 2741 Dominum

101 2769 445 2839 derelinquunt
479 2787 493 2821 :
525 2770 647 2839 quia
696 2771 763 2826 ab
810 2771 915 2826 illis
963 2774 1252 2834 recedunt,
1290 2791 1386 2844 per
1430 2793 1659 2845 quorum

100 2858 424 2915 ministerium
455 2859 652 2916 divina:
683 2861 943 2917 voluntati
975 2879 1069 2934 pra
1082 2873 1266 2921 sentes
1295 2862 1448 2920 ﬁunt.
1479 2866 1658 2924 Verba

103 2948 290 3003 Domini
317 2959 442 3006 tunc
467 2965 632 3020 Opere
659 2967 765 3006 non
797 2953 1017 3022 implent
1041 2971 1054 3006 :
1082 2954 1205 3024 quia
1243 2954 1374 3011 foris
1415 2957 1660 3014 homines

99 3037 378 3106 loquuntur,
409 3040 552 3095 intus
591 3056 718 3096 vero
769 3041 821 3095 in
869 3042 1170 3098 hominibus
1218 3043 1359 3100 Deus
1401 3044 1654 3115 loquitur.

1769 517 2027 584 queritur,
2053 519 2268 573 dicens:
2302 520 2521 576 Paenitet
2561 541 2669 590 me,
2697 526 2832 594 quod
2877 527 3226 581 conslﬂuerint
3266 547 3350 583 re-

1719 633 1726 638 -
1769 623 1882 678 gem
1911 606 2043 662 Saul
2067 624 2084 660 :
2111 609 2231 678 quia
2258 610 2524 682 dereliquit
2552 630 2650 678 me,
2683 625 2731 667 et
2753 621 2902 668 verba
2929 631 3044 668 mea
3073 632 3224 685 opere
3247 635 3348 672 non

1766 697 2011 767 implevit.
2039 697 2272 752 Verbum
2301 702 2499 768 quippe
2520 701 2638 769 ejus
2677 713 3001 772 praeceptum
3032 707 3348 774 praedicato-

1767 787 1912 842 ribus
1939 795 2021 841 cst
2045 805 2058 840 :
2086 787 2205 842 Sint
2243 788 2399 842 lumbi
2426 793 2578 844 vestri
2605 795 2889 859 pra’cincti,
2920 804 2968 848 et
3000 797 3222 851 lucerna:
3259 815 3348 851 ur-

1767 872 1941 926 dentes
1987 873 2039 926 in
2070 872 2304 928 munibus
2340 876 2520 928 vestris
2569 877 2727 947 (Luc.
2772 896 2878 948 xu,
2911 881 3036 951 55).
3077 882 3177 950 Qui
3219 899 3348 953 ergo

1766 962 1986 1015 verbum
2017 962 2068 1016 in
2098 962 2479 1031 praedicatione
2509 965 2686 1032 habet,
2716 976 2771 1022 et
2800 970 2850 1024 in
2883 972 3167 1039 prmcinctu
3189 976 3350 1028 casti-

1765 1051 1890 1104 tatis
1928 1066 2036 1105 non
2077 1050 2237 1106 habet
2269 1068 2281 1104 :
2314 1051 2618 1121 loquendo,
2651 1055 2744 1111 Dei
2791 1071 2912 1112 esse
2953 1061 3210 1128 cernitur,
3255 1064 3350 1116 sed

1764 1142 2057 1208 Operando,
2088 1140 2254 1195 Deum
2281 1139 2657 1213 derelinquere
2687 1148 2964 1216 probatur.
2996 1149 3148 1205 Foris
3171 1151 3348 1207 divina

1764 1231 2093 1299 exsequitur,
2124 1231 2217 1285 sed
2251 1233 2482 1298 occulte,
2515 1237 2639 1288 dum
2670 1237 2720 1290 in
2759 1239 2936 1294 carnis
2965 1241 3238 1310 voluptate
3263 1259 3349 1298 re-

1761 1319 2008 1384 solvitur,
2027 1322 2186 1376 verba
2214 1320 2419 1376 Domini
2443 1339 2608 1393 opere
2637 1341 2741 1381 non
2766 1327 2989 1397 implere
3020 1331 3344 1388 declaratur.

1762 1410 2044 1466 Dominum
2068 1413 2267 1482 quippe
2289 1414 2596 1484 dereliquit,
2616 1418 2752 1471 mola
2777 1422 3157 1489 proponendo;
3185 1425 3347 1480 verba

1760 1501 1879 1571 ejus
1921 1519 2028 1557 non
2069 1503 2272 1574 implet,
2304 1508 2572 1575 prohibita
2606 1499 2999 1578 praesumendo.
3051 1513 3104 1566 Bt
3123 1531 3190 1570 ne
3218 1533 3347 1585 ergo

1759 1589 1988 1645 dicitur:
2021 1590 2242 1646 I’mnitet
2281 1610 2387 1659 me,
2429 1597 2564 1666 quod
2608 1601 2957 1654 constituerim
2996 1619 3164 1673 regem
3193 1606 3344 1661 Saul.

1760 1680 1923 1748 Quasi
1952 1682 2133 1738 dicat:
2165 1683 2335 1750 Quem
2382 1702 2612 1755 prmesse
2659 1689 2776 1744 aliis
2817 1698 2942 1746 tunc
2983 1693 3147 1757 volui,
3179 1697 3342 1751 mvtlo

1688 1782 1728 1840 ῃ
1760 1772 1884 1828 nolo
1910 1790 1924 1827 :
1957 1775 2081 1844 quia
2107 1791 2264 1844 quem
2306 1777 2559 1833 humilem
2601 1781 2828 1849 praetuli,
2858 1799 3000 1838 nunc
3028 1788 3340 1854 superbien-

1758 1870 1865 1915 tem
1894 1870 1949 1917 et
1971 1862 2168 1918 elatum
2199 1873 2647 1934 transgressorcm
2687 1879 2870 1925 cerno.
2907 1871 3058 1938 Quod
3091 1876 3338 1930 nimirum

1758 1953 1825 2008 de
1849 1954 2169 2024 quibuslibet
2211 1956 2372 2025 lapsis
2395 1974 2499 2014 non
2527 1959 2754 2028 dicitur;
2785 1962 2879 2016 sed
2906 1964 2973 2018 de
3000 1964 3080 2018 his
3107 1981 3340 2034 quorum

1757 2042 1941 2112 lapsus
1979 2045 2298 2113 ostenditur,
2331 2055 2384 2100 et
2421 2049 2734 2118 pmnitentia
2776 2049 3113 2122 nequaquam
3155 2057 3345 2124 [ηπειεί-

1757 2127 1932 2184 detur.
1973 2129 2105 2185 Nam
2141 2131 2207 2187 de
2233 2133 2500 2202 justorum
2542 2152 2667 2192 casu
2697 2139 2955 2210 scriptum
2995 2150 3112 2197 est:
3145 2143 3345 2215 Septies

1758 2216 1812 2270 in
1845 2217 1929 2272 die
1962 2220 2102 2274 cadit
2116 2221 2321 2291 justus,
2355 2224 2513 2296 353
2543 2237 2592 2280 et
2610 2232 2830 2301 resurgit
2861 2231 3040 2302 (Prov.
3067 2251 3212 2302 xxrv,
3231 2237 3343 2306 IG).

1757 2307 1957 2365 Eorum
1982 2321 2128 2367 certe
2148 2329 2302 2369 casus
2339 2317 2568 2384 quodam
2595 2321 2754 2376 modo
2790 2331 2962 2378 status
2996 2339 3181 2380 eorum
3222 2336 3303 2383 est
3327 2345 3346 2384 :

1758 2401 1883 2468 quia
1899 2401 2186 2472 aliquando
2209 2407 2587 2474 permittuntur
2602 2410 2816 2482 cadere,
2831 2420 2884 2466 ut
2907 2431 3120 2486 semper
3137 2419 3352 2474 valeant

1761 2487 1954 2545 fortius
1981 2499 2146 2547 stare.
2180 2492 2570 2552 Pcrmittuntur
2600 2507 2656 2553 ut
2685 2501 2736 2556 in
2779 2504 2932 2558 malis
2962 2498 3248 2575 corruant,
3279 2525 3348 2564 ne

1759 2595 1965 2634 summa
2007 2581 2263 2638 virtutum
2313 2587 2452 2640 dona
2497 2603 2595 2657 per
2638 2589 2928 2647 elationem
2983 2595 3231 2664 perdant.
3281 2597 3344 2652 lli

1761 2669 2026 2741 profecto,
2061 2675 2161 2730 etsi
2187 2677 2349 2732 verba
2378 2678 2588 2735 Domini
2615 2683 2939 2753 quandoque
2969 2701 3075 2742 non
3102 2687 3343 2757 implent,

1761 2774 1790 2812 a
1822 2759 2051 2818 Domino
2072 2779 2179 2818 non
2209 2767 2466 2822 recedunt
2497 2785 2511 2822 :
2539 2770 2665 2838 quia
2694 2771 2760 2826 ad
2791 2779 3003 2844 tempus
3031 2777 3346 2847 relirquuu-

1763 2857 1864 2914 tur,
1892 2858 1948 2905 ut
1969 2853 2295 2909 mternaliter
2318 2864 2630 2925 teneantur;
2664 2869 2720 2914 et
2748 2861 2800 2916 in
2824 2864 3034 2920 modico
3057 2867 3345 2937 desipiunt,

1761 2943 1856 2997 Sed
1893 2953 2015 3013 post
2044 2947 2310 3003 modicum
2354 2950 2693 3021 resipiscunt.
2739 2955 2870 3009 Dum
2907 2971 3036 3026 ergo
3068 2958 3195 3014 Saul
3237 2977 3345 3017 non

1762 3032 1934 3087 solum
1962 3034 2125 3090 verba
2155 3035 2364 3092 Domini
2388 3055 2438 3104 ο,
2461 3055 2552 3094 ere
2583 3057 2688 3095 non
2723 3042 2772 3118 in
2796 3044 2972 3112 plesse
2996 3047 3345 3116 reprehendi-

99 3125 203 3180 Non
221 3144 338 3200 ergo
366 3129 465 3199 ipsi
486 3139 607 3184 sunt
633 3131 718 3201 qui
747 3131 1043 3201 loquuntur,
1073 3133 1163 3187 sed
1192 3134 1419 3205 Spiritus
1447 3147 1654 3192 sanctus
1684 3130 1728 3192 (ἶ
1761 3131 1878 3189 "1":
1922 3126 2015 3179 ⁵θά
2060 3125 2233 3196 ipsum
2275 3129 2559 3185 Dominum
2591 3133 2900 3201 reliquisse:
2931 3152 3070 3206 quos
3121 3139 3342 3204 meliust

94 3214 286 3274 (Matth.
322 3235 376 3285 κ,
396 3216 513 3287 20).
544 3218 600 3272 ln
640 3220 1081 3288 prmdicatoribus
1107 3237 1237 3292 ergo
1265 3227 1654 3282 contemnenda

94 3319 184 3357 non
212 3312 291 3358 est
335 3304 463 3360 foris
489 3306 668 3361 vilitas
709 3307 914 3374 carnis,
947 3319 1408 3378 quorum‘mentes
1436 3319 1544 3367 tum
1573 3313 1656 3367 di-

88 3401 300 3457 gnant-r
335 3393 524 3447 incolit
571 3392 869 3452 sublimitas
909 3396 1143 3452 dcitatis.
1189 3398 1324 3467 Quid
1368 3409 1449 3456 est
1494 3417 1656 3472 ergo,

87 3483 216 3550 quod
256 3485 516 3552 pmnitere
554 3476 809 3540 Dominus
836 3485 1047 3554 dicitur,
1078 3503 1199 3543 cum
1231 3491 1425 3545 mutari
1451 3491 1658 3547 allecti-

88 3572 178 3626 bus
201 3589 307 3628 non
339 3573 622 3629 credatur?
651 3575 756 3631 Sed
781 3578 903 3645 quia
927 3593 1050 3632 cum
1081 3578 1421 3636 mutabilibus
1449 3597 1658 3638 summa

88 3662 477 3719 immutabilitas
520 3664 776 3734 loquitur,
807 3681 957 3722 more
1004 3683 1210 3733 eorum,
1241 3668 1550 3739 quibuscum
1577 3670 1659 3725 lo-

87 3751 273 3821 quitur,
302 3753 424 3808 dum
467 3756 730 3825 pmnitere
761 3756 975 3824 dicitur,
1003 3757 1284 3828 displicere
1320 3758 1419 3814 sibi
1466 3775 1657 3832 supcr-

84 3839 260 3896 borum
285 3844 556 3898 temeritas
579 3843 905 3914 designatur.
941 3845 1206 3903 Ptnnitere
1232 3849 1373 3904 enim
1403 3849 1658 3921 solemus,

86 3949 193 3986 cum
238 3935 378 3989 mala
415 3936 568 3990 nobis
596 3936 670 3990 illi
709 3938 1037 4006 retribuunt,
1068 3939 1258 4008 quibus
1300 3956 1398 3995 nos
1426 3942 1662 4000 honores

85 4032 165 4076 aut
201 4023 343 4079 dona
386 4026 713 4093 impendis-e
762 4044 1140 4083 memoramus.
1172 4029 1307 4096 Quia
1344 4045 1470 4100 ergo
1512 4049 1662 4088 more

84 4123 256 4169 nostro
291 4116 636 4186 omnipotens
676 4117 813 4174 Deus
842 4118 909 4174 de
938 4120 1154 4189 superbi
1197 4121 1336 4188 regis
1385 4122 1662 4191 iugratitu-

83 4204 196 4260 diue
234 4207 501 4276 queritur,
532 4207 844 4277 dignitatem
892 4211 1092 4278 regiam
1132 4211 1424 4266 contu'isse
1464 4228 1522 4265 se
1553 4212 1659 4277 illi,

83 4295 332 4361 pmnitere
385 4295 718 4366 perhibetur.
764 4297 918 4362 Quod
984 4298 1226 4368 profecto
1277 4298 1344 4352 al
1393 4300 1664 4353 cuntu'utn

82 4398 274 4452 magna:
300 4384 666 4440 damnationis
707 4385 775 4441 de
814 4388 1058 4455 superbis
1085 4388 1279 4442 dicitur
1308 4405 1321 4442 :
1351 4389 1473 4456 quia
1519 4388 1663 4458 quod

1759 3230 1918 3284 quam
1961 3217 2168 3288 lapsos,
2200 3227 2254 3274 et
2285 3212 2682 3290 intpmnitenms
2719 3223 3016 3292 signillcat?
3045 3227 3120 3282 De
3149 3230 3346 3297 quibus

1757 3305 1998 3374 profecto
2023 3323 2120 3378 per
2146 3310 2465 3378 pr0phetam
2492 3310 2690 3367 dicitur
2721 3331 2734 3366 :
2783 3311 3155 3370 Percusserunt
3183 3320 3347 3389 [cedas

1759 3409 1872 3446 cum
1913 3402 2078 3449 morte
2100 3405 2149 3449 et
2175 3397 2380 3468 inferno
2433 3399 2451 3470 (
2474 3398 2584 3454 Isa.
2631 3417 2815 3465 xxvm,
2852 3401 2962 3472 15).
3010 3403 3144 3460 Cum
3172 3418 3348 3464 morte

1757 3484 1973 3554 quidem
2023 3486 2194 3542 fmdus
2223 3500 2524 3557 percutere,
2557 3499 2640 3545 est
2678 3492 2814 3546 mala
2856 3493 3112 3550 audacter
3156 3513 3350 3568 perpe-

1759 3583 1923 3640 trare,
1955 3585 2010 3631 et
2046 3593 2108 3632 ca
2137 3593 2352 3649 semper
2381 3594 2514 3649 agen
2534 3579 2584 3634 la
2613 3583 2950 3650 promittere.
2981 3583 3118 3638 Mala
3147 3587 3346 3656 quippe

1759 3665 2124 3724 indesinenter
2178 3669 2411 3735 faciunt,
2463 3670 2559 3726 sed
2605 3671 2876 3742 diligendo
2925 3675 3067 3743 quod
3117 3674 3346 3742 faciunt,

1758 3755 1911 3823 quasi
1940 3771 1968 3809 a
1999 3756 2187 3810 mortis
2215 3757 2448 3811 amicitia
2489 3773 2548 3813 se.
2575 3773 2847 3828 nunquam
2898 3762 3152 3817 recedere
3185 3765 3346 3831 polli-

1759 3855 1966 3901 centur.
1996 3847 2059 3902 lli
2085 3847 2284 3918 quippe
2313 3847 2365 3902 in
2391 3849 2579 3903 mortis
2607 3849 2807 3905 fmdere
2831 3859 3036 3919 quanto
3063 3851 3348 3908 insensibi-

1759 3933 1922 3990 liores
1970 3933 2132 4003 ﬁunt,
2174 3938 2382 3992 v‘scera
2437 3937 2623 3992 matris
2673 3936 2922 3993 Ecclesie
2974 3947 3126 3995 tanto
3173 3943 3348 3999 acrius

1761 4022 2064 4078 miserando
2093 4024 2427 4092 quatiuntur.
2462 4023 2615 4080 Unde
2644 4026 2781 4082 bene
2809 4026 3169 4097 subjungitur.

1830 4156 2007 4226 (Vers.
2039 4156 2150 4226 il.)
2189 4159 2630 4231 Contristatusque
2657 4169 2733 4214 est
2754 4159 2998 4228 Samuel,
3027 4170 3078 4217 et
3099 4163 3343 4218 clamavit

1762 4245 1832 4299 ad
1862 4245 2137 4302 Dominum
2171 4258 2278 4303 tota
2307 4257 2478 4304 nocte.

1834 4379 1887 4432 9.
1926 4377 2141 4436 Samuel
2169 4381 2387 4451 quidem
2414 4382 2781 4452 contristatur,
2805 4384 2927 4454 quia
2952 4384 3020 4441 de
3049 4387 3347 4455 perditione

82 4483 212 4540 sunt,
237 4476 353 4544 jam
386 4493 494 4530 n..n
524 4477 590 4531 ad
619 4478 886 4545 met-itum,
917 4479 1009 4534 sed
1036 4479 1100 4533 ad
1129 4495 1339 4550 poenam
1362 4491 1504 4545 sunt,
1537 4481 1658 4548 quia

1766 4467 1960 4522 subditi
2004 4484 2246 4524 summus
2282 4471 2604 4541 praedicator
2635 4472 2906 4541 afﬂigitur.
2937 4473 3004 4527 Et
3050 4483 3160 4528 tota
3192 4484 3348 4531 nocte

83 4565 127 4619 in
162 4567 442 4622 voluntate
481 4568 575 4622 Dei
621 4583 729 4623 non
780 4579 921 4624 sunt.
977 4567 1242 4624 Pmuitere
1281 4583 1408 4637 ergo
1439 4568 1550 4633 Dci,
1585 4577 1667 4623 est.

81 4655 407 4711 voluntatem
437 4657 490 4710 in
512 4657 754 4726 reprobis
777 4674 881 4713 non
912 4658 1130 4723 habere,
1156 4673 1276 4713 cum
1299 4675 1329 4712 a
1351 4673 1410 4714 se
1433 4659 1667 4714 honores

79 4744 344 4816 impensas
360 4751 626 4817 meminit,
648 4750 742 4805 sed
762 4765 856 4806 eos
883 4751 1075 4820 quibus
1091 4753 1228 4806 bona
1249 4752 1494 4816 contulit,
1527 4751 1667 4808 male

77 4837 145 4889 uti
174 4838 336 4892 bonis
361 4855 482 4908 qua:
512 4839 758 4905 contulit,
786 4840 1045 4907 agnoscit.
1079 4839 1226 4893 lianc
1265 4840 1462 4908 quippe
1493 4841 1666 4908 pinni-

81 4928 297 4981 tentiam
331 4945 487 4983 suam
528 4930 668 4984 Deus
699 4929 873 4984 verbis
900 4929 1016 4984 aliis
1058 4944 1154 4997 per
1194 4927 1506 4983 Malachiam
1537 4944 1663 4998 pro-

76 5016 291 5084 phetam
315 5017 518 5074 Judmis
540 5020 791 5082 insinuat,
807 5019 1022 5074 dicens:
1048 5016 1170 5071 Non
1195 5027 1272 5071 est
1292 5018 1418 5071 mihi
1433 5018 1666 5072 voluntas

77 5107 123 5160 in
152 5110 314 5176 robis,
347 5119 403 5164 et
428 5111 742 5180 sacriﬁcium
785 5127 887 5164 non
916 5110 1188 5179 suscipiam
1230 5109 1292 5162 de
1319 5125 1474 5162 manu
1504 5119 1669 5162 vestra

77 5197 164 5266 (3!
201 5199 348 5254 lac/1.
393 5199 595 5270 1.10).
637 5199 906 5267 Quantum
951 5213 1081 5268 ergo
1110 5197 1344 5254 cavenda
1375 5197 1443 5252 sit
1481 5198 1667 5251 inobe-

78 5285 282 5341 dientia:
313 5288 478 5358 culpa
508 5288 807 5354 cernimus,
839 5287 883 5341 si
913 5287 994 5342 his
1022 5286 1200 5340 verbis
1230 5285 1471 5350 Domini,
1503 5299 1662 5353 quam

78 5374 316 5431 districte
341 5376 667 5446 percutitur,
699 5376 1054 5431 attendamus.
1648 5448 1650 5451 λ

142 5462 196 5515 8.
238 5465 354 5518 Nos
387 5472 570 5519 auten
600 5466 653 5522 in
680 5465 821 5520 bello
851 5463 1106 5519 Amalech
1152 5462 1520 5518 fornicationis
1561 5478 1664 5529 ru.

77 5565 228 5618 gnam
251 5554 664 5623 descripsimus,
679 5555 770 5624 qui
793 5554 946 5609 nobis
968 5554 1187 5609 omnino
1210 5553 1374 5608 deleri
1402 5569 1498 5623 per
1514 5567 1665 5606 sacra

79 5642 282 5709 eloquia
330 5642 576 5712 jubetur.
626 5643 815 5700 Merito
863 5643 1022 5713 igitur
1063 5643 1130 5698 de
1175 5643 1334 5712 lapsis
1385 5642 1438 5698 in
1485 5642 1664 5697 carnis

1772 4556 1836 4610 ad
1867 4555 2146 4612 Dominum
2181 4559 2418 4627 clamat,
2449 4561 2570 4628 quia
2597 4575 2695 4629 pro
2725 4562 3062 4617 restitutione
3093 4563 3223 4631 lapsi
3262 4564 3346 4617 di—

1771 4648 1949 4700 vinam
2012 4647 2431 4703 misericordiam
2494 4649 2702 4704 devotis
2765 4653 3012 4719 precibus
3073 4652 3344 4707 obsecrat.

1772 4735 2018 4792 Clamare
2044 4737 2242 4808 quippe
2262 4737 2490 4803 doctori,
2513 4746 2596 4793 est
2622 4753 2722 4807 pro
2751 4740 2984 4808 peccatis
3012 4740 3344 4794 subditorum

1771 4825 1980 4894 magnis
2023 4825 2301 4881 desideriis
2345 4827 2728 4897 omnipotentis
2781 4827 2876 4883 Dei
2926 4828 3344 4884 misericordiam

1772 4915 2061 4986 postulare.
2093 4915 2196 4982 Qui
2236 4924 2349 4972 tota
2389 4926 2546 4973 nocte
2571 4919 2800 4984 clamat,
2825 4933 2945 4972 cum
2975 4934 3072 4988 per
3096 4919 3344 4975 allectum

1773 5012 1938 5059 totam
1981 5006 2121 5061 illius
2158 5008 2363 5077 peccati
2395 5009 2675 5078 caliginem
2719 5009 2973 5078 suscipit,
3010 5017 3065 5064 et
3111 5025 3210 5080 pro
3249 5026 3342 5075 ea,

1771 5098 1924 5164 quasi
1964 5113 2062 5168 pro
2090 5099 2308 5170 proprio
2337 5099 2559 5154 crimine
2582 5139 2598 5166 ,
2629 5099 2739 5154 Deo
2777 5103 3043 5170 paenitens
3069 5094 3359 5158 satislacit:

1773 5183 1908 5240 Tota
1933 5201 2062 5257 ergo
2081 5197 2245 5242 nocte
2272 5187 2609 5256 pratdicatori
2638 5189 2890 5255 clamare,
2917 5198 3000 5245 est
3026 5193 3350 5246 totam’sub-

1770 5275 1865 5331 diti
1894 5291 2112 5331 causam
2154 5279 2464 5347 suscipere,
2496 5288 2551 5333 et
2576 5295 2790 5334 omnem
2828 5280 3108 5350 caliginem
3136 5284 3344 5351 peccati

1767 5364 1938 5431 illius,
1983 5367 2194 5423 devota:
2233 5369 2662 5437 compunctionis
2699 5368 2890 5424 allecto
2933 5370 3213 5425 destruere
3249 5387 3343 5426 co-

1767 5456 1904 5510 nari.
1934 5454 2040 5510 Sed
2067 5457 2196 5525 quid
2223 5467 2324 5523 est,
2357 5459 2501 5528 quod
2526 5459 2788 5515 clamasse
2826 5460 3045 5526 dicitur,
3078 5469 3133 5514 et
3160 5460 3343 5516 Domi-

1770 5559 1897 5598 num
1930 5560 2038 5599 non
2069 5548 2432 5617 respondisse,
2464 5549 2563 5603 nisi
2594 5549 2718 5617 quia
2747 5564 2811 5604 ea
2844 5564 3005 5618 quam
3033 5549 3146 5603 dixi
3169 5550 3348 5604 co:dts

1767 5636 2148 5706 impmnitentis
2191 5639 2384 5710 caligo,
2418 5641 2471 5695 in
2525 5641 2609 5695 illa
2653 5656 2750 5712 pro
2792 5656 2897 5710 qua
2947 5641 3174 5713 clamat,
3217 5641 3345 5696 Saul
