3948 6338
635 334 740 389 825

1864 333 2108 390 SANCTI
2150 335 2474 392 GliECURlI
2512 336 2728 392 MAGNI
3785 347 3855 406 ﬁt

594 438 595 441 “
634 451 794 520 culpa
819 449 1096 519 signatur?
1126 446 1496 519 Responderet
1516 448 1730 518 quidem
1755 449 2034 517 Dominus,
2058 453 2103 506 si
2123 468 2215 504 νο-
2249 455 2293 511 Α
2321 451 2571 507 foliorum
2595 451 2839 524 judicant
2863 491 2876 521 ,
2908 450 3002 507 sed
3032 450 3083 506 in
3114 466 3307 523 sapore
3350 468 3632 524 pomorum
3661 459 3857 525 probam.

634 555 753 593 cem
784 538 1065 593 clamantis
1092 539 1387 593 exaudiret.
1430 537 1686 607 Sequitur
1716 558 1731 592 :

706 629 885 694 (Vers.
916 628 1029 698 12.)
1058 626 1280 699 Cumque
1308 628 1370 680 de
1398 638 1545 682 nocte
1566 629 1876 683 surrexisset
1906 629 2138 694 Samuel,
2167 642 2223 684 at

634 731 731 776 tret
758 722 827 773 ad
856 719 987 775 Saul
1014 736 1199 785 mane,
1239 720 1532 773 nuntiatum
1560 728 1637 773 est
1673 720 1905 775 Samae’i
1924 763 1938 787 ,
1977 723 2112 793 quod
2139 739 2224 775 re—

634 814 792 867 nisset
835 813 968 877 Saul
1008 812 1063 865 in
1101 810 1422 876 Carmelum,
1464 822 1515 866 et
1551 814 1800 867 erexisset
1843 814 1943 867 sibi
1970 815 2221 884 fornicem

637 904 1028 973 triumphalem.

710 993 794 1046 lt).
855 992 1122 1059 Quidnam
1171 1000 1254 1046 est
1303 992 1603 1061 peccatoris
1646 992 1785 1057 vita,
1830 992 1930 1047 nisi
1982 994 2125 1047 nox?
2154 990 2223 1047 Et

633 1084 760 1150 quid
826 1084 956 1152 justi
1025 1083 1115 1136 lux
1174 1082 1349 1148 aliud,
1405 1098 1563 1152 quam
1617 1081 1770 1137 dies?
1816 1079 1969 1136 Unde
2023 1090 2078 1136 et
2125 1097 2223 1151 per

636 1173 855 1226 l‘anlutn
886 1172 1160 1227 conversis
1199 1174 1573 1242 peccatoribus
1615 1171 1814 1226 dicitur
1843 1189 1855 1224 :
1890 1170 2087 1225 Fuisti:
2116 1172 2219 1225 ali-

629 1262 835 1333 quando
869 1262 1119 1330 tenebrte,
1153 1279 1287 1315 nunc
1329 1270 1499 1315 autem
1539 1262 1629 1315 lux
1663 1261 1717 1314 in
1747 1260 1968 1315 Domino
2001 1259 2217 1329 (Ephes.

630 1368 682 1415 v,
716 1351 793 1421 8).
824 1351 899 1406 De
942 1360 1101 1405 nocte
1148 1359 1325 1405 autem
1367 1350 1706 1420 praedicatori
1749 1364 2000 1418 surgere,
2041 1361 2122 1403 est
2151 1351 2219 1402 ab

629 1442 819 1495 aliena:
859 1442 1028 1509 culpae
1079 1440 1423 1509 susceptione
1465 1440 1716 1494 allectum
1759 1440 1955 1493 mentis
1986 1439 2215 1508 erigere.

631 1529 797 1598 Quasi
827 1531 967 1586 enim
1007 1533 1062 1586 in
1103 1539 1263 1586 nocte
1282 1531 1429 1599 jacet
1452 1529 1642 1584 doctor
1665 1528 1883 1597 quando
1906 1529 2061 1583 alieni
2090 1545 2217 1598 prc-

627 1629 734 1684 cati
774 1626 1025 1682 tenebras
1056 1625 1221 1693 luget,
1254 1624 1379 1691 quia
1406 1624 1473 1678 ab
1504 1623 1610 1677 alta
1639 1623 1962 1679 innocentia:
1999 1638 2109 1677 suae
2135 1640 2222 1678 see

627 1719 858 1773 euritate
881 1715 1202 1786 deponitur,
1238 1722 1296 1767 ιιι
1322 1714 1375 1769 in
1406 1714 1514 1769 imo
1544 1714 1730 1769 alienae
1770 1714 2216 1770 cousiderationis

2326 540 2480 598 Unde
2525 556 2580 600 et
2631 543 2889 597 Dominus
2934 544 3175 609 docens,
3206 544 3282 598 ait
3313 562 3326 597 :
3355 545 3400 597 Α
3446 545 3691 613 fructibus
3731 566 3859 619 eorum

2323 634 2642 702 cognoscetis
2689 649 2778 686 eos
2826 631 3044 704 (Matth.
3077 650 3168 698 vn,
3203 634 3315 701 20).
3358 635 3495 701 Quia
3542 649 3669 705 ergo
3708 624 3851 697 laudat

2327 719 2557 777 inaniter
2602 731 2901 792 appetunt,
2952 724 3078 793 quia
3126 725 3627 795 probatissimorum
3674 729 3857 791 virorun

2317 810 2521 881 judicia
2548 814 2793 884 fugiunt,
2826 825 2881 871 et
2918 816 3140 871 rudibus
3167 832 3232 871 ac
3270 816 3536 872 debilibus
3579 817 3715 873 aliud
3743 838 3859 891 quam

2322 911 2450 957 sunt
2477 920 2536 958 se
2562 920 2682 961 esse
2720 908 3051 961 mentiuntur
3071 947 3087 973 ,
3130 907 3258 962 Saul
3289 909 3341 962 in
3369 908 3672 964 Carmelum
3700 916 3858 970 venisse

2322 1001 2379 1048 et
2424 992 2680 1050 fornicem
2716 997 2817 1051 sibi
2848 998 3224 1067 triumphalem
3252 999 3493 1054 erexisse
3521 1000 3727 1055 dicitur.
3762 1004 3861 1069 Quid

2322 1096 2451 1137 vero
2480 1092 2581 1149 est,
2607 1084 2753 1152 quod
2784 1086 2838 1140 in
2868 1085 3087 1154 Galgala
3111 1087 3319 1151 transit,
3353 1088 3452 1142 nisi
3477 1090 3603 1157 quia
3633 1103 3696 1144 eo
3722 1094 3858 1157 modo,

2321 1185 2429 1239 quo
2457 1187 2517 1245 se
2544 1174 2872 1244 simplicibus
2901 1184 2956 1230 et
2990 1176 3251 1245 religiosis
3280 1178 3543 1242 ostendit,
3574 1179 3626 1232 in
3652 1180 3861 1247 religiosis

2323 1270 2379 1315 ει
2407 1261 2580 1319 doctis
2605 1264 2777 1319 innotr
2790 1280 2945 1321 scere
2968 1266 3209 1335 appetit?
3237 1265 3454 1335 Galgala
3477 1268 3691 1338 quippe,
3716 1279 3764 1323 ut
3782 1274 3861 1337 jam

2322 1349 2591 1405 multoties
2628 1350 2780 1416 dixi,
2824 1362 2940 1406 rota
2980 1354 3304 1407 nominatur.
3346 1353 3574 1420 Quidam
3603 1371 3724 1410 vero
3760 1358 3862 1413 intra

2320 1449 2563 1494 sanetam
2595 1441 2885 1497 Ecclesiatn
2916 1452 2971 1498 et
2996 1444 3187 1499 eruditi
3218 1446 3270 1499 in
3301 1461 3448 1501 sacra
3484 1445 3748 1517 Seriptura
3774 1460 3864 1504 Sani

2318 1538 2375 1584 et
2404 1530 2635 1597 religiosi
2667 1549 2775 1588 non
2804 1543 2951 1601 sunt,
2984 1536 3110 1603 quia
3141 1535 3391 1590 virtutem
3419 1536 3615 1607 Scripti
3637 1553 3721 1602 ne,
3748 1541 3862 1593 vide-

2320 1618 2447 1672 licet
2476 1619 2837 1687 charitatem,
2872 1638 2978 1678 non
3027 1624 3245 1679 habent.
3299 1624 3399 1692 Qui
3449 1626 3577 1681 dum
3626 1628 3866 1697 loquentes

2319 1704 2575 1762 facundos
2602 1711 2749 1765 viros
2779 1719 2834 1767 et
2856 1712 3097 1767 carnales
3127 1713 3373 1783 audiunt,
3396 1716 3560 1770 verba
3590 1731 3702 1785 qua:
3726 1720 3865 1774 εείυιιι

626 1819 971 1879 peccatorum
1003 1807 1176 1875 caligo
1207 1806 1537 1861 destruatur.
1572 1805 1647 1859 De
1678 1814 1837 1859 nocte
1866 1820 1994 1873 ergo
2024 1808 2210 1872 surg’t,
2250 1804 2292 1862 Β
2322 1793 2671 1851 admirantur.
2723 1798 2831 1853 Sed
2869 1800 3139 1856 discutere
3179 1818 3287 1857 non
3332 1813 3558 1873 possunt
3593 1821 3765 1861 eorum
3799 1825 3868 1863 oc-

625 1915 747 1954 cum
779 1900 845 1954 ab
874 1897 1162 1961 amictione
1188 1911 1246 1949 se
1274 1895 1461 1962 erigit;
1495 1906 1549 1949 et
1578 1909 1737 1948 mane
1761 1893 1829 1947 ad
1858 1909 2007 1948 reum
2034 1894 2218 1948 venire

627 1993 886 2063 disponit,
909 1991 1033 2059 quia
1065 1987 1274 2043 occulte
1313 2002 1410 2055 per
1438 1986 1865 2055 compassionem
1894 1984 2130 2054 plangit,
2163 1994 2211 2040 et

629 2091 817 2151 aperta
856 2077 1223 2148 increpatione
1252 2090 1350 2145 per
1377 2074 1551 2129 zelum
1582 2074 1827 2143 percutit.
1858 2072 2028 2128 Nocte
2051 2074 2215 2128 etiam

626 2171 773 2238 luget
816 2168 1037 2233 doctor,
1079 2166 1173 2221 sed
1209 2180 1368 2219 mane
1412 2163 1481 2217 ad
1520 2163 1850 2232 arguemlum
1880 2164 2057 2230 venit;
2088 2165 2215 2234 qu’a

625 2259 769 2314 intus
789 2266 1099 2329 peccantem
1118 2254 1391 2312 subditum
1413 2254 1601 2324 diligit,
1618 2255 1711 2310 sed
1741 2254 1917 2324 palam
1943 2264 2213 2309 errantem

625 2364 851 2419 arguere
884 2364 1224 2419 nequaquam
1255 2336 1544 2402 erubescit.
1571 2346 1733 2412 Quasi
1764 2348 1904 2401 enim
1941 2364 2098 2404 mane
2134 2350 2213 2403 lu-

622 2440 788 2494 cescit
812 2479 827 2502 ,
857 2453 979 2493 cum
1001 2437 1191 2492 doctor
1215 2435 1425 2505 aperire
1457 2435 1693 2498 crimen,
1725 2435 1871 2504 quod
1901 2436 2054 2505 latet,
2078 2437 2212 2492 inci-

623 2530 719 2600 pit.
749 2528 885 2594 Quid
912 2540 1041 2596 ergo
1062 2535 1162 2591 est,
1194 2524 1339 2594 quod
1363 2525 1418 2578 in
1440 2521 1744 2579 Carmelum
1768 2524 2000 2593 venisse,
2028 2532 2083 2581 et
2110 2526 2212 2581 for-

626 2621 799 2676 nicem
827 2619 929 2674 sibi
967 2616 1346 2687 triumphalem
1373 2616 1640 2679 erexisse,
1672 2615 1717 2670 is
1764 2614 1841 2669 ad
1875 2629 2035 2684 quem
2064 2616 2211 2671 venit

623 2711 897 2776 asseritur,
931 2709 1031 2765 nisi
1074 2708 1197 2779 quia
1230 2707 1500 2778 profectus
1541 2707 1666 2762 mali
1708 2705 1909 2776 liquido
1948 2707 2208 2777 praedica-

624 2805 745 2859 tur?
767 2803 893 2860 Post
913 2800 1289 2858 inobedientiaa
1318 2800 1539 2872 quidem
1567 2801 1798 2872 culpam,
1830 2801 2208 2873 triumphalem

621 2910 830 2961 arcum,
861 2894 947 2951 vel
993 2893 1249 2949 fabricam
1277 2894 1521 2963 erigere,
1565 2900 1649 2950 est
1678 2893 1818 2947 mala
1844 2907 2035 2963 agere,
2061 2901 2118 2949 et
2140 2893 2208 2947 de

619 2988 934 3045 eorumdcm
966 2988 1227 3042 malorum
1273 2986 1676 3057 perpetratione
1708 2986 2008 3056 superbire.
2042 2983 2204 3052 Quasi

617 3082 761 3136 enim
799 3076 1140 3149 triumphalia
1170 3076 1321 3145 signa
1351 3077 1593 3146 erigunt,
1635 3076 1800 3149 354
1837 3076 2053 3146 quando
2080 3091 2203 3131 cum

2320 1884 2496 1952 culta,
2527 1902 2648 1954 qua:
2698 1890 2963 1944 nesciunt.
3012 1891 3159 1947 Bene
3212 1893 3373 1962 igitur
3415 1893 3545 1949 Saul
3590 1897 3643 1949 in
3684 1896 3866 1965 Galgala

2322 1974 2550 2029 transire
2584 1977 2812 2043 dicitur;
2845 1979 2969 2047 quia
2998 1980 3091 2049 qui
3121 1981 3358 2037 favorem
3381 1982 3447 2037 de
3487 1982 3706 2039 facunda
3743 1986 3865 2041 locu-

2320 2062 2466 2119 tione
2492 2076 2740 2134 qumrunt
2760 2109 2775 2134 ,
2808 2069 2860 2124 id
2891 2071 3036 2139 quod
3065 2072 3321 2139 cupiunt,
3349 2089 3457 2127 non
3498 2074 3635 2143 apud
3663 2076 3868 2131 eruditos

2323 2157 2607 2225 religiosos
2630 2201 2644 2225 ,
2677 2159 2775 2214 sed
2825 2162 2964 2231 apud
3004 2152 3275 2232 simplices
3312 2172 3369 2219 et
3405 2165 3596 2231 rudes,
3636 2178 3723 2221 aut
3754 2170 3866 2237 apud

2317 2252 2647 2320 irreligiosos
2701 2251 2974 2319 sapientes
3029 2254 3329 2308 ίιινεινίιιιιι.
3401 2255 3508 2311 Sed
3553 2257 3739 2311 summi
3791 2261 3866 2313 viri

2317 2358 2437 2398 cum
2480 2342 2694 2412 reprobi
2736 2342 2879 2396 bona
2908 2343 3140 2411 docent,
3174 2345 3360 2401 electis
3387 2347 3613 2402 subditis
3640 2351 3795 2418 magis
3817 2352 3868 2403 ti-

2317 2440 2466 2486 ment
2499 2449 2513 2484 :
2563 2445 2632 2485 ne
2659 2445 2797 2499 quos
2837 2431 3015 2499 lingua
3041 2432 3328 2500 aediﬁcant,
3351 2449 3547 2501 manu,
3587 2435 3636 2490 id
3664 2446 3740 2491 est
3764 2453 3868 2506 ope-

2313 2522 2524 2577 ratione
2549 2526 2873 2590 pervertant.
2907 2519 3041 2586 Quia
3071 2534 3200 2589 ergo
3226 2521 3317 2575 diu
3350 2523 3401 2576 in
3440 2522 3729 2579 ministerio
3759 2540 3868 2593 ιιι-πίω

2314 2611 2599 2666 dicationis
2643 2609 2836 2664 lubrici
2864 2610 3005 2665 docti
3028 2626 3117 2666 res
3146 2610 3446 2667 dimittendi
3476 2628 3582 2668 non
3604 2623 3737 2679 sunt,
3769 2626 3869 2683 apte

2314 2703 2519 2757 illatum
2550 2713 2633 2757 est
2656 2722 2669 2755 :

2385 2802 2561 2873 (Vers.
2597 2802 2710 2874 12.)
2751 2804 2903 2859 Venit
2930 2822 3050 2876 ergo
3076 2803 3287 2859 Samuel
3310 2804 3380 2857 ad
3408 2803 3559 2866 Saul,
3593 2813 3639 2858 et
3662 2804 3867 2875 Saulof-

2314 2894 2511 2966 ferebat
2540 2895 2895 2951 holocaustum
2927 2896 3145 2951 Domino
3170 2936 3184 2962 ,
3228 2895 3379 2949 initia
3424 2896 3707 2967 praedarum
3729 2936 3747 2963 ,
3773 2912 3866 2969 qua

2312 2987 2557 3041 attulerat
2583 2988 2647 3041 de
2673 2988 2937 3042 Amalech.
3116 3022 3125 3033 ι

2382 3078 2469 3133 12.
2504 3078 2663 3133 Venit
2705 3080 2903 3149 quippe
2931 3079 2997 3133 ad
3027 3078 3189 3141 Saul,
3225 3087 3282 3133 ttt
3310 3078 3601 3148 superbum
3638 3077 3862 3147 deponat,

613 3172 845 3240 quadem
889 3168 1251 3224 ostentatione
1297 3183 1359 3221 ea
1405 3167 1722 3236 profe:uut,
1763 3169 1958 3238 quibus
1997 3168 2116 3223 aliis
2144 3183 2203 3223 se
2235 3183 2277 3244 ε
2310 3185 2473 3239 quem
2517 3169 2771 3223 humilem
2819 3168 2889 3223 ad
2929 3170 3075 3239 regni
3121 3169 3333 3223 culmen
3384 3168 3670 3223 extulerat.
3718 3168 3861 3233 Qurm

616 3260 886 3316 excellere
916 3259 1263 3313 arbitrantur.
1310 3257 1465 3324 Quod
1496 3267 1644 3313 certe
1683 3267 1789 3311 tam
1828 3259 2201 3327 arrogantibus

614 3363 775 3415 quam
806 3346 1020 3401 lubricis
1045 3345 1355 3400 doetoribus
1383 3348 1651 3400 convenit.
1696 3346 1772 3401 llli
1794 3347 2005 3415 quidem
2028 3387 2043 3415 ,
2073 3348 2198 3409 dum

615 3452 810 3505 magna
850 3437 1060 3501 dicunt,
1092 3451 1152 3490 se
1190 3435 1242 3489 in
1287 3436 1515 3491 sublime
1541 3438 1910 3493 mstimationis
1954 3440 2196 3508 erigunt;

613 3541 669 3586 ct
697 3531 883 3601 quales
902 3545 962 3585 se
990 3530 1130 3584 intus
1155 3530 1321 3600 a'pici
1347 3539 1443 3598 ιιιι,
1472 3547 1567 3600 per
1590 3530 1900 3600 jactautiam
1928 3542 1984 3586 et
2013 3543 2166 3587 osteu
2184 3564 2196 3572 -

612 3624 872 3678 tationem
920 3622 1051 3678 foris
1101 3622 1463 3677 innotescunt.
1512 3621 1751 3693 Cumque
1777 3633 1833 3678 et
1876 3624 2023 3689 illud,
2055 3624 2196 3695 quod

609 3733 707 3786 per
755 3732 815 3772 se
863 3716 951 3770 alii
1006 3715 1329 3786 proﬁciunt,
1362 3716 1427 3769 ad
1458 3714 1695 3771 favorem
1750 3717 1982 3787 propriae
2026 3716 2197 3771 laudis

608 3808 861 3873 trahunt,
894 3807 1021 3878 quid
1046 3805 1191 3861 aliud
1218 3805 1468 3861 videntur
1495 3819 1676 3875 agere,
1709 3807 1806 3860 nisi
1830 3808 1996 3860 altun
2026 3808 2197 3861 victo-

608 3900 704 3952 rite
758 3899 969 3967 signum
1026 3896 1220 3965 insigni
1270 3896 1425 3951 titulo
1474 3896 1878 3952 demonstrare?
1944 3897 2194 3953 Nonnulli

604 4002 737 4042 vero
761 3997 815 4041 et
837 4003 957 4042 cum
990 3987 1217 4056 turpiter
1242 3985 1449 4050 vivunt,
1479 3994 1533 4040 et
1562 3985 1940 4042 honestissime
1963 3987 2195 4056 loquun-

607 4086 717 4143 tur,
747 4075 1089 4130 considerant
1131 4075 1419 4129 verborum
1461 4074 1827 4139 honestatem,
1876 4085 2191 4129 nontamen

608 4171 861 4231 reputant
903 4164 1135 4232 propriae
1162 4163 1288 4217 vita:
1330 4164 1734 4233 turpitudinem.
1775 4164 1909 4219 Cum
1933 4181 2062 4236 ergo
2086 4183 2192 4221 non

607 4252 769 4307 rebus
814 4266 1036 4322 operum
1063 4292 1078 4317 ,
1126 4253 1217 4306 sed
1265 4252 1552 4321 splendore
1597 4254 1880 4308 verborum
1931 4271 2194 4324 apparere

606 4347 873 4417 gestiunt;
910 4346 1160 4401 nimirum
1184 4347 1559 4417 triumphalem
1588 4364 1774 4405 areum
1803 4348 2103 4418 fabricant,
2136 4354 2189 4407 in

606 4454 715 4507 quo
755 4453 814 4493 se
854 4438 1007 4508 quasi
1058 4439 1287 4494 victores
1332 4438 1612 4495 extollant.
1668 4440 1737 4495 Et
1779 4441 1906 4510 quia
1954 4444 2188 4512 turpium

2304 3259 2477 3328 qualis
2508 3267 2623 3312 erat
2651 3258 2894 3323 invenit,
2926 3273 3033 3312 non
3061 3258 3277 3327 qualem
3323 3272 3381 3311 se
3438 3257 3699 3326 superbia:
3724 3257 3862 3323 signis

2304 3350 2635 3406 ostenderat.
2661 3349 2798 3415 Quid
2824 3360 2905 3404 est
2934 3365 2963 3404 e
2995 3363 3079 3418 go,
3100 3349 3240 3418 quod
3265 3349 3638 3403 holocaustum
3668 3347 3864 3401 Domino

2306 3442 2563 3497 Amalech
2595 3442 2858 3513 primitias
2888 3439 3063 3505 oﬂert,
3098 3440 3196 3495 nisi
3225 3439 3349 3510 quia
3381 3440 3623 3495 nonnulli
3650 3448 3700 3494 et
3727 3453 3868 3507 prave

2301 3535 2510 3600 vivunt,
2536 3540 2591 3587 et
2620 3534 2838 3603 placere
2866 3548 2925 3588 se
2966 3532 3076 3588 Deo
3105 3548 3201 3603 per
3224 3534 3330 3587 alio
3363 3549 3453 3586 nm
3486 3532 3773 3602 profectum
3796 3546 3866 3582 ar-

2301 3625 2606 3680 bitrantur?
2678 3623 2742 3677 Et
2798 3623 2922 3694 quia
2980 3640 3086 3679 non
3138 3639 3328 3692 parum
3391 3623 3606 3692 placere
3671 3620 3869 3675 credunt

2300 3715 2411 3771 Deo
2480 3715 2624 3784 quod
2683 3714 2953 3782 oflerunt,
3003 3730 3109 3769 non
3167 3712 3489 3771 sacrificium
3565 3721 3658 3767 aut
3731 3710 3867 3764 victi-

2299 3818 2479 3869 mam,
2525 3804 2618 3859 sed
2671 3804 3045 3858 holocaustum
3090 3802 3286 3858 ollerre
3331 3803 3700 3873 perhibentur.
3733 3801 3869 3854 Initia

2298 3910 2429 3950 vero
2488 3894 2791 3965 pr.cdarum
2844 3894 3131 3962 dicuntur,
3184 3902 3241 3948 ut
3290 3895 3342 3948 in
3392 3894 3642 3948 Samuele
3693 3890 3869 3947 sumini

2297 3988 2456 4058 355
2487 3996 2542 4043 et
2570 3986 2726 4042 electi
2755 3987 3009 4041 antistitis
3036 3986 3261 4055 vigilans
3290 3986 3526 4043 studium
3558 3985 3871 4054 designetur,

2297 4093 2325 4130 a
2357 4092 2465 4145 quo
2513 4077 2778 4130 malorum
2830 4077 3086 4146 principia
3130 4076 3388 4131 velociter
3441 4075 3873 4144 comprimuntur.

2296 4169 2456 4234 Quasi
2505 4167 2692 4223 dicat:
2728 4168 2891 4222 Valde
2934 4168 3159 4223 festinus
3188 4168 3457 4231 occurrit,
3506 4183 3615 4236 quo
3664 4166 3876 4220 absente

2296 4277 2398 4316 nec
2440 4261 2647 4315 initium
2690 4260 3126 4316 holocaustorum
3175 4261 3377 4315 habere
3422 4261 3647 4315 liberum
3687 4259 3876 4329 potuit.

2297 4348 2530 4406 Possunt
2570 4350 2719 4404 initia
2748 4350 3046 4419 praedarum
3094 4348 3145 4404 in
3172 4349 3315 4418 elligi
3362 4349 3538 4403 electa
3568 4362 3799 4417 quicque
3823 4346 3881 4398 de

2295 4441 2509 4511 praedis.
2536 4440 2667 4508 Quae
2687 4449 2877 4510 aperto
2908 4455 3004 4495 ore
3032 4439 3247 4505 lubrici,
3277 4440 3373 4507 sed
3403 4440 3615 4494 occulta
3646 4440 3884 4495 excitate

607 4528 774 4584 verbo
798 4569 815 4596 ,
846 4537 1031 4599 turpes
1070 4528 1312 4598 plerique
1356 4529 1444 4583 alii
1490 4531 1839 4601 resipiseunt,
1870 4542 1991 4603 post
2020 4550 2189 4604 expu-
2226 4556 2271 4613 ι)
2298 4530 2534 4601 percussi
2565 4528 2818 4597 offerunt,
2850 4529 3063 4599 quando
3093 4527 3216 4582 inde
3255 4543 3317 4583 se
3364 4529 3583 4597 placere
3617 4526 3734 4583 Deo
3774 4542 3883 4580 crc-

606 4627 823 4690 gnatutn
853 4620 1128 4683 Amalech,
1157 4620 1235 4674 eis
1263 4620 1315 4675 in
1342 4618 1645 4676 Carmelum
1668 4624 1852 4679 venire
1872 4637 1972 4688 est,
2005 4634 2059 4681 et
2083 4626 2193 4680 for-

608 4712 784 4765 nicem
815 4711 1190 4780 triumphalem
1220 4711 1446 4780 erigere,
1472 4712 1539 4767 de
1566 4715 1830 4769 exstincta
1861 4716 1913 4769 in
1937 4716 2194 4785 subjectis

606 4802 828 4857 libidine
850 4841 865 4867 ,
891 4801 1121 4856 inaniter
1143 4815 1326 4856 coram
1352 4802 1685 4872 simplicibus
1705 4804 1942 4871 gloriari.
1970 4803 2192 4859 Carme-

604 4893 687 4946 lus
730 4892 984 4962 quidem,
1014 4891 1233 4957 mollis,
1277 4892 1392 4947 sive
1440 4900 1593 4948 tener
1629 4894 2035 4963 interpretatur.
2088 4894 2191 4960 Qui

600 4984 744 5037 enim
785 4982 956 5036 teneri
999 4981 1157 5050 hujus
1182 4982 1401 5036 nomine
1421 5022 1436 5047 ,
1462 4982 1564 5036 nisi
1600 4982 1652 5035 in
1681 4992 1865 5037 sancta
1895 4998 2188 5037 conversa-

601 5075 747 5129 tione
797 5073 956 5127 ruiles
1002 5072 1408 5141 intelliguntur?
1456 5073 1556 5138 Qui
1586 5073 1746 5127 etiam
1776 5073 1966 5128 molles
1991 5089 2191 5128 vocan-

598 5167 705 5230 t'ur,
738 5163 842 5220 n’si
877 5162 966 5234 qui
997 5163 1172 5218 adhuc
1190 5178 1289 5232 per
1314 5179 1468 5219 usum
1499 5162 1711 5218 virtutis
1734 5181 1840 5220 non
1870 5172 1994 5218 sunt
2023 5164 2074 5217 in
2106 5165 2188 5218 in-

597 5256 794 5310 choata
835 5254 1078 5309 bonitate
1121 5253 1368 5309 solidati?
1400 5252 1459 5307 ιιι
1487 5252 1736 5309 Carmelo
1783 5254 1943 5322 igitur
1977 5254 2185 5321 signum

595 5347 835 5401 victoriae
864 5345 1103 5415 erigunt;
1139 5345 1265 5416 quia
1295 5345 1513 5401 rudibus
1538 5353 1595 5401 et
1629 5346 1892 5401 debilibus
1918 5361 1977 5401 se
2005 5355 2186 5401 osten-

595 5436 759 5501 dunt,
790 5451 860 5490 ne
889 5451 921 5491 a
948 5436 1135 5506 peritis
1180 5434 1436 5503 fortibus,
1468 5438 1655 5507 quales
1684 5437 1738 5493 in
1766 5439 1996 5494 veritate
2024 5447 2179 5504 sunt,

595 5528 958 5581 inveniantur.

670 5615 756 5669 Η.
799 5615 862 5669 lli
902 5617 1044 5672 enim
1075 5631 1184 5670 non
1213 5616 1267 5671 in
1287 5616 1495 5683 verbis,
1527 5616 1621 5672 sed
1651 5618 1703 5671 in
1730 5617 1979 5688 cperibus
2008 5616 2180 5683 fulgo-

595 5717 712 5759 rem
755 5705 995 5763 victoria:
1034 5716 1307 5776 quaerunt;
1352 5706 1476 5776 quia
1505 5707 1727 5763 arbores
1757 5722 1862 5763 non
1893 5706 1945 5761 in
1986 5709 2181 5763 decore

2296 4622 2449 4687 dunt,
2477 4620 2621 4690 quod
2652 4621 2704 4675 in
2752 4620 3086 4674 auditoribus
3113 4619 3225 4674 suis
3253 4634 3314 4673 ea
3344 4619 3650 4688 prrimunt,
3688 4633 3811 4687 qua:
3839 4619 3885 4671 in

2296 4728 2354 4767 se
2374 4713 2564 4766 vivere
2602 4710 2941 4780 permittunt.
2975 4708 3138 4775 Quasi
3167 4709 3308 4763 enim
3340 4708 3631 4764 indiscrete
3657 4707 3884 4763 oﬁ‘eren-

2297 4818 2403 4856 tem
2451 4800 2691 4870 apertius
2734 4799 3137 4868 reprehendens
3166 4798 3309 4853 dicat
3340 4816 3352 4850 :
3384 4796 3517 4851 lllud
3547 4798 3734 4851 vivum
3765 4796 3888 4849 nfl‘e-

2296 4892 2464 4958 rcbat,
2484 4890 2627 4958 quod
2658 4888 2848 4943 melius
2875 4887 3091 4943 offerret
3112 4888 3455 4943 exstinctum.
3488 4887 3621 4941 Nam
3663 4892 3709 4941 si
3741 4887 3885 4952 juxta

2292 4981 2457 5035 verba
2480 4981 2690 5035 Domini
2713 4979 2946 5049 praedam
2960 4994 3173 5033 omnem
3201 4978 3253 5031 in
3284 4978 3544 5032 Amalech
3568 4980 3886 5045 exstingueo

2290 5079 2405 5136 ret,
2455 5071 2826 5125 holocaustum
2872 5069 3091 5123 (mnino
3139 5067 3473 5137 acceptabile
3524 5067 3885 5135 omnipotenti

2294 5161 2403 5216 Deo
2431 5161 2729 5216 obtulisset.
2774 5160 2864 5215 Sic
2912 5160 3160 5214 nimirum
3197 5167 3252 5213 et
3286 5159 3479 5212 doctor
3524 5158 3811 5221 lubricus,
3848 5158 3886 5209 si

2290 5259 2483 5306 cuncta
2528 5251 2892 5305 blandimenta
2921 5249 3117 5313 carnis,
3146 5264 3264 5317 quze
3293 5248 3565 5316 loquendo
3600 5248 3881 5318 reprobat.

2289 5341 2521 5397 volendo
2543 5340 3297 5419 reprobarct,gbolocaustum
3329 5339 3717 5405 combureret,
3747 5336 3885 5416 quod

2292 5434 2569 5503 reprobari
2614 5449 2722 5488 non
2766 5441 2966 5503 porset.
3013 5430 3151 5497 Quid
3178 5441 3260 5486 est
3287 5442 3416 5496 ergo
3438 5471 3453 5496 ,
3484 5429 3632 5497 quod
3667 5430 3879 5485 dicitur,

2289 5522 2414 5590 quia
2468 5521 2715 5591 efferabat
2770 5521 3067 5590 prwdarum
3117 5520 3305 5583 initia,
3358 5534 3475 5588 quae
3516 5519 3782 5570 attulerat
3826 5518 3883 5567 de

2288 5613 2555 5682 Amalech,
2578 5613 2678 5668 nisi
2701 5613 2826 5681 quia
2852 5612 2979 5667 caci
3003 5609 3177 5665 cordis
3200 5608 3368 5676 caligo
3394 5608 3718 5672 damnatur,
3745 5614 3877 5675 quod

2288 5706 2364 5760 sic
2388 5706 2455 5761 de
2483 5720 2549 5760 eo
2593 5714 2800 5775 reputa'
2822 5744 2835 5769 ,
2869 5702 3011 5774 quod
3041 5716 3138 5772 pro
3160 5702 3251 5756 'est
3284 5698 3401 5753 aliis
3424 5739 3437 5764 ,
3469 5708 3525 5752 ut
3562 5699 3765 5754 videre
3798 5720 3882 5754 ιιι·
