3948 6344
192 413 272 472 es
948 408 1020 463 ΙΝ
1064 392 1323 467 runtur:
1366 413 1604 470 necum
1647 412 2170 473 nxrosrrumes.
2212 448 2278 457 -
2318 417 2442 472 ua.
2487 419 2550 472 v.

3291 427 3393 480 ‘26

184 530 341 597 ειξεειι,
370 519 497 591 quod
524 520 679 576 obest
706 521 842 576 sibi?
879 522 1043 589 Quasi
1080 525 1223 582 dicat
1250 545 1262 579 :
1297 527 1373 582 De
1415 527 1510 584 illo
1549 528 1703 598 quasi
1733 534 1779 588 Α
1808 534 2127 584 violarentur
2158 531 2377 587 Domino
2417 504 2666 588 Deo-tuo.
2699 501 2862 599 Quasi
2888 533 3030 588 dicat
3059 549 3073 586 :
3107 532 3245 589 Vere
3272 552 3399 606 pec-

185 623 320 676 victor
354 611 604 683 gaudebat
631 613 804 668 victor
831 613 882 667 in
911 615 1066 680 aliis,
1099 617 1244 686 quod
1273 618 1418 675 inse
1445 619 1623 674 vivum
1649 629 1708 675 et
1799 619 1948 676 cavit
1993 623 2251 691 populus,
2292 624 2387 679 sed
2425 640 2533 680 non
2579 626 2644 679 ad
2693 632 2964 688 mortem;
3003 624 3131 693 quia
3179 637 3400 695 peccata

133 724 135 727 '
181 710 391 766 invictum
418 703 681 772 portabat.
708 702 777 757 Et
804 705 928 772 quia
953 706 1268 776 plerumque
1295 717 1402 762 Lam
1425 709 1707 764 dementer

181 797 402 855 insaniunt
420 831 434 857 ,
467 800 523 844 ut
549 791 712 845 etiam
741 792 776 858 i5
796 793 870 846 sis
892 794 1087 849 electis
1114 804 1170 849 et
1193 797 1419 852 summis
1446 797 1706 867 pradica-

181 891 345 946 toribus
393 893 704 956 pnetextum
755 885 970 941 virtutis
1021 888 1220 944 oll‘erre
1266 899 1550 944 conentur.
1600 889 1702 946 Se-

174 985 323 1055 quitur
349 997 362 1031 :

231 1073 374 1145 (Vens.
406 1067 510 1135 l3.)
553 1068 622 1122 Et
650 1070 772 1125 dum
801 1073 1023 1126 venisset
1054 1072 1269 1128 Samuel
1295 1075 1364 1127 ad
1394 1073 1548 1142 Saul,
1570 1075 1706 1130 dixit

177 1164 314 1221 Saul?
359 1161 646 1217 Benedictus
677 1175 728 1215 tu
765 1180 802 1216 α
848 1165 1098 1231 Domino,
1129 1165 1330 1235 impleri
1358 1164 1564 1220 uerbum
1592 1165 1704 1222 Do-

165 1258 289 1312 mini.
1446 1258 1459 1269 ’

227 1351 299 1404 13.
332 1347 550 1402 Verbum
597 1347 806 1403 Domini
835 1347 968 1410 fuit.
999 1358 1061 1404 ut
1100 1350 1356 1407 Amalech
1400 1351 1583 1408 delere
1605 1353 1704 1409 de-

167 1440 350 1494 buisset.
379 1435 508 1504 Quid
537 1445 621 1493 est
650 1446 848 1504 autem,
872 1439 1020 1509 quod
1049 1439 1214 1505 dicit,
1253 1443 1460 1512 implevi
1492 1443 1704 1499 uerbum

175 1528 360 1594 Domini,
389 1525 480 1580 nisi
511 1526 636 1594 quia
664 1528 818 1597 culpa
852 1528 1220 1586 fornicationis
1244 1547 1353 1602 quo
1379 1533 1572 1588 foedior
1594 1549 1704 1590 cer-

173 1622 305 1684 n'tur,
326 1632 384 1670 eo
403 1631 432 1669 a
459 1617 705 1685 reprobis
730 1618 1022 1675 studio-ius
1051 1621 1388 1678 occultatur?
1417 1623 1550 1690 Quia
1572 1639 1702 1694 ergo

169 1712 213 1772 ii,
231 1709 304 1779 qui
330 1707 490 1763 eidem
524 1708 895 1766 forni'cat'onis
915 1711 1048 1767 vitio
1067 1714 1295 1783 subjecti
1320 1725 1466 1781 sunt,
1489 1732 1704 1788 semper

167 1803 303 1856 latere
327 1809 574 1870 appetunt
592 1840 609 1866 ,
640 1801 694 1856 in
724 1816 912 1857 eorum
941 1812 1067 1876 typo
1096 1814 1153 1861 et
1174 1806 1432 1864 Amalech
1456 1807 1583 1864 Saul
1606 1809 1701 1866 de-

1806 709 2005 778 eperis,
2025 709 2156 777 jam,
2190 727 2276 766 me
2303 712 2646 778 exhortante,
2674 711 2856 767 delere
2886 711 3074 767 nititur
3098 712 3400 768 humilitan

1808 799 2182 856 confessioni.
2232 798 2436 870 Greges
2483 803 2683 872 quippe
2727 801 3006 868 Amalech,
3051 810 3108 857 et
3151 813 3396 858 arment.

1806 887 2036 945 Domino
2057 891 2424 955 immolantur,
2453 890 2670 958 quando
2700 890 2891 946 lubrici
2918 899 2972 946 et
3001 891 3400 947 incontinentes

1806 977 1873 1032 ad
1902 979 2302 1035 confessionem
2329 980 2590 1047 veniunt,
2623 989 2678 1036 et
2704 979 2851 1050 quod
2873 981 3120 1051 nequiter
3139 992 3362 1051 egerunt
3381 1024 3396 1043 ,

1808 1069 2120 1138 paenitendo
2143 1069 2327 1126 deiere
2342 1078 2622 1138 satagunt.
2661 1070 2802 1125 Dicit
2826 1085 2958 1139 ergo
2989 1088 3002 1123 :
3039 1069 3279 1141 Ρερειτὶι
3300 1088 3400 1140 po-

1803 1154 1956 1226 pulus
1971 1175 1990 1223 ;
2019 1156 2072 1213 id
2096 1167 2199 1224 est,
2219 1168 2448 1229 peccato
2478 1158 2718 1214 indulsit.
2747 1158 2856 1214 Sed
2877 1159 3210 1212 adduci-wit
3235 1176 3319 1223 ea,
3342 1170 3400 1213 ut

1805 1247 2230 1316 immolarentur;
2257 1251 2382 1321 quia
2405 1251 2458 1305 in
2481 1251 2677 1321 quibus
2699 1263 2763 1307 se
2777 1251 3042 1307 cecidisse
3067 1251 3295 1321 papulas
3321 1267 3400 1306 re-

1803 1337 1961 1403 col't,
1996 1337 2108 1408 jam
2151 1355 2211 1395 se
2254 1338 2565 1396 confitendo
2606 1349 2665 1395 et
2704 1339 3019 1411 paenitendo
3058 1341 3397 1410 compuugit.

1807 1424 2058 1484 ﬁdeliores
2086 1444 2218 1484 vero
2244 1443 2433 1498 greges
2459 1437 2515 1485 et
2552 1439 2821 1498 armenta,
2844 1438 2903 1485 ut
2928 1446 3114 1501 supra,
3133 1431 3396 1486 electiora

1805 1527 2028 1588 peccata
2056 1520 2281 1575 luxuria:
2301 1522 2670 1590 designantur.
2703 1521 2867 1587 Quasi
2896 1522 3040 1576 dicat
3071 1539 3084 1574 :
3115 1519 3182 1575 Et
3205 1520 3249 1578 si
3274 1535 3401 1590 gra-

1803 1612 1942 1668 viter
1990 1613 2214 1684 deliquit
2254 1616 2522 1684 populus,
2561 1614 2819 1682 arguendi
2863 1631 2971 1669 non
3013 1630 3230 1680 sumus;
3271 1615 3395 1682 quia

1803 1719 1903 1774 pro
1932 1706 2298 1776 magnitudine
2323 1707 2562 1762 criminis
2582 1707 2751 1761 habet
2772 1708 3003 1761 lamenta
3023 1708 3397 1775 eoinpunctio-

1803 1795 1907 1850 nis.
1955 1795 2094 1863 Quid
2137 1807 2249 1862 est,
2288 1797 2433 1867 quod
2473 1798 2551 1852 ait
2582 1815 2596 1851 :
2626 1796 2700 1851 Ut
2736 1797 3129 1852 immolarentur
3170 1796 3396 1853 Domino

166 1893 303 1946 moliri
330 1892 584 1960 despexit,
615 1902 671 1947 et
695 1893 761 1947 ad
790 1893 1098 1952 Samuelem
1119 1897 1260 1952 dixit
1291 1916 1304 1952 :
1339 1898 1555 1968 Implevi
1584 1917 1699 1956 uer-

1812 1885 1916 1940 Deo
1945 1886 2071 1942 tuo?
2113 1885 2220 1941 Sed
2265 1886 2536 1942 lallacium
2577 1903 2676 1957 per
2703 1888 2807 1943 hic
2835 1888 3173 1943 consuetudo
3211 1902 3396 1942 osxen-

161 1981 256 2034 θέωνι
283 1980 486 2036 Domini.
521 1982 686 2048 Quasi
717 1983 900 2038 dicat:
934 1981 1004 2039 Ει
1043 1985 1096 2041 in
1127 1987 1250 2043 aliis
1287 1989 1560 2045 Libidinem
1602 1991 1700 2046 tio-

164 2073 276 2136 tnui,
304 2081 353 2126 et
379 2073 424 2127 in
451 2073 662 2143 meipso
691 2074 810 2144 ejus
839 2076 1202 2134 blandimenta
1237 2081 1462 2151 peremi.
1492 2081 1551 2135 Et
1573 2082 1699 2152 quia

164 2163 317 2216 blanda
342 2161 646 2219 adulatione
668 2165 866 2220 summi
893 2166 993 2221 viri
1041 2165 1261 2224 ﬂectere
1309 2181 1544 2224 mentem
1574 2171 1701 2225 niti-

161 2266 260 2318 tur,
305 2255 590 2324 pr.rmisit,
641 2255 868 2312 dicens:
902 2257 1211 2314 Benedictus
1267 2270 1318 2314 tu
1365 2278 1397 2314 a
1453 2261 1697 2317 Domino.

157 2342 292 2409 Quasi
317 2343 488 2398 dicat:
522 2343 644 2400 Hoc
680 2345 896 2416 quidem
937 2361 1039 2416 ego
1079 2350 1198 2418 egi,
1245 2350 1338 2405 sed
1387 2364 1550 2419 agere
1595 2369 1703 2407 non

161 2433 266 2488 u.eis
283 2433 496 2496 viribus.
551 2434 649 2490 sed
703 2435 807 2491 tuis
855 2439 1096 2505 meritis,
1137 2449 1195 2495 et
1230 2441 1703 2498 intercessionibus

161 2523 298 2591 potui.
324 2523 420 2578 Sed
451 2525 677 2595 perfecti
702 2527 806 2580 viri
836 2529 1023 2585 audire
1051 2529 1236 2588 laudes
1278 2547 1402 2586 suas
1450 2543 1702 2600 possunt,

155 2614 353 2684 arigore
393 2625 577 2671 autem
622 2616 844 2688 justitiu‘.
890 2619 1037 2676 ﬂecti
1086 2633 1381 2694 neqtuunt.
1425 2626 1606 2692 Quare
1647 2635 1704 2681 et

157 2704 360 2758 subditur
388 2723 402 2759 :

213 2798 280 2861 (Vc
295 2816 360 2852 rs.
393 2799 504 2868 Η.)
547 2799 796 2872 Dixitque
837 2802 1050 2858 Samuel
1079 2823 1096 2859 :
1131 2804 1198 2859 Et
1225 2825 1346 2879 qtae
1365 2820 1442 2862 est
1470 2811 1579 2865 lia'c
1607 2827 1704 2864 tm:

156 2906 348 2958 gregarii,
373 2909 483 2962 qua:
507 2903 729 2947 resonat
752 2895 803 2948 in
834 2895 1041 2950 auribus
1071 2899 1194 2952 meis
1211 2937 1226 2962 ,
1257 2909 1307 2953 et
1335 2911 1700 2969 mammarum,

155 2997 282 3050 quam
313 2999 398 3053 ego
425 2984 630 3039 audio?

219 3070 288 3125 ll.
318 3071 424 3128 Vox
451 3085 679 3144 gregum
725 3083 779 3130 et
821 3084 1187 3134 armentorum
1235 3081 1526 3148 Amalech,
1563 3080 1704 3137 fama

156 3161 504 3229 turpitudinum
561 3176 668 3222 est.
731 3166 959 3233 Quando
1017 3169 1085 3225 de
1132 3171 1428 3247 minoribus
1478 3174 1705 3228 luxurie

1803 1978 1965 2044 ditur,
1994 1979 2086 2048 qui
2107 1979 2231 2033 dum
2253 1980 2474 2034 summis
2499 1980 2628 2035 viris
2658 1980 2825 2035 latere
2853 1989 3144 2050 appetunt,
3171 1978 3396 2033 adulan-

1805 2074 1908 2122 tur.
1942 2067 2078 2135 Quid
2121 2069 2264 2123 enirn
2293 2078 2404 2136 est,
2447 2071 2590 2140 quod
2641 2070 2808 2125 Deum
2849 2087 3005 2126 suum
3051 2069 3397 2140 singulariter

1804 2161 2016 2222 asserit,
2043 2161 2142 2216 nisi
2171 2162 2295 2230 quia
2325 2177 2447 2216 eum
2474 2162 2794 2219 familiarem
2833 2163 2927 2218 Dei
2952 2165 3184 2218 amicum
3206 2172 3391 2218 osten-

1804 2249 1920 2305 dat?
1969 2250 2221 2317 Domino,
2256 2252 2457 2322 inquit,
2488 2251 2598 2307 Deo
2631 2263 2733 2308 tuo.
2777 2254 2896 2309 Non
2942 2272 3094 2318 meo,
3140 2255 3235 2309 sed
3271 2265 3393 2316 tuo;

1803 2341 1928 2410 quia
1957 2355 2060 2410 ego
2097 2353 2386 2412 peccator,
2419 2351 2476 2398 tu
2516 2345 2856 2413 singulariter
2896 2355 3117 2401 sanctus
3159 2360 3238 2400 es.
3287 2344 3396 2400 Sed

1807 2433 2035 2487 mirabili
2080 2450 2179 2488 u:u
2223 2435 2420 2490 traudis
2449 2435 2666 2491 fallaces
2695 2437 2774 2491 sic
2812 2453 2870 2492 se
2913 2446 3102 2506 tegunt
3131 2446 3188 2492 ut
3217 2437 3396 2507 profe-

1808 2533 1956 2588 rant,
1987 2534 2043 2580 et
2061 2526 2361 2594 justiticant
2389 2537 2446 2583 ut
2476 2536 2747 2583 accusent.
2780 2529 3154 2584 Accusationis
3180 2545 3397 2599 quoque.

1803 2615 2024 2671 modum
2047 2616 2124 2671 sic
2153 2626 2483 2687 temperant,
2515 2627 2572 2672 ut
2598 2617 2903 2673 accusando
2919 2617 3050 2687 justi
3079 2629 3394 2689 appareant.

1809 2728 1874 2764 ne
1912 2710 2222 2765 excusando
2264 2711 2622 2766 innotescant.
2680 2709 2817 2766 Dum
2855 2713 3000 2766 en'm
3042 2725 3195 2766 suum
3230 2710 3396 2765 Deum

1806 2802 1953 2870 dici',
1986 2802 2130 2857 ilium
2154 2802 2370 2871 quidem
2395 2803 2626 2868 extollit,
2651 2818 2712 2858 se
2740 2804 2953 2858 minuit.
2986 2803 3112 2870 Sed,
3140 2803 3265 2857 dum
3291 2801 3393 2856 ad-

1806 2891 1965 2947 d..c:a
1986 2892 2060 2947 ab
2086 2891 2342 2948 Amalech
2386 2893 2575 2947 asserit
2611 2908 2730 2963 quae
2771 2894 2999 2949 Domino
3031 2895 3393 2958 iunnoienttt,

1807 2986 1971 3040 tacite
2003 2983 2208 3054 profert
2239 3001 2345 3040 non
2375 2985 2516 3040 unde
2543 2987 2868 3056 reprehendi
2902 2988 3127 3053 debeat,
3155 2987 3248 3042 sed
3282 2987 3396 3040 lau-

1807 3074 1942 3129 dari.
1975 3075 2038 3130 Et
2064 3075 2242 3131 adhuc
2268 3075 2490 3144 addens,
2512 3076 2644 3132 dicit
2668 3096 2680 3131 :
2708 3076 2925 3148 Reliqua
2953 3095 3067 3132 vero
3093 3077 3392 3156 occidimus.

1803 3165 2138 3221 Ορε-ἱὼωῑηιο
2164 3167 2379 3236 quidem
2409 3177 2629 3238 peccata
2649 3211 2666 3237 ,
2702 3183 2822 3238 qua:
2855 3170 3218 3226 dimittuntur.
3263 3167 3392 3221 Viva

152 3253 296 3323 ettlpis
329 3256 546 3322 quilibet
577 3257 921 3327 dill'amatur,
947 3277 1053 3316 vox
1083 3276 1304 3332 gregum
1331 3281 1586 3320 resonare
1624 3265 1704 3320 di-
1724 3267 1780 3331 ς
1809 3258 2024 3329 quidem
2069 3267 2288 3328 peccata
2311 3267 2444 3316 sunt
2465 3302 2479 3325 9
2505 3275 2624 3329 (tum
2653 3269 2747 3314 θυι
2784 3262 2836 3315 in
2874 3269 3057 3316 meme
3085 3259 3262 3314 θάιιεο
3301 3275 3398 3329 ιιθν

158 3339 287 3394 ritur.
329 3341 549 3409 Quando
605 3347 732 3400 item
758 3348 826 3402 de
852 3349 1313 3407 criminosioribus
1340 3360 1396 3406 rt
1419 3353 1706 3408 obscenio-

151 3430 274 3486 ribus
310 3446 623 3499 accusatur,
658 3446 760 3492 vo'x
787 3449 1175 3495 armentorum.
1218 3440 1382 3509 Quasi
1422 3445 1521 3497 sub
1566 3443 1710 3497 false

87 3529 103 3544 '
150 3522 333 3576 virtutis
373 3542 478 3578 tua:
529 3527 880 3582 s’mulatione
921 3529 1259 3584 reconditum
1307 3530 1572 3594 di'rnudet,
1622 3530 1708 3585 di-

150 3625 259 3666 cens
289 3631 301 3664 :
330 3607 404 3667 Tu
429 3624 479 3669 te
509 3617 736 3686 prorrio
763 3634 858 3672 ore
891 3618 1184 3687 justilicas;
1222 3621 1710 3676 Setl'immmtditia-

152 3715 252 3753 tum
289 3711 488 3760 tuarum
537 3707 716 3761 tuba:
765 3723 862 3778 per
906 3711 1147 3764 euntium
1179 3727 1272 3766 ora
1316 3712 1570 3768 clamant.
1601 3712 1712 3768 Sed

145 3789 236 3858 jam
272 3795 353 3864 qui
379 3799 759 3854 excusationes
801 3802 1134 3869 [intendere
1162 3805 1351 3874 erepit.
1382 3805 1576 3874 quibus
1611 3806 1708 3860 de-

147 3881 447 3942 it'llaiOlliimS
484 3890 716 3960 objecta:
757 3893 991 3948 infamia:
1029 3895 1235 3951 crimen
1265 3897 1459 3952 evadat
1482 3940 1497 3963 ,
1532 3899 1712 3957 videa-

145 3990 261 4030 mus.
288 3976 540 4050 S-quitur
566 3999 578 4011 ο

207 4069 365 4136 (Vers.
399 4072 511 4140 i5.)
557 4073 639 4129 De
685 4077 929 4131 Amalech
975 4078 1305 4134 adduxerunt
1345 4097 1426 4134 ea.
1476 4080 1713 4152 Peperci!

145 4160 335 4228 papulae
362 4166 665 4220 melioribus
687 4169 866 4222 ovibus
892 4178 941 4221 et
971 4173 1217 4226 armentis
1236 4213 1251 4238 ,
1294 4181 1351 4225 ut
1385 4172 1714 4227 immolarent

146 4247 343 4306 ﬂamina
370 4254 483 4310 Deo
513 4266 605 4312 tuo
637 4273 655 4310 :
687 4258 883 4327 reliqua
910 4261 1212 4315 occidimus.

204 4339 279 4395 l5.
319 4343 456 4410 Quid
507 4355 597 4401 est
647 4349 790 4416 quod
835 4358 912 4402 at
945 4367 957 4402 :
994 4350 1068 4403 De
1107 4353 1350 4406 Amalech
1388 4353 1715 4408 adduxerunt

142 4449 210 4489 ea.
228 4441 279 4486 et
315 4451 421 4490 non
459 4438 638 4495 dixit.
673 4439 1037 4496 Adoluximus"
1081 4433 1192 4496 sed
1240 4445 1454 4512 quando
1497 4446 1710 4516 reprobi

144 4532 442 4594 arguuntur,
481 4529 679 4596 culpas
723 4529 1013 4600 aliquando
1055 4533 1301 4601 negando
1349 4543 1566 4603 tegunt,
1614 4536 1710 4590 ali-

143 4615 331 4677 quando
386 4617 441 4671 in
489 4619 635 4673 alios
674 4620 1028 4676 transferunt.
1081 4621 1294 4692 Tegunt
1344 4625 1560 4693 quidem
1607 4641 1707 4680 ne-
1741 4631 1787 4687 D

141 4703 314 4772 gando,
342 4722 465 4762 cum
489 4708 666 4764 latere
685 4720 947 4780 possunt;
979 4712 1092 4776 sed,
1115 4713 1246 4768 dum
1265 4715 1423 4784 quasi
1449 4715 1501 4769 in
1524 4726 1708 4785 aperto

140 4791 434 4862 deprehensi
487 4807 778 4863 tenentur.
818 4803 964 4870 quod
1011 4817 1209 4873 negare
1249 4813 1562 4873 nequeunt,
1593 4805 1711 4861 aliis

137 4884 406 4942 ascribunt.
452 4887 666 4944 ﬂorum
704 4891 965 4960 siquidem
1007 4909 1184 4949 mores
1221 4893 1350 4950 Saui
1400 4895 1710 4964 insinuans,

135 4973 281 5046 356
319 4980 393 5033 ait
425 4997 441 5034 :
478 4980 562 5035 De
605 4981 846 5038 Amalech
887 4985 1216 5039 adduxerunt
1243 5004 1324 5040 ea.
1351 4986 1590 5056 Perrexit
1623 5005 1717 5058 po-

135 5066 268 5133 pulus
293 5072 599 5128 mdioribus
624 5073 798 5130 ovibus
825 5087 872 5130 et
899 5079 1163 5132 armentis.
1197 5079 1360 5146 Quasi
1385 5079 1528 5134 dicat
1558 5097 1571 5132 :
1598 5077 1713 5133 Ma-

137 5155 251 5224 lum,
275 5163 417 5230 quod
443 5163 708 5229 auditur,
739 5181 805 5220 ex
837 5168 1024 5237 gpopuli
1058 5169 1343 5236 fragilitate
1381 5169 1712 5239 pensandum

137 5257 228 5316 est,
252 5266 354 5305 non
377 5269 446 5308 ex
479 5255 687 5310 virtute
723 5258 977 5325 pastoris.
1011 5256 1240 5313 Peccata
1271 5260 1487 5328 quidem
1526 5259 1712 5314 subdi-

136 5346 295 5396 torum
347 5346 399 5398 in
469 5346 822 5416 pmlatorum
886 5350 1298 5419 comparatione
1369 5349 1718 5420 despicienda

135 5441 264 5488 sunt.
299 5435 439 5492 Dicit
468 5453 612 5507 ergo
643 5457 656 5492 :
689 5439 770 5494 De
796 5441 1041 5495 (intulerit
1063 5442 1392 5497 adduxerunt
1424 5459 1508 5498 ea.
1554 5442 1718 5508 Quasi

135 5519 300 5578 dicat:
327 5526 465 5593 Hoc,
499 5530 655 5598 quod
696 5531 763 5587 de
793 5531 935 5602 turpi
959 5533 1066 5587 vita
1106 5549 1148 5588 re
1165 5543 1357 5599 sonat,
1390 5550 1575 5589 verum
1603 5542 1714 5600 est,

135 5615 218 5666 sed
241 5624 415 5672 tamen
437 5620 642 5676 eadem
671 5623 941 5694 turp’tudo
963 5624 1016 5678 in
1046 5624 1282 5694 parvulis
1311 5624 1498 5692 viguit,
1529 5641 1634 5678 non
1663 5626 1714 5680 in

133 5706 344 5772 magnis.
383 5707 590 5764 Adhuc
636 5709 759 5765 item
788 5712 1029 5769 eamdem
1059 5716 1271 5786 culpam
1298 5715 1564 5782 levigans,
1597 5717 1713 5770 ait:

139 5788 362 5860 Peperci!
391 5797 631 5869 populus
660 5801 949 5857 melioribus
974 5804 1149 5859 oribus
1170 5815 1217 5860 et
1246 5807 1515 5874 armentis,
1541 5819 1596 5866 ut
1621 5809 1720 5861 im-

401 5917 693 5977 Parnut.
742 5918 1030 5989 LXXIX.

1804 3350 2298 3421 concupiscen'iam
2329 3360 2573 3420 regnant,
2602 3360 2696 3406 aut
2713 3368 2832 3423 qua:
2861 3367 2958 3422 per
2987 3352 3395 3406 conversionem

1807 3449 2140 3512 contempta,
2171 3442 2265 3496 sed
2311 3457 2408 3512 per
2437 3457 2524 3511 [ω
2546 3442 2802 3498 .itentiam
2826 3442 3001 3497 adhuc
3031 3458 3138 3496 non
3159 3451 3286 3496 sunt
3305 3440 3399 3493 de-

1807 3532 1934 3587 leta.
1966 3530 2062 3588 Illa
2101 3531 2321 3603 quidem
2361 3532 2548 3587 vivunt
2590 3534 2766 3590 adhuc
2791 3533 2858 3588 ad
2897 3533 3258 3602 voluptatem,
3295 3531 3400 3585 ista

1811 3626 1996 3679 vivunt
2024 3623 2092 3678 ad
2137 3639 2383 3694 taetram;
2435 3623 2560 3693 quia
2601 3625 2701 3678 «tsi
2742 3623 2852 3694 jam
2895 3639 3121 3694 peccare
3164 3623 3400 3678 deserni.

1811 3733 1960 3785 tuus,
1990 3715 2093 3772 nisi
2121 3716 2406 3770 commissa
2430 3715 2747 3785 plangamus
2765 3755 2783 3780 ,
2811 3715 3224 3769 commissorum
3256 3713 3400 3767 obli-

1809 3805 2028 3875 gatione
2065 3803 2382 3858 retinemur.
2429 3803 2537 3858 Sed
2576 3803 2780 3871 majora
2817 3803 3150 3864 minoribus,
3194 3801 3400 3856 leviora

1813 3892 2110 3960 majoribus
2141 3892 2341 3947 tribuit.
2373 3891 2506 3946 Nam
2534 3892 2660 3962 quid
2681 3903 2782 3958 est,
2810 3895 2952 3961 quod
2976 3892 3106 3946 dicit
3135 3909 3149 3946 :
3181 3892 3401 3962 Reliqua

1809 3984 2114 4050 occidimus,
2139 3983 2238 4038 nisi
2270 3983 2397 4052 quia
2425 3991 2552 4036 sunt
2589 3983 2902 4052 parvissima
2932 3992 3154 4054 peccata
3181 3983 3401 4052 majori~

1812 4071 1934 4138 bus,
1963 4087 2081 4143 qua:
2118 4072 2234 4128 sola
2274 4070 2615 4128 confessione
2646 4071 2936 4140 lavantur?
2975 4072 3108 4140 Qua:
3148 4073 3404 4129 doctores

1813 4163 2071 4220 oet‘idunt
2090 4204 2105 4224 .
2135 4162 2355 4233 quando
2385 4163 2658 4218 humiliter
2680 4163 3066 4218 conﬁtentibus
3103 4164 3402 4233 apostolici

1812 4253 2136 4336 auctoritate
2161 4252 2456 4307 dimittunt.
2497 4251 2593 4307 His
2616 4252 2758 4306 enim
2782 4253 2958 4308 verbis
2975 4252 3246 4318 omnibus,
3277 4254 3403 4321 quia

1812 4359 1874 4400 se
1903 4343 2122 4398 fallaces
2147 4350 2333 4412 tegere
2361 4339 2633 4410 nituntur,
2667 4359 2772 4398 non
2800 4343 3053 4412 prodere,
3076 4359 3182 4413 qua
3199 4345 3396 4399 elect..-

1816 4449 1936 4487 rum
1984 4431 2396 4502 praedicatorum
2437 4430 2762 4488 auctor’ttate
2804 4433 3195 4503 reprobentur,
3224 4433 3410 4503 adjun-

1813 4523 1957 4591 gitur
1985 4539 2001 4576 :
2026 4591 2028 4593 b

1887 4634 2063 4704 (Vers.
2097 4634 2211 4702 16.)
2257 4634 2400 4689 Dixit
2435 4636 2575 4690 enim
2609 4635 2822 4691 Samuel
2841 4637 2912 4690 ad
2939 4637 3072 4692 Saul
3094 4652 3114 4691 :
3144 4636 3276 4691 Sine
3299 4653 3398 4702 me,

1816 4726 2057 4782 iudicabo
2085 4725 2195 4792 tibi,
2213 4742 2335 4797 qua:
2356 4726 2558 4782 locutus
2587 4728 2655 4781 ait
2683 4727 2936 4782 Dominus
2955 4730 3026 4781 ad
3042 4745 3128 4782 me
3155 4739 3319 4783 nocte.

1891 4817 1980 4872 16.
2020 4817 2156 4883 Quid
2186 4825 2294 4880 est,
2321 4816 2468 4884 quod
2494 4816 2571 4871 ait
2602 4833 2616 4869 :
2643 4816 2772 4873 Sine
2795 4833 2909 4882 nte,
2934 4827 2982 4872 et
3009 4817 3248 4871 indicabo
3279 4819 3401 4881 tibi.

1817 4907 1918 4961 nisi
1960 4906 2088 4974 quia
2127 4905 2250 4958 dum
2285 4902 2506 4960 fallaces
2544 4904 2857 4960 verbositati
2909 4905 3165 4961 insistunt
3207 4909 3409 4962 exarui-

1816 4997 2072 5053 nantlbus
2126 4995 2360 5066 praelatis
2405 4995 2656 5066 loquendi
2719 4996 2898 5050 locum
2955 5013 3062 5050 non
3131 4997 3414 5053 tribuunt?

1819 5088 1982 5156 Quasi
2009 5088 2198 5144 dicat:
2224 5087 2356 5142 Dum
2383 5102 2413 5141 a
2442 5087 2768 5143 verbositate
2796 5104 2904 5142 non
2927 5089 3129 5145 desinis
3147 5130 3164 5154 ,
3195 5106 3256 5145 ea
3285 5109 3404 5156 qua:

1816 5180 2004 5234 audire
2040 5179 2144 5233 dob
2179 5194 2207 5234 s
2230 5218 2244 5242 ,
2277 5177 2422 5247 loqui
2450 5193 2538 5232 me
2578 5193 2681 5232 non
2722 5179 3004 5248 pemiittis.
3039 5178 3221 5236 Potest
3243 5169 3406 5237 etiam

1819 5271 1923 5325 hoc
1971 5271 2139 5323 verbo
2189 5268 2484 5323 adulatorie
2539 5269 2768 5324 inuentio
2811 5270 3082 5336 derideri;
3139 5273 3231 5340 qui
3277 5273 3404 5328 dum

1818 5360 2185 5416 blandimento
2229 5359 2406 5416 laudis
2429 5361 2643 5430 placere
2668 5375 2730 5419 se
2763 5361 2967 5426 credit,
3003 5377 3097 5418 eos
3123 5379 3262 5430 quos
3289 5365 3400 5418 lau-

1819 5454 1932 5516 dat,
1959 5467 2024 5507 se
2052 5452 2204 5522 quasi
2232 5460 2421 5512 tenere
2441 5453 2642 5510 eisdem
2666 5453 2916 5508 laudibus
2941 5455 3248 5509 arbitratur.
3277 5453 3407 5510 Tale

1824 5550 1908 5598 est
1935 5554 2064 5609 ergo
2093 5557 2157 5595 ac
2183 5542 2228 5596 si
2259 5543 2594 5598 laudatorem
2639 5559 2796 5601 suum
2839 5544 3045 5600 electus
3080 5560 3189 5613 prm
3220 5544 3272 5598 ul
3303 5544 3402 5598 ho-

1822 5641 1976 5688 nesta
2022 5631 2284 5700 gravitate
2320 5631 2602 5700 derideat,
2641 5635 2826 5690 dicens
2859 5653 2872 5687 :
2906 5633 3010 5700 Qui
3053 5650 3140 5688 me
3187 5633 3400 5696 laudas,

1821 5722 1981 5794 357
2011 5722 2156 5792 loqui
2185 5721 2277 5777 tibi
2305 5722 2436 5778 dura
2478 5739 2584 5778 non
2613 5740 2852 5793 possunt.
2893 5721 3022 5778 Siue
3051 5736 3180 5790 ergo
3200 5766 3214 5786 ,
3246 5721 3294 5775 id
3325 5734 3406 5777 est

1823 5815 2072 5884 permitte
2103 5830 2188 5869 me
2218 5813 2401 5882 loqui,
2433 5823 2486 5868 et
2515 5829 2577 5870 ea
2615 5830 2735 5885 qua:
2775 5830 2890 5875 sum
2935 5815 3211 5869 locuturus
3246 5814 3407 5871 intel-

2935 5929 3005 5986 1'6
