3948 6310
555 425 574 458 ε

589 356 703 412 ’ἕίῖ

603 565 861 628 credunt,
903 562 1085 616 audire
1112 563 1177 614 ab
1221 561 1299 615 eis
1325 559 1452 613 dura
1471 571 1490 618 .‘
1519 557 1652 629 quos
1695 559 1937 622 laniant,
1971 573 2174 625 nequa-

603 670 761 722 quam
801 661 1008 723 putant.
1058 650 1219 718 Quasi
1249 665 1377 720 ergo
1404 651 1514 718 jam
1547 651 1666 704 laeta
1693 658 1748 704 et
1787 664 2040 718 prospera
2079 664 2175 701 au-

605 744 834 810 diturus,
857 742 1196 809 subsequitur
1223 741 1367 804 Sau‘,
1400 740 1582 793 direns
1609 756 1620 790 :
1654 737 1902 809 Loquere.
1942 737 2045 790 Sed
2070 757 2081 785 r
2103 737 2177 790 lc-

604 835 676 888 eli
713 834 842 898 viri,
893 849 1014 887 cum
1061 831 1246 886 laudes
1291 847 1415 886 suas
1455 830 1704 894 audiunt,
1757 830 1894 882 int-3r
1946 829 2176 880 fomenta

602 923 778 978 laudis
823 939 853 975 a
893 923 1068 991 rigore
1109 921 1328 991 justitim
1372 938 1475 975 non
1526 921 1865 974 mollescunt.
1912 918 2044 972 Nam
2087 919 2178 984 qui

570 1030 573 1032 ·
605 1014 955 1084 reprdborum
1000 1022 1120 1068 acta
1159 1011 1478 1082 despiciunt,
1511 1013 1758 1078 excipere
1788 1010 1947 1063 verba
1974 1023 2177 1076 nequa-

566 1142 568 1144 τ
605 1118 764 1177 quam
794 1115 1034 1178 possunt.
1085 1108 1217 1173 Quia
1239 1120 1366 1174 ergo
1407 1104 1548 1166 ﬂecti
1595 1105 1840 1160 laudibus
1882 1111 2174 1172 nequeunt,

605 1201 910 1255 laudatores
939 1199 1210 1268 improbos
1237 1207 1293 1253 et
1329 1197 1508 1252 subtili
1534 1197 1742 1250 ratione
1760 1179 2059 1250 discutiunt
2078 1233 2092 1258 ,
2124 1203 2180 1248 et

605 1289 857 1345 rlistrictis
881 1289 1159 1343 sententiis
1187 1289 1558 1354 insequuntur.
1592 1285 1746 1340 Unde
1783 1300 1877 1352 seq
1902 1285 2053 1337 ritur:

679 1380 854 1449 (Vers.
876 1373 1093 1446 17-19.)
1133 1377 1197 1430 Et
1228 1379 1299 1431 ait
1331 1378 1542 1433 Samuel
1574 1392 1592 1430 :
1624 1374 1812 1429 Nonne
1841 1392 1955 1427 cum
1992 1390 2179 1443 parvu-

583 1470 684 1522 lus
713 1487 848 1522 esses
877 1471 929 1522 in
959 1469 1119 1522 oculis
1150 1471 1271 1532 tuis,
1299 1477 1448 1538 caput
1478 1469 1529 1521 in
1562 1465 1785 1520 tribubus
1817 1465 1984 1519 Israel
2014 1467 2178 1536 factus

590 1561 697 1612 es?
728 1558 986 1627 quitque
1014 1569 1060 1612 te
1082 1558 1333 1612 Dominus
1373 1560 1424 1611 in
1459 1574 1625 1625 regem
1673 1573 1825 1624 super
1856 1556 2050 1619 Israel;
2083 1555 2178 1606 mi-

606 1651 768 1719 sitque
813 1658 858 1701 te.
883 1647 1130 1702 Dominus
1154 1649 1205 1702 in
1227 1649 1378 1712 viam,
1404 1658 1451 1700 et
1472 1647 1580 1699 ait:
1615 1645 1773 1710 Vade,
1803 1645 2030 1713 interﬁce
2059 1660 2177 1714 pec-

606 1751 802 1794 catores
829 1741 1070 1794 Amalech
1089 1779 1104 1804 ,
1133 1749 1178 1793 et
1217 1741 1465 1810 pugnabis
1492 1749 1670 1793 contra
1698 1756 1782 1792 eos
1812 1755 1966 1809 usque
1997 1738 2064 1789 ad
2091 1737 2182 1788 in-

567 1813 575 1824 ⁸
607 1831 950 1884 terneciauem
969 1847 1010 1882 er
1031 1846 1161 1883 rum.
1191 1828 1363 1892 Quare
1387 1846 1506 1900 ergo
1536 1845 1636 1881 non
1659 1827 1850 1880 audisti
1875 1843 2041 1879 vocem
2077 1824 2175 1878 Do-

2286 1848 2373 1894 xv,
2410 1829 2520 1899 Μ).
2561 1830 2689 1895 Qua:
2736 1830 2918 1897 utique
2957 1828 3171 1883 ca'cilas
3211 1827 3516 1896 Specialiter
3558 1825 3801 1879 lilrid'nosis

607 1921 768 1982 mini,
797 1920 889 1973 sed
914 1933 1094 1973 ’eersus
1123 1920 1191 1972 ad
1218 1919 1450 1988 prwdam
1477 1935 1530 1971 es
1556 1960 1570 1983 ,
1603 1928 1650 1970 et
1698 1919 1861 1987 fecisti
1893 1917 2083 1969 malum
2130 1916 2182 1967 in

587 2053 591 2059 .
607 2013 765 2064 oculis
797 2011 1041 2065 Domini?

641 2104 644 2107 ’
681 2103 765 2154 l7.
810 2103 900 2156 llis
927 2103 1125 2172 quippe
1161 2103 1339 2158 verbis
1379 2102 1592 2172 suprvrbi
1641 2102 1778 2169 regis
1826 2101 2182 2154 itiob"ietttia

609 2192 872 2246 subtiliter
901 2194 1239 2246 examinator
1263 2209 1277 2246 :
1303 2208 1424 2262 quia
1449 2208 1495 2246 et
1528 2193 1672 2259 prius
1701 2193 1838 2244 dona
1869 2193 1949 2245 col
1975 2201 2060 2242 ata
2085 2190 2179 2241 ob-

606 2282 756 2351 j?cit;
802 2281 994 2335 deinde
1038 2297 1106 2336 au
1127 2283 1315 2335 laciam
1347 2282 1784 2349 transgressionis
1816 2297 1910 2349 per
1943 2281 2182 2347 ejusdem

585 2373 774 2437 culta:
817 2371 1228 2440 exquisitioncm
1275 2372 1414 2426 ferit.
1456 2371 1678 2426 Subtilis
1708 2387 1935 2440 namq-re
1978 2371 2182 2424 exauri-

573 2456 754 2515 ‘natio
797 2470 912 2528 est,
962 2463 1177 2529 quando
1228 2463 1309 2516 sic
1361 2472 1611 2517 versutus
1657 2462 1883 2530 tutisque
1937 2468 2186 2530 reccator

609 2551 908 2615 discutitu-,
940 2561 996 2605 ut
1020 2552 1067 2606 ei
1105 2551 1272 2620 culpa:
1301 2551 1576 2605 excusatio
1622 2551 1767 2604 nulla
1815 2550 1910 2603 reli
1952 2559 2180 2618 quatur,

613 2651 665 2694 ut
700 2643 844 2697 hunc
885 2643 949 2695 ad
995 2640 1451 2710 mortem'llagitii
1477 2641 1628 2711 quasi
1656 2642 1890 2696 vinctum
1935 2641 2025 2693 Dei
2057 2656 2183 2694 sen-

608 2735 796 2794 tentia,
821 2741 1033 2796 teneat,
1074 2734 1158 2788 cui
1188 2737 1393 2804 peccati
1423 2731 1728 2800 confugium
1764 2733 1963 2786 nul'um
1995 2741 2181 2786 restat.

613 2823 680 2877 Ut
713 2837 840 2892 ergo
868 2824 1041 2878 omnis
1079 2824 1162 2877 via
1206 2822 1436 2893 fugiendi
1479 2822 1755 2877 fallacibus
1797 2822 2040 2891 superbis
2083 2821 2184 2875 0b-

607 2922 865 2975 struatur,
907 2921 1272 2967 memorantur
1310 2913 1359 2968 ei
1389 2922 1442 2967 et
1477 2913 1778 2967 subl-initas
1817 2913 2091 2980 digtritrtis
2131 2920 2185 2966 et

607 3003 798 3057 mosius
842 3003 1152 3067 ministerii,
1201 3019 1320 3057 cum
1361 3003 1490 3058 d’cit
1520 3022 1532 3055 :
1563 3001 1754 3057 Nonne
1793 3020 1906 3056 cum
1943 3003 2186 3073 parvulus

607 3109 742 3146 esses
769 3094 820 3146 in
846 3094 1007 3147 oculis
1039 3093 1158 3156 tuis,
1187 3099 1336 3161 caput
1361 3093 1414 3145 in
1442 3091 1667 3144 tribubus
1699 3090 1865 3145 Israel
1897 3093 2060 3161 factus
2098 3108 2182 3145 es:

1816 350 2051 407 S.\.\'CTI
2093 350 2130 404 fl
2143 351 2413 405 RECOMI
2454 352 2662 407 MAGer

609 476 724 542 [ὅτι.
766 471 824 525 Et
850 490 989 543 quia,
1020 484 1071 524 ut
1097 466 1462 536 t!rxi,'plac..:e
1493 481 1549 521 8::
1578 466 1840 520 laudando
1871 467 2174 520 adulatores
2206 470 2248 526 Α
2280 466 2437 532 igitur
2455 484 2574 521 cum
2602 468 2861 536 arguitur,
2895 467 3008 535 ejus
3029 469 3294 536 pretct’ita
3312 480 3785 546 memorantur,.quirl

3690 363 3781 417 iis

2280 557 2386 610 alin
2411 558 2453 620 l,
2484 575 2643 625 qur-n
2680 559 2777 622 bis,
2811 575 2879 625 qu
2903 579 2927 610 ιε
2978 560 3243 626 habebat,
3274 577 3452 615 carere
3481 563 3788 622 tlE:Cl‘ll)lillf?

2279 648 2320 701 N
2342 665 2408 699 rm
2434 665 2579 718 sr-per
2596 650 2710 702 bire
2735 659 3026 717 nequeunt,
3054 650 3150 704 nisi
3174 650 3263 720 qui
3294 650 3437 717 prius
3456 651 3623 707 oculos
3647 658 3790 712 cordis

2279 739 2527 808 perdunt.
2565 739 2637 792 De
2682 739 2978 792 libidinosis
3005 755 3135 794 vero
3177 740 3330 794 valde
3373 743 3558 796 clarius
3583 755 3785 800 constat:

2278 831 2400 898 quia
2431 831 2478 883 in
2504 828 2872 884 fornicationis
2903 831 3120 884 baratro
3164 847 3222 885 se
3245 848 3511 900 nunquam
3533 835 3788 901 obruerent,

2278 922 2320 975 si
2350 936 2378 972 a
2405 922 2520 974 lr'ce
2558 922 2608 974 in
2639 923 2755 974 imae
2776 921 2958 989 glor'zc
2984 939 3087 974 non
3111 931 3236 975 ante
3261 922 3559 990 caligarent.
3583 922 3670 989 Qui
3696 928 3790 995 quia

2279 1008 2384 1062 alta
2409 1009 2569 1080 358
2599 1011 2868 1078 pudicitia:
2894 1028 2986 1080 pra
3004 1026 3088 1082 ce;
3107 1019 3157 1064 ta
3183 1021 3542 1078 contemnunt,
3571 1015 3793 1068 etiarrrtn-

2279 1103 2443 1156 moris
2471 1111 2786 1170 arguuntur.
2817 1101 2916 1168 Qui
2948 1117 3077 1171 ergo
3108 1103 3378 1171 deponere
3402 1104 3710 1172 prJPpOsllltm
3732 1120 3795 1158 re-

2279 1208 2400 1263 gem
2431 1202 2673 1257 venerat,
2699 1194 2825 1249 dicit
2853 1212 2864 1245 :
2890 1192 3018 1247 Cum
3042 1211 3176 1247 esses
3205 1194 3441 1265 parvulus
3461 1194 3514 1245 in
3537 1193 3678 1246 oculis
3702 1195 3796 1262 tuis,

2283 1296 2432 1357 caput
2453 1287 2506 1339 iu
2530 1284 2758 1338 tribubus
2793 1284 2956 1339 Israel
2985 1287 3154 1354 factus
3192 1300 3282 1348 es;
3309 1298 3440 1335 nunc
3467 1284 3619 1353 fecisti
3646 1283 3797 1355 malum

2277 1379 2333 1431 in
2370 1379 2528 1431 oculis
2568 1376 2792 1430 Domini.
2825 1374 2940 1441 Qua
2973 1375 2988 1429 i
3034 1375 3177 1429 dicat
3209 1375 3282 1429 :S
3322 1374 3511 1444 perbus
3555 1374 3722 1438 modo,
3757 1385 3798 1426 et

2281 1489 2452 1528 oecus
2475 1482 2620 1542 iuste
2665 1472 2979 1540 depcneris,
3013 1471 3102 1538 qui
3135 1469 3280 1538 prius
3322 1467 3509 1521 videns
3541 1474 3592 1520 et
3628 1467 3800 1519 humilis

2283 1579 2502 1632 regnum
2547 1561 2726 1615 sortiri
2755 1560 3017 1613 meruisti.
3063 1559 3192 1610 Nam
3241 1565 3297 1611 et
3347 1555 3556 1622 superbi
3590 1553 3798 1607 Pharismi

2283 1654 2349 1705 ab
2388 1653 2498 1721 ipsa
2527 1668 2572 1703 νι
2593 1651 2750 1704 ritate
2781 1650 2905 1704 caci
2937 1649 3300 1713 nominan'ur,
3329 1662 3448 1712 qua:
3476 1645 3539 1699 ad
3565 1646 3801 1710 discipulos

2287 1742 2360 1795 ait
2393 1760 2404 1793 :
2435 1741 2603 1795 Sinite
2629 1740 2896 1804 eos;-ca’ci
2922 1749 3074 1804 sunt,
3103 1748 3150 1791 et
3189 1739 3341 1790 duces
3372 1753 3607 1791 cwcorum
3629 1736 3800 1804 (Matth.

2285 1921 2582 1985 ascrib'tur,
2615 1923 2740 1989 quia
2773 1920 2912 1972 uult
2962 1926 3084 1972 sunt
3116 1918 3240 1971 vitia
3292 1934 3414 1987 quae
3457 1917 3709 1984 Spissiores
3745 1925 3800 1968 te-

2287 2011 2478 2065 neb-as
2509 2011 2674 2064 menti
2699 2012 2942 2078 iug-.-rant
2971 2024 3131 2078 quam
3164 2006 3351 2060 libido.
3387 2007 3451 2058 At
3474 2023 3539 2058 nrt
3564 2022 3603 2060 ec
3636 2005 3802 2074 pleros-

2283 2121 2316 2173 q
2360 2120 2390 2158 e
2435 2107 2620 2160 videas
2666 2095 3174 2167 stetiSsec‘ericos,
3218 2102 3528 2157 sacerdotes
3566 2101 3802 2156 eorruisr.

2285 2193 2487 2259 Quibus
2534 2203 2680 2248 certe
2709 2208 2808 2262 per
2851 2193 3116 2248 Samuelis
3156 2193 3441 2262 imperium
3477 2191 3683 2245 dicitur:
3710 2191 3803 2244 Cum

2285 2299 2420 2336 esses
2448 2284 2688 2352 parvulus
2725 2284 2778 2336 in
2801 2283 2966 2336 oculis
2995 2282 3116 2346 tuis,
3141 2289 3294 2350 caput
3349 2281 3406 2334 in
3438 2278 3648 2332 tribubus
3674 2276 3804 2330 Israel

2287 2376 2408 2444 fact:
2429 2390 2453 2425 s
2482 2389 2554 2426 es.
2599 2371 2758 2438 Quasi
2813 2373 2953 2425 dicat
2988 2389 3000 2424 :
3033 2371 3165 2424 Cum
3197 2371 3249 2424 in
3289 2369 3485 2424 minori
3513 2367 3680 2422 ordine
3708 2367 3802 2420 illu-

2288 2465 2489 2517 tnirrato
2521 2463 2681 2516 corde
2720 2462 2986 2531 pudicitim
3011 2464 3282 2530 praet-pta
3329 2459 3620 2514 servaveris
3646 2477 3655 2511 τ
3679 2473 3802 2517 nunc,

2286 2554 2494 2609 amis-ris
2525 2554 2728 2617 oculis,
2761 2553 2813 2606 in
2850 2551 3220 2606 fornicationis
3266 2551 3543 2605 baratrum
3585 2548 3803 2604 corruisti.

2285 2648 2365 2700 Art
2398 2645 2624 2717 prmdam
2655 2661 2824 2698 versus
2851 2661 2934 2709 es,
2965 2644 3090 2714 quia
3120 2643 3294 2696 divina
3327 2648 3590 2712 praecepta
3617 2638 3804 2692 violenta

2287 2736 2699 2808 praesumptione
2729 2735 2938 2803 rupisti.
2956 2734 3090 2800 Quia
3111 2734 3252 2787 enim
3276 2733 3608 2802 prohibente,
3629 2741 3677 2783 et
3693 2728 3805 2796 quasi

2286 2827 2444 2881 minis
2475 2835 2681 2880 armato
2711 2834 2767 2880 et
2792 2825 3040 2880 obstante
3064 2824 3175 2879 Deo
3194 2866 3210 2891 ,
3241 2823 3308 2877 ad
3338 2823 3633 2878 violandum
3667 2835 3802 2873 sacul-

2288 2919 2425 2970 rium
2454 2916 2716 2970 castitatis
2745 2913 3244 2983 irrumpuntzquasi
3269 2927 3317 2981 p~
3340 2911 3616 2979 rrapinam
3641 2908 3806 2976 praedm,

2289 3008 2542 3062 Amalech
2573 3006 2742 3060 electa
2775 3005 2842 3058 ad
2874 3003 3082 3057 Domi:.i
3132 3011 3328 3056 terram
3385 3003 3596 3054 ducunt.
3633 2997 3688 3049 Et
3710 2997 3805 3064 quia

2289 3107 2546 3167 quantum
2571 3103 2812 3164 possunt,
2840 3093 3027 3147 lubrici
3054 3091 3498 3162 pr.edicatoribus
3526 3089 3588 3142 ab
3617 3088 3804 3142 condun-

607 3193 656 3236 et
679 3185 760 3237 ait
801 3183 888 3236 tibi
939 3182 1188 3236 Dominus
1222 3198 1241 3236 :
1277 3181 1520 3251 Inter/ire
1561 3190 1853 3251 peccatorrs
1897 3183 2183 3235 Amalech?
2212 3175 2254 3234 C
2289 3196 2394 3254 tur,
2423 3187 2476 3241 iu
2515 3192 2805 3254 conspectu
2837 3184 3045 3236 Domini
3075 3181 3272 3235 malum
3301 3180 3436 3235 Saul
3467 3179 3641 3234 frcisse
3665 3192 3807 3247 repre-

611 3273 676 3327 Et
707 3283 763 3326 ut
788 3273 1024 3328 circurud
1064 3283 1174 3326 tum
1207 3275 1316 3342 jam
1349 3282 1403 3327 et
1439 3275 1716 3327 obsessum
1760 3275 2184 3329 ratiocinationi-

611 3364 713 3418 bus
757 3363 966 3430 Capiat,
1017 3381 1230 3418 manum
1280 3366 1451 3433 cuine
1506 3364 1706 3432 injicit,
1751 3366 1979 3420 dicens:
2014 3366 2184 3431 Quare

2289 3277 2559 3331 henditur.
2583 3274 2754 3342 Quasi
2783 3274 2925 3329 enim
2956 3273 3165 3327 minans
3211 3280 3268 3327 et
3309 3281 3520 3326 terrens
3546 3269 3808 3340 przcdicatar

2288 3369 2338 3422 in
2367 3367 2544 3423 carnis
2569 3367 2843 3435 voluptate
2878 3365 3026 3434 lapso
3055 3364 3200 3417 dicat
3234 3381 3247 3415 :
3274 3361 3494 3417 Crimen
3525 3357 3808 3415 immunditir

2286 3459 2588 3514 hominibus
2629 3458 2846 3528 quidem
2895 3455 3263 3520 absronditur,
3295 3455 3396 3507 sed
3443 3451 3632 3506 videnti
3669 3449 3806 3503 omnia

2287 3565 2394 3604 non
2423 3551 2646 3604 celatur.
2697 3547 2820 3601 Hac
2847 3547 2936 3617 qui
2958 3549 3060 3599 lem
3091 3554 3144 3600 et
3173 3545 3255 3601 his
3281 3545 3478 3600 similia
3525 3557 3637 3597 curn
3663 3541 3809 3608 impre-

2287 3643 2520 3697 nitentes
2563 3640 2813 3703 audiunt,
2843 3638 3030 3693 terreri
3061 3651 3401 3705 nequaquam
3433 3641 3662 3705 possunt.
3689 3629 3808 3684 Utile

602 3471 730 3526 ergo
757 3471 858 3508 non
888 3455 1078 3509 audisti
1106 3473 1270 3509 rocem
1306 3455 1528 3520 Domini,
1555 3456 1643 3510 sed
1665 3475 1831 3512 r-ersus
1862 3459 1930 3511 ad
1957 3460 2101 3527 praui
2121 3477 2186 3513 nt

599 3559 692 3608 es,
723 3551 770 3596 et
793 3543 957 3613 fecisti
980 3544 1169 3596 malum
1187 3561 1361 3598 coram
1387 3547 1546 3600 oculis
1566 3546 1977 3614 Domini?Qua~i
2007 3550 2181 3605 dicat:

579 3637 592 3643 ”
617 3632 756 3689 Ecce
784 3634 907 3705 quid
938 3649 1086 3699 cras,
1117 3636 1207 3703 qui
1246 3634 1417 3692 fretus
1446 3652 1536 3705 es,
1563 3639 1689 3705 qrrid
1719 3640 1876 3694 debui
1911 3641 1946 3694 ti
1977 3641 2183 3710 facere,

557 3747 561 3753 ’
613 3740 741 3779 ecce
769 3725 892 3794 quid
926 3721 1128 3789 fecisti;
1161 3741 1286 3780 ecce
1309 3734 1565 3795 quantum
1596 3729 1661 3781 ab
1685 3745 1769 3793 eo,
1797 3731 1936 3800 (ιη’)(ἰ
1959 3732 2184 3786 debuisti

584 3850 586 3852 τ
610 3830 884 3883 exercere,
907 3818 1213 3872 recesseris.
1243 3818 1372 3871 Dum
1396 3832 1523 3886 ergo
1547 3821 1745 3888 intulit,
1769 3821 1950 3875 dicens
1977 3841 1989 3875 :
2014 3821 2186 3886 Quare

611 3908 778 3979 fecisti
807 3910 1000 3962 malum
1029 3911 1079 3963 iu
1116 3910 1276 3964 oculis
1305 3909 1548 3964 Domini?
1576 3913 1727 3980 quasi
1759 3909 2000 3967 fa'lacem
2032 3929 2182 3968 rettzn

611 3996 992 4051 circumdanda
1018 3999 1443 4066 comprehcndit.

682 4085 769 4137 18.
797 4084 915 4139 'Scd
947 4086 996 4138 in
1027 4086 1129 4140 hoc
1168 4086 1286 4140 loco
1317 4087 1608 4141 nota-‘durn
1639 4098 1720 4140 est
1747 4088 1869 4158 quia
1891 4131 1903 4154 ,
1937 4090 2059 4144 dum
2091 4107 2181 4144 rex

610 4174 875 4249 superbus
921 4177 1181 4242 arguitur,
1221 4176 1499 4229 electionis
1528 4177 1646 4241 ejus
1691 4186 1928 4248 tempora
1979 4195 2184 4234 memo-

609 4272 821 4329 rantur,
853 4273 911 4318 ut
941 4274 1119 4318 tumor
1160 4265 1340 4318 cordis
1366 4267 1646 4330 sentiatur,
1681 4283 1782 4321 non
1815 4269 2044 4323 adfuisse
2073 4271 2183 4324 eli-

609 4352 809 4420 gende,
840 4352 933 4410 sed
962 4369 1029 4408 ex
1057 4354 1287 4408 culmine
1318 4355 1551 4410 crevisse
1594 4372 1686 4423 pm
1705 4357 1835 4409 lato.
1884 4358 1927 4410 A
1957 4357 2184 4415 Domino

610 4441 826 4510 quidem
859 4442 1030 4497 bonus
1059 4443 1262 4498 electus
1289 4452 1392 4508 θαι,
1423 4445 1516 4498 sed
1548 4445 1670 4505 dum
1701 4447 1869 4500 crevit
1898 4464 1960 4501 rx
1993 4449 2183 4503 culmi-

613 4549 702 4597 ne,
731 4531 973 4586 decrevit
1002 4533 1254 4587 elatione.
1284 4533 1361 4585 Dir
1382 4536 1422 4586 it
1450 4547 1605 4599 ergo:
1629 4533 1754 4587 Cum
1779 4551 1914 4589 esses
1943 4538 2184 4605 porr-alus
2219 4543 2262 4598 Β

588 4624 663 4674 .in
692 4620 851 4675 oculis
879 4623 994 4687 mis,
1027 4631 1181 4690 caput
1205 4622 1258 4675 in
1281 4621 1508 4676 tribubus
1534 4622 1700 4677 Israel
1723 4626 1888 4695 factus
1918 4642 2000 4684 es.
2037 4626 2184 4680 modo

587 4728 783 4766 recisus
827 4712 897 4764 ad
919 4712 1154 4781 pra’dam
1175 4753 1189 4776 ,
1221 4714 1388 4782 fecisti
1418 4714 1609 4767 malum
1644 4715 1904 4768 in'oculis
1957 4713 2182 4768 Domini.

586 4804 773 4870 Quasi
802 4804 942 4858 dicat
972 4803 1124 4858 :rPer
1153 4805 1432 4858 veritatem
1460 4805 1778 4858 humilitatis
1807 4820 2024 4872 regnum
2057 4823 2184 4872 pro-

587 4895 867 4960 -rncruisti,
901 4896 993 4950 sed
1024 4910 1165 4950 nunc
1191 4903 1451 4964 pratextu
1481 4894 1724 4957 humilis,
1759 4895 1984 4949 veritate
2027 4897 2186 4948 turni-

609 4985 710 5038 dus
736 4997 957 5051 regnum
989 4985 1185 5053 perdis.
1215 4983 1516 5050 Quid-enim
1539 4992 1665 5038 sunt
1684 4983 1820 5037 oculi
1850 4983 2051 5048 cordis,
2081 4985 2182 5038 nisi

607 5086 860 5154 aspectus
911 5080 1166 5134 rationis?
1207 5079 1340 5135 Nam
1368 5080 1464 5150 qui
1509 5080 1744 5147 integros
1772 5080 1917 5134 visus
1961 5079 2184 5134 rationis

590 5167 803 5234 habet,
835 5167 1073 5236 perfecte
1120 5169 1450 5224 ittuminatus
1478 5177 1578 5224 est.
1622 5168 1678 5222 ιη
1724 5170 1893 5224 oculis
1921 5171 2048 5236 ergo
2075 5170 2186 5226 suis

608 5267 690 5311 cst
715 5241 951 5325 humilis,
974 5260 1064 5327 qui
1085 5274 1144 5313 se
1165 5259 1398 5328 perfecte
1425 5259 1672 5328 respicit,
1707 5271 1760 5313 et
1783 5260 2034 5314 humilem
2061 5275 2183 5330 pcr-

610 5347 747 5403 fccta
777 5348 986 5403 visione
1024 5349 1321 5417 cognoscit.
1367 5348 1461 5401 llis
1491 5362 1618 5416 ergo
1661 5350 1995 5420 verbis-lapsi
2043 5351 2185 5418 regis

597 5451 717 5490 .uon
754 5437 928 5492 solum
959 5437 1227 5507 prmterita
1271 5438 1574 5503 humilitas,
1619 5440 1714 5494 sed
1750 5440 1911 5494 etiarn
1957 5441 2178 5494 rationis

609 5528 810 5582 acuitas
847 5527 1252 5582 commendatur
1276 5545 1288 5580 :
1312 5529 1435 5595 quia
1464 5529 1714 5584 videlicet
1744 5539 1918 5582 tantus
1943 5539 2059 5585 erat
2088 5547 2174 5584 ra-

610 5617 758 5670 tione
777 5659 790 5680 ,
824 5628 882 5670 ut
904 5632 962 5671 se
985 5615 1222 5685 perfecte
1248 5628 1628 5685 cognosceret;
1661 5627 1715 5673 et
1743 5627 1920 5672 tantus
1951 5620 2142 5672 virtute
2160 5660 2174 5684 ,

594 5714 670 5758 ,ω
699 5721 754 5757 se
781 5707 1049 5759 subtiliter
1078 5706 1314 5770 intuens,
1339 5722 1464 5760 vere
1490 5707 1743 5760 humil.-m
1767 5709 1823 5763 .vi
1843 5708 1995 5762 lerct.
2041 5707 2174 5772 Quia

2287 3736 2387 3789 etsi
2422 3734 2532 3803 jam
2561 3732 2973 3787 ratiocinatione
3003 3731 3146 3799 capti
3175 3737 3333 3796 sunt,
3359 3729 3517 3783 velut
3540 3740 3719 3795 angues
3741 3737 3810 3790 per

2289 3826 2550 3879 lubricum
2577 3824 2739 3877 dilabi
2767 3838 2795 3874 a
2819 3823 3049 3876 tenentis
3067 3836 3125 3875 se
3153 3819 3404 3876 manibus
3432 3827 3686 3886 satagunt.
3706 3815 3812 3870 Catt-

2285 3917 2406 3970 darn
2434 3913 2727 3984 rrofcrnut,
2750 3929 2829 3980 car
2851 3921 2909 3964 nt
2929 3911 3260 3965 absc..ndunt
3291 3927 3304 3964 :
3331 3911 3462 3978 quia
3493 3905 3815 3973 videnturjrtu

2286 4022 2524 4061 ex'rerna
2555 4021 2800 4075 operum,
2831 4005 2923 4058 scd
2952 4003 3259 4058 earumdem
3284 4003 3485 4071 tegitur
3513 4003 3720 4070 qualitas
3743 4013 3816 4050 ac-

2288 4097 2512 4150 tiooum.
2547 4092 2698 4148 Uudc
2727 4103 2780 4148 et
2809 4094 3084 4163 sequitur:

2362 4217 2534 4285 (Vcrs.
2566 4214 2679 4283 ΞΟ.)
2714 4212 2778 4266 Et
2830 4215 2902 4267 ait
2950 4214 3081 4268 Saul
3129 4211 3198 4264 ad
3237 4211 3537 4267 Samuelem
3563 4227 3582 4264 :
3611 4205 3712 4260 Ima
3742 4220 3816 4255 au—

2267 4309 2387 4360 ~diri
2413 4324 2580 4360 vacem
2609 4305 2738 4359 Dom
2765 4308 2836 4368 ui,
2864 4315 2911 4357 et
2935 4304 3187 4356 ambulavi
3213 4319 3302 4371 per
3331 4303 3468 4354 riam
3499 4316 3592 4372 qua
3613 4297 3818 4350 misimus

2288 4396 2559 4460 Donriuus,
2589 4406 2637 4448 et
2664 4395 2856 4447 adduxi
2888 4393 3031 4464 τίθης
3070 4409 3236 4463 regem
3254 4391 3525 4456 Amalech,
3553 4399 3599 4442 et
3617 4384 3822 4438 Amalech

2285 4488 2535 4556 interfeci.

2363 4601 2446 4654 ll).
2489 4600 2650 4666 ρυιμί
2699 4597 2840 4652 enim
2889 4596 3100 4650 occulta
3143 4604 3363 4662 tegens,
3409 4593 3636 4647 aliorum
3680 4588 3820 4641 disco.

2289 4697 2474 4758 operta
2500 4707 2545 4758 pr
2561 4688 2792 4748 οἴει-ους,
2815 4703 2873 4741 se
2897 4687 3001 4741 iub;
3017 4687 3131 4740 icus
3150 4685 3341 4738 doctor
3363 4684 3435 4737 de
3458 4681 3694 4753 profectu
3720 4693 3820 4748 pra-

2288 4781 2567 4834 dicatiouis
2593 4777 2955 4841 commendat,
2985 4777 3166 4831 dicens
3197 4793 3209 4826 :
3241 4774 3315 4826 De
3341 4773 3674 4826 subditorum
3698 4768 3827 4832 cul,=a

2289 4871 2608 4940 reprehendi
2641 4887 2747 4924 non
2778 4869 2976 4930 debeo,
3010 4884 3036 4921 s
3069 4867 3101 4920 d
3149 4864 3382 4928 laudari,
3415 4879 3581 4932 quam
3605 4864 3661 4915 iu
3689 4859 3829 4912 delia.

2287 4961 2572 5028 quentibus
2594 4959 2930 5028 praedicante
2951 4956 3142 5010 deleri.
3171 4955 3421 5009 Amalech
3451 4969 3642 5023 percns
3671 4948 3828 5018 izquia

2292 5049 2660 5103 fornicationis
2689 5049 2907 5116 spiitus
2936 5047 2989 5100 in
3019 5047 3322 5100 auditorum
3345 5059 3591 5099 meorum
3611 5041 3829 5097 cordibus

2289 5143 2480 5210 linguae
2519 5159 2649 5196 mem
2677 5141 2853 5209 gladio
2884 5141 3103 5195 corruit.
3135 5139 3248 5194 Rex
3276 5140 3376 5194 etsi
3405 5139 3571 5203 vivit,
3604 5136 3832 5192 adductus

2287 5243 2368 5288 est
2398 5235 2556 5302 :quia
2587 5234 2684 5288 etsi
2723 5248 2910 5287 sensus
2939 5231 3135 5297 carnis,
3165 5229 3402 5299 quandiu
3446 5243 3634 5284 sumus
3660 5229 3708 5280 in
3733 5238 3830 5276 car-

2289 5347 2374 5395 ne,
2407 5331 2624 5385 ornuino
2649 5331 2798 5400 perdi
2830 5346 2931 5386 non
2962 5338 3157 5399 potest,
3187 5340 3376 5399 captus
3403 5337 3508 5385 est.
3535 5338 3592 5381 ut
3617 5323 3727 5390 cari
3755 5337 3832 5389 ιτο·

2268 5425 2378 5476 «tui:
2411 5423 2532 5492 quia
2559 5425 2848 5492 prarvalrre
2872 5422 3067 5476 rationi
3099 5437 3204 5476 non
3229 5431 3402 5492 potest
3446 5419 3598 5489 Ipsos
3617 5413 3830 5471 subdit-os

2285 5524 2583 5583 corruptos,
2617 5525 2670 5567 et
2700 5522 2916 5582 peccata
2940 5515 3262 5567 confitentes
3291 5511 3576 5566 ostendere
3603 5506 3827 5576 gestiens.

2285 5603 2562 5672 sultjunsit
2585 5603 2767 5657 (licens
2792 5619 2804 5654 :

2357 5711 2528 5779 (Vens.
2564 5709 2678 5782 2t.)
2725 5709 2860 5764 Tulit
2889 5718 3058 5764 autem
3091 5711 3308 5782 papulas
3348 5711 3407 5762 rle
3449 5709 3631 5780 ιτα-ἀπ
3669 5721 3769 5760 om
3794 5712 3829 5753 rt
