3948 6310
204 340 286 396 629
976 332 1039 388 ΙΝ
1077 331 1340 391 PRIMUM
1380 331 1620 389 REGlSM
1666 330 2175 390 EXPOSlTiONES.
2223 365 2287 374 --
2328 335 2455 392 LIB.
2499 336 2556 390 Υ.

3316 343 3420 395 450

197 462 352 518 tores,
379 448 626 522 primitias
647 463 822 502 eorum
853 462 968 519 qua:
985 425 1130 502 ‘cwsa
1170 457 1320 513 sunt,
1358 457 1413 501 ut
1449 447 1738 502 immolaret
1771 452 1816 508 Α
1844 445 1969 499 dum
2003 446 2116 508 fuit,
2160 456 2215 500 ut
2264 447 2517 502 Amalech
2569 463 2633 518 pe
2665 457 2938 504 enteretur
2964 469 2976 503 :
3005 451 3098 506 sed
3136 455 3284 523 quia,
3317 459 3426 512 Deo

198 546 388 602 Domino
420 541 520 593 Deo
545 556 638 591 suo
668 539 721 592 in
754 536 1006 608 Galgalis.

253 637 329 692 20.
359 635 497 700 Quan
520 632 571 684 lo
614 643 948 686 armatorum
995 631 1252 687 violentia
1283 632 1510 698 alicujus
1539 632 1740 701 aliquid

197 713 457 800 propriutn‘
487 722 710 786 tolfitur,
758 721 933 790 pnnda
985 724 1311 777 nominatur.
1367 721 1508 777 Vitia
1558 733 1738 776 autem

194 820 343 873 carnis
365 823 415 869 et
441 813 651 877 animm,
680 813 804 880 quia
836 810 1053 866 diabolo
1083 819 1402 879 suggerente
1434 823 1742 880 propagan-

195 921 282 974 tur,
317 907 420 974 ejus
458 903 600 956 velut
632 901 910 973 proprium
942 911 1088 957 sunt.
1113 902 1366 973 Quisquis
1395 916 1525 970 ergo
1578 904 1630 956 in
1678 917 1738 956 se

193 1014 336 1068 nuper
363 996 624 1058 remi-sus,
660 1010 801 1049 nunc
831 1002 1009 1048 autem
1038 994 1304 1049 violentus
1331 994 1456 1048 vitia
1485 994 1737 1062 de-tru't,

192 1089 390 1159 perdam
417 1086 543 1140 facit
573 1104 587 1150 ;
619 1087 742 1154 quia
774 1100 892 1154 qua:
913 1086 1086 1139 aliena
1114 1094 1259 1151 sunt,
1291 1094 1541 1154 potenter
1569 1086 1731 1154 rapit.

191 1184 245 1239 Et
268 1179 569 1242 notandum,
602 1178 726 1246 quia
757 1175 954 1231 ca'dere
991 1185 1046 1232 et
1075 1178 1255 1247 prwda
1280 1177 1494 1240 dicitur,
1541 1186 1598 1230 ut
1629 1178 1734 1231 alia

190 1285 366 1332 mortua
413 1273 614 1337 relicta,
649 1271 750 1324 alia
780 1270 899 1323 viva
928 1269 1107 1324 delata
1144 1283 1264 1324 esse
1309 1269 1587 1324 doceatur.
1619 1266 1740 1322 Ca3-

190 1369 354 1423 duntur
393 1361 605 1434 quidem
640 1361 1031 1414 oblectamenta
1080 1359 1342 1425 libidinis,
1379 1357 1595 1428 quando
1625 1359 1729 1411 vir-

187 1467 279 1513 tute
300 1467 532 1523 supr-ma:
560 1450 586 1504 i
618 1450 871 1504 tentionis
899 1449 1241 1518 depelluntur
1261 1465 1291 1502 a
1319 1464 1383 1502 co
1415 1449 1500 1502 de.
1528 1458 1583 1500 et
1601 1463 1735 1501 con-

189 1548 372 1604 tritione
413 1543 634 1612 spiritus
680 1540 992 1594 reciluntur
1015 1553 1046 1591 a
1077 1553 1325 1607 corpore.
1373 1536 1482 1592 Sed
1516 1538 1633 1591 viva
1664 1536 1730 1590 ad

186 1633 534 1694 immolandum
562 1632 934 1696 deducuntur;
957 1631 1079 1700 quia
1103 1630 1202 1684 etsi
1226 1631 1582 1685 conversione
1605 1643 1732 1698 pec-

187 1723 589 1788 catoris,_carnis
610 1724 715 1776 'aut
741 1721 936 1775 mentis
963 1721 1416 1775 delectamentum
1446 1719 1729 1776 deseritur.

1844 534 2156 599 auxiliante,
2179 535 2430 599 vincitur,
2459 540 2814 608 supplendum
2836 548 2974 604 erat,
3000 549 3058 594 ut
3079 557 3196 610 (ιιιω
3230 543 3280 597 ἱη
3311 545 3426 612 ejus

1847 629 2253 684 immolarentur
2273 632 2537 686 sacrificio
2564 642 2926 687 servarentur.
2962 633 3115 700 Quod
3148 648 3334 704 aperte
3374 640 3426 692 in

1845 719 2089 788 superbis
2129 729 2392 789 apparet:
2420 737 2470 790 qi
2495 722 2544 775 ia
2591 739 2713 777 cum
2759 732 3004 792 apertam
3054 725 3209 794 culpa
3252 728 3429 782 celare

1849 829 1953 866 non
1976 822 2228 883 possunt,
2256 824 2563 883 permutare
2585 825 2678 869 aut
2699 817 2941 872 minuere
2961 830 3241 874 conantur.
3265 822 3428 888 Quasi

1845 903 2020 978 dicat:
2040 903 2104 958 Et
2134 905 2177 958 si
2195 905 2408 972 judicas
2426 915 2641 974 apertas
2668 906 2854 976 culpas
2880 909 3082 977 aperis,
3101 914 3427 966 atteri-tendo

1840 1003 1924 1049 est
1949 996 2160 1050 occulta
2189 997 2502 1066 simplicitas
2527 1000 2860 1054 intentionis.
2888 1000 3059 1072 Culpa
3084 1005 3302 1074 quidem
3338 1023 3430 1062 es-

1838 1094 1922 1140 snt
1949 1085 2016 1140 de
2037 1086 2291 1142 Amalech
2320 1088 2516 1158 aliquid
2544 1090 2756 1154 atlcrre,
2792 1092 2894 1145 nisi
2925 1092 3088 1147 allata
3118 1092 3228 1148 Deo
3257 1096 3418 1151 debe-

1839 1186 1962 1230 rent
1986 1175 2270 1231 immolari.
2312 1177 2428 1234 Hoc
2453 1181 2669 1248 quidem
2699 1197 2842 1252 sa‘pe
2886 1183 2938 1237 in
2967 1187 3307 1241 monasteriis
3335 1204 3431 1243 ac-

1842 1266 1991 1331 cidit,
2017 1283 2140 1320 cum
2167 1269 2394 1338 quisque
2416 1271 2574 1326 nimis
2593 1273 2880 1341 religiosus
2909 1275 3151 1331 subditus
3179 1279 3434 1346 spiritua-

1836 1353 1965 1408 lium
2011 1356 2352 1424 pmzlatorum
2402 1361 2641 1428 imperis
2682 1362 2916 1427 adjicere
2957 1368 3266 1434 praesumit;
3305 1385 3428 1424 cum

1836 1445 2134 1512 regularem
2159 1463 2499 1503 communem
2530 1452 2695 1504 vitun
2726 1453 2976 1522 chpicit,
3008 1464 3062 1508 et
3083 1458 3314 1526 propriae
3336 1474 3424 1513 se-

1838 1537 2019 1603 quitur
2046 1538 2326 1592 arbitrium
2357 1540 2670 1595 voluntatia
2707 1543 2837 1596 Dum
2862 1545 3003 1598 enim
3033 1547 3322 1602 rnelimare
3351 1551 3432 1603 vi-

1841 1637 1950 1680 tam
1991 1625 2238 1695 eligendo
2284 1645 2447 1698 quam
2492 1632 2796 1688 obedicndo
2845 1637 3062 1702 nititur,
3107 1640 3235 1706 quid
3281 1641 3424 1695 aliud

1839 1733 2000 1788 quam
2037 1730 2280 1787 apertam
2308 1722 2727 1777 inobedientiam
2761 1725 3062 1782 intentione
3091 1729 3302 1785 virtutis
3331 1748 3428 1786 co-

185 1836 316 1891 pqgna
360 1815 642 1888 przeterita:
689 1813 1064 1868 delectationis
1112 1813 1326 1882 penitus
1355 1827 1462 1865 non
1505 1811 1734 1864 deletur.
1771 1809 1815 1868 Β
1843 1811 2021 1865 lorare
2045 1815 2412 1867 mon~tratur?
2438 1814 2608 1881 Quem
2642 1815 2887 1883 profecto
2915 1819 3093 1874 locum
3119 1837 3224 1877 non
3253 1824 3427 1879 solum

184 1911 434 1966 Cmdantur
461 1923 594 1976 ergo
621 1906 747 1960 vitia
767 1945 783 1970 ,
811 1906 972 1976 359
1001 1905 1250 1974 primitia:
1272 1903 1405 1958 viva-3
1443 1904 1508 1957 ad
1539 1904 1735 1957 immo-

185 2001 372 2058 landum
409 1999 716 2053 nullatenus
743 2004 1055 2051 serventur:
1079 2004 1137 2049 ut
1162 1995 1252 2065 qui
1303 1995 1408 2048 vim
1439 1993 1649 2062 peccati
1681 1993 1734 2046 in

183 2097 514 2158 centemptum
543 2087 973 2142 oblectationem
1007 2095 1261 2155 potenter
1284 2086 1526 2155 perimit,
1556 2084 1739 2139 vivere

183 2183 262 2236 sibi
301 2181 360 2235 ad
402 2178 792 2234 immolandum
841 2178 1028 2231 timeat
1075 2193 1289 2247 prunam
1338 2175 1734 2230 delectationis.

184 2273 404 2341 Priinitize
432 2285 564 2340 ergo
597 2284 860 2324 ausorum
889 2269 1015 2337 quid
1043 2276 1188 2332 sunt,
1218 2267 1318 2321 nisi
1349 2267 1737 2322 delectationes

186 2361 524 2432 peccaminum
543 2361 568 2413 ἲ
597 2358 704 2412 llas
721 2357 935 2426 quidem
966 2355 1162 2412 offerre
1186 2356 1404 2422 dicitur,
1436 2356 1526 2424 qui
1554 2371 1739 2412 coram

183 2455 275 2508 Deo
300 2451 662 2507 sacerdotibus
692 2448 1000 2504 conﬁtetur.
1051 2445 1116 2500 Et;
1142 2447 1323 2502 oblata
1369 2446 1737 2513 immolantur,

183 2545 366 2614 quando
380 2559 566 2598 eorum
591 2558 747 2612 pmna
766 2539 1074 2612 pmiiitcndo
1086 2540 1400 2596 destruitur.
1420 2540 1582 2608 Quasi
1599 2539 1740 2594 enim

182 2637 226 2691 in
260 2638 492 2707 primitiis
546 2652 687 2691 caesa
729 2634 1053 2706 olleruntur,
1086 2643 1139 2688 et
1168 2648 1267 2703 per
1309 2633 1612 2702 posteriora
1656 2631 1740 2686 vi-

183 2736 292 2781 runt
317 2743 330 2778 :
357 2727 575 2796 quando
607 2726 799 2795 aliquis
838 2732 1063 2794 peccata
1106 2721 1416 2783 coulitetur,
1447 2730 1504 2776 et
1550 2721 1742 2776 immo-

186 2819 296 2885 lare,
323 2821 419 2872 hoc
448 2827 528 2872 est
559 2833 743 2872 coram
766 2816 879 2872 Deo
902 2823 1160 2879 mactare,
1193 2814 1504 2884 pmnitendo
1529 2828 1634 2866 non
1662 2813 1743 2866 ni-

185 2907 310 2962 titur.
337 2907 463 2960 Dum
493 2922 631 2976 ergo
659 2921 919 2961 cmsorum
960 2903 1207 2973 primitim
1247 2904 1506 2958 reservari
1537 2901 1603 2956 ad
1645 2902 1742 2955 im-

184 2997 453 3051 mutandum
482 2997 762 3064 dicuntur,
789 2995 1144 3065 quorumdam
1175 3010 1329 3048 error
1369 2993 1740 3059 confunditur,

1839 1901 2068 1967 subditi,
2108 1902 2201 1956 sed
2245 1905 2406 1958 etiam
2451 1906 2654 1974 pizelati
2687 1907 2879 1963 intueri
2910 1911 3182 1968 subtiliter
3209 1913 3430 1972 debent.

1839 1990 2079 2060 Suhjecti
2102 1994 2318 2063 quidem
2343 2006 2534 2053 notare
2556 2001 2826 2056 subtiliter
2845 2002 3044 2058 debent
3072 2024 3084 2057 :
3109 2008 3234 2075 quia
3263 2024 3332 2064 ex
3363 2025 3430 2065 eo

1839 2081 1969 2137 Saul
1998 2084 2108 2138 Deo
2129 2087 2418 2156 displicuit,
2448 2091 2591 2158 quod
2624 2091 2735 2146 Deo
2767 2093 3050 2151 iuunolare
3085 2107 3283 2167 prazter
3303 2117 3430 2170 pro-

1840 2177 2018 2246 pheta:
2043 2190 2367 2251 prarceptum
2391 2185 2637 2238 tentavit.
2670 2188 2954 2249 Subtiliter
2983 2199 3171 2246 notent
3198 2197 3428 2262 praelati,

1838 2265 1962 2334 quia
1993 2267 2316 2324 demoliendi
2359 2270 2614 2328 Amalech
2648 2278 2908 2346 propheta
2953 2281 3062 2349 regi
3100 2293 3431 2354 przeceptutn

1844 2358 2018 2413 dedit.
2051 2359 2140 2416 Sic
2170 2363 2311 2415 enim
2355 2364 2516 2419 debet
2543 2365 2734 2422 doctor
2760 2369 2977 2426 laudare
3004 2377 3309 2430 communia
3333 2419 3348 2438 ,
3375 2389 3434 2432 ut

1841 2448 2173 2516 singulorum
2196 2454 2409 2522 propria
2433 2471 2538 2510 non
2561 2466 2890 2514 contemnat.
2915 2459 3008 2514 llla
3032 2463 3246 2533 quidem
3274 2481 3430 2521 com-

1842 2540 2020 2595 munis
2049 2541 2160 2596 vita
2203 2542 2471 2607 laudatur,
2512 2562 2630 2614 qua-
2669 2549 2831 2618 360
2859 2550 3124 2606 eharitate
3152 2555 3432 2625 conjungi-

1850 2641 1954 2698 tur,
1978 2634 2122 2689 vitiis
2143 2636 2500 2694 mediantibus
2523 2655 2628 2694 non
2657 2640 2916 2697 fuscatur.
2942 2644 3182 2711 Ag‘vostuli
3211 2648 3431 2717 quidem

1847 2725 2111 2778 sententia
2135 2733 2247 2778 est:
2274 2723 2410 2789 Quia
2430 2731 2771 2802 unusquisque
2789 2735 3054 2802 praprium
3075 2737 3263 2792 domm
3285 2738 3436 2794 habet

1850 2828 1883 2863 (ι
1915 2810 2044 2877 Deo,
2072 2829 2206 2868 unus
2227 2816 2432 2886 quidem
2460 2819 2556 2878 sic,
2586 2819 2720 2873 alius
2742 2837 2857 2875 vero
2897 2823 2974 2874 sic
3002 2822 3055 2893 (I
3081 2822 3200 2879 Cor.
3233 2842 3323 2887 vit.
3353 2826 3430 2896 7).

1846 2902 2088 2969 Quorum
2115 2918 2243 2973 ergo
2271 2907 2377 2961 cibi
2406 2917 2458 2961 et
2489 2924 2672 2963 mensa
2699 2926 3015 2969 communes
3041 2924 3200 2978 sunt,
3235 2917 3436 2972 debent

1849 2994 2129 3050 attendere
2166 3013 2274 3050 non
2316 2997 2490 3052 solum
2527 3015 2815 3057 commune
2860 3003 3062 3058 bonum
3100 3005 3432 3075 refectionis,

183 3090 256 3158 qui
277 3098 480 3159 peccata
509 3091 794 3154 dese-unt,
822 3103 920 3141 nec
951 3099 1128 3141 tamen
1153 3087 1425 3156 plangunt.
1453 3085 1585 3152 Quia
1609 3101 1738 3154 ergo
1765 3085 1811 3147 C
1843 3085 1938 3139 sed
1966 3087 2349 3154 proprietatem
2377 3089 2640 3156 pa‘sionis
2665 3099 2756 3145 :ut
2779 3093 2981 3160 pariter
3002 3096 3308 3162 comrdant,
3331 3100 3428 3154 sed

183 3197 270 3236 non
296 3181 456 3236 solum
487 3179 798 3237 conﬁtenda
831 3188 955 3234 sunt
980 3193 1222 3249 peccata,
1254 3179 1346 3234 sed
1377 3180 1538 3234 etiam
1571 3179 1740 3247 pmui-

182 3273 334 3326 tentim
361 3273 677 3326 austeritate
699 3271 957 3336 delenda,
1007 3272 1132 3325 dum
1182 3271 1308 3325 boui
1343 3271 1583 3327 doctor's
1612 3271 1740 3325 Saul

179 3373 340 3434 typum
383 3367 626 3433 simulat,
673 3365 944 3434 subjectos
991 3381 1118 3421 suos
1165 3381 1427 3420 czcsornm
1479 3365 1740 3434 Irimitias

179 3455 500 3511 immolandas
557 3457 747 3512 tulisse
793 3465 1086 3511 asseverat.
1137 3455 1271 3523 Qu'a
1319 3457 1480 3511 etiam
1530 3457 1740 3511 ratione

177 3547 530 3616 scripturarum
565 3547 760 3602 modus
789 3548 1119 3618 poenitentia:
1147 3548 1519 3602 decerneudus
1547 3556 1649 3610 est,
1685 3547 1737 3600 in

177 3634 382 3704 Galgalis
402 3639 654 3708 primitie
686 3637 1024 3692 immolanda:
1054 3638 1119 3691 de
1140 3639 1409 3692 lucuulur.
1445 3638 1615 3692 Boves
1645 3653 1742 3690 au-

179 3735 271 3781 tent
297 3747 340 3782 no
361 3746 391 3784 n
419 3730 622 3795 Solum,
647 3728 738 3783 sed
767 3738 820 3782 et
842 3744 972 3783 oves
1001 3727 1065 3780 ad
1097 3727 1479 3780 imumlavdum
1512 3743 1740 3780 servan-

177 3826 250 3872 tur
269 3822 443 3888 :utqui
466 3822 618 3876 circa
637 3821 862 3874 sa‘utem
881 3835 1034 3873 suam
1050 3818 1266 3872 solliciti
1289 3827 1434 3883 sunt,
1457 3819 1536 3872 sic
1559 3817 1743 3872 delere

177 3913 459 3980 pmnitendo
487 3928 685 3980 magna
713 3912 984 3976 studeant,
1016 3919 1074 3964 ut
1102 3911 1311 3965 minora
1344 3911 1599 3979 plangere
1629 3925 1739 3964 non

177 4004 420 4058 omittunt.
463 4004 538 4058 De
569 4004 818 4066 superbis
847 4012 1026 4056 autem
1057 4002 1396 4055 manifestum
1428 4011 1511 4056 est
1543 4019 1556 4054 :
1590 4002 1735 4070 quia,

177 4110 280 4150 cum
315 4113 526 4166 semper
554 4101 734 4164 magni
765 4098 812 4151 vi
837 4096 930 4151 τετί
962 4111 1046 4162 am
1071 4104 1250 4160 etant,
1283 4096 1455 4150 nota'i
1489 4106 1740 4167 peccato-

176 4203 248 4242 res
269 4190 610 4244 erubcsm-nt.
645 4188 969 4260 Deprehensi
997 4189 1160 4241 etiam
1186 4187 1462 4249 resistunt,
1487 4199 1540 4240 et
1570 4188 1620 4241 in
1654 4188 1737 4241 his

177 4281 314 4334 etiam
337 4281 464 4348 justi
498 4295 765 4350 apparere
803 4280 1054 4350 cupiunt,
1103 4293 1222 4347 quae
1262 4286 1446 4346 agunt.
1478 4277 1615 4344 Quid
1657 4285 1739 4332 est

176 4386 303 4440 ergo,
330 4374 469 4442 quod
502 4375 580 4427 ait
607 4390 622 4426 :
662 4372 777 4426 Ima
807 4373 980 4425 audiri
1025 4388 1198 4426 vocem
1245 4371 1490 4424 Domini?
1518 4369 1735 4425 Samuel

175 4473 328 4516 autem
357 4464 484 4518 dicit
514 4481 529 4516 :
563 4463 694 4517 Sine
731 4479 840 4526 me,
864 4473 914 4516 et
951 4461 1192 4516 indicabo
1238 4462 1362 4526 tibi,
1391 4463 1512 4528 quid
1540 4463 1738 4516 locutus

174 4554 228 4604 sit
253 4555 364 4608 mihi
398 4555 652 4608 Dentium
694 4566 858 4608 nocte.
885 4553 949 4606 Et
979 4563 1102 4622 post
1127 4568 1296 4622 pauca
1324 4572 1337 4607 :
1367 4552 1539 4617 Quare
1567 4571 1738 4608 versus

174 4645 232 4696 ad
253 4648 475 4711 prtedam
498 4665 578 4715 es,
609 4657 658 4700 et
685 4649 852 4718 fecisti
877 4650 1068 4700 malum
1097 4664 1272 4700 coram
1299 4647 1462 4700 oculis
1489 4647 1740 4702 Domini?

175 4733 307 4790 Patet
349 4754 515 4808 ergo,
566 4754 726 4809 quam
767 4738 1082 4792 mirabiliter
1121 4747 1355 4801 tumeat,
1387 4738 1476 4807 qui
1511 4747 1636 4793 tunc
1681 4754 1741 4793 se

174 4825 438 4894 justiﬁcare
457 4830 688 4900 appetit,
712 4830 928 4899 quando
957 4829 1237 4881 Dominum
1255 4843 1316 4883 se
1339 4828 1739 4898 reprehendere

176 4917 230 4971 dc
255 4930 468 4985 peccato
495 4926 858 4988 recognosc‘t.

233 5006 313 5061 2t.
343 5009 396 5064 Si
427 5025 560 5064 vero
607 5006 805 5064 idcirco
833 5011 913 5063 sic
942 5010 1284 5077 respondisse
1311 5010 1573 5078 creditur,
1616 5011 1741 5082 quia

172 5097 312 5152 verba
343 5099 657 5170 propheta};
707 5115 812 5152 non
852 5099 1063 5153 Domini
1112 5114 1232 5154 esse
1272 5100 1598 5164 crediderit,
1647 5101 1742 5171 sed

173 5188 455 5255 propheta},
481 5188 726 5242 videmus
755 5188 938 5249 adhue
967 5183 1266 5244 imitatores
1293 5189 1421 5243 Saul
1440 5230 1454 5253 ,
1483 5191 1574 5258 qui
1612 5189 1739 5243 dum

171 5275 218 5330 in
253 5280 460 5350 propria
491 5280 797 5335 eruditione
825 5278 1119 5342 confidunt,
1151 5279 1411 5347 majorum
1437 5279 1584 5348 jussu
1623 5295 1741 5347 qua:

173 5369 414 5437 audiunt,
444 5380 502 5425 et
543 5387 640 5441 per
687 5379 950 5426 tumorem
994 5370 1326 5440 despiciunt,
1357 5378 1411 5424 et
1457 5371 1741 5425 meliorare

174 5463 510 5527 permutando
535 5465 778 5517 credunt.
813 5463 949 5530 Quid
981 5473 1062 5517 est
1090 5477 1240 5532 ergo.
1263 5462 1404 5531 quod
1428 5462 1590 5516 d'cit:
1625 5461 1741 5516 lmo

176 5550 327 5605 auditu
347 5569 520 5607 rocem
548 5551 773 5618 Domini,
806 5563 853 5606 et
871 5553 1068 5607 adduxi
1088 5553 1236 5624 Agag
1265 5569 1434 5621 regem
1462 5552 1742 5606 Amalech?

174 5639 266 5693 Sed
297 5643 398 5698 tale
423 5651 548 5710 est,
580 5659 641 5698 ac
661 5643 702 5698 si
734 5643 878 5697 dicat
910 5661 923 5696 :
957 5642 1024 5696 Et
1061 5643 1206 5712 quod
1249 5651 1578 5713 prmceptum
1610 5641 1739 5707 fuit,

177 5731 381 5796 implere
408 5732 618 5796 studui,
649 5741 703 5786 et
731 5733 871 5803 quod
913 5734 1090 5788 minus
1119 5741 1236 5788 erat
1263 5733 1530 5802 suppleri.
1566 5733 1742 5800 Agen-

169 5848 179 5873 I

1845 3184 2031 3230 contra
2065 3176 2438 3232 fornicationis
2465 3180 2712 3238 stimulos
2759 3191 2970 3238 certate
3017 3199 3114 3253 per
3155 3186 3430 3240 abstinen-

1848 3266 1974 3319 tiam
2006 3267 2208 3336 pariter
2236 3285 2342 3322 non
2370 3271 2721 3326 contendant.
2746 3271 2874 3342 Ejus
2896 3290 3024 3329 vero
3051 3291 3180 3330 caro
3201 3279 3431 3347 amplius

1845 3355 2111 3411 domanda
2137 3367 2239 3424 est,
2279 3359 2365 3414 eui
2395 3361 2572 3415 carnis
2597 3363 2846 3418 stimulus
2874 3365 3045 3433 magis
3072 3367 3295 3423 infestus
3323 3379 3426 3425 est.

1843 3442 1961 3499 Jam
1992 3461 2121 3516 ergo
2154 3465 2258 3503 non
2287 3450 2524 3505 excitare
2551 3453 2852 3508 communis
2882 3464 2964 3510 est
2992 3456 3120 3520 vita,
3156 3459 3246 3512 ubi
3276 3475 3431 3514 com-

1847 3541 2082 3596 munitas
2106 3541 2416 3598 refectionis
2442 3546 2755 3611 attenditur,
2785 3548 2878 3601 sed
2901 3559 3089 3603 contra
3107 3551 3434 3620 singularem

1845 3649 2076 3703 pugnam
2107 3649 2346 3704 pugnare
2375 3637 2719 3704 singulariter
2743 3639 3075 3707 perhibetur.
3107 3641 3215 3696 Nec
3242 3644 3435 3699 doctor

1845 3723 1984 3778 bene
2012 3725 2284 3794 praecipit,
2326 3727 2369 3781 si
2401 3743 2508 3782 non
2539 3729 2805 3797 prmcipit,
2841 3730 2980 3785 unde
3011 3731 3266 3788 Amalech
3309 3750 3434 3804 per-

1845 3816 2062 3880 cutitur,
2105 3817 2198 3871 sed
2229 3817 2367 3871 unde
2406 3817 2557 3872 vivit.
2601 3817 2881 3888 Przrcipiat
2927 3835 3058 3889 ergo
3095 3822 3305 3888 doctor,
3336 3829 3432 3881 sed

1848 3915 1905 3958 ut
1935 3904 2309 3962 fornicationis
2328 3909 2550 3977 spiritus
2576 3919 2880 3980 superetur.
2914 3911 3030 3967 Non
3061 3914 3281 3969 obedire
3301 3916 3400 3970 sub
3421 3948 3433 3958 -

1838 3994 1971 4063 jecti
2019 3995 2303 4065 refugiant.
2351 3999 2444 4053 sed
2473 4000 2565 4054 ubi
2595 4002 2857 4070 superbia:
2873 4004 3077 4058 crimen
3120 4006 3431 4073 incurritur,

1843 4103 1950 4142 non
1989 4088 2131 4142 unde
2167 4089 2442 4143 baratrum
2489 4091 2679 4145 mortis
2722 4092 3012 4147 drViL‘lllﬂ‘.
3058 4094 3432 4151 lnobedientes

1843 4187 2024 4233 autem
2046 4177 2172 4232 dum
2197 4181 2421 4234 tumenti
2442 4183 2605 4236 corde
2627 4181 2889 4252 majorum
2907 4185 3054 4252 jussu
3078 4201 3182 4239 non
3208 4186 3433 4245 faciunt.

1843 4287 1966 4327 cum
1983 4272 2268 4328 meliorare
2281 4273 2423 4342 quod
2439 4275 2517 4328 eis
2540 4275 2833 4344 injungiznr
2847 4292 2978 4330 conn
2989 4293 3018 4330 u
3029 4286 3134 4342 tur,
3152 4293 3247 4333 sua
3269 4294 3432 4350 opera

1851 4363 1960 4418 Deo
1997 4363 2194 4419 oﬂ'erre
2234 4364 2359 4418 dum
2395 4367 2646 4436 cupiunt,
2683 4369 3003 4438 semetipsos
3046 4370 3259 4424 tollunt.
3301 4370 3377 4423 Na
3402 4391 3433 4423 n

1848 4473 1943 4526 per
1963 4457 2096 4512 alias
2118 4456 2344 4512 virtutes
2370 4467 2556 4512 no:tra
2579 4459 2629 4513 ei
2653 4459 3028 4528 impendimus,
3053 4475 3150 4528 per
3169 4458 3434 4514 obedien-

1847 4549 1978 4601 tiam
2020 4548 2380 4616 nosmetipsos
2409 4548 2745 4605 exhibemus.
2791 4548 3008 4604 Samuel
3045 4563 3174 4618 ergo
3204 4547 3429 4615 subjun-

1843 4652 1996 4707 gens,
2025 4639 2100 4692 ait
2125 4657 2137 4690 :

1918 4731 2092 4803 (Vers.
2142 4730 2258 4798 Ἡ.)
2289 4728 2538 4802 Nunquid
2568 4732 2673 4784 vult
2717 4731 2856 4785 Deus
2887 4732 3187 4786 Iroa'ocausta
3211 4740 3260 4784 et
3291 4734 3433 4788 vieti-

1846 4839 1977 4884 mus,
2008 4832 2054 4875 et
2083 4838 2185 4875 non
2215 4824 2384 4891 potius
2411 4831 2465 4874 ut
2495 4822 2766 4875 obediatur
2792 4823 2901 4876 coci
2931 4821 3178 4875 Domini?

1920 4915 2000 4968 22
2032 4915 2165 4981 Quid
2191 4915 2333 4969 enim
2359 4926 2483 4967 sunt
2509 4914 2647 4966 boni
2680 4915 2833 4968 elect:
2859 4931 2976 4966 rum
3003 4915 3036 4968 h
3076 4916 3278 4968 minutn
3302 4931 3435 4979 opo-

1848 5022 1930 5071 ra,
1962 5007 2061 5058 nisi
2089 5006 2194 5059 virt
2217 5021 2314 5058 mae
2342 5015 2399 5058 et
2427 5005 2777 5059 holocausta?
2799 5004 2930 5058 Cum
2961 5018 3089 5071 ergo
3118 5004 3431 5061 holocausta

1849 5105 1904 5151 et
1951 5098 2198 5150 vittimas
2227 5111 2325 5166 per
2361 5099 2530 5164 legem
2555 5093 2735 5149 ollerri
2781 5093 3038 5149 Dominus
3069 5097 3434 5164 praecepisset,

1848 5188 1975 5256 quid
2000 5195 2102 5249 cst,
2133 5186 2280 5255 quod
2314 5186 2568 5240 Dominus
2597 5185 2909 5240 holocau-ta
2941 5186 2995 5238 ﬁ
3022 5187 3265 5239 victimas
3292 5186 3435 5238 nolle

1849 5279 2066 5343 dit’ittl",
2095 5279 2232 5331 vel'e
2261 5285 2440 5330 autem
2470 5285 2532 5330 ut
2570 5277 2620 5331 ei
2661 5276 2945 5332 obediatur
2991 5276 3303 5344 pollicetur,
3335 5278 3434 5330 ni~i

1847 5371 1970 5440 quia
1995 5386 2113 5439 qaut:
2133 5379 2329 5439 praeter
2349 5369 2708 5423 obedientiam
2734 5366 2886 5432 ﬁunt,
2916 5369 3233 5422 holocausta
3257 5375 3314 5420 et
3334 5368 3434 5422 vic-

1851 5466 1990 5518 tima:
2023 5480 2126 5528 non
2157 5464 2319 5518 sunt?
2360 5463 2522 5530 Quasi
2565 5463 2708 5516 dicat
2741 5479 2753 5514 :
2788 5461 2937 5515 Tune
2967 5461 3106 5514 bona
3133 5468 3260 5514 sunt
3295 5459 3433 5513 bona

1850 5570 2012 5624 opvra
2032 5596 2046 5620 ,
2077 5552 2292 5624 quando
2321 5569 2350 5606 a
2381 5553 2791 5623 praspositorum
2819 5551 3146 5607 conscientia
3182 5567 3286 5604 non
3327 5551 3437 5606 dis-

1848 5646 2093 5701 cordant.
2119 5644 2173 5698 Si
2205 5659 2336 5698 vero
2364 5645 2465 5698 hoc
2490 5642 2610 5698 ideo
2631 5643 2824 5698 dicitur
2850 5644 3090 5698 utvirtus
3111 5640 3434 5695 obedientire

1847 5750 2095 5788 commcn
2117 5735 2276 5797 Ietur,
2304 5734 2470 5803 liquet
2500 5749 2658 5802 quam
2687 5733 2914 5788 sublime
2942 5732 3141 5786 bonum
3171 5730 3263 5796 sit,
3291 5729 3434 5804 quod
