3948 6316
572 348 674 403 ἰῗΊ

1785 343 2020 402 SANCTI
2061 341 2380 398 CRECOIHI
2422 346 2630 402 MAG.“
3675 364 3754 420 ηε

576 485 806 542 victimis
827 494 880 540 ct
909 485 1183 540 sacriﬁciis
1210 483 1444 538 excellit.
1475 483 1608 549 Qui.l
1629 490 1709 535 est
1740 485 2044 549 ergo,quod
2069 480 2150 533 di-
2185 481 2226 536 Α
2258 479 2527 548 prapriam
2580 472 2908 534 voluntatem
2938 481 3125 534 aliena:
3149 496 3355 551 semper
3381 452 3612 546 voluntati
3630 498 3754 566 subji.

559 579 734 643 --cilur,
767 578 871 630 vult
894 585 949 628 ut
977 575 1242 629 obediatur
1271 575 1380 628 ι·οεὶ
1421 572 1662 634 Domini,
1695 573 1793 626 nisi
1823 573 1946 640 quia
1977 571 2156 623 omnia

573 668 713 722 bona
745 680 906 735 opera
948 664 1316 732 postponcuda
1358 678 1480 717 sunt
1512 663 1594 718 his
1639 662 1792 716 bonis
1814 676 1934 729 qua:
1958 659 2151 727 juben-

556 759 695 811 t-tur?
723 757 855 810 Nam
883 771 1004 808 cum
1033 755 1168 807 bene
1194 754 1395 823 praelati
1419 754 1629 820 iubent,
1663 754 1799 806 bona
1829 767 1947 820 qua:
1973 767 2038 806 ex
2069 767 2155 802 ar-

559 849 733 902 bitrio
762 846 988 913 subjecti
1032 845 1253 911 eligunt,
1300 845 1640 913 prmlatorum
1671 843 1907 912 imperiis
1937 849 2158 909 postpo-

571 948 790 992 nuntur.
816 935 934 1005 Ipsa
974 951 1105 989 vero
1151 950 1313 1003 opera
1347 935 1449 988 illis
1492 933 1811 1003 po~tposita,
1843 933 2151 989 holocausta

569 1039 626 1082 ct
653 1026 1272 1099 victimzcmominan'ur,
1297 1034 1354 1077 ut
1378 1040 1484 1077 non
1514 1025 1686 1078 solum
1719 1025 2018 1077 sentiantur
2046 1038 2153 1075 nun

572 1135 692 1174 esse
735 1115 1058 1172 canit-renda
1104 1115 1368 1184 majorum
1397 1115 1636 1183 imperiis
1664 1115 1928 1167 minorum
1962 1129 2150 1182 parva,

571 1213 664 1268 sed
705 1212 935 1266 maxima
967 1207 1280 1264 holocausta
1322 1210 1536 1278 quidem
1565 1219 1751 1263 eorum
1796 1217 1940 1272 sunt,
1973 1209 2064 1278 qui
2093 1224 2152 1263 se

553 1302 790 1356 omnino
819 1302 1136 1355 subtrahere
1160 1301 1346 1355 volunt
1371 1317 1399 1354 a
1426 1301 1640 1369 publico
1669 1315 1854 1366 opere,
1879 1307 1937 1353 ut
1958 1299 2070 1354 Deo
2093 1316 2151 1354 se

569 1404 715 1450 totos
745 1410 838 1465 per
864 1409 1103 1447 amorem
1126 1393 1438 1448 combustos
1458 1392 1686 1446 oll‘erant
1707 1393 1759 1446 in
1781 1400 1992 1447 secreto
2016 1407 2149 1446 con-

569 1485 950 1556 templationis.
985 1482 1226 1538 Victimm
1250 1494 1376 1536 sunt
1400 1496 1586 1536 eorum
1617 1483 1705 1551 qui
1735 1496 1795 1536 se
1821 1495 1850 1534 a
1877 1481 2148 1535 communi

566 1575 784 1643 publico
833 1587 1171 1643 nequaquam
1212 1580 1487 1642 separant,
1518 1573 1611 1628 sed
1659 1573 1915 1640 singulari
1955 1573 2149 1626 virtue

565 1670 756 1732 agunt,
793 1670 853 1716 ut
899 1662 1124 1717 virtutes
1163 1662 1389 1717 aliorum
1419 1662 1716 1717 districtius
1743 1661 1972 1716 vivendo
2004 1669 2148 1714 tran-

2259 585 2383 624 cere
2409 585 2570 640 quam
2616 588 2667 624 m
2703 571 2821 640 guis
2844 571 3065 640 jeju'niis
3100 587 3291 641 corpus
3333 584 3563 645 atterere,
3589 594 3664 637 aut
3686 604 3755 656 per

2259 662 2727 729 compunctionem
2767 679 2825 715 se
2858 662 2910 715 in
2949 663 3226 717 sceretiori
3269 666 3518 724 sacriﬁcio
3553 686 3752 734 mactare.

2258 749 2395 816 Quid
2437 760 2520 805 est
2543 753 2684 806 enim
2713 754 2878 822 adeps
2916 754 3142 807 arietum
3173 755 3272 809 nisi
3301 758 3497 828 pinguis
3523 773 3571 815 et
3595 765 3754 825 interm

2256 841 2472 894 devotio
2501 843 2754 896 electuris
2783 844 2805 895 ἲ
2850 841 2894 895 Α
2914 835 3075 912 li'pem
3106 857 3234 912 ergo
3275 847 3491 901 arietum
3517 850 3665 915 oll'e't,
3690 863 3756 924 qui

2256 928 2310 982 in
2337 930 2513 984 studio
2544 940 2765 986 secretae
2792 935 3220 988 conversationi~
3240 936 3441 991 devota:
3462 942 3680 997 «rationis
3699 949 3758 999 at.

2254 1013 2455 1074 fectum
2484 1022 2666 1076 habet.
2699 1022 2886 1077 Melior
2913 1034 2988 1077 est
3011 1034 3177 1078 tamen
3203 1025 3481 1081 obedientia
3505 1048 3635 1100 quam
3654 1035 3759 1088 rirti.

2254 1129 2372 1175 mw.
2401 1122 2451 1168 et
2471 1131 2625 1184 quam
2643 1116 2832 1184 o/ferre
2850 1116 3057 1186 adipem
3071 1117 3307 1170 arietum.
3333 1117 3459 1184 Quia
3480 1123 3562 1190 qui
3578 1125 3762 1192 perfecto

2253 1201 2586 1258 voluntatem
2613 1205 2960 1274 praeceptoris
2986 1206 3065 1260 sui
3090 1207 3310 1274 implere
3328 1209 3516 1276 didicit,
3539 1213 3584 1268 in
3607 1217 3686 1270 con
3713 1219 3763 1271 sli

2255 1296 2444 1362 regno,
2495 1303 2551 1347 et
2597 1294 2991 1349 abstinentibus
3039 1305 3095 1350 et
3141 1296 3386 1352 ﬂentibus
3435 1304 3643 1359 excellit.
3680 1306 3762 1364 Hoc

2258 1394 2428 1452 certe,
2450 1386 2572 1453 quia
2596 1394 2785 1439 contra
2809 1387 3204 1455 superbientem
3227 1397 3382 1456 atque
3408 1400 3577 1459 aperte
3601 1393 3763 1450 Domini

2256 1476 2506 1530 mandata
2555 1486 2882 1533 contemnen
2907 1487 2992 1533 em
3049 1479 3201 1545 dicit,
3244 1497 3346 1535 non
3375 1482 3568 1538 confert
3608 1486 3763 1543 bonum

2253 1566 2396 1633 quod
2425 1565 2552 1621 fecit
2581 1569 2721 1623 bono
2749 1570 2892 1638 quod
2937 1573 3298 1640 contempsit;
3328 1571 3420 1624 sd
3446 1574 3560 1628 boni
3586 1577 3763 1633 simula-

2255 1658 2452 1712 tionem
2476 1659 2725 1723 destiuit,
2752 1662 2987 1717 melioris
3008 1662 3078 1716 bo
3120 1662 3136 1716 i
3157 1671 3372 1716 ostensa
3400 1665 3619 1720 veritate.
3639 1668 3762 1734 Quasi

566 1751 843 1807 scendunt.
879 1750 1006 1806 ﬂare
1035 1752 1272 1821 quidem,
1299 1761 1353 1807 et
1390 1751 1697 1821 hujusmodi
1727 1767 1850 1808 cum
1880 1753 2144 1806 bonorum
2181 1751 2224 1808 Β
2249 1748 2392 1802 dicat
2418 1766 2431 1810 ;
2464 1747 2529 1801 Et
2555 1749 2600 1802 si
2636 1761 2734 1819 pro
2764 1744 3132 1806 excellentiori
3161 1754 3414 1806 virtutum
3441 1755 3591 1822 gloria
3628 1761 3764 1814 excel-

566 1854 833 1901 rectorum
864 1845 1216 1915 permissioue
1241 1854 1489 1914 aguntur,
1514 1843 1742 1898 victima:
1761 1850 1816 1898 et
1836 1842 2148 1897 holocausta

564 1946 708 2004 sunt,
736 1953 854 2006 qua:
880 1937 1018 1992 Deus
1039 1939 1234 2007 probat
1257 1955 1268 1990 :
1294 1953 1413 1992 cum
1441 1953 1570 1990 vero
1597 1936 1676 1991 sic
1700 1937 1853 2000 liunt,
1887 1943 1944 1989 ut
1970 1950 2066 2004 per
2085 1950 2148 1990 ea

565 2027 828 2096 majorum
854 2037 1122 2098 pmcepta
1150 2029 1510 2098 negligantur,
1535 2029 1755 2082 audiant
1774 2027 1866 2097 qui
1891 2029 2145 2088 ollerunt,

562 2119 692 2186 quid
727 2135 756 2172 a
791 2119 1018 2174 Domino
1048 2119 1242 2173 missus
1269 2119 1339 2174 ad
1383 2119 1779 2174 inobedientem
1812 2133 1993 2189 regem
2025 2134 2148 2186 pro-

564 2212 725 2280 pheta
755 2210 988 2280 loquitur
1011 2226 1025 2265 :
1048 2208 1296 2280 Nunquid
1335 2209 1437 2263 uult
1462 2209 1602 2263 Deus
1643 2208 1942 2262 holocausta
1965 2219 2013 2262 et
2039 2209 2144 2261 ric-

563 2303 738 2366 timas,
769 2313 816 2355 et
844 2318 944 2355 non
977 2301 1146 2370 potius
1173 2309 1230 2353 ut
1257 2299 1525 2354 obediatur
1563 2301 1672 2352 voci
1696 2297 1911 2352 Domini
1928 2299 1952 2351 ἒ)
1982 2297 2143 2364 Quasi

561 2392 708 2461 jussa
739 2400 950 2461 patrum
976 2391 1125 2445 velut
1145 2391 1353 2444 minuta
1381 2389 1757 2457 despicientes,
1787 2398 1841 2442 et
1862 2404 1958 2443 sui
1990 2388 2145 2456 quasi

563 2483 769 2549 majora
809 2480 1127 2535 exhibentes
1164 2481 1397 2543 terreat,
1436 2478 1620 2532 dicens
1652 2495 1665 2531 :
1700 2476 1818 2532 Hoc
1857 2478 1980 2546 quia
2023 2495 2142 2532 ma-

561 2585 724 2640 gnum
755 2584 914 2637 agere
941 2568 1160 2638 putatis,
1191 2581 1434 2636 parvum,
1461 2575 1516 2620 et
1545 2565 1810 2634 ahjectum
1835 2566 2141 2636 despicitis;

549 2658 659 2713 .sed
687 2659 730 2712 si
755 2665 940 2726 aperte
967 2655 1206 2720 cernili',
1234 2670 1327 2726 per
1355 2655 1457 2710 hoc
1480 2653 1707 2710 Domino
1741 2669 1847 2710 non
1898 2657 2143 2726 placetis.

561 2752 710 2807 Bene
736 2763 937 2816 autem,
969 2751 1095 2806 dum
1124 2749 1481 2818 superborum
1506 2763 1643 2817 opus
1671 2748 1978 2813 discutitur,
2009 2759 2142 2817 pro-

557 2844 722 2913 pheta
753 2850 908 2897 acute
953 2840 1208 2908 exquirit,
1233 2840 1414 2894 dicens
1440 2855 1452 2891 :
1477 2836 1730 2908 Nunquid
1749 2838 1852 2892 uult
1881 2837 2024 2892 Deus
2049 2839 2143 2892 lio-

547 2937 794 2990 Jocausta
831 2940 880 2988 et
922 2933 1188 2996 victimas,
1230 2940 1278 2984 et
1307 2947 1409 2984 non
1430 2934 1600 2997 potius
1636 2938 1692 2983 ut
1733 2929 2002 2985 obediatur
2036 2933 2144 2985 voci

2255 1837 2373 1892 lens
2399 1837 2598 1893 bonum
2627 1841 2925 1909 quazrehas,
2955 1841 3159 1895 bonum
3190 1841 3520 1907 obedientir,
3548 1848 3673 1916 quod
3693 1867 3757 1904 ex.

2251 1930 2570 1985 cellentibus
2586 1933 2747 1986 etiam
2780 1931 3011 1998 emellit,
3040 1933 3241 2002 eligere
3264 1935 3434 2003 potius
3460 1935 3678 1995 debuisti.
3698 1943 3763 1997 Sic

2251 2022 2495 2091 proiecto
2539 2025 2764 2094 loquens
2811 2025 3208 2080 simulationem
3241 2027 3363 2080 boni
3412 2037 3766 2096 argumentandi

2249 2113 2513 2178 destruit;
2546 2115 2641 2170 sed
2675 2115 3060 2186 ~ubjuugendo,
3098 2131 3292 2184 parens
3316 2118 3656 2176 iuohcdientie
3677 2141 3759 2177 rna-

2251 2204 2358 2259 lum
2382 2215 2568 2274 ape-te
2595 2204 2900 2274 confundit,
2929 2204 3115 2263 dicens
3140 2226 3154 2261 :

2327 2312 2504 2381 (Ἴθι-ε.
2564 2312 2697 2383 25.)
2755 2312 3011 2378 Quoniam
3053 2319 3205 2396 quasi
3261 2331 3510 2387 peccatum
3557 2325 3764 2377 ariolandi

2245 2413 2343 2504 esto,
2393 2421 2718 2476 repugnare;
2745 2417 2797 2460 et
2817 2408 2964 2478 quasi
3010 2409 3173 2463 scelus
3194 2411 3516 2477 idololatriae,
3562 2416 3675 2468 nolle
3705 2433 3758 2469 as-

2243 2509 2520 2562 quiescere.

2319 2582 2406 2635 24.
2439 2583 2704 2650 Quidnam
2759 2595 2860 2653 est,
2903 2592 3047 2659 quod
3085 2591 3272 2646 a-iolis
3312 2601 3366 2648 et
3390 2593 3669 2660 idololatris,
3704 2615 3760 2650 re-

2254 2686 2569 2744 pugnantes,
2593 2687 2650 2732 et
2676 2681 3021 2749 acquiescere
3043 2683 3292 2739 nolentes
3316 2700 3345 2739 a
3366 2686 3604 2756 propheta
3621 2698 3640 2722 ἰ
3655 2689 3764 2742 sitni-

2252 2765 2430 2820 lantur
2447 2806 2462 2832 ,
2492 2768 2592 2822 nisi
2621 2769 2746 2837 quia
2769 2770 2922 2825 arioli
2951 2771 3129 2828 divina
3154 2789 3484 2842 cognoscere
3510 2787 3649 2846 atque
3669 2783 3761 2831 alu-

2249 2870 2413 2909 cnnsa
2463 2856 2702 2912 divinare
2751 2859 3105 2926 nitebantur;
3161 2863 3457 2919 idololatraa
3504 2877 3654 2920 autem
3692 2867 3760 2932 lig.

2251 2949 2447 3002 mentis
2491 2965 2550 3004 se
2590 2950 2896 3004 venerando
2939 2953 3036 3006 sub
3060 2953 3274 3008 'idere?
3312 2955 3413 3022 Qui
3439 2967 3598 3010 autem
3641 2973 3764 3025 repu~

549 3025 808 3082 Domini?
837 3024 1082 3093 Exquirit
1111 3022 1399 3091 siquidem,
1430 3031 1489 3075 ut
1513 3022 1782 3090 sUperbize
1810 3030 1990 3075 tumor
2019 3033 2139 3090 pas-

2246 3047 2410 3106 gnaut
2439 3041 2780 3108 przelatorum
2811 3037 3070 3110 imperiis,
3120 3043 3251 3098 ideo
3280 3047 3459 3115 utique
3502 3022 3699 3117 repugua
3733 3060 3760 3110 I,

558 3119 717 3174 torali
747 3117 1070 3172 auctoritate
1114 3113 1357 3170 feriatur.
1391 3113 1529 3168 Dicit
1561 3133 1573 3165 :
1602 3110 1854 3183 Nunquid
1878 3114 1979 3166 uult
2001 3112 2141 3165 Deus

563 3211 860 3265 holocausta
883 3218 930 3261 et
952 3208 1218 3261 uictimas?
1239 3203 1373 3270 Quia
1390 3205 1479 3272 qui
1494 3203 1646 3272 sequi
1666 3205 1934 3272 propriam
1953 3207 2141 3256 volun-

559 3311 669 3355 tem
699 3302 853 3370 361
888 3300 1114 3366 eligunt,
1158 3297 1268 3351 Deo
1297 3297 1510 3366 placere
1532 3313 1592 3351 se
1622 3301 1844 3365 putant;
1876 3295 1973 3350 sed
2003 3295 2142 3349 Deus

555 3407 746 3447 eorum
791 3405 982 3458 opma,
1017 3403 1137 3443 cum
1168 3403 1358 3457 magna
1401 3400 1456 3442 et
1478 3388 1712 3456 ingentia
1748 3393 1906 3451 sunt,
1939 3398 2143 3454 nequa-

558 3499 719 3553 quam
751 3483 962 3551 pt‘ubl.
1007 3479 1113 3534 Sed
1157 3479 1268 3548 jam
1305 3478 1501 3550 quibus
1546 3477 1790 3532 laudibus
1835 3477 2142 3533 obedientia

553 3573 899 3643 przcdicanda
929 3572 998 3625 sit
1028 3569 1320 3637 subiunxit,
1353 3578 1515 3638 atque
1540 3569 1614 3622 ait
1646 3587 1658 3620 :

630 3664 804 3736 (νει-ε.
837 3661 948 3731 22.)
984 3661 1173 3715 Melior
1201 3671 1278 3714 est
1297 3661 1436 3716 enim
1482 3660 1770 3714 obedientia
1803 3673 1954 3731 quam
2003 3660 2148 3713 uicti-

555 3774 676 3823 mie,
699 3768 747 3811 et
771 3756 1062 3810 auscultare
1086 3755 1254 3826 magis
1280 3771 1434 3826 quam
1461 3755 1648 3823 oﬂ'crre
1676 3755 1880 3824 adipem
1905 3759 2140 3809 arietum.

631 3849 722 3904 25.
772 3849 906 3915 Quia
954 3847 1098 3902 enim
1128 3848 1374 3917 superius
1401 3847 1512 3900 ait:
1566 3845 1817 3919 Nunquid
1855 3848 1959 3900 vult
2007 3848 2143 3900 Deus

556 3943 858 3997 holocausta
885 3951 932 3994 el
961 3941 1192 3994 uictimas
1213 3939 1241 3992 .7‘
1279 3938 1526 4006 Nunquid
1567 3947 1852 4009 utrumque
1879 3939 2139 3994 obedien-

561 4037 647 4086 tizn
704 4029 948 4086 laudibus
985 4030 1296 4098 subiiciens,
1342 4025 1470 4082 dum
1520 4029 1767 4084 victimas
1815 4037 1870 4084 et
1914 4031 2141 4084 arietum

557 4122 773 4189 adipem
825 4122 1043 4188 posuit,
1097 4119 1151 4172 in
1205 4117 1360 4186 adipe
1409 4117 1780 4172 holocaustum
1836 4119 2142 4174 intellexit?

553 4209 826 4276 Quidquid
859 4208 1048 4261 melius
1068 4214 1168 4269 est,
1197 4207 1338 4262 bono
1367 4207 1552 4276 utique
1573 4207 1768 4262 melius
1795 4213 1899 4278 es".
1929 4208 2017 4262 llla
2047 4223 2144 4263 an-

560 4308 669 4353 tem
695 4298 1003 4350 holocausta
1036 4306 1088 4350 et
1118 4296 1366 4358 victimae,
1391 4311 1523 4366 quas
1549 4311 1654 4351 non
1682 4298 1796 4351 vult
1816 4297 1975 4365 Dens,
1999 4299 2137 4354 bona

554 4390 781 4444 minime
810 4397 950 4441 sunt.
984 4386 1120 4453 Quid
1145 4399 1220 4441 eat
1253 4396 1405 4454 ergo,
1431 4385 1575 4456 quod
1601 4388 1652 4442 iu
1677 4389 1996 4445 obedientie
2027 4391 2137 4444 lau-

559 4483 653 4535 des
675 4479 884 4534 dicitur.
912 4476 1100 4530 Melior
1118 4486 1193 4530 est
1214 4475 1499 4531 obedientia
1519 4493 1668 4550 quam
1689 4481 1925 4545 uictimis,
1949 4493 1998 4534 et
2019 4499 2139 4536 aus-

558 4572 754 4625 cultare
780 4583 934 4641 quam
980 4569 1170 4638 oﬂ'erre
1209 4569 1412 4638 adipem
1440 4573 1679 4638 arietum,
1730 4572 1829 4626 nisi
1857 4573 1981 4642 quia
2012 4581 2140 4630 tuu‘c

559 4660 865 4717 obedientia
897 4659 1086 4713 melior
1115 4665 1197 4712 est
1219 4698 1234 4722 ,
1271 4675 1392 4712 cum
1423 4659 1796 4715 holocau-tum
1839 4672 1895 4716 et
1925 4664 2136 4717 victima

559 4756 701 4809 mala
733 4769 837 4809 non
883 4753 1008 4808 est?
1035 4750 1198 4818 Quasi
1224 4767 1355 4822 ergo
1382 4755 1776 4824 siuperbientes,
1823 4759 2137 4814 iuobedien-

557 4857 745 4920 tesque
766 4852 831 4906 ad
849 4853 980 4908 tanti
997 4851 1120 4907 boni
1144 4847 1633 4903 considerationem
1654 4849 1896 4919 reducat,
1917 4852 2132 4906 dicens:

550 4938 625 4992 Et
650 4941 695 4994 si
724 4941 797 4996 nil
828 4957 857 4997 a
886 4943 1038 4998 vobis
1065 4935 1162 5012 per
1189 4940 1654 5010 prxsumptionem
1683 4938 1856 5006 ﬁeret,
1884 4943 2138 4998 obedien-

559 5032 645 5084 ηε
672 5030 840 5085 virtus
873 5031 1124 5101 operibus
1154 5047 1272 5101 qua:
1301 5029 1496 5099 eligitis
1525 5030 1717 5086 melior
1752 5042 1914 5087 esset.
1947 5032 2139 5104 Liquet

557 5130 705 5188 ergo,
739 5134 847 5188 quo
875 5120 973 5174 sita
993 5122 1063 5175 sit
1089 5121 1343 5183 culmine,
1370 5135 1531 5188 quam
1557 5120 1749 5176 divinis
1777 5122 2138 5182 oblationibus

556 5207 819 5278 propheta
845 5208 976 5263 vidit
1001 5209 1270 5265 altiorem.
1311 5208 1462 5275 Quod
1492 5211 1556 5275 si,
1581 5219 1638 5264 ut
1670 5229 1857 5282 supra,
1883 5215 2136 5285 spiritua-

555 5299 661 5354 lem
689 5313 902 5356 sensum
931 5302 1227 5370 sequimur,
1257 5300 1487 5356 victima:
1512 5301 1580 5354 ad
1611 5317 1816 5373 magna:
1840 5318 2131 5361 conversa-

559 5393 719 5447 tionis
766 5395 1156 5462 austeritatem,
1201 5391 1515 5449 holocauSIa
1558 5394 1624 5448 ad
1665 5399 2131 5464 compunctionem

555 5485 676 5538 vine
705 5485 1012 5540 secretioris
1039 5484 1318 5540 referenda
1345 5493 1490 5540 sunt.
1513 5484 1716 5541 Melior
1749 5496 1827 5541 est
1854 5490 1986 5543 inim
2021 5489 2137 5544 obe-

554 5575 750 5628 dienria
780 5591 930 5645 quam
954 5575 1190 5642 uictima,
1214 5587 1264 5629 et
1285 5577 1576 5632 auscultare
1603 5581 1767 5650 magis
1797 5596 1947 5651 quam
1978 5582 2138 5655 oﬁ'er-

560 5681 615 5716 re
656 5666 873 5717 arietem
904 5665 1126 5732 adipem.
1181 5663 1314 5730 Quia
1371 5667 1525 5734 longe
1569 5667 1776 5725 altioris
1821 5670 1998 5727 mcriti
2051 5685 2132 5728 est

634 5764 661 5793 ⁸
686 5753 952 5822 Corrupto
981 5756 1030 5807 in
1054 5755 1171 5809 a'iis
1200 5757 1262 5810 ed
1273 5759 1353 5812 itis
1374 5761 1706 5816 siuntiuntur.

2246 3129 2368 3196 quia
2397 3129 2631 3183 divinam
2659 3132 2989 3186 voluntatem
3020 3149 3079 3188 se
3126 3135 3272 3188 scire
3304 3135 3488 3192 melius
3532 3137 3759 3190 a‘stimant.

2245 3215 2409 3282 Quasi
2447 3232 2577 3286 ergo
2607 3229 2884 3288 peccatum
2917 3222 3180 3276 ariolaudi
3213 3233 3299 3278 est
3327 3240 3601 3295 repugnare
3623 3243 3633 3276 :
3655 3226 3746 3291 quia

2250 3307 2395 3360 velut
2441 3317 2763 3378 contempto
2817 3307 3004 3365 divino
3058 3309 3242 3376 altari,
3275 3311 3341 3365 ad
3387 3328 3500 3367 aras
3525 3313 3760 3366 dmmonum

2249 3411 2506 3464 reslonsa
2539 3398 2866 3467 percipiunt,
2899 3399 3024 3453 dum
3064 3401 3247 3456 cordis
3290 3403 3371 3456 sui
3402 3403 3698 3471 prtestigiosis
3720 3417 3762 3456 ac

2249 3487 2496 3556 superbis
2512 3488 2977 3544 adinvcntionibus
2992 3490 3242 3554 credunt,
3263 3500 3317 3546 et
3335 3489 3610 3546 salubribus
3621 3489 3758 3562 pra-la-

2247 3586 2425 3633 torum
2449 3580 2686 3634 consiliis
2712 3582 2982 3644 contraria
3014 3583 3300 3638 sentiendo
3329 3583 3652 3651 refragantur.
3672 3581 3762 3634 Nul-

2249 3665 2300 3720 le
2329 3675 2507 3721 autem
2537 3669 2903 3737 acquiescere,
2930 3669 3252 3725 idololatriae
3279 3672 3462 3726 sceleri
3491 3671 3643 3726 simile
3666 3669 3743 3720 diri

2249 3765 2367 3819 tur;
2396 3758 2518 3826 quia
2547 3758 2792 3812 nimirum
2836 3759 2890 3812 in
2921 3761 3302 3816 inobedientiic
3325 3777 3438 3816 sum
3463 3759 3763 3815 obstinatione

2247 3861 2408 3901 nemo
2429 3847 2758 3915 persisteret,
2783 3849 2826 3903 si
2850 3850 3111 3918 prepositi
3134 3853 3218 3904 sui
3239 3851 3536 3918 figmentum
3554 3850 3600 3903 in
3625 3848 3763 3908 corde,

2245 3934 2397 4003 Quasi
2421 3933 2620 3990 idolum
2648 3951 2754 3991 non
2787 3945 3042 4005 gestaret.
3077 3938 3211 3992 Dum
3243 3941 3386 3994 enim
3407 3942 3594 4008 agenda
3618 3938 3662 3991 in
3685 3951 3772 3992 cor-

2245 4023 2314 4080 de
2346 4026 2604 4096 concipit,
2645 4027 2802 4094 quasi
2841 4027 3001 4099 362
3032 4028 3234 4084 idolum
3266 4030 3413 4094 facit,
3462 4041 3512 4086 et
3538 4030 3646 4085 dum
3672 4044 3766 4082 cor.-

2243 4122 2460 4182 ceptum
2510 4117 2706 4171 mentis
2754 4118 3090 4186 proposium
3147 4135 3208 4174 se
3257 4129 3497 4175 acturum
3540 4121 3770 4180 deliberat,

2245 4205 2398 4273 quasi
2427 4205 2495 4260 ad
2536 4205 2867 4263 adorandum
2913 4210 3259 4266 simulacrum
3297 4229 3358 4266 se
3396 4211 3620 4266 inclinat.
3644 4207 3769 4275 Qﬂﬂﬂ

2173 4330 2220 4388 ο
2245 4313 2375 4365 ergo
2403 4301 2580 4356 scelus
2607 4302 2922 4358 idolola'riae
2974 4313 3076 4373 est,
3107 4307 3253 4361 nolle
3292 4308 3650 4376 acquiescere:
3677 4304 3772 4374 quia

2245 4388 2488 4457 quisquis
2514 4391 2566 4446 in
2615 4393 2836 4463 pr0pria
2864 4393 3256 4450 deliberatione
3284 4397 3574 4452 obstinatus
3598 4404 3685 4460 est,
3710 4393 3770 4447 id-

2245 4477 2392 4532 circo
2421 4481 2549 4536 foris
2581 4481 2634 4536 in
2684 4482 2949 4552 majorum
2997 4499 3028 4540 c
3053 4493 3369 4556 mtemptum
3413 4487 3637 4553 erigitur,
3675 4483 3774 4552 quia

2245 4567 2388 4624 intus
2434 4569 2513 4624 eis
2539 4585 2658 4640 qua:
2691 4572 2938 4641 ﬁngendo
2977 4576 3169 4630 statuit
3205 4593 3342 4647 prop
3367 4578 3464 4631 .siti
3492 4577 3568 4632 sui
3595 4573 3772 4629 simula-

2243 4659 2350 4714 cris
2392 4661 2720 4717 incuri-stur.
2769 4665 2874 4718 Sed
2900 4665 3248 4734 quaerendum
3277 4667 3434 4724 valde
3473 4676 3566 4731 est,
3604 4679 3689 4719 cur
3712 4677 3774 4716 re-

2246 4767 2481 4822 Puguare
2507 4754 2767 4810 ariolandi
2794 4766 3044 4826 peccato,
3074 4767 3130 4812 et
3157 4760 3307 4814 nolle
3335 4759 3662 4828 acquiescere
3683 4768 3772 4808 sce-

2243 4843 2338 4898 leri
2388 4843 2708 4899 idololatriae
2756 4855 3124 4918 comparatur.
3163 4847 3358 4903 Scelus
3386 4848 3575 4917 quippe
3598 4842 3774 4900 nonnisi

2242 4951 2491 5004 magnum
2546 4945 2822 5006 peccatum
2873 4936 3090 5005 dicitur,
3142 4948 3420 5010 peccatum
3471 4952 3592 4992 vero
3636 4934 3770 4989 etiam

2239 5024 2383 5091 quod
2415 5023 2532 5078 leve
2575 5031 2659 5079 Cat
2687 5025 3034 5090 nominatur;
3087 5025 3182 5080 sed
3211 5027 3254 5080 si
3285 5016 3355 5081 ab
3382 5030 3472 5080 ara
3499 5022 3773 5078 dicebantur

2240 5114 2414 5178 arioli,
2445 5129 2512 5168 eo
2540 5114 2682 5185 quod
2725 5129 2980 5184 reSponsa
3023 5117 3303 5186 percipere
3331 5113 3647 5171 consulendo
3666 5128 3772 5168 con-

2238 5212 2547 5269 sueverant,
2579 5205 2895 5262 idololatria:
2923 5215 3201 5276 peccatum
3227 5208 3283 5261 in
3311 5206 3428 5275 ejus
3455 5201 3771 5274 comparato-

2242 5314 2308 5353 ne
2333 5301 2509 5355 scelus
2537 5311 2675 5368 erat,
2701 5303 2824 5370 quia
2855 5302 3158 5358 dementius
3192 5312 3311 5358 erat
3353 5294 3555 5374 lapides
3582 5303 3772 5355 adorari

2239 5405 2400 5454 quam
2446 5392 2548 5446 sub
2594 5393 2774 5462 specie
2801 5393 3102 5448 divinorum
3132 5393 3260 5448 falsa
3295 5395 3433 5450 bene
3463 5391 3658 5448 vivendi
3682 5401 3770 5442 res.

2241 5495 2406 5548 ponsa
2435 5484 2728 5552 percipere.
2775 5481 2884 5538 Cur
2913 5498 3041 5552 ergo
3071 5498 3372 5554 repugnare
3397 5493 3659 5555 peccatum
3695 5493 3770 5547 Ρεν

2236 5572 2636 5630 similitudinem
2676 5588 2794 5629 esse
2827 5573 3040 5641 dicitur,
3071 5575 3417 5646 acquiescere
3443 5583 3612 5629 autem
3653 5569 3768 5624 nolle

2233 5660 2450 5716 scelus?
2485 5659 2598 5717 Sed
2641 5674 2939 5732 repugnare
2967 5670 3051 5718 est
3096 5663 3165 5718 ab
3192 5662 3505 5734 imperantis
3535 5660 3768 5716 voluntate
