3948 6284
189 358 278 415 455
997 360 1065 412 IN
1104 357 1362 417 PRIMUM
1403 363 1647 422 REGUM
1686 367 2195 426 EXPUSI'I';0.\'ES.
2234 399 2301 411 —
2342 373 2468 426 LIB.
2516 374 2574 428 \’.

3315 391 3419 444 455

184 471 434 528 dissidere.
467 470 708 538 Plerique
752 481 929 525 autem
969 473 1037 526 ad
1062 474 1257 529 horam
1306 491 1606 547 repugnare
1653 480 1729 533 vi-
1761 489 1801 538 Α
1836 494 1955 532 men
1989 479 2250 549 perdant:
2283 484 2423 540 unde
2448 495 2503 540 et
2530 488 2811 544 subditur:

183 567 367 622 dentur,
397 561 521 614 dum
543 562 720 615 statim
751 578 844 631 pri
864 564 1164 631 positorum
1187 566 1413 634 imperia
1442 584 1549 623 non
1594 570 1730 625 reci-

183 657 334 722 piunt,
361 652 447 720 qui
491 660 668 705 tamen
697 643 902 707 eisdem
933 655 1170 724 imperiis-
1194 665 1316 727 post
1339 660 1610 716 modicum
1640 678 1729 715 ³η-

179 747 448 811 quiescunt.
477 741 628 796 Nolle
653 751 832 796 autem
865 747 1227 812 acquiescere,
1260 748 1392 816 quid
1434 757 1518 805 est
1546 751 1645 806 nisi
1673 761 1726 805 et

181 834 399 900 injuncte.
427 833 747 886 obcdientiac
773 849 1095 903 repugnare,
1126 846 1174 889 et
1207 838 1260 891 in
1296 838 1533 905 ejusdem
1557 856 1720 910 repu-

177 924 403 991 gnationi
425 923 784 979 obstinatione
803 927 1130 994 persiste-re?
1153 927 1269 982 Non
1300 930 1442 984 enim
1473 933 1720 1010 acquies-

177 1023 302 1072 cunt,
323 1013 406 1078 qui
436 1013 486 1066 in
509 1013 690 1067 cordis
710 1015 791 1068 sui
823 1017 1100 1084 proposito
1132 1018 1466 1073 iuvincibiles
1494 1029 1637 1086 sunt,
1670 1030 1726 1076 et

177 1119 275 1170 que
296 1101 584 1156 decernunt
610 1116 770 1170 agere
799 1104 998 1157 nullius
1041 1108 1365 1162 auctoritate
1407 1109 1723 1177 pmtermit-

175 1201 288 1246 tunt.
320 1191 498 1245 Merito
528 1194 690 1260 igitur
719 1194 771 1246 in
812 1196 1218 1263 comparatione
1243 1201 1572 1268 repugnandi
1603 1217 1723 1257 sce-

174 1287 242 1341 lus
266 1287 393 1340 nolle
431 1289 772 1357 tri-quiescere
801 1290 1021 1350 dicitur.
1069 1292 1208 1360 quod
1241 1294 1414 1360 majus
1456 1295 1537 1346 val
1577 1310 1609 1348 e
1639 1307 1720 1347 at-

173 1392 259 1444 que
293 1376 588 1432 horribilius
633 1382 906 1448 peccaturi
956 1397 1076 1435 esse
1115 1383 1376 1437 videatur.
1409 1387 1543 1450 Quia
1590 1400 1720 1453 ergo

172 1469 243 1532 qui
271 1465 556 1532 hujusmodi
601 1478 748 1530 sum,
792 1469 1092 1524 rationibus
1140 1487 1243 1524 non
1275 1475 1581 1538 vincuntur,
1613 1492 1717 1544 qua

172 1569 300 1623 pmna
326 1555 705 1623 cohibeanturr
719 1559 982 1629 propheta
1015 1559 1226 1626 intulit,
1247 1562 1431 1616 dicens
1460 1582 1472 1616 :

228 1643 381 1713 (γει-ε.
409 1643 522 1713 25.)
543 1646 652 1700 Pro
675 1665 734 1701 eo
759 1649 895 1719 quod
913 1651 1149 1721 abjecisti
1176 1669 1459 1708 sermonem
1484 1654 1714 1723 Domini,

169 1733 324 1804 κῆρι-ξι
353 1744 398 1787 te
428 1734 698 1802 Dominus,
730 1755 794 1792 ne
822 1741 895 1793 sis
924 1758 1036 1794 rex.

222 1824 297 1879 ‘35.
324 1826 451 1892 Quid
479 1837 560 1882 est
591 1832 764 1896 en‘m,
799 1833 940 1902 quod
981 1833 1109 1890 Saul
1149 1836 1418 1906 ahjicitur,
1461 1840 1560 1894 nisi
1588 1843 1712 1910 quia

168 1915 507 1985 iucorrigibilis
557 1901 833 1986 judicatur
849 1925 872 1977 1"
933 1923 1096 1990 Quasi
1155 1901 1286 1995 ergo
1340 1901 1523 1984 dicat:
1577 1901 1710 1998 Quia
1747 1901 1790 1960 Β

166 2015 325 2060 cuncta
344 2008 526 2064 salutis
547 2013 772 2066 consilia
801 2017 1045 2081 respuis,
1084 2034 1182 2088 pro
1212 2020 1365 2087 culpa
1398 2023 1712 2092 pervicacia:

167 2112 252 2150 non
269 2096 417 2152 debes
440 2101 619 2172 verbis
646 2103 871 2159 ulterius
889 2109 1105 2177 corrigi,
1134 2111 1226 2164 sed
1253 2111 1570 2179 abjectionis
1591 2132 1707 2184 ro:-

165 2204 218 2242 ua
253 2189 497 2247 damnari.
543 2193 817 2260 Quantum
848 2198 1030 2268 itaque
1076 2201 1250 2256 timeri
1277 2204 1472 2260 debeat
1520 2208 1708 2263 inube-

164 2279 342 2336 ilieutia:
363 2283 513 2353 culpa
535 2286 859 2354 ostenditur,
884 2291 926 2344 si
952 2291 1056 2347 hoe
1075 2300 1280 2348 attente
1308 2297 1704 2366 consideretur,

163 2371 263 2438 quia
286 2380 494 2442 propter
517 2374 659 2431 banc
681 2378 843 2432 etiam
873 2394 1026 2448 reges
1047 2380 1408 2450 deponuntur.
1437 2386 1572 2452 Quid
1599 2397 1702 2451 est,

163 2461 278 2524 quod
305 2463 373 2515 ait
399 2479 413 2515 :
443 2461 578 2525 Quia
606 2468 879 2537 projecisti
918 2486 1206 2525 sermonem
1228 2471 1464 2540 Domini,
1493 2479 1709 2548 projecit

163 2558 203 2601 te
243 2550 518 2609 Dominus?
547 2555 654 2610 Sed
685 2574 867 2614 sermo
910 2561 1220 2630 projicitur,
1260 2567 1474 2634 quando
1522 2569 1573 2621 iu
1627 2573 1706 2624 sui

160 2641 447 2700 sublimitate
502 2650 890 2704 venerabiliter
951 2669 1057 2707 non
1112 2665 1395 2722 servatur;
1448 2660 1708 2727 projicere

162 2733 294 2797 enim,
321 2744 399 2789 est
419 2735 484 2790 de
512 2753 681 2792 manus
709 2740 999 2808 aliquando
1031 2743 1132 2797 labi
1167 2744 1218 2797 in
1263 2753 1461 2800 terram
1491 2756 1706 2803 autne-

163 2825 384 2891 μηδι-πηρι-
408 2830 607 2895 sinere,
639 2841 734 2884 aut
764 2831 1031 2886 violenter
1053 2834 1280 2901 jactare.
1311 2835 1502 2891 Sermo
1525 2848 1704 2893 autem

165 2910 355 2979 Domini,
384 2917 503 2984 quia
547 2919 785 2974 salubria
817 2921 1056 2991 loquitur
1079 2925 1313 2980 cm'estis
1339 2935 1446 2980 aut
1463 2930 1705 2985 sublimis

164 3017 259 3070 est;
302 3011 384 3077 qui
426 3011 475 3065 in
509 3020 709 3067 terram
761 3016 1094 3086 negligenter
1138 3020 1438 3090 projicitur,
1489 3027 1715 3092 quando

163 3109 238 3162 per
260 3096 498 3154 desidiam
539 3118 647 3156 non
697 3103 972 3180 impletur.
1023 3105 1126 3162 Per
1154 3119 1524 3180 contemptum
1574 3129 1703 3170 vero

163 3186 418 3254 projicitur,
457 3195 678 3259 quando
709 3194 851 3249 hunc
880 3198 1113 3266 superbi
1142 3208 1195 3252 et
1219 3199 1590 3257 inobedieiites
1621 3213 1704 3258 tu-

1908 570 2084 639 (Vers.
2142 571 2257 632 9-4.)
2296 573 2543 648 Dicitque
2599 579 2733 634 Saul
2776 582 2846 635 ad
2891 584 3184 642 Santuelent
3219 609 3240 645 :.
3286 593 3424 646 l'er-s

1829 663 1960 727 rari,
1990 664 2104 731 quia
2124 667 2493 732 prwtiaricatus
2517 685 2628 723 sum
2653 687 2914 728 sermones
2947 674 3154 732 Domini
3182 690 3232 734 et
3262 685 3408 740 verba

1829 759 1918 802 tua
1928 791 1942 805 .

1895 842 1981 894 26.
2008 843 2142 909 Quid
2173 855 2275 909 est,
2326 847 2468 916 quod
2496 849 2624 902 Saul
2652 865 2682 904 a
2713 853 2971 922 propheta
3021 873 3207 913 vocem
3239 861 3418 919 Domi.

1825 931 1877 983 ni
1911 949 2014 984 non
2058 934 2306 999 atnlise,
2361 946 2416 989 et
2471 938 2666 994 malum
2725 941 2778 996 in
2836 946 3006 1001 oculis
3049 948 3165 1015 ejus
3221 950 3415 1010 fecisse

1829 1022 2262 1088 reprehenditur,
2292 1034 2346 1079 et
2381 1041 2440 1080 se
2469 1042 2721 1094 peccasse
2761 1033 2982 1091 minime
3014 1038 3243 1106 fatetur;
3295 1045 3421 1108 Sed,

1823 1124 1947 1162 cum
1994 1127 2054 1166 se
2085 1114 2240 1176 l-bjitfi
2289 1119 2354 1170 de
2400 1132 2568 1185 regno
2618 1125 2920 1193 conspicit;
2955 1145 3014 1181 se
3059 1146 3311 1198 peccasse
3358 1149 3412 1191 et

1825 1215 1861 1267 p
1886 1203 2204 1258 :eraricassi».
2235 1205 2446 1260 Domini
2473 1225 2772 1266 sermonem
2821 1224 2876 1269 et
2918 1217 3035 1285 ejus
3062 1222 3222 1275 verba
3279 1225 3413 1278 fate-

1827 1292 1957 1343 tur?
2002 1293 2098 1346 nisi
2128 1295 2250 1361 quia
2281 1299 2493 1362 snperbi
2526 1298 2593 1354 ad
2621 1309 3012 1360 contemnenda
3046 1311 3204 1364 verba
3234 1312 3410 1368 humi~

1827 1379 1955 1431 lium
2006 1383 2238 1438 audaces
2284 1398 2428 1449 sunt,
2476 1391 2568 1442 sed
2613 1392 2910 1448 electorum
2950 1413 3101 1452 more
3150 1402 3406 1471 honores,

1826 1487 1961 1537 quos
2007 1475 2268 1539 ambiunt,
2317 1489 2667 1537 contemnere
2717 1501 2824 1539 non
2869 1499 3111 1556 pessum.
3161 1492 3409 1552 Audaces

1824 1562 2035 1628 quidem
2067 1575 2191 1620 sunt
2231 1577 2290 1620 ut
2331 1572 2592 1637 majorum
2647 1585 2994 1634 contemnant
3023 1582 3268 1652 imperia,
3311 1594 3411 1642 sed

1824 1653 1996 1718 parati
2043 1671 2148 1708 non
2192 1666 2315 1710 sunt
2369 1668 2425 1712 ut
2453 1661 2559 1714 alta
2591 1663 2911 1734 relinquant.
2947 1668 3178 1726 Econtra
3221 1684 3400 1730 autem

1822 1739 2055 1797 himiiles
2098 1745 2164 1798 ad
2213 1747 2476 1815 majorum
2528 1753 2752 1822 imperia
2782 1761 3016 1828 prompti
3062 1773 3210 1831 sunt,
3251 1775 3306 1820 et
3333 1767 3404 1822 ad

1822 1833 1928 1886 alta
1981 1836 2250 1904 perdenda
2293 1842 2488 1895 SCt'IH‘i.
2521 1844 2656 1909 Quia
2685 1848 2827 1901 enim
2869 1865 2977 1905 non
3030 1863 3258 1922 terrena,
3309 1860 3403 1912 sed

1817 1922 2054 1976 C(Blt‘rlla
2095 1936 2392 1994 appetunt,
2427 1939 2655 1986 terrente
2700 1937 3042 1993 sublimitatis
3081 1943 3186 1996 alta
3226 1944 3410 2014 despi-

1815 2012 1985 2076 ciunt,
2035 2015 2279 2071 laborare
2328 2034 2426 2086 pro
2457 2022 2766 2079 cmlestibus
2794 2041 3100 2097 conantur;
3146 2035 3300 2089 subdi
3340 2038 3404 2091 li-

1815 2100 2007 2157 benter
2037 2107 2241 2169 volunt,
2275 2111 2510 2179 praeferri
2544 2114 2836 2184 refugiunt.
2867 2119 2994 2182 Saul
3025 2139 3151 2193 ergo
3181 2126 3419 2183 obedire~

1815 2191 1926 2244 Deo
1957 2194 2247 2261 relugiens,
2295 2201 2520 2266 peidere
2559 2219 2783 2272 regnum
2822 2208 3043 2277 timens,
3094 2191 3223 2282 quid
3253 2214 3408 2270 aliud;

1810 2283 1986 2344 nobis,
2034 2301 2194 2352 quam
2243 2291 2594 2356 superborum
2635 2311 2812 2351 mores
2850 2298 3101 2366 insinuat,
3140 2303 3232 2371 qui
3277 2320 3401 2359 cum

1815 2373 2108 2438 [nevolt-nt
2163 2376 2326 2441 videri
2371 2380 2516 2444 par-ri
2547 2389 2641 2434 aut
2669 2393 2981 2451 peccatores
3029 2388 3238 2454 vitant;
3274 2407 3396 2445 cum

1809 2474 2099 2532 teguntur,
2150 2466 2463 2523 humilitatis
2494 2471 2744 2527 virtutem
2789 2474 3062 2535 simulant.
3113 2478 3238 2545 Sed,
3270 2498 3396 2536 cum

1813 2555 2074 2622 compulsi
2126 2557 2469 2622 conﬁtentur,
2514 2570 2795 2630 peccatum
2831 2565 2976 2632 quod
3018 2578 3271 2622 accusant
3315 2571 3405 2624 lo-

1810 2646 2027 2710 quendo
2057 2647 2324 2701 minuunt.
2350 2647 2480 2713 Quia
2522 2650 2622 2703 etsi
2663 2666 2918 2722 peccasse
2945 2669 3249 2711 sermonem
3291 2659 3399 2713 Do-

1810 2734 1938 2790 mini
1968 2737 2364 2803 prmvaricando
2385 2729 2694 2808 'perhibu’t,
2723 2744 2967 2802 eamdem
2999 2749 3398 2815 prmvaricatio-

1813 2839 1934 2876 nem
1965 2825 2361 2893 dispensatione
2391 2831 2567 2897 potius
2612 2847 2772 2901 quam
2816 2834 3088 2892 voluntate
3114 2854 3173 2893 se
3213 2840 3396 2894 incur-

1810 2914 1944 2968 risse
1973 2919 2308 2980 menwrarit,
2351 2920 2570 2975 dicens:
2623 2922 2830 2980 Timens
2877 2927 3142 2996 populum,
3188 2938 3238 2982 et
3267 2930 3390 2983 obe-

1808 3005 1952 3058 diens
1981 3007 2090 3059 vari
2117 3024 2311 3061 eorum.
2342 3009 2501 3075 Quasi
2527 3011 2706 3067 dicat:
2749 3013 3036 3070 Peccatum
3063 3019 3205 3087 quod
3231 3019 3388 3073 fecis-

1806 3113 1866 3150 se
1904 3100 2286 3168 repreln‘udor,
2357 3113 2504 3164 tanto
2557 3103 2744 3161 leviori
2798 3123 2957 3177 parua
3007 3108 3152 3164 teriri
3207 3110 3390 3176 debet,

1808 3197 2008 3255 quanto
2034 3192 2378 3246 connnis~um
2395 3210 2498 3248 non
2518 3205 2732 3252 constat
2753 3211 2848 3266 per
2863 3199 3141 3266 malitiam,
3173 3201 3266 3255 sed
3293 3216 3384 3270 per

161 3280 294 3333 tuenti
315 3281 464 3336 corde
486 3285 775 3353 repellunt,
801 3296 856 3341 et
876 3303 1036 3343 manu
1061 3291 1390 3358 operationis
1411 3294 1699 3348 observare,

1817 3279 2198 3333 inﬁrmitatem.
2225 3282 2413 3336 Stndio
2434 3294 2613 3339 autem
2644 3294 2698 3340 et
2726 3286 3003 3342 voluntate
3027 3303 3250 3356 peccare
3277 3303 3392 3342 tua.

161 3369 488 3440 dedignantur.
529 3376 670 3443 Quia
715 3393 844 3433 vero
874 3396 982 3435 non
1029 3381 1314 3450 projicere,
1344 3385 1438 3438 sed
1468 3386 1700 3451 ahjicere

160 3473 421 3516 sermonum
451 3467 885 3535 reprehenditur,
915 3469 1018 3525 hoc
1047 3471 1221 3539 signat
1255 3488 1268 3533 ;
1299 3474 1422 3541 quia
1453 3475 1578 3527 dum
1609 3491 1700 3527 διι-

160 3549 281 3612 perhi
308 3554 566 3621 proprium
598 3556 878 3611 arbitrium
907 3568 1226 3629 sequuntur,
1257 3576 1286 3614 a
1327 3562 1556 3618 Domino
1585 3564 1703 3618 lon-

157 3653 210 3707 ge
235 3640 372 3698 liunt.
397 3645 639 3713 Abjicere
662 3649 828 3716 enim,
863 3659 944 3705 est
983 3652 1186 3720 aliquid
1230 3653 1390 3720 longe
1415 3656 1698 3724 repel!ere.

156 3728 239 3790 Qui
259 3733 384 3786 enim
406 3735 634 3792 aliorum
677 3738 926 3794 ducatum
948 3741 1108 3810 digne
1137 3743 1457 3811 suscipiunt,
1491 3761 1599 3799 non
1625 3761 1704 3801 so-

157 3816 246 3871 lum
271 3835 355 3889 per
379 3825 741 3882 obedientiam
767 3829 876 3885 Deo
905 3831 1067 3886 vicini
1092 3842 1236 3897 sunt,
1269 3834 1362 3888 sed
1392 3835 1553 3888 etiam
1577 3836 1716 3892 illos.

155 3910 193 3960 ei
217 3910 394 3968 vicinos
421 3913 642 3982 faciunt,
675 3919 763 3987 qui
795 3935 891 3990 per
919 3921 1044 3975 vitia
1069 3930 1124 3976 et
1149 3923 1350 3977 scelera
1386 3924 1453 3977 ab
1481 3940 1548 3978 eo
1580 3926 1678 3980 Ion

154 4015 207 4067 ge
230 4014 354 4060 sunt.
383 4007 507 4064 Tale
533 4021 619 4066 est
647 4011 828 4080 igitur,
859 4029 923 4068 ac
951 4014 993 4068 si
1023 4014 1165 4068 dicat
1191 4033 1204 4069 :
1238 4014 1422 4084 Longe
1453 4018 1528 4102 ab
1550 4018 1695 4072 ordi-

153 4107 210 4148 ne
224 4093 476 4165 dignitatis
513 4104 823 4173 expelleris,
853 4106 976 4174 quia
1001 4106 1275 4174 dignitatis
1303 4093 1542 4175 ejusdem
1576 4125 1694 4165 me-

155 4184 238 4238 rito
270 4202 492 4255 praesens
520 4208 642 4248 esse
689 4194 926 4250 noluisti.
958 4195 1203 4251 Meritum
1235 4199 1434 4268 quippe
1459 4200 1700 4268 dignita-

153 4275 210 4330 tis
242 4286 332 4346 est,
360 4283 665 4340 observatio
693 4287 856 4342 divini
884 4289 1055 4343 verbi.
1088 4289 1243 4356 Quod
1269 4306 1390 4345 cum
1421 4292 1700 4361 abjicitur,

153 4367 253 4431 quia
278 4373 514 4429 meritum
537 4377 811 4443 dignitatis
831 4380 1110 4444 amittitur,
1138 4382 1250 4451 ipsa
1280 4396 1498 4452 quoque
1520 4384 1694 4452 digni-

155 4464 220 4512 tas
240 4474 522 4520 smovetur.
577 4468 725 4523 Libet
755 4485 885 4540 ergo
922 4473 1140 4541 intueri,
1162 4484 1366 4542 quanta
1398 4491 1492 4542 per
1513 4477 1696 4530 inohe-

153 4547 371 4605 ilientiain
385 4559 626 4624 superbis
646 4569 887 4628 pereant,
909 4562 1136 4615 humiles
1156 4579 1229 4631 qu
1248 4576 1358 4616 tnta
1391 4565 1691 4618 lucrentur.

152 4633 211 4689 llli
235 4639 344 4696 dum
383 4645 605 4715 implere
647 4651 875 4721 propria:
904 4653 1192 4708 voluntatis
1219 4655 1496 4709 arbitrium
1533 4655 1691 4724 363

1808 3388 1909 3441 gua
1938 3377 2306 3442 praevaricatio
2333 3389 2452 3444 est;
2482 3379 2788 3436 inﬁrmitate
2811 3397 2938 3437 vero
2967 3398 3213 3452 peccare,
3238 3391 3396 3436 tanto

1808 3466 2138 3520 tolerabilius
2159 3476 2260 3526 est.
2285 3477 2488 3536 quanto
2513 3486 2578 3534 IS,
2600 3471 2689 3539 qui
2709 3483 2931 3540 peccato
2957 3473 3108 3540 snbja
3144 3480 3220 3539 et,
3243 3473 3385 3540 ejus-

1806 3557 1928 3612 dem
1959 3559 2165 3628 peccati
2193 3561 2397 3614 viribus
2424 3561 2595 3627 impar
2622 3569 2726 3615 est.
2762 3559 2826 3614 Et
2845 3561 2969 3630 quia
2997 3561 3183 3617 eadem
3211 3563 3390 3618 cordis

1807 3648 1889 3702 sui
1921 3650 2153 3703 versutia
2184 3665 2243 3702 se
2291 3650 2578 3717 przevalere
2607 3651 2926 3718 simplicium
2972 3651 3252 3706 doctorum
3283 3653 3386 3706 hu-

1808 3737 2020 3791 militati
2077 3739 2402 3804 astimant,
2444 3739 2595 3808 quasi
2646 3739 2756 3810 jam
2811 3743 3012 3797 suasim
3067 3743 3382 3812 subjuuxit,

1804 3826 1992 3882 dicens
2009 3846 2020 3881 :

1881 3918 2053 3989 (Vera.
2078 3919 2192 3987 25.)
2212 3921 2319 3975 Sed
2346 3939 2480 3976 inme
2499 3929 2671 3989 porta,
2695 3940 2888 3995 quaso,
2911 3935 3176 3996 peccatum
3196 3942 3383 3994 meum,

1801 4019 1851 4064 et
1873 4020 2123 4066 reuertere
2147 4029 2366 4078 mecum,
2397 4023 2452 4066 ut
2473 4014 2685 4068 adorem
2709 4013 3009 4070 Dominum.

1873 4097 1961 4152 27.
2002 4098 2340 4170 Corrigibilia
2371 4103 2616 4171 equidem
2649 4113 2868 4173 peccata
2914 4115 3217 4175 portantur,
3259 4109 3385 4178 quia

1807 4198 2091 4260 postquam
2122 4207 2152 4246 a
2179 4193 2537 4260 delinquentis
2564 4194 2839 4248 voluntate
2859 4195 3160 4261 discedunt,
3191 4212 3384 4266 purga-

1799 4282 1844 4336 ri
1870 4283 2236 4339 satisfactione
2257 4284 2542 4339 salubriter
2562 4295 2804 4355 possunt.
2823 4285 2939 4341 Non
2968 4296 3146 4342 autem
3165 4300 3385 4359 portau-

1800 4380 1887 4427 tur
1909 4381 2129 4442 peccata
2157 4389 2367 4440 eorum,
2392 4375 2444 4429 in
2467 4390 2694 4444 quorum
2723 4376 2993 4431 mentibus
3019 4393 3116 4447 per
3138 4379 3382 4446 imposui-

1800 4462 2039 4514 tudinem
2081 4461 2399 4517 inviscerata
2428 4472 2572 4518 sunt.
2607 4462 2755 4518 Unde
2792 4472 2845 4518 et
2871 4462 3107 4518 Joannes
3137 4466 3253 4519 ait:
3290 4465 3388 4522 Est

1798 4563 2061 4619 peccatum
2087 4553 2156 4605 ad
2183 4563 2416 4618 mortem,
2441 4571 2506 4608 ne
2531 4550 2637 4624 pro'
2664 4557 2753 4610 illo
2776 4566 2885 4608 oret
2911 4557 3022 4624 quis
3056 4555 3106 4626 (Ι
3133 4556 3296 4609 Joan.
3331 4571 3381 4612 v.

1799 4640 1910 4711 id).
1957 4641 2246 4699 Peccatum
2276 4646 2474 4713 quippe
2493 4644 2565 4698 ad
2613 4655 2840 4699 mortem
2865 4655 2986 4710 .est,
3019 4644 3162 4715 quod
3209 4645 3277 4698 ab
3315 4659 3380 4698 eo

149 4731 366 4796 gaudent,
407 4736 518 4792 Deo
548 4755 768 4810 magnos
809 4758 1034 4813 operum
1065 4745 1278 4801 labores
1317 4746 1592 4812 exhibent,
1637 4757 1693 4800 et
1728 4740 1774 4797 D
1798 4734 2168 4799 committitur,
2209 4737 2297 4804 qui
2330 4735 2646 4803 resipiscere
2680 4750 2954 4804 nunquam
2985 4743 3182 4804 potest.
3226 4734 3385 4800 Quod

150 4817 356 4876 laborum
380 4831 593 4895 praemia
617 4831 758 4886 nulla
789 4833 990 4887 habent
1015 4853 1028 4898 ;
1061 4835 1146 4889 isti
1174 4835 1298 4890 dum
1330 4852 1389 4891 se
1412 4838 1686 4900 deserunt,

148 4908 250 4963 dum
279 4915 450 4970 aliena:
495 4921 785 4988 voluntatis
814 4925 1094 4977 arbitrium
1121 4936 1438 4993 sequuntur,
1470 4932 1689 4978 αξιοι-ηερ

149 5000 452 5060 sublimitatis
480 5009 703 5074 gloriam
731 5025 1108 5080 promerentur
1133 5031 1148 5078 ;
1179 5014 1319 5068 unde
1348 5023 1400 5068 et
1428 5029 1522 5082 per
1561 5013 1693 5067 bea-

150 5097 372 5152 tissimam
407 5101 628 5156 Mariam
669 5105 875 5159 Domini
910 5107 1288 5176 Redemptoris
1330 5107 1497 5161 nostri
1541 5106 1686 5174 geni-

151 5183 326 5253 lficem,
353 5190 547 5246 dicitur
575 5211 590 5246 :
621 5195 870 5266 Deposuit
897 5209 1126 5268 potentes
1173 5199 1237 5253 de
1273 5200 1412 5260 sede,
1445 5208 1493 5252 et
1537 5198 1687 5252 exol-

152 5277 257 5328 tiniit
291 5280 502 5337 humiles
532 5285 682 5352 (Luc.
715 5304 750 5351 l,
785 5287 896 5358 52).
944 5289 1200 5345 Potentes
1221 5291 1434 5360 quidem
1464 5290 1533 5344 de
1561 5289 1690 5344 sede

153 5360 374 5425 Dominus
400 5374 640 5444 deponit,
677 5394 799 5433 cum
838 5379 1218 5435 iuobedientes
1263 5381 1523 5450 superbos
1551 5381 1690 5449 abji-

151 5453 226 5518 cit,
252 5466 301 5511 et
323 5461 547 5520 humiles
575 5467 772 5522 exaltat
795 5485 809 5533 ;
837 5469 960 5536 quia
1003 5477 1205 5523 mterna
1230 5471 1398 5539 gloria
1429 5471 1686 5526 obedien-

151 5549 219 5597 ίθδ
250 5550 518 5623 8¹⁰ι¹ίίίε²ι,
559 5558 816 5627 superbos
843 5567 1023 5614 autem
1061 5561 1224 5616 verba
1254 5576 1359 5615 non
1389 5560 1684 5628 corrigunt,

150 5635 228 5722 sed
254 5646 464 5711 tantum,
494 5645 619 5700 dum
642 5649 886 5706 amittere
915 5651 1148 5707 honores
1187 5652 1476 5722 trepidant,
1508 5653 1686 5708 humi—

154 5719 346 5797 litatein,
372 5749 532 5802 quam
565 5752 668 5792 non
702 5739 916 5808 habent,
949 5741 1205 5798 simulant
1259 5719 1324 5796 ne
1351 5740 1533 5810 gloria:
1574 5740 1686 5794 cul~

1799 4826 2046 4879 nimirum
2092 4835 2367 4894 peccatum
2410 4843 2438 4878 a
2472 4825 2774 4894 piaepositis
2809 4841 2915 4892 non
2956 4832 3222 4894 portatur,
3255 4823 3380 4891 quia

1797 4915 2138 4970 sacerdotum
2161 4916 2491 4970 orationibus
2512 4925 2604 4970 aut
2632 4915 2993 4974 oblationibus
3012 4930 3119 4970 non
3143 4914 3380 4968 deletur.

1798 5007 1925 5061 Saul
1956 5018 2133 5061 au'em
2176 5024 2268 5072 per
2297 5010 2474 5072 omnia
2505 5010 2766 5078 superbos
2790 5009 3196 5082 obstinatosque
3237 5007 3382 5062 desi-

1795 5111 1987 5164 gnans,
2017 5107 2072 5152 et
2100 5107 2306 5150 tumere
2336 5114 2441 5151 non
2471 5105 2739 5175 cessat,.et
2767 5111 3050 5168 peccatum
3070 5115 3224 5153 suum
3256 5113 3392 5168 por—

1797 5187 1896 5245 tari
1945 5189 2236 5255 obsecrat;
2281 5188 2624 5258 iuzportabile
2652 5205 2788 5256 onus
2825 5191 3088 5260 congerit,
3143 5197 3200 5246 et
3226 5184 3392 5258 quasi

1795 5278 1913 5333 leve
1942 5280 2140 5348 portari
2162 5279 2317 5348 petit.
2344 5277 2459 5334 Hoc
2481 5279 2695 5346 quidem
2726 5281 2886 5335 toties
2910 5281 2963 5334 in
2994 5281 3233 5337 Ecclesia
3263 5281 3378 5347 agi-

1797 5382 1902 5437 tur,
1935 5373 2147 5441 quoties
2177 5373 2248 5436 hi,
2280 5373 2371 5442 qui
2405 5386 2593 5439 magna
2623 5371 2826 5426 scelera
2867 5372 3096 5426 libenter
3122 5371 3378 5426 commit-

1795 5473 1942 5543 tunt,
1963 5480 2150 5520 eorum
2198 5465 2612 5533 magnitudinem
2643 5481 2750 5519 non
2777 5465 3077 5520 attendunt.
3111 5465 3376 5535 lmporta-

1795 5555 1922 5612 bilia
1949 5563 2300 5623 congregant,
2351 5564 2406 5608 et
2436 5554 2548 5609 hinc
2589 5554 2742 5621 levia,
2793 5563 2956 5624 atque
2985 5555 3147 5625 364
3175 5556 3370 5610 nullius

1795 5661 1914 5702 esse
1941 5646 2195 5715 ponderis
2224 5654 2470 5716 pensant.
2520 5645 2748 5706 Peccata
2794 5662 2890 5702 sua
2919 5647 3030 5702 suis
3073 5648 3378 5716 praepositis

1794 5735 2148 5807 abscondunt,
2175 5747 2227 5793 ct
2247 5747 2308 5793 ut
2337 5738 2422 5795 vix
2451 5737 2676 5793 inveniri
2698 5737 2902 5807 possint
2922 5745 2975 5794 et
3000 5737 3172 5808 argui,
3205 5753 3374 5806 quali-
