3948 6318
528 390 629 444 (οὖῖί

1711 386 1950 441 δλΜᾸΤΙ
1991 376 2314 436 (ῐιιιίυοῐιιι
2359 379 2571 434 ιιΑυΝε
3666 386 3761 442 .536

528 516 639 560 tum
689 507 931 571 possunt,
985 498 1177 553 eadem
1227 505 1446 566 peccata
1494 494 1727 564 levigant
1747 534 1762 560 ,
1795 512 1862 551 ne
1888 497 1978 563 qui
2026 496 2104 550 eis
2134 500 2180 556 Α
2208 500 2264 547 et
2290 492 2444 561 quasi
2473 491 2788 547 recedentes
2812 492 3047 558 veniunt,
3076 495 3203 550 dum
3233 495 3411 568 lapsos
3432 496 3755 566 subditospa.

528 598 782 662 prtesunt,
815 605 1000 643 eorum
1046 584 1474 654 granditulinem
1523 587 1820 639 attendant.
1870 585 1948 638 Ad
1980 600 2107 652 pec—

528 692 705 738 catum
736 680 895 733 etiam
927 679 1092 731 fortes
1118 685 1262 738 sunt,
1293 673 1360 728 al
1403 673 1576 728 ﬂenda
1607 683 1826 743 peccata
1867 674 2102 736 debiles;

532 772 714 825 volunt
759 767 977 837 quidem
1024 766 1233 835 peccati
1272 763 1718 818 delectationibus
1765 764 1978 827 resolvi,
2009 764 2102 817 sel

531 860 858 931 paenitentia
887 857 1077 911 nolunt
1105 856 1398 909 acerbitate
1424 856 1658 924 purgari.
1691 854 1824 922 Quid
1846 866 1927 908 est
1953 869 2103 923 ergo,

530 949 672 1019 quod
689 948 837 1009 dicit,
853 946 1014 1000 Porta
1036 953 1299 1014 peccatum
1312 960 1496 1008 meum,
1514 944 1615 999 nisi
1630 946 1754 1013 quia
1773 954 1827 998 ct
1849 953 2097 1015 peccato-

532 1060 648 1097 rum
676 1041 1011 1096 dulcedinem
1059 1040 1114 1093 in
1159 1053 1218 1093 se
1257 1038 1384 1108 ipsis
1414 1039 1715 1107 excipiunt,
1754 1038 1850 1093 sed
1877 1053 2107 1093 onerare

531 1133 781 1204 praelatos
817 1146 983 1186 onere
1010 1131 1323 1186 eorumdem
1349 1139 1695 1199 peccatorum
1723 1131 1949 1185 volunt?
1972 1129 2104 1197 Qui-

531 1224 652 1280 dam
701 1224 866 1279 etiam
895 1233 1088 1293 sponte
1117 1222 1181 1275 ad
1210 1221 1571 1277 conﬁtendum
1603 1224 1847 1289 veniunt,
1886 1224 1980 1278 sed
2010 1239 2108 1292 pro

530 1314 726 1384 quibus
769 1327 828 1367 se
855 1319 1135 1378 accusant,
1166 1327 1273 1365 non
1320 1311 1421 1381 ipsi
1467 1311 1670 1380 lugent,
1716 1314 1809 1367 sed
1851 1313 2115 1381 pmnitere

532 1406 667 1462 alios
695 1406 995 1466 obsecrant,
1026 1402 1129 1457 fide
1149 1402 1262 1456 sola
1285 1401 1475 1455 salvari
1505 1404 1792 1468 :ctimant,
1821 1419 1915 1472 per
1950 1403 2113 1471 pumi-

534 1495 754 1549 tentizun
782 1502 1055 1548 revertere
1084 1492 1278 1560 abjccti
1326 1507 1432 1546 non
1463 1504 1675 1547 curant.
1712 1491 1860 1547 Unde
1888 1502 1943 1547 et
1985 1493 2114 1547 Saul

530 1583 727 1648 subdit,
754 1582 938 1637 dicens
963 1600 976 1634 :
1018 1580 1087 1635 Et
1116 1591 1364 1634 revertere
1390 1598 1587 1635 mecum
1612 1592 1668 1635 ut
1698 1583 1907 1637 adorem
1936 1583 2117 1638 Domi-

533 1693 677 1731 num.
729 1674 891 1741 Quasi
922 1674 1065 1729 enim
1097 1674 1353 1729 recedens
1380 1683 1463 1728 est
1501 1675 1836 1743 prmdicator,
1862 1690 1983 1729 cum
2012 1676 2116 1727 im-

535 1767 798 1835 pudentes
848 1763 1068 1833 alijieit;
1116 1764 1243 1817 dicit
1292 1776 1461 1830 ergo:
1497 1762 1769 1816 Revertere
1813 1780 2010 1817 mecum
2059 1772 2116 1815 ut

534 1856 742 1909 adorent
789 1853 1086 1908 Dominum.
1129 1853 1261 1907 Cum
1301 1869 1367 1908 co
1398 1862 1602 1907 tantum
1654 1870 1684 1907 a
1734 1855 2112 1909 communione

2212 594 2364 639 terna
2411 583 2702 639 afﬂictione
2731 586 3100 641 comitantur?
3142 587 3275 642 Cum
3326 594 3405 642 eis
3434 604 3562 655 ergo
3607 606 3755 645 rever-

2212 685 2416 739 tuntur,
2445 690 2567 730 cum
2610 686 2833 745 peccata
2861 677 3197 732 subditorum
3226 688 3281 733 et
3309 679 3410 749 ipsi
3446 678 3651 744 subditi,
3681 683 3754 750 qui

2209 771 2590 832 peccaverunt,
2623 770 2679 817 et
2707 763 2914 832 prilati
2940 766 3031 833 qui
3061 773 3350 830 steterunt,
3406 767 3603 836 pariter
3625 767 3755 836 plan-

2209 863 2361 921 gunt.
2394 854 2525 910 Tale
2570 856 2845 924 estigitur
2877 872 2942 912 ac
2982 858 3027 911 si
3074 856 3404 913 dicatzlam
3454 867 3507 913 te
3554 862 3759 928 paternis

2212 947 2505 1001 visceribus
2532 948 2807 1002 adhaerere
2831 949 2991 1021 365
3022 965 3117 1018 per
3144 951 3563 1021 increpationem
3608 954 3769 1023 praedi-

2212 1036 2439 1092 cation’s
2480 1037 2609 1091 mihi
2640 1039 2855 1105 agnovi,
2886 1055 3044 1108 quem
3085 1056 3186 1094 nec
3214 1041 3427 1111 longius
3457 1058 3666 1111 peccare
3694 1059 3757 1099 re-

2213 1129 2433 1197 liquisti.
2464 1129 2597 1195 Quia
2629 1144 2780 1198 ergo,
2831 1139 2892 1185 te
2936 1132 3276 1200 objurgante,
3326 1134 3549 1203 resipui.
3580 1152 3759 1195 mecum

2212 1220 2393 1274 redire
2419 1230 2473 1274 te
2498 1234 2655 1288 rogo,
2683 1223 2805 1291 quia
2838 1224 3068 1292 propriis
3097 1225 3302 1279 viribus
3329 1224 3396 1279 ad
3429 1236 3587 1280 tanta:
3614 1230 3757 1296 pravi-

2217 1312 2341 1365 tatis
2383 1313 2805 1375 magnitudinem
2848 1314 3131 1370 delen‘dam
3179 1332 3517 1387 nequaquam
3563 1320 3765 1376 suﬂicio.

2216 1398 2323 1453 Sed
2356 1401 2490 1453 tanti
2544 1400 2769 1456 affectus
2814 1417 3001 1471 preces
3046 1404 3364 1474 recipiendo
3409 1415 3607 1473 essent,
3630 1408 3670 1461 si
3707 1423 3761 1462 ex

2220 1488 2399 1545 cordis
2443 1492 2671 1545 veritate
2724 1492 3111 1560 procederent;
3157 1504 3283 1565 apte
3319 1509 3448 1563 ergo
3503 1496 3763 1567 hypocrita

2220 1594 2541 1646 responsum
2573 1589 2693 1635 est:
2744 1580 2870 1637 Non
2916 1594 3143 1638 revertar
3167 1593 3352 1639 tecum.
3408 1586 3567 1653 Quasi
3609 1587 3768 1643 dicat:

2220 1667 2324 1722 Pro
2355 1676 2408 1722 te
2432 1670 2736 1726 sacrificare
2769 1672 2877 1727 Deo
2905 1674 3108 1735 nescio,
3142 1690 3301 1744 quem
3331 1677 3555 1731 veritate
3582 1678 3758 1732 humili-

2220 1759 2343 1813 tatis
2367 1760 2477 1814 Deo
2507 1760 2775 1815 subditum
2804 1779 2909 1817 non
2940 1765 3160 1819 attendo
3186 1783 3207 1830 ;r
3231 1774 3287 1820 et
3313 1782 3432 1837 qua:
3451 1768 3619 1835 priora
3647 1769 3755 1835 inge

2218 1849 2443 1914 minans,
2475 1850 2550 1904 ait
2578 1869 2590 1904 :
2641 1849 2775 1915 Quia
2806 1854 3068 1924 projecisti
3096 1871 3381 1908 sermonem
3417 1854 3636 1917 Domini.
3665 1874 3760 1924 pro~

533 1948 824 2001 electorum
857 1961 963 1999 nou
1007 1944 1169 1998 dividi
1200 1953 1371 2014 pllliti,
1403 1944 1546 2013 quod
1581 1944 1737 2000 fidem
1768 1961 2106 2000 communem
2143 1955 2186 2014 Β
2206 1939 2334 2009 jecit
2364 1951 2412 1994 te
2452 1941 2722 2007 Dominus.
2752 1961 2815 1997 ne
2840 1947 2911 1998 sis
2932 1962 3062 2009 rex;
3094 1955 3177 2012 el.
3212 1947 3337 2015 quia
3365 1949 3558 2002 versuti
3581 1958 3630 2002 et
3654 1948 3761 2016 abji-

531 2043 711 2090 scrvat
737 2052 750 2099 ;
781 2034 863 2088 vel
893 2044 1041 2088 certe
1088 2034 1369 2088 Dominum
1416 2034 1645 2088 adorare
1687 2042 1769 2087 est
1805 2034 1958 2087 subdi
1988 2035 2113 2089 reli-

535 2127 679 2191 gioni
711 2123 855 2188 lidei,
891 2124 1221 2178 etcuvtodize
1256 2125 1409 2177 bona:
1439 2124 1789 2192 operationi-.
1822 2125 1957 2190 Quia
1983 2140 2119 2179 vero

538 2215 691 2271 αωοβ
713 2214 1018 2284 hypocritas
1046 2213 1173 2266 Saul
1199 2214 1448 2278 insinuat,
1478 2214 1755 2281 sequitur:

603 2305 779 2371 (Vers.
817 2305 934 2373 ‘26.)
964 2307 1049 2359 Ait
1086 2305 1298 2359 Samuel
1324 2304 1395 2358 ad
1433 2304 1565 2359 Saul
1586 2322 1604 2358 :
1637 2303 1760 2359 Non
1783 2317 2008 2360 revertar
2037 2317 2114 2361 te-

532 2416 670 2464 cum,
697 2398 816 2462 quia
858 2397 1121 2468 projecisti
1156 2412 1442 2450 sermonem
1481 2394 1713 2463 Domini,
1754 2405 1802 2450 et
1828 2397 2043 2467 projecit
2072 2405 2119 2451 te

541 2487 810 2548 Dominus,
842 2502 906 2539 ne
934 2487 1006 2539 sis
1032 2501 1143 2538 rex.

608 2577 697 2630 9.8.
715 2576 853 2644 Quid
870 2585 950 2629 est
967 2591 1116 2645 ergo,
1142 2575 1283 2645 quod
1309 2578 1569 2646 propheta
1586 2586 1813 2646 portaret
1830 2586 2121 2647 peccatum

539 2668 845 2737 paenitentis
877 2666 1015 2733 regis
1037 2668 1232 2727 renuit,
1266 2666 1364 2720 nisi
1392 2666 1515 2736 quia
1542 2666 1685 2721 hunc
1714 2683 1818 2721 non
1848 2683 1973 2721 vere
2002 2683 2114 2737 pm-

539 2758 797 2813 nitentem
841 2757 973 2810 vidit
1001 2757 1025 2809 ?
1053 2754 1151 2809 Cui
1180 2769 1239 2810 ea
1271 2771 1390 2824 qua:
1420 2756 1568 2825 prius
1596 2754 1912 2824 abjectionis
1950 2758 2115 2811 verba

538 2848 834 2916 respondit,
866 2847 990 2917 quia
1022 2861 1145 2901 eum
1189 2845 1576 2900 immutandum
1602 2855 1627 2882 ³
1656 2846 1876 2900 minime
1915 2861 2116 2915 cogno-

535 2940 631 2993 vit.
662 2941 777 3006 Qua
807 2940 1055 2993 nimirum
1079 2939 1354 3009 propheta:
1384 2940 1686 2997 constantia
1717 2940 1932 3010 quidam
1957 2940 2047 2993 nia
2071 2940 2116 2993 is

534 3032 828 3086 clementes
866 3031 1021 3100 hujus
1048 3033 1308 3101 temporis
1342 3032 1651 3087 sacerdotes
1680 3043 1992 3099 arguuntur,
2022 3033 2119 3101 qui

536 3125 949 3179 conversatione
995 3123 1192 3178 infirmi
1223 3132 1365 3189 sunt,
1400 3125 1703 3178 temeritate
1734 3124 1918 3180 fortes.
1950 3124 2021 3178 Se
2057 3140 2117 3178 se

536 3215 625 3267 vix
670 3216 953 3279 sustinent,
986 3222 1042 3269 et
1083 3214 1344 3283 poztanda
1374 3214 1646 3282 suscipere
1675 3214 1902 3267 aliorum
1951 3231 2117 3268 onera

541 3304 779 3367 audent;
823 3302 958 3355 levia
1000 3319 1093 3358 sua
1127 3318 1230 3356 non
1275 3302 1470 3365 ferunt,
1508 3312 1563 3355 et
1593 3304 2021 3371 importahilibus
2059 3320 2119 3359 se

2215 2031 2390 2085 ciendi
2413 2042 2466 2086 et
2494 2033 2774 2087 deserendi
2803 2042 2948 2095 sunt,
2988 2036 3234 2103 sequitur
3265 2053 3278 2087 :

2286 2122 2464 2189 (Vers.
2492 2122 2606 2191 9.7.)
2647 2123 2713 2177 Et
2739 2142 3009 2179 conversus
3038 2135 3114 2179 est
3143 2127 3377 2187 Samuel,
3404 2136 3459 2179 ut
3486 2127 3653 2182 abiret.

2290 2214 2345 2268 In
2373 2231 2477 2284 qua
2512 2213 2756 2282 profecto
2785 2216 3048 2282 majorum
3081 2212 3389 2271 decessione
3437 2219 3595 2282 magis
3623 2219 3767 2287 hypo-v

2219 2307 2367 2361 trita:
2406 2306 2748 2362 amissionem
2794 2307 3110 2373 temporalis
3140 2307 3363 2361 honoris
3391 2310 3598 2372 t'menl,
3628 2324 3769 2377 quant

2220 2404 2436 2450 aeterna:
2471 2394 2820 2455 hmreditatis.
2869 2394 3022 2450 Unde
3049 2404 3103 2447 et
3129 2397 3408 2466 quiescere
3446 2397 3596 2450 etiam
3630 2400 3763 2451 dere-

2222 2488 2333 2541 licti
2364 2502 2469 2541 non
2496 2495 2741 2555 possunt,
2772 2486 2865 2540 sed
2894 2502 2955 2539 ea
2987 2501 3107 2554 qua:
3137 2501 3298 2554 agere
3342 2503 3436 2554 per
3463 2504 3518 2540 se
3548 2504 3642 2541 non
3676 2503 3761 2541 au-

2218 2576 2368 2641 dent,
2415 2577 2702 2643 impetrare
2732 2576 2850 2631 aliis
2876 2575 3358 2632 intervenientibus
3392 2576 3618 2630 student.
3647 2576 3771 2633 Bene

2217 2681 2347 2732 ergo
2376 2665 2713 2733 subjungitur
2739 2684 2751 2718 :

2292 2754 2467 2818 (Vers.
2497 2755 2612 2821 27.)
2637 2754 2736 2808 Ille
2764 2764 2934 2809 autent
2962 2756 3301 2825 apprehendit
3332 2758 3656 2811 summitatem
3675 2756 3762 2826 pol

2217 2845 2275 2899 lii
2300 2847 2435 2916 ejus,
2466 2863 2581 2917 quo:
2602 2846 2767 2899 scissa
2786 2854 2878 2899 est.

2290 2935 2380 2989 ευ.
2408 2935 2538 3001 Qua:
2564 2944 2687 2989 sunt
2716 2937 3033 2990 vestimenta
3057 2936 3319 2997 doctoris.
3348 2938 3460 2990 nisi.
3479 2938 3657 2991 docere
3681 2937 3765 2991 sibi

2223 3025 2607 3079 adiam-cuium
2638 3025 2972 3079 subditorum
3002 3041 3035 3094 q
3076 3026 3323 3081 alitates?
3351 3026 3426 3080 De
3452 3041 3520 3095 qu
3545 3029 3633 3081 bus
3657 3044 3767 3096 pr0~

2224 3120 2364 3170 lecto
2406 3114 2638 3170 vestibus
2666 3128 2859 3183 magno
2889 3119 3089 3184 pasori
3120 3133 3216 3185 per
3260 3119 3576 3187 prophetam
3603 3135 3771 3187 repro-

2225 3208 2451 3262 Initt-tur
2478 3224 2497 3261 ι
2536 3205 2673 3260 Vivit
2718 3206 2990 3273 Dominus,
3016 3209 3136 3278 quia
3176 3209 3256 3262 Itis
3282 3209 3517 3275 omnibus
3544 3210 3662 3261 velut
3703 3225 3762 3261 re-

2222 3299 2462 3350 stfmento
2503 3298 2700 3350 vestiris
2734 3297 2865 3362 (lsa.
2914 3314 3059 3367 sus,
3093 3297 3202 3366 l8).
3252 3297 3316 3351 Et
3348 3316 3444 3369 per
3474 3299 3767 3353 Psahnistmn

541 3392 850 3459 subjiciunt.
875 3390 1013 3446 Ecce
1027 3393 1178 3446 fortis
1200 3392 1456 3460 pr0ph€ta
1479 3392 1671 3461 refugit
1693 3394 1963 3462 suscipere
1986 3409 2123 3448 unus
2149 3377 2193 3435 C
2226 3389 2472 3441 canitur:
2504 3387 2758 3442 Dominus
2802 3391 3066 3460 regnarit,
3112 3390 3347 3445 decortm
3389 3391 3582 3455 induit,
3631 3390 3775 3444 induit

540 3483 737 3551 regulis
765 3483 991 3550 peccati,
1036 3492 1093 3536 ut
1123 3483 1374 3537 sacerdos
1402 3482 1607 3538 Ecclsi
1628 3504 1652 3535 ιε
1678 3484 1884 3545 timeat,
1923 3493 1975 3536 et
1998 3501 2121 3555 pec-

540 3582 784 3627 calorum
825 3572 1244 3642 importabilium
1275 3573 1512 3642 pondera
1543 3573 1721 3626 subire
1758 3575 2116 3643 pertimescat.

543 3663 864 3733 Plerumque
887 3674 1065 3719 autem
1098 3664 1177 3719 sic
1205 3665 1377 3718 aliena
1409 3678 1627 3734 peccata
1657 3667 1930 3736 suscipiat,
1955 3676 2012 3720 nt
2039 3675 2121 3719 ta-

540 3774 661 3812 men
690 3775 760 3813 ea
778 3774 895 3827 qua:
920 3758 1193 3828 expianda.
1214 3757 1463 3827 suscipit,
1488 3756 1618 3812 ﬂere
1644 3774 1787 3822 eum,
1816 3775 1845 3812 a
1877 3774 1982 3827 quo
2015 3758 2071 3812 si
2103 3766 2123 3811 t

539 3850 843 3916 commissa,
870 3851 1165 3919 permittat.
1189 3847 1342 3902 Unde
1366 3860 1415 3903 et
1446 3847 1664 3903 Samuel
1692 3858 1908 3917 portare
1932 3864 2123 3918 pecca-

544 3952 654 3994 tum
695 3942 834 4009 regis
863 3942 1080 3995 minime
1105 3940 1372 4010 pomisit,
1404 3949 1457 3995 et
1479 3952 1655 3994 tamen
1685 3957 1826 4004 eum,
1855 3957 2013 4011 quv-m
2045 3956 2125 3995 rc—

540 4031 682 4091 tu’it,
711 4030 973 4098 abject‘nn
1005 4030 1231 4098 plinxit.
1262 4029 1389 4082 Nam
1429 4029 1497 4082 de
1524 4046 1590 4085 eo
1620 4040 1741 4099 post
1769 4046 1935 4099 pauca
1960 4030 2123 4099 scrip-

542 4130 654 4173 tum
681 4130 799 4173 est:
852 4120 1080 4189 Lugebat
1126 4120 1337 4173 Samuel
1368 4121 1522 4186 Saul,
1570 4124 1811 4191 quoniam
1843 4122 2119 4177 Dominum

542 4210 836 4279 paenitebat,
867 4210 1003 4280 quod
1040 4212 1388 4263 constituisset
1413 4227 1529 4263 eum
1557 4228 1724 4281 regem
1753 4229 1905 4282 super
1927 4212 2116 4269 Israel.

541 4299 655 4354 Non
683 4299 903 4368 quidem
939 4301 1187 4368 promisit
1212 4301 1261 4354 ei
1287 4308 1499 4366 portare
1548 4311 1828 4370 peccatum
1869 4304 2028 4372 regis,
2060 4316 2120 4359 ut

539 4406 636 4444 rex
664 4390 790 4444 illud
835 4391 964 4446 ﬂere
1001 4393 1261 4447 studeret.
1295 4393 1400 4447 Sed
1449 4404 1627 4450 tamen
1657 4412 1815 4465 quem
1860 4398 2118 4454 retulerat

539 4478 723 4546 ﬂebat,
756 4489 813 4535 ut
843 4480 1125 4536 Dominum
1156 4483 1203 4537 ei
1225 4483 1510 4561 propitium
1540 4484 1759 4540 faceret.
1785 4488 1863 4540 Ad
1888 4489 2115 4545 litteram

538 4586 687 4635 vero,
713 4572 836 4627 dum
862 4575 1182 4629 sententiam
1215 4577 1473 4645 propheta
1500 4579 1806 4646 ingeminat,
1839 4580 2113 4637 irrevoca—

535 4664 698 4720 bilcm
728 4666 920 4721 divina:
948 4668 1214 4739 aaquitatis
1242 4670 1561 4723 sententiam
1608 4680 1871 4727 monstrat
1910 4689 2013 4742 qua
2039 4676 2118 4730 sic

2230 3479 2481 3533 Donnnus
2507 3481 2860 3550 fortitudinem
2893 3480 3064 3551 (Psal.
3091 3498 3253 3549 xcxu,
3291 3483 3365 3543 l).
3402 3482 3575 3536 Induit
3601 3483 3771 3551 quippe

2226 3571 2496 3633 decorem,
2523 3571 2613 3639 qui
2639 3571 2708 3625 ad
2730 3572 2964 3640 seipsum
2983 3573 3291 3642 splendidas
3315 3575 3545 3631 lidelium
3576 3586 3771 3637 luentes,

2228 3662 2379 3733 quasi
2410 3663 2721 3717 vestimenta
2752 3664 3051 3733 conjunxit.
3084 3666 3213 3721 Saul
3240 3682 3370 3736 ergo
3396 3669 3651 3723 Samuelis
3677 3669 3773 3738 ῃειι-

2227 3750 2356 3804 lium
2384 3750 2755 3818 apprehendit,
2790 3767 2908 3805 eum
2938 3753 3203 3823 superbus
3231 3755 3461 3825 quisque
3488 3765 3543 3810 et
3561 3755 3777 3823 abjectus

2226 3840 2483 3894 honorem
2514 3839 2760 3895 culminis
2786 3840 2886 3895 sibi
2916 3840 3111 3896 deferri
3134 3858 3165 3897 a
3196 3844 3420 3899 summis
3449 3845 3573 3899 viris
3599 3860 3685 3915 per
3702 3862 3773 3899 co-

2225 3930 2490 3984 haerentes
2526 3929 2625 3983 snhi
2665 3929 2893 3987 dilectos
2922 3939 2979 3987 et
3013 3931 3301 3989 familiares
3326 3936 3517 4003 quaerit
3537 3979 3552 4002 ,
3584 3946 3636 3989 et
3667 3935 3771 4004 quia

2228 4040 2327 4094 pro
2354 4024 2589 4093 reprobo
2620 4024 2982 4092 perfectorum
3012 4027 3314 4083 auditorum
3338 4031 3514 4086 nullus
3534 4031 3778 4095 obsecrat,

2221 4131 2329 4171 non
2353 4116 2592 4185 pallium,
2623 4115 2716 4170 sed
2746 4116 2890 4186 pallii
2907 4119 3290 4183 suntmitatcm,
3317 4121 3370 4175 id
3394 4132 3476 4177 est
3494 4124 3779 4178 extremita-

2225 4212 2331 4257 tem
2372 4204 2788 4273 apprchendisse
2833 4208 3179 4275 perhibetur;
3230 4211 3327 4265 sed
3368 4226 3433 4266 ea
3489 4214 3780 4267 extremitas

2220 4296 2500 4361 scinditur,
2525 4297 2649 4365 quia
2669 4297 2759 4366 qui
2784 4298 2987 4353 inutilia
3010 4301 3265 4369 suggerit,
3298 4304 3639 4373 reprobatur.
3656 4304 3777 4360 Cum

2225 4387 2367 4441 enim
2396 4387 2573 4441 minor
2603 4388 2890 4443 indiscreta
2914 4404 3110 4460 rogans
3138 4393 3443 4461 repellitur,
3473 4396 3616 4450 velut
3638 4396 3784 4449 vestio

2222 4477 2389 4532 menti
2414 4478 2692 4532 summitas
2732 4480 2901 4534 scindi
2943 4482 3277 4551 perhibetur.
3324 4483 3485 4539 Velut
3510 4487 3650 4540 enim
3675 4500 3783 4555 pars

2220 4570 2369 4640 pallii
2408 4571 2602 4624 summi
2633 4573 2908 4641 propheta:
2935 4573 3097 4629 scissa
3138 4583 3250 4639 est,
3274 4577 3491 4645 quando
3516 4578 3653 4631 male
3675 4589 3783 4643 sug-

2222 4664 2427 4730 gerenfi
2485 4663 2644 4719 Petro
2692 4665 2992 4734 respondzt,
3051 4667 3272 4750 dicens:
3338 4667 3481 4723 Vade
3528 4679 3665 4723 retro
3712 4684 3781 4721 me

539 4764 792 4823 peccator
815 4756 1116 4825 projicitur,
1149 4766 1205 4812 ut
1225 4759 1402 4813 redire
1433 4758 1497 4812 ad
1519 4759 1711 4814 divime
1736 4762 2114 4819 misericordia:

2224 4755 2447 4816 Salano,
2479 4770 2581 4807 non
2601 4756 2738 4807 enim
2769 4757 2912 4824 sapis
2935 4773 2996 4809 ea
3023 4774 3137 4827 qua:
3166 4756 3261 4810 Dei
3288 4767 3426 4823 sunt,
3458 4760 3551 4813 sed
3568 4777 3678 4828 qua:
3704 4760 3785 4812 lic-

538 4863 754 4902 manum
805 4865 1077 4919 nunquam
1121 4851 1484 4920 permittatur.
1519 4850 1702 4908 Potest
1748 4863 1803 4908 et
1830 4855 1988 4910 aliter
2031 4857 2117 4911 in-

542 4939 727 5007 telligi,
777 4941 918 5009 quod
970 4943 1168 4997 reverti
1218 4958 1399 4998 secum
1451 4944 1786 5012 prophetam,
1823 4954 1881 5000 ut
1929 4947 2119 5001 adoret

540 5027 845 5093 Dominum,
886 5040 1061 5100 rogat.
1108 5031 1240 5087 Nam
1286 5033 1459 5087 sancti
1515 5034 1633 5098 viri,
1682 5037 1773 5102 qui
1822 5035 2113 5091 Dominum

539 5119 813 5191 peccando
838 5135 945 5174 non
971 5121 1252 5188 deserunt,
1282 5121 1349 5176 ad
1378 5138 1501 5177 eum
1531 5138 1754 5179 necesse
1780 5139 1888 5179 non
1915 5125 2116 5180 habent

538 5216 598 5262 ut
622 5209 929 5278 pmnitendo
949 5219 1311 5267 revertantur.
1343 5211 1558 5267 Reverti
1578 5215 1720 5268 enim
1744 5214 1988 5269 abeuntis
2010 5225 2112 5271 est.

538 5298 692 5365 Quod
724 5301 972 5355 nimirum
1004 5303 1373 5372 peccatoribus
1404 5319 1501 5373 per
1528 5313 1805 5374 peccaturo
1837 5320 1865 5357 a
1890 5305 2114 5360 Domino

541 5391 920 5445 recedentibus
971 5392 1251 5456 convenit,
1302 5393 1464 5461 justis
1516 5394 1958 5464 permanentibus
2008 5412 2113 5450 non

539 5482 807 5535 convenit.
852 5480 952 5547 Qui
975 5486 985 5534 1
1009 5490 1091 5537 est
1116 5497 1265 5550 ergo,
1295 5484 1439 5551 quod
1470 5486 1665 5539 reverti
1708 5501 1829 5539 cum
1861 5497 2118 5554 peccante

539 5566 667 5621 Saul
689 5569 864 5636 justus
892 5569 1107 5624 Samuel
1137 5572 1354 5639 petitur,
1388 5573 1489 5626 nisi
1520 5574 1643 5641 quia
1673 5575 1829 5630 electi
1860 5575 2116 5644 praedica-

544 5666 687 5712 tores
716 5675 814 5728 pro
842 5660 1002 5729 lapsis
1031 5660 1254 5716 subditis
1277 5661 1421 5716 Velut
1458 5665 1780 5732 pmnitentes
1809 5666 2115 5736 alﬂiguntur

2222 4850 2419 4902 minnm
2449 4847 2661 4919 (Matt/1.
2689 4865 2796 4917 xvr,
2825 4848 2939 4919 23).
2973 4850 3107 4905 Hinc
3134 4851 3260 4906 item
3292 4852 3558 4922 pnecipit,
3581 4853 3781 4906 dictus:

2221 4938 2283 4992 Si
2322 4956 2511 4992 manus
2534 4949 2654 5004 tua,
2696 4940 2774 4993 vel
2800 4957 2889 5005 pes
2919 4951 3032 4995 tuus
3075 4942 3399 4996 scandalizat
3440 4952 3516 5007 te,
3559 4942 3785 4996 abscinde

2182 5070 2185 5073 ν
2217 5048 2349 5093 curn,
2383 5042 2432 5085 et
2469 5032 2663 5102 projice
2688 5033 2779 5088 abs
2813 5043 2893 5099 te;
2919 5036 3075 5101 item,
3106 5039 3151 5090 si
3180 5039 3355 5092 oculus
3392 5047 3509 5092 tuus
3534 5035 3784 5092 scandali-

2216 5133 2301 5176 zat
2329 5134 2396 5185 te,
2418 5140 2537 5177 erue
2565 5141 2699 5190 eum,
2733 5135 2783 5179 et
2809 5127 3003 5197 projice
3028 5128 3117 5183 abs
3139 5138 3187 5182 te
3214 5128 3425 5199 (Matth.
3460 5146 3515 5196 ν,
3536 5129 3646 5187 δυ).
3672 5125 3777 5192 Qui

2215 5218 2315 5271 bus
2346 5218 2591 5272 nimirum
2639 5221 2816 5276 verbis
2844 5237 2951 5275 non
2983 5222 3158 5277 solum
3187 5224 3469 5279 summitas
3510 5222 3673 5293 pal'ii,
3702 5219 3782 5274 sed

2218 5307 2380 5359 etiam
2434 5308 2610 5387 media
2656 5309 3021 5366 abscindenda
3072 5312 3461 5380 designantur:
3511 5315 3637 5383 quia
3674 5326 3780 5366 eum

2218 5398 2360 5452 male
2399 5410 2720 5467 suggerunt,
2769 5404 2989 5470 perfecti
3030 5404 3192 5458 etiam
3233 5405 3510 5459 auditores
3552 5412 3773 5459 contem-

2221 5488 2381 5541 nendi
2408 5497 2551 5542 sunt.
2596 5488 2733 5544 llinc
2760 5507 2989 5559 namque
3016 5502 3097 5546 est
3118 5535 3130 5556 ,
3158 5493 3302 5562 quod
3333 5493 3574 5549 Zebcda-i
3606 5493 3693 5545 lilii
3720 5491 3779 5544 si-

2222 5581 2330 5632 mul
2376 5596 2499 5634 cum
2547 5590 2719 5636 matrc
2760 5598 2897 5639 unus
2926 5585 2991 5638 ad
3033 5586 3330 5655 dexteram,
3378 5588 3512 5642 alter
3558 5602 3683 5640 vero
3723 5581 3779 5635 ad

2219 5669 2335 5724 sini:
2351 5678 2486 5723 tram
2512 5669 2880 5741 Redemptoris
2900 5674 3087 5730 sedere
3113 5685 3331 5747 petunt;
3355 5677 3448 5733 sed
3469 5676 3623 5747 quasi
3643 5674 3779 5730 bona

611 5781 637 5810 ⁸·
667 5771 838 5857 Vatic.
881 5782 934 5831 et
963 5774 1247 5843 Gussanv.,
1276 5778 1479 5833 nomine
1519 5783 1767 5851 cognorit.
1823 5781 1981 5837 Error
2010 5792 2108 5849 est,
2138 5799 2293 5853 quem
2327 5801 2389 5838 ix
2417 5783 2577 5837 Cilol.
2614 5787 2890 5841 emendavi
2916 5806 3030 5843 aus.
