3948 6278
133 294 242 351 SET
271 294 274 295 ⁷

985 277 1047 331 l.\'
1087 276 1344 331 PRIMUM
1387 277 1624 331 li‘l‘ltiUM
1667 278 2178 334 EXI‘OSITIUNES.
2211 308 2280 320 ο-
2323 280 2444 334 LIB.
2491 280 2547 333 \'.

3268 280 3372 337 λεδ
3391 323 3398 332 .

131 403 376 482 p:t?tionis
401 396 598 468 ignari,
631 393 963 464 repelluntur
992 392 1210 460 (Matth.
1238 391 1351 459 xx).
1377 391 1559 445 Veluti
1580 393 1686 445 nim
1724 396 1766 452 Α
1799 400 1960 444 eunte
1980 389 2109 443 .Inda
2141 391 2399 445 Dominus
2428 393 2556 446 dicit
2580 411 2590 444 :
2619 390 2772 445 Nunc
2795 392 3109 459 (ιω-ἱματίω
3130 403 3203 447 εει
3234 396 3374 464 ﬁlius

132 507 313 571 partem
341 489 645 558 chlamydis
673 487 928 542 Dominus
955 486 1141 551 sci'dit,
1176 501 1296 540 cum
1326 500 1388 540 ea
1430 488 1688 548 membra,

132 602 231 658 «με
255 582 533 638 movebant
558 576 869 634 scandalum
887 615 903 640 ,
929 575 1256 644 increpando
1279 573 1575 630 confutavit
1628 574 1687 629 Et

134 674 396 730 notandum
440 671 568 739 quia
617 684 721 722 non
767 674 937 721 totum
984 665 1224 736 pallium,
1258 667 1351 720 sed
1394 682 1520 736 pars
1547 667 1690 735 [allii

131 766 400 823 scinditur:
430 761 558 830 quia
583 760 708 813 dum
737 759 912 813 bonus
938 756 1076 812 mala
1099 757 1357 824 suggerit,
1387 757 1440 810 in
1462 771 1528 810 eo
1548 758 1690 826 quod

132 859 250 914 male
275 853 504 923 suggerit
532 851 724 919 repelli
755 849 940 914 debet,
971 855 1025 904 et
1055 848 1109 902 in
1137 863 1214 902 eo-
1233 847 1376 918 quod
1407 848 1565 902 aliter
1590 848 1689 904 bo-

131 965 214 1004 nus
238 956 332 1012 ist,
358 960 422 999 ex
449 943 746 998 dilectione
771 941 1012 995 retineri.

187 1039 266 1092 30.
309 1036 405 1091 Per
451 1034 838 1088 vestimentum
869 1031 1030 1086 etiam
1080 1033 1310 1088 rectoris
1348 1033 1692 1088 conversatio

131 1131 437 1196 designatur,
477 1122 768 1177 Psalmista
798 1129 1104 1185 attestante,
1133 1123 1224 1190 qui
1249 1123 1360 1176 ait:
1386 1122 1694 1176 Sacerdotes

135 1223 194 1275 tui
230 1220 500 1273 indzmntur
541 1213 1010 1287 justitiann(Psal.
1043 1230 1226 1279 cxxxr,
1273 1213 1349 1280 9).
1398 1213 1695 1268 Sumtnitas

131 1326 239 1380 ergo
265 1308 402 1376 pallii
431 1305 890 1376 apprehenditur,
924 1305 1142 1375 quando
1171 1305 1362 1360 doctor
1401 1305 1470 1358 de
1501 1319 1690 1372 magna

131 1405 386 1459 sanctitate
408 1401 687 1464 laudatur,
712 1413 833 1452 curn
862 1397 991 1453 illud
1016 1398 1066 1452 in
1095 1397 1212 1464 ejus
1234 1397 1444 1450 laudem
1474 1397 1700 1460 dicitur,

134 1495 253 1567 quod
300 1493 554 1547 decorum
607 1490 740 1544 foris
791 1489 1064 1544 ostendite
1099 1486 1207 1543 Sed
1253 1488 1377 1556 quia
1422 1487 1688 1556 justorutn

133 1588 257 1656 plura
279 1589 396 1637 sunt
422 1582 566 1636 bona
609 1595 730 1650 qu.e
760 1580 961 1644 latent,
992 1579 1142 1648 pallii
1175 1585 1382 1632 tantum
1413 1577 1693 1632 summitas

134 1671 427 1744 apprehendi
469 1679 695 1740 potest:
739 1671 864 1738 quia
900 1685 1090 1739 parum
1125 1677 1206 1724 est
1237 1669 1382 1738 quod
1424 1669 1491 1723 de
1533 1669 1692 1723 electi

138 1762 344 1817 doctoris
379 1759 588 1828 justitia
615 1759 1141 1826 cernitur,.multum
1177 1773 1306 1812 vero
1339 1757 1481 1827 quod
1510 1758 1692 1813 occul-

136 1863 266 1905 tatur.
314 1851 475 1920 366
512 1849 697 1919 Ipsum
731 1863 861 1903 vero
901 1864 1090 1918 parum
1143 1849 1286 1918 quod
1332 1848 1521 1913 scitur,
1565 1865 1687 1904 cum

138 1941 540 2012 apprehenditur,
564 1940 832 1996 scinditur
855 1958 868 1993 :
891 1940 1016 2009 quia
1037 1941 1162 2008 justi
1185 1940 1295 1995 suis
1316 1940 1562 1999 laudibus
1583 1955 1688 1993 non

137 2041 371 2087 tenentur.
418 2031 558 2098 Quia
592 2032 738 2086 enim
775 2046 868 2085 eas
897 2031 950 2085 in
997 2039 1274 2085 momento
1314 2039 1688 2094 contemnunt,

138 2124 260 2192 quasi
287 2122 513 2177 sci~sura
561 2121 712 2191 pallii
744 2121 917 2175 teneri
949 2131 1245 2190 nequeunt.
1297 2121 1538 2176 Tenetur
1573 2121 1691 2190 qni-

137 2214 234 2266 dem
275 2227 392 2280 pars
417 2212 586 2266 scissa
629 2211 978 2277 vestimenti,.
1008 2212 1268 2278 propheta
1297 2228 1404 2266 non
1437 2220 1650 2266 tenetur
1675 2230 1686 2264 :

139 2303 242 2371 quia
258 2318 438 2357 verum
468 2312 572 2367 est,
599 2303 750 2371 quod
773 2303 986 2370 dejusti
1017 2303 1173 2356 laude
1201 2303 1414 2366 dicitur,
1439 2317 1488 2357 et
1514 2313 1690 2357 tamen

140 2391 399 2459 iusti,dum
426 2401 789 2447 contemnunt
805 2393 945 2460 quod
967 2393 1214 2459 audiunt,
1237 2394 1390 2461 quasi
1409 2393 1693 2448 scissuram
1728 2419 1730 2422 ν

142 2485 184 2538 in
208 2487 414 2540 tenentis
455 2487 714 2542 manibus
741 2487 1070 2557 relinquunt.
1121 2488 1383 2557 Majorum
1409 2503 1538 2558 ergo
1567 2489 1694 2558 quia

141 2575 350 2640 quadam
393 2577 518 2630 sciri
570 2580 1037 2647 possuntrquasi
1081 2594 1206 2648 pars
1253 2580 1692 2647 apprehrnditur.

143 2662 253 2718 Cum
275 2680 396 2720 vero
423 2674 596 2719 totum
629 2667 797 2721 scitur
819 2683 845 2719 a
873 2668 1105 2736 parvulis
1125 2669 1270 2737 quod
1291 2677 1497 2736 agetur,
1524 2670 1566 2723 si
1590 2669 1704 2723 lau-

145 2756 294 2820 datur,
324 2759 670 2814 nihilominus
697 2760 1054 2829 abjiciendum
1083 2771 1197 2828 cst;
1225 2764 1348 2833 quia
1373 2764 1572 2833 aliquid
1600 2765 1695 2818 bo-

146 2861 308 2901 norum
354 2864 578 2916 operum
631 2865 729 2920 per
773 2853 1064 2906 vanitatem
1112 2854 1400 2909 tenendum
1441 2871 1547 2908 non
1598 2865 1697 2910 est.

149 2936 264 2993 Hinc
286 2954 506 3010 namque
531 2949 656 3005 est,
684 2941 830 3010 quod
862 2943 990 2997 dum
1017 2942 1253 2998 Joannes
1281 2945 1457 3000 adhuc
1486 2947 1700 3000 adoles-

148 3041 253 3080 cens
279 3031 722 3098 comprehensum
743 3031 854 3098 jam
887 3032 1169 3089 Dominum
1200 3035 1470 3102 sequitur,
1512 3044 1568 3090 et
1607 3051 1704 3104 per

151 3116 336 3184 pallium
373 3127 620 3185 tentetur,
663 3129 719 3174 et
743 3121 932 3175 relicto
962 3121 1124 3190 pallio
1154 3122 1332 3177 nudus
1375 3124 1571 3191 fugisse
1608 3124 1702 3178 dc-

149 3207 366 3262 scrihitur
385 3208 580 3279 (Marc.
615 3212 748 3279 xw).
783 3210 886 3264 Per
905 3212 1284 3267 vestimentum
1315 3229 1545 3282 namque
1567 3214 1705 3268 ado-
1736 3268 1778 3288 η

153 3296 328 3353 lescens
348 3301 569 3370 capitur,
595 3301 816 3371 quando
837 3303 905 3358 de
927 3305 1526 3360 boote-conversationis
1552 3307 1704 3361 initi»

64 3393 66 3396 '
154 3388 482 3458 collaudatur;
509 3392 606 3447 sed
640 3392 826 3447 relicta
849 3394 1075 3449 sindone
1100 3396 1276 3450 nudus
1319 3397 1582 3466 profugit,
1615 3397 1705 3465 qui

154 3478 313 3534 lau'les
338 3495 461 3548 quas
487 3482 647 3536 audit
666 3483 963 3552 vilipendit.
997 3483 1208 3538 Nudum
1241 3501 1473 3555 namque
1501 3487 1703 3555 fugere,

154 3579 223 3623 est
246 3570 545 3627 laudabilem
571 3574 738 3628 vitam
767 3575 984 3632 habere.
1015 3575 1108 3632 sed
1136 3578 1320 3631 electae
1341 3578 1462 3632 vim
1493 3579 1703 3634 tandem

156 3657 416 3728 despicere.
449 3660 616 3730 Quasi
645 3663 787 3718 enim
813 3665 985 3720 nudus
998 3664 1160 3735 afugit,
1181 3667 1270 3736 qui
1297 3669 1362 3722 de
1384 3679 1577 3724 ornatu
1600 3673 1707 3725 vi;-

157 3760 301 3805 tututn
328 3754 418 3809 sibi
449 3771 545 3824 per
573 3772 768 3811 vanam
806 3757 1028 3826 gloriam
1064 3759 1196 3813 nihil
1224 3761 1464 3815 ascribit.
1522 3761 1707 3818 Potest

158 3843 296 3898 etiam
334 3846 526 3901 idcirco
576 3848 754 3905 nudus
797 3849 998 3916 lugisse
1044 3849 1288 3918 intelligi,
1334 3853 1458 3920 quia
1488 3853 1579 3922 qui
1611 3870 1710 3924 per

160 3942 312 4000 pa'tes
336 3937 571 3992 sindonis
601 3949 792 4009 captus
819 3941 1097 4006 asseritur,
1121 3941 1400 4009 reliquisse
1428 3943 1721 3997 sindonem-

159 4033 465 4100 perhibetur;
487 4035 615 4104 quia
639 4036 952 4106 plerumque
979 4038 1029 4091 in
1055 4037 1350 4092 electorum
1380 4040 1706 4093 CODSLiellliﬂ

161 4123 322 4188 agitur,
348 4133 420 4186 ut,
443 4140 541 4195 per
567 4125 670 4180 hoc
695 4126 836 4194 quod
861 4141 929 4180 ex
951 4134 1102 4195 parte
1125 4125 1431 4192 laudantur,
1457 4144 1562 4181 non
1587 4145 1710 4196 pars

162 4212 459 4281 meritorum,
489 4216 586 4270 sed
614 4231 774 4271 omne
797 4217 952 4270 bonas
982 4217 1102 4271 vita:
1131 4217 1382 4272 meritum
1413 4219 1708 4288 perdidisse

163 4304 486 4372 suspicentur.
539 4307 804 4362 Samuelis
850 4322 979 4376 ergo
1009 4309 1226 4377 pallium
1269 4310 1548 4374 scinditur,
1581 4312 1707 4380 quia

164 4389 320 4448 laudes
338 4412 457 4452 suas
471 4397 897 4453 electidoetores
921 4399 1273 4469 vilipendunt.
1301 4401 1370 4455 Et
1388 4404 1513 4472 quia
1537 4403 1708 4458 laudi-

163 4479 246 4534 bus
272 4500 369 4538 non
397 4484 703 4552 ﬂectuntur,
729 4488 1067 4543 severitatem
1101 4491 1294 4559 prioris
1319 4495 1599 4548 sententia:
1627 4511 1711 4548 re-

165 4572 320 4639 plicat,
347 4577 526 4632 dicens
550 4597 564 4633 :

224 4661 381 4732 (Vers.
405 4666 516 4739 28.)
540 4667 744 4724 Scindit
771 4669 1023 4726 Dominus
1049 4689 1258 4742 regnum
1287 4673 1459 4730 Israel
1478 4676 1542 4729 de
1555 4693 1709 4730 manu

168 4759 242 4805 tua
265 4755 422 4812 hodie.
499 4732 507 4739 Ι
1102 4732 1126 4742 ν
1754 4732 1797 4786 ί)

232 4843 309 4905 51.
333 4846 414 4903 l’ei
430 4850 547 4906 feeii
569 4855 768 4907 etenim
790 4855 909 4919 viri,
937 4857 1058 4924 quia
1084 4871 1115 4909 a
1131 4857 1308 4925 rigore
1329 4857 1555 4921 jtts'itim
1577 4859 1729 4911 nulla-

170 4931 312 4989 iaude
339 4939 680 5002 mollescunt,
711 4944 846 4998 tales
869 4953 994 5000 ante
1021 4949 1208 5014 quales
1251 4955 1370 5015 post
1407 4949 1577 5002 lautis
1605 4965 1720 5001 sua:

173 5026 501 5104 testimonium
520 5042 663 5099 sunt,
687 5043 743 5088 et
769 5051 890 5103 qua:
911 5035 1059 5104 prius
1084 5036 1353 5100 dixi-rant,
1379 5038 1568 5092 eadem
1594 5048 1720 5106 po-t

173 5117 435 5182 repetendo
461 5121 798 5178 c0nIirananl.
830 5124 935 5178 Sed
962 5127 1310 5194 quaarendum
1341 5137 1450 5192 est,
1482 5129 1608 5196 quid
1641 5131 1716 5183 si-

175 5206 364 5269 dnillcet
390 5209 504 5274 hoc,
531 5212 677 5280 quod
706 5213 934 5269 dicitur:
967 5215 1160 5271 Hodie.
1200 5220 1256 5272 Si
1284 5219 1425 5272 enim
1458 5222 1716 5290 reprobo-

177 5306 276 5345 rum
299 5297 395 5349 vita
423 5315 523 5355 nox
551 5309 670 5369 est,
697 5303 827 5373 quid
855 5313 937 5360 est
961 5307 1103 5373 quod
1132 5307 1184 5362 in
1221 5308 1308 5362 die
1335 5307 1462 5363 Saul
1491 5324 1716 5378 regnum

178 5387 448 5447 scinditur?
491 5393 592 5450 Sed
618 5397 663 5452 si
693 5413 801 5452 nox
827 5399 1038 5454 estvita
1067 5401 1306 5469 pastoris
1331 5402 1566 5471 reprobi,
1595 5418 1718 5457 cum

183 5475 283 5540 eius
308 5495 515 5550 regnum
545 5485 836 5551 scinditur,
866 5488 1005 5542 diem
1035 5489 1180 5544 facit.
1230 5490 1354 5546 Dies
1393 5492 1593 5562 quippe
1619 5509 1724 5547 non

185 5563 259 5629 ﬁt,
285 5572 373 5626 nisi
403 5589 516 5630 eum
544 5592 652 5631 nox
674 5577 894 5633 recedit.
929 5579 1066 5634 Dicit
1093 5594 1251 5648 ergo,
1279 5579 1470 5646 Hodie,
1499 5582 1622 5650 quia
1646 5599 1731 5636 ca-

188 5651 277 5720 ligo
307 5658 645 5720 inubedientis
679 5653 917 5722 damnari
965 5669 1299 5740 perhibetur.
1361 5669 1509 5726 Unde
1539 5683 1591 5726 ct
1635 5689 1726 5728 cs-

1796 482 2017 536 hominis
2045 482 2224 551 (Jonn.
2250 499 2364 549 xm,
2397 484 2484 550 ’51)
2509 502 2521 540 ;
2552 484 2674 552 quia
2703 492 2914 539 noctem
2942 484 3062 538 vita:
3085 485 3224 538 illius
3244 487 3378 540 vidit
3400 522 3408 535 ι

1796 574 1892 628 dist
1914 572 2094 640 edere,
2127 582 2181 626 et
2212 590 2397 638 puram
2431 576 2601 630 lucem
2625 576 2848 643 justitize
2875 575 2926 628 in
2954 576 3072 628 aliis
3101 575 3402 645 discipulis-

1799 676 2132 728 pt-imanere.
2183 661 2389 717 Dicitur
2417 666 2577 717 etiam
2605 682 2616 716 :
2672 664 2875 729 llodie,
2907 665 3030 734 quia
3075 673 3258 718 amoto
3288 681 3378 719 su-

1795 753 1983 820 perbo,
2015 753 2128 821 regi
2157 752 2344 807 humili
2374 767 2595 822 regnum
2626 754 2953 808 tradebatur.
2996 751 3144 809 Unde
3171 763 3224 808 et
3251 756 3381 810 sub-

1792 842 1972 897 ditur:

1867 935 2048 1001 (Vt't's.
2077 935 2194 1005 9.8.)
2236 934 2304 988 Et
2324 935 2537 989 tradidit
2564 935 2695 989 illud
2713 937 2949 999 proximo
2977 943 3063 989 tuo
3085 937 3282 990 meliori
3312 945 3376 990 te.
3407 981 3414 986 .

1865 1025 1998 1078 Ctnn
2037 1038 2168 1092 ergo
2207 1024 2322 1080 dies
2351 1025 2579 1091 dicitur,
2609 1040 2716 1078 non
2757 1024 2952 1094 ahjecti
2981 1025 3118 1093 regis
3148 1025 3378 1079 lucidum

1793 1115 1993 1183 aliquid
2022 1115 2282 1179 cernitur,
2315 1114 2406 1168 sed
2437 1115 2711 1169 substituti
2733 1115 2902 1182 gloria
2925 1115 3262 1184 praedicatur,
3288 1116 3378 1184 qui
3409 1157 3412 1160 .

1795 1205 1860 1257 de
1901 1204 2048 1272 regni
2075 1205 2310 1258 culmine
2347 1219 2554 1273 magna:
2584 1204 2796 1259 virtutis
2825 1204 3054 1259 debebat
3094 1204 3381 1274 splendore
3405 1227 3418 1235 --

1797 1293 2025 1346 radiare.
2082 1292 2149 1346 Et
2197 1295 2392 1347 divina:
2444 1294 2726 1348 sentcntiae
2784 1294 3378 1350 incommutabilitatcm

1795 1402 2044 1440 asserens
2071 1387 2270 1449 subdit,
2302 1387 2483 1442 dicens
2510 1405 2524 1440 :

1871 1478 2048 1547 (νη-ε.
2076 1479 2191 1549 ‘29.)
2238 1480 2403 1534 l’orro
2431 1479 2774 1550 triumphator
2793 1482 2846 1533 in
2870 1477 3039 1532 Israel
3065 1496 3163 1532 non
3183 1492 3377 1549 parcet,

1795 1578 1843 1624 ct
1867 1569 2183 1640 paenitudine
2203 1586 2307 1623 non
2336 1571 2585 1640 ﬂectetur.

1866 1662 1957 1717 52.
1999 1662 2130 1729 Quis
2179 1663 2322 1716 enim
2353 1661 2512 1730 hujus
2544 1662 2948 1731 triumphatoris
2991 1662 3240 1730 nomine,
3282 1663 3380 1716 nisi

1797 1755 2058 1809 Conditor
2086 1753 2306 1808 humani
2331 1754 2542 1822 generis
2571 1753 2950 1822 intelligendus
2975 1755 3100 1807 est?
3131 1753 3259 1806 Nam
3291 1770 3402 1808 oc--

1801 1848 1975 1901 cultos
2017 1846 2358 1902 adversarios
2396 1845 2703 1914 quicunque
2739 1853 2987 1915 superat,
3029 1845 3145 1913 ejus
3187 1847 3385 1898 virtute

1797 1940 1982 2001 vincit,
2011 1938 2100 2008 qui
2123 1938 2171 1992 ei
2194 1937 2420 2006 gratiam
2441 1935 2760 2008 superanda:
2781 1934 3380 2004 tents;tionisiznpendit.

1798 2030 1936 2097 Quid
1967 2039 2051 2087 eat
2078 2030 2222 2101 quod
2247 2030 2607 2099 triumphator
2635 2044 2742 2084 non
2774 2043 2994 2098 parcere
3021 2029 3236 2094 dicitur,
3259 2044 3382 2082 cum

1797 2122 2016 2177 Samuel
2044 2122 2305 2190 rogatur?
2326 2121 2450 2189 quia
2474 2136 2595 2176 cum
2626 2119 3004 2189 praedicatores
3033 2119 3385 2186 peccantibus

1798 2212 2026 2266 subditis
2056 2213 2378 2276 irascuntur,
2409 2226 2530 2266 cum
2559 2209 2822 2279 superbos
2841 2217 2934 2264 aut
2954 2209 3187 2264 lubricos
3207 2207 3386 2264 divina
3427 2255 3433 2266 ..

1798 2302 2066 2356 sententia
2100 2301 2314 2365 feriunt,
2348 2316 2454 2354 non
2485 2300 2696 2369 impetu.
2718 2299 3042 2364 lurorissui,
3074 2299 3167 2354 sed
3197 2299 3387 2353 divina:
3415 2333 3419 2335 -

1802 2393 2096 2448 Voluntatis
2127 2391 2386 2460 judicium
2413 2398 2800 2459 exsequuntur.
2825 2388 2987 2455 Quasi
3028 2400 3174 2442 certe
3205 2388 3384 2441 dicat:

1805 2483 1918 2552 Ego
1941 2483 2154 2552 quidem
2179 2498 2286 2536 non
2311 2497 2506 2544 meam,
2535 2479 2626 2534 sed
2651 2480 2790 2533 illius
2813 2479 3136 2533 sententiam
3167 2477 3387 2548 protuli,

1803 2575 1892 2642 qui
1942 2573 2086 2642 quod
2115 2573 2453 2628 d-cernendo
2484 2571 2718 2642 profert,
2766 2570 3011 2624 revocati
3053 2585 3158 2622 non
3189 2577 3386 2638 potest.

1805 2665 1920 2718 Non
1949 2678 2077 2732 ergo
2109 2673 2299 2732 parett,
2329 2665 2483 2734 367
2530 2673 2586 2718 et
2635 2663 2964 2732 pmnitudine
2992 2677 3097 2715 non
3124 2659 3389 2724 lb-ctitur;

1809 2756 1902 2809 sed
1933 2756 2011 2810 eis
2039 2756 2127 2824 qui
2149 2797 2162 2818 ,
2205 2770 2306 2810 nec
2333 2770 2362 2807 a
2405 2755 2642 2822 peccatis
2675 2755 2787 2810 suis
2817 2753 3092 2817 desinere,
3126 2768 3228 2806 nec
3261 2768 3388 2822 pec-

1809 2856 2050 2900 catorum
2083 2853 2306 2914 ponunt
2345 2860 2467 2913 quae
2511 2844 2738 2912 diligunt
2762 2843 3055 2914 pmnitere;
3097 2853 3152 2896 et
3173 2858 3390 2896 causam

1809 2937 2120 3002 sttbjieiens,
2153 2937 2228 2989 ait
2253 2954 2265 2986 :

1882 3029 1963 3096 (Vi
1987 3046 2059 3083 rs.
2107 3029 2222 3098 9.9.)
2265 3025 2447 3100 Neque
2475 3029 2611 3082 enim
2653 3028 2807 3082 homo
2847 3036 2957 3092 est,
2997 3035 3050 3078 ut
3076 3035 3199 3097 agat
3227 3027 3394 3096 paeni-

1811 3122 2042 3173 tentiam.

1881 3208 2046 3274 Quasi
2073 3209 2252 3262 dicat:
2287 3207 2352 3261 Et
2382 3208 2574 3262 iterum
2597 3221 2716 3262 esse
2742 3207 2791 3260 ei
2815 3221 2858 3260 e‘
2879 3216 2919 3272 t,
2949 3205 3036 3260 cui
3066 3205 3414 3258 mntabilitas.

1815 3302 1959 3355 nulla
2009 3310 2107 3356 est.
2161 3300 2346 3355 Potest
2375 3301 2539 3355 etiam
2571 3298 2976 3368 triumphatoris
3021 3298 3237 3351 nomine
3265 3298 3408 3349 sub»

1812 3394 1984 3448 saituti
2037 3393 2175 3463 rrgis
2214 3391 2476 3462 perfectio
2527 3391 2816 3460 designari,
2867 3389 2959 3458 qui
3007 3398 3061 3443 et
3105 3389 3419 3449 naultornm

1814 3485 2210 3553 tviumphorum
2249 3484 2474 3551 gloriam
2507 3483 2788 3537 habiturus
2815 3491 2958 3546 erat,
3002 3489 3057 3535 ct
3085 3489 3270 3535 contra
3302 3497 3398 3534 vo-

1814 3575 2073 3628 luntatem
2097 3574 2403 3628 Conditoris
2425 3589 2644 3642 parcere
2664 3573 2822 3627 alicui
2852 3588 2957 3627 non
2979 3573 3221 3628 auderet.
3251 3573 3413 3628 [inde

1813 3676 1868 3718 et
1910 3668 1958 3717 in
1988 3665 2092 3719 hoc
2122 3665 2237 3733 ipso
2267 3680 2334 3718 eo
2356 3668 2457 3717 lem
2488 3664 2647 3731 libro,
2678 3665 2743 3718 de
2771 3680 2837 3718 eo
2867 3665 3122 3732 scriptum
3153 3674 3232 3716 est
3262 3682 3274 3715 :
3331 3663 3412 3716 Et.

1812 3756 2125 3824 p-errntiebat
2168 3755 2337 3809 David
2361 3773 2562 3809 omnem
2593 3765 2812 3821 terram,
2842 3772 2934 3808 nec
2974 3756 3292 3819 relinquebat
3320 3761 3395 3808 vi-

1811 3857 2004 3902 rentem
2027 3849 2212 3914 virum,
2243 3856 2291 3900 et
2322 3847 2586 3900 mulierem
2627 3846 2678 3903 ll
2713 3845 2844 3918 Reg.
2880 3862 3059 3910 xxvu,
3083 3847 3170 3916 .9).
3225 3847 3299 3902 De
3329 3864 3395 3901 eu

1814 3939 1974 3992 etiam
2007 3939 2238 3991 dicitur:
2286 3935 2463 4008 Neque
2504 3941 2639 3992 enim
2671 3939 2822 3993 homo
2849 3948 2955 4006 est,
2983 3948 3040 3992 ut
3071 3948 3193 4010 agat
3231 3943 3395 4008 pomi-

1816 4030 2044 4084 tentiam.
2097 4029 2235 4096 Quid
2269 4030 2410 4083 enim
2442 4031 2545 4084 hoc
2575 4030 2694 4083 loco
2722 4031 2918 4095 homo,
2966 4030 3064 4084 nisi
3094 4030 3400 4088 carnalibus

1817 4123 2155 4192 passinnihus
2183 4122 2425 4174 subditus
2454 4121 2795 4192 designatur?
2826 4123 2985 4189 Quasi
3015 4123 3186 4177 adhuc
3213 4139 3410 4192 ευμεν-.

1817 4214 1941 4266 bum
1966 4214 2231 4277 mordeat,
2255 4213 2437 4266 dicens
2462 4231 2475 4264 :
2500 4212 2576 4266 Te
2600 4213 2760 4267 modo
2783 4221 3122 4282 peccatorum
3155 4213 3399 4278 ιωιιῑιοι,

1818 4320 1941 4358 eum
1969 4304 2205 4358 audacia:
2236 4312 2288 4357 tu
2305 4322 2337 4357 υ
2365 4304 2688 4358 sententiam
2718 4304 2978 4373 perc'pis;
3002 4302 3094 4356 sed
3120 4303 3207 4356 ille
3235 4305 3401 4371 pmni-

1819 4395 2040 4450 tentiam
2071 4410 2175 4449 non
2206 4403 2350 4463 aget,
2380 4394 2490 4463 qui,
2523 4402 2580 4447 nt
2624 4394 2788 4448 homo
2825 4401 2881 4448 et
2915 4393 3313 4459 inobedicntize,
3348 4404 3402 4448 et

1820 4486 2016 4539 tumori
2065 4502 2172 4539 non
2202 4484 2462 4553 subjacet.
2509 4484 2575 4537 Et
2605 4485 2886 4540 tlleadhuc
2906 4485 2958 4538 in
2981 4502 3076 4540 cie
3115 4501 3213 4539 suo
3234 4483 3409 4540 conli-.

1821 4590 1982 4641 tctnr,
2015 4579 2198 4632 dicens
2223 4595 2236 4630 :

1895 4669 2078 4737 (Veis.
2105 4669 2220 4735 30.)
2263 4667 2496 4726 Peccavi.

1894 4759 2061 4826 Ipsius
2091 4768 2268 4811 autem
2292 4759 2644 4813 confessionis
2667 4760 2980 4826 qualitatem
3005 4759 3256 4822 ostendit,
3280 4763 3416 4829 quiat

1824 4848 1942 4917 subj
1968 4851 2117 4910 mxit,
2148 4849 2330 4903 dicens
2355 4867 2366 4898 :
2621 4865 2623 4868 ‘

1901 4940 2077 5009 (Vers.
2108 4939 2220 5007 ΞΟ.)
2263 4938 2369 4994 Sed
2403 4953 2537 4991 nunc
2576 4938 2772 4992 honora
2798 4955 2878 4993 me
2906 4956 3079 4994 coram
3123 4942 3420 5000 senioribus-

1827 5032 2002 5102 popnli
2033 5032 2153 5098 mei,
2181 5039 2230 5083 et
2260 5047 2434 5084 coram
2465 5027 2651 5082 Israel.

1901 5123 1989 5176 '53.
2031 5122 2251 5192 Liquet,
2282 5137 2439 5192 quam
2472 5121 2855 5191 pmnitudinem
2884 5131 3074 5188 gerat...
3111 5125 3203 5193 qui
3233 5125 3407 5180 adhuc

1829 5214 2084 5269 honorari
2105 5213 2392 5268 desiderat.
2422 5212 2552 5266 Nam
2573 5213 2618 5266 si
2640 5213 2720 5266 sui
2750 5217 2955 5282 peccati
2980 5215 3122 5270 hunc
3144 5218 3407 5272 veraciter

1829 5305 2146 5376 pmniteret,
2179 5306 2488 5361 inhonorati
2518 5305 2697 5376 potius
2730 5320 2891 5374 quam
2922 5308 3176 5360 honorari
3206 5324 3409 5364 concu-

1831 5397 2071 5467 pivisset.
2118 5396 2393 5450 Admirari
2416 5397 2576 5463 igitur
2604 5395 2732 5449 libet
2775 5395 3002 5464 projecti
3043 5399 3221 5453 cordis
3263 5401 3394 5456 duri-

1833 5489 1979 5542 tiam.
2035 5485 2106 5541 Ut
2147 5488 2228 5540 vir
2273 5487 2364 5540 Dei
2397 5487 2708 5540 mandatum
2751 5486 3057 5543 Conditoris
3088 5505 3406 5560 ex~eqncns,

1831 5580 1997 5633 dicit:
2033 5579 2267 5650 Projecit
2297 5589 2343 5634 te
2371 5578 2624 5634 Dominus
2644 5619 2660 5646 ,
2692 5596 2756 5634 ne
2782 5581 2852 5633 sis
2876 5596 3002 5635 rex:
3033 5593 3250 5637 econtra
3283 5602 3411 5639 vero

1833 5671 1920 5742 qui
1964 5671 2278 5742 abjertionis
2319 5672 2637 5728 scntcn'iam
2683 5671 2940 5743 suscipit,
2981 5689 3078 5748 per
3118 5679 3412 5748 ap,etitnni
