3948 6288
488 311 594 368 839

1660 297 1904 356 SANCTI
1944 293 2268 353 σηεςοῐιιι
2309 296 2531 350 MAG.“

3646 296 3777 351 ΗΟ

485 420 750 484 elationis,
784 419 1018 474 honores
1046 415 1261 487 quzerit.
1287 412 1425 482 Quid
1452 421 1536 470 est
1555 425 1706 481 ergo.
1735 411 1879 481 quod
1903 410 1933 463 d
1956 410 2060 464 cit:
2101 409 2144 469 Α
2170 404 2327 473 rique
2356 404 2572 458 illorum
2599 403 2728 458 dum
2758 404 3171 475 quodammodo
3190 404 3261 461 ad
3288 420 3387 460 cor
3422 402 3674 473 redrunt,
3704 423 3770 463 se

484 510 744 565 Peccavi?
784 507 1195 562 Confessionem
1236 504 1454 575 quidem
1489 503 1701 573 peccati
1740 520 1848 558 non
1890 504 2066 557 honor

484 609 577 653 aut
616 598 817 668 gloria,
848 597 941 652 sed
974 597 1176 651 utilitas
1203 604 1261 650 et
1302 602 1643 664 contemptus
1686 594 1836 663 somni
1882 593 2064 647 debet.

485 689 626 757 Quid
656 688 799 744 enim
829 687 1051 758 prodest
1080 685 1327 741 conﬁteri
1369 684 1565 753 ﬂagitia
1584 727 1608 753 ,
1642 685 1690 739 si
1716 684 2070 738 confessionis

485 795 675 836 vocem
704 794 810 834 non
832 778 1072 846 sequitur
1092 776 1313 832 afﬂictio
1337 776 1661 847 paenitentiae
1678 777 1705 829 ?
1723 773 1847 828 Tria
1871 774 2071 843 quippe

484 872 538 925 in
566 884 893 939 unoquoque
913 865 1302 921 consideranda
1322 874 1448 921 sunt
1469 866 1733 921 veraciter
1752 863 2079 933 pmnitente,

484 961 775 1027 videlicet,
807 960 1091 1014 conversio
1120 958 1316 1013 mentis
1335 1000 1352 1026 ,
1382 955 1653 1013 confessio
1691 956 1837 1020 oris,
1867 963 1923 1010 et
1950 955 2073 1009 vin-

486 1053 631 1107 dicta
662 1051 891 1121 peccati.
922 1049 1075 1115 Nam,
1106 1048 1197 1118 qui
1226 1049 1390 1104 corde
1420 1064 1530 1104 non
1559 1049 1912 1109 convertitur,
1944 1046 2075 1116 quid

488 1142 712 1210 prodest
755 1142 805 1196 ei
825 1182 842 1209 ,
874 1143 917 1195 si
949 1149 1172 1211 peccata
1204 1140 1573 1196 conﬁteatur?
1611 1140 1897 1196 Peccatum
1928 1140 2075 1209 quod

487 1231 724 1303 diligitur
751 1232 1059 1287 confitendo
1082 1231 1302 1287 minime
1323 1230 1551 1287 deletur.
1583 1230 1843 1286 Nonnulli
1859 1232 2074 1300 quidem

487 1329 615 1376 sunt
654 1321 745 1390 qui
769 1331 989 1392 peccata
1017 1320 1331 1377 conﬁtendo
1356 1323 1637 1390 aperiunt,
1665 1322 1758 1376 sed
1805 1338 1911 1376 non
1940 1337 2070 1377 con-

487 1414 770 1479 vertendo,
802 1428 1142 1485 nequaquam
1169 1413 1529 1469 detestantur.
1578 1413 1641 1467 Hi
1674 1412 1919 1484 profecto
1942 1430 2074 1469 con-

490 1502 693 1558 ﬁtendo
740 1504 873 1559 nihil
922 1512 1109 1572 agunt,
1150 1505 1277 1573 quia
1320 1504 1464 1575 quod
1510 1504 1782 1573 loquendo
1829 1505 2073 1572 ejiciunt,

491 1592 723 1647 amando
746 1593 1113 1648 introducunt.
1148 1592 1301 1648 Unde
1323 1601 1378 1648 et
1403 1593 1691 1649 salubriter
1712 1594 1954 1649 conﬁteri
1987 1610 2078 1649 vo-

2171 508 2385 549 errasse
2405 492 2755 549 conﬁtentur.
2806 493 2907 560 Qui
2944 504 3126 550 tamen
3152 496 3234 551 sic
3262 496 3451 551 velunt
3480 506 3672 553 contra
3704 515 3771 555 se

2173 594 2398 653 peccata
2426 582 2688 653 profane,
2722 592 2782 639 ut
2810 586 2977 640 velint
2995 585 3173 642 adhuc
3201 586 3271 642 de
3298 586 3481 643 oﬂleio
3501 588 3644 643 sacri
3674 605 3772 643 or-

2174 672 2313 727 dinis
2354 672 2645 739 honorari;
2689 683 2875 745 turpes
2903 676 2956 735 in
2985 684 3201 732 secreto
3240 692 3302 733 se
3328 677 3650 747 proferuntr
3670 681 3772 734 sed

2176 763 2308 819 foris
2334 774 2532 834 praster
2558 766 2765 821 ordinis
2793 767 3165 823 celsitudinem
3196 767 3379 823 videri:
3397 769 3630 826 humiles
3650 784 3780 825 eru-

2177 854 2423 909 bescunt.
2457 854 2597 921 Quid
2618 870 2761 924 ergo
2778 857 2877 912 isti
2892 858 2992 912 nisi
3020 857 3265 926 abjectos
3287 874 3349 915 se
3376 858 3581 925 vident,
3603 869 3665 914 et
3694 868 3784 914 ta-

2177 967 2300 1006 men
2321 952 2459 1007 velle
2479 953 2998 1010 honorariaudent?
3017 953 3175 1025 Sa-pe
3194 964 3374 1011 autem
3397 973 3507 1011 non
3527 972 3560 1012 a
3579 958 3781 1029 seipsis

2176 1042 2430 1109 veniunt,
2459 1043 2555 1097 sed
2582 1044 2735 1098 inviti
2769 1046 3091 1116 capiuntur;
3122 1045 3441 1115 abjectionis
3478 1064 3592 1103 sua
3616 1064 3782 1104 man—

2176 1133 2301 1189 data
2340 1135 2663 1205 percipiunt,
2714 1144 2771 1191 et
2795 1144 2983 1192 tamen
3026 1146 3265 1208 rogant,
3305 1146 3364 1193 ut
3406 1139 3793 1195 honorentur-

2178 1225 2378 1280 Volunt
2405 1227 2605 1297 quippe
2634 1227 2907 1283 immunda
2938 1243 3124 1298 agere,
3152 1228 3247 1285 sed
3272 1229 3473 1285 audent
3497 1230 3676 1285 sacris
3703 1232 3786 1285 al-

2173 1316 2379 1372 taribus
2406 1316 2688 1374 inhaerere.
2720 1317 3017 1388 Ecce'quot
3047 1319 3241 1376 Sanies
3269 1320 3625 1389 attendimus,
3645 1329 3793 1390 quos

2174 1417 2333 1472 reges
2361 1405 2540 1474 lapsos
2569 1421 2599 1460 a
2628 1415 2832 1462 sancte
2862 1406 3121 1463 Ecclesia:
3155 1409 3390 1464 culmine
3419 1409 3776 1480 contempla-

2176 1509 2317 1549 mur.
2363 1494 2601 1561 Quorum
2634 1497 2879 1565 profecto
2907 1498 3133 1566 singulis
3160 1498 3446 1553 dicendum
3479 1509 3563 1553 est
3590 1517 3606 1552 :
3659 1501 3795 1570 quia

2178 1587 2443 1657 projecisti
2472 1604 2762 1642 sermonem
2792 1587 3028 1654 Domini,
3057 1592 3276 1661 projecit
3305 1599 3354 1644 te
3384 1589 3676 1657 Dominus,
3718 1607 3789 1646 tu

488 1682 728 1738 lentibtts
753 1683 1031 1752 Scriptura
1062 1685 1325 1747 insinuat,
1369 1685 1555 1739 dicens
1579 1702 1592 1737 :
1643 1682 1809 1739 Corde
1848 1685 2075 1738 creditur
2106 1705 2154 1764 Β
2180 1678 2252 1731 δίε
2272 1692 2366 1731 rex
2388 1693 2407 1731 ἔ
2437 1686 2496 1732 ιιι
2523 1678 2877 1733 ministerium
2906 1680 3128 1735 cmleste
3155 1696 3264 1736 non
3291 1688 3477 1749 agant,
3505 1695 3651 1750 quos
3672 1690 3791 1736 ter-

488 1774 562 1827 ad
579 1775 868 1845 justitiam,
889 1792 978 1829 ore
997 1784 1166 1828 autem
1188 1776 1444 1845 confessio
1464 1775 1525 1845 ﬁt
1553 1775 1622 1828 ad
1648 1774 1871 1829 salutem
1894 1774 2076 1845 (Rom.

490 1878 544 1922 ι.
579 1863 693 1932 lU).
724 1863 860 1929 Quid
892 1872 976 1918 est
1000 1863 1165 1918 corde
1191 1863 1413 1945 credere
1439 1864 1507 1917 ad
1526 1863 1811 1931 justitiam,
1843 1864 1945 1918 nisi
1976 1878 2075 1919 vo-

489 1956 753 2008 luntatem
782 1954 1015 2023 dirigere
1042 1955 1107 2008 ad
1140 1954 1319 2018 ﬁdem,
1350 1970 1451 2025 per
1472 1955 1817 2010 dilectionem
1844 1970 2048 2025 operati

486 2046 640 2101 tem?
665 2043 797 2099 Cum
826 2060 956 2112 ergo
976 2047 1096 2115 quis
1126 2045 1306 2100 cordis
1335 2045 1687 2101 intentionem
1716 2046 1785 2100 ad
1811 2046 2074 2115 justitiam

485 2153 589 2205 per
615 2152 855 2191 amorem
902 2137 1113 2206 dirigit,
1160 2153 1257 2207 per
1294 2138 1503 2192 initium
1551 2140 1708 2194 bona:
1739 2139 2068 2202 voluntatis,

488 2229 722 2282 fluctum
752 2227 915 2281 habet
941 2228 1095 2282 bone
1118 2228 1513 2283 conversionis.
1564 2227 1665 2285 llic
1692 2237 1841 2285 certe
1864 2228 1976 2298 jam
2006 2228 2074 2283 ad

489 2318 721 2372 salutem
768 2316 1077 2382 conﬁtetur,
1122 2318 1248 2387 quia
1295 2319 1417 2388 plus
1464 2318 1735 2388 loquendo
1764 2318 1832 2373 de
1856 2318 2081 2372 vulnere

490 2411 640 2478 ejicit
666 2424 827 2479 quam
857 2409 1213 2465 conversione
1238 2411 1572 2481 compunxit.
1602 2411 1783 2465 Tertia
1806 2424 1935 2479 ergo
1956 2425 2085 2479 spe-

492 2500 627 2563 cies,
656 2498 707 2553 id
738 2508 821 2553 est
851 2499 1111 2565 vindicta,
1149 2502 1301 2569 quasi
1334 2500 1599 2556 medicina
1627 2501 1931 2555 necessaria
1961 2508 2079 2566 est;

493 2599 555 2642 ut
582 2596 858 2657 apostctna
889 2599 1091 2654 reatus,
1123 2589 1271 2658 quod
1298 2591 1655 2645 conversione
1678 2591 2076 2660 compungitur,

497 2675 805 2731 mnﬁtendo
847 2685 1132 2746 purgetur,
1177 2677 1591 2747 afﬂictionisque
1618 2678 1885 2733 medicina
1914 2693 2077 2734 sane-

494 2779 602 2820 tur.
634 2766 777 2836 Ergo
798 2768 889 2837 qui
919 2768 1087 2823 corde
1111 2768 1179 2821 ad
1202 2768 1467 2837 justitiam
1498 2784 1604 2822 non
1634 2769 1835 2836 credit,
1861 2767 2078 2823 confes-

493 2860 703 2914 sionem
734 2859 799 2913 ad
827 2860 1056 2915 salutem
1083 2875 1420 2930 nequaquam
1442 2859 1589 2923 facit,
1611 2860 1737 2929 quia
1759 2860 1905 2915 velut
1926 2860 2085 2914 malm

495 2950 706 3006 arboris
752 2949 879 3005 folia
926 2950 1189 3015 ostendit,
1232 2950 1384 3019 cujus
1424 2952 1560 3004 altas
1605 2950 1815 3006 ralices
1860 2947 1973 3018 ﬁgit
2026 2950 2079 3003 in

2180 1781 2312 1823 rena
2338 1768 2538 1836 ﬂagitia
2567 1769 2859 1837 inquinare
2890 1786 2997 1824 non
3020 1778 3257 1826 cessant.
3281 1770 3385 1826 Sed
3406 1771 3513 1825 hoc
3535 1771 3795 1841 proferto

2179 1855 2363 1912 dicere
2410 1872 2729 1927 possumus,
2765 1857 2986 1912 lubricis
3016 1866 3196 1913 tamen
3246 1858 3508 1913 ministris
3550 1858 3794 1932 suadere

2182 1964 2291 2003 non
2321 1964 2629 2019 possumus.
2681 1949 2816 2003 Nam
2847 1948 2978 2004 Saul
3007 1958 3067 2004 et
3098 1949 3369 2018 abiectum
3400 1965 3461 2004 se
3487 1950 3699 2004 audivit
3728 1957 3791 2004 et

2182 2039 2468 2108 regnavit;
2515 2044 2643 2110 quia
2685 2040 2949 2096 immundi
2989 2042 3304 2097 sacerdotes
3347 2055 3408 2096 se
3448 2041 3789 2097 sacerdotali

2180 2131 2415 2187 culmine
2441 2131 2685 2201 dejectos
2710 2148 2810 2202 per
2843 2133 3072 2189 luxuria:
3105 2133 3511 2202 inquinamenta
3540 2147 3784 2202 cognos—

2183 2231 2345 2286 eunt;
2374 2232 2429 2277 et
2453 2233 2634 2279 tamen
2654 2234 2841 2280 contra
2862 2224 2957 2279 Dei
2985 2226 3314 2280 voluntatem
3341 2240 3495 2281 sacra
3520 2226 3784 2295 mysteria

2186 2324 2420 2369 tractare
2447 2331 2552 2370 non
2583 2314 2855 2371 desinunt.
2886 2316 2991 2372 Sed
3013 2330 3109 2371 rex
3136 2323 3326 2371 contra
3350 2315 3567 2371 Domini
3594 2314 3791 2369 volun--

2186 2411 2352 2459 tatem
2382 2420 2642 2475 regnans,
2672 2417 2892 2464 nonest
2920 2424 3044 2473 rea,
3078 2408 3173 2463 sed
3204 2418 3465 2479 tyrannus
3495 2407 3626 2473 luit;
3659 2409 3793 2478 quia

2184 2495 2442 2550 sacerdos
2467 2496 2739 2564 indignus,
2761 2499 2853 2567 qui
2880 2498 3075 2553 merito
3096 2514 3208 2553 suat
3236 2498 3631 2567 inquinationis
3653 2499 3786 2565 abji-

2185 2583 2345 2646 citur,
2392 2601 2513 2639 cum
2562 2587 2870 2643 ministrare
2918 2589 3225 2657 praesumit,
3268 2588 3337 2642 ad
3385 2597 3550 2642 tanta:
3598 2589 3791 2657 gloria

2182 2675 2396 2729 culme-i
2428 2684 2453 2712 α
2479 2676 2813 2733 damnandus
2835 2678 3095 2734 ascendit.
3123 2676 3278 2735 Unde
3307 2686 3363 2733 et
3384 2686 3654 2749 tyrannos
3678 2688 3785 2734 ter-

2184 2779 2306 2818 rere
2336 2767 2521 2821 volens
2550 2768 2670 2825 eteli
2704 2768 2793 2824 ille
2815 2784 3039 2840 magnus
3066 2778 3286 2826 senator
3316 2788 3329 2823 :
3366 2767 3793 2833 Quiymandncar

2185 2870 2407 2923 panem,
2451 2856 2674 2926 inquit;
2690 2866 2739 2911 et
2767 2856 2893 2913 bibit
2934 2859 3239 2929 sanguinem
3288 2858 3503 2913 Domini
3548 2860 3787 2929 indigne,

2181 2943 2438 3014 judicium
2465 2945 2564 2999 sibi
2586 2947 2895 3013 mandarat,
2918 2956 2967 3001 et
2998 2945 3123 3001 bibit
3152 2946 3208 3019 (Ι
3236 2946 3358 3002 Cor.
3385 2964 3460 3012 χι,
3492 2948 3610 3019 27).
3664 2947 3783 3002 Ple-

497 3039 682 3094 corde.
712 3037 933 3108 Signum
965 3052 1094 3108 ergo
1115 3055 1255 3093 vene
1275 3039 1629 3094 confessionis
1657 3045 1870 3094 nonest
1895 3038 1947 3091 in
1971 3039 2089 3093 oris
2187 3051 2419 3106 rumque
2446 3046 2626 3093 autem
2657 3039 2879 3094 instanti
2902 3040 3246 3096 confessione
3272 3042 3477 3110 agitur,
3510 3052 3571 3097 ut
3605 3041 3780 3099 conﬁ-

497 3130 869 3197 confessione,
919 3131 1016 3185 sed
1063 3131 1116 3184 in
1172 3129 1463 3185 afﬂictione
1519 3129 1871 3199 poenitentiae.
1931 3128 2120 3199 Tunc;

496 3235 731 3289 namque
761 3221 901 3275 bene
926 3235 1244 3289 conversum
1275 3228 1612 3290 peccatorem
1643 3220 1935 3285 cernimus,
1959 3235 2082 3275 cum

498 3311 659 3380 digna
687 3309 995 3365 afﬂictionis
1027 3311 1345 3365 austeritate
1369 3310 1556 3365 delere
1578 3310 1799 3375 nititur,
1831 3310 1975 3381 quod
2005 3310 2085 3365 ιο-

497 3400 715 3469 quendo
735 3398 1042 3455 conﬁtetur.
1071 3399 1220 3456 Unde
1238 3399 1472 3455 Joannes
1494 3401 1733 3471 Baptista
1758 3403 1920 3471 368
1944 3402 2086 3457 male

496 3505 794 3546 conversos
816 3489 1031 3547 Jud.eos
1059 3492 1125 3544 ad
1156 3506 1216 3546 se
1251 3490 1586 3546 conﬂuentes
1614 3492 1931 3560 increpans,
1963 3493 2078 3544 ait:

502 3583 779 3636 Genimina
804 3583 1093 3653 viperarum
1110 3621 1128 3646 ,
1159 3582 1271 3648 quis
1293 3582 1517 3637 ostendit
1546 3581 1685 3636 vobis
1714 3583 1893 3653 fugere
1912 3599 1944 3635 a
1963 3599 2086 3635 ren—

500 3682 620 3725 tura
637 3672 721 3725 ira
735 3672 761 3724 .’
780 3670 965 3725 Facite
982 3688 1101 3743 ergo
1121 3671 1314 3743 dignos
1325 3673 1521 3743 fructus
1540 3673 1851 3741 pmoitenia:
1868 3671 1943 3743 (Μ
1950 3672 2089 3727 att/1.

499 3777 587 3825 nr,
617 3762 693 3832 7}.
726 3761 783 3816 In
813 3761 990 3817 fructu
1016 3776 1174 3831 ergo,
1200 3775 1306 3816 non
1348 3762 1402 3816 in
1434 3759 1572 3817 foliis
1601 3771 1695 3816 aut
1717 3762 1883 3817 ramis
1909 3762 2083 3832 νωιιὶ-

498 3853 671 3906 tentia
695 3850 1065 3920 cognoscenda
1093 3859 1197 3908 est.
1224 3850 1388 3917 Quasi
1418 3851 1580 3906 arbor
1598 3851 1797 3920 quippe
1818 3850 1957 3905 bona
1989 3866 2085 3906 vo-

496 3946 677 3999 lautas
708 3954 812 4001 est.
858 3942 1225 4002 Confessionis
1251 3959 1381 4013 ergo
1408 3945 1572 3999 verba
1597 3944 1725 4013 quid
1760 3951 1886 3999 sunt
1911 3943 2082 4010 aliud,

498 4036 603 4091 nisi
630 4035 796 4090 folia?
836 4035 953 4091 Non
992 4051 1121 4105 ergo
1159 4037 1316 4091 nobis
1354 4034 1480 4091 folia
1511 4044 1734 4106 propter
1760 4036 1958 4105 seipsa,
1988 4036 2081 4089 sed

494 4137 721 4196 νομιεῖ
749 4128 983 4183 fructum
1001 4130 1306 4200 expetenda
1329 4138 1454 4185 sunt
1476 4146 1499 4196 ;.
1524 4131 1647 4196 quia
1680 4130 1881 4184 idcirco
1909 4130 2083 4183 omnis

492 4217 764 4271 confessio
779 4228 1122 4285 peccatorum
1143 4218 1424 4286 recipitur,
1443 4227 1501 4271 ut
1526 4217 1728 4272 fruetus
1754 4218 2082 4288 paenitentiae

494 4310 875 4375 subsequatur.
908 4305 1062 4362 Unde
1099 4316 1157 4363 et
1185 4308 1442 4363 Dominus
1468 4307 1718 4363 arborem
1745 4306 1888 4364 foliis
1914 4307 2080 4364 deco-

491 4410 633 4461 ram,
663 4395 839 4451 fructu
866 4396 1106 4451 sterilem
1134 4396 1413 4453 maledixit
1434 4394 1629 4467 (ﬂare.
1654 4395 1768 4468 xi);
1793 4398 1919 4467 quia
1948 4413 2080 4454 con-

492 4484 743 4541 feasionis
771 4495 1020 4542 ornatum
1046 4501 1154 4542 non
1178 4486 1371 4558 recipit
1398 4487 1517 4544 sine
1544 4487 1717 4544 fructu
1747 4488 2075 4547 amictionis.

2160 3128 2425 3183 ,tentibus
2451 3130 2520 3184 de
2549 3130 2729 3185 cordis
2756 3130 2919 3186 etiam
2946 3132 3317 3187 conversione
3335 3133 3615 3189 credatur.
3670 3134 3781 3189 Ali-

2136 3218 2160 3234 ³
2188 3218 2406 3286 quando
2443 3219 2801 3289 reproborum
2831 3218 3020 3276 falsam
3050 3220 3411 3278 humilitatem
3443 3222 3606 3280 electi
3648 3240 3781 3295 pm

2189 3308 2459 3364 diealores
2477 3310 2779 3381 accipiunt,
2795 3320 2855 3366 ut
2873 3311 3122 3383 exemplo
3142 3328 3330 3368 eorum
3348 3313 3437 3368 alii
3460 3314 3527 3369 ad
3551 3316 3789 3369 salutem

2190 3403 2576 3470 perducantur.
2629 3402 2747 3457 Duo
2792 3403 2994 3473 quippe
3023 3404 3076 3457 in
3122 3404 3418 3474 ltypocritis
3455 3415 3789 3473 agnoscunt,

2191 3506 2358 3545 unum
2384 3492 2561 3560 intus,
2583 3492 2812 3547 alterum
2842 3494 2993 3548 foris.
3028 3492 3177 3549 Intus
3203 3494 3420 3563 quidem
3448 3510 3645 3564 purum
3671 3512 3779 3550 ηιθ-

2189 3581 2325 3649 lum,
2356 3584 2485 3638 foris
2506 3584 2705 3639 bonum
2735 3585 3065 3641 simulatum.
3095 3584 3392 3654 Utrumque
3416 3586 3783 3651 detestantur,

2191 3672 2286 3727 sed
2306 3688 2450 3743 stupe
2475 3684 2793 3744 praetextum
2816 3675 2946 3730 boni
2978 3678 3030 3731 in
3058 3676 3140 3730 eis
3167 3677 3457 3743 simulant;
3488 3688 3550 3732 ut
3577 3679 3781 3749 quibo.

2192 3778 2319 3817 num
2336 3763 2469 3819 foris
2484 3776 2711 3821 cernunt
2734 3767 2936 3821 malum
2956 3768 3179 3822 interius
3192 3770 3471 3839 nesciunt,
3487 3769 3621 3824 boni
3638 3770 3780 3839 quod

2192 3854 2461 3924 aspiciunt
2488 3858 2735 3929 exempla
2765 3867 3080 3928 sequantur.
3113 3859 3257 3915 Bene
3281 3873 3411 3928 ergo
3433 3860 3781 3930 subjunctnm

2191 3954 2316 4001 cst:

2265 4037 2441 4109 (Vers.
2464 4039 2521 4093 5|
2537 4039 2578 4111 .)
2612 4040 2863 4095 Reversus
2882 4059 3013 4112 ergo.
3033 4042 3247 4097 Samuel
3264 4052 3473 4097 “cuius
3497 4053 3575 4097 est
3615 4042 3777 4107 Saul,

2188 4140 2239 4182 et
2259 4130 2494 4184 adoravit
2514 4131 2645 4186 Sanl
2676 4130 2974 4186 Dominum.

2258 4221 2348 4276 35.
2407 4221 2513 4279 Per
2563 4223 2763 4278 malum
2813 4224 3047 4294 quippe,
3090 4216 3234 4293 quod
3278 4223 3508 4278 interius
3548 4223 3783 4289 latebat,

2183 4315 2349 4388 369
2366 4314 2551 4370 audire
2573 4316 2773 4370 meruit
2797 4333 2810 4369 :
2841 4315 3069 4386 Profecit
3096 4324 3143 4369 te
3166 4314 3449 4382 Dominus,
3473 4331 3540 4368 ne
3568 4316 3644 4369 sis
3668 4331 3780 4371 res.

2184 4403 2292 4457 Sed
2317 4412 2375 4458 ut
2397 4412 2658 4473 pnetextu
2681 4403 2807 4459 boni
2834 4403 2902 4458 ad
2923 4403 3163 4472 ejusdem
3185 4403 3312 4458 boni
3339 4404 3627 4457 veritatem
3646 4405 3784 4459 alios

2185 4495 2455 4559 traheret,
2482 4494 2709 4549 Samuel-
2733 4494 2861 4548 Saul
2892 4495 3046 4563 sequi
3072 4494 3277 4561 voluit,
3304 4502 3362 4547 et
3390 4509 3515 4548 eum
3548 4493 3787 4548 adorare

491 4576 624 4632 Sani
650 4592 807 4646 ergo,
828 4579 917 4648 qui
947 4578 1239 4634 conﬁtetur
1264 4589 1322 4635 et
1340 4581 1597 4637 honorari
1624 4583 1761 4651 vult,
1782 4598 1889 4639 non
1913 4582 2074 4652 afﬂigi
2110 4594 2159 4654 ι)
2182 4583 2467 4639 Dominum
2516 4585 2668 4639 vidit.
2712 4584 3052 4654 Quandoque
3094 4587 3259 4640 etiam
3288 4586 3427 4639 mala
3472 4600 3701 4654 regum,
3731 4596 3787 4639 et

490 4677 547 4721 et
571 4667 720 4721 humi
740 4668 860 4735 iari,
882 4669 1010 4739 quid
1035 4669 1301 4740 designat,
1326 4670 1433 4726 nisi
1447 4685 1543 4727 eos
1567 4672 1659 4740 qui
1681 4671 2076 4728 confessionem

488 4757 731 4813 sterilem
761 4758 998 4822 habent,
1027 4770 1085 4816 et
1113 4762 1345 4816 fructum
1375 4777 1482 4816 non
1513 4761 1753 4829 habent;
1792 4764 1885 4832 qui
1910 4762 2075 4820 deco-

486 4862 604 4904 rem
650 4848 1007 4908 eonfessionis
1052 4853 1233 4909 verbis
1280 4854 1570 4910 humilibus
1614 4854 1926 4924 prteferunt,
1978 4856 2075 4911 sed

486 4943 776 4997 verborum
825 4945 1083 5010 virorem,
1123 4963 1233 5003 non
1260 4947 1567 5003 humilitate
1590 4949 1959 5018 paenitentiae,
1982 4963 2072 5004 se-

487 5040 728 5101 quuntur
747 5035 772 5087 ’ἒ

558 5122 649 5179 δι.
691 5123 798 5179 Sed
824 5124 954 5194 quid
980 5127 1232 5197 antiquos
1255 5127 1606 5193 attendimus,
1633 5142 1765 5183 cum
1783 5142 1927 5184 nunc
1952 5136 2074 5183 tan-

485 5224 596 5271 tam
619 5217 890 5288 lapsorum
913 5232 1097 5287 regum
1126 5219 1523 5275 multitudinem
1544 5219 1823 5275 videamus
1836 5220 1863 5275 τ
1880 5219 2072 5276 Cater-

482 5308 651 5362 vatitn
677 5323 912 5377 namque
936 5325 1078 5365 nunc
1111 5310 1165 5366 in
1193 5308 1393 5380 ﬂagitia
1421 5321 1712 5379 corruunt,
1755 5329 1864 5368 non
1893 5311 2069 5368 solum

482 5398 712 5467 subjecti
733 5399 973 5466 debiles,
1006 5400 1100 5455 sed
1128 5400 1292 5456 etiam
1320 5401 1531 5471 prtelati
1557 5411 1614 5457 et
1639 5403 1951 5458 sacerdotes
1976 5417 2073 5458 ne-

2183 4683 2340 4731 terra'.
2384 4691 2701 4745 magnorum
2746 4677 3025 4731 toleranda
3074 4687 3235 4741 sunt,
3267 4692 3336 4731 ne
3369 4681 3685 4746 exasperati
3716 4677 3783 4729 ad

2178 4766 2718 4837 pejora-dilabantur.
2772 4768 2911 4823 Deos
2955 4770 3158 4839 quippe
3195 4769 3433 4836 gentium
3478 4768 3573 4822 lilii
3610 4767 3786 4822 Israel

2177 4871 2322 4926 saepe
2347 4858 2651 4913 coluerunt.
2684 4857 2840 4914 Unde
2866 4868 2924 4913 et
2950 4860 3020 4914 de
3049 4860 3333 4914 conversis
3354 4875 3383 4913 a
3410 4859 3673 4913 Samuele
3699 4877 3786 4914 su-

2180 4950 2361 5018 perius
2388 4950 2591 5005 divtutn
2617 4960 2702 5005 est
2742 4969 2756 5004 :
2792 4951 3125 5005 Abstulerunt
3160 4953 3259 5022 ﬁlii
3300 4950 3471 5005 Israel
3503 4952 3572 5005 de
3608 4953 3785 5006 medio

2182 5040 2265 5094 sui
2295 5039 2498 5094 Daulim
2522 5052 2571 5094 et
2598 5042 2845 5095 Astarotlt
2871 5041 2923 5114 (Ι
2955 5041 3085 5113 Reg.
3111 5058 3215 5107 vu,
3242 5040 3321 5112 ι).
3372 5040 3441 5094 Et
3469 5041 3612 5095 furta
3645 5057 3707 5096 se
3735 5042 3780 5095 δί

2183 5128 2426 5198 abiectus
2454 5145 2546 5185 rex
2580 5147 2766 5186 secum
2793 5132 2861 5187 ad
2886 5130 3223 5186 adorandum
3264 5130 3555 5185 Dominum
3587 5146 3777 5184 rever-

2177 5226 2381 5274 tentem
2397 5221 2715 5291 prophetam
2740 5238 2849 5278 non
2867 5230 3136 5286 cerneret,
3152 5221 3456 5276 danuonmn
3485 5220 3778 5275 simulacra

2177 5310 2454 5366 adoraret.
2480 5313 2547 5366 Et
2569 5314 2786 5382 prnjieit
2808 5328 2941 5382 ergo
2969 5328 3114 5377 eum,
3137 5321 3336 5369 etcum
3358 5327 3426 5366 eo
3449 5311 3776 5369 revertitur:

2179 5402 2304 5471 quia
2356 5404 2406 5458 in
2440 5405 2752 5474 potentibus
2782 5405 2941 5472 huius
2986 5405 3165 5460 sireuli
3214 5405 3295 5460 sic
3334 5412 3419 5458 est
3460 5404 3774 5458 danmanda

482 5489 768 5557 giigeutes.
801 5488 1029 5545 Lubrica
1056 5492 1334 5559 peccando
1360 5502 1545 5561 agunt,
1576 5492 1670 5562 qui
1696 5492 1886 5549 ordine
1906 5494 2070 5549 tuini-
2172 5494 2448 5563 iniquitas,
2475 5505 2531 5551 ut
2557 5496 2757 5552 bonum
2775 5497 2924 5567 quod
2952 5497 3153 5551 habent
3176 5493 3484 5564 exasperati
3516 5508 3626 5547 non
3653 5506 3775 5560 pero

480 5580 633 5635 sterii
657 5580 1011 5636 sacramentis
1040 5582 1348 5637 coelestibus
1375 5584 1615 5653 deputati
1646 5595 1792 5639 sunt.
1825 5584 1930 5640 Sed
1955 5585 2071 5655 ple.
2171 5588 2319 5642 dant.
2370 5588 2524 5659 Sarpe
2570 5589 2713 5644 enim
2758 5588 2882 5644 mali
2928 5595 3057 5644 sunt
3102 5588 3154 5641 in
3179 5584 3414 5650 occulto,
3447 5592 3506 5639 et
3560 5583 3774 5639 bonum

536 5723 562 5751 ⁸
623 5714 813 5783 Gilol.,
840 5718 1120 5772 damnatus
1146 5718 1394 5772 ascendit.
