3948 6288
56 302 143 357 ii!

915 291 976 345 IN
1019 289 1279 347 PRIMUM
1328 293 1567 349 llEGUM
1606 292 2117 352 EXPOSITIONES.
2161 325 2228 339 -ι
2267 298 2394 353 Llll.
2441 300 2503 353 γ.

3232 306 3342 362 H2

58 409 185 479 quod
210 406 463 463 cernitur
488 405 591 461 alii
614 404 861 459 devotius
883 404 1179 457 imitantur.
1212 402 1348 457 Mala
1372 413 1519 459 certe
1548 421 1648 474 po-
1676 411 1715 464 A
1749 405 2015 475 plerique,
2065 407 2192 463 dum
2228 410 2471 467 converti
2519 410 2802 481 incipiunt,
2839 423 3221 484 expavescunt.
3272 415 3340 469 Et

58 506 245 558 reatum
283 494 479 551 δωρειιί
499 534 519 562 ,
552 507 745 563 magna
774 493 854 549 eis
881 493 1020 551 mala
1048 500 1203 561 sunt;
1234 492 1327 547 sed
1361 493 1506 547 bona
1531 508 1650 563 qua:

57 590 346 662 proferunt,
384 586 457 641 ad
481 586 797 656 exemplum
823 584 1079 651 lidelium,
1113 585 1282 653 magis
1308 599 1471 654 quam
1508 586 1650 640 bona

56 683 266 736 aliorum
297 686 573 749 prosunt.
589 677 733 733 Bene
753 692 882 746 ergo
908 677 1129 733 Samuel
1149 694 1273 733 eum
1292 679 1503 748 abiecto
1525 694 1653 749 rege

60 770 365 834 revertitur;
394 768 536 837 quia
570 768 725 822 electi
755 768 1160 837 pra-dicatores,
1193 769 1373 823 saeculi
1404 778 1654 837 potentes

58 876 103 915 rt
132 878 226 931 pro
254 860 561 928 iniquitate
600 861 938 931 percutiunt,
983 869 1039 915 et
1086 876 1185 930 pro
1213 861 1465 931 exemplo
1507 862 1650 915 bona

60 968 201 1023 agere
219 952 472 1020 quadam
501 951 710 1006 sinunt.
746 950 897 1006 Unde
922 960 979 1006 et
1004 952 1284 1022 sequitur:

120 1046 286 1105 (γει-ε.
313 1045 435 1114 52.)
484 1044 740 1115 Dixitque
795 1046 1010 1107 Samuel
1042 1062 1061 1100 :
1090 1045 1347 1101 Adducite
1380 1044 1530 1117 Agag
1560 1061 1649 1103 rea

65 1154 159 1207 gem
196 1136 470 1192 Amalech.
496 1134 575 1191 Et
611 1136 816 1193 oblatus
861 1145 939 1191 est
981 1138 1030 1190 ei
1076 1136 1224 1209 Agag
1271 1135 1648 1208 pinguissimus

67 1240 282 1282 tremens.

120 1317 205 1373 '56.
237 1317 416 1387 Reges
444 1317 742 1374 Dominum
783 1318 1038 1385 adorant,
1087 1320 1307 1390 quando
1346 1320 1563 1390 superbi
1592 1328 1649 1375 et

69 1416 449 1477 contemptores
475 1423 542 1464 se
572 1408 639 1465 ad
666 1408 878 1466 Domini
909 1410 1161 1467 mandata
1196 1410 1438 1465 facienda
1470 1411 1647 1467 humi-

69 1498 197 1551 liant.
225 1496 474 1551 Aderant
524 1497 743 1561 lubrici,
773 1499 997 1566 quando
1032 1498 1143 1554 Deo
1162 1499 1525 1567 subjiciuntur
1550 1516 1651 1571 per

72 1588 402 1644 obedientiam
436 1589 742 1643 cast'tatis.
771 1589 1074 1657 Aliquanto
1100 1599 1281 1645 autem
1322 1590 1551 1647 adorare
1587 1607 1651 1649 se

71 1678 299 1731 simulant
335 1696 350 1743 ;
380 1678 529 1746 quia,
552 1680 799 1733 nonnulli
828 1687 1147 1749 pnctextum
1199 1680 1519 1735 humilitatis
1553 1690 1649 1738 aut

74 1767 303 1821 castitatis
324 1766 570 1831 habent,
594 1768 688 1822 sed
720 1768 844 1822 dum
881 1769 1088 1824 habere
1107 1769 1158 1822 in
1190 1769 1416 1824 veritate
1443 1770 1645 1826 bonum

72 1857 358 1919 creduntur,
384 1856 481 1910 alii
528 1873 631 1926 per
657 1858 857 1912 bonum
883 1857 1027 1927 quod
1058 1858 1288 1913 credunt
1320 1859 1442 1913 mali
1466 1860 1645 1928 operis

77 1965 200 2007 trium
227 1949 484 2017 perdunt.
520 1948 673 2018 Agag
711 1964 842 2018 ergo
889 1963 1071 2018 regem
1124 1950 1363 2005 Samueli
1407 1951 1650 2017 tradunt,

74 2038 173 2104 quia
195 2038 569 2094 sensualitatis
596 2055 708 2093 sua:
729 2040 969 2107 vigorem
1008 2038 1314 2095 conﬁtendo
1344 2040 1648 2111 proterunt.

76 2130 264 2196 Quando
290 2130 437 2185 enim
490 2131 830 2185 conﬁtentur
870 2140 1091 2201 peccata
1122 2131 1369 2200 luxurias,
1396 2149 1517 2203 quae
1548 2150 1646 2203 per

77 2220 277 2287 rigorem
297 2220 481 2274 carnis
506 2220 917 2286 commiserunt,
942 2221 1071 2290 quid
1093 2220 1262 2289 aliud,
1291 2236 1453 2290 quam
1483 2222 1646 2279 Attia-

78 2312 172 2368 lech
193 2327 368 2381 regem
432 2314 874 2369 interﬁciendum
914 2314 1193 2385 prophetis
1227 2313 1499 2369 offerunt?
1536 2314 1645 2370 Sed

81 2405 179 2470 (ξιιτά
202 2416 280 2459 est
307 2406 455 2474 quod
491 2406 888 2476 pinguissimus
925 2407 1073 2475 Agag
1124 2407 1341 2474 dicitur,
1389 2406 1482 2461 sed
1521 2422 1645 2462 seu-

82 2496 310 2552 sualitatis
338 2497 504 2565 vigor
551 2499 606 2553 iu
656 2499 776 2553 aliis
806 2499 1035 2566 pinguis,
1080 2500 1132 2554 in
1163 2500 1282 2556 aliis
1322 2515 1503 2554 macer
1527 2502 1645 2556 est?

84 2584 191 2649 Quid
216 2595 295 2639 est
314 2601 468 2653 ergo,
499 2586 655 2655 quod
676 2588 887 2657 pinguis
907 2587 1149 2651 offertur,
1182 2589 1282 2643 nisi
1305 2588 1427 2661 quia
1458 2606 1487 2642 a
1517 2591 1644 2646 sub-

84 2674 182 2727 ditis
203 2674 338 2741 regis
375 2676 605 2744 reprobi
655 2677 995 2735 ducebatur?
1018 2676 1151 2731 Nam
1191 2693 1335 2747 saepe
1361 2680 1641 2751 negligen-

86 2773 147 2816 tes
182 2771 298 2818 sum
332 2765 575 2833 subditi;
596 2767 689 2823 sed
728 2768 857 2820 dum
900 2767 1061 2823 electi
1089 2771 1317 2838 past0ris
1340 2771 1421 2824 sui
1452 2786 1641 2825 exemv

83 2850 148 2918 pla
171 2854 516 2921 conspiciunt,
552 2855 694 2909 inter
718 2856 856 2909 mala
880 2871 1001 2924 qua:
1027 2856 1231 2912 faciunt
1260 2858 1454 2925 ingenti
1485 2867 1640 2913 cunt.

88 2938 167 2993 Ρτῑ
196 2941 527 3010 fragilitatem
560 2945 740 2999 carnis
770 2945 836 2999 ad
866 2945 1234 3000 immunditias
1275 2947 1502 3011 cadunt;
1541 2948 1637 3003 sed

85 3034 285 3097 percussi
330 3035 607 3104 exemplis
655 3035 948 3105 majorum,
983 3037 1204 3091 omnino
1238 3038 1474 3106 gaudere
1494 3038 1636 3091 inter

86 3122 393 3183 immundhizn
434 3126 839 3183 oblectamenta
896 3143 1002 3183 non
1052 3138 1292 3198 possunt.
1338 3128 1395 3182 In
1443 3130 1641 3195 quibus

1753 498 1875 566 quia
1907 499 2154 557 carnales
2178 501 2381 570 quique
2408 502 2712 571 relinquere
2735 504 3131 559 oblectamenta
3161 507 3341 562 carnis

1751 588 1910 644 solita
1938 589 2057 643 sine
2087 605 2319 646 maerore
2343 608 2451 647 non
2479 603 2725 662 possunt,
2753 596 2997 664 sequitur
3027 613 3040 649 :

1826 679 2005 746 (Vers.
2027 679 2143 751 52.)
2174 680 2420 753 Dixitque
2442 699 2460 736 :
2493 684 2700 738 Siccine
2720 696 2929 755 separat
2952 701 3138 739 amara
3166 686 3342 743 mors?

1825 770 1912 824 '57.
1934 770 2048 831 Hoc
2076 772 2277 843 quippe
2318 773 2498 831 dicere
2523 775 2725 828 carnali
2748 775 2951 839 sensui,
2974 784 3056 832 est
3081 788 3338 839 mentem.

1752 875 1852 930 pro
1874 861 2163 917 amissione
2182 861 2475 932 voluptatis
2503 864 2693 927 solitas,
2725 864 2954 919 tristitie
2982 865 3340 920 conversione

1750 950 1986 1020 pulsare.
2018 949 2157 1017 Quia
2187 953 2334 1006 enirn
2381 966 2577 1025 magna
2626 953 3001 1015 amaritudinis
3033 954 3135 1008 tela
3163 968 3341 1024 nuper

1749 1041 1996 1101 conversi
2047 1041 2362 1111 patiuntur,
2416 1042 2571 1111 quasi
2612 1057 2732 1111 rex,
2779 1043 2863 1099 cui
2920 1043 3241 1110 servierant,
3274 1044 3347 1098 de

1749 1137 1925 1187 morte
1951 1132 2197 1201 queritur
2229 1149 2243 1186 :
2278 1132 2402 1201 quia
2444 1132 2499 1187 in
2540 1133 2618 1187 eis
2647 1132 2938 1191 carnalitas
2980 1133 3097 1209 sine
3136 1146 3337 1201 magna

1750 1221 2100 1278 tribulatione
2144 1223 2366 1285 minime
2417 1233 2663 1281 necatur.
2716 1222 3060 1292 Interrogare
3097 1238 3226 1292 ergo
3268 1224 3346 1279 de

1749 1314 2092 1385 separatione
2118 1314 2327 1380 mortis,
2358 1314 2562 1371 carnali
2584 1314 2786 1379 sensui,
2819 1323 2902 1369 est
2924 1312 3130 1371 tristem
3161 1314 3339 1368 adhuc

1752 1408 2000 1465 conversi
2038 1416 2275 1463 mentem
2323 1407 2393 1462 de
2436 1407 2721 1479 praeteritae
2756 1406 3132 1463 delectationis
3170 1407 3339 1465 amis-

1750 1500 1906 1557 sione
1934 1500 2169 1569 pulsare.
2199 1499 2305 1561 Sed
2336 1506 2393 1553 et
2421 1498 2613 1561 modus
2636 1497 2994 1566 separationis
3014 1497 3337 1566 exquiritur,

1751 1606 1873 1646 cum
1901 1591 2034 1645 dicit
2065 1608 2077 1643 :
2108 1591 2343 1644 siccine?
2371 1587 2537 1655 Quasi
2566 1589 2710 1644 enim
2739 1589 2869 1643 visis
2910 1588 3332 1651 austeritatibus,

1749 1683 1943 1754 quibus
1969 1683 2246 1738 subdenda
2276 1692 2377 1747 est,
2428 1682 2573 1737 dicat
2612 1681 2783 1737 menti
2825 1681 3144 1736 sensualitas
3195 1695 3334 1733 sua:

1679 1799 1724 1858 Β
1752 1772 1895 1827 Larte
1937 1787 2037 1842 pro
2079 1780 2186 1826 tam
2235 1771 2478 1827 tristibus
2504 1771 2751 1840 spernis?
2799 1768 2945 1824 lianc
2972 1778 3119 1824 certe
3144 1784 3334 1823 vocem

1755 1861 1972 1916 Samuel
2020 1861 2169 1917 audit
2200 1878 2213 1913 :
2247 1860 2371 1931 quia
2418 1869 2681 1917 tentatum
2730 1874 2827 1913 cur
2863 1857 3080 1922 subditi,
3114 1858 3333 1927 quibus-

1752 1953 1873 2011 dam
1912 1952 2125 2009 iudiciis
2152 1951 2357 2007 electus
2383 1950 2701 2021 praedicator
2749 1948 3013 2017 agnoscit.
3046 1946 3151 2001 Sed
3206 1946 3336 2015 quid

1753 2042 1975 2112 prodest
2001 2055 2314 2108 agnoscere,
2344 2040 2389 2094 si
2421 2047 2609 2094 contra
2640 2038 2711 2103 id,
2742 2036 2885 2107 quod
2918 2036 3059 2093 intus
3086 2037 3137 2088 in
3169 2035 3334 2089 corde

1752 2132 1978 2205 subjecti
2025 2130 2280 2199 infremit,
2331 2129 2531 2202 aliquid
2568 2130 2684 2200 ipse
2712 2145 2819 2184 non
2850 2128 3015 2185 dicit?
3079 2126 3117 2181 S
3152 2127 3335 2197 quitur

1750 2238 1878 2291 ergo
1909 2238 1929 2277 :

1824 2313 1999 2385 (Vers.
2049 2311 2165 2375 35,)
2216 2311 2283 2364 Et
2325 2314 2398 2366 ait
2444 2309 2659 2367 Samuel
2689 2308 2878 2364 :Sicut
2929 2309 3050 2378 fecit
3094 2307 3333 2363 mulieres

1747 2404 1938 2475 absque
1976 2403 2150 2459 liberis
2195 2401 2401 2471 gladius
2431 2410 2569 2467 tuus,
2599 2402 2675 2455 sic
2695 2400 2885 2473 absque
2913 2400 3085 2457 liberis
3120 2400 3215 2452 erit
3246 2400 3332 2450 in-

1745 2500 1822 2545 ter
1848 2490 2087 2545 mulieres
2114 2499 2280 2544 mater
2308 2498 2397 2542 tua

1816 2581 1905 2635 38.
1936 2581 2065 2647 Quae
2089 2590 2172 2635 est
2212 2592 2383 2635 mater
2419 2578 2652 2635 carnalis
2675 2594 2885 2644 sensus,
2928 2578 3029 2632 nisi
3051 2575 3333 2644 originalis

1745 2673 1949 2745 culpa?
1997 2672 2132 2738 Quia
2188 2672 2333 2727 enim
2390 2681 2519 2731 ante
2567 2682 2850 2742 peccatum
2902 2671 3056 2740 primi
3098 2670 3331 2726 hominis

1745 2762 1891 2816 nulla
1922 2762 2177 2816 membris
2227 2761 2392 2815 libido
2433 2762 2646 2827 inerat,
2692 2778 2789 2816 rex
2842 2761 3175 2817 Auralccbita
3224 2775 3333 2815 non

1745 2862 1881 2908 erat.
1909 2851 2038 2905 Erat
2083 2854 2283 2924 quippe
2331 2867 2522 2907 sensus
2552 2852 2751 2923 carnis,
2791 2852 2884 2907 sed
2926 2853 3095 2922 turpis
3119 2867 3179 2905 ac
3206 2851 3331 2904 libi-

1743 2942 1965 3003 dinosus
2006 2958 2112 2999 non
2144 2950 2296 3006 erat;
2331 2943 2424 2996 sed
2455 2943 2635 2997 statim
2670 2950 2726 2995 ut
2757 2944 2823 2996 ad
2871 2943 3080 3009 culpam
3111 2941 3332 3005 cecidit,

1740 3035 2008 3104 pruritum
2031 3035 2393 3095 membrorum
2436 3035 2605 3087 sensit
2638 3052 2650 3085 :
2683 3034 2808 3101 quia
2840 3034 3179 3087 obedientem
3210 3048 3327 3085 mo-

1742 3134 1853 3181 tum
1883 3127 2061 3181 carnis
2116 3126 2314 3180 habere
2366 3141 2474 3180 non
2529 3126 2727 3194 potuit,
2780 3125 2998 3192 quando
3054 3124 3164 3193 ipse
3214 3122 3331 3176 Deo

85 3226 188 3278 ρι’δο
222 3214 281 3281 pi
306 3215 598 3282 guissimus
625 3225 711 3270 est
749 3217 919 3286 Agag,
962 3219 1062 3272 nisi
1095 3220 1150 3272 in
1177 3220 1280 3275 il:is
1323 3222 1392 3275 de
1439 3222 1634 3289 quibus
1663 3198 1708 3259 ο
1739 3213 2053 3271 inobediens
2073 3213 2191 3268 fuit.
2234 3214 2400 3282 Culpa
2430 3227 2558 3282 ergo
2601 3214 2879 3283 originalis
2926 3222 3099 3266 mater
3134 3222 3327 3267 contu-

85 3298 245 3354 dicitur
275 3320 287 3354 :
320 3302 609 3371 Laetamur,
634 3322 751 3359 cum
776 3307 911 3365 male
936 3308 1182 3377 fecerint,
1211 3320 1260 3363 et
1287 3311 1551 3367 exsultant
1579 3314 1637 3366 in

86 3388 207 3443 rebus
229 3395 491 3461 pessimis?
519 3394 708 3464 (Prov.
740 3413 797 3461 tt,
828 3398 942 3468 14).
981 3399 1219 3468 ὃυὺὶθςιί
1250 3417 1485 3471 namque
1529 3403 1639 3459 las-

86 3477 165 3532 rivi
199 3480 419 3538 doctoris
447 3493 605 3538 tanto
634 3488 891 3543 audacius
939 3499 1197 3559 peccant,
1225 3502 1437 3558 quanto
1462 3492 1635 3562 majo-

87 3584 182 3621 rum
214 3585 418 3628 suorum
450 3575 600 3629 nulla
645 3592 828 3631 coram
890 3579 1064 3647 posita
1108 3579 1308 3635 habent
1359 3582 1633 3651 exempla,

86 3662 419 3726 qucvidcant.
467 3666 577 3721 Sed
618 3666 774 3722 valde
820 3668 1125 3728 dementius
1171 3685 1231 3725 se
1275 3672 1635 3740 prrecipitant,

88 3765 183 3803 cum
210 3752 256 3806 in
284 3758 585 3823 pastoribus
620 3758 731 3813 suis
771 3758 998 3827 bonum,
1028 3760 1173 3830 quod
1198 3776 1330 3831 sequ
1350 3771 1494 3817 mtur
1518 3779 1627 3818 non

88 3839 255 3908 vident,
281 3854 331 3898 et
357 3847 510 3915 cujus
552 3849 802 3921 exemplo
841 3860 1069 3922 pereant
1114 3851 1311 3907 malum
1339 3854 1538 3910 vident.
1568 3854 1625 3910 in

88 3927 155 3985 his
172 3933 348 4003 quippe
376 3936 526 4011 Agag
561 3938 899 4007 pinguescit:
930 3941 1053 4009 quia
1080 3940 1405 4010 gaudenter,
1438 3957 1628 4001 secure

90 4027 133 4072 et
156 4020 300 4077 libere
325 4026 473 4094 vigor
494 4029 678 4084 carnis
707 4030 759 4085 in
789 4029 1011 4086 luxuriae
1060 4031 1332 4101 voluptate
1369 4032 1627 4093 distendi-

90 4115 176 4173 tur,
201 4114 278 4180 qui
305 4130 401 4169 usu
431 4117 721 4183 illecebm,
746 4119 891 4173 nulla
930 4134 988 4175 re
1018 4120 1294 4187 obviante,
1324 4120 1621 4183 fraudatur.

92 4194 422 4265 Pingu‘ssimus
474 4221 607 4275 ergo
652 4208 1058 4267 interﬁciendus
1106 4211 1352 4281 oll'ertur,
1406 4216 1623 4283 quando

92 4286 149 4340 illi
174 4304 563 4364 convertuntur,
607 4299 698 4367 qui
752 4300 803 4353 in
866 4300 1145 4370 voluptate
1194 4302 1419 4359 luxurne
1470 4304 1627 4361 valde

92 4374 221 4431 lzt-tati
241 4392 353 4436 sunt
381 4387 569 4456 :quasi
596 4389 738 4441 enim
788 4390 1017 4444 traditur
1044 4406 1169 4458 rex,
1192 4393 1408 4465 quando
1438 4394 1501 4459 is,
1533 4396 1623 4463 qui

92 4468 223 4521 menti
251 4470 556 4541 imperabat,
588 4479 820 4532 carnalis
847 4494 1067 4548 sensus,
1099 4482 1296 4537 Christi
1327 4485 1627 4541 sacerdoti-

1732 3305 1941 3361 tueliosi
1989 3321 2181 3361 sensus
2224 3307 2402 3361 carnis
2431 3315 2577 3360 recte
2622 3306 2957 3374 intelligitur,
2988 3305 3112 3373 quia
3142 3319 3207 3357 ex
3232 3304 3320 3356 iila

1732 3399 2009 3454 nascendo
2048 3398 2255 3470 prodit,
2300 3399 2393 3466 qui
2439 3413 2560 3454 esse
2605 3398 2672 3453 ab
2715 3400 2803 3452 illa
2851 3401 3032 3470 cmplt.
3079 3397 3227 3452 Unde
3270 3407 3329 3451 et

1732 3489 2031 3558 Apostolus
2068 3488 2223 3558 quasi
2268 3489 2594 3543 severissimi
2626 3488 2837 3559 tyranni
2891 3490 3060 3557 legem
3092 3489 3324 3541 carnalis

1729 3595 1922 3635 sensus
1947 3581 2275 3645 exhorretis,
2307 3596 2414 3636 non
2444 3581 2616 3635 solum
2648 3583 2821 3650 ipsum
2851 3596 3052 3649 regem,
3079 3579 3172 3633 sed
3206 3596 3321 3633 ma-

1733 3677 1870 3725 trem
1912 3672 2184 3735 ostendit,
2228 3671 2455 3726 dicens:
2490 3670 2671 3742 Itaque
2702 3673 2815 3738 jam
2854 3688 2956 3725 non
3000 3688 3093 3739 ego
3137 3688 3329 3733 operor

1728 3760 1881 3825 illud,
1896 3761 1987 3814 sed
2007 3761 2143 3832 quod
2168 3760 2488 3815 iultabilatt'n
2512 3777 2593 3814 me
2612 3774 2873 3829 peccatum
2895 3760 3069 3829 (Rom.
3088 3776 3177 3820 vn,
3203 3758 3316 3827 29).

1733 3849 2022 3905 Peccatum
2050 3866 2314 3921 namque,
2362 3855 2506 3920 quod
2537 3866 2596 3904 se
2644 3866 2749 3903 non
2781 3850 2993 3919 aperari
3026 3849 3323 3917 perhibuit,

1731 3950 1939 3995 motum
1967 3943 2145 3996 carnis
2172 3941 2466 4006 intellexit;
2498 3950 2778 4010 peccatum
2801 3947 2980 3997 autem
3012 3939 3063 3991 in
3089 3953 3147 3991 se
3174 3938 3322 3991 inha-

1730 4029 1940 4100 bitans,
1981 4032 2294 4101 originalem
2338 4031 2571 4100 culpam.
2612 4028 2747 4096 Quia
2794 4041 2922 4099 ergo
2962 4044 3029 4085 ex
3068 4027 3319 4095 originali

1731 4123 1888 4194 culpa
1923 4122 1979 4175 lit
2007 4132 2288 4191 peccatum
2321 4121 2576 4175 motionis
2606 4120 2804 4185 carnis,
2836 4120 2959 4174 dum
2991 4134 3171 4187 regem
3202 4135 3316 4174 car-
3358 4140 3363 4155 ι

1732 4214 1910 4268 nalem
1941 4230 2159 4269 sensum
2188 4212 2537 4277 attendimus,
2560 4220 2785 4265 matrem
2808 4210 2922 4278 ejus
2945 4226 3065 4265 esse
3095 4211 3317 4279 [rimam

1728 4305 1941 4375 culpam
1966 4314 2114 4360 recte
2143 4305 2500 4359 nominamus.
2532 4302 2707 4358 Liberi
2740 4312 2917 4357 autem
2941 4297 3098 4365 bufus
3130 4304 3320 4359 matris

1727 4406 1852 4451 sunt
1878 4412 2068 4451 omnes
2094 4395 2582 4467 concupiscentiae,
2610 4405 2831 4466 peccata
2851 4436 2866 4461 ,
2901 4405 2957 4450 et
2987 4397 3134 4450 vitia.
3182 4395 3315 4450 Abs-

1727 4502 1834 4557 que
1861 4486 2044 4541 liberis
2068 4488 2255 4555 utique
2281 4487 2340 4540 lit
2369 4496 2564 4551 mater,
2603 4485 2822 4554 quando
2863 4486 3039 4539 omnis
3068 4502 3097 4538 a
3130 4501 3316 4550 carne,

92 4550 170 4649 bus
187 4571 270 4623 per
293 4562 674 4618 confessionrln
699 4567 991 4623 revelatur.
1014 4568 1233 4624 Nulrire
1258 4571 1421 4625 etiam
1445 4572 1622 4639 ignem
1658 4573 1707 4632 Ι)
1729 4578 1906 4633 omnis
1934 4593 1967 4632 a
1989 4588 2169 4633 mente
2192 4578 2303 4647 jam
2334 4579 2492 4649 culpa
2521 4593 2805 4639 remanere
2832 4578 3064 4634 videtur.
3091 4577 3217 4633 Sine
3247 4578 3313 4631 li-

93 4645 319 4714 pinguedo
352 4654 517 4708 solet.
550 4655 697 4711 Bene
726 4673 854 4727 ergo
902 4659 1252 4717 Amalechitze
1292 4663 1403 4732 regi
1450 4665 1616 4718 ascri-

93 4734 209 4829 bitur
232 4758 245 4792 :
272 4743 384 4810 quia
430 4746 557 4800 dum
597 4759 834 4803 mentem
873 4749 1247 4807 fornicationis
1274 4755 1494 4829 spiritus
1522 4756 1627 4809 ob-

92 4828 219 4891 tinet,
241 4847 336 4899 quo
361 4836 565 4892 dulcius
591 4854 656 4894 ac
692 4842 890 4909 szepius
928 4842 1034 4899 illic
1066 4859 1163 4913 per
1205 4828 1388 4913 turpes
1414 4845 1621 4914 cogita-

94 4916 235 4973 tiones
265 4926 506 4994 pascitur,
532 4927 598 4980 ad
625 4936 650 4962 α
679 4931 978 4997 augendum
1022 4932 1199 5001 ignem
1230 4934 1620 5004 concupiscen-

93 5008 161 5060 tia:
181 5012 399 5070 uberiora
419 5019 517 5077 sibi
559 5019 799 5081 fomenta
832 5024 1165 5080 tribuuntur.
1199 5025 1462 5085 Tremens
1487 5042 1618 5082 vero

92 5097 223 5169 370
246 5107 450 5178 dicitur,
490 5118 615 5185 quia
663 5116 896 5172 carnalis
939 5131 1150 5180 sensus,
1199 5116 1414 5187 quando
1455 5117 1621 5185 spiri-

93 5194 283 5253 tualibus
306 5203 424 5259 viris
451 5223 547 5276 per
582 5211 975 5267 cetrl‘essionem
1016 5210 1267 5271 traditur,
1296 5208 1622 5264 inﬁrmatur.

94 5276 273 5348 δίεηιιπι
299 5306 418 5361 ergo
463 5297 553 5353 dat
591 5307 849 5363 tremens,
880 5300 1003 5368 quia
1035 5302 1398 5354 membrorum
1455 5301 1621 5354 robur

94 5385 177 5467 non
204 5376 362 5439 habet.
416 5388 546 5444 Dum
585 5406 715 5459 ergo
751 5391 1007 5446 inﬁrmari
1062 5392 1216 5461 vigor
1253 5393 1621 5449 sensualitatis

98 5464 273 5557 ῖιιξῖίξήξἸ
303 5477 420 5541 quid
464 5481 628 5544 aliud,
674 5497 836 5550 quam
865 5499 961 5538 rex
1010 5484 1466 5540 Amaleehitarum
1508 5494 1621 5542 tre-

97 5555 205 5603 mit?
242 5555 326 5614 Vel
367 5573 590 5624 tremere
618 5571 832 5638 dicitur,
876 5574 1002 5644 quia
1027 5575 1263 5645 rigorem
1288 5576 1617 5645 poenitentia

157 5716 176 5743 "
198 5709 313 5770 Male
339 5717 387 5774 in
410 5721 579 5780 Vatic.
610 5733 663 5780 et
687 5724 868 5798 Cuss.,
902 5729 970 5785 ad
992 5731 1261 5803 agendum.

1726 4670 1870 4726 beris
1898 4683 2129 4737 namque
2156 4678 2282 4723 tunc
2311 4677 2422 4731 est,
2468 4669 2594 4736 quia
2640 4668 2741 4727 etsi
2771 4684 2800 4721 a
2832 4684 2993 4724 carne
3022 4668 3165 4721 nulla
3199 4668 3311 4735 jam
3382 4708 3391 4715 .

1725 4761 1999 4832 turpitudo
2026 4769 2137 4825 est,
2168 4760 2211 4819 si
2253 4759 2395 4819 nulla
2435 4759 2547 4829 jam
2578 4770 2766 4826 regnat
2794 4758 3226 4826 concupiscentia
3258 4758 3319 4815 in

1726 4862 1942 4917 mente,
1979 4867 2200 4907 manens
2252 4860 2431 4905 tamen
2469 4850 2523 4907 in
2557 4866 2657 4904 nos
2701 4850 2787 4909 illa
2819 4849 3004 4918 culpa,
3046 4863 3189 4902 nunc
3216 4849 3313 4902 do-

1726 4942 1893 4995 ctoris
1923 4942 2118 4996 virtute
2146 4942 2302 5011 perdi
2330 4957 2437 4996 non
2469 4949 2665 5010 potest.
2699 4938 2835 5005 Quid
2864 4948 2948 4992 est
2976 4939 3140 5003 enim,
3163 4939 3315 5007 quod

1725 5032 1800 5085 ait
1830 5032 2118 5100 Apostolus
2149 5050 2161 5084 :
2188 5031 2309 5084 lum
2338 5048 2440 5091 non
2471 5046 2562 5101 ego
2584 5045 2767 5099 operor
2787 5028 3047 5095 illud,serl
3068 5030 3202 5100 quod
3227 5030 3309 5082 iu-

1722 5120 1923 5174 Itabitat
1948 5121 2001 5174 in
2032 5138 2112 5179 me
2140 5124 2440 5192 peccatum?
2464 5119 2541 5173 Ex
2565 5120 2650 5179 illa
2683 5120 2900 5189 quidem
2927 5120 3112 5190 culpa,
3145 5134 3307 5188 (ιιιθιυ

1721 5225 1789 5264 cx
1821 5213 2011 5265 vitiosa
2046 5222 2249 5267 natnrm
2281 5222 2477 5271 nmtrtc
2509 5212 2689 5266 radice
2719 5214 3111 5280 contrahimus,
3142 5214 3307 5267 habe-

1717 5316 1837 5357 mus
1853 5310 1912 5355 ut
1937 5304 2475 5371 corrumpivitiorum
2505 5305 2838 5372 passion‘ltus
2869 5307 3160 5361 valeamus.
3193 5304 3307 5360 Lex

1716 5406 1847 5462 ergo
1876 5393 2177 5448 inordinata
2211 5397 2573 5451 membrorum
2603 5397 2821 5465 quando
2843 5408 3036 5473 praeter
3058 5399 3306 5453 volunta-

1719 5494 1826 5540 tem
1854 5493 2094 5540 nostram
2124 5486 2364 5541 membra
2387 5499 2588 5555 movet,
2609 5503 2708 5551 nos
2735 5504 2843 5545 non
2868 5490 2974 5550 hoc
2995 5505 3305 5559 operantur,

1718 5580 1814 5635 sed
1837 5578 1979 5649 quod
2023 5580 2287 5637 inhabitat
2333 5581 2386 5635 in
2428 5598 2528 5638 nos
2574 5592 2875 5653 peccatum.
2910 5583 3059 5639 Velle
3084 5583 3305 5652 quidem
