3948 6288
539 319 541 321 ’
587 328 696 386 443
1762 315 2000 372 SA'NC'l'l
2041 310 2366 370 GhECOlttl
2410 309 2616 364 .\i.t'G‘.\l
3792 301 3883 356 tu

587 443 739 496 l-Oiiis
769 451 892 495 tunc
922 434 1151 506 adjacet‘,
1181 430 1481 490 sed‘adltue
1507 446 1664 503 posse
1695 447 1801 485 non
1831 429 2161 494 ittv'cnonus;
2193 432 2245 489 Α
2269 435 2377 494 tur,
2415 426 2539 495 quia
2580 433 2793 496 quottes
2837 424 3044 494 pulsat,
3094 432 3355 478 necatur.
3413 416 3562 470 Dum
3600 430 3731 483 ergo
3759 419 3880 471 vices

587 529 847 600 tiqoidem
881 527 1155 587 vellemus,
1185 532 1242 577 ut
1271 522 1437 577 nobis
1463 521 1661 587 invitis,
1691 518 1888 587 aliquid
1917 519 1969 572 in
2013 516 2180 571 nobis
2269 525 2509 572 motuum
2539 517 2830 571 convenire
2854 530 2959 569 non
2986 516 3262 579 sinuntur,
3289 509 3468 580 quasi
3494 508 3735 600 cadaver
3755 510 3877 578 Λείας

589 599 794 674 moveri
848 634 954 671 non
1003 624 1204 686 posset.
1252 612 1315 666 Et
1363 613 1414 666 hi
1461 612 1688 666 fortasse
1733 610 1891 680 371
1922 605 2170 676 pessima:
2267 608 2322 664 in
2343 606 2518 662 frusta
2545 607 2864 662 conciditur.
2902 605 2998 659 Vel
3029 605 3260 659 fortas-e
3295 601 3439 656 talis
3471 608 3565 654 est
3608 599 3749 667 Agag
3775 601 3876 660 iste,

591 712 775 766 matris
799 717 1111 778 conceptus,
1143 707 1338 776 quibus
1387 705 1534 774 :ulpa
1565 703 1654 757 ila
1698 703 2096 770 impraegnatur,
2125 697 2170 751 si
2272 708 2332 754 ut
2359 699 2459 754 nisi
2479 699 2740 754 concisus
2771 699 2824 752 in
2853 697 3021 752 frusta
3060 698 3194 750 mori
3226 712 3355 751 non
3413 693 3622 761 possit.
3674 690 3740 744 Ut
3761 696 3880 746 enim

595 806 646 858 iu
675 811 858 871 turpes
896 809 1050 856 actus
1078 808 1133 854 et
1161 798 1444 853 obscmoos
1473 796 1718 851 sinuntur
1745 791 1974 855 etl'ondi,
2020 788 2171 858 quasi
2273 789 2519 858 superius
2548 789 2679 853 dixi,
2725 803 2873 842 more
2903 787 3040 856 ignis
3073 787 3232 841 libido
3259 781 3698 849 'succenditttr;
3743 793 3808 846 et,
3846 789 3880 839 si

591 895 739 952 msci
772 893 1141 961 perhibentur.
1176 884 1294 943 Filii
1341 901 1469 956 ergo
1515 894 1633 941 sunt
1680 892 1891 947 motus,
1943 880 2034 950 qui
2065 892 2195 933 non“
2276 881 2608 950 negligenter
2649 880 3027 946 exstinguitur,
3077 876 3346 945 adjacens
3393 872 3613 940 stipula
3657 872 3882 927 ve'ocittr

595 984 767 1038 solum
800 981 1116 1035 naturaliter
1162 980 1304 1035 intus
1343 987 1488 1039 sunt;
1517 976 1610 1031 sed
1637 976 1726 1044 qni
1777 977 1843 1027 itr
1860 973 2102 1042 turpibus
2125 981 2180 1024 et

598 1073 865 1128 obscoenis
903 1070 1155 1139 operibus
1183 1069 1611 1123 manil’estantur.
1659 1064 1830 1119 Mater
1872 1077 2004 1131 ergo
2033 1061 2182 1130 Agag

594 1162 712 1214 sine
741 1160 923 1214 liberis
950 1159 1025 1225 fit,
1061 1159 1279 1228 quando
1309 1157 1586 1225 originalis
1623 1156 1780 1225 culpa
1807 1154 1885 1208 sic
1906 1153 2183 1219 restringi-

597 1263 700 1311 tttr,
726 1257 786 1302 ut
816 1249 994 1304 nullus
1015 1259 1167 1304 actus
1193 1256 1287 1301 aut
1306 1255 1486 1302 motus
1507 1245 1672 1300 edere
1699 1243 2053 1314 permittatur.
2085 1240 2184 1294 Vel

597 1341 827 1394 fortasse
852 1340 970 1394 sine
998 1339 1183 1394 liberis
1208 1337 1300 1403 lit,
1349 1336 1473 1406 quia
1499 1335 1694 1389 liberos
1719 1333 1924 1388 habuit.
1957 1330 2185 1398 Quando

597 1445 728 1499 ergo
759 1440 1071 1501 peccatores
1091 1429 1359 1494 conversi,
1377 1443 1496 1483 esse
1518 1436 1701 1496 turpes
1721 1434 1827 1480 tam
1857 1433 2000 1489 actu,
2025 1439 2185 1494 quam

597 1523 836 1590 gestibus
865 1523 1090 1577 luxuriae
1131 1522 1412 1588 desinunt,
1439 1519 1592 1591 quasi
1633 1527 1807 1573 mater
1848 1517 2095 1572 habitans
2132 1517 2190 1571 in

602 1617 683 1668 eis
711 1614 865 1683 culpa
900 1614 1019 1667 liliis
1047 1614 1286 1668 orbator.

671 1705 760 1759 59.
795 1703 860 1756 Et
884 1703 1197 1769 notandum,
1227 1703 1350 1771 quia
1376 1702 1494 1756 sine
1516 1699 1633 1755 ﬁliis
1656 1699 1770 1755 ﬁeri
1792 1701 1990 1754 dieitur
2019 1707 2204 1754 mater'

2283 972 2665 1027 inﬂammatur.
2711 972 2932 1041 M‘agnu's
2974 987 3193 1041 quoque
3235 970 3396 1038 ignis
3444 967 3729 1035 dispersus
3767 982 3885 1035 stepe

2284 1058 2787 1131 exstingui‘mt-lius
2817 1071 3011 1131 potest.
3059 1061 3190 1115 Nam
3236 1075 3380 1116 cum
3433 1057 3494 1111 in
3550 1069 3719 1109 unum
3760 1055 3889 1108 multi

2285 1155 2550 1209 carbones
2595 1154 2952 1219 conveniunt,
2987 1153 3254 1220 ingentem
3302 1162 3572 1204 massam
3627 1161 3886 1216 prunarum

2287 1246 2508 1300 faciunt.
2543 1243 2620 1298 Ne
2646 1259 2775 1312 ergo
2799 1246 3146 1310 exstinguens
3183 1241 3593 1300 eomburatur,
3627 1251 3887 1305 prunarum

2289 1353 2463 1392 massa
2493 1345 2618 1392 ante
2642 1339 2916 1406 sapienter
2940 1335 3283 1404 dispergitur,
3339 1333 3529 1401 372
3569 1341 3627 1382 ut
3673 1344 3769 1398 per
3799 1330 3885 1384 sia-

2289 1427 2532 1495 gulorum
2592 1427 2885 1480 carbonum
2947 1425 3112 1479 frusta
3176 1425 3466 1478 velociter
3515 1421 3908 1488 exstinguatur-

2293 1516 2428 1583 Quid
2469 1517 2610 1570 enim
2638 1515 2990 1582 eogitat'ones
3020 1514 3263 1578 luxurite,
3311 1511 3461 1580 quid
3489 1518 3627 1562 sunt
3653 1507 3917 1565 libidinosi

2293 1609 2540 1678 corporis
2571 1606 2918 1668 motus,-nisi
2955 1605 3216 1660 carbones
3264 1603 3460 1670 ignis?
3512 1599 3622 1666 Qui
3671 1599 3894 1652 nimirum

2294 1700 2341 1753 si
2366 1699 2417 1753 in
2447 1700 2609 1752 cor-le
2639 1708 2732 1751 aut
2761 1697 2811 1750 in
2852 1711 3013 1749 carne
3041 1695 3415 1756 conveniunt,
3452 1689 3783 1745 comburere
3805 1691 3917 1743 cito~

602 1813 699 1866 per
727 1796 1208 1866 comparationem.
1262 1794 1432 1860 Sicut,
1466 1794 1658 1861 inquit,
1690 1794 1802 1846 sine
1847 1792 2020 1845 liberis
2072 1792 2189 1855 {erit
2226 1830 2266 1887 Β
2295 1800 2544 1862 possunt,
2585 1776 2853 1857 exstingui
2879 1788 3033 1842 facile
3063 1802 3344 1855 nunquam
3396 1791 3660 1887 possunt.
3707 1783 3894 1850 Disper-

604 1888 839 1941 mulieres
887 1886 1092 1957 gladius
1140 1894 1276 1949 tuus,
1307 1885 1383 1938 sic
1420 1885 1520 1938 erit
1544 1885 1654 1937 sine
1681 1883 1855 1936 liberis
1883 1891 2048 1936 mater
2079 1891 2187 1935 tua.

603 1977 842 2034 Virtutes
871 1982 1084 2043 mentis,
1134 1989 1202 2031 ex
1247 1977 1443 2045 quibus
1486 1977 1626 2030 bona
1656 1989 1818 2044 opera
1857 1974 2196 2044 procedunt,

605 2079 809 2124 matres
834 2079 958 2124 sunt
983 2086 996 2120 :
1025 2069 1235 2136 gladius
1270 2067 1576 2134 verot‘lgag
1615 2065 1840 2120 luxuriae
1868 2065 2030 2118 telum
2055 2064 2189 2118 dici-

606 2169 726 2226 tur,
765 2161 856 2231 qui
885 2159 1136 2214 nimirum
1163 2158 1416 2212 mulieres
1445 2157 1648 2226 absque
1679 2150 1859 2210 liberis
1888 2155 2033 2219 facit,
2063 2155 2204 2222 quia'

607 2258 802 2306 cuncta
850 2250 990 2304 bona
1038 2264 1204 2318 opera
1254 2247 1420 2302 libido
1460 2245 1728 2300 interiit-it.
1774 2244 1873 2299 Vel
1901 2253 2202 2299 certemu—

608 2339 769 2395 lieres
795 2337 1030 2394 litelium
1055 2343 1264 2393 mentes
1285 2335 1675 2403 intelliguntur,
1709 2335 1798 2388 ti:ii
1831 2349 1960 2389 vero
1984 2343 2190 2388 sancta-

608 2443 730 2482 rum
779 2427 1036 2481 mentium
1086 2426 1242 2479 bonte
1286 2425 1660 2492 cogitationes,
1696 2425 1918 2478 virtutes
1962 2434 2017 2478 et
2058 2424 2197 2477 bona

609 2533 775 2588 opera
803 2526 945 2571 sunt.
977 2519 1120 2585 Agag
1158 2533 1286 2572 vero
1312 2517 1520 2585 gladius
1559 2526 1758 2570 matres
1781 2517 1985 2585 absque
2016 2516 2204 2572 liberis

611 2609 740 2663 fecit
764 2626 778 2672 ;
807 2609 932 2677 quia
960 2609 1245 2662 delectatio
1270 2609 1512 2672 luxurite,
1536 2609 1582 2662 si
1613 2607 1885 2676 evag‘nari
1912 2609 2062 2677 quasi
2087 2610 2201 2676 gla-

615 2699 736 2754 dius
762 2699 978 2765 sinitur,
1031 2699 1098 2752 ab
1144 2699 1223 2753 eis
1271 2698 1518 2753 nimirum
1563 2714 1750 2752 omnes
1795 2698 1950 2752 bonae
1993 2699 2201 2767 cogita-

617 2791 811 2857 tiones,
831 2805 1018 2845 omnes
1034 2793 1278 2854 virtutes,
1298 2800 1352 2845 et
1372 2790 1511 2844 bona
1537 2806 1698 2859 opera
1725 2799 2003 2845 necantur.
2032 2791 2199 2846 Acuta

613 2879 813 2949 quippe
843 2882 1008 2950 pestis
1038 2879 1198 2949 hujus
1227 2879 1636 2944 delet-tationis,
1671 2881 1714 2935 t-i
1745 2896 1774 2934 a
1802 2891 1981 2935 mente
2013 2881 2204 2950 recipi-

614 2981 723 3036 tur,
743 2972 872 3025 dum
899 2971 1028 3025 libet
1053 2973 1312 3027 attentius
1336 2973 1662 3026 immundum
1687 2988 1930 3037 cernere,
1947 2973 2202 3028 mundum

615 3068 670 3113 et
713 3070 958 3116 sanctum
990 3061 1233 3128 cogitare
1280 3061 1407 3114 nihil
1453 3070 1665 3131 potest;
1715 3069 1768 3115 et
1798 3063 1924 3116 dum
1954 3061 2209 3117 ardenter

616 3149 685 3204 ad
714 3149 906 3205 nefarii
938 3153 1117 3221 operis
1144 3153 1504 3221 expletionem
1551 3155 1836 3224 pertralnt,
1871 3156 2080 3209 virtutis
2105 3156 2207 3209 ali-

617 3243 744 3310 quid
768 3258 928 3308 agere
958 3220 1088 3296 nihil
1120 3220 1398 3312 permittit.
1448 3243 1512 3296 Et
1538 3220 1660 3314 quia
1690 3260 1786 3312 per
1823 3246 1938 3312 ejus
1984 3262 2014 3300 c
2040 3247 2206 3303 “imbu-
2234 3220 2278 3281 C

619 3331 851 3384 stionem
887 3333 1067 3384 omnia
1109 3341 1368 3402 pereunt,
1421 3349 1527 3387 non
1578 3335 1749 3387 solum
1800 3335 1946 3404 Agag
1978 3337 2090 3400 lilii,
2114 3341 2208 3392 sed

620 3438 814 3478 omnes
863 3425 1147 3479 mulierum
1203 3425 1293 3479 lilii
1349 3428 1704 3484 trucidantur.
1764 3429 1979 3498 Absque
2029 3432 2208 3487 liberis

621 3529 752 3584 ergo
780 3525 977 3571 matres
1007 3514 1165 3585 facit,
1207 3519 1331 3587 quia
1359 3518 1648 3575 delectatio
1679 3520 1900 3575 luXuriac
1930 3522 1995 3574 ad
2041 3523 2210 3577 instar

622 3607 784 3675 gladii
811 3609 934 3662 dum
965 3609 1168 3664 fruetus
1191 3611 1449 3665 mentium
1477 3613 1727 3680 percutit,
1757 3614 1971 3669 virtutis
1999 3616 2207 3678 cogita-

626 3698 803 3752 tiones
833 3706 925 3752 aut
965 3700 1144 3769 operis
1188 3700 1388 3754 bonum
1439 3702 1618 3756 vivere
1667 3717 2004 3774 nequaquam
2060 3707 2205 3761 sinit.

626 3789 778 3844 Sicut
823 3805 952 3859 ergo
981 3791 1187 3862 absque
1216 3791 1400 3847 liberis
1431 3793 1555 3847 fecit
1584 3803 1815 3860 matres,
1847 3795 1918 3848 ita
1961 3805 2015 3850 et
2043 3807 2214 3852 mater

627 3878 746 3948 ejus
777 3881 834 3933 lit
860 3881 1065 3951 absque
1093 3882 1292 3946 liberis,
1318 3898 1439 3936 cum
1469 3882 1547 3937 sic
1575 3895 1834 3954 peccator
1859 3888 2096 3940 converti
2127 3904 2216 3955 ur,

629 3983 690 4024 ut
723 3979 920 4040 praeter
945 3972 1158 4044 culpatn
1195 3973 1352 4028 nobis
1393 3974 1604 4027 insitam
1635 3976 1954 4041 naturalem,
1988 3977 2058 4031 nil
2086 3993 2215 4031 eon—

630 4063 802 4117 versis
827 4062 894 4116 de
916 4063 1184 4119 obscmuis
1220 4064 1495 4134 operibus,
1527 4074 1618 4118 aut
1663 4067 1896 4121 motibus
1940 4083 2218 4123 retnanrre

631 4150 894 4204 videatur.
931 4149 1082 4205 Unde
1110 4161 1166 4206 et
1190 4161 1316 4222 apte
1343 4151 1716 4221 subiungitur:

705 4236 881 4309 (Vers.
907 4237 1021 4308 53.)
1055 4237 1120 4292 Et
1147 4242 1202 4293 in
1233 4243 1401 4310 frusta
1444 4242 1666 4295 concidit
1710 4243 1858 4314 Agag
1888 4242 2104 4298 Samuel
2126 4262 2215 4300 co-

635 4344 750 4382 ram
777 4327 997 4382 Domino
1022 4331 1073 4384 in
1105 4329 1356 4401 Galgalis.

707 4417 798 4472 40.
829 4417 984 4484 Quod
1028 4421 1080 4474 in
1113 4421 1279 4475 frusta
1321 4423 1638 4488 conciditur,
1685 4438 1783 4493 per
1814 4439 2008 4493 parvas
2051 4426 2214 4495 parti-

637 4507 787 4564 culas
840 4522 1084 4564 mortuus
1129 4521 1363 4569 secatur.
1423 4514 1572 4583 Agag
1622 4516 1824 4585 quippe
1872 4515 2212 4579 interliitur.

637 4598 854 4667 quando
893 4600 1070 4655 carnis
1114 4603 1268 4670 vigor
1312 4604 1671 4672 abstinentits,
1701 4606 1911 4675 vigiliis,
1947 4623 2012 4661 ac
2055 4608 2219 4675 spiri-

638 4692 875 4746 tualibus
921 4691 1360 4750 meditationibus
1386 4697 1464 4751 sic
1509 4696 1746 4761 eliditur,
1790 4707 1847 4750 ttt
1895 4697 2024 4750 nihil
2066 4698 2219 4752 lasri-

639 4797 798 4847 vum,
849 4785 977 4839 nihil
1026 4786 1364 4842 libidinosum
1404 4804 1623 4845 movere
1651 4789 1935 4844 sentiatur.
1991 4788 2220 4844 loterlici

639 4875 837 4943 quippe
862 4876 997 4944 ejus,
1041 4885 1124 4933 t-st
1149 4893 1364 4933 carnem
1395 4880 1624 4948 turpiter
1653 4894 1870 4933 movere
1898 4895 2004 4932 non
2041 4893 2220 4948 purse.

641 4963 747 5016 Sed
795 4964 1057 5020 interfecti
1109 4967 1338 5022 cadaver
1375 4969 1642 5037 integrum
1694 4978 1806 5035 est,
1862 4969 2074 5038 quando
2104 4969 2223 5038 ejus

642 5063 822 5108 motus
850 5065 1108 5112 remanet.
1146 5055 1336 5113 Libido
1369 5074 1474 5114 non
1525 5067 1794 5124 remanet,
1842 5074 1912 5126 qu
1950 5058 2056 5112 ndo
2107 5062 2222 5113 so'o

645 5145 884 5216 pondere
938 5157 1173 5204 mentem
1232 5159 1458 5218 gravat;
1507 5166 1630 5206 cum
1679 5149 1929 5205 videlicet
1970 5149 2223 5204 membris

643 5237 870 5308 simplex
899 5253 962 5293 ac
992 5241 1251 5296 naturalis
1297 5240 1496 5298 insidet
1541 5250 1720 5297 motus
1746 5241 1946 5304 carnis,
1978 5240 2072 5296 sed
2101 5240 2222 5296 libi-

643 5329 820 5384 dinosi
849 5329 920 5384 nil
968 5332 1129 5386 habet
1171 5331 1400 5389 ardoris.
1449 5333 1564 5390 Hoc
1611 5333 1784 5403 ipsum
1834 5342 2044 5396 autem,
2100 5334 2224 5403 quia

646 5417 940 5474 electorum
973 5429 1181 5477 mentes
1211 5423 1445 5492 graviter
1473 5424 1726 5490 tolerant,
1747 5423 1900 5493 quasi
1925 5423 2068 5490 regis
2089 5439 2226 5477 mor-

649 5510 727 5564 tui
756 5511 1019 5578 integrum
1057 5513 1287 5568 cadaver
1331 5522 1570 5584 portant.
1605 5513 1741 5580 Quid
1775 5528 1902 5568 vero
1931 5524 2030 5576 est.
2080 5513 2226 5584 quod

650 5601 702 5655 in
734 5600 899 5654 frusta
931 5601 1368 5670 eoneiditur,nisi
1397 5604 1523 5674 quia
1553 5619 1655 5667 nec
1683 5604 1783 5674 ipsi
1805 5603 2033 5658 naturali
2058 5604 2228 5659 motui

651 5691 954 5761 reiuqu-re
999 5694 1234 5763 vigorem
1267 5694 1488 5750 volunt?
1533 5692 1587 5749 ln
1632 5694 1799 5750 frusta
1844 5706 1969 5764 ergo
1997 5695 2234 5752 concidi-

2252 4558 2301 4616 D

2295 1893 2450 1954 gatur
2469 1897 2598 1950 ergo
2634 1881 2790 1949 ignis,
2828 1881 2879 1934 in
2905 1880 3070 1934 frusta
3100 1879 3438 1934 concidatur
3461 1876 3642 1942 Agag,
3668 1882 3721 1926 et
3739 1882 3892 1926 custo-

2294 1976 2473 2029 diatur
2497 1989 2670 2038 mens,
2695 1979 2753 2024 ut
2784 1970 3084 2024 immundos
3111 1968 3492 2036 cogitationes
3521 1965 3646 2034 disp
3667 1972 3815 2032 rgat,
3836 1978 3889 2016 tte

2295 2065 2629 2121 unam-alteri
2649 2064 2925 2117 atlltmrere
2951 2063 3246 2131 permittat.
3270 2059 3420 2126 Quia
3450 2057 3606 2112 enim
3630 2068 3783 2121 agere
3802 2070 3889 2108 non

2294 2164 2496 2227 potest,
2528 2165 2586 2208 ut
2632 2154 2851 2208 innoxia
2897 2168 3170 2220 nunquam
3197 2165 3298 2219 cog
3327 2157 3437 2213 tet,
3485 2156 3617 2216 agat
3640 2147 3775 2215 quod
3805 2161 3886 2214 pu-

2297 2255 2421 2312 test,
2451 2256 2510 2301 ut
2532 2247 2712 2301 statim
2743 2245 3126 2313 cogitationem
3165 2244 3386 2310 t-jiciat,
3426 2255 3557 2309 quae
3586 2239 3890 2305 negligenter

2297 2341 2362 2393 ad
2412 2347 2646 2392 mentem
2679 2338 2861 2391 intrat.
2903 2336 2994 2390 Sic
3025 2335 3272 2389 nimirum
3307 2334 3479 2404 quasi
3533 2331 3708 2399 ignem
3739 2329 3882 2382 maxi-

2241 2484 2245 2488 .
2300 2446 2445 2485 mum
2493 2431 2546 2484 in
2589 2429 2854 2483 carbones
2899 2429 3138 2497 singulos
3183 2436 3238 2481 et
3276 2426 3564 2480 vetociter
3609 2422 3802 2480 dividit,
3841 2430 3884 2472 ct

2297 2521 2544 2576 celeriter
2571 2519 2879 2588 exstinguit,
2908 2518 2953 2572 si
2997 2533 3184 2572 omnes
3211 2514 3478 2570 ﬂammas
3519 2511 3877 2580 cogitationum

2301 2614 2380 2668 sic
2409 2619 2653 2683 separat,
2684 2621 2741 2663 ut
2771 2610 3021 2678 conjungi
3070 2609 3121 2662 in
3167 2616 3354 2662 mente
3400 2619 3588 2674 neque
3619 2618 3710 2670 per
3737 2600 3880 2667 negtis

2305 2703 2570 2774 gentiam,
2603 2717 2779 2770 neque
2822 2717 2918 2770 per
2952 2698 3277 2754 desiderimn
3329 2698 3507 2750 sinat.
3543 2693 3636 2748 Sic
3662 2691 3877 2746 nimirum

2304 2805 2360 2849 t-t
2388 2803 2566 2848 motus
2611 2794 2856 2863 corporis
2881 2792 3121 2861 vigorem
3151 2791 3350 2844 mentis
3381 2786 3662 2858 reprimit,
3690 2798 3798 2839 cum
3824 2783 3893 2834 ad'

2306 2886 2536 2940 invicem
2582 2884 2876 2938 convenire
2913 2881 3131 2936 minime
3159 2881 3459 2950 permittit.
3506 2876 3680 2930 Motus
3705 2873 3875 2943 quippe

2307 2975 2654 3030 illecebrosos
2683 2975 2892 3036 carnis,
2933 2974 2977 3027 si
3010 2987 3105 3042 per
3132 2971 3533 3040 cogitationem
3566 2967 3771 3020 minime
3794 2977 3894 3031 ρει-κ

2307 3066 2495 3131 scitur,
2527 3064 2819 3119 convenire
2849 3078 2971 3117 cum
3014 3062 3182 3116 altero
3213 3076 3318 3115 nou
3364 3059 3607 3113 videtur.
3637 3052 3892 3109 Glutinutn:

2309 3159 2505 3228 quippe
2535 3156 2971 3210 illecebrosorum
3005 3161 3244 3207 motuum
3266 3194 3282 3220 ,
3331 3147 3625 3206 immunda
3651 3143 3874 3212 cogitatio

2310 3259 2391 3304 est
2417 3267 2429 3302 :
2454 3249 2578 3316 quia
2603 3247 2945 3317 qui‘libenter
2960 3242 3236 3298 immunda
3267 3242 3440 3305 videt,
3475 3238 3660 3294 statim
3687 3246 3891 3290 carnem“

2310 3339 2377 3394 ad
2407 3347 2582 3392 amata
2613 3337 3042 3406 concupiscendo
3068 3335 3331 3389 violenter
3361 3341 3552 3387 movet
3571 3348 3587 3397 ;
3609 3343 3711 3396 quo
3730 3325 3872 3379 liben-

2311 3429 2416 3484 tius
2443 3443 2508 3483 ac
2532 3427 2794 3482 morosius
2822 3426 3046 3493 cogitat,
3076 3425 3230 3494 quasi
3261 3423 3539 3479 carbones
3561 3416 3873 3475 carbonibm,

2308 3527 2492 3588 turpes
2520 3518 2844 3588 turpioribus
2885 3526 3062 3571 motus
3093 3517 3239 3583 ligat.
3287 3514 3503 3570 Teneat
3530 3524 3657 3579 ergo
3685 3507 3853 3562 fortem

2310 3610 2606 3665 custodiam
2636 3609 2828 3673 animi,
2859 3608 2950 3678 qui
2999 3616 3249 3676 potenter
3287 3605 3402 3659 volt
3444 3605 3745 3671 dispergere
3779 3609 3870 3648 nio-

2315 3710 2399 3754 tus
2420 3701 2615 3754 carnis.
2645 3699 2790 3754 Intus
2811 3699 3010 3768 quippe
3035 3707 3160 3751 ante
3200 3695 3344 3765 Agag
3372 3693 3648 3752 dividitur,
3679 3695 3730 3742 ut
3757 3685 3864 3738 foris

2316 3792 2519 3863 pariter
2561 3791 2614 3845 itt
2659 3789 2827 3844 frusta
2875 3787 3180 3850 dividatur;
3242 3786 3366 3854 quia
3409 3785 3504 3854 qui
3546 3778 3868 3850 cogitationes

2316 3886 2484 3939 malas
2509 3884 2799 3940 convenire
2822 3897 2928 3936 non
2958 3881 3172 3950 patitur,
3204 3894 3252 3934 et
3283 3879 3541 3931 nimirum
3571 3883 3742 3940 turpes
3770 3879 3868 3918 mo-

2321 3985 2407 4032 tus
2434 3974 2629 4039 carnis,
2661 3972 2814 4042 (ιιιαεί
2843 3973 2894 4026 in
2923 3969 3089 4026 frusta
3130 3969 3468 4024 dividuntur.
3519 3965 3609 4020 Sic
3650 3958 3872 4015 nimirum

2323 4066 2470 4136 Agag
2510 4064 2890 4135 pinguissimus
2919 4064 3198 4125 occiditur,
3229 4059 3273 4113 si
3315 4060 3369 4113 in
3401 4057 3572 4113 frusta
3601 4050 3872 4107 dividatur;

2323 4155 2448 4226 quia
2478 4169 2693 4208 sensum
2725 4153 2902 4208 carnis
2928 4168 3048 4206 cum
3089 4150 3375 4206 immundis
3403 4147 3655 4207 motibus,
3684 4154 3794 4196 cum
3830 4140 3871 4188 in

2325 4261 2572 4316 corpore,
2606 4253 2717 4299 tum
2749 4245 2801 4298 in
2841 4244 3017 4298 anima
3051 4253 3178 4297 tunc
3208 4251 3461 4312 potenter
3497 4230 3872 4316 eitstinguimus,

2321 4335 2378 4392 s'r
2395 4336 2463 4390 ad
2484 4334 2618 4404 eius
2647 4334 2882 4403 singulas
2910 4333 3131 4387 insidias
3151 4331 3405 4399 singulari
3447 4324 3732 4383 intentione
3754 4314 3869 4404 vigi-

2323 4403 2515 4481 lemus.
2533 4403 2701 4478 iUnde
2735 4434 2791 4479 et
2818 4424 3046 4494 Sapiens
3086 4423 3175 4476 ilie
3201 4421 3485 4488 diligenter
3511 4416 3772 4471 admonet,
3800 4403 3874 4457 di-

2323 4531 2450 4571 cens
2475 4533 2488 4568 :
2519 4515 2674 4567 Omni
2700 4493 2932 4567 custodia
2954 4529 3100 4566 serva
3121 4528 3208 4564 cor
3231 4521 3369 4563 litum
3387 4550 3400 4574 ,
3434 4507 3555 4580 quia
3577 4518 3640 4558 ea:
3664 4501 3765 4569 ipso
3783 4493 3878 4546 vita

2323 4605 2580 4676 procedit,
2619 4605 2758 4657 etde
2805 4605 3033 4674 neglecto
3074 4619 3212 4655 mors
3241 4603 3347 4654 exit
3393 4593 3658 4670 (Prorerb.
3685 4605 3748 4653 tv,
3772 4584 3868 4676 25)-

2326 4675 2446 4750 Vi‘ta
2478 4710 2707 4763 namque
2737 4689 2998 4764 procedit,
3031 4709 3152 4746 cum
3180 4707 3275 4746 cor
3301 4699 3568 4753 servatur,
3597 4682 3733 4755 quia.
3761 4675 3873 4730 dum

2326 4788 2661 4842 innnuuditia
2690 4787 2864 4840 omnis
2901 4786 3198 4854 repellitur,
3245 4785 3310 4839 ad
3341 4785 3565 4839 virtutes
3605 4783 3863 4832 converso.

2323 4895 2440 4934 rum
2469 4879 2688 4949 spiritus
2727 4879 3013 4932 animatur.
3059 4877 3114 4932 ln
3157 4878 3324 4932 frusta
3373 4890 3500 4944 ergo
3543 4875 3682 4940 Agat;
3705 4880 3732 4918 ³
3760 4874 3858 4930 1¹τ⁰⁶

2325 4972 2486 5039 pheta
2531 4969 2862 5035 conciditur,
2895 4968 3108 5039 quando
3153 4983 3249 5038 per
3295 4968 3575 5024 doctorum
3615 4953 3859 5016 consilium

2328 5061 2548 5130 singu'te
2579 5059 3035 5115 immunditiarunt
3057 5060 3361 5130 particulae,
3388 5068 3444 5114 et
3472 5060 3522 5112 io
3551 5061 3758 5120 corpore
3782 5056 3858 5093 ³υ⁸

2328 5151 2584 5217 diturum,
2631 5163 2687 5206 et
2736 5152 2788 5206 in
2837 5161 3020 5208 mente
3062 5153 3416 5222 perimuntur.
3468 5151 3605 5204 Bene
3631 5148 3786 5197 autem
3815 5141 3856 5184 et

2330 5256 2512 5297 Coram
2556 5241 2785 5296 Domino
2831 5249 2886 5296 et
2926 5244 2978 5296 in
3021 5241 3257 5311 Galgalis
3303 5240 3512 5297 concidi
3558 5229 3852 5307 perbibttur,

2330 5331 2457 5398 quia
2505 5330 2580 5384 illi
2629 5332 2882 5386 minutias
2930 5332 3370 5387 iilecebtosarunt
3417 5316 3848 5397 cogitationum.“

2335 5421 2565 5490 turpium
2594 5430 2835 5476 motuum
2874 5423 3118 5477 dividere
3157 5431 3406 5492 potenter
3450 5418 3675 5491 possunt.
3711 5402 3787 5473 qui
3810 5407 3848 5495 fl

2329 5509 2398 5566 de
2426 5513 2796 5580 omnipotente
2838 5512 2980 5580 Deo,
3026 5521 3080 5565 et
3108 5511 3174 5565 de
3201 5511 3401 5566 sant-tis
3443 5497 3706 5576 Scripturis
3729 5502 3845 5556 008"

2333 5609 2449 5656 tare
2477 5603 2750 5671 sapienter
2778 5603 2975 5656 sciunt.
3005 5601 3146 5666 Sed,
3190 5611 3249 5656 ut
3289 5601 3430 5671 dixi,
3474 5592 3696 5653 simulata

2339 5695 2624 5756 malorum.
2652 5711 2794 5765 saepe
2823 5695 3071 5750 doctores
3103 5711 3205 5749 non
3238 5710 3333 5764 pro
3365 5692 3517 5762 ipsis,
3535 5685 3618 5746 scd
3647 5694 3734 5754 pro
3750 5671 3840 5726 aliis
