3948 6286
61 304 158 363 μδ

912 311 973 366 ΙΝ
1017 312 1275 368 PRIMUM
1319 313 1558 370 REGUM
1601 312 2116 373 EXI’OSITIUNES.
2157 349 2226 359 —
2266 318 2391 374 ΗΒ.
2437 319 2502 373 ν.

3245 324 3357 380 ιεθ

61 420 333 482 sustinent;
361 417 501 487 quia
533 421 706 490 quod
758 423 1000 480 simulate
1028 434 1192 493 agunt
1231 441 1338 480 non
1384 418 1664 481 simulato-
1696 436 1740 490 Α
1767 427 2144 483 emendatione
2190 430 2399 484 invita-ti
2443 430 2691 485 redeunt.
2738 432 2900 486 Abire
2930 448 3059 500 ergo
3089 435 3357 503 doctoris,

58 513 215 573 nbus,
263 509 361 564 sed
405 511 756 573 videntibus
793 517 1027 585 prodest.
1061 518 1218 586 Saepe
1263 519 1479 588 quidem
1508 521 1668 575 electi

60 604 288 662 simulata
313 603 466 658 bona
514 605 811 662 malorum
843 608 1056 673 vident;
1098 609 1194 662 sed
1222 611 1348 676 quia
1379 611 1540 664 corda
1569 626 1668 664 ηε.-

54 696 230 756 sciant,
251 691 490 759 bonum,
512 697 688 763 quod
714 697 916 767 fulgere
941 698 1154 752 videtur
1179 707 1422 754 exterius
1453 700 1669 755 imizan-

53 798 144 840 tur.
173 783 298 838 Saul
327 783 679 842 Samuelem
717 798 773 842 ut
795 803 977 843 secum
1005 789 1071 843 ad
1102 789 1440 844 adorandum
1486 791 1668 845 Domi-

51 891 161 930 num
204 883 625 941 reverteretur,
683 879 928 947 rogavit;
967 880 1061 934 sed
1099 879 1190 934 ille
1218 895 1467 935 reversus
1513 881 1662 949 Λίξος

51 972 90 1022 ia
115 968 274 1022 frusta
319 965 580 1021 concidit
606 1010 625 1035 ,
677 970 804 1040 quia
832 970 990 1025 electi
1038 969 1292 1025 doctores
1331 985 1430 1041 per
1473 985 1660 1038 Opera,

49 1071 153 1127 qua
177 1056 395 1125 reprobi
426 1055 694 1127 faciunt,
723 1061 927 1114 e'ectos
955 1060 1024 1114 ad
1053 1061 1194 1115 bene
1223 1060 1436 1115 vivendi
1481 1061 1661 1116 studia

48 1154 374 1204 convertunt.
425 1145 551 1202 Sed
599 1151 738 1218 quia
771 1150 1000 1220 idipsum
1050 1150 1446 1221 dispensative,
1490 1151 1541 1206 id
1583 1159 1667 1206 est

48 1247 252 1307 propter
273 1235 431 1290 aliud
463 1235 732 1306 faciunt,
761 1255 889 1294 cum
928 1239 1347 1309 dispensationis
1373 1241 1665 1296 necessitas

49 1327 240 1388 transit,
267 1325 423 1396 ipsos
447 1330 769 1397 reprobus,
795 1345 934 1399 quos
954 1331 1106 1400 quasi
1136 1332 1202 1385 ad
1234 1332 1374 1386 bona
1400 1347 1564 1402 opera
1589 1347 1680 1386 εει.

48 1428 284 1489 quatitur,
318 1419 393 1472 ad
439 1423 696 1490 reprobi
742 1423 921 1477 cordis
971 1423 1440 1492 inqumitudinem
1491 1425 1670 1494 lapsos

49 1511 305 1566 deserunt.
341 1506 503 1564 Bene
541 1511 744 1580 itaque
769 1513 1056 1568 subditur:

111 1601 286 1667 (νει-ε.
319 1599 429 1664 54,
465 1599 606 1673 35.)
641 1602 782 1656 Abiit
817 1615 988 1657 autent
1027 1603 1244 1658 Samuel
1285 1605 1338 1658 in
1383 1603 1666 1671 Ramatlm,

1771 526 1855 570 cst
1895 518 2294 586 iunpo-nitentes
2345 521 2538 590 impios
2588 530 2845 590 perpetua
2889 522 3362 582 animadversione

1770 608 2042 663 deserere.
2073 607 2163 665 Sic
2204 612 2346 664 enim
2375 622 2595 679 peccata
2626 613 2692 665 ad
2732 621 2958 666 mortem
2987 629 3085 682 per
3111 613 3363 683 iinpmui~

1771 700 2008 754 tudini-nt
2036 711 2324 771 operantes
2351 704 2625 766 desrrunt,
2646 711 2704 756 ut
2727 703 2794 756 ad
2822 718 2917 756 eos
2940 705 3114 758 redire
3137 706 3364 759 ulterius

1771 807 1878 844 non
1911 807 2193 861 rogantur.
2229 793 2371 848 Bene
2399 808 2531 860 ergo
2559 794 2696 847 dixit
2739 811 2752 846 :
2789 795 2913 849 Non
2941 795 3066 849 cidit
3096 797 3228 850 Saul
3258 799 3364 849 Sa-

1770 884 1983 937 mnelem
2011 887 2149 939 ultra
2173 903 2332 956 usque
2361 886 2430 938 ad
2453 886 2589 939 diem
2618 888 2800 940 mortis
2823 902 2951 940 suat.
3003 886 3071 939 Et
3096 889 3221 955 quia
3255 888 3366 944 hoc

1771 990 1891 1030 esse
1942 978 2203 1046 agendum
2253 979 2305 1032 in
2353 992 2576 1033 summae
2623 978 2868 1032 veritatis
2909 980 3364 1047 contemplatione

1773 1085 1882 1137 per.
1903 1069 2109 1138 ipium,
2146 1071 2195 1123 in
2228 1069 2496 1124 Ramatha
2536 1069 2687 1124 abire
2715 1079 3069 1125 memoratur.
3098 1069 3371 1125 Consumv

1771 1170 1914 1214 mata
1943 1178 2175 1232 namque
2197 1164 2354 1229 visio,
2373 1172 2454 1216 est
2477 1161 2677 1216 intima-
2699 1161 2944 1217 veritatis
2966 1163 3102 1217 ratio
3127 1165 3370 1232 perlecta

1773 1253 1850 1307 Ne
1879 1269 1911 1308 e
1941 1267 2009 1321 go
2039 1255 2450 1323 prmdicatorum
2490 1254 2758 1310 districtio
2787 1254 2952 1310 nimia
2985 1269 3105 1311 esse
3131 1256 3368 1309 carna'ia

1777 1346 1874 1400 bus
1893 1347 2180 1413 judicelur,
2203 1364 2323 1400 cum
2342 1349 2410 1402 ab
2436 1346 2688 1402 Ecclesiae
2709 1349 3089 1401 communione
3107 1349 3369 1413 rei-rubos

1776 1437 1830 1491 in
1860 1447 2175 1506 let-petitum
2205 1447 2490 1508 separant,
2517 1438 2768 1503 audiant;
2799 1439 2922 1507 quia
2951 1447 3234 1508 postquam
3264 1439 3369 1494 Sa-

1778 1528 1919 1580 muel
1953 1528 2004 1580 in
2039 1527 2305 1582 Ratnutlta
2331 1529 2507 1594 venit,
2541 1527 2668 1583 Sattl
2700 1529 2838 1582 ultra
2883 1545 2990 1583 non
3033 1529 3194 1595 vidit;
3239 1531 3369 1600 quia

1777 1618 1922 1672 illum
1965 1617 2161 1673 doctor
2188 1619 2518 1674 (etc-rnaliter
2558 1615 2770 1682 dividit,
2800 1635 2961 1690 quem
2991 1622 3262 1689 pertinere
3292 1623 3365 1674 ad

54 1689 166 1744 Seu!
186 1705 302 1742 cere
332 1691 609 1744 ascendit
640 1694 698 1745 in
726 1691 934 1746 domum
971 1709 1120 1746 suam
1158 1694 1213 1747 in
1250 1692 1452 1758 Gabaa,
1477 1703 1528 1746 et
1561 1709 1667 1746 non

1789 1709 2071 1763 :lcctorum
2103 1725 2388 1764 numerum
2415 1726 2521 1765 non
2551 1710 2852 1778 cognoscit.
2875 1709 2981 1764 Sed
3008 1709 3114 1766 hoc
3144 1709 3364 1766 ﬁduciac

55 1783 160 1835 ridit
186 1781 410 1836 Samuel
441 1784 611 1838 ultra
639 1801 798 1856 usque
826 1784 898 1838 ad
924 1785 1064 1838 diem
1090 1787 1269 1839 mortis
1289 1802 1417 1840 sua'.

114 1871 195 1925 ll.
226 1870 364 1937 Qua:
391 1882 490 1928 est
523 1875 735 1929 domus
760 1876 1162 1944 trangressoris,
1193 1877 1295 1932 nisi
1334 1876 1671 1932 tonsuetudo

59 1965 187 2035 pravi
203 1966 433 2034 operis?
457 1965 738 2037 Quisquis
754 1968 896 2023 enim
923 1968 976 2022 in
1000 1983 1253 2038 perversa
1277 1967 1670 2023 consuetudine

57 2056 323 2121 clauditur,
354 2057 534 2126 quasi
587 2058 643 2112 in
671 2059 834 2114 domo
861 2067 1234 2114 conversatur.
1283 2059 1339 2114 lu
1371 2060 1531 2130 373
1561 2059 1667 2112 do-

63 2160 187 2198 mum
233 2159 372 2213 ergo
418 2161 598 2200 suam
644 2147 776 2202 Saul
819 2147 1094 2216 ascendit,
1144 2147 1360 2218 qu.:ndo
1409 2148 1673 2217 reprobus

61 2234 265 2302 quisque
294 2243 435 2304 post
461 2237 908 2306 increpationem
934 2236 1215 2292 doctorum
1244 2236 1312 2292 ad
1339 2237 1468 2292 mali
1492 2237 1677 2306 operis

67 2340 200 2380 usum
227 2326 398 2382 redit.
431 2327 618 2395 Quasi
645 2330 790 2384 enim
817 2329 886 2383 ad
915 2329 1074 2399 plana
1115 2329 1427 2397 descendit,
1455 2329 1671 2401 quando

67 2416 412 2471 humilitatem
448 2419 709 2483 simulat,
749 2427 807 2474 ut
837 2421 1122 2487 przesulum
1167 2422 1420 2476 mandata
1466 2436 1671 2490 cogno-

68 2514 179 2560 seat.
207 2504 352 2573 Quid
384 2517 483 2563 est
529 2525 688 2576 vero,
716 2511 859 2581 quod
888 2512 1040 2582 prius
1066 2512 1281 2567 Samuel
1311 2513 1481 2582 abire,
1507 2529 1670 2584 quam

69 2597 174 2650 Saul
194 2597 245 2652 in
267 2602 516 2654 domum
544 2615 701 2656 suam
727 2602 1018 2658 ascendere
1046 2602 1280 2658 dicitur?
1305 2603 1434 2672 Sed,
1455 2612 1514 2658 ut
1537 2603 1668 2668 dixi,

72 2704 172 2742 utin
193 2705 244 2741 ni
261 2691 518 2746 cessitas
549 2691 780 2747 aliorum
807 2701 1033 2760 nonest,
1057 2709 1275 2748 manere
1303 2709 1426 2749 cum
1454 2702 1674 2748 versuto

73 2781 255 2833 electus
286 2782 640 2850 praedicator
669 2799 776 2838 non
819 2791 1036 2853 potest;
1083 2793 1140 2840 et
1175 2786 1301 2856 quia
1341 2786 1394 2841 in
1423 2785 1668 2841 absentia

75 2872 293 2926 doctoris
316 2873 630 2930 simulator
655 2875 882 2945 prolicit,
900 2875 1104 2931 Saulin
1133 2878 1350 2932 domum
1381 2894 1486 2933 non
1515 2879 1669 2946 abiit,

77 2961 156 3013 sed
175 2978 202 3012 a
234 2965 445 3018 cendit.
475 2966 789 3021 Ascendere
815 2967 1014 3036 quippe
1036 2967 1297 3037 reprob‘is,
1323 2975 1407 3022 est
1432 2967 1500 3022 de
1527 2967 1676 3022 malo

1774 1801 1896 1855 liter
1941 1803 2201 1869 creditur,
2233 1803 2278 1856 si
2320 1802 2376 1856 in
2421 1803 2593 1856 turma
2639 1800 2906 1856 Samuelis
2950 1802 3366 1872 pnmlicatorunr

1773 1903 1972 1949 sancta:
2019 1895 2272 1950 Ecclesim
2301 1895 2582 1952 charitatis
2607 1895 2831 1953 allectus
2855 1897 3155 1952 districtius
3178 1897 3332 1952 videa
3348 1929 3365 1938 -

1776 1997 1885 2039 tur.
1918 1985 2279 2040 Districtionis
2319 1987 2519 2057 quippe
2561 1987 2711 2042 zelus
2751 1988 3074 2053 ostenditur,
3105 1990 3229 2058 qu'a
3263 2003 3374 2044 non

1773 2075 1975 2130 vidisse
2002 2075 2133 2129 Saul
2164 2091 2336 2145 usque
2377 2077 2447 2131 ad
2474 2076 2617 2132 diem
2648 2079 2837 2132 mortis
2865 2093 2976 2132 sua:
3019 2088 3366 2132 memoratur.

1776 2165 1854 2222 De
1880 2166 2074 2222 allecto
2107 2184 2234 2222 vero
2263 2169 2544 2224 charitatis
2571 2169 2915 2238 subiunctum
2945 2179 3027 2224 est
3056 2188 3074 2222 :

1842 2258 2020 2332 (Vers.
2038 2257 2154 2327 55.)
2189 2259 2550 2315 Verumtamen
2575 2261 2780 2332 lugebat
2811 2262 3030 2317 Samuel
3056 2261 3210 2327 Saul,
3239 2278 3367 2333 quo-

1773 2352 1921 2405 niam
1952 2350 2235 2405 Dominum
2283 2353 2588 2422 paenitebat,
2635 2353 2771 2424 quod
2811 2355 3154 2408 constituisset
3202 2367 3373 2422 regem

1774 2442 1910 2497 Saul
1934 2459 2089 2512 super
2120 2441 2308 2496 Israel.

1848 2531 1937 2587 45.
1971 2531 2109 2598 Quid
2138 2533 2280 2586 enim
2312 2540 2425 2597 est,
2455 2533 2600 2600 quod
2628 2534 2808 2601 luget,
2835 2548 2996 2603 quem
3026 2548 3250 2587 cernere
3275 2533 3375 2585 de-

1779 2622 2045 2690 dignatur,
2079 2621 2181 2676 nisi
2211 2621 2337 2692 quia
2380 2629 2437 2676 et
2483 2637 2604 2676 cum
2653 2622 2776 2676 zelo
2825 2620 3156 2676 rectitudinis
3202 2620 3378 2678 sancti

1779 2712 2036 2768 doctores
2065 2713 2267 2767 habent
2293 2711 2543 2770 affectum
2570 2726 2779 2780 magum
2808 2714 2924 2768 cltar
2942 2713 3104 2777 itatis,
3137 2714 3250 2781 ipsa
3279 2727 3375 2766 au-

1779 2809 1889 2858 tem
1918 2801 2201 2856 charitatis
2223 2801 2536 2870 magnitudo
2564 2802 2885 2864 ostenditur,
2917 2803 3042 2872 quia
3076 2803 3378 2873 projectum

1779 2907 1966 2962 regem
1995 2892 2158 2963 374
2186 2893 2442 2962 plangere
2469 2893 2820 2962 perhibetur?
2864 2892 2982 2959 Quo
3012 2906 3140 2960 ergo
3178 2893 3378 2949 allecto

1783 2983 2084 3039 electorum
2138 2983 2478 3038 subditorum
2527 2993 2749 3054 peccata
2799 2986 3088 3054 plangunt,
3135 2985 3226 3051 qui
3278 3001 3378 3054 pro

77 3053 132 3104 ad
159 3053 308 3122 pejus
339 3056 521 3124 proﬁt
536 3071 652 3112 ere.
700 3032 849 3112 Cum
876 3032 1006 3112 item
1035 3032 1367 3113 descendere
1412 3057 1674 3128 superbus

1789 3073 2042 3144 projectis
2081 3073 2328 3142 reprobis
2376 3032 2632 3141 plang'ere
2679 3032 2814 3126 ιειιῐιΙ
2839 3032 3130 3127 επέριιιοὲε
3155 3032 3375 3128 ldidl'e-

83 3144 285 3213 dicitur,
315 3148 633 3204 ascendere
662 3148 992 3218 perhibetur.
1038 3148 1346 3204 Ascendere
1393 3148 1593 3219 quippe
1622 3149 1674 3202 in

81 3234 282 3288 domum
311 3252 480 3291 suam
530 3238 796 3308 superbo,
845 3246 928 3292 est
979 3238 1340 3307 superbiendo
1386 3254 1559 3307 usque
1605 3237 1679 3292 ad

84 3339 402 3389 mensuram,
426 3338 448 3362 υ
477 3343 587 3397 qua
608 3328 942 3382 damnandus
962 3336 1064 3394 est,
1089 3343 1148 3382 se
1170 3328 1450 3384 extollere.
1472 3329 1676 3385 Domus

84 3432 302 3487 namque
335 3421 596 3490 superbi,
646 3431 731 3476 est
761 3422 1016 3490 nequitia:
1059 3436 1170 3476 sua:
1213 3436 1485 3476 mensura.
1537 3419 1673 3474 Dum

90 3507 216 3561 enim
243 3523 340 3578 per
373 3525 642 3581 prospera
670 3511 848 3565 szeculi
873 3525 1032 3579 agere
1058 3511 1418 3582 tyrannidem,
1446 3509 1674 3564 turbare

89 3608 296 3665 tetram,
329 3618 589 3672 premere
621 3604 812 3668 bonos,
836 3603 1152 3658 innocentes
1182 3601 1421 3670 afﬂigere
1449 3601 1673 3671 permit-

92 3694 428 3762 tuntur,quid
459 3693 811 3763 aliud,'quam
835 3694 1132 3748 ascendere
1155 3693 1368 3763 superbi
1392 3693 1668 3747 videntur.

95 3777 189 3832 Sed
216 3781 338 3848 quia
381 3782 709 3852 praeﬁnitum
740 3792 820 3836 est
867 3797 897 3835 a
951 3781 1062 3837 Deo
1102 3789 1364 3846 quantum
1412 3788 1673 3846 noceant,

96 3883 336 3940 quantum
394 3875 668 3939 saeviant,
741 3883 1000 3943 quantum
1062 3889 1159 3942 per
1214 3871 1548 3942 tyrannidrm
1616 3886 1682 3925 se

99 3963 375 4031 extollant,
428 3981 606 4035 usque
652 3965 719 4020 ad
763 3964 981 4019 domum
1028 3979 1180 4019 suam
1209 3963 1500 4018 ascendere
1550 3979 1676 4032 per-

99 4055 390 4112 mittuntur.
450 4059 652 4113 Domus
705 4073 938 4127 namque
992 4073 1216 4122 eorum,
1271 4072 1521 4112 mensura
1582 4073 1676 4110 ne-

103 4146 270 4212 quitia:
313 4159 442 4214 est,
497 4151 551 4206 in
602 4168 705 4223 qua
753 4167 969 4223 semper
1023 4160 1179 4207 erunt
1229 4168 1242 4204 :
1293 4152 1417 4220 quia
1472 4149 1562 4204 ubi
1609 4150 1676 4204 al

106 4231 246 4299 plena
283 4236 490 4309 ﬂagitia
533 4243 812 4309 venerint,
854 4241 1136 4311 rapiuntur
1183 4255 1280 4309 per
1321 4248 1583 4302 mortem,
1624 4247 1680 4292 rt

108 4337 191 4390 per
213 4336 410 4384 acterna
455 4339 724 4386 tormenta
773 4332 1081 4400 puniuntur.
1115 4330 1276 4398 Quasi
1319 4331 1464 4386 enim
1494 4331 1547 4384 in
1583 4330 1680 4386 do-

1782 3164 1949 3219 runt?
1975 3162 2233 3217 instantia
2263 3178 2496 3233 namque
2525 3164 2705 3218 luctus
2733 3163 3056 3228 ostenditur,
3087 3165 3211 3233 quia
3243 3165 3376 3220 sub-

1777 3252 2024 3323 junctum
2059 3263 2140 3309 est
2169 3271 2182 3307 :

2391 3343 2621 3400 CAPUT
2679 3343 2767 3398 Ill.

1856 3432 1910 3506 (ι
1957 3433 2092 3503 Reg.
2126 3451 2248 3500 1m,
2300 3433 2377 3504 l.)
2431 3434 2579 3488 Dixit
2628 3433 2882 3488 Dominus
2928 3435 2996 3488 ad
3039 3429 3378 3488 Samaelem:

1783 3524 2054 3598 Usquequo
2084 3536 2136 3579 tu
2172 3525 2314 3596 luges
2361 3525 2510 3588 δραι,
2542 3541 2654 3578 cum
2686 3541 2778 3595 ego
2807 3523 3114 3595 projecerim
3142 3539 3278 3589 eum,
3308 3537 3376 3576 ne

1781 3625 1958 3688 regnet
1996 3632 2149 3687 super
2188 3614 2404 3671 Israel?

1857 3706 1910 3760 1.
1943 3706 2042 3761 Cui
2072 3727 2087 3758 ι
2106 3707 2214 3760 nim
2244 3708 2442 3761 dicitur
2474 3724 2487 3759 :
2523 3705 2792 3778 Usquequo
2822 3713 2875 3756 tu
2905 3704 3097 3772 luges?
3117 3701 3378 3757 instanter

1785 3798 1972 3868 lugere
1998 3799 2322 3852 declaratur.
2374 3797 2599 3866 Magnus
2630 3811 2760 3866 ergo
2790 3805 2873 3851 est
2901 3795 3126 3850 atii-ctus
3155 3803 3377 3849 sancto-

1785 3908 1928 3955 rum,
1958 3891 2120 3945 etiam
2153 3905 2275 3944 cum
2317 3889 2687 3943 austeritatem
2716 3888 2962 3940 Vittdlcla‘.
2986 3885 3221 3939 exterius
3250 3901 3378 3954 pro-

1787 3984 1985 4036 ferunt.
2031 3980 2164 4034 Nam
2195 3978 2325 4033 l'oris
2352 3977 2597 4043 suavium,
2626 3976 2720 4030 sed
2750 3975 2893 4030 intus
2918 3990 3017 4044 per
3042 3989 3282 4028 amorem
3313 3973 3377 4027 li—

1783 4082 2066 4144 quescunt.
2109 4073 2257 4126 More
2302 4079 2532 4125 matrum
2584 4069 2837 4139 parvulos
2889 4069 3214 4133 verberant,
3283 4065 3379 4121 sed

1784 4164 1978 4220 allecto
2010 4171 2234 4232 gemunt
2255 4177 2374 4217 cum
2386 4161 2642 4231 parvulis,
2658 4177 2794 4229 quos
2817 4159 3102 4228 castigant.
3125 4157 3230 4212 Sed
3251 4157 3380 4228 quid

1785 4263 1893 4321 est,
1926 4254 2071 4324 quod
2101 4252 2360 4308 Dominus
2407 4254 2484 4307 ait
2512 4269 2526 4306 :
2554 4251 2827 4324 Usquequo
2857 4261 2908 4326 tu
2936 4251 3077 4321 luges
3102 4249 3272 4305 Sani?
3297 4251 3379 4303 An

1787 4352 1966 4414 potest
1996 4353 2170 4399 mater
2201 4343 2363 4398 lilium
2393 4342 2713 4398 molientur:
2744 4356 2994 4402 cernere,
3040 4351 3097 4395 et
3125 4355 3222 4410 per
3248 4341 3382 4395 scis-

109 4428 187 4468 tno
213 4429 420 4485 manet,
455 4421 547 4488 qui
593 4435 624 4474 a
664 4421 1088 4476 conversationis
1125 4436 1234 4476 sua:
1278 4421 1452 4490 pinnis
1498 4419 1680 4489 egredi

1789 4436 1997 4489 sionem
2044 4435 2312 4489 viscermn
2362 4448 2701 4501 nequaquam
2746 4431 2918 4487 ﬂere?
2967 4430 3233 4485 Mortuum
3263 4431 3383 4484 sine

113 4521 361 4576 nunquam
392 4521 595 4581 potest.
642 4511 794 4579 Quod
823 4529 930 4568 non
961 4514 1133 4569 solum
1169 4513 1238 4568 de
1277 4514 1555 4582 superbis,
1588 4514 1682 4567 sed

113 4604 160 4648 et
183 4597 248 4653 de
271 4601 592 4665 luxuriosis,
643 4612 698 4656 et
733 4604 984 4659 onmibus
1013 4603 1258 4674 reprobis
1295 4604 1683 4659 convenienter

114 4685 314 4758 intelligi
346 4703 550 4764 potest.
582 4695 638 4749 in
670 4710 896 4751 ascensu
938 4698 1155 4767 qn’pre,
1201 4704 1256 4748 et
1284 4711 1390 4750 non
1438 4695 1489 4748 in
1521 4695 1683 4749 domo

115 4778 270 4838 adhuc
296 4793 476 4849 erant,
498 4785 566 4840 de
586 4786 778 4856 quibus
799 4786 996 4841 dicitur
1018 4804 1033 4840 :
1063 4784 1313 4840 Nondum
1335 4788 1544 4855 impleta
1566 4798 1687 4838 sunt

115 4885 302 4938 peccata
333 4877 754 4932 Amorrlueorum
787 4876 943 4949 (Gen.
974 4894 1066 4944 xv,
1099 4878 1209 4945 16).
1239 4864 1374 4932 Hinc
1403 4877 1528 4931 item
1559 4877 1688 4930 bea-

123 4970 198 5016 tus
235 4964 428 5024 Paulus
455 4969 734 5038 apostolus
777 4970 907 5024 dicit
933 4987 950 5022 ελ
982 4968 1050 5023 Ut
1075 4967 1324 5038 impleant
1352 4975 1562 5037 peccata
1591 4983 1685 5020 sua

117 5051 165 5122 (ι
190 5053 356 5113 Thess.
382 5075 443 5122 ιι,
474 5059 583 5129 16).
611 5058 752 5128 Ergo
779 5061 846 5114 ad
875 5060 1093 5114 dommn
1125 5061 1444 5120 ascenluut,
1466 5057 1683 5126 quando

121 5147 336 5211 proiectu
392 5150 526 5204 mali“
569 5155 635 5204 ad
685 5166 848 5220 Opera
896 5151 1159 5220 nequiora
1215 5149 1532 5218 proﬁciunt,
1583 5165 1681 5221 pro

119 5235 291 5301 quibus
315 5249 519 5294 mterna
549 5248 814 5294 tormenta
853 5239 1218 5294 sustinebunt.

179 5324 254 5380 42.
289 5329 507 5384 Samuel
552 5340 730 5384 autem
771 5331 824 5385 in
878 5331 1141 5386 Ramatba
1180 5331 1330 5385 abire
1375 5331 1590 5386 dicitur.
1637 5333 1680 5386 Α

123 5421 340 5479 ι’θιιιτιιιὶδ
357 5421 558 5489 quippe
579 5419 732 5475 (Ιίνίκί
759 5421 1019 5478 doctores
1035 5440 1140 5476 non
1171 5433 1318 5486 cunt,
1342 5425 1434 5480 Sed
1461 5425 1681 5480 abeunt.

126 5497 308 5562 Vadunt
348 5510 550 5580 quippe
570 5548 587 5574 ,
617 5511 834 5578 quando
863 5511 1213 5581 corrigendos
1241 5513 1528 5578 deserunt,
1558 5517 1684 5584 quia

126 5605 240 5659 quos
265 5599 410 5655 velut
453 5600 578 5656 irati
605 5601 910 5671 dimittunt,
958 5603 1027 5657 ab
1054 5603 1134 5659 eis
1159 5603 1502 5674 postmodum
1540 5605 1684 5663 bona

189 5768 209 5791 “
237 5759 417 5821 Gilvt”
441 5779 542 5834 qua
574 5762 848 5817 deuinctus
877 5772 970 5816 est.

1790 4524 1937 4578 luctu
1967 4523 2186 4584 tolerat,
2212 4539 2330 4590 qum
2355 4524 2601 4585 moritur,
2629 4520 2723 4574 aed
2752 4521 3073 4574 inlirmatur.
3106 4519 3245 4585 Quid
3273 4529 3380 4585 est,

1793 4612 1937 4682 quod
1969 4611 2098 4664 dicit
2123 4628 2135 4663 :
2169 4609 2442 4680 Usquequo
2463 4617 2516 4661 tu
2538 4609 2682 4679 luges
2710 4607 2880 4662 Saul?
2898 4607 3009 4661 Nisi
3037 4607 3162 4676 quia
3186 4607 3382 4676 perditi

1792 4706 1950 4759 nimis
1977 4702 2198 4772 lugendi
2227 4717 2334 4755 non
2364 4702 2528 4754 sunt?
2554 4699 2687 4753 Nam
2715 4712 2859 4767 saepe
2883 4697 3076 4752 doctor
3102 4696 3170 4751 de
3199 4697 3380 4764 perdi-

1793 4795 1940 4848 tione
1985 4792 2184 4848 subditi
2233 4791 2585 4846 vehementer
2633 4787 2926 4853 afﬂigitur,
2975 4786 3070 4841 sed
3129 4797 3380 4856 respectu

1789 4898 2012 4939 summa:
2048 4881 2271 4950 justitim
2296 4880 2627 4934 consolatur.
2662 4876 2936 4945 [loc-ergo
2973 4876 3156 4932 dicere
3183 4876 3279 4931 Dei
3310 4879 3376 4931 ad

1790 4976 2109 5044 prophetam
2137 4974 2265 5042 quid
2292 4981 2411 5036 est,
2468 4971 2567 5025 nisi
2609 4969 2975 5040 pra‘dicaturis
3017 4979 3253 5023 mentem
3286 4985 3383 5040 per

1791 5068 2064 5121 internum
2110 5066 2364 5121 solatium
2413 5065 2480 5118 ab
2507 5062 2802 5117 atilictione
2828 5061 3110 5116 relevare?
3164 5060 3228 5115 Et
3253 5064 3377 5130 quia

1789 5157 1955 5225 lapsis
2019 5157 2256 5227 prtc'latis
2303 5154 2460 5209 electi
2516 5169 2614 5223 per
2665 5150 2900 5206 divinam
2953 5150 3377 5206 misericordiam

1786 5248 2168 5314 subrogantur,
2199 5247 2526 5313 subjungens
2556 5241 2836 5303 Dominus,
2870 5240 2944 5293 ait
2973 5256 2987 5292 :

1861 5337 2042 5406 (Vers.
2073 5336 2153 5405 1.)
2184 5335 2352 5404 Imple
2376 5349 2535 5387 cornu
2575 5341 2716 5384 tuum
2744 5330 2877 5392 eleb,
2910 5338 2960 5382 et
2996 5332 3147 5382 veni:
3177 5331 3379 5381 mittam

1787 5437 1837 5482 te
1879 5428 1948 5481 ad
1984 5427 2092 5482 Isai
2124 5427 2560 5482 Bethlehemitem.
2609 5422 2820 5477 Providi
2853 5421 2990 5475 enim
3026 5419 3082 5474 in
3107 5420 3235 5491 ﬁliis
3261 5421 3380 5491 ejus

1789 5521 1916 5574 mihi
1946 5538 2132 5589 regem.

1862 5610 1899 5664 2
1944 5611 2106 5679 Quasi
2137 5610 2280 5668 enim
2320 5609 2592 5681 lugentem
2618 5607 2931 5673 consolans,
2963 5607 3039 5663 ait
3065 5624 3079 5662 :
3107 5609 3216 5663 Cur
3247 5621 3370 5679 pro-
