3948 6292
624 311 728 367 H7

1817 299 2060 360 sane"
2098 296 2426 354 muccosa
2467 297 2683 351 most
3815 300 3898 352 με

621 427 744 496 ircti
766 439 994 494 persona
1018 423 1299 490 plangitur,
1324 433 1444 475 cum
1467 417 1654 473 melior
1674 415 2026 484 subrogatur?
2051 411 2199 466 Umle
2229 411 2274 469 Α
2304 407 2410 473 uis,
2447 408 2661 478 quando
2703 414 2757 462 et
2784 407 3025 466 sublimis
3057 408 3278 478 gradus
3308 406 3667 474 ascenditur,
3703 409 3789 460 sed
3825 416 3897 478 qui

619 529 676 572 et
703 517 830 571 Saul
860 531 966 570 non
998 513 1264 582 provisus,
1299 509 1461 563 David
1483 518 1660 563 autem
1684 507 1928 577 provisus
1957 503 2198 558 ostendi-

621 618 727 661 tur.
751 606 994 672 Quantus
1021 616 1169 669 ergo,
1203 611 1257 654 et
1293 599 1467 669 qualis
1495 597 1672 660 fuerit,
1702 597 1863 652 citata
1886 593 2200 650 considera-

620 698 767 750 tione
797 701 1071 762 pcnsetur,
1100 691 1189 759 qui
1216 689 1420 758 judicio
1446 697 1503 750 et
1530 688 1794 744 electione
1822 685 1915 740 Dei
1946 684 2199 751 omnipo-

619 787 780 841 tentis
799 784 1122 840 decernitur.
1147 781 1282 848 Quid
1299 789 1383 835 est
1403 788 1584 834 autem
1604 777 1748 847 quod
1772 777 1910 830 Deus
1933 773 2198 844 providet,

617 885 672 931 et
701 875 960 945 propheta
986 873 1052 947 ad
1093 872 1396 940 ungendum
1423 871 1686 930 mittitur;
1722 867 1821 922 nisi
1849 867 1972 936 quia
2001 873 2196 918 sancta:

619 967 872 1023 Ecclesia:
911 964 1217 1034 spirituales
1263 978 1441 1016 mores
1484 961 1878 1022 describuntur,
1911 973 2029 1026 qua:
2065 970 2196 1009 con-

617 1061 841 1114 stituere
872 1058 1012 1122 nulla
1035 1055 1289 1118 cernitur,
1315 1055 1413 1111 nisi
1435 1069 1553 1123 qua:
1582 1053 1889 1120 prmeligere
1916 1058 1969 1102 et
1998 1062 2197 1116 prator-

616 1153 803 1206 dinare
830 1151 995 1212 Deum
1035 1146 1468 1215 contemplatur?
1510 1143 1650 1203 Veni,
1686 1143 1889 1212 inquit,
1920 1140 2118 1193 mittam
2150 1146 2198 1190 te

617 1240 687 1294 ad
712 1239 822 1293 Isui
852 1237 1282 1297 Bethleltemitem.
1323 1232 1535 1295 Providi
1565 1233 1699 1288 enim
1729 1232 1783 1284 in
1812 1230 1936 1283 ﬁtiis
1975 1229 2085 1298 ejus
2115 1243 2199 1280 re-

618 1348 748 1401 gem.
783 1330 943 1396 Quasi
973 1329 1154 1382 dicat:
1185 1328 1229 1380 A
1261 1335 1313 1380 te
1358 1325 1488 1379 nihil
1527 1339 1852 1394 pnesutnas,
1897 1319 1991 1375 sed
2022 1320 2196 1382 illum,

619 1436 778 1490 quem
803 1419 1039 1489 pncvidi,
1067 1416 1363 1472 ordinando
1390 1413 1751 1482 subsequeris.
1784 1411 1937 1466 Unde
1963 1418 2016 1464 et
2045 1409 2204 1478 paulo

620 1522 740 1583 post
763 1512 962 1576 subdit,
993 1511 1177 1564 dicens
1202 1526 1215 1560 :
1249 1507 1316 1561 Et
1346 1523 1504 1578 nnges
1533 1522 1680 1576 quem
1709 1513 2057 1557 monstrarem
2089 1498 2201 1555 tibi.

620 1603 665 1668 Q
688 1603 753 1655 tit
777 1611 862 1656 est
892 1602 1014 1662 hoc,
1047 1600 1147 1654 nisi
1175 1598 1299 1667 quia
1330 1597 1607 1666 propheta:
1633 1609 1753 1648 esse
1780 1592 1998 1652 debent,
2029 1589 2118 1658 qui
2147 1588 2200 1641 in

619 1692 855 1746 eulmiue
897 1689 1149 1744 Ecclesia:
1178 1688 1312 1741 alios
1355 1687 1540 1742 volunt
1577 1683 1866 1738 ordinare?
1911 1679 2200 1732 Ptazvisum

619 1797 853 1850 namque
881 1797 910 1835 a
952 1785 1064 1834 Deo
1093 1791 1420 1846 cognoscere
1448 1784 1700 1846 possunt,
1742 1773 1786 1826 si
1813 1770 1880 1824 ad
1923 1770 2201 1823 invenien-

619 1873 745 1926 dum
777 1886 1060 1941 personam
1109 1867 1338 1936 eligendi
1386 1865 1649 1934 poutilieis
1693 1877 1872 1916 sacras
1917 1859 2202 1914 consulunt

620 1963 939 2032 Seripturas.
966 1962 1126 2029 Quasi
1151 1963 1292 2026 enim
1317 1962 1567 2032 loquente
1595 1960 1705 2016 Deo
1734 1957 2052 2020 ostenditur,
2077 1971 2200 2009 cum

621 2055 742 2111 talis
796 2054 984 2110 Pastor
1033 2056 1268 2123 eligitur,
1311 2056 1486 2128 qualis
1531 2069 1626 2124 per
1671 2067 1882 2107 sacrum
1929 2049 2199 2117 eloquium

622 2145 1046 2202 commendatur.
1096 2145 1176 2200 Ad
1226 2146 1457 2208 litteram
1487 2159 1616 2198 vero
1658 2141 1894 2206 Samueli
1944 2138 2125 2192 venire
2168 2152 2201 2191 a

623 2236 848 2290 Domino
876 2237 1094 2304 dicitur,
1143 2247 1200 2290 ut
1246 2251 1277 2288 a
1309 2234 1524 2304 reprobi
1570 2241 1626 2293 et
1661 2230 1854 2298 abjecti
1885 2231 2024 2298 regis
2050 2245 2203 2294 cont-

625 2325 874 2393 passionc
901 2335 1201 2379 revocetur.
1234 2323 1290 2377 Si
1319 2339 1445 2378 vero
1475 2323 1620 2381 luctu
1649 2321 1862 2378 assiduo
1887 2318 2018 2388 lapsi
2049 2317 2203 2374 resti-

624 2415 886 2467 tutionem
918 2413 1208 2482 poscebat,
1253 2413 1302 2465 ei
1334 2411 1518 2465 venire
1548 2409 1675 2474 fuit,
1724 2425 1753 2461 a
1785 2409 1877 2462 tali
1908 2405 2206 2462 intentione.

622 2502 922 2572 quiescere.
954 2501 1018 2554 Et
1049 2517 1214 2556 cornu
1244 2515 1396 2559 suum
1427 2500 1548 2558 oleo
1571 2498 1838 2567 implevit,
1868 2496 1992 2566 quia
2025 2502 2210 2563 pasto-

624 2593 788 2646 ralem
819 2594 1198 2647 sublimitatetn
1252 2594 1303 2647 in
1349 2591 1597 2660 uugendo
1643 2605 1769 2658 rege
1817 2590 1986 2645 laudis
2030 2591 2141 2643 uito
2172 2604 2204 2644 θ

624 2685 960 2752 temperavit.
991 2683 1098 2738 Cor
1122 2701 1169 2739 .u
1199 2686 1395 2754 quippe
1423 2699 1613 2752 aSpero
1641 2682 1766 2738 Saul
1801 2683 2048 2750 impetiit,
2081 2681 2204 2749 quia

627 2787 938 2840 peccantem
971 2778 1114 2831 velut
1159 2791 1354 2844 magno
1381 2778 1581 2846 impetu
1630 2776 1948 2846 prostravit,
1979 2774 2160 2836 dicens
2188 2790 2200 2825 :

623 2866 758 2932 Quia
774 2870 1038 2938 projecisti
1065 2885 1348 2923 sermonem
1369 2869 1597 2935 Domini,
1613 2869 1828 2939 projecit
1852 2877 1901 2921 te
1929 2866 2205 2934 Dominus,

622 2976 683 3014 ne
703 2960 774 3013 sis
804 2977 894 3013 rex
924 2958 975 3028 (Ι
1005 2958 1133 3030 Reg.
1156 2976 1243 3020 xv,
1277 2958 1390 3028 εδ).
1423 2958 1561 3027 Quid
1587 2966 1672 3013 est
1698 2972 1852 3027 ergo,
1871 2957 2014 3025 quod
2036 2971 2207 3023 cornu

622 3051 832 3122 impleri
863 3053 984 3105 oleo
1022 3052 1347 3121 praecipitur.
1383 3052 1484 3107 nisi
1521 3051 1643 3120 quia
1677 3051 1909 3118 ungendi
1951 3049 2090 3117 regis
2116 3047 2202 3117 ju-

621 3141 766 3205 stitia
807 3143 1248 3196 commendatur?
1295 3143 1458 3208 Quasi
1504 3141 1649 3206 dicat
1680 3157 1694 3193 :
1725 3140 1872 3204 Rex,
1922 3141 2015 3208 qui
2045 3137 2204 3191 modo

2305 499 2370 552 ad
2420 498 2525 552 alta
2579 498 2894 564 sustollitur,
2947 501 3282 555 meritorum
3355 497 3619 554 ubertate
3665 498 3890 564 repletur.

2305 589 2484 644 Cornu
2512 605 2640 657 ergo
2670 590 2828 659 pleno
2857 592 3180 647 sacerdotes
3213 598 3538 657 unguntur,
3569 588 3660 656 qui
3686 590 3748 650 ad
3774 607 3892 647 sum-

2305 695 2452 732 mum
2472 681 2693 747 gradum
2724 682 3044 750 perveniunt
3071 697 3206 736 cum
3235 678 3596 750 plenitudine
3615 680 3890 744 gratiarum.

2302 769 2437 836 Quia
2469 787 2596 824 vero
2619 772 2742 826 oleo
2767 772 2901 839 ignis
2920 772 3267 833 accenditur,
3297 769 3494 829 oleum
3518 770 3749 824 doctoris
3767 789 3890 828 atuor

2301 869 2383 914 est
2433 861 2630 916 cordis.
2693 863 2750 916 In
2789 879 2894 929 quo
2935 863 3070 930 ignis
3108 863 3496 925 accenditur,
3538 862 3662 930 quia
3701 863 3749 915 in
3791 867 3888 932 pin.

2300 951 2528 1019 goediae
2564 953 2672 1006 oris
2712 953 2880 1008 virtus
2924 963 2978 1007 et
3008 955 3186 1023 gratia
3234 952 3406 1014 ardet
3454 952 3689 1020 Spiritus
3727 961 3882 1012 sancti.

2303 1042 2436 1109 Quia
2462 1057 2591 1111 ergo
2620 1043 2995 1112 pirguedinetn
3027 1058 3246 1112 magna:
3277 1043 3578 1108 eliaritatis
3603 1044 3790 1098 habere
3812 1047 3883 1101 do-

2302 1139 2419 1185 ctor
2447 1130 2637 1196 debet,
2690 1149 2815 1200 res,
2862 1135 2952 1202 qui
2995 1136 3116 1202 ungi
3165 1133 3528 1203 praecipitur,
3575 1134 3726 1202 plet-0
3750 1151 3889 1192 conm

2303 1222 2428 1290 ungi
2459 1222 2787 1289 perhbetur.
2823 1224 3020 1280 Dicitur
3063 1225 3239 1280 etiam
3290 1223 3590 1293 plenitudo
3631 1240 3786 1280 cornu
3811 1242 3881 1294 prc

2304 1314 2704 1382 perseverantia
2752 1315 3082 1381 gratiarum;
3136 1330 3277 1374 nam
3311 1314 3410 1382 qui
3444 1322 3576 1369 ante
3604 1312 3754 1370 linem
3779 1316 3880 1368 deft-

2305 1405 2476 1471 ciunt,
2510 1411 2631 1473 ungi
2663 1421 2829 1466 cornu
2873 1407 3214 1474 plenitudine
3249 1423 3368 1460 non
3401 1414 3702 1464 merentur.
3731 1409 3882 1463 Adhuc

2304 1510 2520 1563 quoque
2560 1495 2839 1548 dicendum
2871 1497 2939 1549 de
2974 1512 3143 1550 cornu
3194 1495 3374 1564 hujus
3429 1495 3756 1564 plenitudine
3790 1509 3880 1562 est;

2303 1583 2428 1658 quia
2452 1583 2648 1640 idcirco
2674 1585 2995 1653 nrreipitur,
3023 1587 3150 1654 quia
3177 1600 3389 1654 magna
3417 1588 3671 1642 unctione
3694 1588 3880 1655 indiget,

2306 1674 2396 1740 qui
2425 1672 2492 1728 de
2519 1690 2612 1734 sua
2645 1675 2975 1742 plenitudine
3021 1676 3245 1745 replere
3278 1675 3427 1730 alios
3467 1676 3647 1728 debet.
3684 1675 3756 1730 Un
3777 1678 3814 1728 lo
3839 1689 3878 1729 et

2307 1763 2518 1834 Moyses
2566 1773 2674 1818 tam
2703 1764 2890 1834 plenus
2918 1766 3194 1827 exstitisse
3245 1765 3474 1828 dicitur,
3530 1775 3588 1820 ut
3623 1767 3686 1820 de
3720 1768 3876 1836 ερίιίιυ

2308 1854 2424 1923 ejus
2455 1853 2712 1912 Dominus
2740 1855 2922 1918 tulisse
2949 1863 3003 1908 et
3029 1856 3146 1912 aliis
3178 1855 3413 1913 dedisse
3439 1855 3696 1912 doceatur
3720 1855 3872 1925 (Nam.

2307 1945 2408 2014 st).
2451 1942 2546 1997 Vel
2576 1960 2742 1998 cornu
2773 1945 3048 2013 propltetm
3093 1946 3384 2013 impletur,
3437 1962 3561 1999 cum
3595 1949 3871 2014 pontitiealis

2307 2033 2604 2087 sublimitas
2622 2035 2686 2086 ad
2705 2033 2869 2104 perfer
2888 2035 3021 2088 tiora
3039 2035 3290 2088 docenda
3317 2045 3670 2103 prxttaratur.
3685 2036 3727 2101 Q
3746 2039 3870 2089 tando

2307 2124 2449 2178 enim
2480 2122 2535 2176 Ει
2557 2124 2733 2180 cles‘a:
2761 2125 3025 2194 principes
3071 2125 3432 2189 ordinantur,
3462 2125 3567 2190 eis,
3596 2140 3704 2194 qua;
3739 2140 3868 2194 agere

2307 2212 2570 2278 debeant,
2618 2216 2909 2282 semiplena
2962 2214 3314 2284 paelicattda
3367 2231 3482 2269 non
3533 2227 3672 2270 sunt.
3718 2217 3875 2269 Certa:

2307 2317 2436 2371 ergo
2463 2303 2741 2373 pou'il‘tees
2780 2304 3037 2373 implent,
3073 2305 3302 2373 quando
3353 2303 3545 2374 plenas
3587 2315 3732 2374 atque
3767 2322 3795 2376 p
3824 2323 3865 2359 r-

2308 2390 2474 2446 feetas
2500 2394 2724 2456 virtutes
2765 2393 3060 2462 proferunt,
3090 2409 3233 2463 quas
3278 2395 3445 2462 electi
3477 2393 3716 2448 Ecclesia:
3741 2397 3858 2464 prin-

2309 2483 2456 2557 cipes
2501 2484 2787 2550 imitentur.
2819 2483 2955 2552 Quia
2999 2500 3128 2548 vero
3176 2485 3288 2554 ipsi
3307 2527 3335 2554 ,p
3373 2486 3470 2554 qui
3510 2494 3724 2553 ungunt,
3766 2500 3864 2539 es-c

2310 2575 2576 2645 spirita'es
2617 2577 2849 2639 debent,
2901 2592 3070 2632 cornu
3111 2576 3387 2644 iubentur
3430 2577 3664 2646 implere.
3713 2576 3857 2629 Cornu

2310 2668 2530 2736 quidem
2558 2667 2625 2722 de
2654 2683 2814 2721 carne
2844 2676 2955 2735 est,
2987 2669 3078 2727 sed
3109 2669 3362 2730 clausum
3404 2668 3458 2722 in
3483 2683 3638 2722 carne
3663 2683 3752 2722 non
3774 2675 3859 2721 est.

2309 2758 2488 2813 Cornu
2512 2773 2640 2826 ergo
2670 2759 2960 2828 spirituaLs
2981 2761 3333 2822 conversatio
3355 2759 3588 2814 doctoris
3607 2769 3696 2812 est.
3709 2759 3852 2818 Cornu

2312 2864 2443 2904 vero
2471 2849 2648 2913 oleum
2678 2848 2918 2914 eﬂuudit,
2951 2849 3192 2912 eumJlle
3224 2850 3340 2902 alta
3372 2864 3433 2916 pr
3446 2848 3642 2910 cdieat,
3664 2847 3744 2916 qui
3763 2847 3851 2900 hac

2312 2940 2420 3008 alta
2450 2940 2862 2994 conversatione
2890 2939 3248 3001 demonstrat.
3282 2938 3466 2995 Cornu
3497 2951 3618 3005 ergo
3642 2938 3744 2990 oleo
3769 2936 3849 2988 im-

2313 3029 2481 3098 plere,
2505 3038 2588 3082 est
2617 3028 3050 3097 prmdieationem
3081 3042 3408 3096 magnarum
3438 3028 3676 3081 virtutum
3703 3026 3746 3078 in
3767 3025 3850 3077 alta

2313 3119 2720 3176 conversatione
2740 3119 3032 3189 sunipere.
3056 3118 3119 3173 Et
3143 3120 3197 3174 in
3221 3120 3406 3189 capite
3429 3116 3658 3182 effundit,
3675 3118 3851 3186 quando

625 3232 859 3297 ungitur,
892 3247 996 3284 non
1028 3233 1132 3285 erit
1175 3207 1541 3300 increpatione
1587 3229 1884 3292 feriendus,
1937 3227 2029 3282 sed
2061 3228 2207 3280 mira:
2236 3249 2279 3308 ρ
2316 3211 2368 3274 ill
2399 3223 2580 3266 meme
2614 3211 2764 3308 -Ῐηίιὶε
2795 3211 3082 3282 imprimi“
3121 3212 3218 3280 «ιιιὶ
3267 3211 3336 3266 ad
3367 3225 3624 3272 summum
3652 3207 3847 3308 “di-“9'”

625 3319 796 3373 laudis
831 3319 1015 3372 favore
1040 3319 1439 3384 prmdieandus,
1473 3333 1581 3372 non
1610 3328 1734 3386 eget
1760 3317 1965 3386 impeti,
2013 3317 2106 3369 sed
2130 3316 2212 3367 la-

625 3407 762 3460 veri.
796 3406 874 3459 Ad
908 3407 1004 3460 lsai
1037 3406 1480 3468 Betltleltemitem
1510 3405 1758 3472 mittitur,
1781 3413 1840 3459 ut
1861 3420 1975 3466 rex,
1998 3403 2088 3479 qui
2117 3403 2215 3456 eli-

625 3497 788 3562 gitur,
840 3511 1218 3570 permansurus
1263 3510 1384 3551 esse
1412 3494 1594 3566 375
1633 3492 1941 3549 doceretur.
1989 3491 2090 3546 Per
2119 3507 2217 3561 pa-

630 3588 920 3642 triarrltant
967 3589 1164 3658 quippe
1193 3587 1360 3642 Jaeob
1407 3592 1569 3655 longe
1613 3595 1739 3640 ante
1781 3585 1931 3653 regni
1977 3581 2211 3638 mansuri

627 3689 800 3735 status
829 3689 1076 3735 ostensus
1106 3688 1206 3743 est,
1226 3680 1349 3750 quia
1379 3678 1544 3733 dixit:
1572 3677 1695 3733 Non
1723 3679 1924 3749 deﬁciet
1957 3685 2207 3748 sceptrum

628 3772 691 3834 de
717 3771 874 3833 Iuda.
907 3781 957 3825 et
985 3771 1090 3826 dux
1119 3772 1181 3824 de
1210 3770 1490 3840 [emarilms
1528 3770 1663 3840 ejus,
1704 3769 1864 3822 donec
1905 3769 2093 3830 veniat,
2123 3767 2210 3837 qui

627 3864 906 3926 mittendus
944 3873 1021 3917 est
1062 3861 1214 3926 (Gen.
1247 3880 1398 3930 κως,
1434 3863 1544 3933 ιθ).
1573 3863 1629 3918 In
1661 3864 1780 3918 li'iis
1808 3876 1936 3931 ergo
1980 3862 2081 3915 lsai
2109 3877 2202 3916 rex

629 3955 883 4023 prmvisus
907 3956 1181 4017 asseritur,
1222 3964 1276 4009 ιιι
1309 3971 1432 4018 rex,
1463 3956 1555 4024 qui
1587 3955 1710 4022 ungi
1739 3955 2063 4026 prmcipitur,
2098 3970 2204 4008 non

630 4053 689 4098 ut
733 4045 863 4099 Saul
909 4060 1254 4108 recessurus,
1297 4044 1392 4100 sed
1438 4044 1695 4100 durabilis
1739 4044 2014 4103 doceatur.
2047 4044 2209 4110 Quasi

631 4137 948 4206 prophetam
977 4137 1029 4190 in
1058 4137 1252 4202 abiecti
1282 4137 1526 4206 angustia
1557 4137 1852 4191 tabescento
1873 4152 1924 4190 m
1971 4138 2206 4200 excitet,

632 4227 855 4280 dicens:
887 4224 997 4278 Cur
1025 4226 1265 4294 abjectus
1294 4241 1393 4297 pro
1419 4225 1576 4296 culpa
1618 4225 1908 4296 plangitur,
1947 4241 2068 4280 cutn
2099 4227 2213 4280 latt-

633 4315 837 4377 dandus
863 4315 1221 4382 subrogetur?

704 4404 760 4459 5.
800 4402 926 4458 ll.cc
971 4413 1153 4458 autem
1197 4405 1263 4460 ad
1309 4407 1541 4463 litteram
1573 4406 1882 4475 tetigimus;
1934 4420 2077 4462 nunc
2120 4405 2219 4459 sub

635 4492 829 4549 littera:
857 4495 1167 4551 narratione
1189 4497 1530 4567 praelatorutn
1561 4508 1868 4553 nostrorum
1897 4497 2214 4552 electionem

2312 3314 2482 3355 novus
2507 3301 2674 3364 venit.
2706 3299 2930 3366 Quando
2957 3315 3085 3370 ergo
3115 3302 3280 3358 electi
3312 3307 3696 3371 promoventur,
3721 3296 3848 3364 pleno

2313 3405 2482 3444 cornu
2511 3399 2802 3459 unguntur,
2835 3392 2955 3459 quia
2999 3391 3066 3444 ad
3111 3391 3456 3446 altitudinem
3495 3388 3680 3446 ordinis
3718 3385 3848 3455 proli-

2313 3480 2463 3535 ciuut
2491 3481 2688 3534 virtute
2719 3480 3083 3550 perfectionis.

2387 3569 2438 3622 ι.
2467 3569 2568 3624 Sed
2599 3572 2857 3640 propheta
2887 3570 2953 3624 ad
3001 3570 3102 3626 lsai
3152 3569 3594 3626 Bethlehemitem
3638 3565 3845 3621 mittitur,

2316 3674 2410 3713 rex
2434 3660 2483 3714 in
2513 3660 2630 3727 ejus
2662 3658 2780 3714 ﬁliis
2823 3662 3153 3729 providetur,
3181 3665 3313 3731 quia
3345 3662 3433 3720 ille
3462 3668 3633 3730 pastor
3653 3656 3740 3722 elig
3761 3664 3848 3714 tur,

2315 3752 2407 3820 qui
2435 3752 2799 3807 ecclesiastica
2851 3753 3109 3822 religione
3150 3754 3399 3806 eruditus
3440 3762 3537 3805 est.
3579 3747 3844 3801 Betltlehem

2314 3841 2496 3911 igitur,
2528 3857 2646 3910 qua:
2673 3842 2863 3909 domus
2895 3844 3047 3911 panis
3091 3843 3309 3908 dicitur,
3353 3843 3478 3912 quid
3530 3839 3690 3900 aliut,
3716 3849 3843 3902 qurun

2319 3948 2753 4002 unamquamque
2801 3933 3045 4002 designat
3107 3935 3329 3991 domum
3381 3930 3678 3999 religionis?
3720 3925 3846 3977 Panis

2317 4043 2548 4096 namque
2606 4029 2826 4082 nomine
2876 4029 3122 4092 doctrina
3179 4026 3526 4097 per-lectionis
3571 4021 3842 4078 ostenditur,

2317 4119 2484 4174 Paulo
2531 4129 2838 4186 attestante,
2867 4121 2957 4188 qui
2988 4121 3053 4174 ad
3083 4120 3492 4175 conversionem
3521 4115 3704 4169 debiles
3726 4110 3845 4163 exci-

2318 4222 2456 4272 tans,
2482 4212 2548 4263 ai!
2585 4229 2596 4262 :
2633 4210 2737 4263 Lac
2766 4211 2902 4265 vobis
2929 4222 3104 4281 potum
3133 4211 3274 4272 dedi,
3306 4227 3407 4264 non
3435 4221 3615 4261 escam.
3639 4199 3844 4254 Nondum

2318 4303 2452 4356 enim
2494 4303 2763 4370 poreratis,
2819 4302 2908 4356 sed
2955 4304 3168 4355 necdum
3215 4296 3511 4370 po'estisU
3540 4293 3649 4348 Cor.
3682 4306 3746 4349 tu,
3774 4287 3840 4338 ἓξ.

2319 4395 2483 4463 376
2509 4392 2564 4444 Si
2596 4393 2736 4444 enim
2773 4394 2850 4444 lac
2885 4393 3227 4460 parvulorum
3254 4401 3356 4453 est,
3388 4387 3532 4456 panis
3556 4400 3652 4436 nou
3674 4388 3743 4432 est
3767 4377 3842 4427 ψῃ

2322 4485 2704 4553 perfecturum.
2739 4481 2886 4537 Unde
2911 4492 2967 4540 et
3003 4483 3069 4536 de
3098 4483 3318 4553 perfecti
3351 4478 3446 4533 viri
3475 4477 3657 4531 robore
3677 4470 3839 4524 dictum

637 4588 686 4642 vi
708 4588 930 4642 leamus.
960 4587 1096 4654 Quid
1118 4555 1231 4655 est,
1260 4589 1403 4658 quod
1430 4605 1600 4653 cornu
1629 4589 1751 4652 oleo
1781 4589 2004 4657 implere
2033 4588 2215 4656 pri-ci-
2245 4565 2294 4624 Ι)
2318 4584 2402 4631 est
2428 4593 2440 4625 :
2471 4573 2535 4627 In
2565 4576 2778 4631 excelsis
2808 4572 3079 4636 habitabit,
3110 4574 3427 4632 ntunimeum
3454 4575 3682 4658 saxorum
3709 4555 3840 4658 subli-

635 4678 802 4747 pitur,
834 4677 934 4731 ni.-i
959 4678 1084 4744 quia
1108 4679 1229 4733 talis
1255 4680 1307 4744 in
1329 4687 1515 4734 sancta
1542 4677 1780 4734 Ecclesia
1808 4687 1992 4748 pastor
2016 4676 2217 4743 eligen-

635 4770 738 4830 dus
764 4778 864 4830 est.
889 4772 978 4838 qui
1012 4787 1118 4838 non
1148 4772 1298 4840 argui
1325 4772 1471 4826 velut
1495 4781 1858 4838 transgressor
1883 4769 2099 4832 debeat,
2122 4766 2216 4820 sed

637 4861 703 4912 ad
731 4859 1037 4930 exemplqu
1065 4861 1292 4918 aliorum
1334 4861 1483 4917 miris
1530 4861 1776 4918 laudibus
1815 4856 2220 4913 commendari?

638 4950 822 5004 Cornu
854 4965 1082 5019 namque
1111 4951 1275 5006 telum
1316 4950 1627 5006 animalium
1657 4959 1759 5014 est.
1789 4948 2097 5003 Auctoritas
2125 4961 2220 5000 au-

641 5051 752 5101 tem
797 5051 852 5094 et
895 5042 1189 5112 increpatio
1231 5043 1424 5102 summi
1452 5042 1708 5098 antistitis
1736 5042 1862 5110 quid
1891 5049 2018 5102 sunt
2054 5038 2219 5106 aliud,

641 5132 742 5187 nisi
772 5134 913 5198 tela?
938 5135 1119 5200 Cornu
1148 5135 1344 5206 quippe
1373 5133 1586 5201 feriunt,
1610 5133 1822 5203 quando
1849 5132 2222 5204 peccatoribus

644 5237 742 5289 per
762 5222 1178 5293 increpationem
1200 5227 1444 5281 acumina
1466 5224 1880 5294 coniunguntur.
1904 5222 2088 5278 Ferire
2105 5230 2221 5276 ete-

641 5317 752 5368 nim
783 5331 950 5370 cornu
969 5355 985 5383 ,
1015 5325 1098 5378 est
1143 5325 1454 5386 peccatores
1482 5325 1640 5378 acute
1671 5316 2011 5383 redarguere.
2036 5311 2217 5366 Cornu

645 5406 769 5460 oleo
799 5407 1070 5476 impletur.
1107 5408 1322 5477 quando
1367 5406 1730 5478 prasdicatoris
1772 5403 2070 5459 sublimitas
2111 5415 2219 5455 non

647 5493 811 5548 habet
838 5500 1176 5564 asperitatem
1205 5498 1496 5563 minarum,
1546 5495 1642 5552 sed
1687 5495 2044 5550 blandimenta
2073 5491 2222 5546 favo-

647 5599 788 5638 rutn.
814 5585 910 5639 Vel
939 5601 1106 5650 cornu
1135 5587 1257 5642 oleo
1281 5588 1558 5657 impletur,
1581 5587 1794 5655 quando
1818 5587 1992 5642 electo
2019 5582 2219 5654 pastori

649 5674 806 5730 simul
833 5675 994 5732 datur
1020 5686 1075 5733 et
1101 5677 1416 5734 sublimatus
1440 5677 1707 5743 culminis,
1736 5685 1790 5732 et
1819 5676 1986 5732 virtus
2014 5672 2222 5731 unctio-

2321 4670 2477 4722 mitas
2503 4667 2636 4738 ejus,
2665 4667 2814 4736 panis
2848 4667 2893 4719 ei
2922 4666 3074 4719 datus
3097 4674 3170 4719 est
3199 4663 3350 4737 (lsai.
3381 4677 3498 4720 xxv.
3521 4655 3619 4722 l2).
3644 4651 3691 4704 In
3711 4649 3837 4738 donat

2323 4770 2452 4824 ergo
2482 4737 2636 4826 panis
2665 4771 2757 4810 rex
2787 4755 2852 4808 ad
2885 4755 3186 4824 ungendum
3227 4752 3496 4822 qtucritur,
3537 4743 3650 4812 quia
3678 4737 3837 4790 utiliter

2326 4854 2730 4915 promoventur,
2759 4845 2850 4912 qui
2893 4845 2944 4897 in
2977 4839 3225 4914 perféetm
3262 4831 3660 4897 conversatioiuis
3685 4827 3833 4920 ordine

2328 4937 2653 4991 nutriuntur.
2682 4935 2777 4990 Ille
2798 4936 2997 4989 etenim
3028 4933 3203 4989 facere
3235 4933 3397 4986 fortes
3423 4929 3546 4982 alios
3573 4928 3740 4992 potest.
3763 4926 3830 4982 lli“

2326 5029 2549 5096 remisa
2579 5038 2633 5082 et
2662 5028 2946 5096 negligenti
2971 5025 3377 5080 conversatione
3403 5019 3612 5073 nutritus
3637 5021 3727 5062 non
3748 5009 3825 5096 est.

2323 5093 2380 5178 in
2407 5123 2569 5175 domo
2600 5091 2759 5189 igitur
2787 5091 3043 5188 qua-ritur
3070 5119 3251 5186 panis,
3296 5114 3414 5185 quia
3447 5111 3494 5162 i"
3524 5091 3826 5189 Nomm?"

2324 5212 2595 5276 antistite,
2636 5211 2980 5281 querendum
3025 5219 3111 5263 est
3153 5209 3316 5262 robur
3353 5181 3825 5287 ('OIthr.sa'lntit:s.‘llt3

2327 5303 2744 5372 congregatione
2770 5303 2985 5372 quidem
3015 5301 3178 5355 debili
3204 5301 3314 5355 fere
3341 5303 3588 5361 nunquam
3615 5281 3821 5379 acciti-4“"

2325 5409 2554 5468 persona
2582 5394 2815 5448 virtutis.
2845 5391 2996 5448 Unde
3023 5393 3164 5448 bene
3200 5392 3253 5447 in
3295 5388 3393 5444 lsai
3441 5380 3553 5436 ﬁliis
3591 5372 3814 5468 quitrilllfv

2326 5460 2417 5555 qui
2438 5486 2580 5542 salus
2605 5487 2835 5552 Domini,
2854 5494 2945 5542 aut
2969 5495 3120 5542 certe
3136 5485 3280 5539 salus
3305 5477 3528 5536 absolute
3542 5460 3812 5561 nominatur:

2328 5544 2484 5633 éalus
2510 5576 2724 5646 quidem
2753 5544 2900 5632 recte
2916 5576 3165 5646 prmlatus
3193 5573 3402 5629 dicitur.
3432 5558 3554 5632 Qu“
3579 5550 3698 5646 “"1"?
3721 5544 3814 5646 si"?

2330 5677 2549 5739 Pcccata
2580 5678 2631 5726 ct
2674 5670 2799 5726 vitia
2818 5710 2834 5738 .
2877 5669 2976 5724 nisi
3007 5673 3291 5738 tanguores
3318 5645 3619 5718 animarum?
3643 5637 3808 5696 Eleans
