3948 6282
636 285 689 341 ιε
696 284 734 336 L'l

636 435 780 478 trare
823 427 907 474 est

632 512 767 564 Dum
798 525 926 577 ergo
973 508 1070 578 ipsi
1099 507 1198 561 sibi
1231 513 1534 559 monstrant
1559 518 1697 570 quos
1739 510 1979 569 ungant,
2018 502 2215 555 habere

630 598 799 651 Deum
829 602 1234 665 cooperatorem
1274 594 1480 647 nolunt.
1516 590 1665 645 Unde
1691 600 1749 645 et
1778 607 1872 659 per
1901 590 2215 660 pr0plietam

628 689 825 741 Oseam
853 688 921 740 de
963 686 1155 739 ta'ibus
1197 684 1352 738 electi
1413 683 1669 736 Dominus
1696 680 1957 751 queritur,
1988 680 2170 732 dicens
2199 696 2212 731 :

632 778 659 831 l
666 781 744 847 psi
774 788 1136 847 regnaverunt,
1168 792 1268 830 non
1297 791 1363 829 ea:
1388 790 1490 835 me;
1523 773 1783 843 principes
1808 772 2136 833 exstiterunt,
2166 777 2217 821 et

627 886 726 940 ego
747 869 985 938 ignoravi
1018 865 1191 938 (Osee.
1222 883 1332 929 vm,
1360 866 1437 935 5).
1466 866 1666 919 Dicitur
1687 879 1814 930 ergo
1840 864 2047 927 electis,
2073 860 2219 929 quod

633 961 817 1013 audire
845 975 951 1013 non
980 966 1204 1027 possunt
1227 958 1439 1026 reprobi
1466 974 1478 1007 :
1504 955 1677 1025 Unges
1700 971 1845 1021 quem
1872 962 2221 1006 ntonstravero

634 1053 725 1104 tibi
753 1067 771 1103 .'
804 1060 861 1105 ut
900 1052 1075 1104 nullus
1119 1057 1524 1118 promoventur,
1568 1047 1669 1100 nisi
1698 1046 1788 1113 qui
1839 1046 2030 1110 dignus
2071 1051 2222 1095 tanto

635 1143 843 1201 ordine.
874 1142 1266 1208 Scripturaruin
1296 1147 1602 1192 sanctarum
1632 1137 1787 1188 laude
1810 1134 2137 1188 decernitur.
2166 1132 2221 1184 lu

630 1234 712 1285 eis
740 1232 954 1299 quidem
985 1229 1245 1282 Dominus
1273 1228 1531 1294 loquitur,
1566 1226 1636 1278 ibi
1680 1225 1854 1293 qualis
1902 1233 1955 1276 et
1990 1230 2223 1291 quantus

628 1336 753 1375 esse
774 1322 967 1374 debeat
997 1321 1251 1387 magister
1279 1317 1556 1381 Ecclesia),
1590 1323 1938 1368 tui-moratur.
1968 1314 2061 1367 Ille
2087 1327 2217 1380 ergo

636 1420 963 1466 monstratus
1008 1426 1035 1462 a
1072 1409 1297 1462 Domino
1343 1408 1467 1475 eligi
1498 1422 1578 1471 ur,
1606 1406 1695 1474 qni
1719 1421 1814 1473 per
1851 1420 2064 1459 sacrum
2104 1404 2219 1457 elo-

630 1504 817 1570 quium
850 1500 1277 1556 commendatur.
1296 1497 1421 1551 Hice
1443 1497 1658 1566 quidem
1684 1495 1806 1549 mali
1833 1503 2068 1549 rectores
2086 1509 2217 1548 cou-

633 1593 1048 1657 tcuim.nt,boni
1074 1592 1293 1645 iaciunt.
1320 1590 1394 1643 De
1437 1590 1700 1642 bonorum
1745 1602 1873 1656 ergo
1915 1584 2219 1639 obedientia

634 1694 781 1737 recte
811 1683 1147 1750 subjungitur
1179 1699 1191 1732 :

707 1776 892 1845 (Vcrs.
925 1776 1002 1841 Α.)
1045 1772 1187 1826 Fecit
1217 1788 1335 1841 ergo
1386 1769 1615 1829 Samuel,
1664 1768 1800 1838 quod
1830 1766 2026 1820 locutus
2059 1774 2131 1817 est
2174 1766 2220 1817 ci

634 1862 907 1918 Dominus.
942 1862 1090 1915 Venit
1117 1862 1167 1913 in
1200 1859 1509 1922 Betltteltem,
1543 1866 1591 1909 et
1634 1855 1877 1908 admirati
1907 1861 2023 1905 sunt
2053 1854 2221 1905 senio-

634 1971 718 2008 res
743 1955 982 2017 civitatis,
1017 1959 1338 2006 occurrentes
1358 1950 1425 2002 ei.

709 2047 760 2098 8.
803 2044 881 2097 Ad
922 2044 1198 2096 hi~toriam
1252 2041 1490 2094 seniores
1532 2038 1889 2100 admirantur,
1934 2036 2056 2106 quia
2100 2035 2224 2088 iluc

635 2139 820 2199 venire
850 2136 1110 2206 propheta
1137 2150 1242 2187 non
1266 2142 1383 2186 erat
1406 2132 1615 2186 solitus.
1640 2131 1757 2196 Quo
1776 2131 1830 2184 in
1854 2130 1972 2184 loco
1999 2128 2065 2183 lo.
2084 2137 2225 2182 tasse

631 2230 878 2296 signatur
908 2245 923 2279 :
954 2227 1082 2293 quia
1125 2226 1283 2277 cltcti
1319 2223 1573 2276 doctores
1602 2222 1691 2274 vix
1728 2219 2017 2287 aliquando
2056 2218 2106 2271 vi
2143 2218 2225 2272 eri

640 2319 690 2371 in
720 2318 931 2388 publico
957 2317 1181 2378 debent,
1214 2329 1332 2368 esse
1362 2313 1669 2381 frequentes
1700 2314 1751 2364 in
1782 2328 1913 2366 St'CP-
1939 2322 1992 2364 to
2012 2353 2028 2378 ,
2058 2325 2222 2377 nego-

642 2412 729 2464 tiis
775 2411 1021 2464 civilibus
1066 2408 1243 2472 vacui,
1292 2406 1655 2475 spiritualibns
1698 2404 1859 2472 pleni.
1909 2403 2223 2456 Miraculum

635 2513 769 2567 ergo
799 2500 859 2553 ﬁt
886 2498 1089 2568 populi,
1122 2498 1172 2550 in
1206 2497 1419 2565 publico
1448 2497 1557 2547 via
1584 2509 1810 2562 personi
1845 2493 2097 2561 pastoris.
2131 2491 2232 2545 Mi-

637 2596 826 2644 rantur
852 2588 995 2657 quod
1022 2597 1201 2651 exeat,
1230 2601 1390 2654 quem
1431 2584 1624 2638 secreti
1661 2583 1923 2637 cultorem
1963 2583 2226 2637 sciebant.

634 2680 738 2748 Qui
768 2682 891 2749 quia
933 2680 984 2732 in
1031 2694 1221 2747 magna
1264 2678 1446 2747 populi
1498 2677 1847 2731 veneratione
1901 2676 2222 2742 sustollitur,

637 2774 883 2829 seniores
912 2774 1143 2827 civ‘tatis
1172 2780 1228 2825 et
1270 2769 1547 2836 admirati,
1577 2781 1633 2823 et.
1678 2769 1728 2823 ei
1759 2769 2058 2823 oceurrisse
2088 2767 2229 2822 refe-

636 2874 846 2920 runtur.
871 2863 1004 2930 Quia
1031 2879 1158 2917 vero
1183 2878 1289 2915 non
1311 2862 1561 2930 populus,
1583 2858 1674 2913 sed
1695 2858 1936 2912 seniores
1956 2857 2230 2911 admiran—

636 2967 742 3019 tur,
777 2958 1010 3027 perfecta
1037 2956 1317 3008 doctorum
1346 2954 1516 3005 virtus
1553 2960 1638 3005 ost
1673 2950 1877 3017 uditur,
1908 2966 2028 3018 qua:
2061 2966 2166 3003 non
2196 2965 2227 3003 a

636 3045 873 3116 parvulis
899 3053 953 3098 et
982 3043 1333 3113 simpliiibus,
1366 3042 1462 3095 sed
1480 3057 1513 3094 a
1537 3042 1743 3107 tiiagtrs
1770 3049 1824 3091 et
1846 3039 2066 3092 eruditis
2091 3054 2227 3107 prm-

636 3142 866 3197 dicnur.
896 3139 940 3205 Q
984 3139 995 3192 i
1044 3140 1209 3193 etiam
1260 3137 1328 3191 de
1378 3135 1604 3205 paciﬁco
1661 3133 1901 3203 ingressu
1952 3133 2225 3201 pr0plietae

637 3233 993 3285 sciscitantur.
1026 3228 1186 3294 Quasi
1210 3241 1338 3295 ergo
1367 3230 1570 3294 ingress
1594 3243 1659 3276 im
1684 3241 1717 3277 n
1759 3242 1788 3276 ιι
1819 3225 2096 3292 paciﬁcum
2123 3226 2223 3276 mi-

638 3322 886 3382 nabatur,
918 3335 1007 3387 qut
1038 3320 1248 3373 diccbat
1276 3337 1288 3369 :
1323 3315 1458 3381 Quid
1489 3317 1655 3374 vultis.
1679 3317 1732 3369 in
1764 3317 1906 3385 rirga
1934 3333 2129 3370 cetram
2156 3317 2225 3368 ad
2255 3282 2301 3343 Ο

640 3425 746 3471 eos,
779 3424 847 3460 an
880 3409 931 3461 in
956 3409 1138 3477 spiritu
1164 3406 1609 3459 mansuetudinis?
1631 3404 1683 3477 (ι
1711 3406 1831 3459 Cor.
1860 3421 1929 3471 tv,
1955 3403 2068 3477 2i.)
2093 3405 2229 3473 Quil

638 3508 721 3553 est
748 3512 896 3567 ergo,
928 3500 1072 3567 quod
1103 3499 1294 3552 uicitur
1324 3516 1338 3551 :

710 3588 887 3659 (Vers.
924 3588 1001 3655 4.)
1046 3588 1303 3658 Paciﬁcas
1331 3598 1408 3642 est
1436 3590 1699 3659 ingressus
1726 3588 1872 3642 tuus?

711 3680 764 3733 9.
806 3678 915 3732 Ni-i
946 3679 1069 3747 quia
1098 3678 1257 3732 electi
1300 3677 1482 3733 ﬁdeles
1521 3681 1647 3733 dum
1680 3680 1816 3733 bene
1867 3680 1948 3749 spi
1984 3679 2224 3734 itualiuin

641 3765 927 3824 doctorum
958 3776 1077 3821 acta
1127 3768 1503 3833 conidtrant,
1556 3769 1607 3822 in
1646 3769 1723 3823 eis
1770 3770 1953 3837 utique
1992 3771 2226 3822 divinam

642 3860 969 3910 voluntatem
1003 3865 1248 3927 pensant.
1281 3858 1411 3925 Quia
1442 3859 1584 3913 enim
1615 3875 1736 3913 esse
1764 3859 2067 3914 Samuelsm
2101 3878 2227 3930 pro-

640 3949 855 4019 phetam
888 3951 1158 4012 sciebant,
1206 3950 1389 4019 utique
1420 3952 1541 4018 quia
1589 3950 1783 4004 divina:
1813 3952 1981 4022 diSpei
2005 3952 2232 4005 sationis

640 4046 849 4091 secreta
882 4052 1235 4106 cognoverat.
1273 4040 1404 4093 Dum
1453 4056 1582 4108 ergo
1622 4045 1691 4094 de
1734 4039 1956 4111 paciﬁco
1988 4044 2229 4109 ingressu

642 4128 1008 4198 interrogant,
1051 4132 1176 4201 quid
1204 4132 1346 4184 aliud
1380 4133 1758 4198 interrogando
1790 4134 2019 4199 faciunt,
2066 4149 2227 4200 quam

642 4218 805 4270 tlivini
847 4219 1054 4273 consilii
1076 4258 1078 4261 -
1104 4236 1264 4274 ηοεθο
1294 4223 1430 4275 velle
1460 4225 1769 4276 secretum?
1803 4222 2014 4277 Utinam
2047 4235 2101 4277 et
2131 4241 2227 4279 ros

641 4309 856 4375 quoties
883 4317 1097 4363 sanctos
1136 4312 1279 4363 viros
1309 4311 1613 4377 cernimus,
1651 4313 1920 4381 inquirere
1968 4313 2034 4366 de
2083 4314 2230 4382 pacis

644 4406 841 4450 nostra:
867 4400 1158 4452 securitate
1206 4401 1567 4466 studeremus,
1618 4411 1674 4456 et
1718 4402 2001 4470 diligentar
2048 4404 2115 4456 ab
2151 4405 2230 4458 eis

641 4490 800 4552 scire,
829 4491 1017 4557 quales
1042 4507 1071 4543 a
1103 4491 1213 4545 Deo
1236 4507 1539 4556 cernantur,
1571 4493 1659 4559 qui
1689 4496 2011 4562 cognitionis
2034 4504 2229 4550 nostra:

641 4583 827 4635 ocufos
852 4597 959 4635 non
990 4582 1271 4637 habemus.
1307 4583 1564 4638 I’aciﬁcus
1589 4599 1719 4653 ergo
1751 4587 2018 4653 ingressus
2039 4586 2229 4640 docto-

642 4685 763 4724 rum
793 4679 899 4737 est,
932 4688 1053 4726 cum
1085 4672 1151 4726 ad
1181 4689 1276 4726 eos
1305 4674 1548 4737 veniunt,
1576 4676 1669 4742 qui
1700 4690 1805 4727 non
1837 4685 1954 4728 sunt
1990 4692 2086 4742 pro
2110 4676 2227 4729 cul-

1848 273 2089 331 SANCTI
2128 271 2452 331 cnaconn
2499 269 2711 327 MAG-Nl
3330 338 3337 344 _

927 459 942 485 ’
1009 418 1332 474 ordinamns
1374 415 1537 485 378
1592 411 1831 481 pmbem
1877 414 2206 466 unchan
2238 395 2285 453 Α
2313 391 2476 442 venite
2500 404 2713 441 mecum.
2747 385 2802 440 Si
2833 399 2975 441 enim
3016 384 3275 439 interesse
3318 380 3762 439 sacriﬁcantibus
3807 402 3899 439 non

3808 272 3897 325 τίΞὲ

2320 480 2539 539 audent,
2571 477 2670 530 nisi
2701 475 3037 539 sanctilicati,
3066 474 3194 543 quid
3226 474 3293 527 de
3323 472 3760 528 sacriﬁcantibus
3788 490 3903 528 cun-

2318 570 2582 623 sendum?
2630 567 2980 624 Sanctilicare
3026 568 3169 621 enim
3213 582 3444 635 purgare
3483 576 3584 620 est.
3643 567 3898 633 Quantum

2320 672 2449 726 ergo
2495 674 2658 727 puros
2703 659 2860 712 decet
2915 672 3035 711 esse
3069 657 3383 725 pontiﬁces,
3434 657 3519 711 ubi
3558 659 3804 711 invitata:
3847 663 3901 712 ad

2321 752 2639 807 sacriﬁcium
2710 750 2922 805 nonnisi
2977 750 3324 804 sanctilicaue
3376 749 3730 802 admittenth
3793 761 3901 805 sunt

2325 846 2546 915 plebes?
2577 843 2945 898 S.nctiﬁcatio
2974 843 3173 912 quippe
3221 843 3464 910 corporis
3497 842 3757 910 pudicitia
3801 852 3899 909 est,

2316 934 2668 989 sanctiﬁcatio
2685 933 2876 987 mentis
2893 932 3128 987 cliaritas
3149 942 3203 986 et
3227 930 3706 985 lmmilitasﬁanct
3719 930 3903 986 iﬁcetur

2319 1041 2447 1094 ergo
2478 1026 2542 1078 ad
2574 1024 2892 1077 sacriﬁcium
2927 1024 3198 1087 invitatus,
3234 1023 3326 1077 sed
3358 1023 3527 1089 magis
3564 1024 3660 1076 ille
3689 1025 3900 1092 cogitur,

2320 1134 2349 1168 a
2383 1133 2490 1186 quo
2521 1116 2795 1167 invitatur.
2824 1113 3015 1167 Notent
3052 1114 3382 1178 sacerdotes,
3416 1128 3535 1183 qua!
3562 1113 3806 1166 invitat's
3832 1116 3903 1166 di-

2321 1216 2447 1261 cant
2473 1223 2487 1259 :
2519 1206 2699 1259 Venite
2728 1222 2945 1258 mecum.
2972 1205 3165 1259 Secum
3195 1206 3391 1273 quippe
3412 1206 3579 1275 379
3600 1206 3900 1261 sanclﬁt-afi

2322 1297 2584 1361 Veniunt,
2628 1298 2673 1349 si
2723 1312 2843 1351 cum
2871 1297 3084 1350 mundis
3126 1296 3368 1366 plebibus
3398 1298 3463 1350 ad
3517 1297 3618 1352 Dei
3662 1298 3899 1369 obsequia

2325 1389 2506 1443 mundi
2536 1389 2845 1443 sacerdotes
2882 1389 3163 1443 accedunt.
3212 1388 3406 1443 Secum
3433 1390 3645 1458 quippe
3693 1391 3799 1455 ire,
3835 1402 3901 1445 et

2327 1496 2452 1533 man
2476 1481 2554 1533 los
2584 1496 2703 1532 cum
2737 1480 2948 1533 mundis
2997 1480 3275 1534 accedere.
3319 1479 3449 1534 Nam
3479 1482 3526 1534 si
3558 1481 3775 1535 mundze
3801 1494 3905 1538 Stttrt

2325 1572 2526 1641 plebes,
2570 1586 2675 1623 non
2707 1570 2885 1622 mundi
2927 1570 3266 1633 sacerdotes,
3308 1587 3491 1625 secum
3522 1588 3635 1625 non
3662 1573 3900 1626 veniunt:

2327 1665 2450 1729 qu‘a
2489 1660 2680 1731 :L'qua'i
2725 1660 2967 1726 puritatis
2997 1660 3183 1714 ordine
3214 1676 3319 1713 non
3368 1661 3660 1715 accedunt.
3699 1662 3903 1717 Andiart

2331 1750 2634 1818 lmjnsmodi
2676 1750 2803 1818 quid
2850 1750 2988 1803 alter
3041 1750 3304 1819 propheta
3356 1751 3639 1816 admonet,
3692 1751 3899 1807 dicens:

2331 1840 2679 1903 Mundamini,
2729 1840 2813 1908 qui
2867 1840 3013 1908 fertis
3062 1856 3185 1892 vasa
3237 1838 3447 1893 Domini
3498 1838 3662 1910 (Isai.
3693 1842 3901 1909 Ltt,ll).

2330 1930 2560 1983 Audiant
2613 1932 2763 1989 item,
2806 1930 2952 1997 quod
2998 1929 3171 1983 dicit:
3209 1927 3500 1994 Laramini,
3548 1932 3733 1983 mundi
3763 1940 3902 1985 estate

2330 2019 2483 2092 (Isai.
2515 2036 2550 2081 ι,
2586 2020 2694 2089 lii).
2727 2017 2862 2083 Quia
2902 2032 3031 2085 rth
3075 2021 3391 2071 mundanda:
3420 2028 3544 2073 sunt
3581 2020 3798 2088 plebes,
3836 2024 3901 2074 di-

2328 2111 2400 2166 cit
2433 2128 2445 2163 :
2486 2109 2921 2178 Sancti/immitti.
2958 2108 3092 2174 Quia
3124 2110 3251 2162 item
3291 2110 3484 2163 summi
3516 2111 3618 2163 viri
3664 2112 3714 2164 itt
3754 2115 3901 2166 cunti-

2334 2216 2441 2253 nuo
2482 2200 2755 2252 munditia:
2784 2214 2895 2252 sua:
2933 2207 3075 2251 statu
3117 2214 3330 2267 semper
3358 2198 3561 2253 debent
3591 2215 3904 2268 permanere,

2330 2302 2384 2347 et
2412 2292 2477 2344 ad
2509 2292 2731 2343 formam
2763 2306 2872 2342 sua:
2902 2290 3143 2359 pntitatis
3165 2289 3299 2343 alios
3326 2289 3567 2351 trahere.
3600 2291 3775 2346 subdit
3804 2308 3817 2343 :
3846 2290 3901 2345 Et

2333 2387 2495 2438 venite
2520 2401 2733 2437 mecum.
2758 2382 2863 2436 Sed
2887 2383 3010 2452 quia
3042 2383 3284 2436 senioris
3306 2384 3371 2435 ad
3395 2383 3673 2435 victimam
3704 2384 3897 2435 invitan-

2335 2484 2438 2539 tur,
2471 2475 2597 2543 quid
2626 2489 2723 2543 per
2767 2483 2950 2543 typum
2981 2474 3381 2537 demonstrant,
3413 2474 3517 2527 ni~i
3549 2474 3676 2542 quia
3718 2474 3777 2525 ad
3820 2474 3897 2525 eli-

2334 2566 2566 2632 gendum
2597 2564 2910 2628 antistitem,
2938 2563 3052 2617 sive
3080 2564 3146 2615 ad
3179 2563 3483 2632 ungendum
3515 2572 3575 2618 et
3602 2578 3892 2617 coisset-ran-

2335 2657 2482 2721 dum,
2516 2658 2696 2725 plures
2743 2656 3015 2725 sapientes
3063 2664 3226 2722 atque
3277 2656 3512 2725 religiosi
3562 2655 3662 2709 viri
3706 2654 3896 2708 vocandi

2335 2748 2500 2801 sunt?
2530 2746 2630 2813 Qui
2663 2747 2912 2800 nimirum
2942 2747 3343 2815 sanctilicantur
3371 2755 3427 2800 et.
3455 2748 3696 2807 veniunt,
3727 2748 3765 2801 si
3796 2761 3890 2812 ltro-

2337 2848 2562 2910 po.:unt,
2589 2839 2722 2891 utin
2747 2838 3011 2892 electione
3025 2838 3111 2891 illa
3128 2854 3207 2891 cat
3224 2838 3343 2891 uale
3362 2837 3527 2905 aliQni
3544 2857 3564 2889 ι
3584 2855 3685 2890 non
3700 2853 3892 2904 sequan-

2340 2938 2444 2981 tur.
2493 2928 2825 2982 Sanctiticari
2872 2928 3087 2997 quidem
3119 2929 3198 2983 eis
3227 2936 3328 2991 cst,
3362 2928 3427 2981 ad
3460 2928 3740 2997 prmbi-nda
3778 2942 3893 2979 tona

2334 3023 2505 3073 sancti
2550 3017 2781 3087 Spiritus
2818 3020 3149 3089 Spiritualem
3183 3029 3240 3073 et
3286 3027 3529 3072 eamtam
3574 3020 3715 3071 itttctt
3742 3018 3892 3071 iuueni

2336 3112 2602 3165 adducere
2661 3111 2803 3165 Bene
2828 3120 3007 3164 autem
3032 3112 3084 3165 in
3119 3127 3242 3181 typo
3270 3112 3575 3165 electorum
3608 3121 3660 3163 et
3688 3109 3749 3162 de
3773 3108 3889 3172 lsai,

2334 3210 2388 3252 et
2416 3199 2530 3266 ejus
2554 3200 2677 3254 liliis
2706 3201 2940 3254 dic.tur:

2413 3289 2591 3359 (Vers.
2683 3293 2699 3361 )
2743 3290 3101 3361 Sanctiﬁcarit
3127 3307 3250 3361 ergo
3282 3290 3413 3357 Isui,
3438 3301 3487 3343 et
3511 3292 3657 3361 filios
3697 3291 3825 3360 ejus,
3851 3302 3892 3342 et

2336 3382 2528 3433 vocarit
2554 3397 2640 3434 eos
2663 3380 2730 3432 ad
2759 3384 3095 3451 sacriﬁcium.

2413 3473 2499 3527 11.
2543 3472 2604 3526 Et
2628 3476 2751 3543 quia
2784 3490 2877 3543 ter
2905 3492 3055 3528 sacra
3086 3475 3149 3529 cla
3175 3476 3296 3545 quia
3338 3475 3627 3528 Dominum
3656 3470 3894 3539 eligendos

2340 3564 2614 3618 antistites
2645 3571 2944 3617 monstrare
2969 3563 3398 3632 docuimus,jam
3423 3565 3613 3632 quale-
3647 3578 3761 3613 ιιι;.ιι
3793 3565 3894 3617 tret.

2337 3656 2631 3725 qualesque
2659 3656 2915 3724 reprobet
2943 3658 3086 3707 subst
3107 3668 3351 3723 quenter,
3385 3654 3729 3721 [Otltlt‘llllblli
3758 3663 3895 3703 saetae

2337 3744 2493 3813 hujus
2522 3746 2760 3799 historia:
2791 3746 3075 3815 mysteriis,
3109 3746 3399 3797 videamus.
3428 3744 3687 3813 Sequitur
3713 3759 3727 3794 :

2409 3836 2585 3906 (Vers.
2619 3837 2672 3901 6,
2706 3837 2781 3907 7.)
2821 3835 3046 3903 Cumque
3078 3836 3296 3906 ingressi
3347 3844 3551 3897 essent,
3591 3835 3709 3888 cidit
3747 3831 3892 3890 Eliub.

2337 3940 2386 3983 et
2415 3932 2489 3983 ait
2512 3947 2529 3984 :
2556 3929 2698 3983 Nunt
2726 3947 2900 3985 corum
2929 3930 3148 3983 Domino
3170 3940 3242 3982 est
3272 3928 3507 3982 Chr.stus
3532 3930 3683 3999 ejus?
3702 3927 3761 3979 Et
3790 3927 3893 3977 dixit

2338 4022 2592 4076 Dominus
2621 4024 2690 4074 ad
2724 4023 3017 4077 Samuclem
3040 4038 3058 4075 .'
3084 4020 3166 4073 Ne
3195 4022 3440 4091 respicias
3472 4020 3801 4090 vnltumcjus,
3827 4034 3895 4069 ne-

2337 4130 2433 4184 que
2457 4113 2783 4165 altitudinem
2813 4121 3026 4166 statura:
3054 4112 3185 4182 rjus,
3215 4113 3457 4183 quoniam
3484 4113 3653 4183 ιώ]εεὶ
3680 4128 3803 4174 eum,
3823 4124 3893 4162 nec

2328 4206 2487 4276 juxta
2507 4206 2745 4258 intuitum
2769 4205 3033 4258 hominum
3053 4206 3258 4274 judico.
3284 4216 3307 4239 δ’
3334 4204 3381 4256 ll
3390 4222 3505 4258 omo
3528 4206 3669 4258 enim
3690 4204 3811 4257 ridet
3827 4217 3893 4265 eu,

2339 4314 2452 4366 qua:
2489 4305 2763 4365 apparent,
2805 4295 3059 4350 Dominus
3088 4308 3259 4350 autem
3290 4297 3579 4350 intuebitur
3608 4313 3711 4349 cor.

2412 4386 2549 4451 Quid
2580 4389 2723 4440 enim
2748 4395 2831 4440 ist
2858 4388 3190 4456 sapientibus
3216 4387 3440 4454 ingrrdi,
3490 4387 3592 4441 nisi
3627 4387 3690 4439 ad
3729 4382 3895 4438 subtile

2338 4479 2681 4534 discret‘onis
2706 4480 3002 4533 sacrarium
3032 4480 3270 4535 intrare?
3310 4481 3415 4534 Set
3448 4481 3741 4548 ingressum
3769 4475 3891 4529 Eliab

2335 4570 2469 4623 vidit
2503 4587 2515 4621 :
2546 4573 2672 4638 quia
2703 4570 2716 4622 i
2742 4570 2847 4622 lum
2879 4586 2946 4623 es
2965 4585 2997 4624 e
3025 4572 3241 4637 dignum
3269 4570 3584 4640 prmlatioue
3614 4580 3799 4625 sancta:
3822 4562 3893 4616 Ec-

2336 4662 2515 4717 clesia:
2537 4670 2720 4731 pastor
2739 4661 3001 4729 agnoscit,
3025 4662 3117 4729 qui
3144 4673 3200 4716 et
3222 4661 3591 4715 fortitudinem
3616 4661 3767 4715 habet
3784 4654 3889 4710 boui

643 4776 711 4831 pa
759 4761 1004 4825 feriendi,
1051 4765 1143 4817 sed
1176 4780 1273 4832 pro
1314 4763 1373 4831 ju
1408 4765 1520 4818 tilia
1576 4766 1917 4834 prtudieandi.
1951 4765 2052 4832 Qui
2101 4781 2224 4834 ergo

2335 4751 2533 4819 operis,
2561 4760 2619 4805 et
2644 4751 2922 4804 scientiam
2947 4753 3208 4805 verit..tis.
3241 4750 3380 4817 Quid
3410 4761 3493 4806 est
3520 4760 3733 4810 autem,
3772 4746 3889 4817 quol

641 4864 950 4925 promotum
974 4854 1175 4919 justum
1208 4865 1448 4918 venerat,
1483 4860 1757 4923 respondit
1780 4857 1964 4910 ditens
1995 4876 2006 4909 :

716 4944 889 5014 (Vers.
921 4944 1002 5012 5.)
1047 4946 1335 5014 I’aci/icus,
1368 4948 1435 4999 ad
1456 4947 1826 5001 immolandum
1851 4947 2075 5003 Domino
2098 4954 2228 5005 t'cni.

641 5032 1079 5105 Sancti/Scantini,
1110 5049 1158 5093 et
1189 5042 1354 5094 venite
1379 5058 1598 5106 nucum,
1628 5050 1685 5093 ut
1713 5042 2056 5097 immolemus.

718 5124 802 5177 10.
847 5138 978 5178 tum
1027 5129 1357 5190 doctoribus,
1401 5140 1459 5183 ut
1509 5130 1808 5193 immolent,
1854 5133 2085 5193 vadunt,
2135 5133 2226 5201 qui

642 5211 995 5271 intentionem
1026 5218 1092 5270 ad
1132 5234 1360 5286 superna
1389 5221 1642 5288 dirigunt.
1678 5220 1743 5274 Et
1769 5237 1950 5276 coram
1980 5226 2228 5280 etiittilius

643 5305 903 5374 propheta
934 5307 1206 5374 immolat,
1252 5311 1468 5381 quando
1509 5312 1561 5364 id
1608 5312 1820 5379 doctor,
1869 5314 2011 5383 quod
2058 5320 2225 5371 verbo

642 5395 974 5462 prununtiat,
1006 5398 1057 5451 iu
1086 5400 1450 5454 assistentium
1479 5404 1734 5457 cordibus
1772 5420 1869 5473 per
1889 5420 2126 5461 amorem
2157 5409 2225 5462 li-

644 5498 753 5551 gat.
782 5482 889 5539 Sed
918 5495 975 5539 ut
1003 5488 1279 5542 historiam
1310 5491 1583 5558 paululum
1606 5495 1915 5551 attendamu
1951 5535 1966 5560 ,
2000 5498 2222 5567 vigilan-

649 5580 732 5625 ter
747 5582 833 5628 est
860 5575 1271 5641 discutiendum,
1303 5582 1445 5651 quod
1473 5584 1703 5638 dicitur:
1730 5587 2148 5660 Sancti/immitti
2175 5603 2223 5649 et

728 5738 751 5764 '
782 5732 941 5787 (Iilot.
974 5744 1029 5789 et
1060 5737 1251 5804 Vatia,
1287 5758 1382 5794 non
1414 5745 1541 5795 enim
1576 5744 1723 5799 viden

2336 4839 2384 4892 ei
2416 4838 2673 4893 Dominus
2704 4856 2804 4894 nec
2831 4849 3090 4894 staturam
3119 4842 3257 4908 ejus,
3306 4858 3403 4897 nec
3433 4843 3640 4895 vultum
3680 4841 3887 4910 aspicere

2335 4932 2598 4998 praecipit,
2633 4933 2729 4985 nisi
2759 4932 2880 4999 quia
2914 4934 2965 4985 in
3005 4948 3188 4987 μειιιειςι
3220 4934 3258 4985 Ε
3292 4935 3453 4989 ciesia
3497 4950 3596 4989 nec
3624 4950 3769 5003 opus,
3808 4945 3887 4985 nec

2333 5020 2557 5074 scientia
2598 5022 2713 5077 sine
2758 5024 3057 5078 bunuitate
3093 5026 3456 5092 prazdicatur?
3499 5026 3636 5092 Quid
3665 5035 3741 5079 est
3765 5022 3880 5077 enim

2335 5113 2511 5166 vultus
2538 5112 2794 5181 alicujus,
2840 5120 2939 5169 nisi
2969 5117 3210 5169 exterior
3240 5119 3605 5181 conversatio,
3636 5131 3725 5186 per
3749 5125 3881 5181 quam

2334 5205 2609 5260 uescitur?
2638 5206 2704 5261 Et
2730 5209 2856 5277 quid
2881 5219 2963 5263 est
2986 5219 3188 5264 statura
3211 5210 3350 5278 ejus,
3372 5211 3472 5265 nisi
3502 5212 3719 5264 al.itudo
3738 5208 3883 5264 scien-

2333 5295 2449 5358 tizc,
2483 5312 2578 5366 per
2604 5313 2766 5364 quam
2814 5300 2877 5351 ad
2909 5302 3188 5369 superiora
3232 5303 3592 5370 sublitnatur?
3618 5300 3752 5367 Quos
3776 5310 3878 5362 ergo

2333 5385 2481 5442 Eliab
2511 5390 2729 5457 rectius,
2757 5406 2917 5459 quain
2961 5393 3098 5445 bona
3147 5404 3388 5461 agett'es.
3423 5406 3476 5447 et
3498 5395 3725 5447 eruditos
3743 5389 3880 5454 sigui‘

2332 5474 2486 5541 ﬁcat,
2538 5479 2630 5533 sed
2672 5485 3026 5549 arrogantis?
3078 5481 3227 5537 Unde
3256 5492 3313 5537 et
3340 5483 3528 5548 Eliab,
3578 5484 3710 5537 Deus
3751 5491 3874 5533 meus

2331 5582 2502 5643 pater,
2549 5576 2953 5646 interpretatur.
2985 5577 3096 5634 lloc
3134 5579 3333 5653 quippe
3369 5578 3485 5649 ejus
3514 5567 3872 5644 ηοιιιεηνψιοδ
