3948 6280
93 273 204 334 153

951 277 1013 332 ΙΝ
1054 277 1591 339 Ρηιλιυλωιεοωί
1634 282 2141 346 Ε’ΧΡΟΞίΤΙῡΝζ-Ξ.
2166 321 2250 332 ί-
2289 292 2413 351 Llll.
2451 295 2511 348 V.

3245 304 3350 358 454

99 393 288 447 audent
343 401 703 456 praesumere.
761 385 897 453 Quid
946 403 1176 458 namque
1225 399 1326 455 est,
1371 392 1514 460 quo-.l
1546 394 1687 447 Dens
1715 401 1756 457 Α
1789 396 1962 449 utendi
1993 412 2099 452 non
2129 410 2268 465 sunt,
2299 402 2455 458 Satira
2485 407 2549 459 ad
2580 420 2797 474 regnum
2825 424 2853 462 a
2884 410 3106 465 Domino
3135 429 3239 466 non
3261 419 3357 469 eli-

100 497 242 536 meus
290 490 452 548 pater
498 480 695 533 dicitur
733 495 747 529 .-
791 479 886 532 nisi
926 481 1047 546 quia
1100 481 1227 534 dum
1284 481 1492 537 fort’ler
1546 484 1680 538 bona

98 580 276 641 agunt,
305 570 614 636 Spit-Ttualia
645 569 913 633 sapienter
940 570 1089 623 inte'l.
1110 579 1260 635 gum,
1284 585 1342 622 se
1383 586 1477 638 per
1500 571 1681 636 singu-

102 663 206 714 lare
236 661 492 712 nter-itum
528 657 830 711 inﬁtior-unt
856 657 958 710 Dei
990 675 1265 710 numerum
1299 660 1550 711 transisse.
1579 661 1686 722 glo-

107 751 337 806 riantur?
366 748 507 801 Nam
564 758 713 814 pater
743 763 846 800 non
881 762 1046 808 meus,
1078 748 1171 800 sed
1216 758 1397 801 noster
1437 749 1684 814 omnipo-

108 842 226 898 ιστηιί
265 841 503 894 Domino
535 839 811 899 dicerent,
860 837 904 889 si
935 838 1416 904 per‘humilitatem
1461 853 1519 891 se
1561 853 1679 891 cum

108 930 277 985 electis
303 928 525 980 ciete-is
565 927 614 978 in
650 941 893 992 superine
918 924 1278 990 generationis
1307 924 1492 977 ordine
1533 940 1681 977 com-

110 1018 327 1070 munitz-r
355 1015 632 1067 viderent.
665 1013 853 1066 Merito
883 1027 1011 1078 ergo
1030 1014 1332 1080 repellitur,
1356 1013 1477 1081 quia
1503 1013 1552 1066 in
1574 1014 1682 1081 spi-

109 1108 270 1164 riluali
292 1106 542 1160 culmine
569 1105 777 1158 nonnisi
809 1104 1035 1156 humiles
1065 1103 1440 1170 praeferuntur.
1465 1101 1684 1157 'Subti'i-

108 1210 184 1253 let‘
233 1212 361 1265 ergo
421 1196 689 1262 prophvta
734 1195 800 1248 de
855 1194 1081 1259 ητις-λη(ιί
1123 1208 1352 1261 persona
1402 1194 1680 1261 exquirit,

108 1290 277 1342 dicens
313 1308 323 1338 :
361 1284 512 1338 Num
542 1301 717 1339 coram
744 1282 962 1336 Domino
991 1294 1066 1336 est
1088 1281 1320 1335 Christus
1346 1283 1499 1353 ejus?
1527 1282 1682 1336 Modo

110 1380 203 1432 hoc
250 1376 324 1437 lit,
367 1374 596 1443 quando
625 1389 862 1427 summus
891 1373 1101 1432 doctor,
1141 1379 1196 1426 et
1225 1372 1383 1425 vitam
1408 1382 1462 1425 et
1491 1373 1686 1426 intelli-

109 1466 326 1532 gcmiarn
360 1464 602 1529 eligendi
630 1461 923 1528 cognoscit,
962 1461 1052 1513 sed
1081 1460 1256 1514 adhuc
1283 1461 1358 1515 de
1375 1461 1684 1515 humilitatis

112 1557 290 1609 virtute
314 1553 610 1622 perquirit.
641 1552 744 1605 Sed
776 1552 978 1604 vultum
1001 1559 1057 1603 et
1082 1561 1342 1604 staturam
1369 1551 1483 1618 ejus
1507 1551 1684 1620 abjec-

113 1654 205 1697 tam
235 1643 406 1704 videt,
443 1642 666 1708 quando
696 1641 774 1705 ei,
819 1640 1075 1709 quidquid
1109 1640 1384 1708 pulchrum
1430 1640 1590 1695 habet.
1628 1641 1679 1694 in

112 1749 280 1802 opere,
310 1733 580 1802 quidquid
611 1732 783 1785 altum
801 1732 856 1785 iii
888 1731 1190 1785 eruditione
1220 1732 1358 1786 inest
1387 1734 1454 1792 ei,
1480 1734 1680 1800 absque

114 1824 411 1878 humilitatis
427 1824 632 1875 virtute
644 1821 934 1890 cognoscit.
952 1820 1137 1874 Merito
1151 1821 1308 1887 igitur
1327 1821 1577 1874 Dominus
1598 1822 1680 1874 di-

112 1913 744 1984 citsz'rojecieum,
760 1927 850 1963 nec
859 1911 1012 1979 juxta
1029 1911 1266 1964 intuitum
1292 1912 1509 1964 hominis
1527 1911 1676 1979 judi-

113 2020 162 2055 το
179 2003 322 2070 :quia
337 2001 493 2054 homo
511 1999 645 2052 ridet
663 2000 716 2051 in
741 1996 1044 2068 farie,'Deus
1071 2009 1238 2050 autem
1266 1999 1540 2050 intuebitur
1569 2015 1675 2053 cor.

111 2095 258 2160 Quasi
288 2093 429 2146 dicat
459 2110 472 2143 :
509 2090 770 2144 Horum-5
794 2090 968 2143 soleat
993 2104 1395 2157 magna'0pera,
1425 2100 1479 2143 et
1505 2093 1680 2144 scien-

115 2189 191 2238 t's:
218 2185 374 2237 verba
406 2182 639 2236 laudare
662 2197 678 2234 :
705 2193 804 2248 ego
832 2189 1008 2233 autem
1033 2196 1131 2235 nec
1157 2181 1316 2235 verba
1337 2221 1352 2245 ,
1395 2196 1493 2235 nec
1521 2197 1682 2249 opera

115 2273 272 2334 laudo,
304 2286 426 2340 qua:
459 2271 513 2324 in
548 2270 850 2324 humilitate
879 2284 1004 2323 vera
1027 2269 1240 2322 fundata
1269 2286 1372 2322 non
1397 2272 1566 2323 video.
1601 2271 1683 2324 lu-

117 2361 367 2428 tlignitatis
396 2359 606 2428 quippe
641 2373 749 2411 sum
787 2359 1070 2426 repulsam,
1100 2361 1187 2426 qui
1235 2359 1493 2426 ejusmodi
1518 2370 1678 2426 sunt,

115 2467 302 2520 cspave
331 2459 551 2516 cerenl,
574 2451 616 2503 si
644 2458 847 2503 attente
867 2450 1048 2501 audire
1071 2450 1289 2513 vellent,
1313 2450 1450 2518 quod
1478 2451 1544 2503 ad
1567 2467 1682 2518 pro-

118 2544 309 2611 phetaru
339 2541 606 2596 Dominus
626 2539 788 2594 dicit:
818 2536 901 2591 Ne
923 2540 1166 2607 respicias
1204 2540 1388 2592 vultum
1432 2540 1540 2609 ejus
1589 2557 1680 2593 ne-

115 2649 199 2700 que
238 2630 572 2683 altitudinem
615 2637 828 2682 statura:
870 2628 1000 2698 ejus,
1029 2629 1146 2696 quia
1184 2628 1373 2697 projeci
1407 2645 1541 2682 eum.
1578 2629 1679 2682 Pro

121 2735 294 2790 magno
331 2736 570 2790 namque
599 2720 817 2786 habent,
838 2723 978 2787 quo}
1011 2732 1324 2788 arrogantes
1349 2720 1681 2774 laciunt:sed

120 2826 231 2864 ecce
259 2819 364 2863 tam
405 2811 522 2863 vile
553 2825 672 2864 es.~e
716 2825 746 2862 a
790 2809 1011 2863 Domino
1049 2809 1263 2871 dicitur,
1296 2820 1351 2862 ut
1383 2825 1479 2864 nec
1511 2811 1677 2878 respi-

123 2900 349 2953 ciendum
377 2913 502 2953 esse
532 2899 818 2966 julicetur.
845 2897 948 2952 Sed
978 2900 1078 2950 isto
1107 2907 1306 2962 amoto,
1334 2900 1457 2966 quid
1487 2914 1677 2967 sequa-

123 2997 196 3040 tur
218 2988 464 3042 ostenuiti
487 3004 518 3041 r
551 3005 566 3040 :

183 3074 349 3142 (Vers.
380 3076 459 3144 8.)
503 3075 576 3128 Et
621 3077 812 3128 vocarit
862 3074 972 3128 Isai
1017 3073 1325 3138 Aminadab,
1373 3082 1418 3127 et
1458 3074 1677 3127 adduxit
1706 3093 1748 3154 ρ

123 3182 220 3217 eum
247 3182 420 3218 coram
451 3165 717 3219 Samuele.
761 3162 858 3228 Qui
883 3165 1057 3218 dixit:
1091 3163 1202 3218 Nec
1233 3166 1366 3218 [tunc
1388 3167 1538 3236 elegit
1566 3166 1677 3220 Do-

124 3269 274 3306 mutus
280 3292 293 3305 ο

189 3344 267 3398 1⁸2.
305 3343 604 3397 Aminadab
643 3351 876 3414 interpre
902 3351 1043 3408 atur,
1079 3343 1327 3396 urbanus.
1361 3342 1550 3397 Merito
1583 3343 1679 3412 ἰδ’-

125 3440 218 3489 tur.
250 3432 474 3485 Domino
499 3431 764 3492 consulto,
795 3433 1068 3500 repellitur
1096 3451 1107 3480 ;
1142 3432 1264 3500 quia
1293 3442 1474 3486 sancta
1491 3431 1675 3487 Eccle-

127 3523 196 3575 sia
225 3524 286 3575 ad
314 3523 552 3591 regimen
583 3521 874 3573 animarum
905 3537 1008 3574 non
1042 3522 1430 3590 eligituegotiis
1459 3523 1679 3576 sarcula-

127 3612 598 3678 tibusstrenuuru,
643 3612 737 3665 sed
781 3612 1042 3681 spirituali
1087 3614 1494 3668 conversatiirre
1520 3615 1678 3668 deco-

130 3716 254 3754 rum.
285 3699 478 3755 Urb-.ni
511 3703 725 3770 quidem
762 3710 901 3766 sunt,
933 3704 1020 3769 qui
1053 3703 1346 3770 postposita
1387 3704 1680 3759 intentioie

130 3791 422 3855 cmlesiirzrn,
452 3793 811 3846 exterioribus
837 3793 1022 3846 stnoiis
1042 3807 1100 3845 se
1127 3793 1408 3848 ostendere
1434 3803 1680 3848 SliCﬂlllS

132 3890 391 3934 conantur.
423 3881 537 3936 Nec
572 3882 711 3934 hunc
755 3896 882 3949 ergo
912 3881 1070 3949 ciegit
1108 3881 1363 3935 Dominus
1387 3921 1402 3945 ,
1443 3884 1565 3951 quia
1608 3883 1680 3952 pii

132 3969 337 4034 pastoris
381 3971 564 4023 ssidio
611 3971 876 4035 (mlestia,
913 3986 1016 4023 non
1050 3977 1280 4036 terrena,
1325 3972 1592 4040 provideri
1623 3973 1681 4023 li-

136 4059 306 4131 ttelinrn
330 4062 580 4131 gregibus
609 4062 827 4125 debent,
861 4077 965 4116 non
999 4061 1204 4115 inlirma
1235 4070 1291 4116 et
1312 4063 1562 4129 labentia,
1584 4064 1678 4119 sed

136 4130 351 4206 sublimia
378 4163 432 4207 et
451 4165 681 4207 mterna.

195 4237 464 4310 (Vers.'9.)
506 4243 734 4295 Adduxit
768 4251 937 4295 autem
986 4244 1168 4309 Sunia,
1208 4247 1273 4298 de
1320 4261 1418 4318 quo
1465 4253 1516 4299 tt
1559 4247 1676 4300 ait:

137 4327 290 4384 Etiam
316 4334 444 4388 hunc
473 4351 579 4388 non
606 4335 755 4404 elegit
786 4334 1052 4389 Dominus.

1789 484 1837 551 gi
1868 487 2192 552 perhbetur.
2230 491 2363 546 Hine
2392 509 2540 562 ergo,
2594 498 2715 552 hinc
2759 501 3028 567 s'rnplices
3073 511 3129 555 et
3173 505 3358 560 inube-

1789 578 1994 633 dientes
2023 583 2292 650 colligant,
2319 601 2478 652 quam
2509 590 2789 656 pmnalftcr
2815 593 2879 644 ad
2907 595 3356 660 prteeminendum

1790 681 1848 719 se
1874 667 2139 734 ingerunt,
2170 671 2214 723 si
2257 675 2595 742 omnipotens
2637 678 2774 732 Deus
2803 696 2902 734 nec
2934 682 3079 735 illum
3125 687 3189 736 al
3223 687 3359 752 τρεῖ-

1791 770 1910 806 men
1939 759 2176 822 soeipit.
2201 761 2289 828 qui
2315 777 2407 829 per
2429 763 2780 819 humilitatem
2803 769 3117 824 obedientite
3139 775 3360 829 audiens

1786 855 2028 900 vocatur.
2074 848 2138 900 Et
2167 851 2289 916 quia
2337 852 2513 920 plures
2545 863 2726 908 sancta
2778 856 3007 912 Ecclesia
3057 862 3358 927 lr-jusrnoili

1789 944 1895 988 tam
1918 939 2185 1006 simplices
2207 950 2262 993 et
2282 942 2417 996 bene
2441 945 2700 1009 viventes,
2725 961 2884 1016 quam
2909 950 3134 1005 humiles
3153 955 3359 1022 sapien-

1789 1035 1872 1078 tes
1903 1028 2089 1096 habet,
2120 1031 2360 1097 sequitur
2391 1051 2403 1085 :

1856 1116 2031 1183 (Vers.
2063 1119 2174 1186 10.)
2212 1123 2438 1176 Adduxit
2454 1127 2620 1196 itaque
2645 1127 2752 1182 Isai
2778 1147 2952 1184 omnes
2971 1133 3110 1202 ﬁlios
3129 1151 3247 1191 suos
3276 1155 3359 1191 co-

1783 1222 1893 1258 ram
1911 1206 2165 1263 Samuele.
2178 1210 2242 1262 Et
2255 1213 2327 1264 ait
2341 1213 2552 1268 Samuel
2563 1214 2706 1271 :Non
2721 1220 2872 1290 elegit
2891 1221 3211 1281 Dominusea:
3224 1230 3357 1287 istis.

1860 1297 1946 1351 H.
1988 1300 2121 1365 Quia
2154 1303 2204 1356 in
2257 1309 2563 1373 septenario
2611 1327 2833 1366 numer
2884 1314 3054 1368 siileat
3107 1317 3360 1384 pi-rfctio

1789 1385 2081 1449 designari,
2133 1403 2358 1447 testaur
2386 1395 2548 1450 Isaias
2571 1402 2851 1467 protulivta,
2881 1406 2967 1469 qui
3000 1411 3135 1460 doni
3188 1413 3356 1465 sant-li

1789 1475 2014 1540 Spilillh'
2044 1478 2403 1551 Redemptum
2434 1499 2617 1542 nostro
2664 1496 2929 1546 manentia
2960 1512 3223 1564 asserens,
3253 1502 3354 1554 ait:

1793 1565 2086 1636 Requiescet
2107 1588 2261 1640 super
2281 1591 2393 1628 eum
2423 1580 2633 1644 spiritus
2667 1582 2890 1647 Domini,
2923 1588 3130 1652 spiritus
3151 1593 3353 1659 sapien-

1790 1656 1873 1708 τίαν
1901 1667 1948 1708 et
1968 1658 2272 1720 intellectus.
2301 1667 2511 1732 spiritus
2535 1671 2738 1723 consilii
2766 1682 2814 1724 et
2848 1677 3180 1741 fortitudinis,
3206 1656 3356 1748 spiri-

1791 1752 1870 1796 tus
1899 1747 2125 1801 scientia:
2152 1758 2199 1801 et
2228 1753 2454 1819 pietatis,
2497 1766 2547 1808 et
2575 1758 2784 1826 replebit
2812 1777 2927 1814 eum
2967 1766 3176 1832 spiritus
3205 1747 3348 1822 timo-

1787 1835 1859 1886 ris
1893 1834 2096 1928 Domini
2122 1838 2257 1906 (lsa.
2289 1858 2360 1904 xi,
2395 1843 2474 1911 2).
2496 1846 2630 1911 Quid
2658 1859 2740 1902 est
2761 1865 2852 1917 erg
2875 1872 2906 1915 ι,
2938 1857 3080 1921 quod
3114 1857 3181 1922 hi,
3215 1862 3304 1928 qui
3327 1879 3356 1918 a

1787 1927 2177 1991 pnedicaionis
2219 1929 2394 1986 officio
2422 1936 2771 2003 repelluntur,
2803 1945 3106 2010 septenario
3137 1927 3354 2003 numero

1785 2013 2152 2085 designantur,
2182 2036 2300 2074 cum
2339 2023 2477 2078 idem
2522 2043 2774 2082 numerus
2807 2033 3185 2096 perfectionem
3215 2040 3356 2092 deei-

1784 2113 1932 2168 guet,
1963 2120 2121 2172 quam
2169 2111 2304 2164 alius
2351 2114 2450 2166 nisi
2498 2115 2563 2168 de
2609 2122 2778 2171 sancti
2818 2119 3048 2189 Spiritus
3094 2125 3355 2185 inlusione

1788 2212 1892 2249 non
1925 2199 2127 2252 habet?
2173 2200 2276 2255 Sed
2322 2208 2705 2263 convenienter
2747 2211 2853 2265 hoc
2902 2216 3160 2270 asseritur
3188 2235 3202 2271 :
3232 2224 3355 2287 quia

1785 2284 2025 2351 pluribus
2048 2289 2218 2356 gratia
2245 2291 2475 2357 S,.iritus
2501 2296 2671 2349 sancti
2733 2300 2762 2348 tl
2791 2299 2924 2353 bene
2949 2303 3102 2356 viven
3123 2313 3229 2358 tum
3249 2284 3355 2361 da-

1792 2384 1893 2441 tur,
1927 2378 1991 2430 ad
2029 2380 2326 2435 ducendum
2357 2401 2461 2438 non
2494 2387 2666 2440 datur.
2707 2390 2807 2455 Qui
2838 2393 2958 2458 quia
2992 2398 3166 2460 plures
3194 2409 3314 2452 sunt
3335 2440 3354 2465 ,

1788 2475 1843 2519 et
1872 2469 1922 2521 iti
1953 2470 2092 2524 bona
2139 2475 2396 2541 operatio.
2423 2493 2451 2528 e
2482 2477 2736 2545 per-lictis
2771 2495 2820 2545 at
2844 2490 2894 2532 te
2921 2486 3224 2550 septenario
3253 2504 3353 2541 mt-

1790 2572 1938 2611 rnero
1965 2560 2326 2619 continentur.
2359 2563 2485 2617 ltern
2509 2567 2630 2634 quia
2665 2571 2877 2622 robusta
2911 2568 3127 2634 facium,
3155 2585 3210 2627 et
3232 2577 3353 2631 sub-

1787 2644 1894 2697 tilia
1927 2662 2034 2700 non
2063 2647 2394 2716 intelligunt,
2435 2668 2464 2704 a
2495 2655 2642 2721 regni
2667 2657 3051 2720 gubernatione
3081 2663 3238 2733 381
3273 2682 3352 2721 re-

1784 2737 2070 2804 pelluntur.
2102 2737 2164 2792 Et
2187 2755 2391 2809 stp‘em
2422 2758 2548 2811 ergo
2575 2757 2699 2798 sunt
2731 2746 2841 2809 lilii,
2873 2757 3139 2805 eteorum
3163 2757 3354 2824 aliquis

1783 2826 1847 2878 ad
1893 2827 2186 2883 anitnartm
2229 2833 2467 2898 regimen
2532 2851 2634 2889 non
2697 2841 2984 2894 assumitur
3028 2859 3041 2895 :
3091 2846 3214 2912 quia
3256 2847 3355 2902 etsi

1783 2916 1918 2971 bene
1947 2921 2172 2972 vivendo
2203 2935 2388 2988 regere.
2433 2923 2641 2978 fortiter
2661 2930 2978 2995 semetipsos
2999 2948 3035 2984 si
3058 2933 3190 2997 ium,
3215 2936 3360 2991 tueri.

1784 3007 1919 3061 alios
1971 3007 2176 3062 fortiter
2223 3026 2316 3078 per
2362 3012 2657 3067 doctrinam
2707 3032 3041 3085 nequaquam
3106 3033 3348 3090 posurnt.

1781 3095 2058 3164 Nunquam
2073 3113 2130 3150 se
2154 3106 2258 3152 tam
2285 3100 2334 3152 in
2347 3101 2637 3157 ordinando
2652 3107 2944 3175 pratcipite‘t
2961 3110 3234 3164 ordinatur
3251 3112 3347 3168 Ec-

1781 3191 1975 3254 ch-sizc,
2001 3191 2143 3258 quia,
2172 3193 2272 3246 etsi
2308 3193 2486 3261 plures
2519 3196 2712 3264 habet,
2747 3200 2836 3266 qui
2866 3195 2930 3252 ad
2961 3203 3350 3270 suscipiendam

1781 3283 2077 3335 animarum
2106 3299 2289 3337 curam
2323 3301 2427 3338 non
2471 3297 2594 3340 sunt
2621 3288 2792 3343 idonei
2819 3332 2834 3354 ,
2872 3293 2960 3360 qui
3012 3305 3188 3348 tamen
3221 3315 3349 3366 pne-

1779 3389 1896 3426 esse
1938 3374 2139 3440 rossint
2187 3375 2235 3428 ei
2283 3375 2470 3430 deesse
2508 3394 2614 3431 non
2663 3391 2902 3448 po~'sunt.
2960 3381 3170 3449 Quterat
3224 3402 3352 3455 ergo

1778 3462 1967 3516 doctor
1991 3463 2267 3528 iustartcr,
2295 3483 2396 3520 non
2420 3466 2629 3522 deﬁciat
2649 3485 2905 3537 qua-rere.
2931 3472 3103 3528 donec
3128 3477 3365 3532 latentes-

1783 3553 1950 3619 posit
1993 3552 2251 3607 invenire.
2282 3555 2482 3624 Magna:
2528 3560 2741 3626 quidem
2791 3562 3080 3616 electorum
3129 3567 3355 3621 virtutes

1782 3645 1931 3714 qua~i
1952 3645 2184 3700 thesauri
2203 3648 2582 3716 omnipotentis
2602 3650 2690 3705 Dei
2709 3651 2818 3706 fere
2841 3669 3053 3720 semper
3070 3655 3120 3708 in
3139 3659 3351 3712 occulto

1781 3744 1925 3787 sunt.
1951 3733 2095 3788 More
2136 3737 2332 3790 etenim
2367 3738 2734 3793 timoratorum
2767 3741 2985 3794 divitum
3009 3745 3350 3811 armipotens

1784 3821 1923 3875 Dius
1955 3823 2078 3876 facit
2111 3842 2122 3875 :
2165 3825 2288 3892 quia
2321 3841 2386 3878 ne
2415 3827 2666 3879 virtutum
2700 3829 2980 3882 thesauros
3009 3831 3210 3898 perdat,
3255 3833 3351 3886 hes

1784 3913 1911 3965 etin
1941 3913 2124 3967 electis
2152 3915 2417 3969 mentibus
2442 3918 2710 3981 collocat,
2750 3927 2804 3971 et
2830 3918 2972 3987 ipsas
3013 3928 3218 3975 mentes
3259 3936 3353 3992 per

1784 4011 2047 4057 seen-tum
2091 4005 2250 4060 celat.
2297 4005 2510 4072 Qumrat
2547 4022 2675 4075 ergo
2700 4049 2717 4074 ,
2759 4009 2847 4077 qui
2888 4009 3075 4063 ordina
3108 4026 3138 4065 e
3163 4049 3180 4074 ,
3244 4011 3350 4064 imo

1783 4107 1993 4155 ornare,
2048 4092 2300 4149 Ecclesiae
2346 4104 2505 4165 caput
2535 4097 2714 4164 cupit,
2746 4097 2984 4151 occultos
3034 4097 3344 4154 thesauros.

1783 4180 1976 4235 Chri~ti
2004 4197 2252 4251 sponsam
2282 4169 2476 4237 ernarc
2504 4185 2696 4251 gestit;
2727 4184 2820 4238 sed
2859 4201 2964 4238 non
2998 4195 3208 4254 potest,
3251 4188 3347 4243 nisi

1783 4274 2022 4327 occultos
2044 4274 2226 4343 sponsi
2249 4275 2529 4328 thesauros
2559 4275 2623 4327 ad
2653 4275 2767 4343 ejus
2788 4285 3032 4329 ornatum
3055 4278 3343 4344 producat.

1784 4371 1840 4416 et
1884 4380 1989 4416 non
2031 4365 2268 4428 desistat,
2317 4366 2486 4420 donec
2522 4367 2751 4419 latentes
2799 4366 3049 4419 invinial.
3082 4365 3185 4420 Sed
3226 4368 3350 4434 quid

196 4420 274 4475 l5.
310 4423 492 4491 Sama,
523 4426 761 4492 audiens,
791 4428 1188 4497 interpretatur.
1232 4428 1366 4496 Quid
1407 4445 1534 4500 ergo
1578 4431 1676 4486 Sa-

1787 4451 1966 4504 hortur
1995 4462 2236 4518 pastores
2265 4467 2523 4520 qumre-e,
2560 4469 2680 4507 cum
2712 4453 2810 4506 nisi
2846 4453 2984 4508 Deus
3013 4455 3196 4507 mulos
3223 4453 3348 4525 [Le-

137 4526 208 4564 tua
249 4515 508 4583 designat,
548 4518 658 4571 nisi
707 4519 1016 4574 obedientis
1051 4529 1104 4574 et
1139 4521 1444 4590 simplices?
1483 4523 1678 4578 Audire

136 4603 327 4665 quidem
355 4607 462 4671 eis,
500 4613 592 4660 est
617 4621 830 4674 ea-qua:
858 4623 887 4660 a
918 4608 1210 4676 majoribus
1245 4610 1518 4676 iubentur,
1548 4611 1679 4667 obe-

138 4691 313 4747 diendo
341 4697 616 4763 perlicere.
648 4695 800 4751 Unde
821 4706 876 4751 et
900 4698 968 4753 de
1002 4699 1306 4754 obedientia
1335 4701 1548 4770 gentilis
1575 4717 1675 4770 po-

138 4784 232 4848 juli
266 4802 355 4854 per
387 4788 716 4843 Psalmistam
745 4789 935 4844 dicitur
965 4809 978 4843 :
1010 4791 1258 4860 Populus,
1285 4809 1432 4863 quem
1459 4809 1562 4848 non
1592 4809 1678 4848 co-

140 4877 289 4939 gnari,
309 4880 503 4932 servivit
523 4880 668 4946 mihi,
683 4880 736 4932 in
760 4880 936 4933 auditu
960 4883 1098 4934 auris
1117 4873 1342 4935 .obediitit
1361 4884 1486 4936 milii
1504 4884 1674 4954 (Psal.

141 4976 249 5026 nu,
277 4965 383 5036 l5).
411 4968 548 5034 Quid
576 4978 658 5023 est
687 4978 862 5023 autem
886 5010 901 5035 ,
933 4971 1073 5039 quod
1103 4987 1208 5025 non
1235 4972 1361 5040 ε’ἰεὶ
1390 4988 1418 5025 a
1451 4973 1677 5028 Domino

145 5050 365 5110 dicuntur
386 5075 398 5110 :
423 5059 522 5113 nisi
543 5059 666 5126 quia
697 5059 750 5113 in
782 5060 1034 5115 Ecclesia:
1070 5061 1302 5116 culmine
1330 5079 1434 5116 non
1468 5079 1676 5130 ponun-

145 5150 214 5192 tur
241 5143 455 5212 imperiti
491 5148 712 5202 humiles
734 5188 750 5213 ,
779 5149 874 5202 sed
921 5149 1148 5204 humiles
1175 5153 1464 5220 sapientes,
1491 5152 1580 5220 qui
1621 5160 1675 5206 et

146 5232 298 5289 lacere
320 5237 457 5304 jussa
484 5239 691 5306 sciant,
731 5249 785 5293 et
808 5255 925 5308 quae
959 5240 1194 5295 facienda
1224 5251 1372 5306 sunt,
1411 5245 1572 5311 sapic.
1598 5251 1678 5297 ter

147 5319 366 5380 iubeant?
408 5328 606 5384 Facere
650 5330 865 5398 quidem
903 5345 1024 5384 eum
1074 5339 1309 5399 oportet,
1356 5341 1411 5386 et
1461 5333 1673 5386 docere.

148 5409 306 5467 Faciat
341 5431 464 5486 ergo
493 5419 779 5481 humiliter,
819 5419 1012 5474 doceat
1048 5421 1334 5490 sapienter.
1375 5420 1506 5486 Quia
1547 5435 1674 5488 ergo

149 5502 223 5565 qui
263 5503 424 5562 facere
465 5525 562 5580 per
601 5511 954 5564 humilitatem
998 5513 1203 5577 sciunt,
1249 5521 1303 5566 ct
1348 5512 1536 5580 jubere
1582 5529 1676 5581 per

151 5591 468 5652 urrdltiorem
515 5601 787 5664 nesciunt,
827 5601 880 5654 in
928 5600 1237 5670 dignitatem
1282 5602 1476 5671 regiam
1530 5617 1676 5655 assc-

1781 4542 2000 4612 gendum
2029 4542 2224 4594 videtur
2239 4542 2504 4611 occultos}
2523 4542 2778 4610 proferat,
2807 4559 3028 4611 nequeat
3055 4554 3076 4596 t
3103 4545 3349 4599 inveniri?

1771 4629 1914 4696 'Quil
1946 4639 2028 4684 est
2063 4631 2206 4684 enim
2242 4631 2384 4684 aliud
2411 4649 2424 4683 :
2463 4630 2634 4701 Unges
2661 4648 2806 4701 quem
2837 4642 3185 4684 monstrarem
3218 4633 3350 4685 tibi?

1783 4718 1980 4774 Tamen
2002 4718 2270 4786 quaerendi
2294 4728 2441 4781 sum,
2465 4733 2535 4786 qu
2559 4735 2610 4780 a,
2637 4720 2731 4771 nisi
2754 4719 2960 4786 qumsiti
2991 4719 3098 4780 diu,
3131 4721 3348 4774 minime

1783 4816 2166 4861 monstrantur.
2221 4805 2350 4859 Nam
2397 4815 2452 4860 et
2503 4807 2758 4859 Dominus
2820 4823 2878 4860 se
2932 4817 3346 4862 monstraturum

1785 4894 2064 4963 promittit.
2096 4903 2150 4948 et
2175 4902 2351 4946 tamen
2383 4894 2641 4962 prepheta
2669 4909 2908 4961 quavrere
2949 4895 3150 4955 nititur,
3183 4904 3240 4948 ut
3268 4896 3348 4948 iit-

1780 4984 1960 5036 veuire
1991 4991 2276 5036 mereatur.
2307 4980 2456 5036 Unde
2498 4991 2553 5036 et
2585 4983 2834 5036 Dominus
2855 4984 3123 5050 qtuere-uti
3146 4984 3346 5038 instan-

1781 5078 1907 5129 tiam
1936 5076 2183 5144 imperat,
2213 5076 2396 5129 dicens
2423 5091 2436 5127 ;
2472 5076 2694 5140 Quwrite
2719 5086 2766 5127 et
2794 5076 3079 5137 invenietis,
3111 5077 3262 5146 petite
3298 5086 3346 5130 et

1780 5165 2056 5233 accipietis,
2088 5165 2286 5234 pulsate
2321 5173 2369 5217 et
2411 5165 2666 5233 aperietur
2707 5164 2844 5216 vobis
2887 5162 3115 5234 (Matth.
3148 5179 3237 5228 vn,
3267 5164 3341 5231 7).

1783 5253 2034 5320 anerens
2061 5266 2188 5321 ergo
2218 5253 2497 5322 propheta,
2524 5261 2578 5306 et
2601 5262 2677 5304 tot
2701 5252 2808 5319 jam
2836 5253 3082 5320 repulsis,
3104 5268 3344 5320 quau-ere

1782 5362 2148 5418 perseverans,
2178 5347 2302 5414 quid
2331 5346 2484 5400 nobis
2514 5347 2763 5410 insinuat,
2796 5346 2896 5398 nisi
2947 5352 3003 5398 ut
3048 5344 3190 5398 nulla
3237 5344 3342 5400 iis-

1783 5455 1828 5508 ιιι
1853 5437 2092 5490 nsatione
2120 5435 2315 5500 indigni
2343 5434 2410 5487 ad
2451 5437 2660 5488 culmen
2701 5433 2973 5499 religionis
3009 5431 3190 5485 venire
3220 5447 3342 5499 per-

1781 5529 2050 5581 ruittaruur
2065 5529 2074 5600 |
2090 5526 2246 5580 For’te
2266 5523 2694 5596 permutantur]?
2715 5523 2844 5578 Nam
2867 5539 2986 5578 curn
3009 5525 3059 5578 in
3077 5523 3146 5592 ph
3164 5525 3342 5592 risque

1781 5635 1853 5672 sa-
1880 5628 1976 5671 t-trc
2005 5617 2258 5672 Eccles':c
2286 5617 2510 5684 negotiis
2539 5615 2765 5669 salubris
2792 5615 2861 5669 sit
2888 5615 3232 5684 dispensatio.
3267 5621 3341 5670 le-
