3948 6276
598 306 699 362 ιείς

1803 307 2044 363 SANCTI
2086 305 2410 361 CRECOltll
2448 305 2661 363 MACNI

3759 316 3874 364 suo

596 420 759 473 tha‘is
800 417 1044 486 profecto
1086 426 1141 471 et
1180 414 1456 470 mortifera
1494 422 1599 479 est,
1650 415 1738 469 ubi
1782 422 1877 469 aut
1912 416 2040 469 czcci
2088 428 2185 484 per
2211 421 2257 475 Α
2288 415 2492 467 rm'at.’
2536 416 2708 481 Quem
2760 414 3026 482 requirit,
3074 414 3173 468 nisi
3221 414 3347 483 quia
3400 415 3453 469 in
3502 414 3878 480 observatione.

596 511 977 578 ignorantiam,
1023 518 1114 562 aut
1140 508 1419 575 irreligiosi
1449 506 1741 575 sapientes,
1774 513 1867 559 aut
1909 504 1975 559 ad
2010 520 2179 560 szecu-

597 600 728 653 laria
765 600 975 668 negotia
1008 597 1236 668 projecti
1282 597 1347 649 ad
1396 597 1622 650 alituum
1668 596 1956 664 primatum
2000 594 2183 649 venire

595 693 998 760 permittuntur.
1034 689 1098 742 lli
1125 687 1267 742 enim
1294 687 1611 755 ignorando,
1644 687 1718 740 ilti
1746 685 1967 739 sciendo
1989 694 2044 738 et
2074 701 2179 737 non

596 780 859 845 faciendo,
890 779 1223 833 subditorum
1246 778 1451 831 animas
1482 777 1748 846 perimunt
1779 794 1792 829 :
1828 776 1901 830 illi
1933 776 2058 829 item
2088 790 2183 828 ne-

591 869 843 937 giigendo
888 868 1205 939 spiritualla,
1254 866 1530 936 sequendo
1574 866 1809 920 carnalia
1845 874 1899 919 et
1942 874 2175 918 terrena.

595 961 673 1014 llli
705 960 918 1029 quidem
952 960 1078 1013 totis
1107 958 1309 1013 viribus
1335 958 1618 1022 laborant,
1647 966 1705 1011 ut
1730 956 2014 1011 laudentur
2057 972 2176 1025 qua:

585 1050 806 1113 ditunt;
855 1049 941 1103 isti
970 1064 1089 1118 quae
1118 1049 1302 1102 dicant
1348 1048 1629 1112 nesciunt;
1660 1046 1735 1101 illi
1765 1046 1831 1099 ad
1880 1047 1983 1100 hoc
2028 1046 2173 1099 omni

588 1142 887 1195 intentione
917 1148 1203 1206 conantur,
1234 1149 1293 1193 ut
1323 1139 1463 1194 inter
1501 1151 1743 1193 summos
1783 1137 1965 1192 surculi
2002 1136 2174 1190 abun—

584 1232 804 1287 dantius
849 1232 1187 1287 honor-eatur
1239 1248 1252 1283 :
1298 1230 1391 1299 qui
1450 1230 1694 1299 profecto
1743 1236 1895 1283 tanto
1960 1226 2176 1297 pejores

588 1324 856 1393 priorbus
883 1331 1042 1389 sunt,
1073 1330 1277 1390 quanto
1309 1316 1382 1374 illi
1414 1321 1465 1374 in
1496 1317 1842 1389 spiritalibus,
1870 1318 1955 1372 isti
1984 1318 2035 1370 iu
2058 1329 2174 1372 car-

588 1416 797 1471 nalibus
823 1426 877 1469 et
902 1414 1244 1468 saccn‘atibus
1265 1424 1529 1480 apparere
1554 1412 1809 1464 sublimes
1840 1412 2041 1464 vo'unt.
2072 1406 2182 1461 llo-

588 1520 706 1560 rum
739 1506 855 1558 linis
885 1504 1209 1558 desiderium
1240 1506 1374 1565 est,
1426 1500 1599 1555 fulciri
1634 1501 1852 1563 divitiis,
1886 1499 2182 1552 honoribus

588 1595 796 1659 extolli,
830 1601 1108 1661 pozentum
1140 1591 1296 1659 hujus
1323 1591 1501 1645 smculi
1529 1588 1981 1642 familiaritatibus
2010 1585 2179 1641 subli-

587 1686 743 1740 tnari.
776 1683 851 1736 De
879 1684 1069 1751 quibus
1097 1681 1346 1735 onmibus
1372 1679 1621 1748 reprobat
1662 1677 1858 1730 mentis
1900 1674 2181 1729 affectibus

2278 500 2466 572 jcjunii
2494 505 2812 558 celebranda
2832 514 2957 558 sunt
3000 513 3337 559 sacramenta
3380 504 3683 560 unctionis?
3709 508 3881 563 Nobis

2283 603 2462 647 autem
2497 610 2600 647 non
2630 596 2803 649 solum
2850 596 2965 666 ipsa
3009 606 3379 661 sacramenta,
3428 595 3525 650 sed
3568 597 3646 651 vis
3684 614 3871 654 sacra-

2283 695 2587 740 mentorum
2632 686 2956 741 attendenda
3000 696 3100 739 est.
3151 686 3283 741 Nam
3334 687 3553 755 quidam
3586 689 3686 744 cibi
3722 701 3876 753 sunt,

2284 774 2372 842 qui
2401 776 2445 829 si
2478 792 2583 828 non
2615 784 2875 830 caventur
2897 817 2913 843 ,
2944 790 3146 844 ungere
3189 776 3327 831 bene
3360 791 3519 845 reges
3541 794 3577 831 n
3613 796 3875 849 quaquatn

2282 865 2486 919 sinunt.
2535 862 2816 921 Exteriora
2864 867 3079 921 quidem
3130 865 3387 921 Ecclesia:
3415 870 3628 936 negotia
3657 870 3875 939 quidam

2288 958 2391 1012 cibi
2440 959 2634 1012 anima:
2688 967 2843 1024 sunt,
2896 961 2989 1028 qui
3040 961 3107 1012 ab
3159 959 3351 1014 electis
3404 960 3602 1015 devote
3650 964 3881 1018 admini-

2286 1056 2542 1102 strantur.
2570 1048 2676 1102 Sed
2706 1050 2749 1102 si
2796 1050 3130 1117 negotiorum
3184 1048 3530 1105 multitudine
3578 1052 3743 1105 anima
3790 1070 3874 1107 sa.

2285 1145 2531 1204 turetur,
2576 1141 2641 1192 ad
2684 1139 3021 1208 susi-ipienda
3071 1139 3367 1207 spiritualia
3414 1140 3617 1195 in'rare
3645 1143 3881 1210 perlecte

2288 1246 2393 1282 non
2422 1229 2633 1283 sinitur.
2658 1229 2790 1284 Cum
2808 1244 2941 1297 ergo
2967 1229 3223 1299 spiritalia
3248 1231 3467 1289 instant.
3492 1231 3753 1284 exteriora
3778 1232 3881 1284 dd-

2285 1317 2562 1371 ferautur:
2593 1319 2717 1387 quia
2745 1334 2868 1373 cum
2900 1332 3090 1386 magna
3121 1318 3317 1372 mentis
3336 1318 3521 1386 quiet:
3543 1317 3878 1387 disponenda

2280 1417 2425 1461 sunt.
2462 1408 2719 1475 Sequitur
2751 1425 2765 1459 :

2355 1496 2530 1566 (Vc-rs.
2567 1495 2678 1565 12.)
2715 1495 2857 1549 Misit
2888 1512 3033 1566 ergo,
3063 1504 3111 1549 et
3133 1495 3351 1550 adduxit
3378 1513 3518 1550 eum.

2356 1588 2471 1641 llex
2511 1588 2721 1642 futurus
2767 1587 3078 1649 adducitur,
3123 1588 3340 1657 quando
3374 1588 3445 1641 ab
3494 1588 3881 1642 occultationis

2282 1693 2392 1731 sum
2423 1677 2657 1731 latibulis
2687 1678 2917 1731 humiles
2956 1678 3345 1747 producuntur.
3402 1678 3594 1733 Latent
3623 1679 3841 1749 quidem
3861 1720 3876 1739 .

585 1778 713 1831 oriri
746 1784 923 1845 potest
956 1774 1144 1842 negligi
1168 1773 1277 1825 ntia
1319 1772 1616 1823 animarum
1647 1769 2017 1831 subdito-uin,
2049 1781 2179 1822 con-
2213 1770 2255 1826 Β
2285 1767 2380 1821 sed
2420 1768 2471 1821 in
2509 1768 2754 1837 pascuis;
2803 1769 2960 1838 quia,
3011 1769 3112 1822 etsi
3157 1769 3463 1823 hominibus
3514 1770 3655 1823 intra
3699 1773 3884 1825 carnis

590 1877 826 1937 lemptus
852 1866 1083 1930 Christi,
1118 1874 1169 1917 et
1201 1863 1454 1918 Ecclesia:
1482 1861 1796 1931 dilapidatio
1838 1860 1956 1915 fncu
1983 1868 2174 1912 tatnm.

589 1958 805 2025 Quaaat
852 1958 1031 2025 itaque
1061 1958 1272 2016 doctor,
1324 1962 1384 2005 ut
1424 1954 1567 2007 nulla
1599 1952 1997 2021 dispensatione
2041 1949 2177 2003 indi-

583 2066 719 2119 gnos
750 2049 996 2117 ιτευΐεωι
1030 2066 1039 2099 :
1075 2048 1198 2115 quia
1229 2045 1372 2115 quol
1403 2040 1709 2098 lethil‘e‘rum
1757 2050 1867 2107 est,
1903 2056 2177 2110 nunquam

589 2143 825 2213 permitti
851 2142 1034 2195 debet.
1070 2139 1222 2193 Unde
1245 2146 1299 2190 et
1326 2136 1572 2190 subditur
1600 2156 1610 2188 :

654 2231 900 2300 Dixitque
916 2230 1127 2284 Samuel
1144 2230 1211 2280 ad
1230 2226 1341 2280 Isai
1357 2242 1375 2280 :
1391 2225 1642 2297 Nunquid
1658 2226 1894 2295 completi
1907 2232 2029 2278 sunt
2045 2222 2183 2293 lilii?

655 2320 792 2386 Quid
823 2328 923 2382 est,
965 2318 1108 2385 quod
1138 2317 1299 2369 alium
1328 2315 1552 2383 quatrit,
1590 2315 1689 2369 nisi
1718 2314 1845 2382 quia
1873 2328 1981 2366 non
2013 2312 2178 2364 debet

583 2422 707 2465 ante
732 2425 977 2478 qumrens
1004 2408 1303 2475 quiescere,
1329 2421 1489 2474 quam
1517 2413 1791 2458 mereatur
1808 2402 2085 2455 invenire?
2108 2398 2175 2452 Et

582 2501 707 2570 quia
738 2515 878 2568 smpe
909 2500 1119 2565 abiecta
1151 2496 1282 2550 loris
1311 2504 1365 2549 et
1390 2495 1546 2561 vilia,
1577 2493 1721 2549 intus
1770 2491 1984 2549 excelsa
2013 2498 2138 2546 suat
2163 2532 2177 2554 ,

587 2591 833 2657 sequitur
860 2608 872 2640 :

662 2682 837 2749 (νοτε.
872 2680 983 2750 ll.)
1014 2677 1110 2742 Qui
1136 2678 1398 2747 rcspuudit
1422 2693 1438 2729 :
1460 2675 1574 2729 Adii
1615 2692 1640 2727 ε
1662 2674 1883 2745 reliquus
1906 2682 2001 2737 est,
2028 2680 2075 2727 et
2093 2673 2180 2743 qui

585 2772 752 2840 pascit
795 2786 930 2823 oves.

662 2861 749 2913 15.
794 2859 929 2925 Quid
974 2867 1057 2913 est
1104 2857 1371 2926 reliquus,
1426 2858 1523 2911 nisi
1569 2855 1845 2924 abiectus?
1898 2852 2177 2924 Abjcctum

579 2952 849 3008 dicoase.
887 2968 991 3003 non
1050 2966 1080 3003 a
1143 2948 1251 3003 Dco
1280 2967 1293 3000 :
1322 2947 1445 3016 quia
1489 2964 1519 3000 a
1571 2947 1681 3001 Deo
1728 2963 1824 3016 per
1870 2946 2177 3015 superbiam

579 3042 701 3112 quis
748 3040 1026 3109 abj‘citur;
1087 3054 1117 3092 a
1183 3052 1243 3092 se
1298 3038 1540 3107 ahjectus
1603 3045 1718 3101 εει,
1793 3036 1884 3106 qui
1952 3036 2072 3089 visis
2122 3044 2180 3090 et

2281 1855 2407 1911 vilia
2457 1866 2512 1912 et
2566 1858 2772 1910 inlirma
2802 1874 2859 1911 se
2888 1866 3106 1925 tegunt,
3137 1872 3325 1926 magna
3348 1867 3432 1913 est
3466 1874 3709 1927 ευῃρηιιε
3747 1876 3883 1914 con-

2284 1940 2648 2016 templationis
2680 1948 2942 2011 latitudo,
2996 1947 3048 2001 in
3078 1962 3184 2016 qua
3234 1958 3535 2003 morantur.
3572 1948 3678 2004 Sed
3706 1950 3879 2017 qualis

2279 2038 2391 2107 jam
2424 2040 2676 2109 pra-latus
2705 2048 2983 2109 appareat,
3016 2039 3313 2118 videamus.
3343 2039 3603 2110 Sequitur
3632 2043 3795 2109 cnim,
3826 2052 3878 2097 et

2286 2130 2417 2185 dicit
2450 2148 2464 2184 :

2360 2222 2535 2293 (νινε.
2572 2222 2682 2292 12.)
2716 2222 2846 2276 Erat
2868 2232 3037 2276 autem
3069 2225 3214 2294 rufus
3236 2262 3252 2289 ,
3302 2232 3350 2277 et
3392 2223 3608 2294 pulcher
3650 2234 3877 2294 aspectu,

2279 2314 2563 2384 decoraque
2586 2314 2742 2384 facie.

2351 2403 2436 2457 l7.
2460 2400 2593 2468 Quid
2623 2412 2723 2465 est,
2755 2401 2894 2472 quol
2922 2411 3069 2457 tinta
3096 2404 3436 2476 pulchritudo
3486 2406 3629 2474 regis
3679 2408 3869 2461 asseri-

2286 2501 2412 2557 tur,
2469 2492 2569 2545 nisi
2624 2493 2747 2562 quia
2778 2492 2983 2562 magnis
3038 2495 3295 2548 virtutum
3349 2494 3645 2567 fulgoribus
3700 2498 3869 2549 nrnar'

2282 2584 2445 2637 debet
2476 2598 2703 2652 tersona
2734 2583 3009 2637 doctoris?
3040 2584 3169 2637 Nam
3194 2586 3258 2639 i'e
3290 2582 3656 2655 Redemptore
3677 2586 3867 2640 dictum

2283 2684 2406 2727 est:
2434 2685 2456 2709 ιι
2482 2672 2709 2743 Spiritus
2726 2674 2834 2743 ejus
2858 2675 3059 2728 ornauit
3086 2677 3237 2728 cazlos
3268 2673 3409 2735 (Job.
3432 2692 3580 2743 xxvi,
3609 2676 3715 2744 l5).
3744 2676 3868 2730 Cu-li

2288 2780 2521 2832 namque
2568 2774 2692 2818 sunt
2733 2765 2988 2819 suilntes
3037 2765 3435 2834 praedicatoves.
3485 2767 3587 2833 Qui
3638 2769 3868 2836 profecto

2284 2856 2405 2909 αι)ιί
2436 2872 2465 2908 a
2499 2855 2688 2924 spiritu
2719 2856 2892 2908 ornati
2923 2863 3045 2908 sunt
3069 2896 3085 2921 ,
3118 2855 3241 2923 quia
3274 2854 3499 2911 virtutes
3527 2856 3716 2925 quibus
3740 2856 3869 2908 ciiii-

2280 2954 2407 3000 cant
2433 2962 2464 2999 a
2491 2945 2691 3015 Spiritu
2722 2957 2910 3000 sancto
2939 2945 3261 3015 percipiunt.
3287 2945 3426 3011 Quid
3442 2956 3526 2999 est
3552 2960 3699 3013 ergo,
3728 2944 3867 3014 quod

2281 3036 2431 3092 rufus
2457 3037 2745 3100 asScritur,
2776 3035 2877 3089 nisi
2902 3035 3026 3105 quia
3056 3035 3108 3089 in
3138 3036 3299 3089 rubra
3328 3051 3473 3105 smpe
3498 3036 3721 3089 materia
3744 3035 3866 3087 cha.

584 3134 801 3189 humilis
849 3132 1165 3186 resumatur.
1238 3127 1333 3184 Vel
1408 3129 1645 3198 reliquus
1703 3128 1934 3193 dicitur,
1981 3126 2071 3195 qui
2123 3127 2175 3181 in
2203 3127 2248 3187 C
2282 3126 2455 3181 ritatis
2483 3126 2662 3180 fervor
2687 3126 3037 3195 designatur?
3082 3123 3232 3180 Unde
3260 3136 3316 3180 et
3346 3126 3396 3179 in
3429 3133 3579 3179 veste
3609 3123 3867 3194 po..tilitis

580 3226 805 3279 aliorum
841 3222 1246 3292 comparatione
1270 3236 1388 3274 csse
1416 3219 1615 3287 aliquid
1643 3235 1749 3273 non
1781 3217 2012 3272 videtur.
2064 3218 2173 3270 Ab-

578 3317 747 3387 jectus
777 3332 904 3381 (ξι-60
937 3315 1148 3367 humilis
1179 3313 1413 3376 dicitur;
1439 3310 1563 3380 quia
1595 3312 1867 3367 contemni
1909 3327 1967 3365 se
2002 3311 2169 3376 videt,

578 3416 634 3462 et
664 3407 876 3468 tolerat,
904 3403 1061 3474 382
1085 3404 1298 3457 ostendi
1332 3418 1667 3472 nequaquam
1697 3412 1883 3468 curat,
1921 3404 2016 3458 sed
2043 3419 2173 3458 oves

578 3496 781 3566 pascit;
810 3510 932 3562 qua
964 3494 1317 3561 cogitationes
1346 3493 1614 3561 simplices
1644 3494 1693 3547 in
1719 3495 2173 3563 coi.templatione

582 3594 797 3638 acterna:
828 3582 1151 3636 lncrediatis
1194 3583 1378 3635 nutrit.
1413 3581 1487 3636 De
1518 3582 1598 3635 his
1623 3592 1769 3636 certe
1801 3585 2014 3651 pascuis
2061 3584 2171 3638 ele-

575 3684 785 3730 ctorunt
802 3689 831 3725 a
857 3672 1082 3725 Domino
1108 3672 1300 3726 dicitur
1323 3690 1335 3724 :
1366 3670 1729 3742 Iugredientur
1753 3685 1800 3725 et
1820 3675 2166 3744 egredieutur,

575 3776 624 3819 et
640 3781 834 3833 pascua
865 3765 1118 3817 invenient
1152 3763 1331 3830 (Joan.
1366 3780 1430 3829 ι,
1462 3760 1537 3830 9).
1567 3761 1713 3819 Intus
1740 3766 1938 3834 quippe
1967 3764 2170 3819 habent

577 3871 773 3925 pascua
825 3853 1323 3923 contemplationis,
1373 3854 1502 3908 loris
1550 3870 1745 3924 pascua
1795 3856 1918 3909 boni
1963 3858 2167 3926 Operis.

576 3943 724 3998 Intus
752 3958 983 3998 mentem
1013 3942 1391 3999 devotionibus
1422 3945 1789 4014 impinguant,
1821 3946 1950 4002 foris
1976 3966 2035 4003 se
2062 3944 2165 4019 piis

574 4035 829 4105 Operibus
857 4036 1074 4087 satiant.
1127 4034 1317 4088 Merito
1366 4037 1618 4102 parvulus
1665 4036 1766 4091 iste
1816 4030 2014 4092 dicitur
2041 4055 2171 4095 oves

577 4139 832 4195 pascere,
863 4125 986 4193 quia
1018 4124 1222 4178 electus
1250 4125 1476 4193 quisque
1499 4125 1715 4185 humilis
1742 4137 1856 4192 est,
1887 4136 1942 4182 et
1973 4130 2172 4186 sterilis

579 4232 687 4270 non
716 4225 799 4269 est
821 4254 835 4277 ,
866 4216 955 4283 qui
987 4217 1228 4283 quotidie
1258 4232 1448 4285 magna
1476 4220 1612 4286 agit,
1644 4220 1738 4274 sed
1764 4219 1832 4275 de
1876 4236 1936 4276 se
1977 4236 2168 4291 magna

580 4323 687 4360 non
710 4310 890 4360 sentit.
927 4306 1117 4360 Merito
1145 4322 1273 4375 ergo
1304 4324 1409 4361 non
1440 4310 1612 4361 solum
1642 4310 1924 4378 parvulus,
1954 4312 2047 4366 sed
2074 4328 2171 4382 pa-

2279 3232 2477 3272 coccus
2506 3216 2724 3285 ponitur
2752 3217 2834 3271 bis
2865 3217 3093 3281 tinctus,
3133 3226 3191 3269 ut
3218 3215 3417 3285 dupl.ci
3459 3218 3592 3270 vesti
3616 3228 3720 3270 :tur
3744 3218 3864 3270 cha-

2276 3306 2458 3360 ritate.
2509 3305 2678 3360 Rufus
2728 3320 2859 3374 ergo
2900 3306 3096 3360 dicitur
3142 3321 3240 3375 per
3284 3310 3533 3360 ardorem
3578 3307 3863 3371 charitatis,

2275 3399 2399 3467 quia
2428 3401 2554 3452 dum
2577 3400 2816 3453 ardentia
2842 3410 3105 3469 pnccepta
3136 3400 3417 3454 charitatis
3443 3401 3688 3468 exhibet,
3711 3402 3856 3468 quasi

2277 3504 2378 3560 per
2401 3490 2638 3545 calorem
2670 3491 2845 3545 rubet.
2879 3490 3015 3557 Quid
3061 3492 3189 3545 item
3238 3500 3323 3546 εει
3364 3491 3587 3561 pulcher
3629 3500 3862 3561 aspectu,

2278 3583 2380 3636 nisi
2408 3582 2615 3636 interna
2637 3582 2971 3651 contemplat
2992 3596 3097 3635 one
3139 3581 3501 3651 conspicuus?
3531 3580 3699 3648 Quasi
3728 3581 3862 3637 enini

2274 3671 2451 3742 pulchi
2469 3686 2557 3725 um
2588 3681 2861 3740 aspectum
2889 3671 3074 3738 habet,
3101 3672 3191 3739 qui
3216 3673 3413 3726 decore
3442 3672 3669 3727 visionis
3698 3672 3863 3727 radiat

2271 3760 2324 3815 in
2357 3762 2564 3816 interna
2593 3762 3068 3830 contemplatione.
3102 3761 3241 3828 Quid
3263 3777 3391 3830 ergo
3415 3763 3579 3818 facies
3599 3764 3860 3835 designat.

2268 3852 2371 3906 nisi
2417 3852 2742 3906 exteriomm
2789 3851 3016 3919 gloriam
3065 3852 3398 3907 honestatis?
3448 3851 3583 3908 Nam
3615 3855 3743 3924 quia
3775 3869 3863 3924 per

2268 3942 2460 3998 faciem
2481 3958 2553 4011 qu
2575 3958 2709 4012 sque
2731 3944 3075 4012 cognoscitur
3090 3985 3106 4010 ,
3132 3944 3299 4001 decor
3324 3945 3484 4001 faciei
3504 3955 3589 4000 est
3609 3947 3863 4016 prmclara

2272 4035 2528 4091 honestas
2555 4037 2998 4092 conversationis.
3026 4036 3187 4103 Quasi
3218 4040 3361 4093 enim
3391 4054 3491 4109 per
3519 4038 3677 4094 faciei
3706 4039 3864 4093 deco-

2272 4141 2386 4181 rem
2414 4127 2685 4191 cernitur,
2712 4126 2804 4196 qui
2832 4128 2885 4181 in
2915 4128 3061 4182 omni
3083 4135 3238 4196 gestu
3261 4128 3509 4198 corporis
3553 4128 3862 4198 Splendidus

2272 4218 2563 4274 invenitur.
2594 4218 2769 4274 Rufus
2790 4233 2921 4289 ergo
2968 4235 3156 4276 amore
3196 4228 3319 4285 est,
3370 4220 3598 4290 pulcher
3646 4229 3859 4290 aspectu

2271 4320 2494 4381 propter
2516 4310 2794 4365 scientiam
2811 4311 3011 4366 decem
3034 4310 3192 4380 facie,
3218 4312 3533 4382 Splendidus
3556 4314 3854 4367 honestate.

577 4404 697 4450 stor
721 4396 977 4449 asseritnr
1011 4414 1023 4449 :
1058 4397 1181 4462 quia
1213 4397 1303 4464 qni
1353 4413 1478 4451 vere
1507 4398 1735 4453 humiles
1763 4410 1921 4465 sunt,
1953 4403 2081 4457 foris
2107 4419 2168 4458 se
2198 4449 2246 4474 η
2271 4399 2407 4467 Quia
2437 4415 2567 4455 vero
2596 4401 2875 4456 charitatis
2908 4401 3090 4458 fervor
3125 4404 3290 4474 383
3338 4419 3436 4474 per
3462 4412 3652 4459 sancta
3702 4417 3855 4472 opera

577 4484 861 4553 dejiciunt,
890 4485 984 4539 sed
1010 4501 1106 4554 per
1136 4486 1397 4540 internam
1420 4487 1732 4541 societatem
1762 4490 1814 4543 iu
1838 4492 2077 4554 summis,
2108 4502 2165 4547 et

575 4575 791 4630 mternis
816 4576 1026 4645 pascuis
1048 4576 1419 4629 immorantur.
1445 4577 1577 4631 Nam
1600 4578 1854 4648 scriptum
1885 4589 1968 4635 est
1989 4598 2003 4634 :
2027 4581 2163 4638 Deus

575 4664 809 4735 superbis
825 4666 1033 4729 resistit,
1050 4666 1322 4719 humilibus
1338 4676 1506 4721 autem
1521 4668 1611 4721 dat
1622 4672 1847 4739 gratiam
1867 4669 1922 4743 (Ι
1948 4664 2089 4727 Petr.
2108 4690 2159 4739 v,

574 4755 654 4826 5).
704 4755 833 4823 Qua:
879 4765 1058 4809 autem
1106 4757 1313 4825 gratia?
1356 4756 1464 4811 Nisi
1514 4766 1572 4812 ut
1610 4776 1819 4815 summa
1864 4762 2080 4818 videant
2107 4775 2163 4819 et

574 4856 939 4913 cognoscant,
983 4855 1311 4915 cognoscant
1340 4856 1395 4901 et
1430 4848 1685 4916 diligant,
1725 4861 1889 4920 atque
1934 4854 2002 4907 ad
2049 4854 2163 4924 ipsa

576 4937 772 4993 dilecta
800 4941 947 5008 quasi
978 4941 1199 5011 pingues
1226 4950 1282 4994 et
1315 4942 1480 4996 fortes
1518 4956 1760 5000 currant.
1814 4946 1911 5002 Hic
1958 4949 2159 5018 itaque,

577 5029 702 5097 quia
732 5030 884 5083 valde
914 5030 1141 5084 idoneus
1183 5040 1299 5093 est,
1348 5031 1611 5087 instanter
1656 5035 1897 5091 exhiberi
1921 5037 2159 5107 jubetur.

577 5121 710 5177 Nam
741 5123 984 5190 sequitur
1012 5140 1024 5175 :

648 5212 825 5283 (Vers.
862 5213 967 5279 tl.)
1000 5212 1066 5267 Et
1093 5213 1168 5267 ait
1209 5213 1422 5269 Samuel
1448 5217 1519 5271 ad
1546 5216 1658 5273 lsai
1687 5234 1707 5273 :
1738 5218 1963 5288 Mittite,
1990 5233 2041 5277 et
2062 5226 2162 5278 ad-

576 5304 747 5358 ducite
772 5321 905 5358 eum.
939 5302 1120 5376 Neque
1146 5305 1282 5359 enim
1312 5306 1713 5375 discumbentis,
1749 5311 2047 5381 priusquam
2076 5316 2164 5370 ille

576 5396 768 5448 ueniat.

650 5485 733 5538 l6.
770 5484 907 5549 Quid
937 5494 1017 5541 est
1041 5493 1247 5552 autem,
1281 5484 1405 5541 Non
1434 5487 1805 5548 discumbemus
1824 5535 1840 5562 ,
1864 5501 2160 5567 priusquam

2198 4449 2247 4512 D

2270 4493 2699 4559 demonstratur,
2733 4502 2910 4563 potest
2939 4510 3036 4564 per
3063 4497 3315 4550 ruborem
3344 4496 3458 4568 ipse
3484 4496 3637 4551 labor
3688 4495 3855 4566 operis

2265 4587 2554 4656 designari.
2583 4586 2684 4653 Qui
2714 4588 2856 4642 enim
2904 4587 3066 4642 nimis
3090 4589 3340 4655 laborat,
3397 4587 3554 4653 faciei
3607 4590 3852 4643 ruborem

2260 4685 2617 4748 repraesentat
2646 4694 2660 4730 :
2690 4677 2815 4747 quia
2840 4677 2966 4731 dum
2991 4679 3135 4734 intus
3148 4678 3449 4743 incalescit,
3474 4680 3607 4734 foris
3624 4680 3681 4733 in
3710 4678 3848 4733 vultu

2269 4769 2519 4823 ruborem
2563 4769 2744 4822 trahit.
2795 4768 2886 4824 Sic
2934 4784 3166 4839 namque
3214 4779 3301 4825 est
3347 4771 3527 4825 omnis
3565 4770 3846 4841 spiritualis

2272 4858 2441 4913 labor.
2490 4857 2627 4926 Quia
2670 4860 2811 4914 enim
2855 4861 3225 4930 unusquisque
3265 4870 3469 4930 quanto
3504 4862 3740 4933 amplius
3762 4877 3850 4931 pro

2267 4956 2471 5003 aeterna
2501 4949 2611 5003 vita
2658 4948 2907 5006 laborare
2954 4960 3208 5017 conatur,
3254 4960 3406 5007 tanto
3452 4951 3751 5007 ferventius
3791 4946 3847 5003 ad

2264 5041 2615 5097 laborandum
2638 5045 2810 5100 sancti
2838 5044 3072 5115 Spiritus
3096 5045 3293 5101 ardore
3313 5046 3692 5111 succenditur,
3717 5045 3845 5099 velut

2269 5131 2320 5183 in
2350 5130 2703 5187 fervescendo
2749 5133 3003 5190 ruborem
3044 5135 3270 5199 excitat,
3302 5148 3464 5203 quem
3494 5133 3626 5189 foris
3656 5138 3837 5204 portat.

2269 5224 2434 5280 Rufus
2468 5235 2551 5280 est
2597 5240 2728 5295 ergo
2766 5227 2961 5283 doctor
3007 5229 3197 5285 labore
3236 5228 3321 5298 ,pii
3368 5226 3588 5297 operis,
3635 5225 3843 5296 pulcher

2263 5324 2484 5386 aspectu
2506 5317 2559 5372 in
2587 5317 2794 5387 fulgore
2819 5319 3311 5390 contemplationis.
3340 5317 3520 5373 Decor
3545 5331 3678 5371 vero
3697 5313 3840 5368 faciet

2265 5406 2376 5474 ipsa
2407 5415 2492 5461 est
2518 5408 2861 5476 pulchritudo
2888 5402 3189 5465 charitat's.
3222 5408 3323 5464 l’er
3347 5408 3481 5463 al'as
3518 5407 3718 5477 quippe
3742 5401 3836 5453 νίτ-

2265 5508 2405 5554 tutes
2451 5498 2677 5555 fortnam
2715 5501 3013 5562 sanctitatis
3040 5502 3362 5572 accipimus;
3393 5515 3490 5570 per
3517 5498 3688 5569 ipsam
3713 5492 3819 5551 cha-

648 5706 675 5734 ⁸
715 5697 978 5767 Coxruptc
1027 5703 1077 5756 in
1118 5703 1233 5758 afiis
1283 5704 1533 5770 excusis,
1580 5709 1761 5777 spiritu
1805 5712 1917 5785 ejus
1956 5715 2342 5770 ornarttcwlas.
