3948 6272
173 303 271 358 ἆ37

977 287 1040 342 IN
1083 285 1341 341 PRIMUM
1386 285 1622 341 REGUM
1668 283 2177 340 EXPOSITIONES.
2212 313 2278 322 —
2321 281 2437 334 LIB,
2480 283 2540 334 γ.

3327 284 3422 337 ἱ58

170 414 405 472 nitatem,
436 419 610 475 ipsam
643 401 865 457 formam
899 398 1053 452 nobis
1097 395 1248 467 quasi
1278 393 1506 449 mirabili
1552 393 1748 446 decore
1779 399 1822 451 Α
1855 401 2118 446 metuunt.
2152 392 2215 446 lli
2239 391 2480 462 profecto
2508 400 2740 459 ungunt,
2773 377 2827 442 et
2877 404 2981 443 non
3023 402 3274 458 surgunt;
3301 398 3422 462 νμιξη

165 501 433 556 vestimus.
479 496 590 550 Illae
647 494 763 546 θην
817 492 1039 544 virtutes
1090 501 1282 555 corpus
1324 483 1544 552 justitiae
1598 490 1741 544 sunt,

163 588 396 643 Charitas
425 599 556 640 vero
598 581 755 650 hujus
781 578 1024 647 corporis
1052 575 1216 629 facies
1242 581 1387 627 recte
1409 571 1741 638 intelligitur.

173 677 265 732 Per
290 675 481 728 fat-iem
511 671 733 740 quippe,
765 684 872 723 non
903 682 998 736 per
1037 681 1234 735 corpus
1264 661 1625 729 unusquisque
1653 675 1745 714 co-

166 763 453 830 gnoscitur.
504 758 636 812 Nam
667 756 711 810 si
743 771 938 823 corpus
967 753 1180 812 videas,
1212 759 1266 803 et
1295 749 1485 802 faciem
1515 762 1623 801 non
1662 748 1744 798 vI-

161 855 286 906 deas
305 891 318 909 .
344 865 468 904 eum
497 847 652 915 cujus
691 846 864 900 solum
895 859 1091 912 corpus
1123 840 1312 909 aspicis
1344 854 1446 890 non
1475 837 1742 905 agnosci=.

163 944 294 1010 Quid
322 957 452 995 vero
481 949 564 994 est
582 937 747 1004 aliud,
773 935 915 1005 quod
954 933 1112 987 fatuis
1140 931 1431 999 virginibus
1456 928 1745 998 responde-

164 1045 247 1088 tur
269 1049 298 1086 a
340 1045 577 1100 sponso:
606 1027 798 1082 Nescio
821 1042 906 1080 vos
935 1024 1147 1089 (Matth.
1178 1038 1303 1084 xxv,
1332 1020 1458 1090 12)?
1488 1019 1627 1073 Ecce
1650 1032 1746 1087 per

163 1135 380 1189 magnos
406 1119 620 1173 labores
659 1116 937 1182 virginitas
964 1119 1343 1176 conservatur,
1377 1109 1488 1177 ipsa
1529 1121 1744 1178 quoque

163 1209 435 1279 virginitas
460 1221 653 1275 magna
677 1214 731 1260 et
753 1201 1185 1272 incomparabilis
1217 1201 1383 1252 virtus
1413 1197 1739 1264 agnoscitur.

159 1303 294 1370 Quid
318 1308 403 1356 est
423 1314 579 1370 ergo,
608 1296 753 1365 quod
781 1295 939 1349 fatua:
966 1292 1203 1360 virgines
1232 1304 1262 1343 a
1286 1303 1486 1358 Sponso
1518 1301 1623 1340 non
1652 1302 1744 1340 co-

158 1403 520 1462 gnoscuntur,
549 1387 653 1442 nisi
677 1387 800 1457 quia
845 1398 1044 1453 corpus
1070 1382 1271 1435 habent
1297 1393 1403 1448 quo
1429 1376 1740 1440 subsistant,

155 1485 403 1540 decorem
435 1495 568 1535 vero
599 1495 706 1533 non
737 1477 940 1530 habent
963 1473 1117 1528 faciei
1141 1486 1302 1540 quem
1326 1485 1554 1538 spon~us
1576 1481 1744 1534 agno.

156 1583 285 1630 seat.
304 1571 520 1626 Habent
538 1568 755 1639 quidem
776 1564 1016 1620 laborem
1033 1562 1085 1616 in
1109 1558 1472 1615 conservando
1493 1570 1737 1624 corpore,

157 1679 263 1719 non
301 1661 507 1716 habent
552 1658 802 1712 decorem
846 1653 1026 1707 vultus
1077 1652 1128 1704 in
1172 1647 1410 1719 perfecta
1456 1645 1737 1702 cbar'tate.

155 1754 279 1807 llrec
307 1763 543 1819 namque
571 1748 672 1801 tria
699 1760 764 1800 eo
792 1759 900 1812 quo
947 1749 1218 1811 ponuntur
1246 1736 1459 1801 ordine,
1501 1735 1556 1790 in
1585 1733 1741 1790 eiecti

155 1841 568 1900 conversatione
591 1837 900 1908 proficiunt.
937 1833 1071 1887 Nam
1123 1830 1374 1900 pulchros
1403 1825 1738 1895 contempla-

153 1933 314 1990 tionis
333 1939 590 2001 aspectus
617 1927 815 1982 habere
842 1939 950 1979 non
979 1921 1261 1992 praevalet,
1307 1917 1409 1972 nisi
1454 1915 1545 1984 qui
1592 1914 1742 1984 prius

152 2041 212 2082 se
239 2027 295 2080 in
319 2023 509 2078 labore
538 2020 612 2090 pii
641 2018 822 2089 operis
846 2015 1194 2070 vehementer
1220 2017 1455 2065 exercet.
1501 2005 1741 2061 IEterna:

150 2114 373 2185 quidem
404 2111 540 2166 lucis
565 2107 759 2178 gaudia
789 2105 932 2161 illius
975 2101 1170 2157 summi
1214 2097 1430 2154 luminis
1468 2094 1744 2149 immensi-

149 2182 264 2267 tas,
316 2212 555 2256 aeternus
597 2196 689 2252 ille
732 2195 887 2262 vigor
929 2188 1232 2260 splendoris
1280 2182 1593 2248 inetl'abilis,
1635 2195 1744 2249 quo

150 2293 478 2349 laboriosius
524 2289 809 2359 quzeritnr,
839 2299 900 2339 se
945 2278 1308 2351 quaerentibus
1351 2276 1523 2330 laxius
1568 2272 1745 2341 aperi-

152 2393 260 2438 tur.
291 2382 393 2448 Qui
421 2393 552 2447 ergo
577 2379 686 2446 jam
718 2375 840 2429 talis
889 2381 999 2438 est,
1032 2369 1260 2425 idoneus
1298 2365 1511 2436 quidem
1541 2362 1608 2416 ad
1641 2362 1740 2416 do-

151 2469 389 2524 cendum
414 2466 690 2528 cernitur;
747 2461 841 2516 sed
874 2459 973 2515 nisi
1002 2458 1197 2512 decora
1223 2454 1357 2508 facie
1384 2452 1613 2519 fulgeat,
1643 2449 1741 2502 nisi

152 2570 394 2614 ruentem
417 2556 691 2612 charitatis
728 2551 977 2623 perfect-13
1006 2547 1172 2604 radiis
1198 2545 1515 2601 illustratam
1559 2550 1740 2610 gerat,

153 2649 352 2717 dignus
383 2653 532 2701 tanta
562 2642 877 2699 celsitudine
905 2654 1010 2695 non
1031 2638 1308 2708 probatur.
1339 2633 1420 2688 Sit
1441 2645 1569 2700 ergo
1593 2628 1742 2684 rufus

154 2747 370 2809 pastor,
391 2746 446 2792 et
470 2752 575 2790 non
591 2735 662 2789 sit
681 2733 934 2789 remissus
956 2733 1007 2784 in
1029 2743 1224 2798 opere;
1247 2725 1316 2780 sit
1340 2723 1560 2793 pulcher
1583 2734 1740 2788 aspc-

155 2839 274 2894 ctu,
307 2827 558 2882 videlicet
581 2823 820 2882 sublimis
842 2823 895 2877 in
924 2835 990 2876 eo
1007 2814 1420 2884 contemplatio;
1451 2812 1519 2865 sit
1547 2809 1742 2863 decora

154 2920 319 2987 facie,
354 2927 413 2973 ut
443 2927 612 2973 totum
636 2915 798 2971 robur
824 2911 1002 2982 operis
1024 2950 1039 2974 ,
1070 2916 1125 2963 et
1154 2903 1381 2961 altitudo
1411 2899 1744 2968 contempla-

1846 480 2039 546 quibus
2068 488 2404 533 sacramenta
2446 479 2713 533 unctionis
2745 477 3012 542 tribuunt,
3043 477 3095 530 in
3137 477 3247 532 alto
3293 481 3425 533 sitos

1847 571 2160 624 meritorum
2191 571 2309 624 loco
2339 585 2445 624 non
2482 577 2727 624 cernunt.
2761 567 2984 633 Quando
3032 567 3191 637 igitur
3237 566 3430 624 doctor

1848 659 2089 714 sublimis
2128 658 2461 724 osrenditur,
2507 657 2620 724 ejus
2672 656 2949 711 ordinator
2989 669 3209 723 surgere
3245 671 3429 713 mone-

1852 761 1968 815 tur;
2016 751 2138 820 quia
2189 765 2285 820 pcr
2339 748 2689 802 ministerium
2743 759 2867 801 tunc
2914 747 3072 816 digne
3123 746 3422 801 tribuuntur

1853 847 2189 897 sacramenta
2239 838 2533 899 unctionis,
2578 852 2697 890 cum
2746 835 3023 903 ungendus
3073 836 3122 888 in
3161 835 3427 890 altacon-

1853 927 2075 996 spicitur
2097 927 2423 980 sublimitate
2453 925 2680 977 virtutis.
2713 924 2784 977 De
2809 938 2916 991 quo
2961 923 3244 986 nimirum,
3297 922 3430 986 Quia

1850 1021 1958 1086 ipse
1978 1025 2071 1081 est,
2096 1017 2290 1070 dicitur
2315 1034 2328 1069 :
2357 1017 2411 1070 Si
2445 1029 2571 1082 ergo
2596 1016 2706 1084 ipse
2733 1022 2833 1079 est,
2862 1014 2998 1068 alius
3022 1030 3127 1067 non
3149 1022 3257 1078 cst;
3286 1013 3430 1081 quia,

1851 1104 1949 1158 nisi
1981 1105 2065 1158 bis
2093 1103 2376 1158 virtutibus
2407 1103 2636 1170 fu'geat,
2694 1117 2912 1156 necesse
2963 1111 3045 1154 est
3091 1111 3146 1155 ut
3187 1100 3430 1155 ordinem

1851 1201 2012 1246 tanta:
2049 1192 2380 1247 celsitudinis
2432 1207 2537 1244 non
2585 1189 2830 1258 attingat.
2879 1190 3051 1255 Quem
3090 1205 3219 1259 ergo
3276 1206 3431 1242 mon-

1844 1290 2134 1336 straturum
2161 1296 2220 1335 se
2243 1280 2496 1333 Dominus
2527 1278 2797 1346 promisit,
2833 1278 3004 1330 rufum
3058 1285 3112 1330 et
3148 1277 3428 1346 pulchrum

1845 1380 2062 1439 aspectu
2083 1407 2100 1433 ,
2131 1377 2185 1422 et
2219 1369 2414 1422 decora
2465 1366 2597 1421 facie
2631 1365 2895 1427 ostendit,
2949 1366 3173 1420 dicens:
3210 1364 3328 1433 Ipse
3355 1375 3430 1417 est

1844 1461 2002 1512 enim.
2035 1459 2170 1524 Quia
2208 1459 2384 1512 nullus
2431 1459 2591 1513 debet
2634 1457 2814 1512 subire
2860 1458 3070 1512 culmen
3127 1457 3428 1525 regiminis,

1847 1548 1940 1616 qui
1969 1548 2133 1602 robur
2157 1563 2263 1602 non
2288 1548 2450 1602 habet
2473 1549 2648 1613 magni
2689 1547 2868 1616 operis
2887 1586 2901 1610 ,
2949 1547 3154 1601 scilicet
3186 1560 3428 1605 cou'cm—

1851 1639 2100 1710 plationis
2120 1639 2418 1704 scientiam,
2443 1647 2497 1692 et
2521 1635 2622 1692 feri
2638 1653 2784 1691 orem
2810 1637 3105 1706 charitatis.
3141 1638 3281 1692 Bene
3301 1653 3430 1708 ergo

1848 1731 2216 1800 subjungitur:

1919 1821 2092 1892 (Vers.
2128 1820 2239 1890 15.)
2287 1820 2422 1873 Tulit
2457 1821 2614 1888 igitur
2640 1818 2852 1874 Samuel
2873 1835 3029 1874 cornu
3058 1821 3186 1885 olei,
3211 1834 3259 1875 ct
3282 1823 3430 1876 unxit

1846 1927 1960 1964 eum
1984 1912 2037 1964 in
2064 1911 2230 1964 medio
2255 1912 2473 1980 fratrum
2513 1925 2741 1964 suorum.

1923 2001 2007 2054 l9.
2042 2001 2221 2054 Cornu
2252 2000 2354 2054 olei
2384 1999 2620 2065 tollitur,
2656 2007 2713 2054 ut
2742 2009 2854 2054 tota
2883 2001 2990 2054 vita
3021 1999 3287 2069 pontiticis
3314 2001 3430 2069 spi-

1849 2088 2054 2144 r'tualis
2096 2103 2213 2142 esse
2259 2086 2542 2141 doceatur.
2591 2086 2774 2142 Cornu
2823 2087 2930 2143 olei
2977 2087 3216 2152 tollitur,
3267 2097 3322 2140 ut
3373 2088 3427 2141 in

1847 2177 2130 2232 excellenti
2163 2177 2371 2245 liquore
2399 2176 2652 2244 magister
2683 2175 2932 2232 Ecclesia:
2955 2176 3036 2230 vir
3061 2191 3181 2231 esse
3210 2175 3431 2232 studeat

1847 2280 2053 2335 magnae
2079 2265 2481 2320 miseiicordiae.
2515 2263 2646 2319 Oleo
2675 2265 2891 2333 ungitur
2916 2273 3077 2336 caput
3105 2265 3274 2334 regis,
3305 2265 3431 2334 quia

1847 2361 2028 2416 lucere
2055 2374 2216 2428 super
2237 2358 2619 2413 candelabrum
2645 2358 2804 2412 debet
2829 2373 2922 2427 per
2947 2358 3217 2412 ﬂammam
3257 2358 3427 2413 verbi.

1847 2449 2030 2506 Cornu
2055 2447 2231 2502 oleum
2259 2446 2465 2516 recipit,
2500 2455 2559 2500 ut
2581 2447 2908 2515 increpando
2936 2454 3156 2516 purget,
3189 2456 3242 2500 et
3267 2445 3431 2500 mise—

1846 2537 2015 2592 rando
2040 2550 2138 2607 per
2162 2534 2584 2590 blandimentum
2617 2535 2813 2597 trahat.
2843 2534 3024 2588 Cornu
3054 2535 3215 2588 etiam
3244 2534 3436 2604 recipit

1846 2628 1899 2682 in
1945 2627 2274 2682 sublimitate
2310 2624 2542 2687 ordinis,
2584 2623 2762 2678 oleum
2810 2624 2876 2678 ad
2925 2626 3156 2678 fomenta
3200 2622 3430 2678 virtutis.

1846 2721 1952 2775 Sed
1986 2720 2144 2790 pleno
2186 2732 2353 2773 cornu
2382 2715 2616 2785 ungitur,
2666 2725 2724 2769 ut
2767 2717 2938 2769 virtus
2973 2715 3240 2784 pontiﬁcis
3277 2715 3434 2785 p!eua

1847 2813 2127 2865 doceatur.
2173 2808 2354 2862 Cornu
2401 2821 2633 2875 namque
2679 2806 2897 2875 plenum
2949 2806 3003 2860 in
3048 2806 3302 2860 unetione
3337 2821 3432 2860 sua

1851 2904 2032 2970 habet,
2062 2904 2107 2957 si
2138 2911 2244 2954 tam
2275 2902 2327 2955 in
2349 2900 2547 2955 virtute
2568 2899 2946 2954 misericordic
2973 2913 3133 2968 quam
3159 2898 3436 2953 charitatis

157 2972 359 3076 tionis,
420 3022 666 3077 superna!
715 2972 1033 3072 majestatis
1065 2999 1233 3056 oculis
1271 3003 1492 3060 notum,
1537 2991 1607 3046 sit
1653 3004 1748 3060 per
1772 2972 1819 3033 (ἶ
1851 3001 1907 3048 et
1952 2991 2102 3046 verbi
2141 2990 2408 3060 perfectus
2455 2996 2556 3044 est.
2588 2987 2812 3044 Plenum
2842 2988 3002 3043 etiam
3047 3002 3217 3042 cornu
3252 2988 3303 3041 in
3334 3004 3437 3041 un-

155 3099 490 3158 inellabilem
538 3095 986 3168 pulchritudinem
1027 3089 1323 3147 charitatis.
1372 3085 1496 3142 Hec
1549 3083 1748 3152 quippe

158 3188 265 3244 tria
294 3185 542 3242 immensi
572 3182 781 3239 decoris
810 3180 1068 3249 insignia,
1097 3175 1219 3245 quia
1265 3182 1466 3229 sancta:
1495 3169 1748 3225 Ecclesia:

155 3277 356 3332 doctor
399 3275 600 3329 habere
639 3271 826 3335 debet,
877 3283 974 3338 pro
1015 3265 1265 3321 omnibus
1295 3263 1485 3317 Petrus
1527 3261 1749 3317 assumi-

159 3374 283 3428 tnr,
315 3375 374 3419 et
400 3378 468 3418 an
495 3368 640 3416 amet
691 3359 1107 3426 Redemptorem
1159 3352 1317 3408 tertio
1366 3351 1744 3416 interrogatur.

160 3454 222 3508 Pi
241 3455 352 3508 imo
370 3465 601 3519 namque
621 3449 672 3503 ei
692 3448 914 3502 dicitur:
954 3444 1125 3508 Petra,
1161 3458 1304 3494 amas
1326 3457 1404 3493 me
1431 3438 1610 3509 (loan.
1637 3453 1748 3501 nt,

163 3544 302 3613 16)?
329 3552 388 3597 ut
414 3557 510 3610 per
537 3553 776 3594 amorem
809 3551 969 3606 agere
999 3534 1152 3589 fortia
1198 3531 1443 3595 studeat;
1485 3528 1751 3592 secundo,

163 3644 226 3690 ut
280 3636 334 3688 in
387 3629 801 3700 contemplanda
864 3627 973 3680 alta
1039 3631 1359 3692 cognoscat;
1431 3620 1619 3683 tertio,
1697 3627 1755 3673 ut

159 3724 421 3796 perfectae
467 3720 741 3776 charitatis
768 3717 995 3786 ati'ectu,
1038 3726 1093 3771 et
1139 3727 1262 3781 erga
1310 3711 1612 3782 proximum
1643 3711 1750 3766 fer-

167 3823 330 3876 veat,
365 3821 420 3867 et
464 3812 530 3866 ad
578 3813 814 3882 speciem
865 3806 1172 3864 Conditoris
1209 3804 1502 3860 ferventius
1548 3802 1754 3858 inarde-

165 3914 306 3962 scat.
341 3904 486 3960 Talis
514 3917 642 3972 ergo
672 3918 736 3956 ac
762 3909 941 3956 tantus
970 3908 1078 3953 tam
1111 3896 1358 3966 pulcher,
1385 3903 1492 3948 tam
1522 3893 1752 3948 decorus

165 4013 341 4066 put-r,
379 4010 488 4064 quo
538 3991 846 4048 testimonio
896 3988 1223 4059 proferatur,
1272 3983 1566 4040 audiamus.
1617 3983 1748 4034 Nam

167 4104 210 4141 St
229 4087 414 4154 quitur
447 4102 461 4137 :

244 4175 422 4242 (Vers.
457 4172 570 4244 £2.)
601 4173 798 4244 Surge,
828 4180 876 4225 et
896 4187 1028 4240 auge
1047 4186 1190 4234 eum,
1211 4170 1322 4238 ipse
1345 4169 1484 4221 enim
1512 4173 1608 4219 est.

244 4265 332 4319 18.
362 4264 502 4330 Quid
531 4271 645 4327 est,
677 4262 870 4330 Surge,
897 4270 945 4314 et
972 4276 1106 4330 tmga
1133 4258 1283 4312 eum?
1321 4257 1398 4310 An
1432 4263 1613 4308 tantus
1640 4261 1758 4306 erat
1788 4284 1837 4344 Β

170 4355 460 4424 parvulus,
515 4362 572 4407 ut
618 4353 854 4407 sedendo
903 4351 1025 4416 ungi
1082 4364 1189 4403 non
1238 4347 1461 4417 posset?
1508 4345 1756 4400 Sedcndo

171 4447 408 4515 quippe,
442 4450 662 4510 tangere
694 4441 800 4495 alta
831 4456 937 4494 non
970 4454 1272 4508 possumus.
1304 4437 1492 4502 Magna
1520 4449 1650 4504 ergo
1677 4442 1762 4489 est

173 4535 378 4599 virtus,
432 4548 624 4601 magna
675 4531 934 4587 celsitudo
983 4529 1291 4590 humilium,
1358 4527 1403 4581 si
1458 4526 1524 4580 ad
1572 4540 1760 4580 eorum

172 4636 384 4676 summa
415 4637 518 4675 nec
558 4621 833 4690 propheta:
885 4618 1213 4688 pertingunt.
1261 4615 1443 4684 Surgit
1469 4631 1602 4686 ergo
1629 4629 1760 4684 pro-

173 4711 365 4780 pheta,
395 4725 520 4765 cum
554 4725 615 4764 se
641 4707 878 4779 pontifex
909 4709 962 4762 in
991 4709 1181 4762 miram
1208 4706 1368 4761 electi
1398 4703 1761 4776 pmdicatoris

174 4800 580 4857 venerationem
627 4800 803 4866 erigit.
849 4799 984 4852 Nam
1025 4797 1152 4852 toris
1181 4797 1436 4851 humilem
1483 4794 1635 4864 quasi
1678 4793 1759 4847 vi-

176 4893 357 4948 dendo
386 4892 678 4960 conspicit;
703 4891 794 4945 sed
837 4889 1062 4944 interius
1089 4888 1205 4957 ejus
1233 4889 1515 4951 meritum,
1566 4885 1664 4939 nisi
1703 4898 1762 4939 se

178 4983 232 5036 in
284 4983 498 5037 interna
557 4981 1013 5050 contemplatione
1067 4979 1278 5046 erigat,
1331 4994 1438 5033 non
1497 4977 1758 5046 agnoscit.

177 5071 411 5140 Surgere
435 5085 565 5139 ergo
596 5071 787 5126 doctor
829 5071 1136 5140 praccipitur
1165 5086 1180 5122 :
1204 5069 1329 5138 quia
1358 5069 1442 5123 cui
1474 5075 1620 5122 tanta
1649 5067 1765 5121 vult

177 5168 517 5214 sacramenta
546 5160 885 5229 impendere,
931 5159 1046 5226 ejus
1076 5173 1202 5212 ante
1230 5171 1558 5225 cognoscere
1599 5157 1763 5210 meri-

182 5258 354 5303 torum
384 5248 768 5302 sublimitatem
797 5248 976 5302 debet.
1009 5247 1145 5313 Quid
1171 5255 1256 5300 est
1279 5259 1428 5313 ergo,
1458 5245 1601 5314 quod
1629 5245 1764 5298 dici-

182 5347 294 5400 tur,
329 5338 529 5408 Sttrge,
559 5346 607 5390 et
636 5354 770 5408 tinge
799 5354 910 5391 eum
929 5380 944 5405 ,
975 5339 1093 5407 quia
1120 5337 1232 5405 ipse
1259 5347 1368 5400 est,
1401 5335 1498 5389 nisi
1551 5334 1766 5388 sublimi

183 5431 346 5501 385|
372 5430 623 5486 sublimia
649 5439 986 5485 sacramenta
1025 5429 1326 5486 sublimiter
1370 5429 1584 5498 pr.rbe?
1632 5428 1764 5482 Nam

186 5533 324 5589 smpe
357 5521 632 5575 indiscreti
683 5528 926 5588 pastores
973 5520 1325 5588 negligentem
1376 5529 1430 5575 et
1481 5522 1764 5588 reprobant

187 5609 557 5664 accedentium
601 5609 764 5662 vitam
797 5609 1009 5670 sciunt,
1053 5618 1108 5662 et
1159 5622 1254 5663 eos
1300 5623 1618 5678 promovere
1657 5623 1764 5663 non

475 5701 745 5758 Ρηιιθι.
780 5697 1074 5758 LXXIX.
1339 5702 1342 5704 ⁷

1855 3085 2034 3140 ctione
2062 3097 2157 3139 sua
2188 3082 2388 3136 habere
2411 3080 2782 3149 cognoscitur,
2814 3078 2968 3148 cujus
2997 3079 3170 3134 omnis
3196 3085 3438 3149 potestas

1855 3193 1952 3246 per
1979 3174 2401 3230 misericordiam
2435 3173 2795 3242 dispensatur.
2829 3172 2948 3241 Ipsa
2988 3172 3184 3242 quippe
3209 3173 3439 3228 auctori-

1856 3277 1937 3322 tas
1966 3274 2165 3321 sancta:
2193 3263 2467 3328 Ecclesite,
2488 3277 2610 3317 cum
2631 3262 2748 3318 sine
2773 3261 3138 3317 misericordia
3167 3271 3267 3328 est,
3295 3263 3438 3316 nulla

1855 3369 1972 3425 est;
1998 3359 2123 3429 quia
2150 3365 2279 3412 tunc
2304 3355 2598 3425 spiritualis
2623 3361 2704 3409 est
2742 3354 2889 3422 rigor
2916 3353 3229 3422 disciplinae,
3260 3369 3380 3408 cum
3407 3370 3439 3408 a

1857 3449 2138 3504 linimento
2184 3463 2291 3501 non
2339 3454 2497 3500 vacat
2535 3444 2935 3500 miscricordim.
2977 3443 3159 3500 Cornu
3203 3458 3332 3512 ergo
3384 3455 3441 3498 et

1857 3541 2035 3595 oleum
2062 3537 2222 3594 simul
2273 3537 2609 3601 ostenditur,
2640 3545 2697 3590 ut
2726 3534 3007 3605 disciplina
3056 3549 3272 3604 semper
3319 3551 3440 3590 cum

1859 3627 2226 3684 misericordia
2275 3635 2543 3682 teneatur.
2595 3625 2776 3680 Cornu
2816 3639 3046 3692 namque
3073 3625 3194 3680 oleo
3225 3625 3441 3694 plenum

1858 3722 2089 3785 dicitur;
2130 3726 2190 3773 ut
2228 3717 2531 3784 ubicunque
2559 3731 2724 3770 cornu
2755 3728 2979 3773 acumen
3011 3714 3257 3780 exhibet,
3287 3715 3441 3768 exhi-

1859 3814 1986 3868 beat
2016 3810 2206 3866 refuszc
2245 3809 2428 3876 gratim
2473 3806 2802 3861 unctionem.
2835 3805 2939 3860 Sed
2966 3805 3092 3859 dum
3123 3807 3190 3858 ad
3238 3819 3436 3874 ungen-

1852 3904 1977 3956 dum
2026 3911 2205 3965 regem
2254 3896 2437 3950 unclio
2485 3894 2736 3960 ducitur,
2789 3909 2959 3949 cornu
3004 3892 3135 3948 foris
3179 3894 3442 3957 cernitur,

1854 3991 1998 4044 intus
2042 3985 2319 4057 plenitudo
2367 3983 2471 4038 olei
2514 3983 2834 4038 occultatur.
2886 3981 3072 4037 Portet
3129 3982 3290 4049 igitur
3318 3997 3445 4051 pro-

1859 4081 2021 4151 pheta
2046 4093 2214 4134 cornu
2241 4075 2398 4141 foris,
2440 4075 2585 4129 intus
2610 4074 2732 4128 oleo
2769 4073 3011 4142 repleat;
3060 4073 3189 4131 foris
3239 4081 3445 4128 textum

1862 4172 2122 4234 insinuet,
2155 4169 2298 4223 intus
2323 4173 2661 4221 sacramenta
2687 4165 2946 4219 declaret.
2983 4163 3131 4218 Sciat
3159 4179 3289 4233 ergo
3317 4178 3447 4232 pro-

1862 4261 2025 4332 pheta
2063 4258 2206 4328 quod
2239 4257 2468 4321 tribuat;
2505 4255 2644 4310 sciat
2682 4270 2778 4307 rex
2807 4262 3000 4309 unctus
3029 4254 3266 4309 exhibita
3306 4253 3447 4308 reci-

1862 4351 2094 4423 piendo,
2140 4350 2267 4418 quid
2318 4359 2463 4416 agat.
2509 4345 2647 4412 Quid
2695 4353 2778 4400 est
2828 4341 2986 4414 ergo,
3028 4345 3172 4415 quod
3212 4343 3343 4399 foris
3367 4353 3450 4398 est

1864 4457 2056 4507 cornu,
2087 4439 2230 4493 intus
2259 4438 2465 4501 oleum,
2497 4436 2598 4490 nisi
2622 4435 2745 4503 quia
2777 4435 3091 4504 plerumque
3115 4433 3449 4489 subditorum

1867 4532 2063 4586 duritia
2091 4537 2358 4590 meretur,
2390 4534 2452 4580 ut
2496 4525 2730 4596 pastoris
2757 4524 3182 4594 increpationem
3224 4523 3442 4586 sentiat,

1867 4620 1960 4676 sed
1993 4615 2376 4674 misericordia:
2403 4614 2519 4682 ejus
2547 4613 2748 4682 aliquid
2778 4627 2885 4666 non
2933 4611 3211 4666 attendat?
3251 4611 3452 4665 ﬂector

1868 4725 1998 4779 ergo
2037 4723 2202 4763 cornu
2232 4705 2476 4767 exhibet,
2510 4705 2563 4757 in
2591 4717 2701 4772 quo
2737 4703 2919 4757 oleum
2948 4703 3111 4765 latet;
3142 4702 3266 4770 quia
3285 4742 3300 4766 ,
3326 4717 3448 4756 cum

1868 4801 1988 4869 quis
2017 4799 2214 4853 acriter
2241 4812 2305 4851 ex
2329 4795 2591 4849 charitate
2631 4791 2944 4860 corrigitur,
2995 4805 3152 4860 paena
3200 4791 3450 4853 sentitur,

1863 4890 2100 4945 charitas
2131 4903 2236 4942 non
2280 4885 2511 4940 videtur.
2559 4884 2746 4939 vaus
2773 4884 2914 4936 enim
2962 4889 3150 4937 rector
3168 4881 3447 4948 aspicitur,

1865 4979 2062 5048 quisic
2098 4979 2378 5045 increpat,
2427 4973 2579 5042 quasi
2622 4972 2712 5042 qui
2765 4987 2872 5026 non
2921 4979 3098 5036 amat;
3152 4971 3304 5039 quasi
3358 4972 3453 5040 qui

1866 5069 2214 5124 vehementer
2244 5065 2387 5129 odit,
2415 5064 2494 5118 sic
2515 5061 2780 5131 obiurgat.
2808 5059 2944 5127 Quid
2975 5068 3102 5115 tunc
3130 5075 3160 5114 a
3187 5075 3454 5129 compun—

1868 5158 1969 5213 ctis
1997 5157 2266 5218 cernitur,
2304 5153 2405 5206 nisi
2436 5167 2604 5206 cornu
2633 5164 2890 5213 acumen,
2932 5164 3040 5218 quo
3063 5149 3238 5203 acrius
3260 5148 3456 5202 ferian-

1873 5250 1991 5303 tur?
2023 5247 2289 5314 Fedquia
2325 5244 2482 5298 valde
2509 5243 2653 5297 intus
2679 5241 2828 5310 prius
2856 5251 3044 5310 pastor
3063 5239 3264 5307 diligit,
3293 5233 3453 5308 quem

1872 5339 1999 5393 toris
2020 5334 2294 5403 arguendo
2325 5331 2478 5397 ferit;
2526 5331 2653 5400 quid
2681 5329 2825 5384 aliud
2869 5344 3030 5397 quam
3061 5327 3230 5384 cerno
3279 5331 3457 5384 incre-

1872 5428 2049 5500 pando
2070 5434 2359 5488 monstrat,
2390 5424 2567 5478 oleum
2587 5421 2854 5490 diligendo
2875 5420 3048 5478 celat?
3079 5421 3299 5475 Plenum
3327 5435 3457 5489 ergo

1874 5533 2042 5572 cornu
2073 5516 2124 5569 in
2157 5515 2408 5569 unctione
2437 5512 2576 5581 regis
2619 5510 2910 5578 asseritur,
2941 5517 2999 5564 ut
3027 5511 3078 5564 in
3111 5510 3286 5566 electo
3315 5526 3455 5579 prm-

1874 5608 2112 5664 dicatore
2147 5602 2444 5676 perfectum
2487 5610 2771 5669 utrumque
2821 5615 2942 5657 esse
2983 5601 3260 5656 doceatur.
3323 5599 3457 5654 Nam

3106 5687 3179 5748 15
