3948 6274
529 326 631 378 139
1721 309 1967 367 SANCTI
2007 305 2142 364 GRE

2251 302 2330 361 [ιιι
2372 301 2584 362 MAGNI
3684 296 3787 350 ιω

476 484 477 487 η
530 444 713 489 acutus
737 430 801 484 ad
827 429 1150 495 argneudum
1181 440 1297 481 esse
1321 423 1509 491 debet,
1558 420 1731 474 mollis
1755 419 1820 473 ad
1842 420 2094 473 iniseren-
2129 421 2177 479 Α
2204 425 2343 481 agat.
2378 414 2622 481 Magnum
2653 410 2851 481 quippe
2878 417 2960 464 est
2984 423 3123 463 onus
3149 406 3369 470 ordinis,
3402 421 3603 476 magna
3632 406 3785 476 tragi-

528 526 674 577 dum.
701 519 942 572 Perfecta
975 518 1158 581 feriat,
1189 523 1246 568 ut
1283 526 1495 567 omnem
1521 511 1627 563 vim
1658 508 1831 561 morbi
1864 506 2099 576 perfecte
2204 505 2327 557 litas
2354 502 2549 557 carnis.
2582 500 2727 553 Onus
2756 513 2883 566 ergo
2914 506 3117 552 tantum
3148 500 3275 567 quia
3303 498 3462 551 debili
3494 496 3787 551 committi-

530 607 828 669 confodiat;
858 604 1093 673 perfecte
1114 599 1651 671 prrmiscricordiam
1676 603 1864 662 ungat,
1900 602 1958 647 ut
1986 593 2099 662 pla.
2205 598 2311 655 tur,
2344 589 2588 656 dirigitur
2629 587 2848 656 spiritus
2876 606 2886 639 :
2912 595 2969 639 ut
3015 586 3203 641 debilis
3241 586 3563 649 roboretur,
3607 595 3662 639 et
3690 600 3790 639 ma-

529 712 623 764 gas
649 710 783 763 quas
810 692 996 762 pung't
1018 692 1081 744 ad
1111 690 1395 745 sanitatem
1436 685 1674 739 reducat.
1707 681 1761 736 Si
1809 682 1949 735 enim
1996 676 2098 733 ιιιὶ-
2205 696 2365 749 gnum
2396 687 2742 734 onus‘tanto
2768 677 2966 745 grati-ts
2994 675 3149 742 ferat,
3180 685 3384 744 quanto
3414 676 3597 745 ipsum
3626 676 3792 732 omni-

530 802 629 839 nus
654 784 916 838 violenter
939 796 1098 848 quain
1141 780 1304 833 debet
1350 777 1501 838 ferit,
1532 775 1650 841 plus
1678 772 1819 840 quod
1845 773 1973 824 latet
1994 785 2100 823 non
2210 781 2402 840 potens
2429 770 2644 838 spiritus
2689 769 2876 821 lortius
2904 767 2970 820 ad
3002 765 3275 821 ferendum
3300 766 3473 833 juvat.
3510 764 3619 819 Sed
3647 764 3791 833 dirigi

530 878 692 944 rjicit.
727 874 791 926 Et
816 874 861 927 si
886 872 1150 925 violenter
1178 870 1325 932 ferit,
1358 876 1413 921 et
1432 866 1589 935 385
1621 863 1830 916 abunde
1862 877 1966 914 non
1999 875 2101 913 un—
2210 860 2425 929 spiritus
2454 859 2667 924 dicitur,
2716 866 2771 909 ut
2809 871 3097 910 conversus
3124 870 3153 908 a
3183 869 3308 923 rege
3335 854 3575 923 superbo
3603 855 3794 908 sentia-

532 942 638 1032 git,
675 977 986 1034 percussum
1014 977 1107 1029 per
1135 959 1499 1012 austeritatem
1547 953 1827 1015 inter-ticit,
1853 958 1908 1004 et
1949 948 2107 1002 saluti
2211 959 2323 1002 tur;
2350 948 2418 1002 Se
2446 962 2575 1015 ergo
2605 947 2821 1015 Spiritus
2853 946 2904 998 in
2933 945 3159 998 alterum
3186 944 3388 1012 dirigit,
3420 943 3642 1012 quando
3665 942 3797 1011 ejus-

537 1030 642 1107 non
675 1030 864 1106 reddit.
916 1050 998 1102 Sit
1047 1064 1091 1102 et
1107 1062 1174 1114 go
1221 1047 1485 1112 integrum
1516 1057 1682 1095 cornu
1710 1081 1725 1104 ,
1755 1041 1958 1104 integra
2005 1035 2110 1088 olei
2210 1037 2331 1091 dem
2361 1037 2577 1104 spiritus
2604 1035 2772 1102 gratia
2803 1033 3066 1102 superbos
3095 1049 3157 1087 ac
3189 1032 3341 1087 ﬁctos
3370 1034 3525 1099 fugit.
3579 1030 3727 1086 Unde
3751 1041 3801 1085 et

533 1143 829 1215 plenitudo,
856 1150 913 1194 ut
938 1148 1149 1194 austere
1177 1153 1273 1208 per
1292 1150 1463 1191 cornu
1494 1132 1753 1186 feriantur
1776 1131 2028 1194 vulnera,
2057 1133 2113 1179 et
2213 1125 2468 1193 scriptum
2522 1132 2605 1177 est
2652 1142 2665 1174 :
2708 1122 2934 1191 Spiritus
2990 1122 3198 1175 Domini
3257 1122 3557 1191 disciplina:
3603 1121 3802 1190 eﬂugiet

526 1250 634 1302 per
670 1232 847 1285 oleum
890 1229 1189 1295 foveantur.

2256 1224 2389 1267 ctum
2430 1213 2583 1284 (Sap.
2614 1228 2649 1275 t,
2680 1211 2755 1281 7).
2787 1211 2921 1264 lliuc
2950 1220 3003 1265 et
3047 1226 3144 1279 per
3169 1212 3521 1279 :emetipsum
3552 1210 3607 1263 in
3637 1208 3799 1263 Evan-

606 1322 695 1375 20.
737 1321 841 1375 Sed
870 1318 995 1389 quid
1024 1327 1123 1381 est,
1154 1316 1297 1385 quod
1346 1315 1398 1368 in
1429 1312 1603 1367 medio
1631 1310 1850 1363 fratrum
1882 1305 2116 1373 ungitur,
2215 1303 2356 1371 gelio
2385 1304 2495 1355 a't:
2523 1301 2749 1369 Spiritus
2778 1301 2863 1352 ubi
2891 1302 2995 1353 vult
3022 1301 3205 1367 spirat,
3238 1309 3286 1352 et
3316 1315 3485 1352 vocem
3507 1299 3621 1367 ejus
3642 1298 3803 1361 audis.

537 1415 637 1468 nisi
684 1412 808 1481 quia
854 1385 1065 1463 virtutis
1111 1405 1355 1475 exempla
1408 1404 1821 1469 circumquaque
1866 1409 2118 1464 spargere
2218 1401 2267 1446 et
2315 1393 2479 1444 nescis
2520 1389 2656 1442 unde
2701 1390 2887 1452 ueniat,
2939 1397 3029 1440 aut
3072 1405 3169 1457 quo
3217 1388 3372 1441 vadat
3412 1385 3598 1457 (Joan.
3630 1404 3703 1451 ιιι,
3733 1387 3803 1455 8),

533 1474 788 1571 jnbctnr?
821 1499 877 1553 lu
910 1498 1088 1552 medio
1120 1474 1341 1550 fratrum
1374 1493 1609 1559 ungitur,
1641 1497 1696 1541 ut
1726 1495 1884 1540 tanta:
1911 1485 2120 1539 unctio-
2223 1479 2452 1547 Spiritus
2497 1478 2711 1545 quidem
2743 1477 2971 1571 venit-et
2999 1474 3161 1571 vadit,
3193 1475 3318 1543 quia
3367 1474 3636 1571 reprobus
3662 1477 3807 1529 dese-

530 1562 621 1648 rtis
650 1591 764 1645 ﬁeri
795 1589 1081 1658 participes
1110 1600 1297 1640 onmes
1327 1583 1550 1653 possint.
1584 1582 1684 1646 Qui
1711 1579 1849 1632 enim
1874 1578 1926 1630 in
1949 1575 2123 1629 medio
2224 1568 2314 1630 rit.
2363 1568 2566 1620 ε’ϐυιυε
2596 1564 2837 1618 assumit
2889 1562 2958 1616 Ει
2992 1563 3116 1631 (illia
3141 1563 3398 1631 Ῑυίιίοὶιιιη
3433 1562 3808 1631 οιιιηίροιειιιῑε

539 1682 772 1750 ponitur,
795 1650 871 1732 ab
896 1650 1039 1730 omni
1066 1682 1215 1745 parte
1234 1650 1465 1726 videtur.
1495 1669 1625 1723 Oleo
1648 1667 1844 1735 quippe
1868 1666 1920 1718 in
1950 1664 2125 1717 medio
2228 1658 2323 1711 Dei
2373 1654 2829 1725 imperscrutabile
2874 1662 2977 1718 est,
3028 1654 3168 1750 unde
3202 1654 3381 1706 veniat
3426 1661 3481 1707 et
3529 1666 3638 1720 quo
3665 1650 3810 1704 vadat

524 1742 767 1824 aliorum
795 1766 1011 1833 ungitur
1034 1783 1046 1815 :
1067 1742 1198 1831 quia
1226 1762 1316 1830 qui
1346 1761 1398 1814 in
1426 1759 1651 1812 aliorum
1680 1754 1984 1822 exemplum
2031 1768 2125 1821 po-
2165 1812 2202 1833 η
2228 1747 2391 1801 homo
2420 1748 2581 1817 386
2609 1746 2778 1799 nescit
2802 1763 2814 1797 :
2839 1745 2962 1813 quia
2992 1742 3118 1796 sciri
3143 1759 3250 1797 non
3278 1751 3482 1812 potest,
3529 1758 3598 1797 an
3624 1743 3737 1811 quis
3759 1746 3806 1799 in

541 1860 678 1913 situs
703 1864 804 1919 est,
837 1812 1033 1908 nbilam
1065 1812 1146 1907 siti
1172 1812 1377 1920 partem
1408 1848 1609 1907 habere
1636 1844 1920 1897 obscuram
1946 1841 2125 1906 debet,
2165 1812 2205 1869 Β
2234 1841 2404 1908 gratia
2433 1852 2590 1905 quam
2617 1836 2805 1904 recipit
2831 1848 3174 1902 perseverare
3195 1833 3246 1886 in
3269 1841 3590 1901 perpetuum
3610 1833 3806 1887 debeat.

541 1957 600 2002 ut
630 1948 770 2000 hunc
809 1957 994 1998 omnes
1040 1939 1319 2008 aspiciant,
1367 1943 1422 1990 et
1465 1934 1531 1987 ab
1559 1948 1623 1987 eo
1651 1932 1783 1985 lucis
1828 1929 2128 1998 exemplum
2238 1929 2318 1981 Al)
2365 1944 2430 1983 eo
2478 1928 2651 1994 igitur
2677 1925 2768 1993 qui
2814 1924 3009 1977 defecit
3038 1924 3221 1977 venire
3249 1923 3471 1991 spiritus
3502 1922 3712 1989 dicitur,
3739 1924 3808 1977 ire

534 2042 776 2091 suntsnt.
827 2031 978 2087 Unde
1006 2038 1058 2084 et
1086 2036 1273 2084 sancta
1302 2024 1550 2080 animalia
1590 2022 1641 2075 in
1688 2020 1910 2075 circuitu
1942 2018 2131 2073 oculos
2238 2017 2306 2070 ad
2335 2032 2456 2069 eum
2484 2015 2571 2083 qui
2601 2020 3035 2083 perseveraturus
3061 2021 3144 2067 est
3166 2029 3180 2068 :
3204 2013 3327 2081 quia
3351 2014 3489 2066 alios
3510 2013 3564 2066 in
3586 2022 3807 2082 tempore

536 2124 743 2179 habere
771 2121 1143 2176 describuntur
1189 2116 1400 2187 (Ezeclt.
1447 2113 1486 2183 ι)
1516 2131 1529 2165 :
1559 2112 1681 2180 quia
1713 2109 1917 2163 electus
1942 2107 2134 2161 doctor
2238 2108 2458 2170 deserit,
2506 2106 2641 2160 alios
2687 2107 2929 2171 assumit,
2975 2121 3073 2159 nec
3113 2114 3291 2159 tamen
3326 2105 3553 2159 deserit.
3595 2104 3736 2160 Unde
3761 2115 3806 2159 tt

545 2214 670 2267 dum
699 2210 944 2264 ardorem
976 2207 1269 2269 charitalis,
1299 2206 1424 2258 dum
1452 2203 1707 2257 virtutem
1732 2195 2129 2258 misericordim,
2240 2196 2294 2249 in
2349 2204 2475 2265 typo
2527 2195 2819 2247 ele.torum
2866 2193 2933 2247 de
2983 2193 3147 2247 David
3200 2193 3393 2247 dicitur
3424 2211 3439 2245 :
3474 2192 3701 2246 Directus
3741 2203 3809 2246 est

536 2300 672 2354 dum
709 2299 879 2353 zelum
907 2296 1239 2351 rectitudinis
1268 2309 1334 2348 ex
1364 2295 1505 2349 dono
1534 2289 1703 2345 sancti
1733 2287 1963 2356 Spiritus
1999 2286 2135 2339 reci-
2241 2286 2449 2355 spiritus
2490 2283 2699 2336 Domini
2741 2283 2795 2335 in
2836 2282 3004 2335 David
3047 2299 3078 2335 a
3116 2283 3199 2336 die
3234 2283 3327 2336 illa
3369 2284 3423 2336 in
3477 2282 3734 2354 reliquum.
3758 2282 3806 2335 ln

544 2390 646 2458 pit,
678 2387 827 2456 quasi
858 2385 1073 2454 globum
1101 2382 1307 2437 habitat
1334 2379 1548 2433 luminis
1571 2417 1586 2441 ,
1624 2375 1711 2444 qui
1742 2389 1863 2429 eum
1894 2388 1962 2427 ex
1990 2371 2136 2426 omni
2240 2373 2326 2426 die
2356 2373 2567 2458 quidem
2598 2371 2864 2425 unctionis
2888 2372 3150 2438 dirigitur,
3176 2371 3388 2442 quando
3418 2373 3501 2426 sic
3526 2370 3650 2425 foris
3674 2371 3808 2427 Chri-

555 2486 707 2545 parte
734 2474 1198 2530 circumstantibus
1221 2470 1508 2540 fulgentem
1534 2468 1725 2522 reddit.
1751 2465 1849 2519 Vel
1877 2464 1929 2517 in
1957 2462 2136 2517 medio

557 2567 781 2620 fratrum
810 2564 1044 2631 ungitur,
1078 2572 1136 2617 ut
1164 2571 1377 2616 unctum
1406 2567 1461 2613 et
1490 2557 1719 2612 medium
1748 2571 1807 2610 se
1834 2569 1955 2610 esse
1991 2568 2135 2608 sem-

556 2669 654 2724 per
694 2653 1001 2707 arbitretur.
1041 2652 1311 2718 Agnoscat
1347 2662 1475 2716 ergo
1502 2646 1809 2714 dignitatem
1856 2657 2004 2696 suam
2031 2683 2046 2709 ,
2085 2648 2141 2695 et

542 2744 661 2797 vim
713 2740 985 2809 dignitatis
1029 2746 1295 2802 exerceat,
1342 2737 1464 2805 quia
1510 2743 1700 2789 unctus
1727 2741 1827 2788 est.
1859 2732 2046 2787 Videat
2081 2745 2141 2787 se

557 2831 816 2897 medium,
842 2838 897 2885 et
917 2829 1215 2885 communis
1242 2826 1562 2883 conditionis
1591 2824 1885 2890 hominem,
1913 2832 1970 2877 ut
1990 2837 2147 2893 pares

555 2921 654 2975 sibi
696 2936 822 2976 esse
861 2935 955 2974 eos
992 2919 1186 2987 quibus
1225 2918 1423 2972 eminet
1451 2922 1818 2984 recognoscat.
1868 2913 1924 2968 ln
1970 2912 2145 2967 medio

553 3023 682 3076 ergo
715 3009 937 3063 fratrum
968 3008 1180 3076 ungitur
1205 3048 1219 3074 ,
1251 3015 1308 3061 ut
1333 3008 1401 3061 sit
1428 3006 1643 3061 humilis
1670 3013 1725 3060 et
1753 3005 2013 3060 sublimis.
2044 3004 2146 3058 Su-

554 3101 733 3155 b‘i:nis
788 3100 997 3164 ordine,
1045 3098 1261 3153 humilis
1306 3097 1680 3151 mstimatione.
1710 3093 1977 3148 Itrtnrdio
2016 3094 2145 3148 item

554 3193 791 3261 ungitur,
826 3199 883 3244 ut
908 3205 967 3244 se
991 3189 1198 3257 privato
1222 3202 1406 3241 amore
1433 3202 1537 3239 non
1562 3185 1765 3251 diligat,
1788 3184 1881 3239 sed
1905 3198 1972 3238 ex
1996 3182 2143 3237 omni

555 3281 701 3349 quod
733 3279 1043 3348 prmetninet
1074 3277 1217 3331 lucra
1243 3275 1469 3329 aliorum
1501 3279 1722 3341 qurerat.
1756 3270 1908 3325 Unde
1935 3280 1990 3325 et
2017 3270 2147 3326 Saul

558 3369 707 3421 solus
748 3367 799 3420 in
843 3361 1083 3419 extrema
1112 3371 1263 3433 parte
1303 3361 1533 3416 civitatis
1561 3369 1750 3414 unctus
1780 3359 1941 3414 fuisse
1969 3360 2150 3428 perhi-

559 3458 717 3508 betur
745 3451 798 3521 (l
829 3451 958 3522 Reg.
983 3452 1092 3521 ix).
1121 3450 1258 3517 Quid
1284 3458 1366 3504 est
1394 3450 1534 3506 enim
1553 3487 1568 3513 ,
1615 3449 1757 3516 quod
1795 3449 1941 3503 solus
1969 3464 1998 3502 a
2029 3449 2145 3503 solo

564 3543 858 3612 inungitutz,
907 3540 1006 3596 nisi
1037 3540 1159 3610 quia
1201 3539 1268 3594 de
1293 3539 1539 3594 culminis
1568 3546 1836 3608 potestate
1865 3554 1962 3608 per
1989 3554 2143 3593 amo-

566 3646 678 3687 rem
729 3631 994 3700 privatutn
1033 3628 1264 3683 dtbebat
1303 3627 1697 3682 intumescere!
1731 3626 1864 3680 Dum
1908 3626 2049 3681 enim
2078 3626 2145 3681 de

566 3729 786 3790 accepta
815 3719 1073 3787 dignitate
1099 3731 1159 3772 se
1200 3716 1542 3785 singulariter
1568 3730 1751 3769 amare
1779 3715 1966 3783 voluit,
1999 3716 2145 3770 velut

566 3811 855 3863 fomentum
886 3806 1100 3861 lutninis
1124 3806 1270 3861 solus
1292 3806 1431 3859 tulit.
1468 3803 1618 3859 Unde
1645 3811 1699 3858 et
1726 3818 1878 3873 puer,
1928 3803 2017 3871 qui
2048 3819 2144 3859 co—

554 3900 883 3963 mitabatur,
933 3897 1272 3968 praemittitur
1294 3895 1458 3965 aquia
1495 3894 1786 3949 electorum
1827 3893 2002 3949 nullus
2031 3894 2148 3963 ejus

567 3989 811 4058 exempla
851 3990 1112 4057 sequitur,
1141 3987 1232 4058 qui
1259 3987 1435 4040 divina
1464 3984 1782 4040 auctoritate
1808 3985 2146 4053 reprobatur.

558 4077 733 4130 David
774 4092 915 4147 ergo
931 4077 984 4131 in
1012 4075 1192 4130 medio
1232 4074 1451 4128 fratrum
1492 4073 1747 4140 ungitur:
1777 4072 1902 4141 quia
1947 4073 2153 4127 e'ectus

564 4167 756 4221 doctor
782 4166 848 4219 de
876 4180 964 4230 eo,
993 4163 1137 4233 quod
1179 4162 1433 4230 singulari
1460 4161 1785 4216 sublimitate
1831 4161 2151 4227 sustollitur,

558 4256 823 4323 singulati
870 4268 1053 4307 amore
1096 4266 1426 4320 nequaquam
1456 4250 1750 4318 :gloriatur.
1794 4249 1859 4302 Et
1902 4251 2027 4317 quia
2054 4266 2151 4319 per

562 4344 925 4401 ministerium
958 4342 1230 4396 hominum
1253 4341 1541 4411 spiritualia
1569 4339 1622 4393 in
1649 4338 1832 4394 electis
1852 4340 2150 4396 rectoribus

571 4434 708 4486 dona
738 4414 1092 4494 cumulantur,
1134 4430 1437 4498 adjunctum
1456 4437 1549 4483 test
1573 4446 1586 4480 :

2238 2461 2305 2515 sti
2352 2450 2685 2514 sacramenta
2727 2459 3071 2528 percipimus,
3127 2469 3184 2513 ut
3234 2462 3372 2514 intus
3401 2462 3578 2516 sancti
3605 2460 3808 2529 Spiritus

2241 2550 2411 2618 gratia
2441 2548 2761 2618 repleamur.
2795 2546 2863 2601 Et
2908 2547 2961 2601 in
3007 2548 3271 2616 reliquum
3302 2548 3552 2617 dirigitur
3592 2550 3803 2620 spiritus,

2242 2640 2332 2710 qui
2379 2654 2409 2692 a
2451 2639 2621 2706 gratia
2660 2653 2819 2706 quam
2851 2639 3077 2708 percipit
3113 2650 3382 2707 nunquam
3427 2640 3649 2695 recedit.
3675 2639 3806 2695 lianc

2249 2732 2446 2801 quippe
2491 2732 2716 2799 gratiam
2767 2731 2957 2786 directi
3007 2732 3226 2801 Spiritus
3270 2732 3350 2788 sic
3396 2733 3804 2803 prmdicatoribus

2248 2822 2603 2886 ascribimus,
2653 2830 2707 2875 ut
2748 2822 2994 2876 omnibus
3035 2822 3310 2878 ordinibus
3355 2831 3560 2877 sancta:
3587 2821 3804 2876 Ecclesia:

2251 2914 2562 2968 tribuamus.
2595 2914 2848 2981 Quisquis
2888 2914 3030 2968 enim
3061 2914 3436 2985 Redemptoris
3485 2916 3645 2969 nostri
3671 2914 3802 2968 fidem

2248 3003 2507 3071 suscipit,
2558 3016 2654 3072 per
2700 3002 3083 3073 redemptionis
3132 3017 3327 3059 nosme
3375 3005 3688 3074 baptismtun
3734 3018 3803 3058 re-

2250 3091 2487 3146 nascitur
2513 3131 2527 3157 ,
2578 3098 2633 3145 et
2674 3090 2905 3161 Spiritus
2953 3094 3123 3147 sancti
3152 3094 3319 3161 gratia
3347 3094 3416 3149 ab
3444 3096 3591 3150 omni
3616 3101 3805 3164 peccato

2249 3181 2548 3236 redimitur.
2578 3179 2735 3234 Unde
2778 3189 2834 3235 et
2870 3182 3055 3237 electis
3084 3182 3374 3253 redemptis
3402 3182 3639 3251 ejusdem
3664 3180 3805 3252 Spiri-

2251 3278 2336 3325 tus
2364 3271 2531 3325 sancti
2572 3269 2770 3324 donum
2820 3271 3090 3327 insinuans
3136 3271 3330 3327 Paulus
3375 3272 3662 3342 aposwlus,
3705 3272 3804 3325 ait:

2253 3358 2319 3413 In
2365 3376 2462 3429 quo
2505 3359 2697 3429 signati
2735 3359 2856 3412 estis
2886 3359 2939 3412 in
2966 3360 3050 3412 die
3076 3360 3441 3429 redemptionis
3490 3357 3701 3430 (Epltes.
3744 3372 3807 3422 tv.

2248 3450 2360 3520 50).
2410 3450 2467 3504 Si
2515 3464 2645 3518 ergo
2688 3450 3089 3506 consideremus
3139 3451 3393 3519 populum
3424 3450 3623 3504 dudum
3651 3448 3699 3501 in
3721 3447 3807 3500 cir-

2247 3540 2578 3595 cumcisione
2626 3538 2914 3607 superbum
2940 3580 2954 3600 ,
3004 3538 3259 3606 Spiritum
3292 3546 3541 3593 sanctum
3570 3536 3807 3600 amittere,

2248 3631 2492 3685 videmus
2537 3630 2739 3700 pariter
2782 3630 2835 3684 in
2881 3629 3182 3699 baptizatos
3226 3628 3465 3698 ejusdem
3514 3627 3718 3699 spiritus
3740 3624 3807 3679 di-

2251 3718 2569 3775 rectionem.
2617 3716 2674 3771 ln
2722 3731 2830 3785 quo
2867 3730 2965 3770 nos
2991 3715 3205 3784 quidem
3254 3715 3556 3784 dirigimur,
3585 3714 3701 3783 quia
3726 3726 3807 3782 per

2250 3808 2556 3878 superbiam
2604 3807 2677 3862 illi
2724 3807 2896 3862 sancti
2942 3807 3171 3876 Spiritus
3208 3807 3434 3873 gratiam
3466 3802 3806 3875 perdiderunt.

2253 3897 2390 3964 Quid
2418 3905 2501 3952 est
2527 3911 2676 3966 ergo,
2707 3896 2847 3965 quod
2869 3894 3083 3961 dicitur,
3113 3895 3153 3947 Α
3182 3895 3264 3949 die
3288 3896 3381 3948 illa
3409 3902 3458 3948 et
3486 3910 3540 3948 tn
3568 3892 3807 3963 reliqum,

2254 3987 2356 4042 nisi
2381 3987 2505 4056 quia
2534 3987 2704 4041 sancti
2733 3985 2964 4053 Spiritus
3001 3985 3168 4053 gratia
3196 3987 3274 4040 sic
3302 3985 3579 4054 recipitur,
3607 3990 3662 4036 ut
3686 3982 3731 4035 in
3756 3995 3810 4033 ea

2255 4075 2411 4129 electi
2443 4089 2610 4144 usque
2655 4074 2706 4127 in
2761 4074 2917 4128 tinem
2950 4088 3296 4142 perseverare
3323 4070 3653 4127 doceantur?
3680 4065 3810 4121 Multi

2258 4161 2471 4230 quidem
2525 4167 2648 4230 post
2694 4160 3059 4214 remissionem
3112 4168 3453 4229 peccatorum
3507 4164 3713 4228 peccata
3754 4154 3811 4209 ad

2258 4259 2484 4304 mortem
2514 4250 2733 4315 faciunt,
2784 4250 2836 4303 in
2888 4250 3081 4318 quibus
3109 4250 3355 4303 nimirum
3386 4250 3601 4319 spiritus
3628 4249 3675 4302 in
3701 4246 3809 4301 reli-

2256 4354 2417 4407 quum
2448 4339 2601 4407 dirigi
2632 4355 2738 4393 non
2768 4339 2998 4394 videtur.
3047 4339 3299 4406 Dirigitur
3346 4353 3476 4407 ergo
3519 4338 3724 4407 Spiritus
3765 4336 3809 4387 in

2255 4429 2438 4484 electis
2467 4437 2670 4482 tantum
2701 4429 2753 4482 itt
2782 4429 2867 4482 die
2896 4429 2986 4482 illa
3014 4430 3066 4483 in
3097 4430 3381 4499 reliquum,
3428 4429 3551 4496 quia
3597 4424 3810 4496 reprobis

645 4520 818 4587 (Vets.
849 4521 961 4585 15.)
1002 4519 1071 4572 Et
1114 4520 1334 4572 directus
1360 4528 1435 4572 est
1462 4520 1670 4589 spiritus
1702 4520 1907 4575 Domini
1945 4521 1997 4574 in
2039 4519 2149 4574 Da-
2254 4521 2307 4574 in
2336 4529 2526 4575 exortu
2556 4521 2674 4575 fidei
2707 4536 2801 4590 per
2828 4522 3082 4589 Spiritum
3128 4531 3365 4576 sanctum
3406 4529 3624 4590 peccata
3648 4516 3807 4572 dimit-

554 4611 656 4663 rid
684 4626 717 4661 a
746 4609 826 4662 die
852 4609 963 4675 illa,
993 4618 1041 4662 et
1069 4610 1123 4662 in
1153 4609 1420 4675 reliquum.
1696 4607 1728 4658 δ
2254 4618 2460 4673 tuntur,
2507 4610 2600 4666 sed
2647 4609 2876 4679 Spiritus
2921 4611 3088 4665 sancti
3120 4612 3342 4678 gratiam
3373 4610 3699 4682 postmodum
3724 4622 3806 4677 per

643 4697 732 4751 2|.
772 4697 1000 4766 Spiritus
1028 4696 1462 4767 quippeDomini
1491 4704 1612 4765 post
1640 4698 1943 4753 unctionem
1979 4698 2157 4767 dirigi-
2186 4690 2239 4749 D
2264 4700 2594 4769 iniquitatem
2625 4700 2869 4768 perdunt.
2916 4699 3167 4768 Dirigitur
3195 4716 3425 4767 namque
3461 4701 3515 4754 in
3552 4700 3804 4766 reEiquum.

577 4798 698 4841 tur:
728 4787 851 4855 quia
883 4786 1011 4841 foris
1038 4793 1371 4842 sacramenta
1407 4785 1747 4855 percipimus,
1778 4796 1837 4841 ut
1864 4789 2005 4843 intus
2031 4805 2158 4844 san-
2263 4788 2356 4843 sed
2386 4788 2439 4841 in
2469 4788 2655 4852 David,
2693 4788 2814 4856 quia
2845 4803 3004 4841 manu
3035 4788 3187 4842 fortis
3232 4789 3625 4857 interpretatur.
3672 4784 3805 4836 Manu

574 4874 646 4927 eti
675 4874 1117 4943 Spiritus-gratia
1157 4875 1481 4945 repleantur.
1532 4874 1684 4932 Foris
1721 4892 1950 4947 namque
1978 4879 2162 4955 homo,
2266 4876 2478 4945 quidem
2524 4875 2675 4931 fortis
2717 4887 2799 4930 est
2844 4878 2935 4946 qui
2980 4877 3196 4931 diabolo
3241 4878 3530 4946 praevalet,
3560 4884 3610 4927 et
3634 4874 3801 4927 bonum

571 4964 720 5017 intus
766 4962 905 5017 Deus
950 4972 1222 5031 operatur,
1268 4971 1323 5018 et
1365 4979 1472 5018 non
1518 4964 1702 5018 homo.
1744 4964 1895 5021 Foris
1932 4982 2162 5035 namque
2267 4966 2410 5036 quod
2438 4968 2631 5035 accipit
2674 4981 2769 5036 per
2809 4967 3260 5036 perseverantiam
3287 4981 3459 5033 usque
3484 4967 3535 5019 in
3566 4963 3708 5017 linem
3736 4968 3801 5010 te-

550 5056 742 5109 -homo
765 5051 953 5119 surgit,
984 5051 1126 5105 intus
1169 5067 1228 5106 se
1272 5052 1490 5121 spiritus
1519 5051 1699 5119 dirigit
1723 5070 1735 5104 :
1760 5054 1883 5121 quia
1912 5055 2150 5109 ordinem

554 5142 850 5210 religionis
879 5141 1039 5195 homo
1068 5140 1267 5194 homini
1295 5141 1517 5210 prtebet,
1553 5141 1646 5194 sed
1675 5142 1727 5194 in
1757 5156 1879 5195 eum
1909 5144 1993 5195 cui
2021 5144 2151 5198 ordo

579 5231 737 5283 datur
764 5229 980 5298 spiritus
1005 5228 1268 5296 dirigitur,
1319 5237 1377 5282 ut
1424 5227 1551 5283 foris
1577 5228 1956 5283 sublimitatem
1984 5232 2152 5285 susci-

580 5320 690 5387 piat
737 5319 974 5382 ordinis,
1004 5326 1059 5372 et
1105 5319 1246 5373 intus
1293 5318 1456 5372 robur
1502 5320 1672 5374 sancti
1717 5320 1965 5389 Spiritus.
2000 5321 2151 5376 Foris

552 5408 717 5463 .erdo
759 5408 1111 5464 comm'ttitur
1131 5445 1147 5471 ,
1202 5416 1259 5463 ut
1282 5423 1401 5479 quas
1429 5408 1522 5464 Dei
1552 5417 1692 5474 sunt,
1724 5424 1884 5478 agere
1926 5410 2149 5471 debeat;

555 5497 723 5553 .a'ntus
759 5498 1001 5565 dirigitur
1039 5497 1273 5565 spiritus,
1306 5507 1364 5550 ut
1390 5498 1533 5567 quod
1563 5498 1873 5568 iniungitur,
1902 5506 2088 5569 potent
2123 5516 2149 5553 r

628 5638 677 5666 ·¹·
718 5629 1005 5694 Bassania,
1033 5636 1176 5681 tanta
1202 5629 1403 5697 grarius
1433 5631 1581 5698 (erat.

2259 5064 2368 5110 net.
2403 5056 2477 5110 De
2527 5056 2718 5123 quibus
2760 5071 2906 5111 certe
2937 5055 3188 5108 Dominus
3217 5056 3293 5108 ait
3322 5071 3335 5107 :
3361 5053 3461 5117 Qui
3486 5063 3801 5123 perseverare-

2258 5148 2504 5215 ritusque
2546 5147 2601 5199 in
2648 5147 2824 5214 ﬁnem,
2854 5145 3025 5198 salvus
3069 5147 3165 5197 erit
3197 5142 3411 5214 (Matth.
3444 5160 3497 5207 ι,
3540 5141 3641 5211 22).
3671 5134 3798 5204 Quod

2257 5234 2303 5286 si
2342 5234 2654 5289 universalis
2700 5233 2953 5288 Ecclesiae
3004 5241 3175 5287 status
3226 5234 3569 5301 conspicitur,
3613 5228 3797 5297 spiritus

2256 5322 2466 5378 Domini
2518 5323 2570 5376 in
2616 5323 2780 5377 David
2829 5324 2881 5378 in
2928 5323 3192 5391 reliquum
3242 5322 3499 5376 directum
3545 5318 3793 5372 videmnus:

2252 5411 2375 5481 quia
2406 5412 2608 5466 electos
2653 5421 2851 5466 sancta:
2893 5411 3147 5467 Ecclesiae
3192 5412 3260 5467 ab
3306 5412 3538 5481 ejusdem
3583 5401 3795 5460 Ecclesia!

2253 5500 2555 5570 primordiis
2617 5501 2845 5571 Spiritus
2894 5503 3063 5558 sancti
3119 5504 3290 5571 gratia
3355 5500 3555 5573 replere
3613 5489 3789 5562 emit“.

3782 5690 3827 5713 .4
