3948 6272
121 351 208 410 161

925 349 992 405 ΙΝ
1033 349 1298 410 PRlMUM
1342 353 1573 410 REGUM
1617 356 2130 414 EXPOSITIONES.
2174 389 2239 400 —
2283 363 2406 418 LIB.
2452 366 2508 418 \'.

3272 373 3379 427 £61

118 475 238 532 quos
273 471 444 527 usque
491 457 558 511 ad
600 456 778 512 mundi
823 455 982 512 ﬁnem
1012 460 1282 514 custodire
1330 477 1436 517 non
1467 462 1681 518 desinit.
1725 475 1752 520 -\
1792 464 1956 536 Moysi
1981 483 2148 522 cornu
2179 470 2550 538 pmfercliant,
2582 475 2670 544 qui
2699 475 2763 529 de
2793 491 2853 530 ca
2885 491 3003 546 quin
3036 479 3085 531 in
3116 480 3382 536 adulterio

177 548 257 603 2'2.
297 546 414 602 lam
446 548 648 616 quippe
670 546 822 615 juxta
854 550 1185 619 prOpos'tum
1227 557 1465 604 nostrum
1515 553 1692 608 claudi

117 639 235 692 liber
259 635 324 689 ad
353 635 518 688 linem
549 635 737 697 debet;
787 635 880 688 sed
922 635 992 688 ad
1041 638 1354 691 memoriam
1399 639 1535 692 redit
1563 642 1688 710 quia

116 723 356 795 principia
414 722 705 776 volum‘nis
758 721 822 774 ad
887 723 1350 778 conversationem
1407 724 1687 782 retulimus

118 810 492 879 Redemptoris.
525 807 586 863 Et
612 809 736 878 quia
768 826 862 879 per
888 809 1147 865 Joannem
1181 811 1386 867 initium
1411 855 1425 879 ,
1473 826 1528 869 et
1569 817 1688 871 linis

116 904 238 956 idrm
282 901 616 969 Redemptor
658 909 840 956 noster
867 903 1148 966 asseritur,
1179 905 1385 972 optimo
1417 906 1549 960 liber
1578 906 1683 963 ﬁne

114 991 383 1057 clauditur,
414 991 460 1044 si
492 991 546 1044 in
578 989 954 1060 Redemptoris
980 992 1148 1045 nostri
1180 994 1485 1048 narratione
1509 1005 1532 1032 ἰ
1561 1011 1692 1051 con-

112 1089 389 1135 summatur
417 1082 605 1150 (Apoc.
637 1097 674 1145 ι,
702 1081 778 1149 8).
809 1080 973 1134 David
1001 1095 1130 1148 ergo
1159 1097 1316 1135 manu
1340 1082 1491 1139 fortis
1517 1085 1687 1154 ipsum

114 1172 511 1240 Redemptorem
552 1171 769 1224 humani
810 1173 1020 1240 generis
1054 1172 1307 1238 insinuat,
1347 1175 1438 1241 qui
1467 1177 1688 1244 antiquo

112 1259 571 1328 liosti’przcvaluit,
621 1267 678 1314 et
724 1260 791 1314 de
832 1259 948 1328 ejus
987 1271 1261 1329 potestate
1303 1263 1506 1318 electos
1545 1266 1685 1320 tulit.

111 1349 196 1414 Qui
220 1347 612 1401 Bethlehemita
644 1347 744 1401 lsai
769 1347 906 1402 ﬁlius
927 1349 1139 1416 dicitur,
1163 1352 1286 1418 quia
1309 1351 1374 1406 de
1395 1367 1460 1406 eo
1487 1355 1686 1423 populo

110 1439 237 1492 nasci
266 1437 455 1501 voluit,
490 1453 652 1506 quem
681 1439 1078 1509 Scripturarum
1125 1451 1430 1496 sanctarum
1460 1445 1686 1498 scientia

109 1528 239 1595 quasi
282 1541 348 1580 ex
377 1541 523 1595 pane
550 1528 830 1582 saturavit.
861 1528 1060 1584 Domus
1088 1531 1288 1601 quippe
1319 1532 1474 1600 panis
1499 1531 1685 1587 Judaa

109 1618 208 1682 fuit,
237 1632 352 1688 qua:
379 1617 619 1670 solidum
668 1615 1064 1687 Scripturarum
1103 1620 1281 1673 cibum
1330 1620 1384 1673 in
1423 1621 1687 1689 spirituali

110 1706 462 1778 intelligentia,
515 1707 669 1776 quasi
717 1721 782 1760 cx
822 1722 960 1776 pane
991 1707 1195 1761 habuit.
1247 1707 1384 1774 Quid
1431 1723 1561 1763 vero
1590 1709 1689 1763 Sa-

110 1796 249 1861 muel,
281 1796 401 1857 nisi,
433 1803 495 1850 ut
519 1796 632 1863 jam
663 1811 806 1866 s'rpe
832 1796 1080 1861 diximus,
1130 1815 1393 1854 novorum
1426 1801 1687 1869 prmdica-

109 1895 260 1940 torum
306 1885 553 1940 ordinem
600 1886 813 1954 signat?
860 1886 996 1952 Quid
1037 1903 1168 1942 vero
1218 1888 1404 1954 David,
1450 1890 1550 1944 nisi
1582 1889 1684 1944 Re-

109 1980 418 2046 demptorem
443 1977 718 2030 insinuat?
739 1976 816 2030 Ad
839 1993 961 2031 eum
983 1991 1112 2046 ergo
1135 1979 1437 2048 ungendum
1465 1980 1681 2036 Samuel

109 2068 327 2121 mittitur.
356 2065 574 2134 Ungere
602 2068 800 2136 quippe
832 2083 978 2132 eum,
1026 2077 1107 2122 est
1143 2069 1260 2138 ejus
1290 2070 1683 2139 incomparabi-

110 2159 195 2212 lem
239 2156 728 2213 sanctiﬁcatlonem
778 2158 1146 2226 ignorantibus
1195 2159 1506 2228 pra'dicare.
1546 2161 1680 2214 Nam

107 2247 235 2314 quasi
279 2247 539 2313 ungitur,
587 2247 803 2316 quando
850 2248 1208 2302 nescientibus
1255 2249 1523 2318 opinionis
1562 2249 1678 2319 ejus

110 2337 222 2390 odor
248 2338 504 2406 aperitur.
558 2335 710 2391 llunc
739 2353 968 2407 namque
1019 2339 1270 2406 angebat,
1300 2341 1392 2407 qui
1422 2339 1674 2394 dicebat:

111 2423 222 2487 Quia
248 2428 289 2478 ei
317 2441 372 2478 se
399 2425 633 2495 infundit
660 2428 824 2479 omnis
861 2427 1122 2496 plenitudo
1169 2427 1451 2481 divinitatis
1492 2446 1674 2499 corpo-

110 2518 262 2570 raliter
289 2517 482 2590 (Calas.
538 2533 594 2583 n,
643 2518 720 2588 9).
769 2517 875 2574 Sed
916 2521 1043 2588 quid
1074 2529 1278 2575 tantum
1307 2523 1466 2592 387
1508 2539 1678 2579 novos

109 2609 464 2678 prmdicatores
523 2610 594 2664 ad
651 2610 766 2680 ejus
815 2613 1122 2668 unctionem
1174 2615 1498 2684 recipimus,
1555 2631 1676 2670 cum

110 2702 246 2755 etiam
273 2709 480 2756 veteres
531 2711 640 2756 tam
693 2704 1070 2758 venerabiliter
1108 2705 1326 2759 tinxisse
1369 2705 1681 2760 videamus?

111 2791 223 2856 Qui]
259 2793 392 2846 enim
435 2793 631 2848 melius
677 2809 742 2848 ac
788 2795 1001 2850 suavius
1040 2794 1265 2861 redolet,
1319 2810 1478 2865 quam
1525 2795 1678 2863 illud,

111 2885 306 2952 quodin
337 2901 401 2940 eo
431 2889 698 2958 propheta
730 2887 748 2942 l
780 2889 892 2942 aias
939 2887 1142 2953 effudit,
1165 2888 1361 2942 dicens
1391 2909 1401 2940 :
1431 2887 1680 2958 Requies-

113 2984 176 3025 cet
211 2991 353 3044 super
388 2994 504 3030 eum
550 2979 760 3047 spiritus
791 2976 1023 3042 Domini,
1073 2978 1282 3046 spiritus
1323 2980 1592 3046 sapientia
1633 2986 1682 3031 et

111 3063 402 3130 intellectus,
452 3050 684 3136 spiritus.
717 3067 922 3121 consilii
969 3076 1018 3119 et
1064 3066 1422 3136 fortitudinis,
1470 3066 1683 3135 spiritus

114 3157 311 3210 scientia:
350 3165 398 3210 et
445 3159 686 3227 pietatis;
725 3166 775 3211 et
821 3156 1032 3227 replebit
1068 3173 1182 3210 eum
1228 3157 1438 3226 spiritus
1486 3157 1684 3210 timoris

1802 555 2134 624 deprehensa
2190 561 2361 615 fuerat
2403 564 2625 618 Domino
2672 567 2960 622 dicebant:
2995 570 3199 638 Moyses
3237 573 3384 643 jubet

1797 645 2088 714 hujusmadi
2131 649 2393 717 lapidare;
2441 661 2491 703 tu
2530 656 2651 723 quid
2679 656 2807 708 dicis
2847 657 2908 708 de
2955 674 3016 709 ea
3059 657 3236 726 (.laan.
3270 677 3377 723 \‘lll.

1797 731 1924 801 15)?
1951 734 2057 788 Sed
2101 737 2189 803 qui
2221 737 2379 804 pleno
2411 755 2576 794 cornu
2619 752 2812 798 unctus
2844 744 3040 809 fuerat,
3092 747 3219 802 dicit
3245 767 3258 801 :
3284 748 3376 813 οισι

1790 823 1902 875 sine
1926 832 2133 890 peccato
2162 832 2238 877 est
2264 834 2500 890 vestrum,
2534 831 2727 897 primus
2757 833 2807 884 in
2837 850 2948 886 eam
2999 836 3221 903 lapidem
3267 841 3378 891 mit-

1789 919 1884 966 tat.
1918 914 2079 979 Quasi
2107 930 2273 968 cornu
2308 915 2523 971 feriendi
2554 919 2664 983 ille,
2696 934 3078 992 assumpserat,
3117 928 3208 994 qui
3237 929 3382 983 dice-

1796 1001 1888 1053 bat
1911 1018 1925 1053 :
1953 999 2054 1054 llic
2079 1004 2124 1055 si
2148 1013 2279 1057 esset
2307 1007 2576 1074 propheta,
2607 1010 2757 1062 sciret
2787 1029 2898 1082 qna‘
2920 1024 2970 1066 et
2995 1016 3162 1084 qualis
3183 1025 3258 1070 est
3280 1018 3387 1072 [nec

1794 1089 1979 1141 mulier
2003 1106 2120 1160 qua:
2149 1093 2311 1162 tangit
2349 1111 2490 1158 eum,
2523 1099 2644 1166 quia
2673 1101 2936 1165 peccatrix
2971 1111 3048 1155 est
3086 1102 3246 1170 (Luc.
3293 1123 3386 1167 vn.

1795 1177 1918 1244 59).
1951 1176 2057 1232 Sed
2085 1180 2174 1249 qui
2203 1195 2269 1234 ex
2299 1181 2625 1250 plenitudine
2656 1202 2824 1241 cornu
2854 1199 3044 1244 unctus
3072 1189 3227 1246 Jesus
3266 1191 3386 1248 fue—

1793 1272 1896 1327 rat,
1926 1272 2094 1319 totum
2127 1269 2450 1334 remittebat,
2483 1272 2668 1328 dicens
2696 1291 2708 1326 :
2738 1275 3081 1332 Reniittuntur
3102 1281 3153 1334 ei
3175 1291 3388 1348 peccata

1791 1352 1973 1416 multa,
2003 1356 2243 1420 quoniam
2282 1357 2461 1411 dilexit
2490 1362 2723 1414 multum.
2767 1363 2900 1418 llinc
2929 1367 2996 1420 de
3036 1379 3385 1438 peccatorum

1789 1447 2156 1514 assumptione
2195 1453 2649 1507 murmurantibus
2693 1453 2821 1509 dicit
2851 1472 2863 1508 :
2894 1455 3018 1511 Non
3067 1461 3177 1513 veni
3205 1477 3388 1516 vacare

1779 1533 1970 1602 justas,
2025 1537 2116 1589 sed
2159 1549 2450 1605 peccatores
2500 1541 2715 1609 (Matth.
2759 1561 2832 1608 ix,
2877 1545 2987 1614 15).
3035 1545 3217 1603 Cornu
3254 1565 3387 1620 ergo

1786 1622 1950 1708 pleno
1995 1623 2062 1677 ad
2112 1626 2414 1693 ungendum
2465 1627 2626 1684 David
2677 1633 2938 1703 propheta
2987 1636 3232 1704 mittitur,
3263 1639 3385 1708 quia

1787 1707 1936 1766 illum
1985 1715 2147 1769 modo
2177 1717 2429 1772 doctores
2458 1719 2782 1788 pradicant,
2828 1725 2919 1791 qui
2964 1724 3213 1780 duritiam
3253 1707 3385 1798 legis

1789 1801 1969 1864 solvit,
2001 1811 2056 1856 et
2095 1819 2278 1872 omne,
2318 1807 2463 1876 quod
2508 1807 2737 1876 rigidum
2779 1811 3027 1879 praetulit,
3078 1829 3176 1884 per
3203 1818 3385 1884 gratia.-

1718 1922 1763 1982 Β
1787 1907 1898 1947 sum
1929 1895 2162 1949 fomenta
2185 1898 2472 1966 reparavit.
2506 1899 2584 1953 An
2617 1916 2722 1954 non
2751 1905 2983 1970 ungebat
3025 1919 3144 1958 eum
3175 1907 3287 1974 ille,
3318 1909 3382 1960 ad

1787 1998 1908 2038 eum
1956 1986 2257 2052 ungendum
2305 1987 2518 2052 missus,
2550 1991 2616 2044 de
2664 2007 2770 2061 quo
2817 1993 3201 2048 diciturzFuit
3230 1997 3383 2051 homo

1783 2075 1969 2127 missus
1999 2091 2029 2127 a
2060 2073 2202 2140 Dea,
2241 2077 2322 2130 cui
2352 2094 2537 2131 nomen
2578 2089 2689 2132 erat
2725 2079 2955 2135 Joannes
2982 2099 2998 2135 :
3023 2083 3105 2136 hic
3151 2086 3286 2136 venit
3332 2086 3384 2137 in

1784 2169 2127 2222 testimonium
2155 2209 2170 2236 ,
2235 2178 2291 2222 ut
2354 2172 2699 2225 testimonium
2748 2174 3035 2243 perhiberet
3084 2175 3148 2228 de
3196 2177 3385 2229 lumine

1783 2254 1961 2326 (Joan.
1995 2273 2032 2320 ι,
2067 2257 2158 2325 6)?
2187 2257 2291 2312 Sed
2321 2259 2620 2314 audivimus
2664 2263 2936 2328 quomodo
2964 2263 3160 2318 missus
3186 2263 3382 2326 inerat,

1779 2345 2057 2400 audiamus
2088 2348 2359 2414 quomodo
2389 2357 2554 2418 ungat
2584 2367 2597 2402 :
2627 2349 2779 2417 Ecce,
2811 2353 3003 2420 inquit,
3049 2355 3226 2424 Agnus
3258 2353 3376 2417 Dei,

1774 2448 1890 2487 ecce
1916 2437 2000 2504 qui
2033 2437 2163 2488 tollit
2191 2446 2398 2505 peccata
2425 2439 2602 2492 mundi
2625 2439 2806 2507 (Ibid.,
2837 2441 2947 2511 29).

1851 2521 1939 2574 21.
1982 2521 2168 2578 Potest
2194 2539 2287 2592 per
2319 2540 2510 2593 cornu,
2539 2528 2690 2596 regni
2721 2530 2838 2597 ejus
2865 2530 3135 2597 videlicet,
3179 2540 3381 2588 sanctae

1781 2613 2037 2670 Ecclesia:
2075 2615 2375 2670 sublimitas
2417 2616 2705 2685 designari,
2749 2635 2867 2690 qum
2895 2635 3092 2688 magna
3120 2631 3240 2688 est,
3288 2625 3384 2679 sed

1782 2710 1996 2756 austera
2027 2711 2082 2756 et
2109 2703 2338 2772 superba
2385 2719 2493 2758 non
2542 2714 2643 2760 est.
2677 2707 2751 2760 De
2796 2723 2904 2776 quo
2936 2709 3186 2763 nimirum
3215 2725 3383 2765 cornu

1782 2795 2031 2860 superius
2074 2808 2171 2862 per
2218 2795 2428 2848 Annam
2458 2794 2722 2851 Samuelis
2751 2807 2978 2859 matrem
3009 2800 3206 2856 dicitur
3233 2820 3245 2854 :
3272 2803 3384 2857 Su-

1788 2882 2019 2936 blimabit
2048 2899 2207 2936 cornu
2236 2883 2427 2938 Christi
2455 2887 2534 2938 sui
2559 2885 2614 2956 (I
2645 2886 2772 2957 Reg.
2807 2905 2863 2953 ιι,
2894 2888 3006 2959 10).
3049 2891 3184 2946 llinc
3226 2907 3384 2946 nam-

1787 2990 1892 3044 que
1937 2991 2031 3045 per
2078 2975 2390 3030 Zachariam
2420 2975 2617 3030 dicitur
2644 2995 2656 3028 :
2683 2976 2864 3032 Erexit
2893 2996 3050 3033 cornu
3080 2980 3263 3034 salutis
3289 2998 3385 3034 na-

1788 3063 1902 3127 bis,
1955 3068 2010 3118 in
2049 3065 2199 3120 domo
2247 3063 2418 3118 David
2460 3067 2603 3136 pueri
2647 3069 2724 3121 sui
2766 3067 2915 3135 (Luc.
2959 3087 2996 3135 ι,
3040 3069 3151 3140 69).
3201 3069 3382 3126 Cornu

1787 3154 2002 3222 quidem
2033 3156 2220 3209 salutis
2247 3155 2374 3223 quid
2404 3163 2506 3220 est,
2549 3157 2650 3210 nisi
2679 3156 2978 3213 sublimitas
3007 3160 3384 3216 ecclesiasticae

113 3244 294 3300 Domini
350 3247 520 3319 (Isai.
571 3265 640 3313 xi,
690 3249 793 3318 2)?
825 3249 850 3288 δ
899 3248 1034 3304 lline
1065 3249 1212 3313 item,
1260 3249 1350 3318 qui
1389 3257 1601 3304 tenetur
1630 3252 1681 3306 in
1710 3278 1754 3338 ρ
1789 3247 2118 3316 potestatis?
2171 3248 2328 3338 Nam_
2356 3247 2500 3316 quod
2550 3249 2782 3317 antiquis
2830 3264 3091 3316 nusquam
3141 3251 3336 3306 dicitur
3366 3293 3381 3311 .

113 3338 346 3402 manibus,
377 3337 547 3392 David
575 3339 625 3394 ei
655 3340 899 3409 loquens,
930 3339 1005 3392 ait
1036 3357 1048 3392 :
1077 3339 1354 3408 Speciosus
1376 3341 1547 3410 {arma
1573 3356 1682 3408 pra:

111 3427 218 3495 ﬁliis
244 3428 536 3496 hominum,
567 3431 758 3499 di/fusa
787 3439 863 3483 est
891 3432 1062 3502 gratia
1088 3432 1144 3484 in
1173 3429 1324 3484 labiis
1354 3433 1455 3485 tuis
1485 3433 1504 3502 (
1529 3431 1677 3485 Psal.

112 3531 235 3579 xuv,
280 3518 351 3587 '5).
399 3517 462 3572 Et
510 3529 632 3588 post
680 3535 891 3588 pauca:
923 3519 1086 3574 Unxlt
1132 3529 1180 3572 te
1226 3519 1364 3573 Deus
1413 3529 1528 3574 tuus
1570 3523 1682 3576 alea

111 3607 282 3661 latitia
322 3623 427 3678 pra:
464 3607 791 3662 consortibus
819 3609 938 3662 tuis.
973 3607 1124 3662 Hunc
1153 3615 1333 3663 autem
1362 3607 1548 3663 Daniel
1578 3626 1682 3663 un-

111 3698 194 3763 xit,
220 3707 269 3752 et
294 3701 464 3756 omnis
497 3717 580 3754 un.
605 3701 763 3756 lienis
791 3709 1182 3755 sacramentum
1204 3697 1402 3754 Judreis
1432 3699 1678 3768 prsebuit,

112 3786 270 3844 dicens
311 3807 324 3842 :
366 3789 494 3845 Cum
552 3792 740 3844 venerit
799 3790 1025 3845 Sanctus
1072 3798 1410 3857 sanctarum,
1463 3790 1682 3845 cessabit

111 3881 260 3934 unctio
287 3891 446 3956 vestra
483 3880 650 3952 (Dan.
680 3880 777 3950 ix).
811 3880 890 3934 Ad
922 3879 1224 3948 ungendum
1252 3892 1381 3948 ergo
1421 3879 1681 3948 propheta

113 3972 340 4036 mittitur;
372 3972 501 4041 quia
533 3969 648 4040 ejus
674 3972 809 4026 odor
835 3986 864 4022 a
893 3970 1125 4039 parvulis
1153 3983 1422 4036 nunquam
1453 3969 1679 4036 capitur,

115 4059 198 4114 nisi
239 4076 328 4130 per
371 4061 784 4130 praedicatorum
822 4074 917 4114 ora
955 4057 1239 4128 pandatur.
1283 4055 1434 4111 Unde
1480 4065 1536 4111 et
1571 4067 1683 4112 tres

113 4149 198 4203 illa:
222 4151 465 4206 mulieres
493 4159 733 4205 aromata
775 4157 1102 4220 prteparant,
1134 4155 1190 4203 et
1217 4147 1270 4202 in
1299 4147 1546 4216 sepulcro
1576 4147 1684 4202 Re-

112 4240 415 4310 demptorem
444 4249 653 4308 ungunt
684 4238 875 4308 (Marc.
910 4238 1041 4308 xvi).
1090 4237 1146 4292 ln
1188 4237 1436 4305 sepulcro
1464 4236 1679 4304 quidem

114 4330 242 4384 lesus
271 4332 507 4398 ungitur,
539 4344 659 4384 cum
689 4327 1101 4384 resurrectionis
1127 4326 1243 4394 ejus
1271 4325 1439 4393 gloria
1487 4323 1681 4393 prmdir-

114 4428 262 4473 catur.
309 4418 460 4476 Unde
505 4429 562 4473 et
607 4435 727 4474 cum
774 4420 1014 4479 veniunt,
1046 4417 1200 4472 Jesus
1229 4433 1335 4470 non
1385 4417 1681 4481 invenitur,

114 4509 218 4573 quia
262 4524 378 4564 cum
426 4510 569 4564 bene
597 4508 665 4562 de
696 4508 973 4562 Dominica
1022 4515 1194 4561 morte
1223 4507 1510 4575 disputant,
1542 4521 1685 4560 mor—

118 4605 242 4652 tuum
279 4599 385 4668 jam
415 4607 780 4668 resurgentem
811 4606 1131 4662 monstrant,
1161 4606 1216 4651 et
1241 4598 1392 4666 quasi
1421 4595 1685 4650 veniendo

115 4704 206 4744 non
234 4691 542 4753 inveniunt;
589 4692 711 4760 quia
740 4691 826 4744 ubi
856 4691 992 4745 bene
1021 4691 1210 4744 mortis
1237 4703 1454 4744 causam
1484 4702 1684 4755 cogno-

114 4787 272 4844 scunt,
314 4782 476 4836 vitam
506 4797 625 4836 esse
653 4780 916 4835 redditam
962 4795 1060 4848 per
1103 4779 1243 4833 illius
1270 4787 1498 4833 mortem
1528 4780 1680 4834 inve-

116 4869 266 4923 niunt.

175 4957 253 5012 23.
293 4961 398 5017 Sed
445 4963 574 5032 quid
620 4972 722 5030 est,
761 4963 905 5034 quod
934 4963 1159 5032 implere
1185 4976 1351 5016 cornu
1381 4961 1503 5016 oleo
1524 4960 1682 5029 jube-

119 5049 224 5100 tur?
263 5049 394 5114 Quid
444 5067 673 5121 namque
716 5051 814 5106 fuit
855 5053 1142 5107 austeritas
1178 5052 1330 5119 legis,
1374 5051 1476 5105 nisi
1515 5066 1685 5106 cornu

121 5138 337 5190 acuitas?
384 5139 546 5205 Quasi
594 5141 737 5194 enim
781 5155 949 5196 cornu
999 5141 1277 5210 percussit,
1308 5141 1434 5194 dum
1461 5149 1680 5209 peccata

118 5235 214 5276 non
256 5239 350 5293 per
395 5229 819 5282 misericordiam
866 5228 1104 5293 indulsit,
1148 5227 1242 5282 sed
1290 5241 1502 5296 pinnam
1545 5229 1682 5282 inlli-

121 5311 278 5374 gendo
320 5315 626 5371 vindicavit.
671 5315 852 5372 Cornu
897 5331 1026 5386 ergo
1063 5317 1185 5372 oleo
1230 5317 1510 5386 impletur;
1557 5317 1682 5387 quia

123 5398 230 5453 talis
257 5400 365 5456 Rex
394 5405 624 5473 ungitur,
653 5407 744 5476 qui
776 5415 993 5478 peccata
1022 5408 1296 5462 hominum
1329 5407 1675 5463 misericordi-

127 5494 197 5540 ter
221 5489 462 5562 dimittat,
502 5510 604 5551 non
635 5511 730 5566 per
757 5497 890 5566 legis
916 5499 1283 5554 austeritatem
1313 5496 1514 5566 puniat.
1546 5496 1680 5552 Nam

193 5629 214 5693 ξ
248 5621 410 5693 ῗτιῑὶε.
439 5636 492 5682 ct
519 5627 664 5683 Gilot
690 5669 706 5693 ,
729 5639 1067 5684 consumatur.

193 5687 218 5726 δ
252 5692 404 5748 ῡιιοι.
436 5706 488 5750 et
519 5687 708 5766 Vatia,
742 5700 820 5752 hic
852 5701 988 5752 item.

1787 3336 1947 3390 modo
1977 3337 2262 3390 universali
2290 3336 2548 3392 Ecclesia:
2593 3338 2786 3394 dicitur
2815 3358 2825 3391 :
2857 3339 3204 3412 Quodcunque
3251 3343 3388 3413 ligu-

1782 3429 1913 3478 ueris
1954 3440 2108 3494 super
2137 3434 2346 3489 terram,
2395 3427 2494 3479 erit
2541 3427 2753 3497 ligatum
2783 3437 2833 3481 et
2859 3430 2914 3482 in
2945 3430 3114 3492 caelis;
3145 3439 3193 3483 et
3221 3433 3383 3501 quad-

1783 3532 1978 3585 cunque
2004 3516 2216 3569 solveris
2261 3533 2413 3586 super
2443 3526 2654 3584 terram,
2697 3519 2795 3572 erit
2832 3519 3050 3574 solutum
3080 3530 3129 3574 et
3157 3521 3212 3574 in
3241 3521 3383 3574 cazlis

1785 3605 1999 3677 (Matth.
2048 3622 2156 3669 xw,
2209 3605 2320 3674 l9).
2373 3606 2525 3672 Quod
2571 3606 2814 3676 profecto
2844 3624 3012 3663 cornu
3043 3618 3280 3664 erectum
3329 3619 3385 3663 et

1782 3695 1906 3750 oleo
1946 3695 2163 3764 plenum
2210 3696 2434 3760 dicitur,
2483 3697 2608 3765 quia
2655 3709 2840 3752 sancta
2885 3696 3126 3753 Ecclesia
3155 3739 3170 3765 ,
3218 3699 3384 3769 388

1784 3798 1907 3838 cum
1956 3784 2283 3838 sublimitate
2323 3787 2625 3852 potestatis,
2656 3785 2900 3840 extendit
2928 3786 3132 3840 viscera
3160 3787 3388 3842 misera-

1785 3873 1969 3929 tionis.
2019 3872 2087 3926 Et
2132 3874 2258 3943 quia
2303 3890 2398 3944 per
2444 3874 2708 3930 damnatae
2757 3877 3103 3931 humanitatis
3152 3877 3382 3942 vitium,

1785 3961 1990 4018 facilius
2033 3964 2087 4017 in
2131 3963 2507 4019 auctoritatem
2550 3966 2832 4034 potestatis
2861 3967 3046 4021 exto'li
3093 3981 3382 4036 possumus

1784 4072 1946 4126 quam
1987 4057 2129 4114 ﬂecti
2159 4058 2227 4113 ad
2263 4059 2542 4113 mollitiem
2574 4059 2824 4128 pietatis;
2865 4059 3002 4114 bene
3040 4075 3148 4115 non
3187 4076 3380 4121 cornu.

1782 4147 1879 4202 sed
1908 4163 2211 4218 prmparare
2237 4149 2414 4203 oleum
2439 4149 2677 4218 jubetur.
2707 4147 2814 4214 Qui
2837 4149 3002 4215 enim,
3033 4151 3190 4218 imple
3218 4167 3380 4205 cornu

1785 4244 1927 4290 tuum
1956 4238 2089 4305 aleo,
2120 4237 2268 4303 dicit,
2301 4253 2470 4292 cornu
2499 4238 2618 4292 sine
2646 4237 2767 4292 oleo
2797 4252 2916 4292 esse
2943 4239 3192 4306 signavit.
3241 4239 3380 4304 Quid

1785 4336 1868 4382 est
1911 4329 2036 4394 hoc,
2065 4329 2166 4384 nisi
2193 4331 2318 4398 quia
2349 4330 2508 4383 irasci
2552 4338 2608 4384 et
2651 4343 2876 4398 arguere
2903 4330 3063 4384 etiam
3096 4328 3380 4383 inconsulti

1786 4436 2091 4491 possumus,
2121 4421 2213 4476 sed
2239 4421 2382 4476 ﬂecti
2407 4421 2472 4474 a-l
2499 4417 2942 4483 misericordiam,
2977 4420 3077 4474 nisi
3099 4434 3166 4474 ex
3191 4433 3381 4486 magna

1789 4509 2138 4563 meditatione
2164 4549 2179 4574 ,
2227 4525 2333 4563 non
2383 4511 2708 4579 possumus?
2751 4509 2914 4574 Quasi
2965 4509 3145 4562 dicat:
3174 4507 3380 4569 Zelum,

1791 4613 1952 4666 quem
1999 4598 2314 4651 naturaliter
2359 4598 2544 4662 habes,
2587 4598 2748 4667 imple
2776 4598 2937 4660 oleo,
2989 4595 3131 4664 quod
3176 4597 3221 4648 si
3273 4609 3382 4648 non

1790 4687 1956 4741 habes
1995 4701 2061 4741 ex
2091 4696 2165 4747 te.
2215 4687 2416 4741 habere
2446 4697 2600 4754 potes
2628 4702 2696 4740 ex
2725 4687 2938 4739 virtute.
2971 4683 3124 4748 Quod
3153 4692 3302 4737 certe
3329 4685 3378 4736 ei

1788 4777 2002 4843 dicitur,
2032 4779 2123 4846 qui
2169 4790 2368 4844 ungere
2413 4775 2826 4843 Redemptorem
2869 4775 3150 4837 mitttitur;
3201 4782 3258 4828 ut
3286 4775 3379 4843 qui

1785 4863 1841 4924 in
1865 4868 2043 4924 olﬁcio
2067 4867 2465 4938 prmdicationis
2486 4866 2724 4935 ponitur,
2750 4864 2900 4919 dives
2927 4877 3047 4918 esse
3076 4863 3378 4917 misericor-

1785 4959 1872 5013 dia
1901 4973 2118 5028 semper
2144 4966 2388 5012 conetur.

1855 5048 1946 5102 25.
1991 5062 2012 5088 ε
2045 5047 2229 5103 Potest
2272 5048 2377 5101 hoc
2418 5061 2584 5100 cornu
2634 5043 2832 5097 mentis
2874 5041 3096 5097 allectus
3144 5041 3373 5097 Ostendi.

1788 5140 1943 5208 Quod
1985 5147 2130 5195 certe
2157 5153 2327 5192 cornu
2355 5135 2564 5205 impleri
2608 5133 2940 5203 praecipitur,
2969 5135 3093 5201 quia
3138 5132 3378 5201 perfecte

1787 5230 1948 5284 debet
1974 5225 2349 5295 Redemptoris
2376 5225 2546 5278 nostri
2576 5224 2782 5288 unctio,
2812 5222 2862 5276 id
2892 5231 2974 5277 est
3001 5220 3378 5286 sanctiﬁcatio,

1789 5326 1914 5374 ante
1941 5318 2066 5373 sciri
2091 5331 2250 5385 quam
2278 5313 2605 5370 suﬁicienter
2649 5312 2826 5366 valeat
2867 5303 3166 5380 prtedicari.
3195 5307 3371 5363 Cornu

1784 5423 1913 5478 ergo
1955 5408 2233 5476 impletur,
2270 5405 2484 5475 quando
2519 5405 2660 5458 bene
2703 5403 2958 5458 sanctitas
2999 5400 3378 5468 Redemptoris

1785 5497 2113 5568 agnoscitur.
2152 5495 2220 5548 Et
2256 5495 2416 5565 pleno
2445 5509 2610 5548 cornu
2643 5492 2878 5560 ungitur,
2920 5491 3137 5560 quando
3175 5487 3377 5557 optime

1844 5629 2079 5700 είγιιιίρ.
2126 5639 2181 5684 et
2223 5631 2506 5696 Gussanv.,
2555 5639 2668 5700 post
2695 5629 2787 5685 hoc
2816 5644 2996 5696 cornu,
3039 5624 3128 5681 ubi
3158 5621 3376 5678 omnino

1796 5699 1972 5754 deﬁcit
1995 5715 2204 5757 sensus.
