3948 6318
554 419 582 470 ι
594 417 659 468 n5

1798 402 2036 456 SANCTI
2079 401 2402 457 GREGORII
2447 404 2657 457 MMiNl

3715 406 3818 462 ill

551 524 887 597 prmdicatur.
940 519 1069 572 Nam
1122 515 1353 567 Joannes
1401 512 1523 579 quia
1577 509 1911 579 przcdicaudo
1943 522 2139 575 ungere
2170 515 2211 571 Α
2246 525 2480 578 prmscns
2529 520 2627 575 est,
2674 512 2723 563 in
2767 515 2932 563 verbo
2981 518 3163 563 nostra
3214 510 3385 564 futura
3442 527 3546 566 non
3584 523 3676 569 est.
3701 516 3820 571 Jam

551 624 791 679 vene-tt,
825 612 977 681 quasi
1026 623 1192 661 covnu
1225 604 1470 673 implevit-
1510 601 1756 667 sciendo;
1789 611 1845 654 ιιι
1881 616 2003 654 eum
2042 616 2142 654 un-

549 723 673 777 gere
702 707 838 757 bene
868 697 1135 766 loquendo
1166 696 1444 763 potu'Lssct.
1496 692 1552 745 Si
1597 698 1774 744 autem
1822 691 1958 743 bene
2001 691 2141 744 scire

549 797 907 867 impletiotem
940 789 1217 849 volumus,
1252 785 1528 837 audiamus
1575 781 1717 848 quod
1759 780 1809 832 in
1850 780 2139 847 EVangelio

550 889 741 943 dicitur
773 902 785 936 :
822 880 1040 934 Factum
1067 886 1141 931 est
1172 874 1373 930 verbum
1400 890 1550 943 super
1574 870 1829 924 Joannem
1868 870 2139 923 Zachariae

552 979 709 1044 (ilium
737 976 789 1027 in
820 974 1018 1026 deserto
1052 969 1200 1037 (Luc.
1234 981 1307 1027 Ill,
1338 964 1416 1031 2).
1459 962 1635 1015 Curnu
1663 976 1792 1029 ergo
1821 961 1979 1030 pleno
2011 973 2133 1012 eum

548 1064 715 1125 unxit,
767 1060 855 1128 qui
897 1057 1132 1127 perfcc1e
1176 1055 1322 1123 prius
1350 1066 1379 1103 a
1408 1052 1576 1104 verbo
1616 1049 1805 1104 doctus
1849 1056 1932 1101 est
1974 1061 2131 1113 quam

547 1153 691 1205 verbi
740 1149 1073 1202 divinitatem
1134 1153 1184 1196 et
1236 1147 1557 1208 a-sumptam
1608 1138 1840 1193 hominis
1889 1146 2133 1189 naturam

546 1239 690 1308 loqui
741 1236 1022 1306 potuissm.
1065 1231 1170 1286 Sed
1215 1230 1451 1289 vanius,
1503 1227 1553 1279 in
1595 1242 1752 1279 manu
1781 1225 2002 1278 vitulum
2034 1224 2133 1276 ha-

544 1326 690 1391 buit;
720 1324 867 1394 quia,
897 1334 956 1378 ut
985 1323 1174 1389 dignus
1202 1334 1321 1389 pne
1345 1334 1377 1371 o
1408 1316 1782 1384 Relemptoris
1812 1316 1983 1380 lieret,
2019 1329 2138 1367 car-

543 1433 664 1472 nem
703 1429 854 1469 snam
901 1414 1013 1467 Deo
1062 1427 1159 1481 per
1205 1407 1581 1462 abstinentiam
1631 1403 1901 1459 mactavit.
1954 1401 2138 1455 Potest

539 1506 701 1558 etiam
762 1502 909 1555 vitrli
965 1498 1322 1569 appellatione
1374 1496 1488 1564 ipse
1538 1494 1793 1550 Dominus
1844 1492 2132 1559 designari.

538 1593 675 1659 Quid
708 1607 836 1661 ergo
866 1598 965 1652 est,
1008 1587 1151 1657 quod
1182 1586 1439 1655 pmpheta
1474 1585 1524 1636 in
1554 1599 1715 1636 manu
1743 1581 1967 1635 vitulum
1998 1578 2134 1643 tn'it,

541 1681 639 1737 nisi
670 1681 811 1749 qu’a,
843 1677 935 1747 qui
963 1675 1144 1730 Jesum
1178 1673 1288 1727 vult
1317 1670 1661 1742 prcedicando
1688 1668 1991 1734 ostendere,
2044 1682 2139 1736 per

536 1768 1008 1826 mortiﬁcationem
1051 1764 1225 1819 carnis
1267 1762 1426 1816 debet
1465 1761 1612 1828 ejus,
1658 1774 1818 1829 quem
1858 1758 2133 1828 praedicat,

538 1862 816 1930 passiones
864 1856 1100 1911 imitari?
1141 1853 1372 1908 Vitulum
1410 1851 1609 1919 quippe
1639 1850 1691 1903 in
1722 1864 1883 1903 manu
1929 1857 2135 1915 tenere,
2172 1841 2212 1895 Β

534 1960 620 2006 est
657 1946 1058 2003 similitudinem
1105 1944 1372 2015 passionis
1399 1940 1594 1996 Christi
1627 1940 1679 1993 in
1708 1939 1908 1993 virtute
1938 1954 2131 2007 opera-

538 2040 699 2095 tionis
745 2037 1049 2093 ostendere.
1111 2034 1279 2088 Aliter
1341 2032 1482 2086 enim
1509 2071 1523 2096 ,
1589 2031 1679 2100 qui
1721 2028 1789 2082 ad
1826 2028 2133 2094 ungendum

534 2145 717 2198 regem
745 2128 915 2196 venit,
943 2124 1232 2189 occiditur;
1260 2122 1386 2191 quia
1417 2119 1667 2174 nimirum
1712 2118 1766 2172 in
1810 2116 1997 2171 salutis
2025 2130 2134 2170 sum

534 2220 831 2291 periculum
882 2216 1201 2288 praedicator
1226 2210 1466 2266 veritatis
1494 2209 1743 2273 emcitur,
1792 2208 1882 2277 qui
1912 2208 2130 2261 verbum

536 2312 679 2381 quod
728 2326 824 2365 ore
872 2307 1124 2378 praedicat
1159 2320 1319 2374 prava
1347 2302 1665 2369 Operatione
1690 2299 1987 2354 concaleat.
2033 2299 2135 2353 Sa-

537 2399 679 2452 muel
709 2399 893 2465 itaque
942 2396 1009 2448 ad
1060 2393 1364 2460 ungendum
1413 2404 1591 2455 regem
1623 2388 1855 2451 veniens,
1890 2388 1941 2441 in
1971 2403 2131 2441 manu

534 2487 759 2540 vitulum
793 2487 939 2545 tulit;
971 2485 1093 2551 quia
1125 2495 1425 2552 pnecursor
1455 2478 1663 2531 Domini
1708 2491 1768 2531 se
1797 2477 1943 2544 prius
1972 2491 2023 2528 ιιι
2050 2491 2128 2528 ra-

532 2577 697 2631 bilem
728 2590 824 2644 per
852 2586 1097 2643 superna:
1124 2566 1552 2625 conversationis
1581 2566 1839 2634 fulgorem
1888 2566 2030 2635 prmb
2052 2565 2131 2629 iit,

534 2678 589 2721 ct
616 2667 695 2722 sic
724 2666 925 2720 bonum
958 2671 1118 2717 tantae
1147 2659 1332 2729 gratia:
1362 2657 1723 2712 nescientibus
1751 2656 2021 2711 indicavit.

603 2757 694 2809 26.
737 2754 844 2811 Sed
871 2751 997 2824 quid
1027 2760 1131 2819 est,
1157 2748 1300 2819 quod
1326 2745 1491 2817 quaeri
1525 2748 1665 2802 inter
1694 2747 1832 2801 ﬁlios
1856 2746 1957 2801 lsai
1982 2744 2133 2814 jube-

536 2854 641 2909 tur,
676 2845 776 2899 nisi
804 2844 931 2913 quia
958 2851 1016 2897 et
1041 2842 1109 2895 de
1138 2838 1306 2894 veteri
1336 2838 1533 2908 populo
1561 2838 1861 2892 nasciturus
1904 2847 2041 2901 erat,
2078 2844 2134 2890 et

534 2934 795 3002 aequalem
824 2932 1028 2986 nullum
1058 2929 1372 2983 habiturus?
1401 2926 1576 2993 Quzeri
1600 2928 1779 2996 itaque
1806 2927 2127 2996 praccipitur,

542 3037 599 3081 ut
643 3026 694 3082 ei
732 3021 1124 3093 rationabiliter
1163 3020 1465 3075 credamus.
1496 3017 1563 3072 Et
1590 3018 1714 3086 quia
1746 3033 1839 3089 per
1873 3017 2129 3085 semetip-

532 3129 651 3168 sum
697 3111 825 3167 dicit
849 3128 861 3164 :
889 3108 1056 3163 Nemo
1099 3110 1234 3162 venit
1262 3108 1330 3160 ad
1357 3124 1435 3160 me
1456 3145 1471 3170 ,
1504 3106 1607 3161 nisi
1634 3104 1819 3172 Pater,
1865 3107 1950 3175 qui
1991 3104 2131 3158 misit
2158 3122 2205 3183 ρ

533 3224 633 3270 me,
664 3204 879 3258 traxerit
907 3217 1022 3254 eum
1049 3199 1227 3268 (Joan.
1259 3214 1330 3262 vt,
1362 3196 1474 3267 45),
1502 3198 1641 3251 bene
1669 3196 1902 3250 Samueli
1926 3210 1955 3248 a
1977 3205 2129 3263 patre

533 3288 969 3360 diciturzllnges
1013 3304 1159 3359 quem
1208 3294 1555 3340 monstravero
1610 3285 1720 3337 tibi.
1772 3283 1933 3349 Quasi
1984 3283 2126 3338 enim

536 3387 892 3436 monstratum
924 3384 1149 3431 unxerat
1192 3376 1358 3444 prius,
1391 3374 1483 3442 qui
1515 3374 1581 3427 ab
1616 3389 1715 3437 eo,
1756 3388 1914 3441 quem
1963 3388 2132 3427 unxe-

533 3478 637 3534 rat,
668 3468 918 3522 audiebat
944 3486 955 3518 :
984 3466 1171 3518 Beatus
1198 3483 1250 3518 es
1282 3465 1461 3518 Simon
1506 3463 1801 3531 Bar-Jona,
1847 3465 1964 3535 quia
2012 3481 2132 3518 raro

532 3570 583 3614 et
610 3559 821 3627 sanguis
851 3573 953 3609 non
984 3555 1216 3608 revelari!
1265 3553 1383 3617 tibi,
1425 3552 1513 3605 sed
1549 3552 1705 3605 Pater
1733 3568 1872 3606 meus
1894 3591 1909 3615 ,
1942 3553 2026 3624 qui
2054 3562 2131 3605 est

533 3651 587 3704 iu
614 3644 752 3703 coriis
776 3645 987 3719 (Matth.
1007 3662 1115 3708 xvi,
1150 3645 1260 3712 i7).
1292 3644 1347 3698 in
1376 3643 1685 3696 Bnhlehem
1717 3657 1847 3711 ergo
1878 3642 2126 3705 mittitur,

537 3737 660 3807 quia
690 3751 810 3791 cum
840 3732 1130 3789 secundum
1162 3746 1378 3786 carnem
1404 3729 1660 3799 qumritur
1685 3727 1944 3792 Christus,
1972 3738 2130 3782 natus

535 3844 604 3882 ex
631 3825 936 3881 Judaeorum
969 3822 1168 3892 populo
1198 3821 1483 3874 invenitur.
1516 3819 1678 3872 Venit
1704 3818 1865 3872 etiam
1890 3817 1943 3871 in
1966 3816 2128 3872 Beth—

533 3916 740 3981 lehem,
781 3915 905 3983 quia
950 3913 1086 3967 ordo
1124 3910 1533 3981 praedicatorum
1571 3915 1696 3961 ante
1731 3906 1968 3961 Judzeam
1998 3920 2130 3960 con-

536 4014 746 4060 vertere
773 4003 995 4065 studuit,
1020 4011 1074 4056 et
1096 4017 1184 4070 po:
1196 4008 1277 4053 tea
1301 3999 1545 4066 gentibus
1569 3995 1942 4065 Redemptoris
1966 3993 2127 4048 ﬁnem

535 4090 855 4161 [Legendum
874 4088 1069 4141 videtur
1090 4086 1270 4155 ﬁdem]
1292 4085 1621 4154 pnudicavit.
1646 4084 1785 4149 Quid
1810 4090 1894 4137 est
1922 4090 2126 4148 autem,

530 4180 678 4249 quod
714 4178 957 4232 seniores
984 4176 1215 4231 civitatis
1259 4176 1555 4240 mirantur,
1602 4176 1702 4227 nisi
1731 4174 1875 4241 quia,
1923 4173 2016 4242 qui
2061 4172 2132 4226 ad

526 4267 868 4324 .maturitatis
908 4281 1120 4320 sensum
1164 4274 1554 4333 pervenerant,
1595 4262 1647 4315 in
1689 4270 1847 4315 tanta:
1876 4260 2131 4316 novitatis

537 4359 916 4428 praedicatione
939 4354 1256 4423 stupebant?
1277 4352 1381 4406 Sed
1406 4352 1729 4406 admirantes
1746 4350 1795 4403 ei
1816 4364 1866 4404 oi
1884 4356 2128 4414 currunt,

2242 601 2417 666 justus
2445 601 2662 653 Simeon
2694 600 2851 663 vidit,
2897 600 2999 667 iam
3043 600 3212 653 tenuit
3241 610 3295 654 et
3322 602 3582 665 adoravit,
3610 604 3780 658 dicens
3804 624 3817 657 :

2247 689 2401 745 Nunc
2440 693 2653 745 dimittis
2684 709 2881 745 servum
2908 702 3067 756 tuum,
3106 692 3326 747 Domine
3349 734 3363 756 ,
3412 697 3676 749 secundum
3714 716 3822 751 rer-

2244 782 2360 834 bum
2384 791 2519 834 tuum
2551 784 2602 835 in
2632 799 2754 849 pace
2785 780 2933 851 (Luc.
2970 799 3025 847 ιι,
3056 780 3161 851 99).
3192 783 3308 836 Jam
3341 785 3638 851 pastoribus
3662 802 3818 855 appa-

2242 874 2365 935 ruit,
2394 874 2503 941 jam
2536 874 2695 926 missa
2723 873 2788 945 de
2816 876 2915 928 cmi
2940 892 2964 926 s
2993 874 3079 927 diu
3106 883 3414 943 exspectata
3445 891 3593 943 pace,
3617 878 3822 939 angelo.

2244 977 2357 1013 rum
2392 960 2673 1013 multitudo
2704 962 2939 1013 cantavit
2972 978 2983 1012 :
3018 960 3195 1014 Gloria
3243 963 3295 1013 in
3342 964 3561 1015 exce'sis
3607 961 3722 1025 Deo,
3776 977 3822 1019 et

2236 1050 2288 1100 in
2335 1058 2469 1100 terra
2508 1065 2613 1115 pax
2656 1048 2943 1101 hominibus
2972 1054 3115 1103 bonw
3145 1052 3420 1103 voluntatis
3451 1050 3598 1121 (Luc.
3630 1069 3682 1115 tt,
3712 1052 3819 1119 ιι).

2240 1137 2305 1191 Et
2351 1140 2473 1205 quia
2526 1154 2632 1191 non
2683 1141 2855 1191 solum
2899 1142 3189 1209 praedicare
3230 1156 3416 1211 pacem
3470 1152 3702 1200 venerat.
3732 1145 3823 1198 sed

2238 1225 2399 1278 etiam
2440 1226 2779 1294 persuadere,
2820 1228 3016 1293 subdit,
3050 1229 3241 1302 dicens
3282 1245 3297 1283 :
3334 1230 3417 1281 Ad
3458 1231 3822 1285 immolandum

2242 1330 2370 1367 vent.

2311 1432 2399 1486 27.
2431 1430 2568 1498 Quid
2607 1442 2691 1487 est
2717 1435 2987 1488 sacerdoti
3016 1436 3316 1502 immolare,
3347 1439 3450 1492 nisi
3481 1438 3823 1509 Redemptori

2242 1533 2427 1576 nostro
2479 1523 2640 1579 corda
2684 1524 2980 1579 electorum
3034 1541 3131 1595 per
3181 1544 3421 1581 amorem
3469 1531 3824 1598 conjungere?

2241 1612 2405 1679 Quasi
2456 1612 2637 1666 dicat:
2666 1614 2795 1678 Vos,
2828 1628 2895 1667 an
2926 1616 3165 1681 venerit,
3209 1618 3347 1671 scire
3374 1618 3554 1684 vultis,
3587 1621 3680 1674 sed
3717 1637 3824 1675 non

2242 1704 2461 1770 prodrst
2488 1702 2635 1767 sciri,
2665 1704 2765 1756 nisi
2797 1704 2965 1772 [rosit
2989 1706 3177 1758 amari.
3201 1707 3284 1760 Ad
3303 1709 3677 1764 immolandum
3705 1727 3827 1778 ergo

2242 1792 2467 1846 Domino
2509 1794 2642 1846 veni.
2677 1790 2815 1847 liinc
2843 1803 2958 1861 est,
2995 1796 3139 1863 quod
3169 1794 3363 1849 Paulus
3408 1812 3504 1850 eos
3550 1800 3599 1851 in
3637 1816 3683 1867 (ιτ
3711 1803 3830 1856 ilics

2243 1882 2519 1934 immolare
2549 1898 2596 1933 ιιι
2620 1898 2655 1935 ιι
2680 1891 2895 1950 poterat
2920 1884 3155 1952 expellit,
3179 1884 3360 1939 dicens
3391 1902 3404 1936 :
3440 1887 3538 1951 Qui
3566 1902 3662 1938 non
3688 1903 3827 1941 anui:

2235 1968 2515 2022 Dominum
2553 1969 2750 2031 Jesum,
2779 1970 3057 2022 anathema
3102 1973 3169 2023 sit
3201 1971 3252 2039 (Ι
3282 1970 3404 2025 Cor.
3439 1989 3551 2035 xvi,
3576 1973 3688 2037 Ἑλ.
3721 1975 3823 2030 Sed

2236 2060 2474 2113 invitatis
2499 2059 2564 2111 ad
2608 2060 2879 2114 victimam
2910 2061 3103 2115 dicitur
3134 2079 3148 2116 :
3182 2062 3633 2132 Sancti/Scantini,
3658 2075 3705 2117 et
3736 2084 3819 2119 re-

2234 2152 2356 2205 nite.
2389 2150 2554 2204 Ju.l;ei
2583 2152 2784 2206 idcirco
2826 2153 3100 2209 nobiscum
3125 2155 3189 2208 ad
3232 2154 3352 2209 ﬁdei
3381 2156 3697 2211 sacriﬁcium
3725 2171 3821 2211 ve-

2237 2244 2353 2297 nire
2395 2250 2691 2311 nequeunt,
2732 2245 2856 2311 quia
2891 2244 3176 2299 Dominum
3221 2245 3405 2301 Jesum
3437 2262 3503 2301 ex
3529 2247 3819 2317 Scripturis

2232 2334 2477 2402 judicare
2526 2334 2735 2399 nolunt,
2766 2335 2859 2389 sed
2887 2337 3004 2390 solo
3043 2338 3168 2392 odio
3198 2339 3383 2392 audire
3413 2338 3530 2406 ejus
3566 2340 3819 2405 praedica-

2239 2427 2441 2480 tionem
2492 2423 2782 2493 relugiuut.
2834 2425 2985 2481 Unde
3026 2444 3122 2497 per
3173 2430 3521 2499 semetipsum
3568 2431 3823 2485 Dom’nus

2237 2516 2501 2585 queritur,
2543 2500 2728 2571 dicens
2762 2534 2774 2567 :
2805 2516 2866 2569 Si
2903 2534 3058 2584 opera
3089 2535 3189 2571 non
3231 2518 3462 2587 fecissem
3486 2521 3539 2572 in
3569 2522 3644 2573 eis
3665 2559 3682 2583 ,
3711 2538 3821 2589 quae

2237 2621 2385 2659 nemo
2408 2605 2540 2658 alius
2569 2606 2708 2675 fecit,
2737 2616 2997 2673 peccatum
3033 2622 3133 2659 non
3163 2606 3411 2660 haberent
3439 2624 3456 2660 :
3490 2624 3624 2661 nunc
3652 2620 3820 2661 autem

2236 2695 2619 2748 excusationem
2646 2710 2749 2748 non
2771 2694 2978 2761 habent,
3001 2696 3121 2764 quia
3151 2696 3383 2749 viderunt
3406 2705 3453 2749 et
3483 2696 3701 2750 oderunt
3722 2715 3818 2760 me,

2236 2796 2286 2838 et
2317 2784 2529 2837 Patrem
2555 2801 2722 2837 meum
2752 2785 2929 2854 (Joan.
2962 2801 3049 2849 xv,
3081 2784 3193 2854 24).
3225 2785 3359 2851 Quid
3386 2795 3471 2841 est
3488 2792 3643 2854 'e'gn,
3676 2787 3821 2855 quod

2237 2873 2431 2926 dicitur
2458 2890 2470 2924 :
2499 2870 2950 2941 Sancti/icaniini,
2999 2884 3047 2927 et
3093 2876 3294 2928 venite?
3340 2874 3448 2929 Sed
3500 2876 3822 2933 sanctiﬁcari

2238 2962 2607 3027 auditoribus,
2641 2972 2724 3017 est
2772 2962 3091 3018 audiendum
3138 2980 3284 3034 pura:
3330 2967 3525 3022 mentis
3552 2971 3819 3023 secretum

2239 3067 2560 3121 prteparare.
2610 3052 2947 3108 Sanctiﬁcari
2992 3056 3190 3125 quippe
3242 3057 3338 3122 eis,
3384 3067 3467 3112 est
3519 3058 3702 3113 odium
3752 3061 3823 3116 de

2235 3144 2398 3200 corde
2423 3144 2705 3213 projicere,
2748 3154 2803 3199 et
2831 3146 2897 3199 ad
2924 3145 3248 3219 audiendum
3293 3149 3518 3203 verbum
3562 3151 3823 3219 przedica-

2237 3235 2420 3302 tionis,
2445 3234 2757 3289 intentionis
2776 3228 3065 3305 puritatem
3086 3252 3297 3307 parare.
3315 3238 3671 3296 Sanctiticatis
3693 3257 3823 3311 ergo

2236 3327 2420 3381 venire
2436 3326 2763 3395 prmcipitur,
2783 3327 2907 3395 quia
2934 3329 3114 3382 venire
3144 3329 3273 3383 nihil
3290 3332 3508 3400 prodest
3527 3334 3618 3401 qui
3641 3334 3819 3389 inten-

2240 3418 2439 3471 tionem
2481 3417 2727 3486 puritatis
2771 3417 3038 3471 audiendo
3082 3434 3188 3473 non
3236 3420 3454 3473 habent.
3484 3418 3548 3473 Et
3571 3423 3695 3489 quia
3730 3441 3827 3490 rer

2233 3506 2485 3561 doctores
2509 3514 2725 3561 sanctos
2752 3516 2969 3561 sanctus
3000 3506 3234 3576 loquitur
3252 3507 3498 3577 Spiritus,
3527 3509 3656 3564 dicit
3683 3528 3698 3563 :
3733 3512 3828 3568 Ve-

2234 3595 2345 3648 nite
2388 3608 2599 3647 mecum
2625 3609 2639 3646 :
2664 3594 2816 3662 quasi
2852 3594 3031 3649 dicat:
3059 3595 3150 3650 Sic
3187 3596 3498 3664 loquentem
3526 3600 3823 3668 attendite,

2232 3690 2293 3736 ut
2337 3682 2612 3735 vohi~cum
2653 3684 2883 3738 credatis
2939 3684 3281 3751 audientem,
3334 3687 3459 3755 quia
3511 3688 3589 3743 sic
3629 3689 3827 3760 loquor

2234 3778 2294 3824 ut
2318 3771 2531 3825 audiam
2556 3811 2572 3837 ,
2603 3771 2729 3826 dum
2758 3772 2873 3842 ipse
2919 3789 3035 3828 sum
3059 3775 3151 3843 qui
3176 3774 3368 3845 loquor
3396 3785 3453 3830 et
3491 3778 3825 3838 locutionem

2234 3861 2568 3917 administro.
2601 3861 2668 3917 Et
2695 3864 2819 3931 quia
2844 3865 2895 3919 in
2918 3865 3069 3921 initio
3097 3868 3365 3922 nascentis
3390 3868 3647 3924 Eccles'm
3670 3873 3828 3928 multi

2233 3967 2299 4006 ex
2326 3951 2546 4019 Judaeis,
2578 3962 2632 4008 et
2659 3952 2853 4010 devote
2897 3956 3209 4020 audierunt,
3237 3966 3291 4011 et
3322 3957 3550 4013 ﬁdeliter
3574 3962 3831 4017 credide-

2232 4051 2377 4107 runt,
2411 4043 2549 4098 bene
2586 4044 2783 4099 dicitur
2808 4087 2823 4112 ,
2871 4047 2992 4113 quia
3025 4045 3123 4100 lsai
3152 4055 3208 4101 et
3236 4047 3351 4117 ejus
3380 4048 3471 4101 ﬁlii
3502 4052 3829 4109 sanctiticati

2238 4146 2267 4184 a
2296 4130 2546 4187 Samuele
2571 4142 2723 4199 sunt,
2759 4143 2814 4187 et
2837 4135 2903 4188 ad
2932 4135 3201 4189 victimam
3233 4136 3462 4191 invitati.

2308 4250 2397 4306 28.
2428 4251 2534 4307 Sed
2574 4253 2629 4306 in
2675 4263 2880 4323 septem
2929 4255 3025 4308 lsai
3058 4254 3179 4310 ﬁliis
3220 4270 3313 4311 rex
3359 4274 3466 4312 non
3524 4260 3827 4319 invenitur.

2231 4341 2377 4406 Quid
2412 4343 2554 4395 enim
2577 4352 2781 4412 septem
2812 4342 2913 4397 lsai
2944 4344 3058 4409 ﬁlii,
3090 4345 3190 4399 nisi
3211 4360 3400 4400 omnes
3420 4357 3548 4402 sunt
3574 4350 3829 4422 Synago-

520 4448 661 4517 quia
693 4443 1123 4516 prmdicationem
1167 4442 1409 4496 veritatis
1460 4441 1688 4494 libenter
1733 4439 1975 4492 audiunt.
2024 4439 2125 4493 Oc-

2236 4443 2312 4498 gze
2338 4428 2597 4500 perfecti?
2626 4430 2728 4496 Qui
2763 4431 2832 4486 ad
2862 4434 3181 4503 prophetam
3227 4437 3469 4502 veniunt,
3509 4439 3606 4494 sed
3635 4455 3828 4496 eorum

536 4552 756 4592 currere
777 4535 989 4604 quidem
1012 4530 1470 4602 praedicatoribus,
1497 4538 1583 4585 est
1602 4529 1819 4584 verbum
1836 4528 1870 4580 li
1890 4529 1957 4582 lci
1978 4529 2123 4597 quod

538 4624 827 4695 pnedicant
853 4621 1219 4677 desideranter
1254 4619 1458 4673 audire.
1509 4617 1647 4684 Quid
1676 4618 1742 4672 de
1772 4617 1994 4687 paeilioo
2038 4618 2122 4672 in-

516 4732 721 4785 ,gressu
768 4713 883 4783 ejus
928 4713 1090 4783 389
1135 4712 1496 4778 interrogant?
1545 4709 1684 4776 Quid
1728 4717 1811 4764 est
1854 4709 2125 4776 ingressus

515 4799 829 4869 paciﬁcus,
879 4797 981 4852 nisi
1028 4812 1151 4851 cum
1197 4795 1476 4865 praesentia
1524 4795 1669 4863 pacis
1705 4793 1945 4848 venerit?
1974 4791 2125 4847 Hane

514 4890 661 4942 item
691 4903 879 4956 pacem
909 4885 1180 4953 ostendit,
1228 4886 1317 4954 qui
1362 4885 1476 4939 ait:
1504 4884 1625 4954 Ipse
1664 4894 1740 4938 est
1782 4900 1887 4954 pas;
1922 4893 2123 4951 nostra,

516 4976 621 5047 ηυξ
650 4975 768 5043 fecit
793 4984 1008 5045 utraque
1035 4990 1192 5027 unum
1219 4972 1435 5042 (Ephes.
1465 4988 1520 5034 ιι,
1555 4970 1664 5041 Η).
1698 4970 1837 5037 Quid
1874 4978 1959 5025 est
1989 4984 2123 5038 ergo

532 5063 684 5133 quod
714 5064 779 5119 de
807 5064 1032 5133 paciﬁco
1080 5064 1321 5131 ingressu
1351 5062 1699 5128 interrogant,
1742 5061 1843 5115 nisi
1868 5060 1993 5128 quia
2026 5074 2125 5127 pa-

516 5168 682 5214 rtrum
710 5156 1115 5227 promissionem
1143 5155 1435 5209 electorum
1464 5150 1768 5206 Iudaeorum
1794 5150 1958 5206 corda
1979 5149 2123 5205 desi-

538 5248 788 5300 deranter
813 5244 1236 5315 exspectabant?
1279 5242 1442 5308 Quasi
1486 5248 1755 5306 nutantes,
1783 5240 1875 5309 qui
1903 5253 2124 5310 exspec-

538 5332 742 5399 tabant,
804 5332 985 5388 dicant
1017 5330 1428 5401 :Nunqnidnam
1489 5331 1637 5384 venit
1693 5344 1820 5399 pax,
1884 5344 2004 5398 qum
2062 5345 2125 5385 se

539 5430 841 5487 venturam,
869 5430 1021 5476 tanto
1050 5430 1351 5490 temporum
1372 5419 1549 5488 spatio
1576 5428 1960 5488 praecurrente,
1990 5435 2123 5488 pra:-

537 5508 705 5562 dixit?
754 5505 821 5560 Et
862 5510 985 5577 quia
1032 5510 1157 5562 novi
1203 5507 1474 5572 doctores,
1523 5506 1666 5576 quod
1711 5508 1915 5574 antiqui
1943 5516 2124 5576 patres

539 5599 916 5665 promiserant,
957 5598 1251 5652 exhibitura
1297 5603 1535 5661 narrant,
1586 5597 1806 5650 dicunt:
1842 5596 2117 5668 Paciﬁcas.

538 5689 701 5755 Quasi
732 5689 875 5743 dicat
903 5707 916 5741 :
946 5688 1053 5742 Nos
1078 5703 1185 5742 non
1214 5688 1389 5742 futura
1420 5687 1796 5755 promittimus,
1842 5691 1935 5743 sed
1985 5705 2122 5758 pra:-

532 5776 709 5833 scntia
754 5778 906 5847 pacis
952 5778 1094 5833 dona
1143 5784 1517 5834 monstramus.
1566 5774 1626 5829 In
1672 5776 1909 5846 ingressu
1938 5790 2122 5836 nostro

2230 4522 2407 4577 nullus
2432 4522 2648 4592 eligitur
2675 4542 2689 4576 :
2719 4524 2844 4594 quia
2871 4525 3075 4581 electus
3098 4540 3205 4595 pra:
3225 4526 3437 4591 licator,
3466 4537 3522 4581 et
3552 4530 3827 4597 perfectos

2228 4610 2523 4681 Syuagoga:
2551 4610 2690 4666 ﬁ‘ios
2720 4614 2943 4681 aspicit,
2971 4621 3027 4667 et
3053 4629 3118 4667 ex
3150 4616 3231 4667 eis
3262 4612 3689 4683 Redemptorem
3721 4617 3825 4672 hu-

2228 4698 2375 4753 mani
2427 4700 2639 4766 generis
2688 4701 2892 4755 nntium
2948 4701 3142 4756 credit.
3194 4702 3422 4756 Adducit
3460 4717 3592 4771 ergo
3633 4721 3827 4761 omnes

2228 4793 2437 4861 priores
2482 4790 2641 4857 ﬁlios,
2676 4802 2735 4846 ut
2784 4808 2905 4846 cum
2957 4790 3228 4862 perfectos
3272 4808 3460 4848 omnes
3503 4796 3820 4863 aspicimus,

2223 4881 2600 4951 Redemptoris
2626 4883 3001 4937 excellentiam
3031 4884 3350 4952 cogitemus.
3384 4884 3441 4939 In
3461 4887 3659 4953 quibus
3692 4905 3821 4958 pro-

2220 4970 2363 5025 lecto
2414 4970 2519 5024 nisi
2562 4970 2819 5038 parvulus
2861 4970 3174 5034 adducitur,
3225 4988 3321 5026 rex
3366 4986 3546 5026 essea
3590 4974 3821 5030 Domino

2222 5075 2331 5113 non
2401 5069 2735 5115 monstratur
2787 5078 2803 5114 :
2860 5062 2985 5129 quia
3048 5063 3299 5116 nimirum
3361 5078 3485 5117 cum
3548 5064 3820 5134 Relemp-

2220 5148 2326 5202 tori
2354 5160 2542 5204 nostro
2572 5165 2793 5220 magnos
2819 5150 2962 5206 viros
2981 5150 3326 5216 conferimus,
3349 5163 3611 5222 quantum
3640 5157 3819 5211 excelo

2220 5237 2296 5293 lat
2320 5238 2438 5308 ejus
2466 5239 2715 5307 dignitas,
2739 5240 2968 5296 videtur.
2986 5240 3103 5296 Non
3132 5242 3403 5297 invenitur
3432 5257 3566 5311 ergo
3594 5245 3649 5297 in
3681 5246 3814 5311 aliis,

2222 5329 2349 5399 quia
2387 5331 2509 5400 puri
2554 5332 2799 5387 homines
2826 5340 2971 5387 sunt.
3007 5332 3275 5399 Quaeritur
3323 5348 3451 5402 ergo
3499 5335 3553 5387 in
3607 5337 3817 5405 pascuis

2226 5434 2363 5490 puer
2387 5420 2478 5488 qui
2520 5422 2691 5489 pascit
2717 5436 2867 5486 oves,
2911 5423 3037 5489 quia
3085 5437 3255 5491 usque
3283 5422 3350 5475 ad
3392 5432 3626 5478 mortem
3674 5424 3819 5479 Patri

2230 5508 2529 5564 obedirndo
2554 5524 2615 5565 se
2643 5510 2821 5565 subdit
2856 5502 3278 5580 {generationem
3309 5519 3485 5565 tamen
3517 5512 3632 5580 ejus
3658 5514 3819 5582 390

2229 5600 2343 5669 quis
2368 5600 2628 5653 enarrabit
2656 5598 2793 5669 (Isa.
2827 5615 2934 5664 LIII,
2968 5598 3059 5668 8)?
3082 5598 3340 5653 Parvulos
3370 5599 3573 5668 quippe
3602 5601 3814 5665 dicitur,

2225 5688 2351 5756 quia
2399 5688 2712 5743 humilitatis
2738 5690 2852 5756 ejus
2879 5691 3048 5757 gratia
3080 5689 3509 5745 commendatur.
3561 5687 3817 5745 Parvulas

2226 5791 2356 5847 ergo
2400 5778 2611 5847 dicitur,
2661 5781 2751 5850 qui
2796 5779 3093 5837 minoratus
3137 5780 3204 5835 ab
3234 5779 3435 5850 angelis
3464 5794 3563 5851 per
3590 5780 3813 5838 Psalmi-
