3948 6274
151 316 244 368 ibi

1003 317 1064 371 IN
1109 317 1370 376 l‘lliML‘M
1413 322 1645 378 REGUM
1689 324 2204 386 EXPOSITIONES.
2247 363 2315 372 —-
2354 334 2480 390 LIB.
2529 337 2587 391 V.

3309 350 3408 402 ιιτσ

147 445 276 490 stam
306 433 630 502 perhibetur
661 430 834 501 (Psal.
868 431 942 502 ν).
969 432 1073 486 Sed
1105 436 1358 504 parvulus
1384 451 1510 490 oves
1539 438 1728 505 pascit,
1761 446 1804 499 Α
1835 441 2027 497 similes
2056 445 2103 496 ei
2131 446 2343 510 erimus,
2383 449 2626 516 quoniam
2673 447 2948 502 videbimus
2995 467 3132 518 erant,
3161 456 3309 508 sicuti
3336 468 3411 512 est

146 527 262 594 quia
291 540 390 594 per
419 524 776 580 humilitatem
803 532 882 578 est
919 525 1162 594 humilis,
1191 535 1246 580 et
1275 542 1370 595 per
1397 528 1728 596 majestatem

147 619 404 674 sublimis.
439 616 543 672 llic
572 617 779 671 laborat
803 625 859 672 et
877 618 1069 682 esurit,
1098 617 1191 672 sed
1214 618 1285 674 ibi
1315 619 1383 672 de
1410 619 1578 686 gloria
1609 635 1727 674 ma-

143 708 344 778 iestatis
374 722 491 761 sur
523 706 740 772 angelos
767 707 958 776 pascit.
990 706 1125 762 Dum
1148 709 1288 762 enim
1313 709 1380 762 de
1401 709 1730 778 plenitudine

146 799 320 869 gloria:
346 796 472 864 ejus
494 811 685 852 omnes
709 796 1000 865 accipiunt,
1018 799 1170 865 quasi
1202 798 1255 852 in
1275 797 1380 851 illis
1405 797 1548 852 beati
1578 799 1727 853 simis

145 885 351 957 pascuis
371 900 474 954 per
490 901 715 955 puerum
736 891 1063 940 Saturantur.
1086 885 1342 942 Parvulas
1362 887 1522 942 etiam
1544 897 1727 956 pastor

145 979 392 1032 asseritur
419 994 433 1028 :
467 977 596 1044 quia
627 975 695 1032 de
725 977 902 1030 carnis
929 977 1044 1046 ejus
1070 979 1456 1046 assumptione,
1505 979 1724 1048 superni

145 1069 280 1123 cives
327 1065 680 1121 ineffabiliter
729 1066 982 1135 gaudent.
1036 1064 1296 1121 Gaudium
1344 1069 1541 1138 quippe
1595 1068 1724 1122 illul

147 1155 403 1212 inell'abile
443 1155 730 1210 beatorum
759 1155 976 1222 civium,
1022 1155 1173 1223 quasi
1203 1157 1383 1210 ovium
1431 1158 1582 1211 cibus
1618 1166 1719 1212 est.

146 1245 236 1302 llic
260 1260 389 1314 ergo
429 1246 627 1301 adduci
671 1247 934 1303 instanter
963 1247 1285 1316 prazcipitur,
1317 1250 1402 1303 hic
1429 1249 1601 1304 donec
1633 1265 1724 1304 ve-

147 1335 267 1401 niat,
313 1334 620 1389 discuhitus
658 1351 880 1392 necesse
920 1346 1002 1392 est
1027 1337 1323 1394 differatur.
1355 1341 1725 1395 Discumberet

145 1427 348 1494 quippe,
376 1435 674 1495 antequam
696 1427 923 1492 veniret,
948 1428 992 1482 si
1018 1428 1170 1498 plebs
1196 1429 1249 1482 in
1279 1429 1439 1483 alium
1468 1429 1724 1484 credidis-

145 1527 236 1573 set.
267 1517 590 1586 Exspectari
617 1531 745 1586 ergo
766 1519 970 1585 debuit,
998 1520 1088 1587 qui
1117 1521 1393 1574 beatarum
1422 1520 1720 1575 animarum

143 1608 414 1676 singularis
443 1616 504 1661 et
532 1609 720 1662 unicus
748 1609 902 1663 cibus
923 1608 1042 1662 fuit.
1075 1608 1230 1664 Unde
1255 1619 1309 1663 et
1341 1625 1434 1677 per
1463 1612 1720 1679 semctip-

143 1714 248 1752 sum
299 1698 432 1752 dicit
466 1716 480 1750 :
515 1698 631 1768 Ego
661 1716 772 1752 sum
793 1700 944 1768 panis
969 1700 1127 1764 vivus,
1157 1701 1244 1770 qui
1272 1700 1334 1753 de
1360 1700 1486 1754 caelo
1509 1701 1720 1755 descen-

145 1790 190 1840 di
217 1787 388 1858 (Joan.
421 1804 496 1851 vr,
521 1788 634 1854 51).
668 1788 773 1843 Sed
803 1790 929 1857 quia
976 1790 1061 1859 qui
1089 1790 1338 1854 ascendit,
1371 1791 1482 1860 ipse
1506 1799 1601 1854 est,
1634 1793 1718 1862 qui

143 1880 390 1932 descendit
420 1879 643 1949 (Ephes.
677 1896 747 1945 tv,
781 1880 894 1949 10),
920 1882 1380 1947 il'ucmittituryut
1404 1881 1715 1937 adducatur.

144 1967 338 2022 Mittere
369 1982 606 2035 namque
638 1967 706 2022 ad
735 1982 952 2038 pascua,
979 1977 1062 2023 est
1089 1977 1324 2022 mentem
1362 1983 1523 2038 supra
1545 1971 1720 2037 Ange-

142 2056 215 2110 los
246 2071 412 2124 u:que
464 2057 538 2110 ad
581 2057 943 2125 asqualitatem
970 2059 1156 2114 πιθνηί
1188 2058 1363 2114 Patris
1403 2059 1714 2115 extendere.

145 2143 204 2197 Et
230 2145 469 2200 invenire
514 2161 637 2200 eum
661 2188 676 2212 ,
710 2155 793 2202 est
829 2164 1041 2204 summo
1077 2150 1216 2218 patri
1265 2165 1388 2204 eum
1416 2166 1512 2218 per
1541 2151 1719 2204 omnia

140 2233 383 2300 :equalem
416 2234 664 2288 credere.
699 2235 931 2291 Adducit
957 2246 1136 2293 autem
1166 2253 1309 2304 eum,
1341 2240 1433 2310 qui
1461 2239 1622 2294 etiam
1652 2241 1718 2294 ad

144 2320 576 2392 Redemptionem
624 2325 842 2382 humani
883 2329 1097 2396 generis
1124 2344 1222 2399 per
1265 2339 1589 2399 assumptam
1620 2331 1718 2384 hu-

142 2411 438 2466 manitatem
469 2414 687 2470 venisse
709 2414 823 2482 jam
863 2417 1075 2473 asserit.
1132 2417 1354 2474 Miserat
1383 2435 1632 2487 namque,
1663 2430 1719 2475 et

141 2498 420 2555 adduxerat
437 2517 567 2557 eum
584 2503 691 2569 hic,
713 2504 780 2558 ad
801 2521 958 2575 quem
978 2506 1030 2562 in
1052 2507 1168 2576 ejus
1182 2516 1309 2584 typo
1326 2509 1572 2574 mittitur,
1591 2526 1713 2566 eum

140 2587 379 2642 dicebat:
416 2588 526 2653 Qui
564 2592 628 2646 de
670 2593 794 2646 caelo
830 2596 985 2658 venit,
1029 2612 1183 2667 super
1209 2613 1383 2650 omnes
1403 2607 1479 2652 est
1530 2599 1711 2668 (Joan.

144 2690 208 2742 ιιι,
247 2676 357 2747 51).
400 2679 636 2735 Parvum
667 2694 974 2750 pascentem
1005 2701 1135 2740 oves
1177 2688 1418 2742 adduceb
1441 2697 1478 2742 .t
1526 2689 1711 2756 Isaias,

143 2783 249 2822 cum
274 2770 487 2827 dieebat.
522 2790 536 2826 :
590 2773 846 2830 Parvulas
875 2787 1027 2834 natus
1055 2789 1131 2833 est
1171 2779 1320 2835 nobis
1339 2821 1356 2848 ,
1385 2790 1433 2834 et
1456 2781 1597 2851 ﬁlius
1622 2781 1718 2834 da-

144 2868 214 2910 tus
254 2870 328 2912 est
370 2863 543 2928 nobis,
575 2876 625 2917 et
647 2867 908 2921 vocabitur
949 2885 1133 2923 nomen
1179 2871 1321 2940 ejus,
1371 2871 1714 2936 admirabilis,

141 2950 468 3016 consiliarius,
499 2952 660 3019 Deus,
685 2957 855 3026 fortis,
885 2967 1034 3027 pater
1061 2961 1221 3029 futuri
1249 2961 1444 3023 surculi,
1473 2963 1714 3032 princeps
1753 3023 1756 3027 ,

1840 527 1892 591 (I
1908 528 2064 583 Joan.
2091 547 2162 594 ιιι,
2181 532 2256 599 2).
2279 532 2426 588 Unde
2443 544 2497 588 et
2521 535 2686 606 Moysi
2707 539 2966 604 qlu't'cttli
2989 540 3237 595 eumdem
3261 545 3412 601 faciei

1835 615 2083 673 decorem
2107 660 2122 684 ,
2172 623 2450 692 respondit
2481 642 2494 677 :
2525 624 2824 680 Posteriora
2852 644 2964 681 mea
2993 629 3183 684 videbis
3213 631 3408 700 (Exod.

1833 723 2024 774 xxxut,
2054 709 2166 779 25).
2190 712 2457 780 Quidquid
2494 714 2562 768 de
2590 716 2730 769 illius
2756 717 3034 773 divinitate
3061 722 3413 790 contemplari

1833 811 1976 854 nunc
2004 814 2308 868 possumus,
2341 818 2446 857 non
2473 813 2556 858 est
2583 805 2696 873 ipse
2719 805 2905 871 decor,
2936 808 3028 862 sed
3049 810 3411 868 velamentum

1833 887 2068 945 decoris.
2099 889 2405 947 Posteriora
2435 895 2654 962 quidem
2682 897 2972 963 cernimus,
3007 909 3066 954 ut
3091 917 3412 972 sequamur;

1831 976 1944 1042 sed,
1970 977 2097 1036 dum
2123 983 2396 1049 sequendo
2419 985 2760 1052 pervenimus
2783 986 2850 1040 ad
2872 1002 3018 1056 eum,
3049 992 3337 1054 anteriora.
3363 994 3414 1048 id

1831 1074 1915 1119 est
1935 1066 2088 1122 faciei
2117 1068 2368 1126 decorem
2396 1073 2684 1128 cernimus.
2707 1075 2864 1146 391
2890 1076 3059 1133 Rufus
3086 1093 3215 1147 ergo
3237 1081 3290 1135 in
3311 1098 3415 1138 stc-

1831 1155 1954 1210 culo
1984 1155 2101 1218 fuit,
2133 1160 2356 1228 pulcher
2384 1161 2437 1215 in
2467 1164 2746 1230 paradiso,
2776 1165 2970 1221 decora
3001 1167 3135 1222 facie
3165 1174 3414 1239 perennis

1831 1245 1884 1300 in
1907 1248 2065 1302 casio.
2099 1247 2279 1304 Potest
2306 1263 2359 1306 et
2378 1255 2554 1308 omnis
2575 1254 2688 1308 haec
2712 1256 2847 1310 trina
2872 1257 3211 1324 pulchritudo
3237 1262 3288 1314 in
3313 1263 3414 1319 hac

1827 1340 2106 1405 [musculis
2136 1343 2257 1395 vitae
2303 1342 2422 1410 ejus
2475 1346 2890 1402 conversatione
2928 1350 3202 1417 cognosci.
3242 1351 3414 1410 Rufus

1826 1427 2024 1496 quippe
2047 1431 2281 1485 exstitit:
2307 1433 2430 1501 quia
2451 1433 2720 1489 ferventer
2741 1438 2940 1492 amavit
2965 1453 3079 1502 eos,
3095 1455 3194 1508 pro
3215 1443 3413 1508 quibus

1825 1518 2056 1572 animam
2083 1521 2276 1588 posuit.
2303 1520 2533 1577 Pulcher
2552 1533 2770 1592 aspectu
2797 1524 2898 1580 fuit
2922 1545 2934 1579 :
2959 1528 3082 1595 quia
3106 1530 3284 1584 omnia
3307 1547 3408 1586 no-

1813 1607 1919 1661 vit.
1954 1607 2158 1662 Decora
2207 1609 2342 1664 facie
2376 1628 2388 1662 :
2431 1613 2556 1679 quia
2587 1613 2728 1668 bona
2757 1615 2936 1669 omnia
2965 1616 3110 1671 fecit.
3142 1617 3248 1672 Sed
3289 1635 3410 1689 qua:

1824 1696 1912 1749 illa
1942 1708 2190 1767 aspectus
2215 1702 2591 1771 pulchritudo?
2620 1703 2790 1759 Nemo
2812 1708 2949 1761 nouit
2973 1719 3192 1777 patrem,
3223 1713 3325 1765 nisi
3345 1713 3413 1782 ﬁ-

1826 1783 1926 1839 lius
1951 1785 2161 1853 (Matth.
2196 1805 2271 1852 XI,
2292 1789 2404 1859 27).
2436 1790 2590 1847 lluuc
2617 1793 2743 1848 item
2775 1793 2965 1851 Petrus
2985 1797 3270 1863 admirans,
3295 1802 3368 1854 ait
3393 1820 3405 1854 :

1828 1873 1984 1932 Nunc
2013 1879 2222 1946 scimus,
2249 1881 2368 1949 quia
2396 1883 2494 1935 scis
2514 1884 2708 1945 omnia,
2740 1893 2790 1937 et
2815 1902 2919 1940 non
2946 1895 3022 1940 est
3039 1903 3187 1956 Opus,
3218 1900 3274 1941 ut
3298 1892 3411 1960 quis

1828 1975 1875 2020 te
1918 1969 2197 2040 interroget
2227 1970 2405 2040 (Joan.
2457 1991 2564 2039 ιιι-ι,
2599 1975 2711 2041 50).
2756 1976 3016 2033 Decorem
3062 1981 3215 2034 faciei
3245 1983 3413 2036 turbae

1829 2057 2148 2112 intuentium
2180 2070 2562 2130 protestantur,
2595 2081 2713 2134 qua:
2733 2067 2917 2122 dicunt
2941 2086 2954 2122 :
2977 2067 3115 2122 Bene
3133 2072 3308 2124 omnia
3337 2073 3415 2141 {e-

1826 2147 1914 2208 cit,
1940 2155 1989 2198 et
2024 2150 2208 2202 surdos
2239 2152 2358 2219 fecit
2404 2153 2619 2218 audire,
2656 2164 2704 2206 et
2732 2164 2898 2209 mutos
2927 2156 3065 2226 loqui
3099 2157 3292 2226 (Marc.
3319 2175 3422 2222 vn,

1825 2234 1936 2304 '57).
1989 2234 2124 2292 Hinc
2167 2248 2290 2294 xtctu
2322 2256 2351 2294 a
2377 2241 2410 2294 ii
2442 2258 2471 2294 a
2496 2245 2794 2310 Imirantes,
2849 2245 3078 2300 dicunt:
3117 2248 3296 2312 Qualis
3337 2259 3414 2302 est

1824 2324 1925 2391 hic,
1957 2328 2076 2396 quia
2107 2330 2238 2381 renti
2278 2338 2326 2381 et
2374 2347 2518 2383 mare
2560 2331 2802 2387 obediunt
2826 2335 2872 2387 ei
2902 2334 3114 2403 (Matth.
3147 2353 3259 2403 vm,
3281 2336 3413 2405 27)?

1824 2412 1996 2474 Decor
2025 2432 2155 2485 ergo
2185 2416 2339 2473 faciei
2361 2412 2488 2487 quid
2515 2430 2617 2488 est,
2650 2424 2752 2477 nisi
2782 2425 3124 2493 pulchritudo
3153 2430 3411 2481 sanctita-

1822 2506 1926 2564 tis?
1954 2505 2088 2571 Quid
2114 2507 2240 2562 item
2268 2517 2352 2562 est
2377 2509 2542 2564 dccor
2568 2511 2745 2578 faciei,
2779 2513 2884 2569 nisi
2909 2514 3165 2582 splendor
3185 2531 3416 2570 conver-

1821 2596 2051 2650 sationis
2096 2597 2210 2666 ejus
2245 2597 2710 2668 incomparabilis?
2739 2604 2863 2671 quia
2903 2619 3001 2674 per
3044 2620 3224 2671 omne,
3268 2608 3420 2674 quod

1820 2689 1949 2756 eg't,
1995 2689 2399 2758 incomparabili
2449 2691 2569 2747 luce
2618 2695 2802 2761 gratia:
2859 2695 3209 2765 resplenduit.
3256 2697 3428 2752 Hune

1821 2791 2054 2843 namque
2074 2778 2232 2832 faciei
2252 2780 2503 2835 decorem
2528 2780 2806 2839 Psalmista
2834 2783 3122 2849 admirans,
3149 2786 3254 2839 ait:
3280 2786 3412 2855 Spe-

1818 2869 1880 2920 cii
1899 2885 1988 2922 sus
2017 2871 2186 2939 [arma
2211 2886 2320 2940 pra:
2346 2872 2473 2941 ﬁliis
2503 2873 2789 2939 hominum,
2832 2874 3025 2943 diﬂ'usa
3051 2886 3128 2930 est
3155 2879 3328 2946 gratia
3355 2875 3411 2930 in

1816 2958 1969 3015 labiis
2011 2961 2111 3016 tuis
2142 2960 2312 3031 (Psal.
2348 2979 2489 3028 κων,
2532 2963 2610 3034 '5).
2661 2963 2810 3019 Hanc
2855 2965 3054 3021 Paulus
3093 2969 3407 3036 prmdicans,

143 3037 270 3102 pacis
296 3035 452 3108 (Isai.
479 3056 562 3106 Ix,
590 3041 668 3113 6).
699 3042 803 3098 Sed
832 3046 956 3114 quia
978 3049 1213 3102 doctoris
1243 3049 1374 3104 fides
1394 3051 1463 3104 ad
1485 3050 1713 3104 salutem
1740 3048 1788 3108 C
1819 3049 1896 3102 ait
1928 3067 1940 3101 :
1975 3047 2078 3112 Qui
2106 3067 2220 3104 cum
2248 3052 2314 3104 sit
2340 3053 2585 3122 splendor
2609 3055 2806 3124 gloriae,
2837 3066 2886 3108 et
2911 3057 3082 3125 ﬁgura
3096 3035 3406 3112 substantia:

143 3124 230 3178 sibi
258 3134 481 3195 tantum,
519 3145 624 3184 non
667 3133 830 3186 etiam
868 3134 988 3188 audi
1015 3137 1198 3191 oribus
1228 3137 1458 3206 proficit,
1490 3139 1628 3193 mitti
1657 3147 1712 3193 et

142 3213 311 3269 adduci
337 3219 664 3288 pra-cipiur,
699 3231 755 3274 ut
779 3226 1141 3294 unusqu’sque
1170 3226 1326 3281 fidem
1353 3227 1467 3297 ejus
1493 3228 1711 3296 habeat,

143 3318 230 3371 per
255 3322 407 3376 quam
435 3310 633 3365 salvari
661 3329 791 3368 meri
809 3326 950 3369 atur.
975 3316 1054 3372 Ire
1075 3320 1275 3372 etenim
1296 3319 1508 3386 singuli,
1541 3329 1597 3374 et
1617 3319 1713 3373 ad-

142 3393 320 3449 ducere
360 3412 480 3451 eum
529 3399 743 3466 debent,
789 3406 912 3472 quia
955 3404 1179 3460 firmiter
1205 3406 1402 3461 debent
1428 3422 1551 3461 eum
1588 3422 1708 3462 cre-

143 3485 260 3542 dere
283 3504 376 3558 per
392 3491 728 3548 divinitatem
766 3505 969 3551 aeterno
1017 3497 1158 3554 Patri
1175 3500 1521 3572 aequalem,et
1533 3515 1628 3571 per
1645 3497 1737 3552 hu-

144 3579 432 3635 mauitatem
462 3590 671 3637 natura:
697 3593 895 3640 nostrae
915 3587 1251 3658 participem.

204 3686 286 3745 29.
316 3689 388 3746 De
412 3692 570 3761 cujus
615 3694 775 3752 etiam
805 3696 1168 3768 descriptione
1195 3698 1389 3754 dicitur
1417 3718 1429 3753 :
1465 3698 1565 3764 Qui
1599 3712 1712 3756 erat

144 3777 293 3844 rufus,
337 3789 384 3831 et
431 3781 648 3848 pulcher
693 3794 900 3852 aspectu
937 3827 950 3851 ,
1002 3795 1053 3838 et
1102 3787 1290 3840 decora
1337 3789 1489 3858 facie.
1542 3789 1710 3844 Rufus

144 3863 340 3933 Quippe,
369 3869 494 3936 quia
529 3869 711 3928 lancea
750 3874 1062 3928 vulneratus
1097 3892 1110 3928 :
1140 3875 1308 3941 rufus,
1339 3877 1460 3946 quia
1487 3893 1555 3932 ex
1584 3893 1707 3948 pas-

146 3954 276 4010 sione
302 3959 651 4014 ruhicundns.
679 3960 829 4016 Unde
859 3973 912 4018 et
935 3979 1028 4034 per
1046 3967 1366 4038 prOphetam
1393 3967 1442 4020 ei
1472 3967 1696 4024 dicitur:

148 4037 298 4104 Quare
323 4047 535 4105 rubrum
561 4060 636 4105 est
665 4050 1016 4106 indumentum
1047 4063 1186 4108 tuum
1226 4052 1378 4124 (Isai.
1420 4070 1569 4119 unt,
1598 4053 1653 4123 2)
1682 4057 1704 4109 ?

147 4127 293 4188 Rufus
315 4135 514 4205 quippe
539 4138 779 4205 exstitit,
809 4142 892 4194 cui
924 4139 1215 4196 candorem
1248 4149 1406 4196 tanta:
1445 4142 1704 4197 innocen-

146 4219 217 4272 lic
237 4224 445 4289 pretiosi
465 4227 745 4294 sanguinis
762 4229 910 4286 rubo:
926 4244 957 4284 e
978 4230 1257 4285 coloravit.
1286 4230 1516 4287 Pulcher
1535 4232 1698 4292 etiam

1814 3139 1945 3208 ejus,
1972 3147 2283 3209 portamque
2308 3145 2482 3196 omnia
2507 3143 2655 3197 verba
2680 3146 2882 3199 virtutis
2903 3164 3029 3210 sure,
3055 3151 3410 3218 purgationem

1813 3240 2136 3299 peccatorum
2166 3235 2382 3302 faciens,
2439 3235 2578 3287 sedet
2621 3237 2690 3288 ad
2717 3237 2986 3290 dexteram
3035 3241 3322 3308 majestatis
3356 3244 3409 3296 in

1813 3321 2054 3388 excelsis,
2085 3331 2226 3376 tanto
2258 3324 2439 3378 melior
2467 3325 2664 3396 angelis
2687 3327 2918 3395 effectus,
2943 3339 3138 3400 quanto
3167 3331 3408 3400 (ii/feren-

1815 3410 1912 3463 tius
1939 3426 2050 3478 prce
2077 3411 2180 3464 illis
2219 3428 2406 3466 nomen
2453 3414 2794 3470 Iucreditavit.
2828 3417 2923 3472 Cui
2969 3422 3106 3474 enim
3147 3422 3282 3476 dixit
3310 3425 3404 3478 ali-

1811 3499 2018 3570 quando
2058 3502 2357 3572 angelorum
2387 3520 2405 3556 :
2435 3503 2605 3559 Filius
2654 3523 2795 3561 meus
2825 3526 2878 3562 es
2911 3519 2982 3576 tu,
3017 3529 3110 3582 ego
3137 3514 3290 3568 hodie
3329 3531 3411 3584 ge.

1813 3589 1903 3642 nui
1931 3599 1977 3643 te
1998 3590 2185 3662 (Hebr.
2216 3609 2252 3656 ι,
2279 3595 2374 3662 3)?
2397 3594 2470 3650 De
2492 3595 2594 3650 hoc
2617 3597 2776 3666 igitur
2804 3609 2952 3655 recte
2972 3603 3248 3670 prophetae
3275 3620 3407 3674 prte-

1813 3679 2009 3750 cipitur
2038 3697 2052 3734 :
2086 3681 2274 3753 Surge.
2302 3693 2350 3737 el
2371 3700 2504 3755 uuge
2524 3703 2660 3754 eum,
2691 3690 2800 3756 ipse
2826 3699 2904 3744 est
2932 3693 3092 3745 enim.

1881 3788 1970 3844 50.
2004 3789 2194 3846 Petrus
2222 3808 2436 3864 quoque
2464 3798 2741 3865 apostolus
2771 3814 2875 3852 non
2906 3800 3080 3855 solum
3112 3803 3414 3872 propheta...

1812 3880 1906 3935 sed
1936 3897 2181 3940 summus
2229 3887 2532 3954 patriarcha
2559 3929 2575 3953 ,
2610 3889 2734 3946 vidit
2775 3892 3186 3951 inenarrabilem
3228 3897 3402 3952 lucem

1810 3970 1980 4030 fusam
2007 3972 2259 4048 desqper,
2277 3977 2470 4036 nubem
2495 3979 2926 4048 obumbrantem,
2950 3985 3272 4042 clamantem
3301 4004 3403 4057 pa-

1810 4075 1944 4114 trem
1980 4079 1992 4114 :
2030 4062 2130 4116 Hic
2169 4074 2246 4118 est
2272 4065 2412 4135 ﬁlius
2442 4085 2583 4122 meus
2612 4071 2861 4139 dilectus,
2905 4075 2958 4127 in
2989 4091 3089 4144 quo
3118 4078 3244 4131 mihi
3272 4078 3402 4134 bene

1805 4151 2091 4222 complacui
2121 4153 2330 4224 (Matth.
2367 4172 2492 4219 xvu,
2527 4157 2592 4221 5;
2632 4159 2802 4215 Marc.
2830 4178 2866 4227 ι,
2901 4163 3002 4229 ll;
3037 4164 3159 4221 Luc.
3194 4183 3270 4233 ιιι,
3302 4167 3394 4230 2Ξ;

1808 4237 1870 4294 Il
1891 4241 2030 4298 l'etr.
2059 4260 2098 4306 ι,
2124 4244 2233 4315 l7).
2255 4245 2328 4300 lbi
2361 4246 2558 4301 dicitur
2585 4266 2596 4300 :
2627 4247 2746 4318 Ipse
2771 4261 2846 4305 est
2869 4253 3023 4308 enim.
3050 4253 3148 4310 llic
3168 4253 3395 4311 dicitur:

145 4321 340 4418 aspectu
380 4312 504 4382 luit,
535 4316 658 4383 quia
699 4325 753 4377 et
781 4319 1108 4386 resurgendo
1142 4321 1703 4418 immortalitatisgpul-
1739 4337 1784 4395 ι)
1809 4332 1913 4387 llic
1938 4343 2014 4388 est
2042 4312 2349 4405 [ilius'meus
2377 4343 2614 4399 dilectus.
2645 4312 2718 4398 lbi
2749 4347 2872 4418 quia
2901 4348 2953 4402 in
2985 4348 3123 4418 typis
3150 4351 3404 4406 ostende-

145 4399 477 4458 chritudiuem
503 4406 692 4472 induit,
716 4416 774 4461 et
797 4411 1053 4465 mortales
1082 4426 1180 4465 nos
1207 4426 1272 4466 ex
1303 4427 1494 4480 magna
1523 4413 1703 4468 chari-

147 4497 239 4544 tate
280 4497 534 4565 respexit.
565 4495 724 4562 Quasi
778 4500 919 4554 enim
961 4510 1208 4568 aspectus
1237 4501 1319 4555 sui
1349 4501 1700 4571 pulchritudi-

146 4591 248 4632 nem
290 4585 670 4650 repromittens
697 4587 990 4658 discipulis,
1023 4590 1097 4642 ait
1123 4609 1134 4644 :
1165 4589 1362 4644 Iterum
1384 4592 1560 4646 ridebo
1587 4609 1695 4659 ras,

144 4675 186 4717 et
204 4672 424 4737 gaudebit
453 4691 544 4728 cor
563 4687 782 4730 vestrum
813 4677 992 4747 (Joan.
1018 4696 1126 4746 xvr,
1149 4679 1260 4748 22).
1285 4681 1422 4736 Hinc
1452 4683 1578 4738 item
1613 4699 1698 4738 re-.

145 4760 459 4826 promittens,
487 4766 562 4819 ait
594 4783 606 4816 :
645 4765 787 4820 Vada
812 4785 1002 4837 parare
1026 4769 1162 4824 vobis
1185 4771 1373 4835 locum,
1405 4781 1453 4826 et
1475 4773 1694 4835 veniam,

145 4857 188 4898 et
223 4854 458 4922 accipiam
495 4874 581 4912 ros
621 4859 690 4911 ad
718 4862 986 4929 meipsum,
1018 4872 1092 4926 ut,
1132 4863 1216 4917 ubi
1248 4881 1340 4935 ego
1369 4882 1502 4930 sum,
1530 4875 1578 4928 et
1616 4883 1703 4920 ros

145 4937 265 4994 sitis.
293 4940 417 5007 Quis
458 4956 539 5002 est
564 4949 728 5003 decor
752 4950 928 5016 faciei,
975 4953 1076 5007 nisi
1106 4953 1222 5022 ejus
1247 4956 1415 5023 gloria
1447 4958 1702 5024 majesta-

145 5025 234 5080 tfsl
259 5028 438 5087 Facies
467 5050 696 5106 namque
745 5039 861 5107 ejus
891 5041 1125 5108 perfeCta
1153 5046 1390 5113 cognitio
1415 5055 1516 5100 est.
1547 5045 1698 5100 Hanc

145 5116 286 5171 etiam
316 5121 504 5178 Paulus
529 5141 977 5193 commemorans,
1012 5135 1087 5186 ait
1117 5151 1129 5185 :
1173 5135 1414 5190 Videmus
1445 5153 1578 5192 nunc
1607 5155 1698 5204 per

145 5207 378 5267 speculum
418 5213 474 5266 in
519 5217 809 5284 aenigmate,
846 5229 964 5272 tunc
993 5232 1164 5276 atatem
1211 5225 1342 5294 [acie
1393 5227 1462 5279 ad
1491 5228 1694 5296 facient.

147 5289 283 5349 Ntmc
308 5316 551 5370 cognosco
587 5322 652 5359 ea:
681 5319 848 5376 parte,
871 5320 990 5362 tunc
1019 5329 1344 5381 cognoscam,
1375 5316 1504 5367 sicut
1531 5324 1580 5368 et
1608 5332 1697 5370 co-

148 5382 298 5448 gnitus
323 5404 430 5444 sum
459 5391 510 5459 (Ι
535 5391 657 5448 Cor.
709 5412 826 5462 χιιι,
860 5397 965 5468 1⁸2).
1021 5398 1192 5455 Decor
1221 5417 1349 5463 ergo
1381 5404 1531 5457 faciei
1570 5405 1698 5473 quid

149 5481 234 5537 εει,
273 5478 366 5533 nisi
409 5483 663 5551 splendor
700 5495 912 5543 uterne
959 5489 1291 5545 divivitaus?
1320 5493 1421 5559 Qui
1451 5494 1698 5549 nimirum

148 5562 291 5622 decor
310 5571 465 5628 modo
484 5575 736 5644 creditur,
762 5595 866 5634 non
892 5581 941 5635 vi
951 5582 1131 5635 detur:
1159 5593 1285 5638 tunc
1306 5600 1411 5636 nun
1438 5583 1696 5650 creditur,

152 5654 231 5707 sed
275 5657 501 5731 videtur,
553 5668 678 5736 quia
733 5673 1007 5738 apostolus
1063 5674 1184 5726 ait:
1231 5672 1354 5726 Cum
1406 5675 1698 5742 apparuerit

1809 4423 1970 4478 batur
1992 4467 2008 4494 ,
2037 4429 2190 4496 quasi
2220 4430 2493 4485 absentior
2530 4435 2798 4502 cernitur,
2829 4435 2954 4490 dum
2984 4438 3182 4491 dicitur
3224 4456 3236 4490 :
3280 4439 3401 4509 Ipse

1809 4523 1904 4570 est.
1937 4513 2036 4570 Hic
2061 4527 2262 4578 autem.
2305 4521 2428 4592 quia
2460 4524 2569 4586 jam
2599 4525 2838 4579 revelata
2869 4527 3086 4584 claritas
3117 4528 3235 4594 ejus
3261 4539 3396 4591 erat.

1810 4605 2125 4672 prmaantior
2152 4609 2420 4673 cernitur,
2449 4613 2574 4679 quia
2614 4614 2742 4667 dicit
2785 4633 2797 4667 :
2834 4613 2937 4668 llic
2965 4627 3041 4670 est
3079 4618 3218 4686 [ilius
3255 4635 3398 4673 meus

1808 4692 2044 4757 dilectus,
2091 4696 2147 4748 in
2173 4712 2272 4766 quo
2316 4698 2441 4751 mihi
2480 4702 2786 4767 complacui.
2833 4702 2933 4758 llic
2961 4719 3090 4774 ergo
3119 4707 3396 4774 ungendus

1809 4789 1911 4846 est,
1942 4781 2028 4836 hic
2058 4783 2371 4850 laudandus,
2408 4796 2457 4840 et
2483 4790 2755 4856 perpetuis
2784 4789 3058 4846 favoribus
3087 4795 3395 4849 demulcen-

1805 4872 1924 4928 dus.
1953 4873 2060 4929 Sed
2085 4876 2206 4944 quis
2232 4877 2391 4945 digne
2421 4879 2642 4935 laudare
2669 4882 2922 4950 sufficiat,
2949 4899 3069 4939 cum
3101 4901 3208 4940 non
3238 4886 3390 4941 suffi-

1810 4963 1917 5017 ciat
1962 4965 2188 5031 gloriam
2234 4967 2454 5034 videre,
2495 4985 2654 5038 quam
2688 4971 2908 5026 laudat?
2936 4974 3074 5039 Quid
3102 4983 3216 5040 est,
3244 4978 3392 5045 quod

1805 5052 1994 5110 Petrus
2041 5056 2218 5124 cadit,
2261 5073 2382 5112 cum
2439 5075 2624 5114 vocem
2675 5063 2824 5116 aulit
2871 5064 3209 5120 insonantem
3257 5068 3389 5121 tanti

1798 5142 1959 5196 verba
2006 5146 2292 5212 praeconii?
2338 5146 2442 5201 Sed
2489 5149 2744 5217 parvulus
2772 5160 2920 5216 erat,
2955 5153 3128 5212 adhuc
3153 5154 3387 5221 videbat,

1802 5230 1946 5296 quod
1974 5232 2153 5286 videre
2184 5249 2286 5288 non
2315 5235 2630 5291 sufficiebat.
2660 5238 2981 5308 Videbat,ct
3003 5243 3127 5310 quia
3159 5243 3392 5298 videndo

1801 5323 2049 5388 cadebat,
2079 5325 2366 5393 signiﬁcat,
2394 5328 2538 5397 quod
2559 5329 2624 5383 ad
2649 5329 2700 5382 id
2732 5347 2837 5385 non
2870 5341 3082 5401 poterat
3102 5335 3387 5403 attingere,

1805 5411 1947 5478 quod
1969 5414 2274 5469 merebatur
2299 5417 2500 5472 videre.
2521 5416 2690 5473 Nemo
2718 5431 2884 5488 potest
2911 5423 3099 5486 dicere,
3135 5423 3388 5478 Dominus

1802 5500 1974 5564 Jesus,
2003 5505 2106 5557 nisi
2131 5505 2183 5558 in
2214 5505 2415 5576 Spiritu
2443 5517 2621 5562 sancto
2645 5507 2697 5577 (ι
2722 5508 2843 5564 Cor.
2869 5527 2963 5577 xu,
2994 5511 3072 5574 5).
3096 5511 3230 5578 Quia
3257 5527 3390 5580 ergo

1807 5592 1996 5648 Petrus
2030 5595 2264 5650 nondum
2295 5597 2436 5650 illam
2478 5599 2862 5666 plenitudinem
2908 5601 3126 5668 spiritus
3164 5617 3387 5673 accepe-

1801 5691 1901 5748 rat,
1944 5685 2235 5754 prazdicare
2279 5686 2458 5742 lusum
2491 5690 2637 5757 quasi
2685 5691 2938 5758 parvulus
2969 5707 3072 5746 non
3125 5689 3385 5766 valebat:
