3948 6288
543 332 644 388 187

1423 332 1790 388 ADMONI'IIO
1828 333 1895 389 IN
1932 332 2375 391 CANTICORUM
2418 334 2941 393 EXPOSITIONEM.
3702 340 3781 399 168

542 456 672 510 ergo
702 452 924 508 surgere
956 438 1175 508 jubetur
1204 439 1367 508 prius,
1398 447 1451 494 et
1480 441 1737 496 visionem
1793 444 1993 497 nemini
2045 444 2128 496 dl-
2162 450 2211 506 Α
2238 445 2303 499 ad
2332 447 2615 501 tertiicoali
2643 457 2850 502 secreta
2885 461 2944 501 se
2973 454 3249 511 erexerat,
3285 453 3341 499 et
3372 444 3424 499 in
3454 446 3687 515 paradiso
3713 467 3783 505 ar-

540 546 690 598 cere,
716 530 890 584 donec
936 545 967 583 a
1011 528 1236 583 mortuis
1266 532 1668 585 resurrexisset.
1702 531 1829 587 I’ost
1859 548 2133 588 resurrec-

545 627 747 678 tionem
790 623 989 691 quippe
1035 629 1355 689 accepturus
1393 631 1511 676 erat
1558 623 1818 691 Spiritum
1869 636 2129 678 sanctum.

544 713 696 768 Unde
721 712 978 780 scriptum
1008 719 1092 764 est
1125 727 1138 762 :
1166 709 1414 765 Nondum
1439 722 1549 764 erat
1578 713 1790 777 spiritus
1821 712 1990 775 datus,
2016 713 2135 781 quia

538 806 691 859 .Iesus
719 807 947 858 nondum
970 806 1143 874 fuerat
1172 805 1328 875 332
1352 806 1670 875 gloriﬁcatus
1694 808 1872 875 (Joan.
1904 824 1996 873 vn,
2020 807 2131 874 59).

540 893 786 949 Nondum
826 894 1058 948 debebat
1098 910 1227 962 ergo
1269 896 1457 949 Petrus
1504 905 1627 951 ante
1682 897 2132 951 resurrectionem

538 986 801 1039 visionem
849 984 1061 1050 dicere,
1089 985 1343 1052 quoniam
1390 986 1607 1053 quidem
1660 987 1796 1041 bene
1842 988 1995 1055 vidit,
2042 988 2135 1042 sed

546 1083 839 1143 antequam
872 1073 1116 1142 Spiritum
1149 1075 1388 1139 haberet,
1422 1092 1527 1129 non
1560 1078 1843 1131 intellexit.

611 1163 702 1217 51.
736 1163 871 1228 Quid
910 1172 990 1217 est
1038 1178 1167 1232 ergo
1216 1163 1359 1231 quod
1398 1169 1463 1218 ad
1520 1166 1822 1221 Samuelem
1876 1168 2136 1223 Dominus

542 1256 621 1309 ait
663 1272 676 1307 :
733 1253 920 1324 Surge,
963 1264 1012 1307 et
1046 1271 1180 1324 unge
1227 1258 1381 1309 eum?
1407 1255 1543 1322 Quid
1574 1266 1686 1323 est,
1728 1258 1871 1325 quod
1916 1274 2136 1328 surgere

538 1345 779 1413 jubelnr,
811 1354 867 1397 ut
890 1350 1072 1411 ungat,
1103 1345 1202 1397 nisi
1234 1346 1357 1413 quia
1388 1347 1615 1399 multum
1640 1348 1854 1417 oportet
1882 1364 2003 1402 eum
2027 1350 2132 1404 eri-

537 1435 589 1501 gi
621 1434 687 1487 ad
736 1449 988 1502 superna,
1020 1435 1108 1502 qui
1132 1435 1517 1491 sublimitatem
1550 1436 1763 1492 Domini
1804 1440 1962 1507 gestit
1991 1456 2131 1509 prte-

539 1526 760 1579 dicare?
807 1524 913 1579 Sed
950 1534 1209 1592 quantum
1265 1535 1477 1583 erectus
1527 1536 1644 1582 erat
1687 1528 1899 1594 Ριιιιις,
1932 1532 2023 1597 qui
2066 1530 2137 1583 ad

542 1620 690 1667 tanta
720 1612 945 1667 videnda
973 1614 1398 1668 sustollebatnr?
1428 1615 1535 1670 Sed
1582 1618 1625 1673 si
1657 1618 1745 1672 ille
1773 1619 1949 1673 adhuc
1976 1616 2137 1673 altio-

2236 551 2368 590 cana
2400 540 2561 592 verba
2607 539 2877 594 audiebat.
2924 538 3057 604 Quia
3103 551 3230 604 ergo
3263 537 3521 592 Dominus
3543 536 3682 596 Jesus
3710 560 3782 596 su-

2236 629 2472 683 blimiter
2507 645 2537 683 a
2576 631 2891 685 sublimibus
2920 630 3196 699 prmdicari
3226 630 3419 692 debet,
3456 645 3661 699 surgere
3686 650 3786 701 pro-

2237 720 2395 788 pheta
2427 721 2732 791 praecipitur
2764 740 2777 775 :
2806 722 2929 790 quia
2961 737 3102 787 eum,
3129 737 3223 790 per
3243 735 3405 789 quem
3430 721 3540 789 ipse
3561 722 3783 789 signatur.

2238 827 2439 880 ungere
2478 811 2715 879 jubetur.
2768 812 2887 864 Alta
2948 811 3225 881 (ιιιὶιιριιι,⁶
3252 811 3362 864 imo
3408 810 3651 864 altissima
3692 812 3786 867 bzec

2236 904 2486 971 perfectae
2517 903 2944 957 conversationis
2975 903 3144 956 virtus
3174 911 3273 967 est,
3303 901 3398 955 sed
3428 917 3458 954 a
3490 903 3655 956 multis
3681 921 3783 973 per-

2239 994 2376 1048 ferte
2422 994 2714 1062 perlicitur.
2749 994 2937 1059 Magna
2982 994 3200 1060 quidem
3249 992 3546 1045 sublimitas
3575 992 3675 1045 lucc
3698 1004 3791 1061 est,

2238 1084 2331 1137 sed
2365 1093 2540 1137 tamen
2589 1084 2845 1136 sublimes
2891 1081 3125 1136 Ecclesia
3174 1090 3360 1135 sancta
3402 1082 3593 1135 multos
3632 1082 3788 1137 habet.

2238 1175 2369 1227 Nam
2401 1189 2469 1227 ex
2511 1188 2619 1241 quo
2649 1173 2985 1242 Synagogam
3034 1171 3260 1240 repulit,
3296 1172 3347 1224 in
3381 1171 3790 1225 innumerabilem

2240 1262 2609 1317 celsitudinem
2658 1262 2871 1315 virtutis
2900 1270 3135 1315 sanctam
3167 1259 3464 1314 Ecclesiam
3497 1260 3793 1313 sublimavit.

2240 1352 2385 1407 Bene
2410 1366 2537 1419 ergo
2566 1351 2762 1405 dicitur
2795 1369 2806 1403 :
2837 1351 2906 1403 Et
2938 1351 3158 1403 directus
3188 1360 3262 1403 est
3297 1351 3508 1418 spiritus
3538 1347 3726 1402 Domini
3747 1352 3797 1402 in

2240 1446 2410 1497 David
2452 1461 2482 1496 α
2513 1444 2595 1496 die
2621 1444 2717 1496 illa
2756 1444 2809 1495 in
2849 1442 3119 1512 reliquum.
3155 1441 3278 1494 Dies
3309 1439 3521 1509 quidem
3563 1447 3640 1491 est
3681 1438 3799 1493 ﬁdes

2243 1535 2617 1603 Redemptoris
2658 1552 2671 1586 :
2722 1534 2774 1586 in
2822 1548 2926 1600 qua
2978 1532 3229 1584 nimirum
3270 1538 3323 1583 ct
3361 1536 3547 1583 sancta
3586 1527 3800 1583 Ecclesia

2240 1625 2586 1687 illuminatur,
2621 1632 2673 1676 et
2710 1623 2925 1691 repulsa
2956 1620 3235 1690 Synagoga
3275 1620 3408 1671 mira
3456 1618 3685 1672 czecitate
3710 1619 3801 1672 deo

541 1716 658 1755 rem
687 1710 884 1755 statum
914 1701 1262 1771 perfectionis
1291 1714 1586 1774 exspectat,
1611 1708 1730 1775 quis
1760 1716 1919 1762 tanta:
1947 1707 2138 1777 przedi-
2166 1738 2213 1797 Β
2241 1714 2507 1783 primitur.
2545 1711 2601 1764 In
2648 1711 2736 1764 die
2764 1704 2892 1778 ergo
2923 1710 3011 1762 illa
3039 1708 3271 1777 Spiritus
3317 1716 3536 1761 sanctus
3565 1706 3614 1759 in
3654 1706 3805 1759 David

540 1792 772 1846 cationis
798 1790 1033 1846 oﬂicium
1080 1793 1261 1848 subire
1306 1811 1413 1849 non
1453 1800 1697 1851 metuat?
1727 1798 1783 1851 Si
1814 1800 2131 1868 prophetam

540 1882 801 1936 Dominus
833 1898 1055 1952 surgere
1084 1884 1335 1937 admonet
1359 1923 1373 1947 ,
1406 1886 1698 1954 prmdicare
1728 1887 2007 1942 Dominum
2035 1903 2132 1940 au-

542 1970 652 2034 det,
684 1971 773 2038 qui
807 1985 903 2038 per
927 1971 1135 2039 lapsum
1164 1974 1444 2051 pravitatis
1468 1975 1647 2042 jacet?
1679 1976 1813 2031 Ilinc
1842 1986 1925 2031 est
1966 1993 2130 2039 enim,

542 2060 690 2129 quod
735 2061 1026 2130 unicuique
1055 2063 1396 2132 prmdicatori
1423 2080 1521 2133 per
1564 2066 1753 2121 Isaiam
1786 2068 2089 2136 prazeipitur
2119 2084 2131 2118 :

542 2151 715 2219 Super
756 2162 979 2205 montem
1016 2153 1272 2206 excelsum
1318 2156 1536 2208 ascende
1580 2165 1654 2224 tu,
1704 2160 1787 2227 qui
1814 2159 2136 2228 evangelium

546 2241 677 2296 Sion
700 2240 857 2312 (Isai.
892 2259 980 2307 xc,
1011 2242 1089 2311 9).
1115 2242 1267 2298 Mons
1292 2246 1557 2310 exce'sus,
1577 2246 1835 2316 perfectio
1858 2247 2046 2302 doctrin
2069 2262 2136 2311 re,

547 2340 604 2384 et
632 2333 812 2401 operis
839 2342 939 2387 est.
970 2332 1167 2400 Surgat
1196 2348 1355 2401 ergo,
1389 2336 1478 2403 qui
1508 2352 1710 2404 ungere
1742 2353 1921 2405 regem
1952 2339 2137 2407 pracci-

541 2421 712 2488 pitur,
745 2422 796 2475 in
826 2422 1076 2475 sublimia
1101 2438 1160 2475 se
1190 2423 1465 2476 extendat.
1497 2424 1693 2492 Surgat
1728 2425 1779 2477 in
1809 2426 1919 2479 alto
1949 2441 2136 2494 opere,

543 2518 731 2579 surgat
778 2512 831 2564 in
880 2512 987 2564 alta
1034 2513 1512 2581 contemplatione,
1562 2523 1746 2581 surgat
1794 2516 1845 2569 in
1876 2517 2134 2585 sapientia

542 2603 715 2667 verbi,
768 2613 952 2672 surgat
983 2605 1035 2658 in
1075 2606 1272 2659 virtute
1302 2606 1597 2660 charitatis.
1632 2607 1725 2662 Ille
1761 2608 1998 2676 quidem,
2041 2608 2133 2676 qui

548 2693 885 2761 praedicando
910 2696 1145 2761 ungitur,
1178 2702 1357 2747 tantus
1389 2704 1492 2761 est,
1526 2705 1584 2749 ut
1611 2701 1695 2749 vix
1724 2697 1789 2750 ad
1815 2713 1939 2750 eum
1970 2712 2001 2750 a
2038 2712 2132 2750 su-

545 2782 797 2838 blimibus
826 2786 1190 2853 perveniatur.
1233 2784 1300 2837 Et
1344 2786 1567 2841 fortasse
1600 2788 1796 2841 Paulus
1827 2789 1970 2842 hunc
2015 2788 2135 2842 ideo

546 2886 749 2941 ungere
773 2882 1007 2942 poterat,
1037 2874 1158 2942 quia
1189 2873 1320 2927 dicit
1350 2891 1363 2926 :
1392 2873 1445 2927 Ν
1450 2885 1588 2929 ostra
1610 2879 1925 2931 conversatio
1954 2879 2007 2930 iu
2035 2893 2137 2930 cae-

543 2961 609 3016 lis
638 2971 713 3016 est
737 2962 958 3033 (Philip.
980 2982 1053 3031 Ill,
1077 2964 1189 3035 20).
1222 2964 1347 3021 Ideo
1370 2966 1510 3021 hunc
1532 2981 1730 3036 ungere
1753 2976 1985 3038 poterat,
2010 2968 2137 3037 quia

2238 1804 2485 1871 dirigitur
2504 1801 2656 1869 :quia
2672 1799 2788 1868 ejus
2807 1800 2977 1867 gratia
2996 1797 3292 1868 Synagogre
3316 1797 3538 1859 tollitur,
3554 1804 3603 1849 et
3623 1806 3805 1849 sancta:

2241 1894 2490 1948 Ecclesizr
2521 1892 2708 1946 electis
2742 1892 2919 1944 datur.
2954 1889 3209 1957 Dirigitur
3237 1889 3404 1954 enim,
3434 1888 3555 1956 quia
3585 1887 3693 1942 illos
3714 1887 3805 1941 de-

2239 1985 2390 2045 serit,
2424 1984 2555 2037 istos
2581 1981 2825 2037 assumit.
2860 1980 2964 2035 Sed
2994 1980 3046 2033 in
3072 1979 3157 2033 die
3186 1979 3435 2047 dirigitur
3454 2019 3470 2043 ,
3500 1978 3619 2046 quia
3645 1979 3724 2045 qui
3752 1977 3805 2031 in

2243 2074 2346 2128 ﬁde
2374 2072 2746 2141 Redemptoris
2786 2071 3113 2124 illuminatus
3141 2085 3248 2123 non
3288 2077 3391 2132 est,
3436 2068 3485 2121 in
3512 2082 3570 2121 se
3602 2082 3657 2121 se
3682 2066 3808 2120 diri-

2243 2176 2457 2237 gentem
2486 2164 2728 2234 spiritum
2760 2164 2960 2216 habere
2989 2177 3096 2215 non
3127 2169 3327 2231 potest.
3355 2159 3585 2227 Spiritus
3611 2172 3725 2225 ergo
3750 2158 3804 2209 in

2242 2259 2328 2310 die
2354 2256 2617 2323 dirigitur,
2650 2254 2772 2323 quia
2800 2253 2917 2306 ﬁdei
2951 2252 3127 2305 lumen
3161 2249 3482 2305 habentibus
3522 2249 3683 2305 datur.
3721 2247 3808 2300 Di-

2239 2348 2428 2414 rigitur
2457 2354 2637 2400 autem
2669 2346 2720 2398 in
2754 2344 2938 2406 David,
2970 2342 3095 2411 quia
3119 2342 3261 2395 hunc
3283 2341 3397 2394 sola
3429 2349 3608 2394 sancta
3637 2338 3806 2393 Eccle-

2238 2438 2315 2491 sia
2346 2436 2586 2504 suscipit,
2627 2448 2747 2502 quze
2775 2448 2974 2501 corpus
3003 2439 3085 2485 est
3113 2430 3509 2499 Redemptoris.
3539 2428 3641 2483 Sed
3669 2430 3802 2496 quia,

2239 2534 2462 2579 auctore
2490 2524 2631 2587 Deo,
2658 2537 2740 2587 ea,
2773 2537 2891 2591 quze
2919 2520 3294 2590 proposuimus
3313 2559 3327 2581 ,
3356 2517 3424 2571 de
3452 2518 3585 2571 libro
3615 2516 3804 2585 Regum

2242 2615 2522 2668 tractanda
2562 2612 2967 2681 complevimus,
3000 2610 3235 2664 orandus
3270 2617 3352 2663 est
3385 2624 3623 2662 summus
3659 2617 3805 2676 atque

2241 2708 2583 2774 omnipotens
2620 2704 2852 2774 Spiritus
2874 2745 2889 2771 ,
2919 2711 2978 2756 ut
3003 2704 3093 2772 qui
3123 2701 3284 2756 verba
3314 2716 3411 2770 per
3438 2716 3595 2769 quem
3629 2700 3800 2763 voluit,

2241 2795 2481 2864 protulit,
2508 2802 2615 2846 tam
2633 2793 2908 2859 scribenti,
2933 2806 3099 2861 quam
3121 2790 3315 2860 legenti
3344 2789 3545 2843 tribuat
3572 2789 3801 2843 alTeetum

2244 2885 2472 2939 virtutis.
2508 2884 2697 2937 Amen.

1189 3110 1427 3120 ———.

546 3104 3797 3163 WE

1878 3280 2456 3358 ADMONITIO

1403 3456 1463 3505 IN
1500 3456 1999 3515 SUllSlfQUEN'l'EM
2036 3455 2439 3508 CANTICORIJM
2475 3454 2966 3507 EXPOSITIONEM.

2024 3601 2381 3617 ψ

618 3710 779 3781 393
816 3708 857 3762 1.
883 3705 1019 3781 Curii
1042 3720 1110 3781 ex
1134 3706 1383 3781 omnibus
1403 3722 1566 3781 sacra:
1594 3706 1885 3781 scripturae
1914 3707 2170 3781 Canticis,
2205 3708 2335 3763 illud
2359 3706 2853 3781 prmstau‘tissimum
2886 3703 2972 3781 sit,
3012 3702 3607 3781 qtiod_ideo_Cunlicum
3639 3703 3806 3781 Canti-

546 3772 719 3835 εονῖιῖι
734 3772 855 3832 Tam
877 3777 944 3830 ab
973 3776 1211 3830 IIebrazis
1233 3792 1392 3844 quam
1418 3792 1445 3828 a
1470 3775 1670 3832 Grzecis
1699 3772 1753 3832 ἐι
1780 3793 1809 3831 a
1838 3778 2039 3832 Latinis
2060 3779 2274 3842 dicitur,
2321 3772 2515 3830 mirum
2546 3776 2716 3829 videri
2745 3789 2851 3844 non
2879 3772 3039 3826 debet
3064 3772 3118 3844 in
3169 3772 3285 3844 ipso
3317 3772 3717 3844 interpretando
3755 3784 3806 3828 et

550 3846 893 3916 exponendo,
926 3861 1033 3916 non
1064 3846 1237 3899 solum
1252 3841 1328 3916 ex
1356 3845 1695 3912 Christianis,
1722 3847 1814 3900 sed
1837 3848 1999 3900 etiam
2029 3862 2093 3901 ex
2122 3841 2319 3916 .Iudzeis
2340 3854 2420 3900 tot
2443 3846 2678 3916 virorum
2710 3841 3643 3916 eruditorumingeniadesudasse.
3665 3842 3809 3916 Inter

546 3909 895 3973 Hebraeorum
925 3915 1175 3970 doctores
1199 3914 1534 3969 celeberrimi
1557 3909 1904 3970 recensentur
1936 3916 2104 3970 Rabbi
2134 3915 2409 3980 Salomon,
2436 3914 2586 3969 Aben
2618 3912 2773 3971 Ezra,
2826 3911 2991 3965 David
3029 3909 3227 3964 Kimhi.
3286 3911 3356 3964 At
3383 3925 3449 3967 ex
3479 3910 3807 3976 Christianis,

546 3997 605 4040 nt
627 4003 658 4041 a
687 3985 886 4041 Grzccis
908 3984 1247 4053 incipiamus,
1290 3984 1610 4051 insigniores
1654 3984 1906 4039 Ecclesiae
1935 3984 2136 4039 Grmca:
2176 3984 2362 4038 Patres
2394 4000 2457 4038 ac
2488 3983 2745 4053 magistri,
2781 3980 3245 4053 irr_invest_igan_dis
3275 3992 3328 4035 et
3374 3980 3632 4053 rimandis
3662 3982 3809 4053 hujus

546 4054 946 4124 «liviniCantici
977 4047 1245 4122 mysteriis
1264 4047 1419 4124 suam
1436 4065 1796 4124 exercuerunt
1825 4055 2160 4119 industriam,
2188 4047 2785 4124 praesertim__0rigene_s,
2813 4050 3104 4124 Gregorius
3126 4048 3415 4124 Nyssenus,
3440 4047 3809 4124 Theodoritirs.

546 4125 691 4178 Inter
721 4123 941 4177 Latinos
970 4117 1170 4184 autem,
1203 4123 1414 4176 omissis
1440 4123 1602 4176 etiam
1632 4124 2022 4177 recentioribus
2052 4117 2451 4192 interpretibus,
2474 4121 2697 4176 Nicolao
2731 4117 2962 4192 Lyrano,
2987 4117 3233 4192 Hugone
3254 4118 3536 4192 cardinali,
3571 4118 3811 4192 Dionysio

550 4192 1018 4261 t1arthusianﬁo,_et
1044 4193 1314 4261 sexcentis
1341 4192 1493 4256 aliis;
1526 4200 1789 4260 quotquot
1823 4192 1933 4261 fere
1971 4186 2572 4261 sreculis'superioribus
2600 4186 2812 4261 pietatis
2841 4205 2905 4244 ac
2933 4189 3191 4261 doctrina:
3220 4188 3377 4241 laude
3414 4186 3730 4261 ﬂoruerunt,
3763 4190 3813 4243 in

554 4261 713 4328 hujus
737 4260 880 4331 sacri
908 4259 1123 4331 Cantici
1150 4256 1734 4331 reconditissensibn's,
1782 4260 1923 4314 unde
1964 4276 2024 4331 se
2063 4256 2302 4331 aliosque
2333 4262 2400 4315 ad
2433 4256 2668 4331 divinum
2697 4274 2944 4331 amorem
2966 4256 3377 4331 irili‘ammarent,
3407 4256 3642 4331 sollicite
3662 4274 3811 4331 seru-

558 4325 651 4383 iati
684 4336 829 4383 sunt.
861 4326 917 4397 In
945 4328 1030 4381 his
1066 4329 1302 4382 'I‘homas
1328 4329 1584 4397 Aquinas,
1632 4325 1901 4384 Ilonorius
1947 4325 2467 4396 Augustod'unensis,
2516 4328 2811 4384 Richardus
2854 4343 2883 4381 a
2912 4327 2969 4381 S.
3004 4326 3265 4397 Victore,_
3296 4325 3601 4397 Bernartius
3634 4327 3813 4397 Clara:

549 4396 837 4458 Vallensis,
866 4396 1134 4467 Rupertns
1158 4394 1448 4452 Tuitiensis
1477 4399 1659 4463 abbas,
1688 4399 1954 4455 Robertus
1980 4394 2433 4465 de'Tnmbalenia,
2456 4394 2610 4466 cujus
2638 4397 3024 4452 Commentarii
3052 4395 3295 4467 meminit
3314 4394 3603 4467 ()rdericus
3633 4395 3813 4467 Vitalis

552 4467 648 4521 lib.
676 4482 765 4521 vur
799 4466 888 4534 (ad
913 4463 1213 4533 ain-1087),
1243 4467 1566 4534 Angelomus
1598 4467 1966 4533 Luxoviensis,
1997 4469 2269 4531 Aleuinus,
2294 4463 2630 4523 Venerabilis
2650 4467 2813 4529 Beda,
2836 4467 3102 4534 Aponius,
3125 4463 3495 4525 Cassiodorus,
3525 4474 3621 4534 aut.
3647 4466 3813 4534 quivis

548 4538 687 4607 alius
720 4532 912 4591 anetor
940 4532 1675 4607 CommentariiCassiodoro
1723 4532 1963 4607 ascripti,
2013 4548 2068 4591 et
2107 4538 2291 4593 Justus
2336 4538 2698 4605 Urgelitanus.
2756 4532 3025 4607 .Iniianum
3052 4532 3443 4607 ‘Celanensem,
3500 4533 3585 4607 vel
3625 4532 3810 4607 potius

546 4604 952 4677 Ecclanensem,
974 4606 1025 4657 in
1057 4606 1345 4677 Campania
1376 4607 1707 4677 episcopum.
1738 4601 1894 4676 quem
1920 4601 1974 4661 in
2004 4607 2226 4662 Cantica
2252 4601 2530 4677 scripsisse
2551 4602 3132 4677 testaturMVenerabilis
3155 4602 3297 4657 Beda
3322 4601 3459 4673 (Lib.
3493 4616 3509 4654 ι
3536 4602 3591 4655 in
3614 4603 3809 4674 Cant.),

552 4676 906 4745 prieterimus,
938 4682 1125 4743 utpote
1154 4672 1338 4741 gratia:
1375 4672 1604 4745 hostem,
1638 4672 1837 4745 quaiin
1866 4678 1969 4731 hoc
1994 4678 2129 4731 libro
2152 4693 2307 4732 sacro
2336 4672 2705 4745 copiosissime
2732 4672 3041 4730 elTunditur.

618 4744 680 4798 11.
727 4744 977 4814 Attamen
1002 4741 1131 4797 ante
1162 4754 1401 4814 nostrum
1434 4741 1773 4812 Gregorium,
1807 4762 1873 4799 ex
1919 4754 2151 4814 quatuor
2175 4746 2376 4801 sanctis
2404 4741 2732 4809 doctoribus,
2783 4759 2919 4811 quos
2940 4744 3274 4814 potissimum
3314 4741 3447 4796 colit
3477 4748 3532 4796 et
3563 4741 3808 4797 observat

549 4813 788 4869 Ecclesia
817 4812 1024 4877 Latina,
1054 4828 1213 4867 nemo
1242 4813 1363 4866 data
1404 4830 1565 4879 Opera
1600 4816 1788 4868 librum
1821 4812 2027 4869 Caniici
2048 4813 2396 4869 Canticorum
2423 4814 2712 4882 explanare
2743 4827 3024 4882 aggressus
3046 4813 3239 4882 luerat.

620 4882 807 4951 Itaque
829 4898 946 4953 non
966 4883 1219 4953 satisi’uit
1238 4884 1579 4937 sanctissimo
1611 4882 1755 4953 Patri
1787 4885 2014 4949 Sparsim
2044 4886 2153 4939 suis
2175 4885 2391 4953 scriptis
2412 4879 2697 4953 excerptos
2726 4879 2797 4936 ex
2820 4881 3044 4953 Cantico
3064 4880 3418 4953 Canticorum
3450 4879 3615 4953 ﬂores
3646 4882 3804 4953 inter-

546 4949 751 5022 serere,
776 4960 837 5022 et
866 4951 1087 5022 adjectis
1104 4951 1255 5018 juxta
1289 4953 1613 5015 multiplices
1641 4952 1931 5022 Scriptura:
1968 4968 2135 5022 sacrae
2174 4949 2381 5019 sensus,
2433 4949 2597 5006 variis
2644 4949 3391 5022 interpretationibus,_velui
3416 4950 3643 5022 totidem
3672 4951 3806 5004 vittis

548 5017 818 5091 coccineis
847 5028 907 5091 et
927 5017 1404 5091 aureis’inincclere
1436 5022 1520 5091 (ex
1548 5023 1741 5090 quibus
1762 5017 1949 5091 tamen
1982 5020 2235 5087 ﬂosculis,
2258 5017 2442 5077 eorum
2475 5022 2642 5091 odore
2668 5017 2965 5091 delectatus
2996 5019 3335 5091 Venerabilis
3359 5017 3522 5083 Beda,
3550 5020 3803 5091 integrum

552 5090 745 5142 librum
774 5090 1058 5159 septimum
1090 5090 1140 5142 in
1164 5090 1382 5144 Cantica
1411 5087 1720 5159 contexuit;
1770 5106 1877 5158 quo
1909 5090 1961 5143 in
1992 5092 2258 5145 scribendi
2301 5107 2499 5159 genere
2529 5090 2798 5143 Paterium
2828 5090 2927 5142 sibi
2954 5089 3254 5159 prmlusisse
3286 5088 3516 5159 libenter
3549 5087 3801 5159 fatetur);

552 5173 737 5229 verum
782 5158 1096 5213 suavissima
1138 5158 1437 5229 divinorum
1470 5157 1844 5229 mysteriOrum
1876 5161 1927 5214 in
1956 5160 2047 5214 i!lo
2074 5176 2230 5215 sacro
2260 5157 2396 5214 libro
2445 5160 2842 5214 reconditorum
2893 5157 3349 5229 contemplatione
3387 5158 3709 5222 inebriatus,
3756 5158 3799 5209 iu

548 5227 947 5297 Commentario
976 5243 1133 5297 quem
1164 5228 1249 5282 hic
1276 5227 1540 5283 edendum
1569 5229 1925 5297 aggredimur,
1956 5230 2099 5297 quod
2126 5231 2338 5284 assidua
2365 5230 2714 5283 meditatione
2742 5229 2968 5290 biberat,
2993 5227 3275 5297 eructavit.

618 5296 704 5350 111.
729 5295 1007 5366 Egregiam
1029 5297 1242 5367 quidem
1270 5298 1409 5352 hanc
1433 5295 1827 5365 expositionem
1858 5295 2119 5367 Gregorio
2139 5308 2324 5353 nostro
2355 5299 2665 5365 abjudicare
2684 5307 2910 5353 conatus
2934 5305 3034 5359 est,
3066 5297 3158 5364 qui
3190 5296 3354 5367 ipsius
3384 5296 3647 5367 operibus
3674 5295 3803 5367 evulf

618 5312 704 5350 ιιι.
729 5312 1004 5366 egregiam
1029 5312 1242 5367 quidem
1270 5312 1409 5352 hanc
1433 5312 1827 5365 expositionem
1858 5312 2119 5367 Gregorio
2139 5312 2324 5353 nostro
2355 5312 2665 5365 aujuutcare
2684 5312 2910 5353 conatus
2934 5312 3034 5359 eat,
3066 5312 3158 5364 qut
3190 5312 3354 5417 r‘psrus
3384 5312 3647 5364 operruus
3674 5312 3796 5350 evul-

546 5367 733 5438 gandis
762 5368 977 5438 ultimus
1006 5365 1269 5421 insudavit
1298 5367 1945 5438 PetrusGussanvillmus,
2002 5384 2164 5438 quem
2208 5378 2481 5423 errantem
2526 5367 2655 5421 olim
2684 5367 2854 5422 secuti
2881 5380 3067 5420 sumus
3108 5368 3162 5438 in
3240 5366 3515 5438 itaisancti
3537 5365 3796 5438 Gregorii

546 5435 749 5504 Gallice
788 5437 1005 5503 scripta,
1037 5452 1158 5489 cum
1206 5436 1441 5490 nondum
1495 5437 1865 5492 incidissemus
1912 5438 1964 5491 in
1996 5434 2077 5490 tot
2104 5438 2268 5491 libros
2299 5453 2455 5490 manu
2479 5445 2750 5500 exaratos,
2796 5444 2909 5489 tum
2937 5435 3289 5502 expositionis
3321 5434 3501 5501 hujus,
3534 5435 3589 5487 in
3621 5437 3801 5504 quibus

551 5503 829 5571 hucusque
858 5518 1048 5571 magna
1076 5515 1324 5573 exiparte
1342 5505 1599 5568 latitarat,
1631 5516 1742 5561 tum
1770 5507 2015 5573 genuina}
2043 5508 2378 5561 collectionis
2401 5506 2720 5570 Paterianm,
2776 5519 2841 5558 ex
2868 5519 2971 5572 qua
3001 5504 3258 5559 invictum
3281 5506 3489 5557 eruitur
3514 5503 3798 5573 argumen-

549 5584 686 5644 ιιιιιι,
741 5569 807 5625 ad
836 5569 1097 5641 huc—opus
1133 5569 1394 5642 Gregorio
1424 5569 1818 5633 ascribendum.
1865 5574 2064 5630 Verum
2116 5578 2353 5632 rationes
2391 5590 2596 5635 onmes,
2627 5569 2821 5644 quibus
2841 5569 3149 5644 opinionem
3176 5588 3330 5629 suam
3356 5572 3573 5637 astruit,
3595 5569 3608 5571 θ
3630 5569 3800 5627 exsuf-

548 5639 683 5720 ﬂare
702 5639 1135 5720 operosuninon.
1154 5639 1265 5705 est,
1284 5658 1349 5697 ex
1378 5653 1455 5699 tot
1480 5645 2138 5720 vet_eribus_morruru§ntis
2176 5646 2229 5720 in
2249 5646 2426 5720 I_ucer_n
2448 5659 2479 5698 a
2507 5639 2666 5720 nobis
2692 5639 2881 5720 erutis.

615 5707 702 5764 IV.
739 5707 885 5766 Sane
915 5710 1139 5787 inliciari
1161 5725 1319 5767 neruo
1348 5723 1522 5785 potest
1543 5713 1857 5783 Gregorium
1896 5712 1961 5769 de
1986 5711 2219 5775 Canticis
2242 5713 2586 5773 Canticorum
2616 5712 2951 5787 disseruisse,
2994 5722 3047 5768 et
3075 5711 3332 5769 Ilomilias
3362 5710 3641 5790 habuisse,
3698 5723 3798 5787 qua:
