3948 6282
111 317 208 370 473

723 315 944 370 SUPER
984 319 1275 376 CANTICA
1316 325 1649 380 (ZANTICOR

1795 328 1834 380 Ε
1846 329 1878 380 Χ
1893 329 2186 387 POSITIO.’
2217 367 2287 378 —
2325 337 2540 396 PROCE
2553 345 2586 391 \l
2598 342 2735 398 IUM.

3250 354 3354 407 ἇτί

108 444 242 484 (‘tuttt
274 437 391 492 est,
435 429 602 482 semel
631 428 758 483 foris
797 430 1014 484 missum
1043 442 1098 486 et
1128 449 1227 502 per.
1253 443 1525 504 torporem
1557 438 1676 491 inli-
1708 449 1748 500 Α
1782 455 1854 499 ut.
1881 442 1964 507 6);
1989 443 2066 498 sic
2093 446 2234 499 enim
2262 447 2436 504 littera
2475 457 2718 523 e00perit
2743 455 3010 524 spiritum,
3035 461 3171 515 sicut
3199 465 3350 531 palea

110 519 152 573 ἀι
171 518 330 573 litatis
368 517 612 586 lrigidum
653 535 760 572 non
796 529 1012 588 caperet
1039 524 1183 590 quod
1213 525 1438 580 audiret.
1469 525 1674 580 ldcirco

111 626 195 680 per
211 626 329 678 quae
349 611 453 663 lam
482 611 763 678 :enigmata
792 627 968 667 sermo
990 613 1198 668 divinus
1223 617 1414 670 anima:
1441 619 1674 685 torpenti

107 710 152 753 et
180 702 292 766 fligi
316 702 380 754 ’ω
412 701 668 770 loquitur,
691 711 745 756 et
773 702 839 755 de
877 704 1036 758 rebus
1073 720 1208 771 quas
1248 708 1416 773 novit,
1448 707 1678 762 latenter

107 791 324 845 insinuat
343 791 392 844 ei
421 805 660 844 amorem
691 805 849 859 quem
881 807 985 846 non
1012 795 1176 848 novit.

164 887 212 940 2.
251 889 522 956 Allegoria
551 889 693 943 enim
723 890 914 944 anima:
941 891 1098 960 longe
1123 908 1152 945 a
1176 892 1288 948 Deo
1309 894 1496 964 posita:
1516 897 1667 964 quasi

101 989 371 1048 quamdam
415 980 721 1034 machinam
763 981 915 1046 facit,
963 991 1021 1036 ut
1049 999 1144 1050 per
1183 985 1324 1038 illam
1369 985 1574 1040 levetur
1600 988 1668 1041 ad

105 1069 271 1121 Deum.
317 1067 653 1137 Interpositis
691 1070 891 1138 qu'ppe
930 1071 1299 1137 mnigmatibus
1334 1073 1460 1128 dum
1496 1076 1667 1144 quod-

99 1159 208 1211 dam
240 1158 289 1211 in
322 1159 498 1212 verbis
536 1159 808 1226 cognoscit
849 1162 990 1228 quod
1042 1178 1194 1216 suum
1240 1173 1356 1231 est,
1405 1165 1457 1218 in
1505 1182 1665 1221 sensu

99 1248 368 1301 verborum
399 1248 644 1316 intelligit
684 1250 827 1317 quod
857 1266 964 1304 non
993 1269 1146 1306 suum
1177 1263 1290 1321 est;
1337 1265 1392 1309 et
1431 1271 1528 1326 per
1552 1266 1664 1311 ter-

99 1355 210 1394 rena
239 1341 399 1394 verba
447 1349 730 1410 separatur
757 1357 786 1394 a
817 1349 979 1396 terra.
1035 1342 1137 1397 Per
1183 1345 1286 1400 hoc
1336 1347 1476 1400 enim
1520 1349 1664 1417 quod

99 1446 190 1483 non
213 1431 464 1484 abhorret
492 1431 765 1499 cognitum
788 1472 802 1495 ,
838 1433 1081 1502 intelligit
1108 1436 1376 1503 quoddam
1424 1438 1659 1505 incogni-

100 1528 214 1571 tum.
248 1517 428 1572 Rebus
449 1519 592 1572 enim
625 1519 776 1573 nobis
804 1522 946 1575 notis
975 1538 1071 1590 per
1091 1538 1224 1591 quas
1245 1526 1514 1594 allegoriae
1541 1544 1666 1583 con-

98 1609 329 1662 ﬁciuntur
374 1611 658 1665 sententiae
705 1610 898 1666 divina:
929 1614 1261 1679 vestiuntur,
1312 1602 1394 1680 et,
1435 1619 1558 1672 dum
1604 1636 1662 1675 re

99 1697 452 1762 cognoscimus
493 1699 761 1752 exteriora
789 1701 947 1755 verba
973 1742 987 1767 ,
1032 1705 1372 1772 pervenimus
1415 1709 1482 1761 ad
1532 1710 1664 1764 inte-

100 1785 272 1838 riorem
306 1786 739 1854 intelligentiam.

153 1869 184 1922 5
242 1870 375 1926 llinc
406 1882 491 1926 est
516 1875 658 1928 enim
687 1876 827 1945 quod
857 1877 909 1931 in
939 1880 1040 1933 hoc
1071 1881 1235 1947 libro,
1263 1884 1350 1952 qui
1384 1884 1436 1937 in
1468 1885 1654 1940 Canti-

95 1961 161 2013 cis
184 1961 512 2015 canticorum
527 1966 863 2033 conscriptus
891 1977 994 2034 est,
1013 1973 1211 2024 amoris
1237 1975 1386 2040 quasi
1408 1978 1655 2044 corporei

92 2065 130 2099 vi
149 2048 230 2100 rba
262 2060 569 2120 ponuntur,
596 2061 653 2106 ut
677 2069 706 2106 a
748 2063 964 2124 torpore
998 2075 1096 2112 suo
1125 2061 1301 2114 anima
1330 2079 1424 2129 per
1449 2079 1655 2119 sermo-

93 2153 174 2190 nes
207 2154 316 2192 sua:
369 2142 772 2197 consuetudinis
813 2145 1058 2200 refricata
1099 2150 1422 2215 recalescat;
1465 2163 1518 2206 et.
1557 2169 1651 2221 per

92 2228 232 2280 verba
260 2231 464 2283 amoris
491 2233 582 2299 qui
605 2233 738 2287 infra
765 2245 844 2288 est
862 2277 876 2300 ,
911 2238 1176 2292 excitatur
1199 2242 1264 2294 ad
1293 2257 1532 2297 amorem
1561 2245 1652 2313 qui

91 2331 224 2382 supra
252 2327 355 2371 est.
383 2319 736 2375 Nominantur
763 2325 904 2379 enim
939 2327 990 2380 in
1022 2328 1125 2384 hoc
1147 2328 1287 2384 libro
1315 2333 1520 2397 oscula,
1554 2350 1654 2388 no-

89 2407 341 2461 minantur
369 2409 532 2462 ubera
552 2451 568 2476 ,
608 2413 954 2469 nominantur
979 2429 1158 2483 gente,
1200 2435 1230 2472 ιι
1256 2421 1545 2476 ιηιίηπηιιιι·
1574 2423 1653 2479 le-

91 2511 253 2560 mora;
311 2498 364 2550 in
422 2499 616 2568 quibus
665 2502 841 2558 verbis
892 2521 998 2560 non
1043 2508 1310 2564 irridenda
1350 2521 1434 2566 cst
1488 2514 1652 2586 398

91 2594 111 2620 ⁸
137 2601 272 2640 sacra
298 2586 612 2657 descriptio,
639 2590 733 2644 sed
761 2592 933 2662 major
959 2595 1051 2650 Dei
1080 2597 1442 2654 misericordia
1473 2605 1648 2658 consi-

91 2673 302 2728 deranda
333 2685 446 2739 est;
496 2678 620 2746 quia
665 2679 790 2734 dum
821 2684 1060 2738 membra
1096 2688 1337 2756 corporis
1369 2690 1645 2757 nominat,

89 2772 133 2814 et
155 2763 225 2817 sic
250 2764 316 2817 ad
339 2780 578 2820 amorem
601 2777 792 2832 vocat,
817 2773 1108 2827 notandum
1133 2783 1215 2829 est
1241 2792 1400 2844 quam
1429 2781 1642 2836 mirabi-

89 2856 190 2911 liter
214 2858 491 2913 nobiscum
520 2869 575 2914 et
601 2862 1022 2920 misericorditer
1042 2877 1314 2936 operatur.
1341 2871 1441 2936 Qui
1467 2880 1522 2926 ut
1553 2889 1650 2928 cor

90 2956 305 3001 nostrum
335 2947 360 2985 δ
389 2948 457 3002 ad
492 2950 889 3018 instigationem
920 2957 1058 3010 sacri
1085 2960 1284 3012 amoris
1305 2961 1643 3028 accenderet,

1697 1752 1734 1806 Β

1779 530 1908 597 tegit
1939 529 2295 601 frumentum;
2325 539 2418 592 sed
2443 540 2806 607 jumentorum
2835 553 2946 612 est,
2978 547 3143 616 paleis
3172 555 3348 614 vesci;

1777 622 2052 676 hominum
2078 662 2096 688 ,
2126 623 2421 682 frumentis.
2455 629 2554 695 Qui
2585 647 2712 701 ergo
2742 633 2972 688 humana
3000 638 3209 692 ratione
3247 642 3353 693 uti-

1777 719 1880 770 tur,
1909 712 2274 779 jumentorum
2305 718 2486 784 paleas
2506 720 2743 786 abjiciat,
2767 732 2820 775 et
2846 723 3108 779 frumenta
3133 729 3352 795 spiritus

1774 799 1934 854 edere
1967 800 2215 868 festinet;
2246 806 2310 857 ad
2344 806 2446 860 hoc.
2472 809 2671 877 quippe
2700 811 2845 865 utilis
2869 823 2983 880 est,
3012 823 3069 868 ut
3096 819 3348 886 mysteria

1774 888 1964 944 littera:
1994 891 2228 948 involuta
2259 902 2528 961 tegantur.
2568 898 2706 954 Hinc
2749 902 2892 954 enim
2933 904 3188 973 scriptum
3217 915 3345 963 est:

1774 977 2043 1046 Sapientes
2089 982 2407 1038 abscondunt
2449 986 2841 1058 intelligentiam
2892 992 3073 1058 (Prov.
3119 1011 3185 1056 ι,
3235 996 3344 1059 14).

1771 1067 1905 1132 Quia
1951 1070 2196 1124 nimirum
2241 1074 2341 1126 sub
2383 1077 2616 1142 tegmine
2643 1077 2831 1132 littera:
2870 1082 3124 1149 spiritalis
3155 1084 3344 1139 intelli-

1769 1158 1947 1224 gentia
1970 1162 2296 1230 cooperitur.
2344 1163 2478 1218 Hinc
2510 1183 2715 1222 rursum
2745 1169 2796 1224 in
2831 1172 3016 1226 eodem
3049 1175 3182 1228 libro
3211 1179 3347 1230 scri-

1769 1255 1918 1315 ptum
1948 1258 2029 1303 est
2059 1268 2070 1302 :
2106 1250 2284 1306 Gloria
2330 1254 2430 1308 Dei
2468 1257 2635 1311 celare
2669 1259 2870 1314 verbum
2902 1263 3080 1330 (Prov.
3111 1282 3235 1332 xxv,
3268 1267 3344 1339 2".

1771 1335 1933 1391 Menti
1961 1340 2102 1394 enim
2157 1343 2320 1398 Deum
2367 1349 2625 1414 quaerenti
2677 1358 2826 1406 tanto
2877 1353 3018 1408 Deus
3064 1335 3346 1424 gloriosius

1770 1438 2014 1497 apparet,
2043 1443 2244 1499 quanto
2273 1435 2516 1492 subtili::s
2539 1449 2696 1509 atque
2724 1441 2948 1498 interius
2977 1444 3343 1516 investigatur,

1769 1525 1828 1569 ut
1870 1530 2156 1587 appareat;
2194 1524 2287 1576 sed
2333 1529 2569 1596 nunquid
2613 1530 2755 1596 quod
2800 1531 2852 1584 in
2896 1536 3164 1604 mysteriis
3204 1537 3344 1591 Deus

1768 1605 1929 1671 celat,
1963 1624 2058 1662 nos
2089 1612 2362 1678 requirere
2391 1632 2495 1669 non
2525 1618 2818 1673 debemus?
2854 1621 3118 1677 Debemus
3139 1626 3343 1695 utique,

1768 1710 1890 1748 nam
1921 1700 2160 1766 sequitur
2186 1719 2197 1754 :
2232 1701 2300 1756 Et
2338 1706 2506 1774 gloria
2531 1726 2704 1780 regum
2734 1713 3040 1784 investigare
3058 1733 3340 1774 sermonem

1769 1780 1981 1851 (Ibid.).
2013 1784 2112 1852 Qui
2141 1789 2280 1842 enim
2316 1791 2424 1858 jam
2457 1809 2682 1863 corpora
2713 1812 2810 1851 sua
2839 1800 2922 1853 vel
2951 1813 3127 1857 motus
3165 1808 3342 1862 carnis

1764 1885 1952 1939 regere
1978 1882 2032 1927 et
2061 1877 2380 1947 investigare
2410 1893 2702 1948 noverunt,
2749 1901 2902 1955 reges
2947 1901 3089 1947 sunt.
3137 1894 3342 1964 Regum

1763 1978 1891 2031 ergo
1920 1967 2088 2033 gloria
2123 1969 2442 2039 investigare
2467 1991 2768 2031 sermonem
2788 2018 2804 2045 ,
2833 1981 2954 2050 quia
2987 1984 3124 2040 bene
3157 1987 3340 2040 viven-

1763 2053 1891 2108 tium
1923 2058 2037 2111 laus
2076 2072 2158 2113 est
2200 2065 2522 2130 perscrutari
2567 2077 2774 2121 st‘creta
2813 2072 3181 2127 mandatorum
3223 2075 3336 2129 Dei.

1759 2143 2017 2201 llumante
2048 2163 2176 2216 ergo
2199 2156 2622 2210 conversationis
2641 2162 2802 2214 verba
2845 2162 3121 2218 audientes
3145 2207 3160 2232 ,
3185 2169 3336 2234 quasi

1761 2243 1912 2290 extra
1943 2238 2187 2295 homines
2221 2257 2340 2296 esse
2375 2245 2659 2312 debemus;
2691 2266 2758 2305 ne
2798 2253 2842 2306 si
2884 2255 3187 2311 humanitus
3219 2275 3338 2327 qua:

1757 2321 2006 2378 dicuntur
2026 2327 2289 2395 audimus,
2319 2333 2447 2386 nihil
2477 2335 2773 2392 divinitatis
2795 2340 2862 2394 de
2899 2342 2980 2396 his
3011 2358 3128 2411 qum
3150 2321 3336 2404 audire

1756 2409 2014 2466 debemus
2035 2455 2050 2480 ,
2071 2418 2274 2471 sentire
2314 2421 2598 2487 possimus.
2629 2425 2791 2491 Quasi
2816 2429 2926 2496 jam
2956 2447 3062 2486 non
3093 2433 3334 2488 homines

1751 2499 2093 2557 desiderabat
2141 2521 2260 2560 esse
2307 2507 2502 2565 Paulus
2531 2513 2820 2583 discipulos
2852 2535 3007 2582 suos,
3039 2523 3230 2592 quibus
3254 2526 3328 2578 di-

1754 2591 1909 2644 Cebat
1934 2610 1946 2643 :
1973 2591 2100 2646 Cum
2121 2597 2256 2648 enim
2283 2599 2350 2650 sit
2371 2601 2504 2653 inter
2525 2618 2609 2655 vos
2641 2604 2779 2657 zelus
2793 2616 2842 2658 et
2861 2591 3140 2677 contentio,
3163 2628 3333 2666 nonne

1755 2679 1985 2733 homines
2015 2683 2136 2736 estis
2180 2683 2234 2750 (I
2266 2685 2383 2740 Cor.
2416 2703 2490 2752 ut,
2524 2689 2622 2756 δη
2651 2691 2812 2757 Quasi
2836 2694 2947 2763 jam
2973 2712 3079 2751 non
3101 2702 3333 2754 :rstima-

1753 2769 1844 2822 bat
1871 2771 2116 2827 homines
2135 2775 2424 2844 discipn.os
2453 2795 2579 2833 suos
2610 2782 2885 2852 Dominus,
2921 2802 3040 2842 cum
3070 2790 3281 2844 diccbat
3315 2810 3328 2844 :

1755 2857 1918 2923 Quem
1951 2862 2127 2916 dicunt
2148 2865 2378 2920 homines
2409 2885 2520 2924 esse
2537 2872 2702 2940 ﬁlium
2723 2875 2943 2931 hominis
2983 2878 3194 2947 (Matth.
3220 2899 3328 2948 xvt,

1751 2948 1889 3017 ιδῃ
1918 2951 2014 3005 Cui
2043 2970 2162 3006 cum
2205 2957 2364 3010 verba
2409 2953 2680 3016 hominum
2722 2970 3154 3035 reSpondissent,
3188 2974 3331 3030 ill?co

89 3051 233 3106 usque
273 3039 340 3091 ad
389 3040 558 3108 turpis
594 3043 793 3096 amoris
843 3047 1008 3099 nostri
1033 3056 1056 3086 ο
1089 3061 1148 3101 se
1175 3051 1337 3102 vetba
1367 3050 1640 3106 distendit.
1675 3071 1718 3131 Ο
1751 3038 1993 3131 adjunxit
2017 3060 2030 3095 :
2068 3043 2166 3098 l'os
2188 3057 2355 3100 autem
2377 3065 2523 3119 quem
2549 3068 2629 3104 me
2652 3069 2763 3108 esse
2788 3057 3000 3111 dicitis?
3025 3059 3159 3114 Cum
3186 3064 3328 3118 enim

87 3124 175 3179 Sed
209 3127 352 3182 unde
379 3143 438 3183 se
465 3129 732 3198 loquendo
764 3132 1037 3198 humiliat,
1084 3136 1206 3190 inde
1238 3153 1335 3190 nos
1366 3140 1380 3192 i
1423 3141 1639 3195 tellectu

85 3215 294 3282 cxaltat;
335 3219 458 3285 quia
488 3233 554 3271 ex
595 3221 932 3276 sermonibus
974 3224 1133 3291 hujus
1159 3227 1358 3281 amoris
1388 3228 1641 3284 discimus

85 3317 171 3369 qua
202 3306 392 3360 virtute
414 3307 464 3360 in
486 3307 777 3364 divinitatis
804 3326 987 3367 amore
1010 3313 1330 3371 ferveamus.

143 3400 189 3456 4.
207 3402 316 3458 lloc
338 3414 514 3460 autem
545 3408 699 3462 nobis
721 3410 946 3464 solerter
975 3412 1335 3470 intuendume
1365 3425 1406 3484 t,
1427 3433 1493 3472 ne
1520 3434 1641 3474 cum

84 3491 223 3543 verba
253 3494 532 3548 exterioris
562 3498 761 3552 amoris
796 3502 1042 3555 au'limus
1066 3543 1082 3567 ,
1113 3502 1180 3555 ad
1209 3505 1476 3559 exteriora
1514 3522 1642 3560 sen-

85 3581 241 3635 tienda
267 3600 664 3652 remaneamus;
694 3599 750 3642 tt
791 3592 1058 3658 machina,
1089 3609 1207 3661 qua:
1238 3596 1452 3663 ponitur
1479 3606 1535 3651 ut
1563 3599 1642 3652 le-

86 3677 180 3734 vet,
207 3672 315 3738 ipsa
337 3675 506 3743 magis
530 3678 817 3744 opprimat,
848 3695 917 3734 ne
943 3680 1198 3736 levemur.
1226 3683 1489 3740 Debemus
1513 3703 1644 3757 ergo

88 3755 131 3808 in
156 3759 321 3814 verbis
344 3762 457 3816 istis
481 3779 649 3834 corpo
680 3768 756 3820 eis
775 3807 791 3833 ,
821 3769 872 3822 iu
904 3770 1082 3824 verbis
1109 3773 1465 3829 exterioribus
1490 3778 1643 3845 quid-

87 3848 194 3916 quid
218 3850 433 3906 in'erius
459 3864 541 3907 est
565 3871 822 3923 quaerere.
858 3868 911 3913 et
955 3859 1238 3930 loquentes
1283 3865 1348 3918 de
1391 3881 1639 3935 corpore,

87 3939 216 4002 quasi
244 3951 393 3995 extra
425 3960 619 4013 corpus
652 3945 763 4000 ﬁeri
787 3945 811 3983 ⁶¹
852 3949 1130 4005 debemus.
1179 3952 1256 4004 Al
1288 3953 1388 4009 has
1428 3958 1640 4024 nuptias

89 4031 244 4092 sponsi
283 4040 336 4085 et
375 4050 586 4102 sponsas
616 4052 736 4089 cum
781 4039 1055 4095 intellectu
1101 4043 1302 4097 intima:
1342 4046 1636 4115 charitatis,

89 4115 128 4167 id
165 4128 240 4172 est
277 4136 394 4174 cum
422 4133 575 4178 veste
603 4126 784 4179 venire
831 4131 1050 4196 nuptiai
1096 4148 1317 4188 necesse
1351 4145 1465 4200 est;
1494 4153 1561 4189 ne
1588 4138 1631 4191 si

87 4217 213 4263 rete
255 4214 515 4279 nuptiali,
549 4215 599 4268 ιι
648 4225 729 4270 est
766 4219 920 4286 digna
961 4221 1240 4278 charitatis
1284 4225 1631 4294 intelligentia

88 4310 175 4351 non
206 4300 506 4368 induimur,
547 4306 614 4358 ab
642 4306 745 4361 hoc
787 4312 1090 4376 nuptiarum
1121 4316 1368 4369 convivio
1399 4317 1450 4369 in
1480 4328 1632 4371 exte-

87 4389 231 4444 riores
268 4395 515 4450 teni-bras
535 4438 548 4455 .
582 4396 632 4449 id
664 4407 741 4452 est
775 4399 825 4452 in
857 4401 1170 4467 ignorant'ar
1197 4406 1436 4460 cteci'ate
1461 4408 1634 4476 repel-

86 4475 249 4534 lantur.
279 4481 546 4538 Debemus
575 4501 671 4553 per
698 4487 810 4542 hare
833 4491 996 4544 verba
1024 4493 1286 4560 passionis
1316 4472 1541 4550 transire
1567 4497 1632 4550 ad
1670 4472 1714 4529 ί)

86 4567 302 4625 virtutem
330 4574 791 4642 impa32ihilitatis.
829 4578 919 4634 Sic
944 4589 1028 4634 est
1055 4583 1196 4636 enim
1233 4583 1504 4654 Scriptura
1541 4602 1631 4640 sa-

84 4669 158 4708 cra
187 4659 228 4712 in
259 4661 433 4714 verbis
455 4670 512 4715 et
555 4665 818 4728 sensibus,
848 4668 988 4722 sicut
1034 4671 1240 4738 pictura
1280 4673 1332 4726 in
1363 4676 1634 4730 coloribus

83 4753 127 4796 et
147 4749 317 4814 rebus;
356 4760 413 4805 et
453 4753 611 4808 nimis
640 4757 831 4812 stultus
854 4768 936 4813 est
961 4762 1051 4830 qui
1084 4763 1162 4818 sic
1191 4765 1412 4833 picturae
1439 4768 1635 4820 colori-

82 4833 167 4889 bus
191 4839 445 4906 indueret,
495 4852 554 4896 ut
592 4860 677 4898 res
719 4861 838 4915 qua:
887 4851 1041 4919 pictae
1087 4863 1212 4908 sunt
1254 4857 1484 4923 ignoret.
1528 4857 1634 4912 Nos

81 4927 221 4992 enim,
245 4931 290 4983 si
319 4930 482 4986 verba
511 4947 630 5000 qua:
667 4940 902 4993 exterius
943 4941 1195 4997 dicuntur
1235 4945 1629 5014 amplectimur,

80 5023 122 5066 rt
143 5032 313 5075 sensus
341 5021 680 5090 ignoramus,
711 5029 860 5096 quasi
883 5029 1192 5098 ignorantes
1227 5050 1312 5089 res
1341 5052 1458 5104 qua:
1486 5037 1632 5105 depi-

81 5112 163 5157 cltt‘
185 5119 323 5176 sunt,
345 5111 491 5164 solos
518 5113 729 5169 colores
752 5125 1015 5174 tenemus.
1043 5119 1242 5176 Littera
1265 5125 1471 5185 occidit,
1495 5127 1635 5182 sicut

81 5195 310 5264 scriptum
342 5206 447 5265 est,
475 5202 688 5270 spiritus
729 5214 898 5259 autem
934 5209 1096 5280 339
1124 5213 1344 5282 vivi/lcat
1391 5212 1483 5285 (Il
1514 5215 1631 5270 Cor.

142 5425 162 5502 ς
191 5405 363 5502 gica,
395 5426 563 5502 Sar_r_a
593 5430 886 5502 Scriptura.

141 5483 451 5582 ξιιὶέειιιξὶςι.
474 5483 814 5582 pedale}
833 5483 1312 5582 investigationem.
1345 5508 1630 5582 chu'ruur

84 5548 326 5631 Rotho_m.,
357 5548 584 5620 Vahal—.-

142 5635 161 5662 ε
189 5627 337 5684 Abest
364 5649 420 5687 se
446 5649 476 5688 a
502 5635 776 5698 Theod.ct
816 5627 1058 5702 Rernilu
1092 5647 1344 5706 Rothom.
1380 5657 1432 5704 ct
1466 5651 1616 5710 Rich.

1749 3142 1906 3196 supra
1937 3130 2066 3186 dicit
2097 3133 2327 3189 homines
2347 3179 2362 3203 ,
2393 3153 2455 3192 ac
2485 3139 2678 3195 deinde
2707 3145 2976 3215 subiungit
3005 3166 3091 3204 vos
3128 3163 3326 3220 autem,

1748 3216 1890 3271 inter
1917 3219 2160 3276 homines
2189 3234 2243 3279 ct
2270 3225 2559 3296 discipulos
2599 3235 2881 3297 quamdam
2911 3237 3218 3296 di-tautiam
3249 3216 3328 3298 fa;

1747 3306 1844 3373 cit,
1873 3309 1996 3378 quia
2020 3312 2266 3368 videlicet
2287 3315 2462 3371 divina
2492 3321 2570 3373 eis
2593 3321 2885 3390 insinuans,
2912 3343 3030 3384 esse
3049 3345 3142 3386 eos
3167 3349 3329 3403 super

1748 3395 1995 3450 homines
2018 3398 2274 3462 faciebat.
2306 3414 2362 3459 ut
2404 3408 2477 3461 ait
2505 3409 2794 3478 Apostolus
2821 3433 2833 3468 :
2864 3416 2924 3471 Si
2952 3436 3051 3490 qua
3078 3395 3246 3491 igitan
3272 3427 3325 3479 in

1748 3484 1952 3542 Christo
2000 3506 2130 3544 nova
2157 3505 2422 3563 creatura,
2459 3510 2626 3556 cetera
2664 3509 2976 3564 transierunt
3005 3513 3087 3580 (ll
3120 3514 3237 3568 Cor.
3269 3533 3324 3585 v,

1749 3571 1860 3645 17).
1893 3575 1960 3630 Ει
1988 3581 2185 3636 scimus
2213 3587 2336 3654 quia
2376 3588 2426 3641 in
2464 3596 2859 3652 resurrectione
2888 3611 3070 3655 nostra
3104 3604 3175 3657 ita
3204 3621 3327 3660 cor-

1745 3677 1844 3732 pus
1868 3665 2080 3734 spiritui
2121 3671 2441 3740 adnectitur,
2476 3687 2532 3730 ut
2557 3696 2714 3735 omne
2741 3687 2883 3754 quod
2916 3686 3093 3742 fuerat
3121 3693 3323 3759 passio—

1745 3758 1827 3813 nis
1855 3760 1908 3812 in
1939 3762 2136 3817 virtute
2165 3766 2385 3834 Spiritus
2428 3784 2750 3830 assumatur.
2793 3777 2842 3832 ls
2877 3793 3005 3847 ergo
3035 3784 3122 3850 qui
3154 3785 3321 3840 Deum

1743 3851 2022 3919 sequitur,
2085 3855 2281 3911 imitari
2351 3860 2512 3916 debet
2575 3868 2812 3932 quotidie
2874 3875 3319 3932 resurrectionem

1741 3953 1927 4006 suam;
1961 3951 2017 3996 ut
2045 3943 2184 3998 sicut
2214 3955 2340 4002 tunc
2371 3952 2498 4005 nihil
2541 3957 2791 4021 passibile
2839 3959 3058 4016 habebit
3102 3965 3154 4019 in
3194 3983 3321 4022 cor-

1741 4042 1908 4096 pore,
1957 4032 2028 4086 ita
2077 4051 2218 4091 nunc
2271 4039 2400 4093 nihil
2454 4046 2703 4110 passibile
2739 4048 2931 4104 habeat
2967 4052 3017 4106 in
3040 4055 3232 4121 corde;
3262 4069 3321 4110 ut

1741 4120 2033 4174 secundum
2065 4123 2377 4182 interiorem
2425 4130 2695 4187 hominem
2739 4135 2847 4203 jam
2894 4155 3032 4194 nova
3073 4153 3320 4200 creatura

1741 4207 1829 4272 sit,
1852 4208 1961 4274 jam
1987 4213 2244 4284 quidquid
2274 4227 2543 4275 vetustum
2567 4223 2725 4278 fuerit
2754 4227 2952 4295 calcet,
2983 4240 3039 4284 et
3064 4232 3116 4286 in
3142 4235 3322 4290 verbis

1740 4304 2011 4358 veteribus
2035 4307 2203 4361 solam
2234 4309 2338 4364 vim
2366 4314 2620 4371 novitatis
2649 4317 2903 4386 inquirat.

1813 4408 1865 4464 5.
1907 4412 2178 4482 Scriptura
2204 4419 2344 4473 enim
2372 4437 2524 4476 sacra
2556 4440 2710 4481 mons
2727 4430 2941 4496 quidem
2971 4442 3053 4488 est
3075 4476 3088 4497 ,
3121 4435 3187 4490 de
3211 4452 3320 4506 quo

1739 4499 1792 4553 in
1824 4503 2021 4557 nostris
2046 4507 2296 4561 cordibus
2321 4511 2386 4563 ad
2428 4514 2826 4583 intelligendum
2856 4521 3110 4579 Dominus
3140 4530 3316 4596 venit;

1737 4591 1804 4643 de
1843 4606 1952 4658 quo
1991 4603 2174 4647 monte
2221 4613 2318 4664 per
2363 4604 2679 4670 pmphetam
2721 4609 2914 4664 dicitur
2945 4627 2958 4664 :
2991 4613 3128 4668 Deus
3164 4635 3196 4670 a
3231 4591 3318 4672 Li"-

1737 4679 1872 4734 bano
1895 4683 2075 4743 veniet,
2106 4693 2154 4736 et
2184 4685 2408 4740 Sanctus
2429 4691 2492 4743 de
2520 4705 2691 4748 monte
2716 4699 2954 4753 umbroso
2982 4717 3032 4754 et
3058 4712 3318 4763 condenso

1739 4765 1966 4835 (Hahae.
1996 4786 2079 4834 ιιι,
2115 4771 2189 4841 ὅ).
2229 4771 2336 4829 Iste
2370 4793 2523 4833 mons
2551 4790 2606 4834 et
2635 4786 2936 4843 condensus
2959 4799 3041 4842 est
3070 4805 3165 4858 per
3190 4808 3315 4847 sen-

1737 4858 1962 4924 tentias,
1992 4869 2047 4914 et
2095 4863 2379 4920 umbrosus
2419 4883 2515 4935 per
2553 4871 2854 4941 allegorias.
2898 4877 3002 4932 Sed
3041 4873 3312 4938 sciendum

1735 4957 1819 5002 est
1843 4950 1968 5018 quia
1991 4967 2110 5006 cum
2139 4970 2240 5008 vox
2265 4955 2476 5013 Domini
2504 4962 2556 5016 in
2581 4973 2762 5020 rnoute
2785 4978 2961 5032 sonat,
2994 4973 3311 5029 vestimenta

1736 5039 1919 5096 lavare
1961 5045 2322 5115 prazcipimur,
2354 5059 2409 5105 et
2437 5053 2504 5108 ab
2531 5057 2676 5123 omni
2718 5059 2895 5114 carnis
2942 5061 3312 5131 inquinatione

1735 5134 1981 5189 mundari
2002 5178 2016 5200 ,
2043 5138 2087 5191 si
2119 5139 2184 5191 ad
2228 5151 2463 5198 montem
2507 5149 2767 5205 accedere
2799 5150 3131 5209 festinamus.
3163 5155 3309 5210 Scri-

1737 5230 1885 5290 ptum
1918 5239 2146 5295 namque
2187 5239 2302 5296 est,
2335 5234 2458 5301 quia
2479 5278 2492 5301 ,
2524 5237 2572 5290 si
2607 5236 2770 5294 bestia
2799 5242 3020 5312 tetigerit
3053 5255 3306 5309 montem,

1729 5446 1945 5523 legitur,
1972 5452 2042 5506 ad
2069 5456 2228 5523 turpis
2255 5458 2448 5511 amoris
2477 5459 2640 5512 nostri
2670 5459 2818 5513 verba
2846 5461 3126 5516 descendit.

1798 5518 1822 5554 ά
1864 5517 1979 5602 line.
2009 5517 2226 5602 verbum
2268 5527 2320 5580 in
2357 5526 2471 5602 Val.
2503 5527 2584 5582 CI.
2615 5538 2671 5602 et
2708 5530 2763 5602 in
2815 5530 2961 5585 Rich.
2997 5533 3184 5602 incipit
3220 5546 3307 5585 se-

1726 5599 1979 5654 quentem
2021 5594 2327 5661 periodum;
2369 5599 2420 5652 in
2449 5613 2555 5669 qua
2592 5601 2809 5657 minimc
2847 5602 3069 5669 legitur,
3096 5594 3308 5662 necesse

1723 5668 1819 5710 68!.
