3948 6324
653 363 759 417 ἇῗὸ

1860 359 2104 417 SANCTI
2142 356 2467 414 GREGORII
2507 357 2724 415 MAGNI

3787 379 3865 434 476

648 478 965 548 lapidabimr
993 475 1180 549 (Hebr.
1217 491 1308 537 xu,
1338 475 1450 543 20).
1484 475 1658 530 Bestia
1693 475 1839 530 enim
1877 476 2047 543 tangit
2074 489 2230 529 mou-
2259 483 2307 542 Α
2334 490 2449 527 mea
2489 472 2659 542 (Psal.
2712 488 2847 539 xvn,
2893 472 2966 545 l).
3024 474 3311 531 Canticum
3350 492 3482 535 vero
3524 483 3867 551 coniunctionis

648 579 757 621 tem
782 605 797 630 ,
833 566 1049 635 quando
1085 563 1541 619 irrationabilibus
1577 564 1810 619 m0tibus
1851 562 2049 627 dediti,
2079 561 2231 617 Scri-

647 667 818 724 ptura:
846 671 1012 709 sacra!
1035 653 1338 709 cels'tudini
1362 654 1738 722 propinquant,
1770 662 1824 707 et
1854 668 1959 706 nou
1990 667 2109 706 eam
2137 666 2229 705 se-

646 744 881 798 cundum
907 742 1050 812 quod
1074 742 1298 802 debent.
1326 742 1646 811 intelligunt,
1671 742 1766 797 sed
1798 741 2229 796 irrationabiliter

646 832 713 884 ad
757 848 865 886 sua:
903 832 1192 900 voluptatis
1237 830 1418 903 [Forte
1469 830 1772 902 voluntatis]
1824 828 2227 897 intelligentiam

651 922 893 977 ﬂectunt.
924 922 1110 976 Omnis
1153 923 1294 976 enim
1322 923 1618 987 absurdus,
1651 923 1736 976 vel
1774 937 1933 975 sensu
1981 921 2157 989 piger,
2184 918 2229 973 si

649 1015 793 1068 circa
830 1013 974 1067 hunc
1015 1020 1250 1065 montem
1276 1013 1422 1066 visus
1472 1010 1669 1079 fuerit,
1717 1010 2064 1065 atrocissimis
2114 1024 2233 1062 sen-

651 1103 833 1157 tentiis
869 1102 1031 1155 veluti
1079 1101 1343 1170 lapidibus
1392 1111 1634 1156 necatur.
1681 1099 1844 1153 Ardet
1885 1100 2027 1153 enim
2073 1113 2230 1151 mons

652 1196 772 1257 iste,
797 1194 919 1261 quia
950 1193 1224 1261 Scriptura
1254 1207 1404 1247 sacra
1435 1192 1701 1256 videlicet,
1731 1206 1888 1260 quem
1919 1189 2231 1260 spiritaliter

649 1284 844 1353 replet,
876 1283 1076 1336 amoris
1117 1282 1238 1352 igne
1274 1281 1573 1336 succendit.
1623 1278 1778 1334 Unde
1820 1280 2075 1347 scriptum
2104 1286 2225 1334 cst:

649 1372 880 1443 Ignitum
927 1372 1180 1442 eloquium
1234 1382 1373 1425 tuum
1424 1371 1597 1442 (Psal.
1646 1387 1838 1435 cxvm,
1885 1369 2031 1436 140).
2083 1369 2232 1425 Unde

646 1476 770 1515 cum
800 1460 962 1514 verba
1013 1459 1106 1513 Dei
1154 1460 1402 1513 audirent
1435 1461 1648 1528 quidam
1680 1460 1733 1513 in
1764 1461 1846 1513 via
1877 1459 2226 1524 ambulantes,

645 1546 935 1604 dixerunt:
971 1547 1161 1602 Nonne
1189 1565 1276 1602 cor
1301 1558 1537 1601 nostrum
1577 1548 1766 1599 ardens
1813 1557 1921 1600 erat
1963 1547 2017 1599 in
2055 1547 2226 1624 nobis,

646 1658 763 1695 cum
785 1641 1007 1708 aperiret
1034 1638 1179 1691 nobis
1211 1637 1511 1706 Scripturas
1554 1636 1703 1699 (Luc.
1736 1651 1881 1702 xxtv,
1912 1636 2040 1705 32)?
2079 1634 2230 1691 Unde

645 1747 743 1802 per
776 1731 993 1802 Moysen
1034 1731 1267 1785 dicitur:
1300 1729 1362 1783 In
1394 1730 1606 1783 dextera
1635 1731 1746 1799 ejus
1774 1731 1924 1799 ignea
1954 1731 2036 1783 lca:
2067 1728 2228 1799 (Deu-

2331 577 2454 616 cum
2480 561 2615 624 Deo,
2645 563 2751 617 hoc
2787 570 2871 618 est
2901 564 3046 632 quod
3084 566 3138 619 in
3184 568 3387 637 nuptiis
3413 571 3593 639 sponsi
3623 581 3675 626 et
3699 590 3870 645 spousm

2327 652 2555 715 canitur,
2582 652 2633 705 id
2669 660 2754 707 est
2785 652 3065 709 Canticum
3092 657 3463 723 canticorum;
3490 662 3633 730 quod
3659 672 3790 719 tanto
3808 683 3871 723 est

2327 741 2576 795 omnibus
2598 740 2837 796 Canticis
2863 744 3147 801 sublimius
3169 784 3186 812 ,
3214 756 3418 815 quanto
3439 758 3496 804 et
3522 750 3572 805 in
3598 756 3777 823 nuptiis
3798 774 3867 812 so-

2326 826 2616 881 lemnitatis
2644 829 2966 884 sublimioris
2991 830 3234 886 offertur.
3266 833 3371 888 Per
3396 836 3485 890 illa
3516 839 3656 892 enim
3684 841 3861 900 Cantica

2328 916 2452 969 vitia
2482 917 2807 984 devitantur,
2838 934 2935 988 per
2957 920 3055 973 ista
3080 936 3211 975 vero
3240 924 3605 994 unusquisque
3627 928 3867 987 virtutibus

2327 1004 2720 1072 locupletatur;
2752 1022 2848 1076 per
2876 1008 2963 1062 illa
2994 1020 3217 1064 cavetur
3240 1012 3436 1079 hostis,
3469 1029 3568 1084 per
3594 1016 3704 1073 hac
3727 1019 3871 1077 Donn-

2330 1108 2430 1146 nus
2457 1092 2707 1148 familiari
2732 1110 2916 1150 amore
2944 1098 3341 1167 complectitur.

2398 1181 2452 1235 8.
2495 1181 2559 1236 Et
2589 1185 2882 1239 notandum
2908 1226 2923 1251 ,
2964 1188 3093 1256 quia
3138 1190 3427 1258 aliquando
3464 1208 3525 1249 se
3571 1195 3806 1255 Dominus
3827 1203 3869 1257 in

2331 1274 2610 1342 Scriptura
2641 1291 2791 1330 sacra
2821 1278 3102 1332 Dominum
3131 1292 3322 1347 vocat,
3366 1283 3654 1354 aliquando
3682 1298 3871 1357 patrem,

2331 1364 2619 1430 aliquando
2659 1380 2938 1435 sponsum.
2991 1369 3223 1434 Quando
3267 1372 3411 1426 enim
3448 1389 3509 1428 se
3547 1376 3664 1429 vult
3705 1379 3875 1450 timeri,

2329 1451 2614 1508 Dominum
2660 1470 2721 1511 se
2767 1457 3035 1524 nominat;
3075 1460 3295 1528 quando
3333 1463 3447 1516 vult
3495 1465 3765 1532 honorari,
3801 1487 3877 1539 pa-

2330 1550 2501 1608 trem;
2532 1546 2749 1614 quando
2769 1548 2884 1601 vult
2903 1549 3091 1615 amari,
3117 1564 3396 1619 sponsum.
3424 1552 3545 1623 Ipse
3568 1571 3664 1624 per
3684 1562 3880 1628 prophe-

2331 1639 2438 1686 tam
2466 1632 2631 1687 dicit:
2662 1635 2721 1689 Si
2769 1632 3021 1690 Dominus
3049 1655 3141 1708 ego
3169 1656 3303 1706 sum,
3338 1642 3424 1696 ubi
3457 1653 3534 1697 est
3564 1645 3715 1700 timor
3736 1652 3881 1702 meus?

2332 1720 2392 1774 Si
2421 1732 2568 1790 pater
2594 1740 2687 1794 ego
2710 1741 2842 1790 sum,
2872 1726 2960 1779 ubi
2984 1736 3057 1780 est
3086 1728 3251 1782 honor
3270 1746 3411 1784 meus
3448 1730 3701 1799 (Halach.
3740 1752 3773 1798 ι,
3805 1736 3882 1804 6)?

647 1833 743 1875 ter.
777 1836 961 1883 xxxttt,
995 1818 1072 1888 2).
1119 1818 1346 1873 Sinistra
1394 1818 1488 1872 Dei
1530 1818 1701 1887 iniqui
1745 1817 2105 1885 accipiuntur,
2133 1818 2223 1886 qui
2260 1827 2298 1882 Β
2330 1810 2398 1864 Ει
2422 1829 2631 1869 rursum
2655 1816 2786 1870 dicit
2814 1834 2829 1870 :
2862 1816 3183 1888 Desponsavi
3212 1830 3257 1874 te
3277 1823 3403 1875 mihi
3432 1825 3487 1877 in
3505 1824 3715 1894 justitia
3742 1838 3784 1881 et
3801 1830 3884 1898 ﬁde

644 1910 699 1963 in
729 1909 949 1963 dextera
977 1920 1130 1979 parte
1170 1923 1276 1962 ron
1313 1906 1475 1978 500
1516 1914 1824 1969 transeunt;
1868 1907 2091 1960 dextera
2136 1906 2227 1960 Dei

642 2000 799 2054 electi
838 2007 993 2063 sunt,
1024 1998 1114 2067 qui
1152 2013 1181 2051 a
1229 1998 1457 2053 sinistris
1507 2004 1841 2064 separantur.
1896 1995 1953 2048 lu
2004 1996 2225 2052 dextera

643 2102 774 2156 ergo
816 2086 910 2142 Dei
953 2090 1035 2143 lex
1084 2088 1235 2155 ignea
1288 2096 1406 2151 est,
1462 2086 1585 2155 quia
1646 2087 1697 2139 in
1753 2085 2049 2139 electorum
2104 2099 2227 2139 cur-

641 2177 838 2244 dibus,
889 2179 981 2245 qui
1048 2178 1115 2231 ad
1167 2177 1445 2231 dexteram
1500 2174 1731 2245 ponendi
1786 2181 1947 2237 sunt,
2000 2172 2229 2242 ﬂagrant

639 2268 821 2321 divina
893 2276 1158 2336 praecepta
1192 2307 1207 2329 ,
1266 2274 1323 2320 et
1388 2265 1665 2319 chargtatis
1727 2264 1923 2318 ardore
1983 2264 2228 2318 succensi

638 2365 784 2411 sunt.
833 2356 939 2412 Iste
982 2370 1110 2423 ergo
1148 2357 1318 2423 ignis,
1359 2354 1616 2423 quidquid
1666 2354 1716 2407 in
1765 2353 1923 2407 nobis
1960 2361 2046 2408 est
2077 2362 2228 2408 exte-

640 2445 752 2500 rius
789 2444 1045 2512 rubiginis
1074 2452 1131 2498 et
1161 2444 1467 2509 vetustatis,
1498 2452 1717 2507 exurat,
1757 2452 1815 2497 ut
1854 2452 2089 2499 mentem
2129 2458 2227 2497 no-

640 2543 807 2587 stram
861 2534 1007 2588 velut
1067 2532 1443 2587 holocaustum
1497 2532 1550 2585 in
1623 2531 1717 2585 Dei
1774 2530 2227 2601 contemplatione

642 2624 856 2679 offerat.

711 2711 765 2764 6.
806 2710 916 2766 Nec
935 2725 1105 2765 vacue
1133 2709 1516 2764 attendendum
1540 2718 1622 2765 est
1648 2711 1790 2779 quod
1822 2710 1957 2765 liber
1986 2710 2089 2765 iste
2114 2725 2221 2764 non

640 2802 921 2857 Canticum
941 2842 957 2869 ,
993 2801 1088 2857 sed
1132 2800 1413 2856 Canticum
1442 2802 1775 2857 canticrrum
1802 2808 2053 2866 vocatur;
2085 2801 2225 2855 sicut

638 2896 782 2949 enim
812 2894 866 2948 in
888 2893 1055 2948 veteri
1096 2891 1439 2947 Testamento
1479 2892 1581 2945 alia
1622 2901 1748 2947 sunt
1775 2900 1992 2956 sancta,
2022 2899 2078 2945 et
2117 2888 2221 2944 alia

636 2986 832 3040 Sancta
871 2968 1217 3049 sanctorum,
1270 2988 1373 3036 alia
1420 2983 1691 3047 Sabbata,
1734 2991 1790 3037 et
1838 2983 1943 3036 alia
1986 2982 2219 3036 Sabbata

635 3072 1025 3141 Sabbatorum;
1059 3075 1130 3128 ita
1160 3074 1213 3128 in
1246 3072 1524 3144 Scriptura
1567 3087 1717 3126 sacra
1740 3113 1756 3140 ,
1783 3072 1885 3124 alia
1926 3078 2052 3125 sunt
2079 3069 2220 3124 Cau-

2333 1903 2491 1971 (Osee
2511 1922 2570 1970 ιι,
2600 1906 2711 1977 20).
2742 1908 2841 1961 Vel
2867 1918 3016 1964 certe
3044 1928 3058 1964 :
3091 1909 3411 1968 Recordatus
3430 1930 3544 1968 sum
3567 1916 3667 1971 diei
3695 1918 3882 1989 despon-

2328 1995 2547 2049 sationis
2573 2006 2674 2052 tute
2691 1999 2747 2051 in
2777 1998 2979 2054 deserto
3002 2000 3215 2070 (Jerem.
3247 2018 3305 2065 ιι,
3327 2002 3406 2073 2).
3438 2003 3503 2058 Et
3529 2008 3738 2075 quidem
3766 2011 3882 2079 apud

2330 2081 2497 2137 Deum
2523 2086 2739 2154 quando
2765 2095 2819 2142 et
2843 2087 3061 2157 quando
3090 2106 3195 2144 non
3223 2100 3334 2158 est,
3366 2093 3461 2147 sed
3504 2095 3629 2163 quia
3670 2097 3805 2166 prius
3831 2099 3884 2151 ti-

2329 2170 2461 2222 meri
2489 2184 2549 2222 se
2578 2170 2691 2224 vult
2726 2179 2784 2225 ut
2821 2176 3145 2239 honoretur,
3174 2184 3229 2228 et
3266 2176 3416 2245 prius
3456 2177 3711 2233 honorari
3754 2189 3807 2234 ut
3830 2181 3883 2233 ad

2329 2273 2450 2313 eum
2483 2261 2851 2328 perveniatur,
2883 2271 2941 2319 et
2980 2263 3261 2319 Dominum
3298 2281 3358 2321 se
3399 2278 3622 2338 propter
3664 2270 3884 2326 timorem

2328 2350 2591 2415 nominat,
2623 2359 2680 2405 et
2726 2363 2933 2422 patrem
2979 2363 3200 2423 pr0pter
3242 2356 3506 2413 honorem
3528 2399 3545 2427 ,
3577 2368 3635 2414 et
3658 2375 3884 2430 sponsum

2329 2448 2551 2509 pr0pter
2570 2457 2828 2497 amorem.
2861 2441 2964 2499 Per
2992 2444 3240 2501 timorem
3261 2448 3512 2503 veniatur
3534 2449 3601 2504 ad
3626 2450 3880 2515 honorem.

2328 2543 2427 2596 per
2477 2530 2739 2584 honorem
2785 2547 2916 2587 vero
2970 2532 3088 2603 ejus
3141 2537 3485 2603 perveniatur
3534 2540 3603 2592 ad
3649 2555 3882 2597 amorem.

2327 2617 2374 2685 Q
2395 2626 2542 2672 iam
2589 2633 2718 2687 ergo
2748 2621 2958 2687 dignius
2986 2622 3161 2677 honor
3184 2639 3347 2695 quam
3388 2628 3584 2693 timor,
3617 2637 3758 2686 tanto
3784 2633 3881 2701 plus

2326 2708 2522 2776 gaudet
2566 2708 2705 2763 Deus
2747 2720 2900 2779 pater
2938 2728 3099 2780 quam
3146 2714 3405 2771 Dominus
3445 2718 3580 2783 dici;
3630 2730 3685 2774 et
3707 2730 3881 2789 quanto

2323 2797 2535 2851 charius
2580 2808 2664 2852 est
2704 2814 2855 2853 amor
2894 2817 3055 2871 quam
3101 2803 3307 2872 honor,
3351 2813 3503 2861 tanto
3549 2809 3669 2877 plus
3709 2811 3882 2877 gaudet

2324 2884 2466 2940 Deus
2511 2902 2740 2956 sponsus
2779 2889 2885 2944 dici
2932 2906 3091 2960 quam
3146 2902 3319 2963 pater.
3361 2894 3417 2948 In
3458 2896 3563 2953 hoc
3605 2913 3730 2966 ergo
3758 2900 3878 2955 libro

2318 2973 2476 3046 m1
2509 2975 2765 3033 Dominus
2792 2987 2848 3033 et
2872 2978 3110 3036 Ecclesia
3130 3020 3146 3048 ,
3176 2998 3283 3037 non
3317 2983 3576 3041 Dominus
3604 2994 3658 3042 et
3681 2990 3879 3056 ancilla,

2319 3066 2417 3119 sed
2442 3081 2668 3134 sponsus
2695 3070 3005 3124 nominatur
3024 3079 3080 3125 et
3099 3086 3324 3141 sponsa;
3354 3084 3414 3129 ut
3439 3092 3547 3131 non
3577 3077 3674 3132 soli
3701 3079 3878 3142 timori,

637 3167 763 3232 lica,
789 3175 844 3220 et
864 3167 966 3221 alia
996 3166 1211 3221 Cantica
1243 3167 1601 3219 canticorum.
1626 3162 1822 3217 Sancta
1851 3171 2005 3216 erant
2024 3178 2144 3233 quae
2166 3163 2218 3216 in
2248 3180 2293 3242 ρ
2324 3171 2430 3210 non
2454 3157 2553 3211 SOli
2583 3160 2920 3223 reverellli'r.
2948 3162 3040 3216 sed
3080 3163 3242 3217 etiam
3274 3167 3444 3221 amori
3469 3168 3811 3232 deserviatur,
3835 3180 3880 3224 et

638 3251 1031 3315 Tabernaculo.
1063 3262 1120 3308 et
1164 3268 1286 3321 qua:
1331 3254 1568 3306 exterius
1612 3252 1936 3319 agebantur;
1986 3251 2219 3306 Sabbata

636 3355 792 3400 erant
821 3360 938 3413 qua:
978 3351 1033 3398 et
1073 3342 1298 3411 singulis
1325 3341 1748 3397 hebdomadibus
1774 3342 2215 3408 celebrabantur;

636 3434 732 3489 sed
759 3434 953 3487 Sancta
976 3442 1284 3486 sanctorum
1314 3431 1589 3485 secretiori
1617 3432 1846 3501 quadam
1871 3434 2217 3487 veneratione

632 3520 1103 3591 suscipiebantur,
1132 3528 1187 3575 et
1236 3519 1468 3573 Sabbata
1509 3520 1866 3574 Sabbatorum
1916 3522 2125 3575 nonnisi
2162 3523 2214 3575 in

632 3617 747 3672 suis
794 3614 1171 3670 lestivitatibus
1227 3614 1563 3668 colebantur.
1623 3613 1700 3666 lta
1765 3613 1987 3667 Cantica
2044 3613 2216 3667 canti-

631 3719 817 3759 corum
857 3712 1123 3760 secretum
1152 3713 1208 3758 et
1250 3702 1491 3757 solemne
1535 3702 1801 3771 quoddam
1853 3702 2074 3757 interius
2101 3712 2210 3767 est,

629 3793 773 3863 quod
834 3802 1101 3848 secretum
1155 3792 1209 3846 in
1265 3792 1489 3847 occultis
1553 3792 1917 3861 intelligentiis
1964 3803 2216 3862 penetra-

631 3893 736 3939 tur.
785 3882 918 3937 Nam
946 3883 993 3937 si
1018 3883 1375 3939 exterioribus
1395 3881 1571 3937 verbis
1599 3883 1910 3946 attenditur,
1947 3892 2211 3937 secretum

626 3987 738 4027 non
770 3985 872 4027 εει.

702 4062 754 4116 7.
794 4062 1077 4117 Sciendum
1117 4071 1202 4117 est
1227 4063 1427 4129 etiam,
1459 4063 1585 4132 quia
1626 4063 1683 4117 in
1728 4062 2005 4133 Scriptura
2054 4079 2209 4120 sacra

620 4139 729 4203 alia
760 4159 884 4203 sunt
910 4150 1132 4204 Cantica
1159 4151 1419 4213 victoria},
1445 4153 1549 4205 alia
1570 4151 1790 4206 Cantica
1814 4154 2209 4211 exhortationis

627 4246 685 4293 et
730 4241 1179 4307 contestationis,
1230 4241 1335 4295 alia
1382 4241 1604 4296 Cantica
1651 4238 2062 4311 exsultationis,
2107 4246 2209 4300 alia

625 4328 848 4384 Cantica
894 4330 1179 4398 adjutorii,
1231 4332 1335 4385 alia
1382 4332 1607 4387 Cantica
1654 4333 2047 4400 conjunctiouis
2086 4352 2207 4390 cum

625 4414 760 4471 Deo.
800 4417 1080 4472 Canticum
1107 4419 1342 4474 victoria:
1386 4429 1505 4486 est,
1547 4420 1691 4489 quod
1729 4421 1894 4476 Maria
1940 4431 2209 4479 transacto

2322 3243 2376 3299 in
2408 3246 2492 3301 his
2518 3248 2695 3303 verbis
2732 3250 3093 3305 exterioribus
3122 3252 3373 3309 incitetur
3398 3256 3623 3315 allectus
3659 3260 3875 3315 interior.

2319 3337 2454 3392 Cum
2481 3354 2540 3394 se
2571 3339 2854 3395 Dominum
2895 3342 3137 3397 nominat
3159 3382 3176 3408 ,
3206 3344 3409 3401 indicat
3446 3349 3591 3417 quod
3620 3352 3781 3405 creati
3802 3366 3875 3405 su-

2320 3444 2466 3495 mus;
2496 3445 2617 3483 cum
2647 3445 2705 3483 se
2726 3440 2930 3500 patrem
2953 3432 3214 3497 nominat,
3240 3434 3438 3491 indicat
3461 3439 3606 3505 quod
3629 3439 3877 3509 adoptati;

2318 3533 2439 3571 cum
2488 3532 2745 3587 sponsum
2787 3534 2849 3573 se
2896 3520 3177 3584 nominat,
3210 3523 3407 3578 indicat
3432 3527 3578 3594 quod
3608 3528 3876 3597 conjuncti.

2320 3605 2446 3660 Plus
2472 3615 2555 3661 εει
2583 3617 2761 3663 autem
2800 3609 3118 3678 conjunctos
3146 3626 3265 3666 esse
3306 3613 3442 3679 Deo,
3485 3630 3648 3684 quam
3687 3628 3879 3673 creatos

2318 3706 2369 3749 et
2398 3696 2702 3764 adoptatus.
2741 3698 2798 3753 lu
2844 3699 2949 3753 hoc
2987 3712 3116 3765 ergo
3155 3700 3293 3757 libro
3319 3704 3407 3758 ubi
3435 3720 3664 3776 sponsus
3686 3709 3877 3773 dicitur.

2317 3782 2518 3851 aliquid
2547 3783 2829 3839 sublimius
2869 3786 3203 3856 insinuatur,
3228 3789 3353 3844 dum
3393 3792 3447 3846 in
3480 3809 3548 3849 eo
3579 3795 3750 3851 lindus
3766 3813 3881 3865 cou-

2311 3871 2607 3941 juuctionis
2645 3878 2963 3933 osteulitur.
3014 3882 3144 3947 Qua:
3195 3883 3411 3937 nomina
3459 3885 3512 3938 in
3556 3885 3882 3943 Testamento

2316 3978 2459 4017 novo
2499 3966 2645 4034 (quia
2683 3967 2795 4034 jam
2845 3979 3056 4036 peracta
3105 3971 3414 4039 conjunctio
3453 3974 3616 4031 Verbi
3646 3990 3698 4032 et
3723 3980 3883 4034 carnis

2314 4054 2514 4109 Christi
2535 4065 2593 4112 et
2618 4056 2867 4114 Ecclesia-
2891 4062 3161 4117 celebrata
3186 4065 3289 4133 est)
3319 4064 3588 4136 frequenti
3618 4068 3884 4126 iteratione

2316 4156 2704 4201 memorantur.
2734 4146 2885 4203 Unde
2906 4148 3143 4206 Joannes
3172 4152 3318 4211 dicit.
3354 4150 3584 4211 Domino
3605 4160 3845 4214 veniente
3870 4180 3880 4213 :

2318 4236 2417 4300 Qui
2446 4236 2596 4290 habet
2624 4255 2897 4308 sponsam,
2923 4258 3141 4311 sponsus
3169 4252 3247 4296 est
3282 4242 3463 4312 (Joan.
3494 4261 3574 4311 ιιι,
3603 4246 3716 4317 29).
3752 4247 3886 4303 Unde

2316 4327 2455 4381 idem
2500 4327 2757 4385 Dominus
2802 4334 2934 4387 dicit
2965 4352 2979 4389 :
3013 4333 3138 4388 Non
3178 4336 3209 4405 j
3231 4336 3493 4406 junabunt
3543 4340 3645 4408 ﬁlii
3689 4342 3882 4411 sponsi.

2315 4420 2544 4486 quandiu
2590 4437 2706 4474 cum
2740 4420 2778 4475 il
2800 4422 2843 4476 is
2876 4431 2952 4475 est
2992 4440 3211 4491 sponsus
3244 4423 3457 4494 (Matth.
3488 4442 3572 4489 ix,
3605 4428 3716 4497 15).
3752 4428 3886 4484 Uade

624 4507 758 4560 mari
791 4505 966 4562 Rubro
1000 4510 1217 4573 cecinit,
1243 4510 1423 4565 dicens
1455 4528 1468 4563 :
1498 4511 1773 4564 Cantemus
1814 4511 2070 4579 Domino;
2103 4514 2209 4585 glo-

2319 4507 2569 4563 Eccle-im
2604 4512 2806 4566 dicitur
2838 4531 2850 4564 :
2884 4511 3205 4581 Desponsavi
3251 4530 3337 4567 eos
3364 4517 3455 4568 uni
3496 4517 3607 4571 viro
3654 4520 3883 4588 virginem

620 4599 758 4650 riose
795 4598 932 4650 enim
994 4598 1361 4666 honoriﬁcalus
1408 4611 1533 4654 est:
1562 4617 1745 4671 equum
1783 4610 1832 4655 et
1883 4619 2204 4658 ascensorem

618 4689 836 4758 projecit
855 4689 908 4741 in
932 4704 1072 4742 mare
1099 4688 1294 4759 (Exod.
1326 4707 1415 4755 xv,
1444 4691 1520 4759 1).
1553 4691 1833 4746 Canticum
1864 4694 2196 4749 exhortatio-

618 4780 702 4833 nis
730 4787 787 4833 et
814 4780 1223 4835 contestatiouis
1268 4791 1391 4847 est,
1422 4784 1567 4850 quod
1600 4781 1810 4852 Moyses
1853 4782 2108 4838 Lraelitis
2133 4782 2201 4836 ad

617 4873 815 4920 terram
845 4868 1214 4935 promis-iouis
1261 4870 1743 4940 propinquantibus
1771 4872 1908 4925 dixit
1938 4889 1952 4924 :
1984 4872 2201 4925 Attende

615 4955 799 5009 caelum
843 4972 958 5026 qua:
998 4957 1214 5028 loquar,
1245 4958 1425 5011 audiat
1468 4968 1608 5011 terra
1647 4960 1800 5013 verba
1845 4975 1910 5013 ea:
1953 4976 2043 5014 ore
2087 4977 2200 5015 meo

614 5046 852 5117 (Denter.
889 5063 1033 5102 xxxu
1052 5087 1068 5111 ,
1100 5048 1175 5114 l).
1206 5048 1484 5103 Canticum
1514 5050 1891 5104 exsultationis
1918 5060 2020 5116 est,
2051 5052 2200 5119 thod

611 5138 765 5194 Anna
790 5179 806 5204 ,
837 5150 1117 5207 perspecta
1144 5138 1471 5193 fecunditate
1498 5138 1754 5194 Ecclesia:
1792 5141 1845 5194 in
1887 5141 2194 5209 semetipsa,

610 5230 811 5285 cecinit
835 5229 1047 5284 dicens:
1064 5229 1354 5284 Exsultarit
1374 5247 1463 5284 cor
1481 5248 1646 5284 meum
1670 5232 1725 5284 in
1750 5231 1967 5286 Domino
1991 5230 2041 5302 (l
2066 5231 2195 5303 Reg.

608 5334 665 5382 ιι,
708 5318 783 5388 Ι).
817 5318 918 5375 Ubi
963 5336 1058 5391 per
1103 5322 1444 5391 semetipsum
1491 5322 1767 5389 ﬁguratam
1811 5322 2190 5378 fecunditatem

607 5412 772 5480 prolis
795 5412 1170 5467 ecclesiasnica:
1198 5414 1493 5482 expressit,
1524 5429 1646 5467 cum
1671 5412 1803 5467 dicit
1833 5431 1844 5466 :
1872 5413 2077 5468 Sterilis
2101 5432 2190 5483 pe-

603 5500 738 5569 perit
765 5502 1015 5569 plurimos
1035 5544 1049 5568 ,
1080 5510 1129 5555 et
1155 5518 1269 5566 qua:
1289 5504 1474 5556 multos
1513 5501 1731 5556 [rubebat
1760 5504 1897 5572 ﬁlios
1920 5504 2186 5572 infirmata

603 5599 681 5644 est
726 5589 916 5660 (lbid.,
948 5591 1026 5661 5).
1072 5591 1354 5647 Canticum
1385 5592 1636 5661 adjutorii
1678 5593 1845 5647 David
1874 5593 2018 5663 quod
2064 5603 2185 5662 post

605 5680 846 5749 prmlium
876 5680 1089 5747 cecinit,
1121 5682 1301 5739 dicens
1334 5699 1346 5735 :
1377 5681 1607 5754 Diligam
1634 5692 1714 5751 te,
1744 5682 1997 5751 Domine,
2023 5685 2185 5739 virtus

2309 4596 2506 4653 castam
2529 4601 2765 4655 exhibere
2798 4602 3001 4657 Christo
3028 4602 3114 4672 (II
3145 4602 3264 4659 Cor.
3297 4620 3369 4669 ιιι,
3394 4605 3473 4675 2).
3520 4606 3753 4665 Rursum
3788 4628 3800 4661 :
3828 4610 3885 4663 ιε

2307 4690 2568 4745 exhiberet
2586 4692 2685 4746 sibi
2712 4694 2993 4764 gloriosam
3026 4694 3334 4759 Ecclesium,
3367 4713 3469 4749 non
3493 4697 3766 4751 habentem
3787 4716 3882 4751 ma.

2307 4780 2474 4834 calam
2507 4794 2595 4834 aut
2623 4799 2805 4852 rugam
2836 4782 3053 4853 (Ep/tes.
3079 4800 3140 4843 v,
3166 4782 3279 4853 27).
3327 4784 3393 4837 Et
3433 4802 3647 4839 rursum
3677 4789 3727 4840 in
3756 4789 3884 4855 Apo-

2306 4870 2510 4940 calypsi
2532 4870 2756 4926 Joannis
2784 4890 2795 4924 :
2829 4871 2975 4925 Beati
2998 4875 3082 4943 qui
3109 4873 3179 4925 ad
3204 4889 3402 4926 (tenam
3432 4877 3735 4943 nuptiarum
3763 4878 3881 4946 Agm’

2304 4959 2469 5011 uocati
2493 4967 2612 5012 sunt
2636 4958 2817 5029 (Apoc.
2851 4975 2958 5023 xtx,
2989 4958 3065 5029 9).
3094 4958 3162 5011 Et
3191 4975 3402 5013 rursum
3436 4960 3636 5016 ibidem
3665 4980 3678 5015 :
3707 4962 3771 5015 Et
3791 4963 3882 5014 vidi

2302 5064 2545 5117 sponsam
2572 5051 2719 5119 quasi
2758 5066 2942 5103 nouam
2982 5058 3195 5119 nuptam
3236 5050 3641 5105 descendentem.
3674 5054 3740 5106 de
3767 5052 3879 5105 ratio

2301 5138 2483 5207 (Apoc.
2516 5155 2629 5202 xxI,
2660 5138 2738 5209 2).

2369 5230 2422 5283 9.
2448 5226 2557 5283 Nec
2582 5228 2684 5283 hoc
2706 5244 2737 5281 a
2761 5241 2957 5297 magno
2978 5228 3235 5300 mysterio
3261 5228 3539 5297 abhorret,
3567 5230 3717 5300 quod
3750 5230 3877 5283 liber

2298 5316 2400 5371 iste
2437 5316 2743 5372 Salomonis
2771 5318 2960 5372 tertius
2990 5321 3042 5371 in
3070 5318 3346 5386 opusculis
3368 5320 3485 5387 ejus
3517 5336 3564 5388 pl
3588 5321 3758 5374 nitur.
3786 5318 3878 5372 Ve-

2296 5418 2439 5464 teres
2465 5410 2608 5463 enim
2641 5418 2747 5464 tres
2771 5410 2892 5463 vim
2913 5408 3128 5463 ordines
3154 5424 3273 5466 esse
3299 5410 3574 5475 dixerunt,
3598 5411 3871 5471 moralem,

2294 5498 2622 5563 naturalem,
2668 5507 2725 5552 et
2766 5498 3279 5566 contemplativam;
3321 5514 3454 5567 quas
3486 5497 3663 5554 Gzasci
3712 5504 3872 5558 vitas,

2290 5591 2540 5656 ethicam,
2572 5590 2869 5661 physicam,
2898 5589 3196 5643 theoricam
3219 5591 3658 5647 nominaverunt.
3678 5592 3737 5646 lu
3760 5591 3873 5644 Pro-

2288 5683 2489 5739 verbiis
2516 5693 2734 5752 quoque
2764 5680 2983 5736 moralis
3010 5679 3119 5734 vita
3153 5678 3491 5751 exprimitur,
3526 5682 3617 5736 ubi
3642 5679 3833 5738 dicitu‘r
3857 5700 3866 5729 :
