3948 6278
94 347 193 401 ι77

718 341 937 397 SUPER
974 339 1267 398 CANTICA
1306 341 1745 400 CANTICORUM
1789 345 2169 406 EXPOSI'I‘IO.
2211 381 2279 391 —
2330 350 2479 406 CAP.
2521 349 2559 403 Ι.

3237 367 3342 421 ιι78

90 454 230 512 Audi,
255 451 334 519 [ili
363 451 454 513 mi,
490 450 800 518 sapientiam
821 466 1007 513 meam,
1040 460 1090 503 et
1111 452 1398 521 prudentia:
1425 454 1654 506 memin-
1687 460 1732 513 Α
1763 455 1982 509 amoris.
2014 456 2195 528 Itaque
2217 472 2398 516 sancta
2422 462 2659 521 Ecclesia
2686 466 2776 523 diu
2802 470 3115 537 przestolans
3140 475 3343 531 adven-

88 545 216 596 clins
237 555 414 592 aurem
444 548 588 591 tuane
611 537 805 607 (Prov.
830 554 864 603 ι,
891 536 970 606 8).
990 539 1045 592 In
1066 539 1390 595 Ecclesiaste
1415 558 1544 595 vero
1567 558 1661 595 na-

92 629 306 685 turalis:
349 627 422 680 ibi
454 627 657 695 quippe
696 626 837 694 quod
878 628 1059 681 omnia
1103 628 1172 681 ad
1206 629 1363 683 tinem
1403 629 1659 696 tendunt,

90 717 467 779 consideratur,
492 732 615 771 cum
646 716 869 770 dicitur:
902 716 1121 771 Vanitas
1153 721 1457 780 vnnitatum,
1484 729 1534 773 et
1559 738 1663 773 om-

90 814 170 863 nia
208 808 407 863 sanitas
450 804 687 876 (Eccles.
742 822 790 871 ι,
833 808 909 875 2).
957 807 1014 862 ln
1053 807 1286 864 Canticis
1329 811 1660 865 canticorum

87 899 493 968 contemplativa
522 899 632 952 vita
661 898 1001 967 exprimitur,
1034 899 1160 954 dum
1186 901 1237 954 in
1262 902 1339 955 eis
1370 902 1537 970 ipsius
1565 901 1663 955 Do-

89 990 207 1044 mini
254 988 520 1043 adventus
547 998 603 1041 et
640 996 888 1056 aspectus
925 988 1291 1055 desideratur;
1322 1006 1441 1044 cum
1480 990 1661 1059 sponsi

88 1095 209 1135 voce
232 1080 421 1133 dicitur
455 1096 469 1131 :
510 1078 641 1131 Veni
670 1080 734 1131 de
765 1076 985 1143 Libano,
1015 1080 1128 1131 veni
1159 1078 1330 1149 (Cant.
1356 1096 1425 1141 tv,
1458 1079 1514 1148 8)
1567 1079 1662 1133 Vel

86 1171 236 1225 etiam
266 1169 484 1223 ordines
514 1169 675 1222 trium
707 1169 1134 1236 patriarcharum
1166 1177 1220 1222 et
1250 1171 1387 1223 vitas
1406 1169 1663 1237 signiﬁca-

85 1261 173 1325 vit,
201 1260 469 1314 Abraham
498 1259 767 1324 videlicet,
800 1259 978 1323 Isaac,
1010 1270 1065 1312 et
1090 1259 1277 1313 Jacob.
1306 1259 1659 1314 Moralitatem

86 1353 270 1422 quippe
299 1351 569 1405 Abraham
610 1365 710 1420 per
736 1350 1098 1405 obedientiam
1129 1350 1331 1415 tenuit;
1357 1350 1505 1406 Isaac
1532 1367 1661 1405 vero

86 1442 372 1495 naturalem
400 1440 567 1493 vitam
601 1447 794 1509 puteos
839 1439 1088 1493 fodiendo
1132 1439 1394 1509 ﬁguravit.
1446 1439 1504 1493 ln
1553 1440 1661 1495 imo

84 1533 213 1585 enim
238 1541 428 1600 puteos
450 1528 657 1593 fodere,
690 1537 774 1583 est
800 1544 898 1598 per
926 1529 1413 1584 considerationem
1444 1538 1661 1583 natura-

86 1621 179 1674 lem
198 1620 374 1674 omnia
399 1634 520 1689 qua:
543 1618 677 1672 infra
699 1626 842 1684 sunt,
858 1618 1246 1687 perscrutanda
1268 1619 1469 1673 rimari.
1494 1618 1661 1674 Jacob

84 1724 199 1764 vero
220 1707 697 1777 couternplativam
721 1707 882 1761 vitam
908 1709 1097 1773 tenuit,
1120 1708 1211 1776 qui
1232 1707 1587 1762 ascendentes
1606 1716 1662 1762 et

85 1798 458 1855 descendentes
474 1798 695 1865 angelos
709 1797 861 1851 vidit.
877 1796 983 1851 Sed
1002 1799 1125 1865 quia
1139 1797 1398 1852 naturalis
1416 1798 1660 1852 conside-
1693 1809 1737 1867 Β

84 1891 207 1945 ratio
219 1891 281 1943 ad
295 1888 686 1959 perfectionem
700 1903 805 1942 non
819 1887 1151 1956 perducitur,
1164 1889 1265 1942 nisi
1283 1887 1428 1957 prius
1442 1888 1660 1942 morali-

85 1992 155 2034 tas
174 1988 448 2043 teneatur;
475 1987 622 2034 recte
646 1985 769 2049 post
790 1976 1102 2041 Proverbia,
1125 1975 1479 2031 Ecclesiastes
1505 1978 1660 2047 poni-

86 2080 176 2123 tur.
193 2069 394 2137 thuia
410 2083 645 2136 superna
660 2067 1047 2137 contemplatio
1063 2082 1169 2121 non
1190 2068 1545 2137 conspicitur,
1558 2068 1659 2124 nisi

84 2160 212 2228 prius
249 2159 367 2212 haec
398 2156 538 2212 infra
560 2157 792 2211 labentia
821 2156 1204 2227 despiciantur,
1234 2166 1380 2213 recte
1408 2167 1531 2229 post
1560 2158 1662 2214 Ec-

84 2247 349 2300 clesiasten
372 2245 601 2300 Cantica
622 2246 951 2300 canticorum
975 2254 1265 2315 ponuntur.
1290 2247 1441 2301 Prius
1460 2248 1659 2318 quippe

82 2344 147 2389 est
163 2350 342 2389 mores
366 2348 696 2404 componere
716 2334 1088 2404 ;postmodum
1104 2334 1281 2389 omnia
1303 2350 1421 2404 quae
1440 2336 1655 2403 adsunt,

82 2434 318 2491 tanluam
364 2439 474 2479 non
519 2423 697 2477 adsint
744 2422 1125 2488 considerare;
1173 2425 1333 2479 tertio
1363 2440 1492 2480 vero
1539 2428 1658 2482 loco

83 2514 255 2567 munda
280 2514 463 2568 cordis
485 2515 603 2568 acie
624 2528 859 2582 superna
887 2521 943 2567 et
970 2513 1181 2568 interna
1206 2516 1540 2584 conspicere.
1565 2516 1659 2572 llis

83 2606 240 2673 itaque
271 2604 537 2657 librorum
564 2602 818 2669 gradibus
841 2602 994 2670 quasi
1017 2603 1303 2671 quamdam
1327 2605 1392 2658 ad
1414 2614 1659 2660 coiztem-

83 2696 356 2765 plationem
404 2694 609 2749 scalam
654 2693 795 2758 fecit,
829 2702 888 2748 ut
928 2693 1053 2747 dum
1096 2695 1327 2763 primum
1358 2696 1412 2749 in
1461 2697 1658 2752 steculo

83 2790 199 2842 bene
238 2794 527 2855 geruntur,
556 2784 897 2855 postmodum
927 2793 981 2839 et
1013 2786 1236 2839 honesta
1266 2787 1445 2841 surculi
1473 2787 1655 2855 despi-

81 2877 269 2930 ciantur
294 2893 311 2929 :
345 2875 412 2929 ad
439 2884 742 2931 extremum
780 2874 944 2930 etiam
975 2874 1070 2928 Dei
1101 2874 1287 2929 intima
1316 2877 1655 2945 consp’cian-

82 2974 167 3017 tur.
192 2963 280 3019 Sic
306 2972 489 3017 autem
512 2964 832 3033 generaliter
857 2980 923 3018 ex
955 2978 1086 3019 voce
1117 2965 1368 3020 Ecclesia:
1397 2967 1656 3022 adventus

83 3052 270 3107 Domini
295 3054 347 3107 in
374 3054 479 3108 hoc
502 3068 667 3123 opere
690 3054 1048 3123 pratstolatur,
1074 3063 1133 3108 ut
1153 3055 1317 3109 etiam
1345 3056 1657 3124 specialiter

81 3158 394 3211 unaquaeque
424 3144 601 3196 anima
632 3143 928 3211 ingressum
963 3145 1051 3197 Dei
1088 3144 1155 3198 ad
1186 3160 1283 3199 cor
1308 3160 1483 3211 suum,
1530 3154 1650 3200 tan—
1680 3168 1724 3227 ο

80 3251 217 3304 quam
244 3236 451 3289 aditum
483 3236 664 3305 sponsi
695 3236 746 3289 in
776 3236 1068 3290 thalamum
1096 3237 1411 3306 conspiciat.

142 3327 219 3380 i0.
244 3325 315 3379 Et
336 3326 614 3381 sciendum
640 3334 740 3392 est,
764 3327 886 3395 quia
910 3328 962 3381 in
987 3328 1089 3382 hoc
1116 3328 1251 3383 libro
1275 3339 1509 3397 quatuor
1527 3344 1652 3399 per-

78 3433 204 3473 some
218 3419 506 3489 loquentes
529 3418 968 3484 introducuntur;
990 3434 1217 3488 sponsus
1234 3419 1478 3475 videlicet
1494 3420 1656 3492 402

81 3517 124 3561 et
148 3525 340 3576 sponsa
370 3526 383 3573 ;
410 3509 773 3564 adolesct'ntul
792 3530 819 3563 e
845 3526 975 3566 vero
998 3527 1120 3566 cum
1143 3527 1363 3581 sponsa,
1386 3520 1441 3567 et
1464 3527 1656 3582 greges

80 3601 327 3654 sodalium
377 3617 501 3655 cum
551 3616 770 3670 sponso.
819 3601 1028 3671 Sponsa
1076 3602 1219 3658 enim
1266 3602 1380 3673 ipsa
1421 3603 1655 3673 perfecta

81 3692 127 3744 i3.
146 3693 307 3747 etesia
339 3701 451 3759 est;
480 3708 729 3763 sponsus,
766 3694 1019 3749 Dominus
1044 3711 1059 3761 ;
1088 3694 1497 3749 adulescentula:
1523 3709 1655 3750 vero

82 3803 185 3840 cum
226 3802 453 3856 sponsa,
482 3795 604 3842 sunt
634 3788 953 3842 inchoantes
992 3786 1201 3851 animm,
1250 3795 1306 3841 et
1334 3802 1431 3856 per
1457 3802 1653 3841 novum

80 3876 289 3930 studium
318 3879 705 3945 pubescentes;
741 3877 951 3931 sodales
976 3893 1106 3931 vero
1135 3877 1338 3947 sponsi,
1390 3885 1514 3932 sunt
1539 3878 1655 3932 sive

80 3979 106 4015 a
141 3967 265 4031 geli,
300 3966 395 4036 qui
428 3981 571 4036 smpe
601 3967 902 4021 hominibus
930 3968 996 4019 ab
1020 3968 1136 4035 ipso
1169 3968 1445 4021 venientes
1486 3982 1654 4037 appa-

81 4064 315 4121 ruerunt,
363 4071 460 4110 seu
490 4063 638 4111 certe
668 4054 890 4126 perfecti
935 4059 1134 4126 quique
1161 4058 1257 4111 viri
1299 4058 1351 4111 in
1394 4056 1652 4123 Ecclesia,

81 4145 157 4210 qui
200 4148 482 4201 veritatem
522 4148 826 4202 hominibus
867 4149 1116 4202 nuntiare
1147 4154 1432 4202 noverunt.
1464 4147 1569 4201 Sed
1600 4147 1654 4202 hi

82 4238 158 4304 qui
193 4239 501 4308 singillatim
553 4238 969 4293 adulescentula:
999 4240 1081 4294 vel
1124 4240 1334 4296 sodales
1377 4251 1524 4309 sunt,
1555 4245 1654 4298 toti

82 4326 217 4381 simul
253 4343 455 4398 spon=a
496 4336 640 4394 sunt,
695 4330 818 4397 quia
873 4330 971 4383 toti
1029 4330 1185 4385 simul
1226 4331 1465 4387 Ecclesia
1504 4342 1650 4391 sunt.

84 4415 317 4479 Quamvis
357 4426 414 4471 et
436 4417 589 4485 juxta
649 4433 1083 4487 unumquemque
1126 4428 1235 4475 tota
1268 4422 1381 4476 haec
1424 4424 1521 4477 tria
1551 4439 1652 4478 no-

1762 552 1873 598 tum
1904 546 2134 613 Domini,
2166 550 2255 604 diu
2284 554 2471 609 sitiens
2501 556 2700 612 fontem
2753 561 2895 624 vitaz,
2927 564 3199 629 quomodo
3245 582 3345 636 op-

1761 641 1837 686 tet
1863 636 2045 691 videre
2072 644 2409 707 praesentiam
2434 648 2615 713 sponsi
2641 649 2743 716 sui,
2767 651 3038 718 quomodo
3058 652 3344 723 desideret,

1761 724 1961 781 edicat.

2275 822 2501 879 CAPUT
2531 825 2819 882 PRIMUM.

1834 955 1988 1027 (Cap.
2020 972 2056 1022 ι,
2087 972 2230 1013 vers.
2264 956 2338 1028 1.)
2372 958 2642 1013 Osculetur
2670 976 2750 1014 me
2777 964 2949 1016 osculo
2979 966 3084 1019 oris
3112 967 3213 1020 sui.

1835 1045 1885 1099 1.
1918 1046 2150 1114 Angelos
2178 1048 2244 1101 ad
2274 1064 2393 1103 eam
2426 1050 2699 1116 Dominus,
2734 1054 3065 1121 patriarchas
3093 1058 3157 1109 ad
3200 1058 3346 1112 illam

1762 1142 1817 1188 et
1846 1137 2135 1204 prophetas
2181 1139 2426 1207 miserat,
2475 1141 2769 1209 spiritualia
2816 1142 2956 1197 dona
3006 1143 3343 1214 deferentes;

1762 1227 1857 1281 sed
1898 1227 2011 1297 ipsa
2039 1245 2256 1284 munera
2296 1246 2403 1284 non
2434 1246 2531 1299 per
2569 1248 2751 1287 servos
2776 1234 2979 1302 sponsi,
3025 1235 3118 1289 sed
3149 1252 3245 1305 per
3268 1237 3350 1307 ip-

1763 1332 1882 1370 sum
1931 1333 2189 1387 sponsum
2242 1322 2517 1391 percipere
2552 1323 2844 1390 quaerebat.
2906 1323 3175 1381 Ponamus
3225 1337 3349 1382 ante

1763 1406 1949 1460 oculos
1997 1423 2157 1462 onme
2206 1422 2374 1476 genus
2424 1411 2714 1465 humanum
2763 1414 2833 1466 ab
2887 1415 3111 1470 exordio
3165 1418 3348 1473 mundi

1766 1512 1932 1566 usque
1958 1498 2023 1551 ad
2073 1499 2232 1553 linem
2260 1502 2461 1566 mundi,
2513 1511 2678 1557 totam
2726 1504 2975 1559 videlicet
3022 1506 3347 1575 Ecclesium,

1763 1602 1923 1640 unam
1952 1603 2071 1642 esse
2112 1604 2364 1657 sponsam
2408 1606 2526 1659 qua:
2564 1593 2751 1647 arrhas
2774 1595 3034 1661 spirituali
3064 1596 3205 1651 dono
3253 1615 3351 1668 per

1763 1673 1961 1743 Legem
1994 1687 2338 1746 perceperat;
2366 1680 2460 1733 sed
2489 1690 2667 1735 tamen
2696 1684 2876 1751 sponsi
2901 1685 2982 1738 sui
3013 1691 3350 1754 prazsentiam

1763 1764 2039 1829 quaerebat
2064 1805 2078 1827 ,
2123 1780 2242 1833 qua:
2285 1766 2452 1822 dicit:
2486 1765 2766 1839 Osculetur‘
2794 1788 2876 1824 me
2912 1774 3084 1827 osculo
3115 1778 3219 1829 oris
3246 1780 3349 1833 sui.

1763 1849 2051 1920 Suspirans
2090 1854 2231 1908 enim
2263 1864 2451 1910 sancta
2481 1856 2719 1912 Ecclesia
2758 1874 2856 1929 pro
2886 1861 3113 1918 adventu
3144 1864 3349 1921 Media-

1764 1941 1897 1996 toris
1927 1940 2020 1995 Dei
2052 1952 2107 1996 et
2127 1943 2423 2011 hominum,
2454 1962 2552 2016 pro
2579 1949 2811 2011 adventu
2839 1949 3212 2023 Redemptoris
3239 1958 3346 2022 sui.

1763 2032 1832 2086 ad
1873 2043 2078 2104 patrem
2107 2037 2403 2092 orationem
2434 2040 2579 2106 facit,
2611 2050 2669 2096 ut
2716 2041 2879 2097 lilium
2911 2045 3126 2116 dirigat,
3171 2058 3226 2103 et
3252 2067 3347 2108 sua

1762 2125 1909 2179 illam
1938 2129 2219 2195 pratsentia
2246 2129 2475 2185 illustret
2503 2149 2516 2184 :
2549 2141 2606 2186 ut
2631 2134 2805 2189 eidem
2836 2133 3083 2191 Ecclesia:
3112 2154 3219 2193 non
3235 2139 3349 2208 jam

1762 2231 1860 2285 per
1887 2218 2303 2286 prophetarum,
2344 2223 2437 2275 sed
2467 2237 2566 2277 suo
2618 2239 2713 2277 ore
2739 2225 3121 2283 allocutionem
3166 2232 3348 2288 faciat.

1764 2305 1915 2362 Unde
1944 2317 1998 2362 et
2022 2310 2088 2363 de
2114 2313 2305 2366 eodem
2333 2328 2532 2383 sponso
2561 2315 2613 2368 in
2641 2313 2930 2385 Evangelio
2960 2322 3216 2390 scriptum
3243 2336 3348 2390 est,

1762 2411 1882 2451 cum
1926 2397 2138 2452 sederet
2168 2400 2218 2452 in
2269 2410 2479 2467 monte,
2509 2412 2564 2457 et
2610 2406 2914 2461 sublimium
2962 2420 3351 2479 praceptorum

1763 2489 1924 2541 verba
1946 2486 2178 2543 faceret:
2202 2490 2452 2561 Aperiens
2472 2504 2641 2548 autem
2662 2512 2717 2549 os
2738 2512 2885 2551 suum
2907 2499 3037 2552 dixit
3054 2500 3269 2571 (Matth.
3294 2519 3346 2569 v,

1762 2574 1863 2642 2):
1906 2592 1970 2632 ac
1996 2577 2040 2631 si
2083 2592 2269 2646 aper;e
2315 2580 2525 2635 dicatur
2554 2600 2572 2637 :
2616 2584 2767 2640 Tunc
2796 2602 2857 2640 os
2899 2605 3055 2642 suum
3102 2592 3343 2659 aperuit,

1759 2666 1849 2735 qui
1880 2668 2025 2736 prius
2053 2669 2121 2721 ad
2149 2671 2578 2727 exhortationem
2626 2673 2875 2732 Ecclesiae
2922 2690 3208 2748 aperuerat
3250 2698 3347 2737 ora

1760 2756 2166 2823 prophetarum.
2197 2757 2302 2812 Sed
2327 2775 2453 2815 ecce
2479 2777 2599 2815 cum
2628 2766 2885 2834 suspirat,
2914 2783 3032 2820 cum
3064 2769 3215 2837 quasi
3251 2771 3350 2825 ab-

1758 2836 1965 2897 sentem
2006 2846 2216 2913 qunrit,
2275 2848 2453 2902 subito
2505 2851 2743 2907 intuetur
2783 2836 3122 2923 pmscnem.
3177 2856 3351 2913 liabet

1759 2932 1863 2987 hoc
1888 2936 2059 3004 gratia
2079 2934 2350 2993 Creatoris
2372 2942 2563 3005 nostri,
2589 2951 2648 2996 ut
2674 2959 2793 2997 cum
2815 2945 2881 3000 de
2904 2947 2994 3000 illo
3022 2960 3346 3016 qumrentes,

1758 3038 1880 3078 eum
1912 3025 2202 3093 loquimur,
2226 3027 2343 3097 ejus
2380 3032 2661 3100 pneseutia
2704 3033 3058 3101 perfruamur.
3108 3035 3255 3091 Unde
3293 3039 3347 3092 in

1758 3114 2048 3185 Evangelio
2070 3119 2324 3187 scriptum
2350 3129 2451 3185 est,
2477 3122 2601 3190 quia
2626 3122 2749 3176 dum
2770 3122 3036 3193 Cleophas
3056 3135 3111 3180 et
3130 3128 3262 3181 alius
3282 3129 3350 3183 de

1760 3205 1852 3260 illo
1881 3206 1934 3259 in
1961 3205 2151 3262 itinere
2178 3208 2338 3263 verba
2370 3208 2629 3279 facerent,
2666 3222 2981 3281 praesentem
3011 3230 3133 3269 eum
3166 3217 3348 3273 videre

1759 3308 2087 3355 meruerunt.
2134 3302 2265 3356 Dum
2296 3317 2425 3371 ergo
2470 3311 2654 3357 sancta
2694 3303 2933 3359 Ecclesia
2963 3307 3347 3363 incarnandum

1758 3406 2012 3461 sponsum
2050 3392 2224 3446 adhuc
2260 3394 2535 3450 absentem
2574 3395 2864 3465 desiderat,
2902 3397 3081 3452 subito
3110 3398 3351 3455 intuetur

1758 3490 2102 3552 praesentem,
2131 3491 2292 3553 atque
2320 3483 2594 3554 subjungit
2626 3503 2640 3539 :

1832 3604 2007 3676 (Vers.
2034 3605 2108 3670 l.)
2144 3605 2277 3672 Quia
2296 3607 2510 3660 meliora
2536 3615 2655 3661 sunt
2678 3607 2832 3661 ubera
2856 3616 2945 3662 tua
2965 3626 3102 3664 uno.
3128 3590 3197 3664 Et
3217 3613 3347 3667 odor

1756 3706 2132 3766 unguentorum
2162 3707 2359 3751 tuorum
2385 3714 2538 3768 super
2565 3701 2739 3753 omnia
2766 3710 3023 3755 aromata.

1827 3787 1882 3841 2.
1915 3787 2107 3840 Vinum
2158 3786 2259 3841 fuit
2295 3788 2517 3841 scientia
2560 3787 2735 3856 Legis,
2780 3790 3003 3843 scient'a
3053 3791 3347 3859 propheta-

1757 3893 1897 3932 rum.
1925 3876 2031 3931 Sed
2058 3877 2282 3931 veniens
2310 3875 2584 3941 Dominus,
2615 3879 2737 3945 quia
2768 3878 3084 3947 sapientiam
3109 3895 3204 3950 per
3221 3897 3344 3935 car-

1757 3984 1880 4021 nem
1911 3966 1938 4005 δ
1977 3967 2145 4022 voluit
2192 3967 2519 4037 praedicare;
2561 3969 2709 4036 quasi
2752 3967 2881 4023 fecit
2917 3984 3034 4023 eam
3075 3970 3126 4024 in
3166 3971 3345 4027 carnis

1760 4041 1923 4114 ubera
1962 4060 2223 4115 latescere
2253 4078 2266 4113 :
2298 4076 2458 4129 quam
2491 4072 2511 4099 ε
2547 4061 2689 4115 enim
2728 4062 2781 4115 in
2811 4061 3087 4117 divinitate
3123 4078 3217 4119 sua
3254 4079 3345 4119 ca-

1756 4164 1887 4219 pere
1925 4149 2146 4203 miuime
2189 4157 2522 4218 poteramus,
2554 4149 2607 4203 in
2639 4149 3006 4204 incarnatione
3033 4151 3149 4219 ejus
3177 4167 3345 4220 agno-

1756 4252 2054 4293 sceremus.
2082 4236 2233 4293 Unde
2263 4253 2368 4291 non
2400 4238 2667 4293 immerito
2696 4238 2811 4307 ejus
2838 4239 3001 4293 ubera
3029 4240 3337 4305 laudantur,

1756 4330 1879 4397 qu‘a
1910 4326 2301 4396 prmdicationis
2342 4327 2460 4395 ejus
2488 4327 2872 4382 condescensio
2911 4328 3012 4381 hoc
3040 4329 3148 4396 egit
3176 4329 3336 4400 503

1757 4419 1810 4472 in
1832 4418 2085 4473 cordibus
2113 4418 2337 4481 nostris,
2380 4418 2521 4487 quod
2543 4419 2786 4472 doctrina
2822 4417 2978 4486 Legis
3004 4419 3222 4473 minime
3252 4436 3344 4475 va-

85 4506 206 4560 mina
235 4509 407 4577 accipi
442 4517 684 4578 possunt.
726 4509 858 4563 Nam
885 4511 976 4578 qui
1018 4509 1181 4565 Deum
1214 4512 1449 4581 perfecte
1478 4522 1652 4579 amat,
1686 4534 1729 4590 ι)
1757 4508 1855 4562 luit
1883 4526 1896 4561 :
1931 4507 1956 4545 ἀ
1981 4510 2125 4577 prius
2145 4509 2286 4561 enim
2310 4523 2406 4561 nos
2430 4508 2651 4561 nutrivit
2678 4508 3062 4563 incarnationis
3084 4510 3339 4578 prmdica-

82 4611 254 4662 sponsa
283 4608 401 4663 est;
434 4599 525 4668 qui
564 4614 816 4668 sponsum
863 4600 1137 4669 praedicat,
1185 4601 1382 4657 sodalis
1411 4612 1527 4669 est;
1558 4605 1648 4673 qui

83 4686 234 4741 adhuc
274 4688 520 4742 novellus
548 4688 684 4742 viam
715 4690 975 4742 bonorum
1020 4691 1295 4758 sequitur,
1330 4692 1647 4747 adolescen-

84 4779 175 4831 tula
210 4789 309 4834 est.
342 4790 369 4817 ⁸
401 4780 691 4834 lnvitamur
715 4795 843 4849 ergo
880 4790 940 4836 ut
976 4783 1143 4837 simus
1192 4799 1430 4852 sponsa;
1463 4787 1505 4839 si
1544 4786 1649 4841 hoc

82 4868 288 4923 necdum
336 4869 704 4938 przevalemus,
752 4872 917 4925 simus
954 4872 1274 4933 soda'es;si
1323 4888 1497 4941 neque
1544 4874 1648 4929 hoc

82 4956 243 5025 adepti
270 4975 474 5024 sumus,
506 4960 693 5014 saltem
730 4961 793 5013 ad
822 4963 964 5015 hunc
1002 4962 1292 5015 thalamum
1332 4962 1646 5017 adolescen-

83 5048 192 5101 tnl;e
213 5052 613 5105 conveniamus.
640 5049 772 5117 Quia
804 5052 963 5112 igitur
990 5068 1243 5121 sponsum
1275 5061 1328 5106 et
1356 5069 1640 5122 sponsam,

84 5136 344 5194 Dominum
370 5151 427 5196 et
453 5140 745 5196 Ecclesiam
774 5142 1024 5206 diximus,
1056 5142 1200 5195 velut
1232 5142 1644 5198 adulescentula:

80 5229 155 5282 vel
180 5231 384 5286 sodales
426 5229 705 5285 audiamus
735 5232 897 5285 verba
935 5232 1112 5300 sponsi
1133 5272 1148 5295 ,
1176 5232 1455 5288 audiamus
1484 5233 1644 5287 verba

82 5332 272 5388 sponsa:
297 5342 312 5389 ;
338 5332 392 5379 et
416 5325 471 5379 in
501 5339 687 5379 eorum
716 5325 1051 5378 sermonibus
1080 5323 1345 5378 fervorem
1376 5323 1644 5380 discamus

88 5590 100 5602 ν
148 5519 267 5602 {ita
295 5536 480 5576 omnes
509 5520 719 5576 codices
742 5519 867 5577 Mss.
896 5519 954 5576 lu
978 5520 1105 5576 edit.
1134 5517 1390 5575 Richardi
1413 5515 1638 5587 legitur:

85 5602 409 5714 militari"
442 5659 646 5714 Theod.
669 5661 851 5724 no’uit,
885 5662 1093 5717 caeteris
1121 5658 1577 5715 dissentientibus.

150 5744 168 5769 ε
198 5728 291 5785 Hic
316 5730 489 5800 aliqua
519 5729 805 5788 desiderari
830 5732 1097 5789 videntur.
1130 5730 1331 5788 Sensus
1356 5737 1565 5801 pateret
1592 5729 1638 5785 si

1758 4598 1854 4661 tio,
1901 4612 2062 4665 quam
2091 4595 2245 4664 Legis
2272 4596 2537 4651 doctrina.
2571 4598 2720 4651 Dicat
2747 4612 2876 4665 ergo
2909 4615 2923 4650 :
2956 4596 3178 4652 Meliora
3220 4610 3337 4653 sunt

1753 4688 1912 4741 ubera
1938 4695 2025 4740 tua
2048 4702 2202 4756 super
2242 4688 2436 4740 vinum.
2468 4685 2621 4751 Quod
2649 4686 2821 4739 adhuc
2847 4686 3174 4742 confirmans
3207 4690 3337 4741 sub-

1750 4778 1924 4847 jungit
1943 4792 2006 4832 ac
2025 4779 2184 4832 dicit:
2208 4777 2278 4830 Et
2299 4778 2427 4831 odor
2446 4787 2819 4847 unguentorum
2837 4788 3038 4831 tuorum
3056 4795 3209 4848 super
3229 4797 3340 4832 om-

1754 4869 1841 4921 nia
1860 4876 2114 4921 aromata.
2141 4864 2419 4934 Unguenta
2443 4865 2651 4919 Domini
2673 4865 2895 4920 virtutes
2908 4874 3052 4931 sunt;
3069 4878 3336 4934 unguenta

1751 4958 1961 5013 Domini
1992 4958 2220 5027 Spiritus
2248 4966 2463 5011 sanctus
2507 4957 2624 5017 fuit,
2655 4957 2723 5011 de
2755 4972 2864 5025 quo
2892 4973 2990 5026 per
3016 4960 3335 5029 prophetam

1751 5049 1947 5103 dicitur
1970 5067 1982 5102 :
2016 5047 2177 5103 Unrit
2203 5057 2252 5102 te
2277 5047 2413 5101 Deus
2434 5046 2572 5100 Deus
2596 5055 2712 5099 tuus
2733 5047 2844 5100 oleo
2865 5047 3061 5102 (latitia:
3080 5065 3188 5118 pra:
3205 5066 3333 5103 con-

1744 5141 1968 5196 sortibus
2007 5141 2104 5194 tuis
2136 5140 2307 5210 (Psal.
2356 5153 2500 5203 xuv,
2540 5137 2618 5207 8).
2658 5136 2775 5192 Hoc
2818 5138 2942 5192 oleo
2973 5146 3101 5194 tunc
3138 5150 3332 5196 unctus

1743 5240 1845 5294 est.
1876 5247 1998 5286 cum
2029 5231 2361 5294 incarnatus;
2404 5244 2510 5282 non
2539 5227 2682 5283 enim
2716 5228 2862 5297 prius
2893 5229 3054 5283 homo
3090 5229 3328 5298 exstitit,

1744 5330 1801 5378 et
1837 5320 2173 5393 postmodum
2206 5319 2463 5389 Spiritum
2508 5326 2754 5375 sanctum
2793 5320 3041 5389 accepit;
3079 5320 3173 5374 sed
3202 5319 3327 5388 quia

1754 5518 2019 5586 legeretur
2045 5532 2059 5569 :
2081 5524 2310 5586 utquam
2333 5513 2694 5586 indivinitate,
2721 5512 2965 5586 etc._Sed
2995 5512 3117 5586 quia
3145 5512 3198 5567 in
3228 5512 3331 5570 hac

1750 5582 1983 5643 lectione
2003 5582 2330 5642 conveniunt
2357 5583 2483 5639 Mss.
2506 5597 2715 5648 omnes,
2738 5583 2807 5639 ab
2835 5583 2923 5639 illa
2944 5582 3197 5640 recedere
3218 5597 3325 5642 non

1750 5658 2103 5783 “agiliter.
2130 5732 2187 5784 et
2214 5723 2558 5795 Rotbomag.,
2586 5721 2702 5797 plus
2725 5726 2879 5782 enim.
