4036 6280
604 311 736 367 I055

1486 307 1831 364 APPENDX
1871 310 1962 364 AD
2001 312 2061 365 S.
2100 310 2425 366 GREGURlI
2465 312 2689 366 OPERA
2726 310 2959 366 OMNIS.

3728 318 3749 369 I
3761 315 3864 370 036

597 424 736 491 Quid
761 433 845 476 est
864 423 1006 478 enim
1032 424 1176 491 quod
1201 423 1433 495 Creator
1449 423 1687 495 omnium
1720 424 1877 489 Deus,
1906 441 2029 495 rum
2054 441 2174 479 sur-
2204 428 2254 487 Α
2279 426 2407 482 Cn.
2438 425 2530 483 IX.
2558 459 2627 469 —
2656 428 2854 494 Credo,
2902 426 3123 479 Domine
3144 464 3161 489 ,
3212 427 3403 495 adjnra
3451 430 3862 486 incredulitatem

596 498 721 547 dum
752 502 806 546 et
837 501 1042 546 mutum
1073 508 1265 548 sanare
1292 493 1571 558 voluisset,
1602 494 1652 547 in
1685 509 1844 546 aures
1882 494 2023 549 illius
2047 510 2175 548 suos

596 564 792 631 digitos
821 563 985 632 lnisit.
1012 570 1071 617 et
1110 577 1371 632 expuens,
1406 563 1635 629 linguam
1660 564 1775 630 ejus
1806 564 2014 632 tetigit?
2037 564 2172 629 Quid

599 649 696 754 per
723 632 918 700 digitos
950 631 1341 713 Redemptoris,
1360 632 1472 713 nisi
1518 632 1656 685 dona
1687 631 1917 714 Spiritus
1956 634 2175 714 sancti?

630 700 751 754 lnde
782 718 903 754 eum
951 704 1059 754 alio
1090 718 1141 754 tn
1173 705 1293 754 loco
1322 709 1570 754 θινειεευι
1613 703 1960 754 daemonium.
1998 703 2128 754 dicit
2156 720 2169 754 :

630 700 751 755 lnde
782 718 903 754 eum
951 702 1059 754 alio
1090 700 1293 755 inloco
1322 701 1570 765 eiecisset
1613 700 1960 767 (taenionium,
1998 703 2128 757 dicit
2156 720 2169 755 :

600 773 662 825 Si
692 773 743 823 in
772 772 932 841 digito
974 769 1068 841 Dei
1108 772 1259 841 ejicio
1287 772 1547 841 dqmonia
1567 812 1582 835 ,
1612 774 1841 841 profecto
1870 775 2093 839 pervenit
2119 773 2175 825 in

598 858 685 893 vos
714 839 928 910 regit—rm
959 839 1051 893 Dei
1079 840 1228 909 (Luc.
1253 856 1325 901 xl,
1354 840 1467 899 20).
1493 839 1780 904 Qua'de're
1810 857 1906 908 per
1935 841 2175 908 Evange-

598 910 778 980 Iistam
810 911 970 980 alium
1018 910 1217 964 dixisse
1263 910 1584 963 describitur
1614 928 1626 962 :
1653 910 1715 965 Si
1756 928 1850 980 ego
1894 911 1949 964 in
1990 912 2174 980 spiritu

597 978 697 1050 Dei
740 980 908 1050 ejirior
934 979 1221 1050 damnes,
1241 980 1429 1050 _igitur
1451 982 1677 1048 pervenit
1720 978 1800 1034 ini
1828 997 1915 1035 vos
1963 978 2175 1047 regnum

597 1048 700 1102 Dei
726 1047 941 1109 (Matth.
968 1064 1059 1119 xu,
1094 1047 1205 1118 28).
1240 1047 1319 1103 Ex
1365 1063 1475 1117 quo
1522 1050 1706 1119 utique
1747 1051 1866 1104 loco
1905 1050 2174 1117 colligitur

598 1119 721 1186 quia
744 1118 940 1188 digitus
969 1117 1060 1171 Dei
1082 1118 1300 1185 spiritus
1324 1126 1548 1188 vocatur
1580 1135 1593 1172 :
1619 1117 1820 1186 digitos
1840 1133 1968 1188 ergo
1995 1120 2047 1173 in
2079 1135 2175 1172 au-

597 1188 795 1242 riculas
824 1187 1059 1258 mittere,
1081 1197 1167 1258 est
1193 1203 1289 1255 per
1308 1186 1456 1258 dona
1476 1190 1648 1258 sancti
1677 1186 1919 1258 Spiritus
1936 1203 2172 1244 men'em

596 1257 743 1310 surdi
789 1256 856 1311 ad
888 1255 1265 1327 obedientium
1312 1256 1543 1327 aperire.
1576 1255 1825 1324 Quid—est
1870 1274 2000 1313 vero
2028 1258 2173 1327 quod

596 1341 858 1395 expuens,
887 1325 1119 1394 linguam
1146 1327 1265 1395 ejus
1313 1325 1530 1394 tetigit?
1574 1328 1753 1381 Saliva
1782 1328 1937 1382 nobis
1977 1325 2061 1381 est
2106 1344 2173 1382 ex

596 1410 689 1449 ore
720 1395 1117 1464 Redemptoris.
1148 1405 1368 1465 accepta
1416 1396 1679 1464 sapientia
1711 1398 1765 1450 in
1791 1398 2008 1465 eloquio
2036 1398 2174 1451 divi-

597 1480 704 1531 no;
737 1466 902 1519 saliva
933 1466 1131 1534 quippe
1158 1482 1224 1521 ex
1268 1465 1445 1534 capite
1470 1465 1655 1520 deﬂuit
1702 1466 1877 1522 inore
1905 1484 1919 1520 :
1950 1482 2013 1521 ea
2042 1481 2172 1534 ergo

594 1535 857 1602 sapientia
882 1550 1000 1602 quae
1025 1535 1137 1599 ipse
1166 1544 1270 1601 est,
1317 1535 1453 1605 dum
1472 1535 1651 1605 lingua
1692 1545 1874 1591 nostra
1918 1537 2169 1605 tangitur,

595 1619 720 1675 mox
751 1607 817 1659 ad
842 1605 1232 1675 praedicationis
1255 1604 1411 1661 verba
1437 1604 1717 1660 formatur.
1743 1605 1844 1671 Qui
1872 1604 2174 1675 suspiciens

595 1673 896 1744 incretum,
930 1674 1188 1742 ingemuit
1214 1693 1227 1729 :
1255 1690 1361 1728 non
1385 1679 1528 1744 quod
1561 1675 1673 1744 ipse
1701 1673 2059 1730 necessarium
2087 1692 2174 1744 ge-

595 1743 782 1814 mitum
815 1744 1053 1803 haberet.
1084 1747 1172 1812 qni
1203 1745 1364 1797 dabat
1392 1743 1534 1812 quod
1583 1743 1923 1814 postulabat;
1953 1748 2047 1799 sed
2074 1762 2171 1800 nos

594 1812 663 1866 ad
691 1828 813 1867 eum
841 1828 1056 1881 gemere
1082 1815 1175 1883 qui
1200 1813 1342 1869 coelo
1361 1812 1609 1884 praasidet
1648 1816 1832 1870 docuit
1864 1833 1878 1867 :
1910 1824 1970 1869 ut
1995 1823 2051 1868 et
2079 1831 2176 1868 an-

594 1897 682 1935 res
710 1891 907 1956 nostrae
936 1884 1195 1956 per‘dona
1222 1882 1391 1938 sancti
1414 1882 1645 1956 Spiritus
1667 1885 1886 1956 aperiri,
1916 1894 1971 1956 et
1998 1886 2171 1952 lingua

594 1967 693 2019 per
718 1952 939 2006 salivam
969 1952 1101 2019 oris,
1125 1954 1177 2008 id
1197 1962 1279 2007 est
1305 1968 1401 2021 per
1424 1952 1921 2008 scientiam'divinaa
1951 1954 2175 2008 locutio-

597 2023 680 2091 nis
726 2021 862 2075 solvi
891 2022 1087 2076 debeat
1131 2024 1197 2077 ad
1230 2023 1389 2076 verba
1431 2022 1850 2091 pitedicationis.
1902 2023 2000 2077 Cui
2050 2040 2174 2078 mox

598 2088 898 2161 Ephplieta,
931 2091 983 2162 id
1023 2100 1100 2145 est
1132 2093 1412 2160 adaperire
1432 2088 1653 2156 dicitur,
1687 2102 1743 2146 et
1768 2094 1951 2147 statim
1979 2109 2062 2162 api
2083 2103 2178 2147 rtae

594 2171 717 2230 sunt
745 2175 902 2214 aures
927 2161 1045 2228 ejus
1074 2172 1129 2215 et
1156 2164 1391 2216 solutum
1417 2172 1500 2215 est
1531 2162 1798 2217 vinculum
1820 2161 2173 2230 linguwejiis.

594 2228 710 2293 Qua
736 2231 787 2283 in
817 2244 874 2283 re
904 2233 1200 2285 notandum
1230 2239 1331 2292 est,
1364 2232 1488 2299 quia
1519 2240 1740 2299 propter
1767 2228 1979 2286 clauSas
2020 2228 2178 2286 aures

594 2301 796 2352 uictum
829 2308 931 2365 est,
965 2303 1255 2368 adaperire.
1288 2301 1394 2354 Sed
1421 2303 1506 2354 cui
1546 2317 1705 2354 aures
1742 2303 1923 2355 cordis
1948 2302 2014 2355 ad
2047 2304 2177 2354 obe-

594 2368 844 2438 dientium
877 2372 1305 2438 aper-latuerint,
1337 2386 1400 2424 ex
1425 2370 1770 2437 subsequenti
1803 2373 1987 2437 procul
2013 2371 2177 2425 dubio

595 2437 983 2509 etiam_lingu;e
1023 2441 1141 2507 ejus
1189 2440 1458 2509 vinculum
1487 2439 1713 2509 rttIVIIIII‘
1737 2457 1750 2492 :
1775 2449 1836 2493 ut
1873 2441 2011 2494 bona
2059 2457 2177 2509 quae

598 2506 713 2577 ipse
759 2506 989 2577 fecerit,
1038 2506 1201 2562 etiam
1253 2508 1495 2562 facienda
1526 2508 1644 2561 aliis
1674 2509 1954 2577 loquatur;
1988 2506 2092 2563 ubi
2123 2519 2179 2563 et

597 2575 736 2647 bene
755 2576 987 2643 additur,
1017 2587 1066 2630 et
1100 2578 1401 2647 loquebatur
1428 2588 1580 2631 recte.
1612 2577 1705 2631 Ille
1747 2575 1889 2633 enim
1922 2588 2067 2632 recte
2096 2580 2178 2632 lo-

596 2646 794 2717 quitur,
828 2647 919 2714 qui
963 2648 1109 2717 prius
1154 2646 1455 2703 ebediendo
1496 2646 1712 2709 iecerit,
1745 2663 1863 2716 qua:
1910 2648 2179 2717 loquendo

596 2713 852 2767 admonet
878 2713 997 2770 esse
1027 2716 1292 2771 farienda.

629 2836 759 2903 Car.
794 2848 927 2904 Vlll.
948 2881 1020 2893 —-
1046 2848 1298 2904 Misereor
1316 2865 1470 2920 supcr
1491 2847 1691 2903 turbant
1716 2849 1910 2912 (Marc.
1931 2865 2039 2910 vin.
2059 2849 2142 2918 2).

668 2962 749 3031 (In
776 2964 1007 3031 exposit.
1037 2961 1235 3019 Ezech.
1270 2962 1361 3015 lib.
1394 2978 1448 3017 ιι.
1482 2962 1626 3014 hom.
1653 2960 1702 3021 9.
1730 2978 1877 3015 ιιιιιη.
1906 2961 2019 3021 i9.)
2048 2962 2178 3015 Dum

596 3030 727 3112 fessi
750 3030 1113 3112 atque_je.ju_ni
1142 3034 1208 3086 a-l
1231 3031 1533 3112 uDQlllIlltl‘l-lt
1567 3030 1747 3099 populi
1777 3048 1925 3085 conv
1951 3032 2175 3112 inissent,

595 3099 873 3171 discipulis
921 3099 1175 3157 Dominus
1212 3102 1348 3155 dixit
1387 3119 1401 3153 :
1456 3099 1708 3154 Misereor
1750 3117 1903 3171 super
1950 3100 2167 3161 turbam,

593 3173 715 3243 quia
737 3169 868 3225 ecce
904 3173 1020 3243 join
1066 3172 1236 3243 triduo
1265 3171 1622 3243 sustinet‘nie,
1675 3186 1768 3243 nec
1805 3169 1998 3243 [tabent
2040 3171 2176 3240 quod

596 3240 926 3295 manducent.
952 3240 1018 3294 Et
1040 3243 1084 3295 si
1108 3240 1348 3295 dimisero
1368 3258 1455 3295 eos
1472 3240 1681 3309 jejunos
1706 3242 1759 3292 in
1779 3240 1986 3293 domum
2007 3257 2173 3301 suam,

599 3312 840 3377 deficient
872 3312 925 3364 in
952 3312 1063 3375 ria;
1094 3310 1301 3378 quidam
1328 3311 1463 3363 enim
1476 3308 1550 3362 ea:
1575 3310 1647 3378 eis
1669 3308 1732 3361 de
1759 3308 1909 3378 longe
1935 3317 2177 3362 venerunt

597 3376 806 3448 (Marc.
848 3395 966 3442 vnt,
996 3380 1049 3441 2,
1081 3376 1173 3447 3).
1207 3378 1381 3433 Turba
1416 3378 1589 3431 triduo
1620 3376 1900 3431 Dominuin
1930 3380 2175 3441 sustinet,

598 3449 815 3519 quando
846 3449 1128 3503 multitudo
1170 3448 1202 3499 ii
1229 3449 1404 3519 felium
1449 3455 1665 3519 peccata
1695 3462 1964 3519 quteperi
1986 3448 2182 3519 etravit

618 3516 699 3571 ἐι-
728 3519 1094 3587 ρωιιὶιυιιιίεηιι
1122 3518 1414 3580 declinans,
1446 3519 1512 3570 ad
1545 3516 1710 3571 Deum
1740 3533 1799 3571 se
1828 3517 1879 3570 in
1910 3532 2093 3587 opere,
2126 3518 2178 3570 in

599 3534 896 3641 Ibeutione.
927 3596 1091 3641 atoue
1112 3589 1164 3641 in
1191 3588 1515 3641 cogitatione
1535 3587 1819 3641 convertit.
1846 3584 1990 3641 Ouos
2010 3586 2178 3640 dimit-

621 3584 896 3652 ocutioiie,
927 3596 1091 3657 atque
1112 3589 1164 3641 in
1191 3588 1515 3657 cogitatione
1535 3587 1819 3641 convertit.
1846 3584 2181 3657 Quosdimit-

600 3666 717 3712 tere
740 3657 955 3725 jejunus
983 3656 1033 3712 in
1064 3659 1282 3712 domum
1311 3673 1461 3711 suam
1495 3656 1750 3709 Dominus
1778 3672 1885 3709 non
1918 3656 2063 3721 vult,
2116 3672 2181 3709 ne

599 3727 849 3781 deliciant
898 3728 948 3781 in
980 3729 1066 3780 via
1113 3745 1126 3780 :
1160 3728 1282 3794 quia
1316 3726 1563 3781 videlicet
1590 3727 1836 3780 conversi
1867 3735 2180 3794 peccatotes

601 3798 655 3850 in
687 3797 962 3866 pitesentis
993 3806 1115 3851 vdae
1144 3797 1227 3850 via
1258 3795 1697 3866 deﬁciunt,si~iu
1728 3811 1822 3849 sua
1851 3795 2181 3849 conseientia

599 3865 717 3920 sine
764 3866 1024 3921 doctrina:
1060 3877 1259 3921 sanctae
1299 3866 1495 3935 pabnm
1534 3865 1914 3917 dimittantur:
1956 3879 2025 3917 ne
2053 3880 2182 3935 ergo

602 3936 872 3989 lassentur
909 3936 961 3989 in
1008 3937 1123 4004 ejus
1166 3933 1615 4005 peregrinationis
1662 3936 1883 4000 itinere,
1930 3933 2182 4001 pasci-niti

598 4013 722 4057 sunt
761 4020 914 4060 sacra
953 4006 1341 4060 admonitione.
1377 4005 1541 4058 Valde
1568 4012 1745 4057 autem
1787 4005 2057 4072 pensanda
2100 4011 2185 4058 est

602 4074 690 4143 pia
715 4076 980 4144 sententia
1008 4093 1126 4144 qua:
1156 4074 1417 4144 ptocessit
1444 4091 1508 4127 ex
1540 4088 1635 4144 ore
1669 4072 1935 4135 Veritatis,
1966 4086 2070 4140 qua
2095 4073 2183 4144 di-

598 4140 742 4199 citur
770 4162 785 4197 :
816 4140 1044 4207 Quidani
1082 4140 1221 4199 enim
1263 4160 1327 4197 ea:
1364 4145 1437 4197 eis
1480 4144 1543 4196 de
1584 4143 1735 4212 longe
1774 4153 2039 4212 venerunt.
2091 4140 2187 4195 Est

602 4214 747 4267 enim
785 4214 876 4281 qui
909 4215 1039 4268 nihil
1080 4214 1287 4282 peccati
1317 4212 1553 4282 carnalis
1576 4211 1858 4282 expertus,
1897 4211 1971 4282 ad
2012 4211 2186 4282 onuii-

604 4280 843 4351 potentis
872 4283 963 4335 Dei
1007 4280 1285 4337 servitium
1316 4281 1605 4334 festinavit.
1647 4280 1753 4336 Iste
1796 4280 1863 4351 de
1895 4280 2185 4349 longinquo

607 4350 715 4405 non
746 4353 936 4433 venit,
965 4353 1216 4433 qniaper
1248 4351 1704 4433 i.corruptio_noe.m
1736 4358 1792 4406 et
1821 4350 2183 4433 inducenda-in

604 4422 879 4503 proximus
910 4419 1206 4503 fuitaAlius
1237 4421 1378 4503 nulla
1407 4420 1757 4501 impudicitia,
1789 4420 1949 4503 nullis
1972 4419 2184 4503 ﬂagitiis

2851 496 3043 566 (Marc.
3074 512 3149 561 lx,
3180 494 3293 565 25).

2349 587 2438 655 (In
2468 589 2698 657 exposit.
2731 588 2875 642 beati
2904 586 3025 657 Job,
3056 588 3148 640 lib.
3196 604 3333 651 xxn,
3367 604 3514 641 num.
3560 588 3677 657 49.)
3709 590 3863 644 Fides

2275 671 2396 724 qua:
2439 656 2506 710 ad
2549 657 2686 710 bona
2718 658 2822 711 alia
2851 656 3091 725 perfecte
3128 660 3455 725 capessinda
3506 676 3605 713 μοι
3649 656 3862 725 imbuit,

2278 729 2593 796 plerumque
2621 728 2673 779 in
2708 727 2945 780 exordiis
2980 728 3090 781 suis
3118 735 3173 779 et
3206 737 3356 780 nutat
3384 737 3438 781 et
3463 728 3634 781 solida
3666 740 3766 783 est.
3800 730 3861 783 Et

2270 798 2382 859 jam
2411 796 2712 851 certis~ime
2742 796 2993 863 habetur,
3023 805 3078 849 et
3108 805 3286 850 tamen
3314 797 3382 851 de
3409 798 3526 864 ejus
3558 799 3755 853 fiducia
3785 804 3864 853 ad-

2275 865 2383 919 huc
2427 866 2526 918 sub
2564 865 2901 937 dubitatione
2930 866 3227 937 trepidatur
3264 883 3278 918 :
3332 882 3452 934 pars
3483 884 3722 937 namque
3751 871 3863 935 ejus

2278 934 2771 1007 prius_accipitur,
2825 943 2882 1007 ut
2933 935 2984 988 in
3036 935 3190 989 nobis
3221 937 3580 1007 postmodum
3631 934 3867 1007 perfecte

2275 1004 2629 1072 compleatur.
2675 1004 2732 1059 Si
2759 1005 2902 1059 enim
2929 1012 3081 1059 certo
3105 1006 3273 1070 gradu
3305 1007 3355 1059 in
3387 1015 3567 1059 mente
3597 1004 3868 1063 credentis

2275 1089 2381 1126 non
2414 1072 2716 1144 prollreret,
2751 1074 3035 1144 requis-itus
3057 1075 3109 1127 in
3132 1073 3423 1144 Evangelio
3450 1077 3607 1129 Pater
3631 1078 3855 1131 sanandi

2276 1142 2429 1215 pueri
2462 1160 2565 1196 non
2593 1142 2859 1215 dixisset}
2893 1142 3085 1215 Credo,
3125 1142 3367 1209 Domine,
3407 1146 3599 1215 adjuvit
3628 1147 3871 1199 incredu-

2273 1212 2474 1282 litatem
2504 1229 2670 1266 nti-ant
2697 1212 2888 1278 (Marc.
2916 1229 2988 1277 Ix,
3019 1214 3133 1281 2'5).
3167 1215 3355 1267 Adhuc
3383 1212 3511 1282 ergo
3538 1216 3872 1268 ascendebat

2274 1281 2342 1335 ad
2374 1283 2564 1347 tidem,
2596 1300 2757 1354 quam
2788 1283 2899 1352 jam
2941 1293 3275 1354 perceperat,
3304 1285 3394 1351 qui
3428 1281 3535 1338 uno
3566 1287 3871 1354 eodemque

2276 1360 2523 1421 tempore
2561 1351 2854 1418 clamabat,
2903 1363 2957 1407 et
2981 1351 3092 1421 jam
3119 1368 3178 1406 Su
3206 1354 3458 1416 credere,
3508 1362 3564 1406 et
3594 1351 3868 1409 adlmc‘es

2274 1420 2652 1477 incredulitate
2682 1421 2951 1477 dubitare.
2988 1420 3122 1475 Ilinc
3150 1432 3232 1476 est
3262 1424 3424 1476 etiam
3454 1423 3600 1483 quod
3634 1424 3860 1477 Redem-

2275 1491 2419 1573 θεοτί
2452 1500 2639 1573 nostro
2666 1507 2695 1544 a
2732 1491 3015 1573 discipulis
3044 1491 3243 1573 dicitur
3286 1510 3298 1545 :
3347 1494 3500 1573 Auge.
3529 1493 3871 1573 nobis_ﬁdeat

2275 1557 2426 1629 (an.
2453 1575 2503 1622 v,
2539 1559 2627 1628 I7)
2655 1578 2668 1613 :
2695 1570 2752 1614 nt
2774 1557 2897 1629 ιιιιὼ
2917 1561 3026 1630 jam
3052 1569 3275 1629 accepta
3308 1577 3404 1630 per
3430 1557 3641 1615 initium
3672 1557 3872 1629 fuerat,

2271 1630 2427 1698 quasi
2467 1646 2564 1699 per
2603 1641 2887 1699 augmenta
2917 1632 3177 1699 graduum
3222 1630 3289 1685 ad
3336 1633 3731 1699 perfectionem
3777 1648 3868 1687 ve.

2278 1702 2437 1753 ttit‘t'l.

2211 1788 2252 1845 Ii
2278 1790 2409 1845 CAP.
2438 1789 2506 1845 Χ.
2538 1822 2608 1833 -
2638 1790 2705 1844 Et
2733 1790 2996 1853 clamans,
3027 1790 3319 1862 etiannum
3343 1792 3641 1859 disrerpens
3674 1791 3872 1862 (Marc.

2948 1874 3029 1918 ix.
3062 1858 3178 1926 25).

2350 1948 2429 2030 (In
2455 1950 2686 2030 exposit.
2722 1949 2785 2006 Β.
2807 1949 2927 2030 Job,
2958 1951 3056 2004 lib.
3084 1966 3141 2030 ξ,
3167 1966 3315 2030 num.
3347 1948 3459 2018 50.)
3490 1952 3594 2030 Qui
3622 1954 3772 2030 enim
3804 1956 3871 2007 ab

2278 2020 2652 2092 liujusinundi
2683 2021 2931 2092 appetitu
2961 2021 3304 2092 moriuntur,
3363 2025 3593 2092 terrenis
3626 2024 3872 2092 proferto

2279 2089 2547 2147 mentibus
2576 2090 2890 2143 omnimodo
2916 2089 3137 2143 extincti
3162 2090 3519 2144 :estimantur.
3549 2089 3708 2157 Quod
3734 2096 3871 2147 bene

2281 2159 2447 2230 nostri
2480 2159 2798 2230 miraculum
2847 2157 3223 2230 ltedemptoris
3263 2159 3465 2230 signat,
3516 2178 3641 2214 cum
3670 2163 3743 2214 ab
3774 2164 3871 2214 im-

2281 2228 2480 2299 mundo
2523 2228 2714 2299 spiritu
2766 2228 3286 2299 bominem’liberat.
3339 2228 3412 2282 De
3457 2245 3569 2297 quo
3619 2232 3871 2284 nimirum

2278 2298 2535 2366 scriptum
2557 2297 2648 2351 est
2688 2315 2701 2350 :
2749 2297 2994 2351 Clamans
3034 2308 3085 2351 et
3127 2299 3346 2351 multum
3392 2299 3695 2368 discerpens
3736 2318 3870 2360 eum,

2278 2367 2403 2420 exiit
2444 2368 2507 2418 ab
2532 2383 2622 2423 eo:
2654 2378 2703 2421 et
2748 2371 2915 2437 {actus
2935 2377 3011 2421 est
3039 2369 3171 2437 sicut
3215 2378 3476 2433 mortuus,
3527 2367 3605 2423 ita
3643 2381 3700 2422 ut
3729 2371 3874 2422 multi

2280 2437 2528 2507 dicerent,
2558 2438 2677 2507 quia
2706 2436 2934 2491 mortuus
2961 2447 3059 2491 est.
3087 2436 3427 2507 Jesusautem
3457 2449 3635 2492 tenens
3660 2456 3871 2492 manum

2278 2506 2420 2575 ejus,
2450 2506 2661 2578 elevavit
2702 2523 2816 2560 eum
2846 2516 2897 2559 et
2936 2511 3164 2578 surrexit
3194 2509 3211 2575 (
3229 2506 3397 2578 Marc.
3446 2524 3498 2561 ιι
3519 2549 3533 2571 ,
3564 2507 3681 2578 25).
3716 2508 3874 2562 Velut

2282 2584 2523 2628 mortuus
2551 2577 2750 2645 quippe
2786 2576 3120 2647 ostenditur.
3164 2576 3355 2647 quia;
3383 2578 3600 2644 maligni
3640 2576 3868 2647 spiritus

2283 2653 2551 2713 potestate
2582 2647 2875 2709 liberatur;
2907 2646 3031 2713 quia
3072 2646 3314 2714 quisquis
3338 2645 3448 2710 jam
3482 2645 3699 2700 terrena
3729 2648 3870 2702 desi-

2283 2714 2432 2768 deria
2456 2714 2688 2781 subjicit.
2718 2716 2880 2768 vitam
2904 2715 2955 2768 in
2980 2730 3041 2770 se
3064 2716 3297 2769 carnalis
3320 2718 3752 2771 conversationis
3780 2735 3869 2772 ex-

2284 2784 2503 2850 tinguit;
2534 2793 2590 2837 et
2618 2785 2816 2838 mundo
2841 2793 3085 2838 mortuus
3114 2792 3358 2852 apparet,
3389 2786 3513 2854 quia
3556 2802 3873 2853 possessore

2282 2868 2471 2923 pravo,
2494 2854 2585 2921 qui
2609 2869 2706 2921 per
2728 2855 3000 2907 immunda
3022 2854 3285 2908 desideria
3313 2869 3371 2907 se
3391 2856 3655 2916 agitabat,
3679 2866 3831 2911 caret
3854 2875 3868 2907 :

2281 2938 2443 2992 quem
2466 2923 2618 2977 multi
2642 2924 2836 2977 mortui
2858 2924 3060 2984 ιΙίι-ιιιιι,
3084 2924 3207 2993 quia
3231 2924 3321 2991 qui
3345 2925 3665 2991 spiritaliter
3693 2928 3875 2979 vivere

2285 2993 2716 3062 nesciuntteum
2761 2994 2853 3060 qui
2894 3009 3052 3046 canna
3080 2996 3125 3045 ia
3176 2994 3314 3047 bona
3347 3010 3455 3047 non
3501 2998 3751 3062 sequitur
3778 3013 3869 3049 ex-

2282 3062 2537 3115 stinctum
2565 3061 2800 3115 funditus
2822 3063 3171 3115 arl-itrantur.

2667 3154 2796 3208 CAP.
2829 3152 2920 3207 XI.
2942 3186 3013 3196 -—
3038 3152 3182 3207 Idem
3208 3171 3267 3206 ac
3292 3127 3471 3221 supra.

2354 3244 2451 3313 (1n
2482 3247 2712 3315 expusit.
2765 3246 2959 3300 Ezreh.
2995 3247 3088 3300 III).
3138 3261 3182 3309 ι,
3218 3246 3362 3299 lion.
3415 3246 3512 3314 12,
3561 3263 3712 3302 ιιιιηι.
3758 3246 3841 3301 95.

2281 3315 2406 3369 Mox
2434 3324 2493 3369 ut
2518 3316 2727 3369 animus
2754 3331 2938 3370 amare
2965 3316 3204 3371 cmlesda
3235 3317 3495 3384 ('(Bperit,
3544 3333 3675 3371 mox
3704 3328 3766 3371 ut
3802 3336 3828 3370 a

2281 3386 2543 3439 visionem
2573 3385 2721 3453 pacis
2751 3386 2950 3438 intimae
2980 3392 3091 3439 tota
3133 3400 3193 3439 se
3236 3384 3538 3440 intentione
3569 3387 3862 3454 collegerit.

2282 3456 2535 3523 antiquus
2566 3455 2655 3507 ille
2684 3455 3024 3508 adversarius
3052 3454 3143 3523 qui
3175 3454 3242 3508 de
3270 3454 3411 3509 (mlo
3443 3456 3629 3524 lapsus
3652 3466 3756 3521 est,
3789 3457 3868 3510 in-

2285 3525 2457 3588 videt,
2507 3532 2561 3577 et
2599 3524 2859 3596 insidiari
2886 3524 3118 3596 amplius
3168 3524 3387 3596 incipit,
3440 3526 3679 3579 acriores
3712 3543 3871 3596 quam

2283 3601 2639 3647 consueverat
2671 3593 2996 3664 tentatirnes
3041 3593 3321 3653 admovet;
3369 3594 3440 3646 ita
3469 3604 3520 3647 ut
3558 3593 3869 3664 pterumqne

2284 3664 2361 3717 sic
2395 3665 2732 3717 resistentem
2763 3663 2997 3734 animam
3030 3670 3232 3734 tentet,
3279 3664 3417 3734 sicut
3446 3674 3576 3718 ante
3602 3663 3867 3734 nunquam

2287 3740 2620 3802 tentaverat,
2651 3733 2867 3800 quando
2897 3732 3223 3802 possidebat.
3281 3731 3430 3786 Unde
3459 3735 3718 3802 scriptum
3733 3731 3828 3788 est
3855 3753 3866 3785 :

2288 3801 2426 3865 Fili,
2458 3803 2704 3855 accedens
2727 3802 2796 3855 ad
2829 3800 3121 3855 servitutem
3165 3800 3262 3854 Dei
3300 3813 3380 3856 sta
3421 3803 3474 3856 in
3494 3800 3705 3872 justitia
3730 3814 3781 3857 et
3808 3805 3867 3855 ti-

2288 3888 2446 3934 more,
2477 3881 2796 3943 e_t_pra:para
2825 3872 3051 3943 animim
3076 3882 3215 3923 tuam
3241 3873 3311 3943 ad
3338 3874 3671 3943 tentationem
3703 3872 3867 3943 (Eccl.

2286 3956 2354 4011 tt.
2390 3943 2463 4011 1).
2496 3939 2649 3994 Unde
2668 3939 2733 3995 et
2761 3942 3141 4011 da’moniacus
3162 3941 3253 4008 qui
3293 3956 3323 3995 a
3368 3940 3599 3994 Domino
3629 3939 3869 4007 sanatur,

2287 4010 2356 4080 ab
2398 4020 2632 4064 exeunte
2660 4012 2904 4064 dmmone
2931 4010 3257 4080 decerpitur,
3284 4011 3424 4065 sicut
3454 4012 3713 4080 scriptum
3745 4021 3827 4064 est
3856 4030 3866 4063 :

2287 4078 2357 4132 Et
2396 4082 2656 4139 clamans.
2708 4090 2758 4132 et
2796 4080 3013 4133 multum
3051 4079 3343 4148 discerpens
3370 4096 3507 4145 eum,
3566 4078 3691 4134 exiit
3722 4083 3787 4134 ab
3815 4098 3872 4134 eo

2289 4148 2463 4218 (Marc
2512 4167 2587 4214 ix,
2620 4148 2733 4216 25).
2769 4148 2908 4215 Quid
2939 4159 3022 4203 est
3051 4150 3193 4202 enim
3223 4148 3369 4216 quod
3396 4151 3677 4204 obsessum
3706 4152 3872 4204 homi-

2288 4234 2411 4272 nem
2440 4220 2690 4286 antiquus
2718 4219 2887 4272 hostis
2916 4234 3074 4286 quem
3107 4230 3414 4283 possessum
3449 4235 3555 4273 non
3586 4220 3873 4286 discerpse-

2288 4236 2411 4272 nem
2440 4236 2690 4286 anuquns
2718 4236 2887 4272 nosus
2916 4236 3074 4286 quem
3107 4236 3414 4283 possessum
3449 4236 3555 4273 non
3586 4236 3731 4274 disce
3798 4236 3869 4273 se-

2287 4296 2392 4353 rat,
2420 4289 2717 4343 deserendo
2743 4289 3047 4357 discerpsit,
3081 4288 3179 4341 nisi
3211 4289 3350 4357 quod
3385 4236 3869 4357 plerumqtte.liI)um

2287 4357 2355 4412 de
2380 4359 2547 4414 corde
2574 4357 2879 4426 expellitur,
2908 4358 3145 4412 acriores
3174 4358 3227 4411 in
3257 4373 3323 4411 eo
3355 4359 3685 4414 trutationes
3712 4374 3870 4425 gene-

2287 4437 2402 4492 rat,
2446 4443 2607 4495 quam
2652 4428 2798 4497 prius
2835 4428 3200 4492 excitaverat,
3246 4427 3463 4497 quando
3510 4428 3616 4482 hoc
3662 4431 3871 4497 quietus

602 4489 933 4568 inquinatus,
964 4491 1137 4568 solum
1168 4499 1347 4543 autem
1377 4489 2064 4568 eoltjtig?ttm_exiiertus_ad
2083 4489 2181 4568 ini-
2215 4511 2259 4568 ί)
2288 4489 2431 4563 νο-ὲί
2454 4489 2629 4551 febat“!

608 4558 886 4615 nisteriutn
931 4561 1172 4627 spiritale
1221 4575 1512 4614 conversus
1542 4558 1643 4613 est.
1684 4558 1868 4628 Neque
1908 4559 2050 4611 enim
2082 4558 2181 4610 iste

602 4629 749 4683 venit
773 4630 840 4681 de.
863 4630 1171 4700 longinquo,
1202 4644 1327 4697 qma
1355 4645 1479 4683 usus
1499 4628 2179 4700 conjunctioneconcessa,

604 4715 701 4768 per
723 4699 903 4754 illicita
937 4716 1041 4753 non
1062 4696 1289 4754 erravit.
1322 4700 1424 4752 Alii
1454 4713 1582 4751 vero
1608 4710 1725 4768 post
1755 4698 1932 4768 carnis
1960 4696 2177 4768 ﬂagitia,

600 4766 690 4821 alii
723 4779 845 4839 post
887 4770 1018 4823 falsa
1049 4770 1386 4839 testimonia.
1418 4768 1509 4821 alii
1540 4776 1659 4835 post
1697 4767 1837 4820 laeta
1880 4767 2049 4839 Ifurta,
2079 4766 2179 4839 alii

604 4836 738 4907 post
757 4837 932 4892 illatas
957 4839 1259 4897 violentias.
1288 4838 1380 4893 alii
1408 4846 1530 4907 p0st
1559 4845 1862 4907 perpetrata
1894 4836 2181 4907 homicidia

605 4905 672 4959 ad
710 4908 1079 4976 pmoitentiam
1109 4909 1363 4969 redeunt;
1403 4905 2063 4976 atque,adomnipotentis
2093 4905 2182 4976 Dei

604 4974 881 5031 servitium
912 4985 1317 5030 convehuntur.
1353 4976 1414 5031 Ili
1438 4975 1685 5030 videlicet
1712 4975 1777 5027 ad
1807 4974 2090 5029 Dominum
2115 4975 2183 5028 de

606 5046 899 5115 longinquo
929 5048 1166 5102 veniunt.
1209 5046 1424 5112 Quanto
1456 5046 1654 5100 etenim
1695 5044 1920 5113 quisque
1957 5045 2103 5115 plus?
2129 5044 2181 5096 in

645 5113 774 5171 ravo
810 5113 980 5186 opere
1020 5116 1248 5186 erravit,
1283 5126 1432 5170 tanto
1459 5120 1528 5186 ab
1557 5113 2183 5186 omnipotenteDomino

627 5187 818 5253 ongius
852 5183 1100 5242 recessit.
1135 5184 1267 5239 Nam
1308 5194 1365 5240 et
1405 5184 1654 5256 prodigus
1688 5183 1824 5238 titius
1844 5183 1946 5256 qui
1976 5191 2181 5250 patrem

606 5256 867 5322 deseruit,
896 5258 1025 5309 abiit
1056 5256 1107 5309 in
1140 5255 1415 5323 regionem
1442 5255 1805 5324 longinquam,
1841 5255 1891 5308 in
1921 5268 2027 5321 qua
2058 5267 2183 5319 ior-

608 5341 704 5379 cos
733 5328 909 5395 pavit,
951 5326 1075 5395 quia
1102 5326 1230 5379 vitia
1264 5326 1503 5379 nutrivit.
1539 5326 1740 5395 Dentur
1768 5338 1897 5395 ergo
1927 5324 2182 5395 alimenta

605 5396 686 5448 eis
712 5393 875 5449 etiam
906 5393 996 5466 qui
1036 5395 1103 5450 de
1142 5396 1434 5464 longinquo
1461 5394 1709 5466 veniunt,
1749 5393 2184 5466 quiaconversis

610 5462 982 5531 peccatoribus
1004 5467 1095 5519 dOt
1113 5462 1264 5519 trinae
1292 5462 1489 5519 sancta:
1518 5464 1620 5517 cibi
1651 5462 1919 5532 pnnbendi
1938 5471 2095 5532 sunt,
2128 5468 2187 5514 ut

610 5535 664 5589 in
687 5534 856 5591 Deum
886 5537 1024 5591 vires
1055 5545 1325 5606 reparent,
1355 5549 1490 5606 quas
1519 5536 1571 5588 in
1607 5531 1819 5601 ﬂagitiis
1844 5531 2137 5606 amiserunt
2152 5548 2181 5606 _:

609 5606 733 5671 quia
763 5620 905 5673 saepe
934 5622 964 5659 a
990 5600 1300 5659 doctoribus
1329 5600 1480 5659 ta'nto
1504 5600 1723 5659 necesse
1750 5611 1834 5673 est
1853 5610 1921 5673 Aut
1951 5600 2189 5673 largiori-

612 5669 726 5752 bus
739 5669 873 5728 cibis
899 5674 1160 5752 doctrinm
1198 5675 1480 5741 satientur,
1507 5681 1712 5743 quanto
1740 5671 1865 5728 fessi
1896 5669 2187 5740 majoribus

618 5750 758 5797 vittis
776 5750 1056 5797 venerunt.
1545 5759 1548 5762 ’

2356 4579 2485 4635 CAP.
2520 4579 2633 4634 XII.
2664 4613 2737 4624 —-
2761 4579 2958 4635 Ilabete
2987 4582 3040 4635 in
3066 4580 3205 4635 vobis
3233 4582 3312 4635 sal
3344 4580 3547 4648 (Marc.
3581 4597 3658 4643 rx,
3689 4579 3800 4647 4'5).

2359 4673 2454 4742 (In
2493 4674 2725 4741 exposit.
2755 4673 2950 4728 Elecli.
2980 4673 3076 4727 lib.
3111 4689 3156 4735 t,
3191 4673 3336 4729 hom.
3370 4674 3422 4735 8,
3454 4690 3603 4727 ntnn.
3631 4673 3712 4735 8.)
3741 4674 3872 4728 Sunt

2289 4743 2528 4797 nonnuéli
2560 4744 2650 4812 qtti
2675 4744 2801 4796 dum
2834 4743 2955 4811 plus
2982 4759 3174 4811 sapere
3199 4760 3360 4811 quam
3388 4759 3615 4797 necesse
3636 4754 3740 4805 εει,
3768 4754 3871 4797 stn-

2286 4812 2436 4875 dent,
2467 4828 2499 4867 a
2542 4813 2908 4881 proximorum
2953 4828 3085 4882 pare
3124 4812 3399 4882 resiliunt,
3434 4814 3562 4866 dum
3605 4830 3705 4866 eos
3734 4815 3871 4867 velut

2289 4882 2530 4946 hebetes,
2546 4879 2861 4949 'stultosque
2882 4879 3255 4936 contemnunt.
3293 4879 3441 4936 Unde
3465 4898 3561 4949 per
3587 4898 3647 4936 se
3671 4882 3870 4935 Veritas

2291 4952 2563 5014 admonet,
2595 4951 2780 5005 dicens
2813 4968 2827 5008 :
2861 4949 3062 5004 Habete
3087 4952 3141 5004 in
3182 4950 3320 5003 robis
3347 4951 3460 5015 sal;
3486 4963 3535 5003 et
3570 4969 3753 5015 pacem
3779 4953 3865 5003 Iu-

2292 5021 2403 5074 bete
2434 5021 2567 5074 inter
2591 5037 2677 5073 vos
2704 5019 2904 5089 (Marc.
2934 5037 2982 5074 ix
3007 5061 3023 5085 ,
3054 5020 3169 5087 45).
3207 5018 3275 5073 Ut
3296 5020 3536 5090 quisquis
3567 5018 3769 5075 habere
3796 5020 3867 5073 sal

2290 5090 2567 5159 sapientia:
2591 5091 2802 5153 studet,
2834 5099 2984 5143 curet
3016 5106 3239 5160 neceSse
3279 5098 3363 5144 est
3390 5101 3661 5160 quatenus
3689 5108 3719 5144 ι
3748 5106 3869 5159 [nec

2291 5160 2591 5214 concordia:
2627 5175 2898 5229 nunquam
2930 5159 3168 5214 recedat.

2645 5249 2776 5305 Car.
2809 5249 2941 5304 XIII.
2968 5278 3041 5289 —-
3070 5250 3219 5305 Idem
3249 5269 3311 5305 ac
3337 5269 3514 5321 supra.

2362 5320 2529 5393 (Reg.
2574 5321 2830 5393 pastoral.
2882 5329 3011 5393 tert.
3049 5330 3213 5393 part.,
3253 5320 3515 5393 admonit.
3556 5321 3679 5391 23.)
3725 5321 3869 5389 Smpe

2293 5389 2422 5444 vero
2447 5389 2865 5459 duntquosdam
2907 5389 3081 5459 major
3109 5391 3335 5446 scientia
3374 5392 3560 5459 erigit,
3594 5406 3624 5444 a
3651 5389 3869 5447 Cetero-

2294 5476 2411 5513 rum
2449 5460 2712 5532 societate
2740 5460 3028 5532 disjnngit;
3067 5468 3123 5532 et
3143 5461 3304 5532 quasi
3338 5476 3459 5532 quo
3483 5464 3603 5532 plus
3636 5461 3864 5529 sapiunt.

2294 5544 2361 5584 eo
2390 5544 2417 5582 a
2444 5530 2744 5584 concordia:
2765 5528 3330 5599 virtuteidesipis’cunt.
3357 5528 3421 5582 Hi
3449 5528 3636 5598 itaque
3659 5528 3868 5585 audiant

2294 5599 2439 5667 quod
2469 5614 2564 5665 per
2590 5599 2932 5667 semetipsam
2964 5598 3173 5652 Veritas
3210 5600 3391 5653 dicat:
3425 5599 3632 5653 llabete
3657 5603 3713 5653 in
3742 5599 3866 5652 rotis

2295 5666 2408 5735 sal,
2453 5678 2501 5722 et
2530 5685 2708 5739 pacem
2744 5666 2923 5722 habete
2963 5670 3099 5722 inter
3126 5687 3211 5723 ros
3251 5667 3451 5739 (Marc.
3504 5685 3595 5733 ιι,
3626 5670 3739 5737 I5).
3784 5666 3866 5722 Sal

2296 5740 2492 5810 quippe
2519 5738 2635 5796 Sine
2662 5755 2796 5811 pace
2824 5754 2932 5795 non
2955 5739 3165 5795 virtutis
3187 5747 3266 5795 tst
3288 5738 3512 5808 donum,
3543 5748 3640 5796 sed
3663 5741 3864 5796 damna-
