4036 6294
202 381 346 437 1117

589 381 649 438 S.
694 381 964 438 PATER"
1007 383 1367 441 EXPOSI'I‘IO
1404 385 1562 441 VET.
1606 385 1691 439 ET
1731 382 1887 440 NUV.
1930 381 2125 439 TES’I‘.
2166 414 2182 423 -
2217 413 2237 424 -
2272 383 2424 439 SUP.
2465 383 2749 440 APOCAL.
2791 383 2847 438 S.
2888 383 3077 438 .IO.\\l.

3335 383 3466 436 IIIS

199 502 352 564 rent,
380 507 715 561 nequaquam
742 509 877 548 voce
898 495 1137 563 angelica
1165 495 1435 550 diceretur
1458 513 1470 548 :
1497 495 1681 548 Beatus
1707 495 1792 564 qui
1825 493 2049 557 A'cular
2076 494 2128 546 in
2157 508 2266 561 quo
2294 495 2532 549 calcatus
2559 503 2641 548 est
2677 494 2929 555 calcavit,
2953 495 3066 564 _qui
3109 510 3203 548 sua
3231 498 3467 564 potentia

198 563 386 633 Digilal
427 573 477 616 et
515 565 738 617 custodit
776 565 1070 617 vestimenta
1099 581 1213 628 sua,
1246 581 1309 617 ne
1338 565 1505 617 nudas
1549 563 1792 629 ambulet,

197 640 250 704 et
275 634 480 704 videant
502 634 870 702 turpitudinem
901 635 1013 704 ejus
1043 635 1225 703 (Apoc.
1257 649 1368 695 xvr,
1404 633 1511 704 15).
1539 633 1794 702 Turpitu-

197 701 295 772 dor
315 701 456 755 enim
488 701 671 772 nostra
721 710 848 757 tunc
887 701 1143 768 cernitur,
1172 719 1290 758 cum
1322 705 1428 757 vita
1458 701 1798 772 reprehensi-

198 768 330 842 bilis
370 779 494 824 ante
539 771 810 842 justorum
840 772 1060 835 oculos,
1108 773 1160 826 iu
1206 773 1410 839 judicio
1459 768 1796 842 nequaquam

199 840 587 909 subsequentis
611 841 738 895 boni
769 842 950 909 operis
982 842 1214 910 tegmine
1243 843 1475 896 velatur.

512 932 641 986 CAP.
672 930 937 986 XXXVII.
962 965 1034 976 -—
1061 932 1195 987 Item
1221 936 1285 987 de
1313 935 1510 988 eodem.

278 1020 358 1090 (lu
386 1021 616 1091 exposit.
650 1020 711 1074 B.
739 1019 874 1093 Iob,
901 1021 992 1077 lib.
1027 1039 1147 1087 xvr,
1180 1039 1327 1078 num.
1361 1021 1476 1093 6'5.)
1518 1022 1670 1077 Sicut
1700 1037 1795 1077 ve-

197 1090 704 1162 stimentacorpus,
733 1091 812 1146 sic
847 1092 986 1162 bona
1017 1108 1179 1161 opera
1222 1090 1511 1162 protegunt
1539 1093 1794 1146 animam.

203 1157 366 1232 Unde
407 1157 616 1214 cuidam
657 1161 853 1216 dicitur
889 1177 904 1213 :
935 1157 1125 1232 Beatus
1163 1157 1250 1230 qui
1291 1163 1469 1232 vigilat
1497 1171 1545 1216 et
1574 1163 1798 1232 custodit

199 1231 507 1284 vestimenta
533 1246 646 1293 sua,
672 1247 736 1284 ne
759 1232 926 1284 nudus
955 1231 1177 1285 ambulet
1219 1230 1402 1302 (Apoc.
1435 1247 1544 1299 xvn,
1577 1230 1687 1299 15).

199 1317 342 1374 (In.
389 1315 670 1375 XXXVIII.
702 1352 774 1362 —
799 1321 974 1392 Aquas
1013 1321 1385 1392 quasuidisti,
1427 1321 1514 1376 ubi
1553 1322 1798 1376 meretrix

753 1390 936 1460 (Apoc.
970 1407 1076 1445 xvu
1099 1433 1116 1457 ,
1145 1390 1261 1460 15).

283 1474 477 1548 (Ilom.
508 1475 542 1528 8
585 1475 636 1530 in
682 1475 973 1541 Ezechiel.,
1007 1494 1155 1532 num.
1189 1478 1268 1548 l.)
1317 1478 1506 1548 Solent
1549 1479 1600 1534 in
1642 1495 1798 1534 sacro

201 1545 429 1618 eloquio
459 1561 569 1618 per
596 1561 764 1618 aquas
792 1549 971 1616 pepuli
1012 1545 1301 1616 designari.
1333 1547 1485 1603 Unde
1514 1565 1610 1618 per
1632 1548 1799 1603 Joan-

205 1562 429 1626 eloquio
457 1562 569 1626 .per
596 1562 764 1668 aquas
792 1562 971 1616 pepuli
1012 1562 1301 1616 ocsngnart.
1335 1562 1485 1603 unde
1514 1565 1610 1618 per
1632 1562 1795 1603 Joan-

205 1630 338 1696 nent
367 1616 598 1696 dtCttut':
668 1632 784 1696 quq:
810 1633 926 1696 vero
955 1627 1093 1696 sunt_
1123 1619 1322 1696 populi.
1365 1618 1569 1696 Idcirco
1615 1628 1795 1696 autem

203 1685 366 1752 aquis
395 1685 623 1754 populus
648 1685 977 1754 designatur,
1005 1685 1132 1754 quia
1168 1685 1222 1740 et
1262 1687 1312 1741 in
1340 1687 1450 1742 vita
1479 1703 1670 1742 sonum
1703 1687 1802 1741 ha-

204 1755 307 1807 bet
329 1755 654 1877 exrtlurlnultu
684 1755 882 1822 carnis,
912 1765 968 1812 et
995 1755 1238 1825 quotidie
1262 1755 1446 1812 deﬂuit
1473 1773 1542 1812 ex
1569 1757 1798 1812 decursu

204 1838 334 1877 lltOt‘
359 1839 389 1876 a
413 1839 428 1876 ι
456 1839 481 1874 a
516 1838 580 1877 ιε.

203 1838 580 1880 ιιιοτιξιιιιειιιε.

204 1911 346 1972 CAP.
372 1911 611 1970 XXXIX.
633 1943 703 1956 —-
726 1914 872 1969 Beati
881 1917 978 1990 qui
1003 1917 1072 1970 ad
1091 1934 1287 1990 comam
1308 1920 1605 1990 nuptiarum
1634 1919 1798 1974 vocati

707 1996 828 2039 sunt
871 1988 1054 2056 (Apoc.
1081 2003 1200 2055 xxx,
1230 1988 1304 2059 9).

286 2074 515 2145 (Ilomil.
549 2073 582 2148 (i
620 2075 678 2148 in
708 2075 930 2148 Evang.,
971 2093 1119 2148 num.
1149 2077 1265 2148 2t.)
1313 2078 1389 2133 De
1419 2079 1521 2134 hoc
1548 2093 1676 2148 ergo
1705 2095 1800 2134 ex-

207 2155 391 2218 tremo
421 2145 681 2218 convivio
714 2145 968 2213 aliusper
995 2145 1255 2202 Joannem
1284 2149 1514 2203 dicitur:
1544 2145 1688 2203 Beati
1713 2150 1802 2218 qui

206 2215 283 2288 ad
311 2231 506 2288 cwnam
535 2216 832 2288 nuptiarum
875 2219 1043 2288 vocati
1085 2219 1415 2288 suntA(Apoc.
1450 2235 1568 2279 XIX.
1600 2218 1684 2288 9).
1718 2215 1800 2273 Id-

207 2285 362 2338 circo
386 2287 528 2338 enim
560 2283 664 2338 neu
696 2287 762 2338 ad
793 2287 1096 2354 prandium,
1123 2283 1221 2340 sed
1242 2283 1314 2340 ad
1339 2305 1546 2343 omnem
1579 2283 1801 2344 vocatos

209 2355 559 2424 narrat,quia
585 2355 831 2408 nimirum
856 2357 906 2409 in
938 2354 1039 2410 line
1059 2355 1164 2410 diei
1185 2359 1490 2412 convivium
1518 2373 1670 2413 emna
1694 2367 1798 2413 est.

209 2424 317 2489 Qui
339 2437 467 2492 ergo
490 2424 641 2478 linito
664 2427 940 2496 praesentis
958 2425 1075 2479 vita:
1092 2434 1341 2496 tempore
1364 2427 1428 2480 ad
1455 2427 1800 2482 relectionem

209 2508 462 2566 superna:
484 2494 954 2566 contemplationis
983 2494 1222 2562 veniunt,
1248 2513 1355 2551 non
1385 2497 1450 2550 ad
1476 2495 1613 2566 Agui
1643 2511 1802 2566 pran-

213 2562 388 2629 dium,
419 2564 510 2618 sel
536 2563 604 2618 ad
639 2579 850 2618 cumam
879 2573 1158 2620 vocantur.

285 2650 420 2709 CAP.
448 2650 556 2705 XL.
577 2681 646 2694 ——
677 2651 807 2723 Vide
834 2670 898 2706 ne
927 2655 1108 2723 feceris
1131 2692 1146 2715 ,
1179 2670 1448 2710 conservus
1478 2665 1592 2710 tuus
1617 2672 1730 2710 sum

779 2722 962 2792 (Apoc.
986 2740 1096 2788 xxx,
1123 2723 1234 2793 I0).

287 2809 506 2882 (llomil.
540 2810 573 2864 8
604 2811 654 2864 in
683 2810 908 2880 Evang,
942 2829 1089 2867 num.
1116 2813 1195 2882 2.)
1227 2812 1361 2868 Loth
1395 2815 1476 2868 vel
1506 2814 1670 2870 Iosue
1706 2831 1803 2870 an-

212 2881 366 2946 gelos
392 2881 638 2952 adorant,
663 2897 759 2952 nec
785 2891 960 2935 tamen
992 2881 1216 2937 adorare
1243 2885 1612 2952 prohibentur.
1644 2884 1806 2938 Joan-

214 2967 315 3025 nes
334 2950 738 3025 in_Apocalypsi
767 2953 994 3025 adorare
1015 2950 1275 3025 angelum
1289 2954 1478 3025 voluit,
1507 2957 1600 3008 sed
1627 2965 1804 3009 tamen

215 3020 361 3074 idem
391 3020 534 3090 hunc
571 3020 793 3088 angelus
819 3021 1044 3076 adorare
1066 3020 1134 3076 ue
1160 3037 1221 3077 se
1248 3020 1461 3086 debeat,
1492 3025 1803 3090 compescit,

215 3090 404 3144 dicens
428 3107 444 3144 :
482 3088 613 3146 Vide
636 3107 700 3143 ne
719 3091 928 3157 feceris,
956 3107 1228 3147 conservus
1251 3102 1366 3145 tuus
1389 3109 1500 3145 sum
1516 3102 1564 3145 et
1587 3088 1804 3157 fratrum

214 3168 426 3232 tuorum
457 3161 640 3232 (Apoc.
668 3176 778 3228 nx,
811 3160 925 3232 10).
953 3160 1090 3228 Quid
1119 3162 1367 3232 estquod
1412 3171 1538 3216 ante
1581 3160 1808 3217 Redem-

217 3230 395 3298 ptoris
422 3229 711 3284 adventum
753 3231 928 3297 angeli
973 3233 1040 3286 ab
1079 3229 1386 3285 hominibus
1433 3233 1728 3286 adorantur
1755 3241 1810 3286 et

219 3307 438 3365 tacent;
467 3300 806 3369 postmodum
831 3316 958 3355 vero
981 3301 1188 3355 adorari
1223 3302 1511 3370 refugiunt,
1539 3303 1638 3357 nisi
1665 3302 1807 3370 quod

223 3378 471 3442 naturam
503 3379 739 3426 nostram
764 3371 911 3439 prius
934 3387 1092 3439 quam
1123 3371 1499 3442 despexeram,
1526 3381 1808 3442 postquam

221 3437 365 3510 hanc
389 3453 552 3510 suptr
589 3454 649 3493 se
687 3437 1429 3510 asJumpta‘m,conspiciunt,
1481 3437 1808 3496 substratam

222 3507 326 3566 sibi
355 3508 538 3562 videre
561 3507 980 3576 pertimescant?
1010 3509 1120 3565 Nec
1143 3507 1252 3577 jam
1284 3513 1383 3564 sub
1411 3526 1470 3565 se
1495 3514 1641 3565 ve‘ut
1665 3509 1810 3564 inlir-

225 3593 368 3649 tnam
392 3585 738 3649 contemnere
767 3580 880 3632 ausi
910 3589 1052 3646 sum,
1082 3596 1186 3649 qua
1211 3599 1238 3630 ιι
1266 3596 1429 3649 super
1450 3595 1529 3647 se,
1560 3581 1812 3634 videlicet

227 3647 282 3719 in
331 3647 452 3719 (mli
501 3645 645 3719 Itcge
687 3657 1028 3704 venerantur.
1081 3645 1190 3704 Nec
1219 3645 1417 3703 habere
1459 3645 1812 3719 dedignantur

228 3717 500 3837 gortiinetu
531 3717 759 3783 socium,
808 3719 898 3788 qui
945 3735 1107 3790 super
1154 3734 1214 3773 se
1264 3721 1494 3773 adorant
1537 3717 1809 3776 hominem

278 3802 417 3837 eum.

278 3802 417 3838 eum.

228 3879 360 3934 Car.
393 3876 525 3930 XLI.
557 3910 624 3919 —
667 3878 734 3931 Et
773 3881 1152 4021 ποντίαιδῶἵὶ
1191 3892 1308 3935 sunt
1354 3883 1408 3935 in
1447 3883 1570 3938 caelo
1626 3883 1808 3953 (Apoc.

235 3998 260 4021 ,
893 3967 1005 4012 ως,
1136 3991 1151 4006 .

235 3998 260 4022 ,
893 3967 1005 4012 nx,
1038 3967 1151 4021 ta).

303 4040 384 4112 (In
411 4041 642 4109 exposit.
676 4039 735 4092 Β.
767 4039 890 4107 Job,
941 4041 1032 4095 lib.
1079 4057 1236 4102 χχχι,
1278 4057 1424 4096 num.
1474 4039 1590 4108 27.)
1633 4040 1815 4109 Equus

231 4111 566 4190 quippei-nt.
601 4111 883 4190 unicuique
927 4121 1134 4190 sanctas
1175 4113 1363 4190 animm
1407 4126 1602 4190 corpus
1636 4126 1810 4190 sputu,

232 4179 656 4253 quotvidclieet
687 4179 838 4235 novit
867 4189 921 4234 et
944 4181 1260 4253 Aabillicitis
1291 4181 1585 4253 continenti
1604 4199 1632 4230 ιε
1663 4181 1815 4253 l'reno

232 4250 578 4317 I‘estringete,
603 4258 656 4302 et
678 4266 886 4303 rursum
909 4250 1184 4304 tliari'atis
1213 4250 1440 4314 impulsu
1471 4250 1522 4303 io
1552 4251 1816 4303 exercita-

236 4321 384 4376 tione
411 4319 533 4372 boui
553 4336 603 4386 ο,
625 4321 732 4374 eris
755 4322 1013 4373 relaxare.
1042 4319 1191 4374 Unde
1213 4319 1522 4373 ttJoanncs
1541 4320 1816 4379 apostolus

234 4389 289 4442 iu
321 4389 637 4458 Apoc;ilyp.~i
673 4390 713 4442 υ
737 4391 956 4442 nninum
986 4390 1396 4458 contemplatus,
1427 4391 1500 4442 ait
1530 4406 1543 4441 :
1574 4388 1640 4441 Et
1664 4405 1814 4441 exer-

235 4460 366 4538 citus
395 4459 478 4529 qui
507 4461 704 4538 suntin
725 4459 872 4538 _c_a'l_o_,
905 4459 1246 4538 sequebantur
1277 4475 1390 4512 cum
1435 4460 1488 4511 in
1517 4460 1658 4538 equis
1684 4458 1816 4538 albis

236 4527 423 4598 (Apoc.
443 4543 552 4598 xix,
579 4527 686 4596 11).
721 4527 1110 4582 Multitudinein
1138 4540 1448 4583 sanctorum
1477 4527 1597 4596 qua:
1629 4529 1680 4581 in
1713 4529 1816 4598 hoc

236 4596 482 4668 martyrii
509 4596 653 4653 bello
681 4599 984 4664 sudaverat,
1010 4607 1154 4652 recte
1183 4599 1479 4653 exercitum
1509 4606 1686 4668 vocat.
1711 4597 1814 4663 Qui

238 4665 442 4726 idcirco
470 4665 524 4720 in
565 4668 716 4735 equis
754 4668 889 4721 albis
916 4668 1106 4722 sedere
1134 4668 1456 4729 referuntur,
1489 4666 1611 4735 quia
1658 4668 1817 4719 uimi-

237 4752 358 4795 rum
388 4751 575 4790 eorum
605 4752 834 4806 corpora
862 4745 918 4791 ct
961 4738 1080 4793 luce
1123 4735 1345 4806 iustitiae
1394 4743 1450 4792 et
1489 4737 1820 4792 castimoniae

238 4806 478 4860 candore
501 4805 831 4860 claruerunt.

238 4897 374 4956 Car.
405 4895 559 4950 XLII.
591 4896 742 4950 —Et
763 4897 915 4951 habet
943 4897 996 4954 in
1019 4899 1315 4952 vestimento
1344 4907 1393 4951 et
1422 4899 1472 4951 in
1503 4900 1694 4966 femore
1729 4913 1821 4951 suo

477 4968 742 5036 scriptum,
770 4966 883 5022 Rea;
909 4985 1084 5038 regum
1114 4968 1296 5038 (Apoc.
1331 4984 1439 5033 tux,
1466 4967 1573 5035 16).

318 5056 398 5122 (In
427 5057 657 5124 exposit.
693 5056 887 5110 Ezrch.
922 5057 1012 5110 lib.
1045 5073 1100 5118 ιι.
1130 5057 1275 5110 hom.
1322 5057 1371 5118 I,
1409 5073 1556 5110 num.
1599 5055 1677 5122 9.)
1725 5055 1825 5109 l'cr

243 5126 508 5180 Joannem
537 5127 731 5180 dicitur
759 5144 771 5177 :
805 5125 937 5178 ηαδ.
955 5127 1040 5178 bat
1069 5129 1122 5180 in
1146 5129 1437 5180 vestimento
1466 5136 1515 5179 et
1555 5128 1607 5178 in
1632 5130 1826 5195 f'entore

244 5212 342 5249 suo
369 5196 637 5264 scriptum,
682 5195 792 5265 Rex
835 5212 1030 5265 regum,
1075 5205 1125 5249 et
1155 5195 1403 5249 Dominus
1449 5197 1826 5249 dominantium

248 5265 434 5335 (Apoc.
462 5282 569 5327 xix,
597 5265 698 5335 ιϐ).
721 5264 858 5330 Quid
874 5264 1015 5319 enim
1036 5265 1154 5332 ejus
1175 5266 1550 5324 vestimentum
1568 5274 1648 5318 est
1665 5275 1828 5332 atque

251 5334 396 5387 aliut
428 5335 560 5402 ipse.
587 5337 716 5390 Nam
749 5344 987 5388 ttoslt‘ttttt
1025 5350 1241 5403 quoque
1279 5335 1654 5390 vestimentum
1698 5351 1827 5389 caro

251 5404 469 5470 dicitur,
491 5404 584 5459 scd
610 5414 786 5458 taiuen
817 5405 916 5470 ipsi
939 5420 1037 5460 nos
1063 5420 1244 5458 sumus
1266 5419 1394 5458 caro
1413 5419 1518 5472 qua
1549 5404 1830 5468 vestiatur;

253 5473 360 5528 hoc
379 5485 560 5526 autem
589 5475 964 5528 vestimentum
995 5473 1136 5528 illius
1165 5474 1321 5540 longe
1349 5471 1472 5526 ante
1500 5471 1664 5526 Isaias
1684 5474 1830 5541 aspi-

254 5543 407 5611 ciens
460 5558 556 5610 per
602 5559 819 5598 crucem
870 5543 1133 5611 passionis
1180 5543 1436 5608 sanguine
1493 5551 1831 5596 cruentatum

256 5610 431 5665 dixit:
457 5611 628 5675 Quare
668 5610 880 5665 rubrum
903 5622 978 5677 est
1016 5613 1366 5665 indumentum
1405 5621 1566 5677 tuum,
1593 5619 1642 5662 et
1679 5612 1833 5664 resti-

258 5691 433 5753 menta
455 5692 539 5734 uta
560 5685 707 5753 quasi
731 5683 1040 5753 calcantium
1058 5684 1121 5753 in
1153 5681 1398 5753 turrulari
1419 5680 1552 5753 (Isa.
1572 5695 1718 5753 thu,
1740 5679 1835 5749 2)?

258 5750 360 5806 Cui
395 5767 504 5820 Ipse
534 5750 809 5820 respondit
839 5768 853 5802 :
882 5750 1128 5820 Torcular
1154 5751 1344 5803 calcavi
1370 5752 1528 5816 solus,
1550 5759 1597 5802 et
1627 5750 1690 5801 de
1710 5767 1832 5819 gen-

263 5820 397 5882 tibus
418 5837 518 5880 ηνη
550 5819 634 5881 est
661 5822 736 5876 vir
779 5837 971 5880 mecum
997 5819 1154 5896 (Ibid.
1183 5837 1229 5875 υ.
1263 5822 1339 5894 8).
1373 5822 1531 5877 Solus
1549 5821 1693 5881 enim
1723 5829 1835 5878 tor-

1898 577 2017 615 eam
2039 578 2196 630 quam
2217 564 2436 632 pertulit
2458 565 2760 631 passionem
2781 564 2928 618 vicit.
2953 561 3082 616 Nam
3111 565 3200 630 qui
3224 561 3389 633 usque
3404 568 3470 620 ad

1898 641 2126 686 mortem
2153 634 2332 685 crucis
2358 647 2545 701 passus
2572 642 2676 698 est,
2707 633 2773 701 de
2799 641 2972 686 morte
2999 648 3117 685 cuiu
3155 633 3323 699 gloria
3351 651 3467 688 sur-

1897 702 2054 754 rexit.
2080 701 2224 755 Bene
2249 700 2427 754 autem
2451 701 2646 754 dicitur
2670 719 2684 753 :
2711 700 2780 753 Et
2810 701 2874 754 de
2911 701 3142 770 gentibus
3165 718 3268 755 non
3295 713 3371 756 est
3399 705 3476 758 vir

1897 785 2113 837 mecum,
2146 771 2269 838 quia
2309 771 2362 824 hi
2411 785 2509 839 pro
2536 771 2728 837 quibus
2778 771 2886 838 pati
2928 780 3170 837 venerat,
3215 772 3477 838 passimiis

1896 839 2013 907 ejus
2041 853 2160 893 esse
2190 840 2476 908 participes
2504 839 2803 903 debebant;
2845 839 2935 908 qui
2978 855 3075 906 pro
3104 855 3170 894 eo
3200 840 3343 906 quod
3385 841 3475 893 illo

1899 915 2141 976 tempore
2175 909 2401 964 necdum
2444 909 2813 971 credideraut',
2861 909 2929 963 de
2971 908 3098 977 ipsis
3129 909 3180 962 in
3231 909 3476 976 passione

1899 978 2160 1048 queritur.
2202 994 2430 1046 quorum
2461 978 2570 1032 vita
2616 979 2666 1032 in
2695 979 2783 1032 illa
2829 979 3087 1048 passione
3119 979 3474 1048 quazrebatur.

1898 1045 2003 1100 I’er
2031 1046 2204 1101 femur
2225 1045 2358 1102 vero
2385 1048 2699 1117 propagatio
2727 1045 2902 1102 carnis
2924 1055 3027 1101 est.
3060 1045 3192 1117 Quia
3225 1061 3352 1114 ergo
3385 1062 3481 1116 per

1900 1117 2246 1186 propaginem
2273 1116 2484 1184 generis
2509 1117 2748 1179 humani,
2781 1118 2919 1171 sicut
2949 1116 3354 1186 generationum
3385 1131 3479 1168 or-

1898 1185 2050 1239 dines
2087 1185 2338 1240 Matthazo
2380 1187 2464 1240 vel
2506 1186 2654 1240 Luca
2705 1186 3046 1240 narrantibus
3087 1185 3480 1248 describuntur,

1899 1255 1952 1326 in
1983 1255 2126 1310 hunc
2155 1255 2407 1326 mundum
2431 1254 2924 1326 venitex‘Virgine,
2955 1264 3009 1308 et
3029 1269 3124 1326 per
3152 1256 3482 1326 incarnatioc

1900 1325 1983 1394 nis
2003 1339 2114 1378 suae
2143 1325 2476 1394 mysterium.
2502 1324 2626 1393 quia
2653 1324 2763 1378 Rex
2793 1333 2938 1394 esset
2963 1335 3018 1378 et
3035 1324 3321 1394 Dominus,
3347 1339 3482 1394 eun-

1899 1393 2002 1448 etis
2030 1393 2228 1463 ubique
2265 1395 2514 1461 gentibus
2558 1393 2837 1455 indicavit,
2868 1393 2920 1448 in
2962 1393 3283 1463 vestimento
3327 1401 3382 1445 et
3427 1393 3480 1446 in

1899 1463 2104 1533 leniore
2142 1461 2403 1533 scriptum
2455 1463 2642 1517 habuit
2687 1480 2700 1515 :
2754 1463 2866 1516 Rea:
2906 1479 3080 1533 regum
3129 1471 3177 1516 et
3229 1461 3484 1533 Dominus

1900 1531 2292 1585 dominantium.
2342 1531 2494 1586 Unde
2519 1533 2660 1586 enim
2695 1533 2746 1584 in
2783 1531 2981 1587 mundo
3007 1531 3262 1600 innotuit,
3307 1532 3377 1586 ibi
3418 1532 3486 1586 de

1901 1615 1962 1655 se
1993 1603 2236 1655 lcetiouis
2260 1602 2582 1655 sententiam
2609 1602 2799 1655 inﬁxit.

1899 1687 2029 1742 Car.
2064 1687 2398 1742 XLIII.—Et
2423 1690 2598 1760 ligavit
2614 1707 2705 1760 per
2728 1706 2892 1743 annos
2919 1689 3059 1743 mille
3083 1689 3267 1759 (Apoc.
3291 1705 3382 1755 xx,
3406 1687 3484 1758 2).

1975 1778 2055 1849 (In
2082 1781 2314 1850 expo~it.
2341 1780 2401 1834 Β.
2428 1779 2553 1848 Job,
2579 1781 2672 1834 lib.
2699 1796 2772 1848 tv,
2801 1797 2949 1835 num.
2977 1779 3088 1850 I6.)
3117 1780 3270 1835 Hunc
3299 1779 3488 1834 Levia-

1833 1857 1876 1916 Β
1903 1849 2032 1920 than
2062 1848 2220 1904 eleCti
2249 1850 2807 1920 angelornmspiritus
2853 1865 2993 1904 nunc
3033 1848 3084 1904 in
3107 1859 3280 1920 puteo
3310 1851 3486 1920 abyssi

1901 1917 2140 1989 clausum
2171 1917 2438 1989 premunt.
2473 1917 2633 1989 Undef
2651 1920 2908 1989 scriptum
2937 1928 3018 1974 est
3047 1937 3059 1972 :
3102 1918 3220 1989 Vidi
3249 1917 3488 1988 angelum

1900 1987 2291 2042 descendentem
2314 1988 2376 2041 de
2397 1991 2520 2042 caelo
2548 1987 2815 2043 habentem
2838 1991 3030 2042 clavem
3058 1987 3251 2057 abyssi,
3275 1987 3327 2040 et
3344 1999 3486 2041 cate-

1900 2073 2021 2110 nam
2051 2074 2292 2128 magnum
2323 2060 2377 2110 in
2418 2075 2574 2111 manu
2605 2075 2718 2111 sua.
2754 2057 2830 2128 Et
2850 2059 3187 2128 apprehendit
3211 2059 3488 2110 draconem

1899 2127 2186 2199 serpentem
2214 2129 2478 2198 antiquum
2517 2129 2602 2199 qui
2622 2139 2696 2199 est
2725 2127 2960 2182 diabolus
2990 2137 3040 2180 et
3070 2127 3320 2199 Satanas,
3351 2135 3399 2178 et
3424 2128 3490 2179 li-

1901 2198 2039 2264 gavit
2083 2213 2198 2250 eum
2238 2197 2537 2266 per'annos
2559 2198 2719 2262 mille,
2750 2210 2798 2252 et
2841 2199 2978 2252 ﬁliai!
3006 2214 3127 2266 eum
3158 2197 3214 2250 in
3251 2197 3492 2265 abyssum

1903 2265 2086 2336 (Apoc.
2118 2283 2207 2329 xx,
2236 2267 2285 2330 I,
2308 2265 2383 2336 2).
2405 2266 2577 2332 Quem
2604 2275 2783 2320 tamen
2811 2267 2865 2320 in
2897 2266 3076 2320 mundi
3105 2265 3209 2320 line
3234 2267 3488 2336 adaper-

1904 2333 2042 2388 tiora
2073 2333 2368 2390 certamina
2400 2344 2673 2400 revocant,
2695 2344 2749 2390 et
2770 2345 2938 2390 totum
2963 2344 3148 2390 contra
3176 2350 3274 2388 nos
3304 2333 3492 2388 in'suis

1901 2404 2105 2458 viribus
2133 2405 2395 2459 relaxant.
2414 2403 2690 2459 Undeillic
2717 2421 2926 2458 rursum
2955 2407 3210 2473 scriptum
3235 2402 3492 2473 est:Cum

1903 2475 2144 2544 eompleti
2170 2475 2362 2544 fuerint
2382 2475 2522 2528 mille
2550 2476 2698 2539 anni,
2718 2475 2948 2544 solvetur
2968 2472 3218 2544 Satanas
3252 2472 3414 2544 (Ibid.
3444 2489 3489 2524 υ.

1902 2542 1978 2613 7).
2010 2541 2105 2598 Ille
2134 2541 2275 2598 enim
2306 2553 2551 2613 apostata
2575 2543 2815 2613 angelus,
2841 2543 2932 2611 qui
2965 2543 3034 2596 ita
3057 2543 3303 2597 conditus
3326 2542 3494 2596 fuerat

1907 2622 1968 2683 ut
1994 2614 2305 2679 angelorum
2336 2613 2544 2668 ctcteris
2564 2613 2864 2683 legionibus
2895 2613 3185 2677 emineret,
3208 2613 3290 2683 ita
3315 2627 3495 2683 super-

1902 2680 2098 2736 b'endo
2127 2683 2431 2747 succubuit,
2483 2691 2545 2736 ut
2576 2680 2717 2738 nunc
2759 2684 3020 2737 stantium
3062 2682 3375 2749 angelorum
3407 2680 3493 2734 di-

1906 2751 2037 2805 tioni
2069 2752 2372 2806 substratus
2399 2752 2500 2818 sit;
2537 2763 2802 2820 quatenus
2834 2753 2916 2806 vel
2945 2767 3086 2806 nunc
3115 2751 3180 2804 ad
3211 2751 3493 2806 “IIIIIalt'III

1906 2832 2144 2875 nostram
2202 2823 2282 2876 eis
2325 2822 2751 2876 ministrantibus
2798 2823 3054 2890 religatus
3104 2821 3286 2886 lateat,
3325 2828 3382 2872 ut
3430 2823 3495 2873 al

1907 2891 2279 2958 probationem
2320 2899 2558 2944 nostram
2600 2892 2679 2945 eis
2717 2891 3084 2946 relaxantibus
3124 2891 3250 2945 totis
3291 2905 3350 2945 se
3387 2891 3496 2944 suis

1906 2970 2092 3014 contra
2118 2975 2215 3015 nos
2235 2960 2436 3014 viribus
2460 2960 2669 3014 solutus
2693 2970 2959 3014 exerceat.

2254 3048 2383 3103 CAP.
2413 3048 2597 3103 XLIV.
2623 3080 2694 3091 --
2716 3048 2849 3102 Item
2876 3049 2940 3103 de
2962 3049 3156 3103 eodem.

1983 3139 2063 3207 (In
2095 3140 2329 3208 exposit.
2363 3139 2423 3192 Β.
2454 3139 2572 3204 Job,
2604 3140 2696 3194 lib.
2724 3156 2880 3201 xviu,
2926 3155 3072 3194 num.
3103 3139 3215 3206 67.)
3253 3139 3373 3192 Vidi
3403 3157 3497 3192 an-

1837 3219 1883 3282 c
1911 3210 2079 3280 gelum
2110 3210 2498 3263 descendentem
2521 3211 2590 3282 de
2613 3211 2758 3274 carlo,
2783 3211 3052 3263 habentem
3079 3211 3273 3282 clavem
3302 3211 3493 3282 abyssi,

1911 3279 1961 3332 et
1985 3289 2221 3332 catenam
2243 3295 2487 3348 magnam
2515 3281 2568 3333 in
2597 3296 2752 3332 manu
2772 3295 2866 3333 sua
2891 3295 2908 3332 :
2935 3288 2984 3332 et
3014 3279 3350 3348 apprehendit
3377 3279 3498 3332 dra-

1911 3365 2088 3402 conem
2115 3347 2400 3420 serpentem
2421 3349 2707 3420 antiquum,
2722 3352 2812 3420 qui
2833 3358 2908 3402 est
2924 3347 3158 3420 diabolus
3169 3358 3215 3420 et
3237 3350 3496 3402 Satanas:

1911 3429 1962 3471 et
1987 3419 2166 3487 ligavit
2191 3434 2306 3472 eum
2333 3434 2424 3488 per
2449 3417 2615 3472 annos
2638 3417 2799 3485 mille,
2827 3430 2872 3472 et
2899 3419 3039 3471 misit
3079 3419 3134 3488 in
3162 3417 3424 3486 abyssum,
3451 3429 3499 3470 et

1913 3489 2120 3554 clausit,
2146 3499 2194 3540 et
2215 3487 2437 3558 signavit
2460 3504 2613 3558 super
2641 3488 2787 3541 illum
2815 3496 2868 3539 ut
2899 3505 3000 3540 non
3027 3487 3234 3558 seducat
3281 3489 3500 3556 amplius

1911 3567 2107 3626 gentes,
2141 3557 2302 3612 donec
2329 3557 2744 3612 consummentur
2769 3558 2910 3611 mille
2939 3557 3066 3610 anni
3094 3557 3276 3626 (Apoc.
3305 3573 3394 3619 xx,
3419 3558 3497 3623 I).

1914 3626 2215 3682 Mdlenario
2261 3627 2406 3682 enim
2450 3642 2676 3683 numero
2709 3627 3202 3696 noniquantitatem
3245 3632 3502 3694 temporis

1913 3697 2005 3749 sed
2033 3697 2436 3750 universitatem
2465 3711 2570 3764 qua
2601 3703 2788 3765 regnat
2816 3695 3052 3751 Ecclesia
3079 3695 3344 3765 designat.
3386 3696 3497 3765 An-

1916 3765 2096 3832 tiquus
2124 3773 2303 3820 autem
2333 3780 2557 3834 serpens
2587 3764 2778 3834 ligatus
2803 3775 2992 3820 catena
3020 3765 3071 3818 in
3103 3764 3502 3834 abyssum_mit-

1916 3831 2083 3900 titur;
2132 3835 2258 3902 quia
2300 3831 2555 3901 religatus
2585 3831 2907 3889 abonorum
2953 3831 3202 3888 cordibus
3229 3831 3369 3900 apud
3416 3848 3503 3887 re—

1915 3909 2207 3971 probarum
2254 3913 2463 3958 mentes
2493 3904 2764 3965 reclusus,
2807 3903 2885 3958 eis
2913 3903 3148 3957 atrocius
3174 3902 3500 3971 dominatur.

1916 3970 2020 4053 Qui
2052 3973 2213 4052 paulo
2244 3981 2366 4053 ppst
2390 3988 2606 4053 quoque
2632 3972 2700 4026 de
2728 3980 2891 4053 puteo
2917 3971 3096 4041 abyssi
3126 3970 3280 4024 educi
3303 3971 3500 4053 descri-

1915 4039 2332 4114 bitur—,quia'de
2356 4039 2660 4114 iniquorum
2689 4039 2961 4114 cerdibuj,
2992 4039 3135 4114 nunc
3161 4039 3373 4094 occulte
3401 4056 3502 4092 sa:-

1915 4109 2215 4178 vientibus,
2247 4119 2375 4166 tunc
2404 4109 2622 4180 accepta
2653 4118 2842 4166 contra
2891 4109 3184 4180 Ecclesiam
3234 4117 3502 4179 potestate

1916 4183 1970 4236 in
2001 4181 2106 4235 vim
2139 4189 2340 4250 aperta:
2367 4179 2757 4250 perseeutionis
2787 4179 3035 4248 erumpit.

2271 4270 2402 4327 Car.
2435 4269 2593 4325 XLV.
2625 4301 2697 4313 —
2719 4269 2852 4326 Item
2879 4270 2940 4323 de
2968 4268 3166 4323 eodem.

1992 4361 2079 4431 (In
2111 4361 2341 4430 cxposit.
2376 4359 2448 4431 Β.
2481 4359 2616 4424 .1υι›,
2663 4359 2752 4414 lib.
2801 4375 2977 4431 χχχι).
3023 4373 3169 4412 num.
3200 4357 3504 4431 22.)‘Sicut

1918 4427 2061 4486 enim
2092 4427 2284 4485 cedrus
2310 4430 2524 4484 arbusta
2555 4438 2752 4485 caatera
2802 4429 2853 4483 in
2893 4429 3058 4484 altum
3088 4427 3384 4484 crescendo
3412 4429 3506 4481 des

1919 4503 2086 4566 serit,
2117 4501 2190 4554 ita
2219 4509 2346 4555 tunc
2371 4499 2732 4554 Antichristus
2760 4499 2942 4552 mundi
2970 4498 3195 4566 gloriam
3227 4506 3470 4564 tempora
3490 4526 3504 4538 -

1849 4585 1895 4646 ι)
1921 4571 2042 4625 liter
2067 4570 2338 4646 obtinens,
2361 4583 2639 4624 mensuras
2668 4566 3295 4646 hominummctIbo-noris
3316 4567 3506 4646 cubni~

1925 4656 2012 4704 ne,
2035 4648 2090 4693 et
2109 4640 2382 4707 signorum
2409 4647 2676 4709 potestate
2688 4636 3043 4709 transcendit.
3062 4636 3290 4709 Spiritus
3309 4635 3506 4703 quippe

1923 4710 1975 4764 in
2007 4709 2099 4764 illo
2139 4704 2223 4765 est.
2265 4709 2356 4776 qui
2385 4704 2438 4763 in
2466 4706 2784 4764 sublimibus
2806 4707 3056 4776 conditus
3085 4704 3506 4776 potentiainna-

1925 4789 2057 4834 tura:
2097 4793 2205 4833 sua:
2246 4773 2351 4832 non
2382 4777 2642 4847 perdidit,
2685 4773 3068 4847 veldejectus.
3117 4773 3280 4847 Unius
3308 4773 3505 4847 idcirco

1925 4853 2097 4902 virtus
2141 4863 2285 4902 nunc
2315 4843 2536 4902 minime
2581 4843 2903 4910 ostenditur,
2953 4844 3079 4912 quia
3109 4843 3508 4912 dispensatione

1925 4918 2118 4971 divina:
2135 4917 2463 4973 fortitudinis
2480 4917 2695 4986 ligatur.
2711 4913 2863 4986 Unde
2884 4929 2980 4986 per
2999 4912 3259 4986 Joannem
3280 4913 3502 4986 dicitur:

1940 4987 2055 5058 Vidi
2079 4987 2318 5058 angelum
2341 4981 2729 5040 descendentem
2757 4985 2821 5058 de
2845 4981 2992 5050 uelo,
3020 4981 3286 5058 habentem
3313 4984 3506 5058 clavem

1928 5056 2122 5126 abyssi,
2150 5052 2199 5109 et
2229 5065 2465 5109 catenam
2494 5071 2735 5124 magnam
2763 5056 2816 5106 in
2835 5071 2988 5107 manu
3005 5054 3137 5126 ejus.
3156 5063 3202 5104 et
3219 5052 3508 5126 opprehen~

1927 5121 2015 5179 dit'
2030 5121 2304 5180 draconem
2332 5121 2616 5194 serpentem
2645 5128 2908 5194 antiquum
2959 5121 3068 5194 qui
3091 5132 3165 5176 est
3196 5121 3428 5194 diabolus
3459 5130 3507 5174 et

1931 5196 2191 5260 Satanas;
2233 5205 2282 5248 et
2305 5191 2482 5266 ligauit
2509 5211 2624 5266 eum
2651 5209 2742 5266 per
2768 5191 2934 5266 armos
2964 5191 3199 5266 mille,__et
3228 5191 3369 5266 misit
3393 5207 3508 5266 eum

1930 5266 1985 5336 in
2011 5259 2273 5336 abyssum,
2303 5259 2578 5336 et'clausit,
2604 5259 2661 5316 et
2691 5263 2918 5336 signauit
2939 5278 3092 5330 super
3113 5262 3257 5336 illum
3296 5259 3506 5328 (Ibid.).

1933 5331 2150 5402 Ligatus
2177 5335 2377 5405 quippe
2405 5335 2455 5405 in
2482 5334 2731 5404 abyssum
2754 5331 3088 5405 perhibetur,
3112 5331 3243 5405 quia
3272 5339 3508 5405 retrosus

1931 5405 1984 5458 in
2000 5399 2294 5474 pravorum
2311 5399 2590 5467 cordibus,
2614 5401 2851 5470 potentia
2873 5401 3064 5474 divina:
3093 5399 3509 5474 disiieusatiouis

1931 5469 2264 5540 astringitur,
2298 5489 2364 5526 nc
2394 5473 2447 5526 in
2486 5469 2744 5540 quantum
2777 5471 3049 5540 prmvalet,
3082 5469 3406 5532 ellrcnetur;
3454 5477 3510 5524 ut

1932 5546 2175 5616 quamvis
2203 5557 2299 5608 per
2328 5557 2422 5616 eos
2451 5541 2660 5595 occulte
2688 5542 2915 5616 saeviat,_
2945 5540 3302 5616 adviolentas
3333 5549 3508 5616 tamen

1931 5606 2146 5680 rapinas
2171 5606 2432 5680 superbia:
2453 5626 2559 5663 non
2588 5619 2853 5680 erumpat.
2883 5606 2988 5664 Sed
3019 5610 3125 5663 illic
3153 5606 3428 5680 quomodo
3453 5606 3509 5680 i_tl

1939 5675 2120 5734 mundi
2153 5675 2257 5734 line
2287 5681 2357 5734 sit
2393 5679 2681 5733 solvendus
2715 5675 3006 5742 intimatur,
3029 5694 3149 5733 cum
3174 5675 3410 5731 dicitur:
3442 5675 3510 5732 Et

1937 5761 2200 5820 postquam
2219 5751 2407 5818 fuerint
2430 5751 2766 5820 consummati
2796 5750 2936 5820 mille
2947 5750 3091 5812 anni,
3107 5747 3326 5820 solvetur
3342 5747 3508 5820 Sat_an

1939 5816 2001 5880 de
2028 5816 2230 5876 carcere
2257 5835 2371 5890 suo,
2401 5828 2450 5877 et
2487 5817 2645 5877 exibit
2672 5828 2719 5877 et
2739 5817 2941 5877 seducet
2969 5829 3141 5895 gentes
3172 5817 3335 5891 (Ibid.
3358 5832 3404 5873 υ.
3427 5816 3506 5885 7).
