4028 6280
179 363 237 416 fl
259 362 312 418 ll
709 359 956 416 ALULFI
995 358 1348 414 EXPOSITIO

1421 359 1574 415 NOVI
1614 356 1811 414 TEST.
1855 386 1914 393 ——
1957 357 2106 412 SUI’.
2151 359 2404 418 EVANG.
2443 361 2588 419 SEC.
2629 361 2888 416 MATTH.

3296 363 3435 419 {2‘2

171 475 250 554 lbi
277 474 482 554 quippe
503 474 674 554 luerat
693 472 1024 554 humanitas,
1052 485 1171 554 qua:
1199 470 1264 554 ad
1293 470 1752 554 seldevoratorem
1783 470 1829 525 Α
1861 467 1976 554 Non
2020 471 2197 554 quod
2220 489 2248 526 a
2285 473 2488 554 dextris
2523 474 2747 554 .Domini
2798 486 3134 554 nequaquam
3183 474 3439 554 Dominus

172 539 421 608 duceret,
451 543 519 596 ibi
543 541 793 594 divinitas
821 555 940 609 qua:
969 542 1298 608 perforaret;
1332 539 1400 592 ibi
1432 547 1617 607 aperta
1660 539 1753 592 iu-

181 614 400 666 ”irmitas
428 626 546 678 quae
590 619 926 676 provocaret,
959 609 1030 678 ibi
1065 609 1274 662 occulta
1299 609 1465 662 virtus
1484 623 1604 676 qua:
1628 623 1751 676 rapc

179 684 318 736 toris
363 677 567 734 faucem
599 678 954 746 transﬁgeret.
987 677 1044 731 In
1066 678 1227 731 hamo
1253 678 1414 744 igitur
1439 687 1628 746 captus
1651 683 1752 741 est,

174 752 300 821 quia
333 751 454 821 inde
482 748 684 802 interiit
714 747 1150 821 unde__devoravit
1175 764 1190 812 ;
1219 757 1266 801 et
1297 747 1348 800 in
1398 747 1754 821 Redemptore

175 815 383 882 nostro,
415 819 538 871 dum
571 833 665 884 per
708 817 966 871 satellites
991 831 1117 870 suos
1146 831 1323 870 e~cam
1368 815 1608 884 corporis
1642 830 1755 869 mo-

175 891 393 952 mordit,
449 887 743 941 divinitatis
791 886 938 940 illum
969 887 1186 940 aculeus
1239 885 1547 954 perforavit.
1591 884 1755 950 Quasi

171 959 368 1013 hanms
396 958 592 1027 quippe
643 954 821 1027 fauces
862 955 1136 1027 glutientis
1166 955 1357 1018 tenuit,
1405 955 1529 1008 dum
1581 956 1633 1008 in
1664 954 1756 1008 illo

174 1038 233 1082 et
277 1024 616 1082 esca'car’nis
664 1026 852 1094 patuit,
899 1039 1060 1093 quam
1107 1024 1396 1094 devorator
1446 1038 1549 1092 app
1586 1031 1755 1088 ti-ret;

174 1107 232 1151 et
270 1097 520 1150 divinitas
559 1093 821 1166 passionis
854 1104 1093 1166 tempore
1134 1093 1318 1166 latuit,
1358 1108 1475 1166 qum
1517 1102 1753 1166 necaret.

174 1168 236 1220 In
267 1168 364 1221 hac
387 1163 584 1235 quippe
612 1179 868 1235 aquarum
895 1163 1107 1235 abysso,
1125 1163 1181 1235 id
1206 1170 1288 1217 est
1317 1167 1367 1214 in
1398 1163 1498 1217 hac
1531 1163 1756 1235 immen-

173 1238 336 1290 sitate
366 1232 577 1304 generis
628 1232 862 1295 humani,
897 1234 964 1286 ad
993 1232 1490 1304 omniunrtuortem
1529 1232 1754 1296 inhians,

175 1308 342 1360 vitam
371 1301 512 1373 pene
536 1305 772 1356 omnium
803 1317 1022 1373 vorans,
1057 1301 1158 1356 huc
1197 1302 1424 1373 illucque
1449 1309 1638 1373 aperto
1664 1315 1760 1355 ore

178 1385 333 1431 cetus
354 1371 454 1428 iste
475 1371 774 1428 ferebatur:
801 1371 895 1424 sed
918 1372 982 1423 ad
1008 1381 1232 1424 mortem
1248 1372 1354 1424 ceti
1377 1371 1546 1434 istius,
1573 1371 1760 1425 hamus

177 1445 234 1499 in
281 1445 383 1498 hac
430 1458 686 1510 aquarum
728 1440 1099 1510 profunditate
1147 1440 1578 1510 caliginosapest
1627 1440 1760 1492 mira

176 1509 529 1590 dispositione
550 1509 858 1590 suspensus.
893 1509 1060 1590 Hujus
1083 1509 1225 1563 hami
1257 1511 1412 1566 tinea.
1447 1509 1531 1562 illa
1555 1518 1637 1562 est
1665 1522 1761 1590 per

178 1581 529 1650 Evangelium
558 1581 898 1650 antiquorum
927 1588 1139 1650 patrum
1185 1592 1421 1650 propago
1444 1586 1756 1650 memorata.

176 1645 488 1711 Narri,'cum
536 1645 757 1704 dicitur:
792 1645 1052 1702 Abraham
1097 1645 1270 1718 genuit
1295 1647 1467 1712 Isaae,
1499 1645 1652 1700 Isaac
1673 1661 1762 1716 ge-

179 1723 293 1774 nuit
317 1720 482 1774 Iacob
525 1735 542 1772 :
575 1733 805 1786 cumque
833 1719 1010 1773 caeteri
1039 1717 1401 1786 successores,
1443 1717 1763 1784 interposito

1853 538 2058 610 sedeat,
2085 549 2364 610 postquam
2390 543 2634 598 inimicos
2655 543 2794 596 illius
2815 538 3027 605 feriens,
3056 541 3171 607 ejus
3191 547 3440 610 potestati

1854 609 2164 680 substernit,
2196 609 2288 665 sed
2335 612 2475 680 quol
2507 612 2557 664 in
2589 622 2787 665 mterua
2846 611 3054 680 cunctis
3107 609 3440 668 beatitudine

1855 678 2103 752 prmsidet
2147 680 2308 752 etiam
2340 678 2649 752 priusquam
2692 679 2979 752 rebellium
3003 695 3224 734 suorum
3273 683 3440 752 corda

1855 747 2157 806 conculcet.
2207 749 2263 803 In
2295 747 2398 817 qua
2457 750 2707 818 nimirum
2752 747 3014 802 sententia
3058 759 3268 802 constat
3315 750 3440 818 quia

1855 817 2112 887 subjectis
2139 819 2381 873 hostibus
2408 819 2526 873 sine
2557 817 2662 872 line
2689 826 2744 872 et
2772 818 3041 887 posterius
3071 826 3278 885 regnat.

1857 913 1984 967 Car.
2013 912 2100 968 IV.
2137 939 2203 953 —-
2230 912 2294 965 At
2339 909 2418 964 illi
2447 912 2685 965 dixerunt
2709 912 2786 964 ei:
2823 909 2887 965 In
2937 911 3230 965 Bethlehem
3286 911 3440 967 ludar

2425 981 2649 1052 (Matth.
2682 997 2737 1044 ιι,
2771 979 2862 1048 5).

1931 1071 2021 1141 (In
2051 1071 2279 1140 exposit.
2303 1072 2361 1126 Β.
2393 1071 2514 1134 Job,
2545 1071 2639 1125 lib.
2671 1086 2833 1133 xxxv,
2862 1086 3011 1141 num.
3037 1070 3162 1139 26.)
3191 1071 3445 1125 Israelita:

1858 1140 2006 1211 prius
2031 1141 2299 1196 Christum
2345 1148 2734 1209 cognoverunt,
2758 1155 2917 1207 quem
2949 1140 2999 1194 in
3031 1141 3282 1211 passione
3325 1155 3443 1211 sua,

1859 1209 1979 1279 post
2023 1212 2173 1276 quasi
2203 1211 2530 1278 incognitum
2561 1218 3022 1278 contempserunt.
3054 1209 3184 1262 Nam
3209 1210 3445 1262 nascitu-

1859 1296 1975 1334 rum
2006 1280 2294 1343 Cbristum,
2329 1280 2522 1344 nullus,
2547 1279 2638 1347 qui
2668 1279 2826 1347 plene
2855 1279 3024 1348 legem
3047 1279 3261 1342 didicit,
3295 1279 3448 1346 igno-

1858 1353 2015 1404 ravit.
2070 1349 2221 1404 Unde
2269 1359 2324 1404 et
2365 1349 2606 1404 Herodes
2656 1363 2770 1413 rex,
2805 1363 3077 1416 magorum
3129 1350 3448 1402 occursione

1859 1419 2550 1499 perterritus,_saeerdotes
2579 1426 2636 1472 et
2686 1419 2952 1499 principes
2980 1417 3179 1472 studuit
3217 1419 3450 1499 solerter

1859 1487 2147 1556 inquirere,
2177 1489 2266 1543 ubi
2307 1487 2576 1542 Christum
2605 1489 2930 1542 nasciturum
2961 1502 3078 1541 esse
3114 1487 3445 1556 prmscirent.

1860 1555 1958 1611 Cui
1986 1559 2233 1627 protinus
2257 1557 2680 1626 responderunt:
2706 1555 2769 1611 In
2790 1556 3082 1610 Bethteliem
3095 1555 3267 1610 Judte.
3294 1557 3448 1610 Prius

1862 1639 1991 1693 ergo
2047 1635 2312 1682 noverant
2358 1643 2517 1694 quem
2569 1627 2833 1696 passionis
2884 1640 2997 1681 sua:
3046 1636 3290 1692 tempore
3324 1627 3450 1681 dum

1863 1695 2201 1763 despicerent
2231 1697 2570 1764 ignorabant.

172 1789 373 1876 Ioseph
404 1788 643 1876 nomine,
671 1784 840 1876 usque
863 1789 928 1841 ad
980 1787 1199 1876 Mariam
1227 1785 1756 1876 Virginemdequn-
1790 1818 1832 1876 Β
1862 1784 2420 1876 Cap.V.—_—Po'stquam
2447 1785 2873 1876 Parisinus-festis
2901 1785 2954 1838 in
2967 1784 3199 1876 dordane
3222 1784 3453 1876 (raptim:

175 1856 350 1912 satam
401 1858 794 1921 describuntur,
841 1857 993 1926 quasi
1019 1856 1263 1926 quaedam
1313 1859 1471 1919 linea,
1505 1856 1557 1909 in
1601 1856 1756 1922 cujus

175 1937 424 1982 extremo
497 1929 805 1982 incarnatus
861 1926 1138 1988 Dominus,
1193 1926 1247 1979 id
1297 1935 1382 1980 est
1426 1929 1618 1980 hamus
1660 1926 1762 1978 iste

179 1999 460 2065 ligaretur,
492 2012 651 2066 quem
700 1997 752 2049 in
778 1996 860 2049 bis
893 1996 1045 2062 aquis
1073 1996 1289 2050 humani
1326 1996 1538 2066 generis
1563 1995 1761 2062 dept'n-

181 2067 399 2119 dentem
428 2065 618 2135 aperto
644 2081 740 2120 ore
770 2074 922 2135 cetus
946 2066 1050 2135 iste
1071 2074 1384 2134 appeteret;
1418 2065 1509 2135 sed
1540 2079 1636 2135 ore
1659 2079 1762 2135 per

178 2133 479 2190 satellitum
519 2149 736 2188 :uorum
786 2134 1046 2188 srevitiam
1076 2133 1273 2197 morso,
1313 2133 1592 2187 mordendi
1620 2133 1764 2188 vires

180 2204 404 2260 ulterius
431 2221 535 2258 non
566 2204 808 2260 haberet.
835 2203 915 2256 Ad
939 2212 1168 2257 mortem
1199 2203 1362 2269 igitur
1383 2203 1486 2257 ceti
1516 2203 1762 2256 humanis

179 2276 443 2329 mortibus
465 2274 779 2339 insidiantis,
811 2272 1062 2326 Dominus
1083 2271 1412 2327 iacarnatum
1437 2273 1763 2338 unigenitum

179 2339 378 2398 Filium
407 2358 562 2398 suum
592 2345 757 2406 misit,
787 2344 840 2396 in
868 2357 978 2410 quo
1002 2345 1128 2396 dum
1170 2343 1412 2396 mortalis
1441 2357 1568 2395 caro
1609 2356 1765 2396 cons-

179 2413 400 2534 picitur,
429 2420 484 2466 et
504 2413 921 2468 immortalitatis
947 2411 1185 2480 potentia
1213 2427 1323 2465 non
1353 2411 1585 2474 videtur,
1609 2411 1765 2480 quasi

201 2496 374 2534 tamus
412 2482 591 2534 fauces
643 2481 872 2534 raptoris
931 2481 1121 2534 tenuit.
1169 2491 1224 2534 et
1260 2494 1382 2534 sese
1429 2479 1764 2534 mordentem

201 2496 374 2536 ramus
412 2482 591 2536 fauces
643 2481 872 2550 raptoris
931 2479 1121 2545 tenuit,
1169 2491 1224 2534 et
1260 2494 1382 2535 sese
1429 2479 1764 2550 mordentem

180 2551 491 2613 momordit,
519 2560 574 2604 et
602 2549 726 2606 inde
769 2551 1120 2605 devorantem
1172 2551 1420 2618 peremit,
1453 2549 1596 2604 unde
1634 2564 1764 2604 acu-

179 2635 310 2674 men
338 2624 613 2690 potentiae,
637 2636 745 2690 quo
776 2618 1132 2688 transﬁgeret,
1170 2620 1480 2675 occultavit.

177 2710 313 2766 ευ».
340 2709 404 2764 Il.
433 2739 504 2752 -—
533 2709 600 2764 Et
626 2719 739 2781 post
779 2710 1282 2781 transmigrationem
1336 2710 1637 2781 Babylonis,
1677 2710 1768 2766 Je-

385 2781 599 2834 chom'as
629 2780 804 2852 genuit
833 2781 1089 2836 Salathiel
1119 2780 1343 2852 (Matth.
1373 2798 1412 2846 ι,
1438 2780 1558 2850 l2).

255 2867 350 2935 (in
374 2871 604 2941 exposit.
640 2869 696 2922 Β.
727 2869 848 2934 Job,
881 2871 973 2941 lib.
1005 2887 1189 2937 xxvm,
1237 2887 1382 2925 num.
1416 2870 1542 2941 19.)
1568 2883 1589 2907 ⁸
1618 2870 1768 2925 Psal-

182 2944 342 3011 mista
376 2941 440 2993 de
467 2939 692 3011 Domino
737 2941 892 2994 dicit:
925 2939 1176 3010 Lapidem
1199 2956 1346 3011 quem
1374 2939 1770 3011 reprobaverunt

181 3009 522 3081 ediﬁcantes,
555 3010 635 3062 hic
658 3012 825 3081 [actus
851 3019 927 3081 est
955 3009 1012 3081 in
1035 3021 1187 3081 caput
1211 3009 1387 3081 anguli
1414 3009 1583 3081 (Psal.
1606 3027 1766 3072 cxvtl.

188 3078 318 3146 22).
350 3077 506 3148 Lupi-
535 3077 806 3149 angui-aris
847 3077 1107 3134 Dominus
1125 3077 1517 3147 Jesus’dit‘itur,
1543 3083 1622 3134 vel
1646 3082 1769 3149 quia

184 3149 241 3202 in
267 3162 327 3202 se
370 3151 494 3205 hinc
521 3148 820 3213 Iudaicum,
855 3149 997 3204 illinc
1020 3150 1272 3218 gentilem
1311 3150 1563 3218 populum
1594 3148 1765 3204 suSci-

183 3220 352 3298 piens
369 3219 418 3272 in
479 3236 580 3298 una
613 3218 864 3298 Ecclesia:
913 3219 1131 3298 fabrica,
1178 3218 1504 3298 quasi-duos
1533 3220 1766 3298 parietes

177 3288 390 3356 jungit:
424 3291 505 3343 vel
534 3289 657 3357 quia
686 3290 738 3343 in
795 3298 955 3353 terra,
989 3289 1130 3357 plebi
1178 3288 1485 3342 Israelitica:
1515 3288 1766 3344 nationes

184 3357 427 3427 gentium
458 3358 732 3427 copulaus,
785 3367 1067 3426 utramque
1109 3357 1267 3427 simul
1314 3357 1516 3427 angelis
1543 3360 1594 3410 in
1625 3361 1766 3413 creto

183 3426 434 3497 sociavit.
485 3425 585 3495 Huj
613 3445 652 3480 =s
681 3429 870 3497 lapidis
899 3436 1079 3497 typum
1101 3425 1403 3480 Jechouias'
1427 3441 1522 3482 rex
1573 3431 1770 3496 tenuit,

184 3511 349 3565 quem
380 3496 675 3564 Matthzeus,
706 3496 832 3551 dum
870 3496 1222 3564 quaterdenas
1247 3497 1624 3564 generationes
1647 3500 1768 3552 des.

183 3565 440 3634 criberet,
478 3565 714 3622 secundo
773 3567 1092 3620 numeavit.
1143 3565 1314 3632 Quem
1363 3565 1504 3620 enim
1555 3567 1644 3622 lini
1684 3583 1770 3623 se-

186 3634 398 3706 cundm,
436 3636 606 3706 ipsum
630 3652 838 3692 rursum
868 3635 1020 3706 initio
1046 3637 1218 3690 tertiae
1239 3636 1601 3706 generationis
1625 3639 1768 3691 inse-

188 3705 334 3775 ruit:
389 3703 501 3775 ipse
543 3721 772 3774 namque
819 3707 870 3760 in
911 3704 1259 3775 Babyloniam
1299 3721 1446 3775 cum,
1479 3703 1768 3762 Israelitica

184 3774 348 3844 plebe
394 3774 651 3843 migratus
676 3784 760 3830 est
783 3777 877 3844 qui
900 3774 1121 3830 dunab
1149 3776 1267 3830 aliis
1307 3775 1373 3828 ad
1404 3774 1506 3828 alia
1536 3775 1764 3841 ducitur,

187 3858 289 3913 pro
315 3845 589 3914 utriusque
636 3845 854 3914 parietis
884 3844 1050 3898 latere
1080 3860 1187 3898 non
1232 3844 1500 3898 immerito
1529 3849 1767 3900 secundo

187 3923 534 3984 numeratur:
565 3915 717 3984 cujus
741 3915 1072 3982 migrationis
1097 3914 1263 3969 flexus
1292 3915 1601 3984 angularem
1633 3915 1766 3984 lapi-

185 3982 313 4037 dem
340 3984 598 4054 designat.
635 3982 731 4039 Ubi
759 3985 900 4038 enim
925 3985 1058 4038 ordo
1096 3999 1126 4036 a
1151 3983 1469 4054 rectitudine
1506 3982 1765 4054 ﬂectitur,

187 4060 248 4104 ut
275 4060 367 4105 eat
412 4051 780 4121 in'diversum,
830 4063 1083 4124 tanquam
1137 4054 1384 4122 angulum
1415 4051 1560 4106 facit.
1604 4053 1770 4109 Recte

186 4134 323 4188 ergo
353 4125 618 4193 numerari
650 4125 730 4178 bis
779 4123 972 4193 potuit,
999 4123 1122 4190 quia
1152 4137 1247 4193 per
1271 4131 1561 4193 utrumque
1591 4124 1767 4191 parie-

188 4200 326 4255 tem,
368 4192 520 4259 quasi
567 4193 674 4248 duo
702 4195 754 4247 in
780 4189 855 4246 se
903 4189 1068 4246 latera
1097 4189 1347 4245 ostendit.
1382 4189 1533 4246 Unde
1573 4189 1628 4246 et
1655 4193 1770 4258 ejus

187 4260 330 4314 bene
371 4259 652 4330 imaginem
683 4262 850 4316 tenuit
878 4262 967 4329 qui
999 4261 1050 4314 in
1077 4259 1256 4314 Jultea
1287 4269 1454 4325 ortu=,
1502 4262 1770 4330 gentilita-

190 4339 301 4382 tem
333 4329 606 4401 colligens,
640 4333 790 4400 quasi
814 4330 1190 4401 Jerosolymis
1212 4329 1554 4401 Babyloniam
1595 4333 1767 4396 venit;

187 4408 357 4469 atque
399 4399 540 4454 hanc
594 4398 962 4469 ἱιίεηηεῑὶμεο
993 4398 1113 4454 tidei
1166 4398 1442 4464 fabricam,
1486 4401 1631 4469 prius
1662 4401 1770 4456 dis-

190 4468 394 4521 cordia:
418 4470 594 4525 studio
619 4468 1002 4531 scissam,arte
1023 4469 1299 4524 clraritatis
1321 4468 1566 4524 intexuit.

189 4557 321 4613 CAP.
353 4560 438 4614 111.
460 4594 528 4604 -
543 4561 746 4629 Accepit
772 4560 962 4631 Ioseph
987 4559 1211 4614 Mariam
1233 4560 1500 4631 conjugem
1517 4577 1659 4615 suam
1680 4579 1698 4627 ;
1719 4573 1769 4616 et
1800 4553 1849 4613 D

265 4647 368 4684 non
390 4631 726 4702 cognoscebat
747 4648 875 4688 eam.
896 4629 1060 4684 donec
1082 4632 1275 4702 peperit
1310 4629 1474 4702 [ilium
1495 4648 1640 4702 suum
1659 4634 1772 4702 pri-

264 4698 598 4769 mogenitum,
615 4711 662 4755 et
678 4703 870 4755 vocavit
885 4717 1067 4754 nomen
1083 4698 1193 4768 ejus
1204 4698 1238 4751 J
1241 4715 1381 4752 esum
1397 4699 1471 4765 (Μ
1477 4698 1772 4771 αιιΙι.ι,⁵Ξῖ)).

269 4789 361 4858 (In
391 4791 621 4860 expOsit.
674 4791 733 4845 B.
763 4790 884 4857 Job,
916 4791 1008 4860 lib.
1041 4805 1155 4855 vui,
1193 4805 1339 4843 num.
1372 4788 1494 4860 89.)
1524 4789 1638 4843 Non
1677 4805 1774 4844 co-

189 4861 381 4930 gnnvit
399 4858 538 4926 eam,
559 4862 730 4916 donec
753 4861 959 4930 peperit
975 4858 1136 4913 filium
1159 4875 1312 4930 suum
1339 4859 1772 4929 primogenitum.

190 4929 271 4985 Ita
301 4929 499 4983 dictum
529 4932 688 4985 debet
715 4929 965 4998 intelligi:
998 4946 1102 4983 non
1145 4929 1290 4998 quod
1321 4931 1457 4982 hanc
1489 4937 1608 4998 post
1634 4930 1775 4983 nati-

191 5000 418 5069 vitatem
469 4998 560 5053 Dei
589 5016 620 5055 e
643 4999 1048 5069 ignoverit,sed
1091 5000 1231 5069 quod
1263 5013 1331 5052 ne
1351 5013 1598 5066 luaqutm
1629 4998 1774 5053 illam

191 5068 441 5134 contigit,
466 5070 626 5122 etiam
657 5085 778 5124 cum
806 5071 887 5124 sui
916 5068 1220 5122 Con-litoris
1249 5077 1472 5121 matrem
1498 5083 1618 5123 csse
1653 5084 1779 5122 nes-

195 5138 348 5191 civit.
381 5137 513 5190 Nam
542 5139 666 5207 quia
708 5154 826 5192 eam
861 5153 1192 5205 nequaquam
1240 5139 1551 5206 contingere
1591 5139 1778 5201 valuit,

193 5217 486 5328 postquam
516 5207 896 5277 redemptionis
951 5216 1146 5261 nostra:
1193 5223 1260 5261 ex
1291 5210 1407 5274 ejus
1446 5219 1598 5262 utero
1635 5208 1780 5263 cele-

215 5279 344 5328 irari
396 5277 706 5328 mvsterium
751 5279 989 5328 amovit.
1021 5278 1085 5328 de
1132 5278 1220 5328 illo
1251 5277 1489 5328 urofecto
1538 5288 1780 5328 tempore

215 5279 344 5330 irari
396 5277 721 5347 mysterium
751 5279 989 5347 agnovit,
1021 5278 1085 5331 de
1132 5278 1220 5331 illo
1251 5277 1512 5347 profecto_
1538 5288 1782 5346 tempore

195 5360 423 5400 necesse
449 5345 565 5400 erat
591 5357 650 5415 ut
685 5345 1022 5415 Evangelista
1078 5345 1438 5401 testimonium
1489 5345 1672 5410 ferret,
1715 5347 1784 5400 de

197 5427 308 5486 quo
348 5424 571 5484 propter
609 5414 810 5486 Ioseph
843 5414 1194 5481 ignorantiam
1223 5416 1449 5486 dubitari
1495 5416 1772 5486 potuisset.

197 5483 293 5554 §ic
318 5483 552 5553 namque
577 5494 632 5539 et
652 5483 1098 5554 per—Psalmistam
1115 5485 1332 5539 dicitur:
1358 5483 1509 5538 Dixit
1529 5483 1779 5538 Dominus

199 5551 428 5610 Domino
459 5551 590 5618 ineo,
621 5551 740 5609 sede
767 5572 798 5607 α
827 5556 1022 5607 dextris
1068 5555 1224 5606 ruris:
1255 5555 1414 5607 donec
1461 5570 1647 5619 ponam
1679 5554 1784 5607 ini-

201 5625 364 5678 micas
392 5633 505 5680 tuos
530 5626 802 5680 scabellum
828 5623 1014 5696 pedum
1037 5631 1237 5677 tuorum
1259 5623 1437 5692 (l’sal.
1469 5638 1576 5689 etx,
1609 5625 1658 5690 1,
1686 5622 1778 5693 2).

284 5753 471 5830 'ﬂiizec
499 5773 605 5830 non
655 5759 921 5815 habentur
946 5758 1131 5830 iisdem
1171 5758 1390 5830 omnino
1433 5759 1612 5830 verbis
1641 5762 1780 5830 apud

205 5826 262 5881 S.
298 5825 460 5896 lireg.
495 5827 658 5882 multa
704 5845 919 5899 quoque
947 5829 1071 5883 alibi
1118 5837 1209 5884 aut
1236 5828 1378 5885 addit
1424 5828 1646 5896 Alulfus,
1677 5825 1782 5886 ‘aut

1935 1865 2014 1909 tus
2041 1867 2116 1909 est
2143 1873 2174 1907 a
2194 1855 2417 1925 Joanne,
2440 1856 2619 1925 ductus
2643 1864 2716 1908 est
2738 1856 2792 1907 in
2821 1855 3075 1908 desertum
3104 1872 3137 1907 a
3165 1856 3367 1925 spiritu,
3398 1862 3456 1906 ut

1934 1934 2217 1979 tentaretur
2242 1943 2271 1978 a
2298 1924 2504 1979 diabolo
2531 1923 2755 1995 (Matth.
2787 1929 2890 1994 tv).

1937 2014 2028 2081 (In
2085 2017 2316 2086 exposit.
2351 2015 2406 2086 Β.
2439 2014 2561 2082 Job,
2617 2015 2707 2069 lib.
2743 2031 2888 2080 xxrv,
2923 2032 3070 2070 num.
3100 2015 3226 2086 27.)
3273 2013 3453 2086 llostis

1867 2096 2051 2142 noster
2077 2085 2250 2140 adhuc
2285 2091 2335 2138 in
2382 2085 2482 2140 hac
2510 2086 2618 2138 vita
2647 2101 2744 2139 nos
2773 2088 2999 2155 positos,
3053 2085 3254 2153 quanto
3286 2085 3454 2152 magis

1865 2173 1964 2211 nos
1993 2157 2091 2210 sibi
2115 2155 2378 2209 rebellare
2404 2156 2689 2224 conspicit,
2717 2165 2865 2209 tanto
2892 2155 3118 2224 amplius
3144 2167 3452 2223 expugnare

1865 2226 2178 2287 conterruit;
2230 2240 2325 2279 eos
2354 2227 2495 2279 enim
2539 2223 2752 2293 pulsare
2798 2223 3037 2292 negligi;
3088 2239 3225 2294 quos
3270 2223 3454 2294 quieto

1861 2301 1983 2365 jure
2029 2295 2306 2365 possidere
2335 2309 2394 2348 se
2431 2292 2614 2348 sentit.
2645 2293 2846 2365 Contra
2893 2311 2990 2347 nos
3039 2292 3168 2346 vero
3194 2307 3260 2346 eo
3289 2292 3454 2365 vehe-

1865 2361 2102 2420 mentius
2153 2364 2424 2426 incitatur,
2478 2379 2586 2431 quo
2615 2379 2682 2417 ex
2712 2362 2876 2418 corde
2923 2372 3129 2431 nostra,
3183 2361 3334 2431 quasi
3384 2375 3452 2415 ex

1861 2435 1983 2503 jure
2035 2434 2262 2501 proprie
2309 2430 2655 2503 habitationis
2699 2433 3003 2503 expellitur.
3035 2430 3454 2503 llocLenimin

1866 2499 2047 2571 seipse
2073 2499 2326 2557 Dominus
2372 2503 2470 2556 Sub
2498 2502 2727 2570 quadam
2754 2499 3155 2568 dispensatione
3187 2499 3452 2566 figuravit,

1865 2575 1956 2643 qui
2001 2572 2275 2643 diabolum
2327 2573 2538 2643 nonnisi
2563 2571 2974 2643 postbaptima
3011 2585 3070 2624 se
3097 2579 3454 2643 teutarepcr-

1868 2637 2032 2704 misit,
2066 2652 2121 2694 ut
2143 2642 2350 2708 signum
2380 2642 2534 2695 nobis
2561 2637 2828 2709 quoddam
2874 2643 3064 2694 futura:
3092 2637 3458 2709 conversionis

1869 2715 2135 2775 innuerrt,
2161 2711 2302 2780 quod
2325 2711 2442 2778 ejus
2463 2708 2720 2769 membra.
2749 2709 3114 2780 postquamad
3141 2708 3304 2762 Deum
3331 2723 3459 2775 pro-

1868 2782 2108 2841 llcerent,
2136 2791 2262 2834 tunc
2277 2782 2513 2834 acriores
2541 2779 2891 2834 tentatinnum
2916 2779 3452 2834 insidiastolerarent.

1868 2852 1997 2906 Car.
2033 2850 2117 2906 Vl.
2148 2881 2220 2892 -—
2248 2851 2308 2904 Si
2339 2849 2459 2904 Fili.
2487 2867 2511 2903 s
2543 2850 2636 2903 Dei
2664 2868 2738 2915 es,
2764 2851 2847 2902 dic
2876 2859 2930 2919 ut
2957 2850 3153 2919 lapides
3181 2849 3266 2902 isti
3293 2861 3457 2916 panes

2354 2923 2486 2988 [rant
2517 2919 2740 2989 (Matth.
2772 2935 2841 2982 tv,
2874 2918 2960 2986 5).

1943 3012 2030 3083 (in
2055 3009 2284 3083 exposit.
2310 3011 2368 3064 Β.
2387 3009 2506 3083 Job,
2527 3009 2621 3076 lib,
2644 3026 2701 3076 ιι,
2729 3009 3307 3083 num._41_5.)‘Antiquus
3329 3009 3453 3062 hos-

1872 3079 2375 3152 tis'Redetnptorem
2405 3081 2620 3135 humani
2637 3081 2848 3152 generis
2869 3079 3252 3152 debellatorem
3273 3092 3450 3145 suum,

1871 3153 1922 3205 in
1967 3148 2218 3206 mundum
2247 3151 2458 3220 venisse
2486 3151 2756 3220 cognovit.
2782 3148 2942 3220 Unde
2964 3157 3021 3220 et
3045 3164 3143 3220 per
3171 3149 3448 3220 obsessgrn

1873 3223 2141 3276 hominem
2182 3221 2234 3274 in
2264 3215 2731 3288 Eiaogelio'dit-it:
2767 3217 2903 3283 Quid
2937 3215 3082 3272 nobis
3123 3226 3170 3271 et
3198 3217 3308 3288 tibi,
3345 3215 3454 3288 Fili

1872 3291 1989 3350 Dii,
2037 3291 2218 3359 uenisti
2253 3291 2349 3342 huc
2391 3285 2510 3342 ante
2544 3299 2738 3359 tempus
2791 3299 3024 3358 torquere
3078 3303 3167 3359 nos
3203 3285 3448 3359 (Matth.

1872 3376 1980 3424 vm,
2003 3357 2094 3429 29)
2120 3361 2141 3411 ?
2172 3360 2272 3425 Qui
2305 3367 2480 3413 tamen
2511 3357 2658 3427 prius
2686 3357 2977 3429 cumhuuc
2999 3357 3308 3429 passibLIern
3332 3371 3457 3411 cer-

1870 3441 2043 3492 neret,
2075 3425 2128 3484 et
2159 3443 2314 3498 posse
2345 3425 2590 3498 mortalia
2621 3428 2824 3498 perpeti
2855 3425 3198 3498 humanitatis
3227 3425 3452 3498 videret,

1871 3515 2032 3555 omne
2081 3495 2224 3567 quod
2269 3497 2336 3552 de
2375 3496 2490 3567 ejus
2524 3495 2828 3567 suspicatus
2864 3506 2945 3552 est
2987 3496 3288 3567 divinitate,
3319 3495 3369 3550 ei
3392 3497 3453 3567 in

1868 3564 2113 3624 dubium'
2139 3568 2287 3622 venit
2330 3564 2439 3622 sua:
2468 3564 2635 3622 fastu_
2655 3567 2939 3638 superbiae.
2987 3565 3069 3638 Nil
3116 3566 3312 3634 quippe
3343 3564 3455 3638 nisi

1869 3639 2158 3706 superbum
2179 3638 2412 3706 sapiens,
2438 3637 2566 3706 dum
2578 3635 2739 3706 ihunc'
2754 3651 2873 3690 esse
2897 3636 3146 3706 humilem
3172 3635 3451 3704 Conspicit,

1872 3705 2036 3762 Deum
2068 3721 2188 3761 esse
2214 3707 2496 3760 dubitavit.
2549 3705 2699 3760 Unde
2727 3714 2781 3759 et
2809 3706 2874 3759 ad
2907 3705 3260 3758 tentationmn
3296 3717 3454 3772 argu-

1870 3787 2048 3830 menta
2085 3791 2142 3831 se
2167 3776 2451 3838 convertit,
2481 3777 2695 3828 dicens:
2731 3774 2790 3828 Si
2837 3773 3007 3827 Filius
3048 3773 3142 3825 Dei
3188 3788 3260 3830 es.
3288 3773 3369 3825 dic
3398 3781 3456 3824 ut

1870 3847 2069 3915 lapides
2122 3848 2207 3900 isti
2237 3861 2394 3915 panes
2421 3845 2574 3914 ﬁant.
2607 3844 2740 3915 Quia
2772 3842 3262 3915 igiturpassibilcm
3299 3842 3449 3915 vidit,

1870 3912 1977 3969 non
2009 3917 2148 3969 hunc
2197 3912 2315 3969 esse
2355 3912 2519 3968 Deum
2566 3912 2810 3978 credens,
2863 3912 3158 3967 dubitando
3205 3912 3450 3975 tentavit,

1870 3985 1964 4040 sed
1997 3985 2250 4038 tentando
2291 3981 2670 4038 conscientiam
2699 3981 2816 4050 ejus
2845 3991 3144 4052 penetrare,
3191 3988 3452 4034 ruentem-

1871 4071 1978 4124 que
2005 4055 2120 4121 ejus
2145 4053 2442 4108 tentatione
2472 4054 2688 4107 turbare
2716 4067 2822 4106 non
2848 4051 3040 4121 potuit.

1871 4144 1998 4200 CAP.
2034 4145 2139 4200 Vll.
2170 4177 2243 4187 ——
2287 4142 2482 4197 Iterum
2504 4144 2921 4213 assumpsiteum
2963 4141 3193 4213 diabolus
3221 4141 3273 4195 in
3305 4157 3452 4196 mou-

2148 4224 2245 4268 tem
2270 4214 2525 4268 excelsum
2553 4210 2700 4266 valde
2739 4211 2962 4282 (Matth.
2991 4227 3062 4276 tv,
3094 4210 3181 4279 8).

1944 4307 2033 4380 (In
2061 4305 2293 4380 exposit.‘
2313 4303 2373 4358 Β.
2398 4303 2520 4380 Job,
2551 4304 2642 4380 lib.
2673 4318 2749 4369 ut,
2780 4317 2926 4358 num.
2953 4301 3076 4380 30.)
3108 4302 3452 4370 Nequaquam

1872 4374 2009 4434 sicut
2059 4374 2177 4440 nos,
2206 4375 2297 4445 qui
2349 4375 2466 4445 puri
2496 4374 2738 4445 homines
2775 4388 2988 4438 sumus,
3029 4374 3273 4445 irruente
3317 4387 3457 4445 saepe

1874 4449 2188 4510 tentatione,
2219 4441 2575 4510 conc’utiinur,
2602 4444 2672 4496 ita
2697 4441 3068 4511 Redemptoris
3097 4443 3260 4496 nostri
3281 4442 3456 4495 anima

1876 4517 2191 4574 tentationis
2235 4523 2319 4569 est
2355 4514 2676 4568 necessitate
2723 4510 2953 4565 turbata.
3000 4510 3176 4565 Hostis
3227 4525 3456 4579 namque

1881 4601 2062 4645 noster
2091 4601 2214 4641 cum
2247 4585 2414 4638 Deum
2445 4583 2776 4638 iucarnatum
2806 4597 2923 4635 esse
2952 4579 3243 4644 dubitaret,
3273 4588 3328 4632 et
3357 4579 3459 4633 hoc

1880 4675 1945 4714 ex
1977 4657 2154 4728 petitis
2182 4654 2453 4708 miraculis
2505 4652 2758 4706 tentando
2786 4665 3111 4728 cognoscere
3156 4649 3456 4728 Vt'llet,_etsi

1881 4731 1932 4783 in
1963 4721 2235 4783 excelsum
2289 4730 2527 4778 montem
2575 4737 2695 4776 eum
2734 4721 3024 4790 permissus
3075 4721 3381 4790 assumpsit,
3413 4721 3456 4774 si

1879 4799 2127 4852 daturum
2152 4810 2212 4849 se
2241 4795 2291 4849 ei
2313 4807 2475 4862 regna
2505 4791 2687 4862 mundi
2712 4788 2998 4862 perhibuit,
3027 4791 3069 4842 si
3093 4788 3246 4860 quasi
3275 4791 3327 4840 in
3360 4804 3456 4856 pa-

1882 4882 2005 4920 nem
2079 4860 2394 4920 vertendos'
2425 4860 2629 4930 lapides
2675 4860 2929 4930 ostendit,
2989 4867 3220 4912 mentem
3278 4863 3457 4909 tamen

1883 4936 2194 4991 Mediatoris
2235 4933 2329 4986 Dei
2358 4939 2413 4985 et
2438 4928 2711 4985 hominum
2743 4928 3041 4982 tentatione
3069 4939 3326 4995 quassare
3352 4941 3457 4978 non

1881 5007 2068 5063 valuit.
2091 5005 2180 5058 Sic
2193 5005 2334 5057 enim
2355 5001 2688 5069 dignatusest
2702 4997 2816 5069 haec
2837 4997 3069 5069 exterius
3083 5003 3271 5069 cuncta
3288 5010 3372 5069 sus
3382 4995 3458 5047 ci-

1879 5091 2031 5157 ριξτθν
2081 5083 2140 5128 ιιι
2181 5081 2358 5152 tamen
2404 5065 2522 5157 δίρξ
2551 5065 3458 5157 "lilii:_E'IE‘E'I‘“§._2"KE'PE‘i‘Li‘Ff

1883 5134 2166 5204 iuba-rens,
2215 5134 2530 5214 inconcussa
2583 5145 2943 5214 permaneret.
2975 5136 3074 5214 Qui
3107 5134 3208 5188 esti
3242 5134 3458 5214 quando

1883 5217 2126 5268 turbatus
2147 5203 2336 5279 Spiritu
2386 5203 2722 5279 infremuisse
2760 5207 2953 5262 dicitur
2982 5207 3163 5279 (domi.
3186 5203 3261 5273 xu)
3286 5244 3300 5267 ,
3341 5203 3459 5279 ipse

1884 5294 2063 5338 tamen
2094 5273 2346 5337 divinitus
2373 5277 2708 5346 disponebat,
2731 5273 3120 5347 quantumipse
3152 5273 3459 5347 humanitus

1884 5353 2216 5406 turbaretur:
2272 5343 2674 5403 immutabiliter
2749 5343 2995 5400 oinnibus
3028 5343 3354 5411 'przesidens,
3405 5351 3461 5396 et

1886 5422 2248 5489 semetipsum,
2283 5417 2592 5473 mutabilem
2623 5417 2676 5489 in
2722 5408 3090 5489 satisfactione
3137 5408 3460 5489 inﬁrmitatis

1887 5480 2195 5546 ostendens.
2223 5488 2444 5554 Quietus
2471 5501 2599 5554 ergo
2627 5487 2678 5538 in
2699 5484 2986 5554 semetipso
3016 5495 3254 5554 manens,
3279 5480 3459 5548 dispo-

1887 5559 1993 5615 suit
2046 5551 2301 5627 quidquid
2354 5572 2451 5626 pro
2511 5551 2839 5627 ostendenda
2877 5551 3240 5627 humanitate,
3297 5563 3456 5618 quam

1886 5621 2215 5698 susceperat,
2246 5621 2406 5682 etiam
2428 5625 2761 5680 turbulentus
2788 5621 2936 5676 fecit.

1885 5763 2148 5830 detrahit;
2181 5761 2324 5833 quod
2354 5759 2518 5820 semel
2540 5758 2627 5813 hie
2650 5765 2839 5815 notare
2866 5755 3112 5814 sufﬁciat.
