  <div class='ocr_page' id='page_1' title='image "/cluster/home/n/w/nwhite01/storage/ocr_20150623/79/uva.x000827091/595.png"; bbox 0 0 4028 6280; ppageno 0'>
   <div class='ocr_carea' id='block_1_1' title="bbox 514 277 653 330">
    <p class='ocr_par' dir='ltr' id='par_1_1' title="bbox 514 277 653 330">
     <span class='ocr_line' id='line_1_1' title="bbox 514 277 653 330; baseline -0.007 -1"><span class='ocrx_word' id='word_1_1' title='bbox 514 277 653 330; x_wconf 75' lang='grc'><strong>1175</strong></span> 
     </span>
    </p>
   </div>
   <div class='ocr_carea' id='block_1_2' title="bbox 1418 265 2894 328">
    <p class='ocr_par' dir='ltr' id='par_1_2' title="bbox 1418 265 2894 328">
     <span class='ocr_line' id='line_1_2' title="bbox 1418 265 2894 328; baseline -0.004 -2"><span class='ocrx_word' id='word_1_2' title='bbox 1418 269 1759 328; x_wconf 74' lang='lat' dir='ltr'><strong>APPENDlX</strong></span> <span class='ocrx_word' id='word_1_3' title='bbox 1798 269 1887 325; x_wconf 73' lang='lat' dir='ltr'><strong>AD</strong></span> <span class='ocrx_word' id='word_1_4' title='bbox 1925 270 1983 323; x_wconf 87' lang='lat' dir='ltr'><strong>S.</strong></span> <span class='ocrx_word' id='word_1_5' title='bbox 2026 265 2353 321; x_wconf 58' lang='lat' dir='ltr'><strong>GllEGOIlII</strong></span> <span class='ocrx_word' id='word_1_6' title='bbox 2393 268 2620 320; x_wconf 75' lang='lat' dir='ltr'><strong>OPERA</strong></span> <span class='ocrx_word' id='word_1_7' title='bbox 2662 266 2894 320; x_wconf 70' lang='lat' dir='ltr'><strong>OMNIA.</strong></span> 
     </span>
    </p>
   </div>
   <div class='ocr_carea' id='block_1_3' title="bbox 3646 262 3791 319">
    <p class='ocr_par' dir='ltr' id='par_1_3' title="bbox 3646 262 3791 319">
     <span class='ocr_line' id='line_1_3' title="bbox 3646 262 3791 319; baseline -0.014 0"><span class='ocrx_word' id='word_1_8' title='bbox 3646 262 3791 319; x_wconf 67' lang='lat' dir='ltr'><strong>H73</strong></span> 
     </span>
    </p>
   </div>
   <div class='ocr_carea' id='block_1_4' title="bbox 508 378 3786 450">
    <p class='ocr_par' dir='ltr' id='par_1_4' title="bbox 508 378 3786 450">
     <span class='ocr_line' id='line_1_4' title="bbox 508 378 3786 450; baseline -0.003 -13"><span class='ocrx_word' id='word_1_9' title='bbox 508 385 637 437; x_wconf 67' lang='lat' dir='ltr'><strong>Car.</strong></span> <span class='ocrx_word' id='word_1_10' title='bbox 666 382 728 436; x_wconf 87' lang='lat' dir='ltr'><strong>C.</strong></span> <span class='ocrx_word' id='word_1_11' title='bbox 758 413 827 424; x_wconf 92' lang='lat'><strong>--</strong></span> <span class='ocrx_word' id='word_1_12' title='bbox 856 381 1023 436; x_wconf 82' lang='lat' dir='ltr'><strong>Multa</strong></span> <span class='ocrx_word' id='word_1_13' title='bbox 1053 397 1206 450; x_wconf 84' lang='lat' dir='ltr'><strong>passa</strong></span> <span class='ocrx_word' id='word_1_14' title='bbox 1230 398 1345 434; x_wconf 85' lang='lat' dir='ltr'><strong>sum</strong></span> <span class='ocrx_word' id='word_1_15' title='bbox 1383 382 1535 435; x_wconf 87' lang='lat' dir='ltr'><strong>hodie</strong></span> <span class='ocrx_word' id='word_1_16' title='bbox 1575 399 1664 447; x_wconf 82' lang='lat' dir='ltr'><strong>per</strong></span> <span class='ocrx_word' id='word_1_17' title='bbox 1691 382 1852 435; x_wconf 82' lang='lat' dir='ltr'><strong>visum</strong></span> <span class='ocrx_word' id='word_1_18' title='bbox 1878 389 2086 449; x_wconf 79' lang='lat' dir='ltr'><strong>prepter</strong></span> <span class='ocrx_word' id='word_1_19' title='bbox 2120 379 2163 438; x_wconf 77' lang='grc' dir='ltr'>Α</span> <span class='ocrx_word' id='word_1_20' title='bbox 2190 378 2407 450; x_wconf 65' lang='lat' dir='ltr'><strong>aitusta</strong></span> <span class='ocrx_word' id='word_1_21' title='bbox 2444 378 2766 432; x_wconf 77' lang='lat' dir='ltr'><strong>viriditatem</strong></span> <span class='ocrx_word' id='word_1_22' title='bbox 2812 378 3063 450; x_wconf 62' lang='lat' dir='ltr'><strong>foliorum</strong></span> <span class='ocrx_word' id='word_1_23' title='bbox 3111 380 3382 445; x_wconf 89' lang='lat' dir='ltr'><strong>amittere,</strong></span> <span class='ocrx_word' id='word_1_24' title='bbox 3428 392 3459 430; x_wconf 86' lang='lat' dir='ltr'><strong>a</strong></span> <span class='ocrx_word' id='word_1_25' title='bbox 3510 388 3786 432; x_wconf 75' lang='lat' dir='ltr'><strong>tractuum</strong></span> 
     </span>
    </p>
   </div>
   <div class='ocr_carea' id='block_1_5' title="bbox 950 450 1643 522">
    <p class='ocr_par' dir='ltr' id='par_1_5' title="bbox 950 450 1643 522">
     <span class='ocr_line' id='line_1_5' title="bbox 950 450 1643 522; baseline -0.001 -18"><span class='ocrx_word' id='word_1_26' title='bbox 950 468 1064 504; x_wconf 84' lang='lat' dir='ltr'><strong>eum</strong></span> <span class='ocrx_word' id='word_1_27' title='bbox 1096 450 1306 511; x_wconf 80' lang='lat' dir='ltr'><strong>(Matth.</strong></span> <span class='ocrx_word' id='word_1_28' title='bbox 1338 468 1499 514; x_wconf 62' lang='grc' dir='ltr'>χχιιι,</span> <span class='ocrx_word' id='word_1_29' title='bbox 1534 451 1643 522; x_wconf 83' lang='grc'><strong>19).</strong></span> 
     </span>
    </p>
   </div>
   <div class='ocr_carea' id='block_1_6' title="bbox 583 538 2087 611">
    <p class='ocr_par' dir='ltr' id='par_1_6' title="bbox 583 538 2087 611">
     <span class='ocr_line' id='line_1_6' title="bbox 583 538 2087 611; baseline -0.002 -16"><span class='ocrx_word' id='word_1_30' title='bbox 583 541 662 611; x_wconf 81' lang='lat' dir='ltr'><strong>(in</strong></span> <span class='ocrx_word' id='word_1_31' title='bbox 692 541 920 609; x_wconf 78' lang='lat' dir='ltr'><strong>exposit.</strong></span> <span class='ocrx_word' id='word_1_32' title='bbox 956 540 1015 593; x_wconf 80' lang='grc' dir='ltr'><strong>Β.</strong></span> <span class='ocrx_word' id='word_1_33' title='bbox 1043 539 1180 611; x_wconf 78' lang='lat' dir='ltr'><strong>Job_.</strong></span> <span class='ocrx_word' id='word_1_34' title='bbox 1225 541 1316 595; x_wconf 86' lang='lat' dir='ltr'><strong>lib.</strong></span> <span class='ocrx_word' id='word_1_35' title='bbox 1351 558 1554 611; x_wconf 63' lang='grc' dir='ltr'>χχχιιι,</span> <span class='ocrx_word' id='word_1_36' title='bbox 1585 557 1731 611; x_wconf 88' lang='lat' dir='ltr'><strong>num.</strong></span> <span class='ocrx_word' id='word_1_37' title='bbox 1778 541 1892 607; x_wconf 80' lang='grc'><strong>51.)</strong></span> <span class='ocrx_word' id='word_1_38' title='bbox 1934 538 2087 593; x_wconf 85' lang='lat' dir='ltr'><strong>Anti-</strong></span> 
     </span>
    </p>
   </div>
   <div class='ocr_carea' id='block_1_7' title="bbox 547 609 2089 679">
    <p class='ocr_par' dir='ltr' id='par_1_7' title="bbox 547 609 2089 679">
     <span class='ocr_line' id='line_1_7' title="bbox 547 609 2089 679; baseline 0 -15"><span class='ocrx_word' id='word_1_39' title='bbox 547 609 645 665; x_wconf 86' lang='lat' dir='ltr'><strong>uus</strong></span> <span class='ocrx_word' id='word_1_40' title='bbox 673 611 840 665; x_wconf 87' lang='lat' dir='ltr'><strong>hostis</strong></span> <span class='ocrx_word' id='word_1_41' title='bbox 868 610 1111 679; x_wconf 84' lang='lat' dir='ltr'><strong>quamvis</strong></span> <span class='ocrx_word' id='word_1_42' title='bbox 1142 609 1421 664; x_wconf 89' lang='lat' dir='ltr'><strong>Dominum</strong></span> <span class='ocrx_word' id='word_1_43' title='bbox 1452 610 1629 666; x_wconf 81' lang='lat' dir='ltr'><strong>Jesum</strong></span> <span class='ocrx_word' id='word_1_44' title='bbox 1657 610 1928 664; x_wconf 86' lang='lat' dir='ltr'><strong>Christum</strong></span> <span class='ocrx_word' id='word_1_45' title='bbox 1969 624 2089 664; x_wconf 85' lang='lat' dir='ltr'><strong>esse</strong></span> 
     </span>
    </p>
   </div>
   <div class='ocr_carea' id='block_1_8' title="bbox 508 627 2086 749">
    <p class='ocr_par' dir='ltr' id='par_1_8' title="bbox 508 627 2086 749">
     <span class='ocr_line' id='line_1_8' title="bbox 547 627 2086 679; baseline 0 -15"><span class='ocrx_word' id='word_1_46' title='bbox 547 627 645 665; x_wconf 86' lang='lat' dir='ltr'><strong>nus</strong></span> <span class='ocrx_word' id='word_1_47' title='bbox 674 627 840 665; x_wconf 79' lang='lat' dir='ltr'><strong>nostis</strong></span> <span class='ocrx_word' id='word_1_48' title='bbox 868 627 1111 679; x_wconf 82' lang='lat' dir='ltr'><strong>quamvis</strong></span> <span class='ocrx_word' id='word_1_49' title='bbox 1143 627 1421 664; x_wconf 77' lang='lat' dir='ltr'><strong>nominum</strong></span> <span class='ocrx_word' id='word_1_50' title='bbox 1452 627 1629 666; x_wconf 64' lang='lat' dir='ltr'><strong>Iesum</strong></span> <span class='ocrx_word' id='word_1_51' title='bbox 1657 627 1928 664; x_wconf 64' lang='lat' dir='ltr'><strong>onrtsmm</strong></span> <span class='ocrx_word' id='word_1_52' title='bbox 1969 627 2086 664; x_wconf 87' lang='lat' dir='ltr'><strong>esse</strong></span> 
     </span>
     <span class='ocr_line' id='line_1_9' title="bbox 508 627 2086 749; baseline -0.003 -14"><span class='ocrx_word' id='word_1_53' title='bbox 508 627 701 736; x_wconf 48' lang='lat' dir='ltr'><strong>gilium</strong></span> <span class='ocrx_word' id='word_1_54' title='bbox 736 681 825 735; x_wconf 79' lang='lat' dir='ltr'><strong>Dei</strong></span> <span class='ocrx_word' id='word_1_55' title='bbox 859 678 1028 734; x_wconf 79' lang='lat' dir='ltr'><strong>fuerat</strong></span> <span class='ocrx_word' id='word_1_56' title='bbox 1056 679 1168 748; x_wconf 87' lang='lat' dir='ltr'><strong>ipse</strong></span> <span class='ocrx_word' id='word_1_57' title='bbox 1196 681 1491 749; x_wconf 84' lang='lat' dir='ltr'><strong>confessus,</strong></span> <span class='ocrx_word' id='word_1_58' title='bbox 1523 681 1668 733; x_wconf 83' lang='lat' dir='ltr'><strong>velut</strong></span> <span class='ocrx_word' id='word_1_59' title='bbox 1698 695 1886 749; x_wconf 91' lang='lat' dir='ltr'><strong>purutn</strong></span> <span class='ocrx_word' id='word_1_60' title='bbox 1910 688 2086 749; x_wconf 79' lang='lat' dir='ltr'><strong>tamen</strong></span> 
     </span>
    </p>
   </div>
   <div class='ocr_carea' id='block_1_9' title="bbox 511 746 2088 815">
    <p class='ocr_par' dir='ltr' id='par_1_9' title="bbox 511 746 2088 815">
     <span class='ocr_line' id='line_1_10' title="bbox 511 746 2088 815; baseline -0.003 -10"><span class='ocrx_word' id='word_1_61' title='bbox 511 751 665 805; x_wconf 83' lang='lat' dir='ltr'><strong>illum</strong></span> <span class='ocrx_word' id='word_1_62' title='bbox 690 751 960 805; x_wconf 86' lang='lat' dir='ltr'><strong>hominem</strong></span> <span class='ocrx_word' id='word_1_63' title='bbox 992 746 1123 802; x_wconf 76' lang='lat' dir='ltr'><strong>mori</strong></span> <span class='ocrx_word' id='word_1_64' title='bbox 1155 748 1409 813; x_wconf 76' lang='lat' dir='ltr'><strong>credidit,</strong></span> <span class='ocrx_word' id='word_1_65' title='bbox 1451 753 1516 804; x_wconf 90' lang='lat' dir='ltr'><strong>ad</strong></span> <span class='ocrx_word' id='word_1_66' title='bbox 1545 746 1711 815; x_wconf 76' lang='lat' dir='ltr'><strong>cujus</strong></span> <span class='ocrx_word' id='word_1_67' title='bbox 1735 756 1962 801; x_wconf 88' lang='lat' dir='ltr'><strong>mortem</strong></span> <span class='ocrx_word' id='word_1_68' title='bbox 1989 746 2088 800; x_wconf 81' lang='lat' dir='ltr'><strong>Ju-</strong></span> 
     </span>
    </p>
   </div>
   <div class='ocr_carea' id='block_1_10' title="bbox 510 816 2087 887">
    <p class='ocr_par' dir='ltr' id='par_1_10' title="bbox 510 816 2087 887">
     <span class='ocr_line' id='line_1_11' title="bbox 510 816 2087 887; baseline -0.004 -13"><span class='ocrx_word' id='word_1_69' title='bbox 510 820 749 875; x_wconf 64' lang='lat' dir='ltr'><strong>daeorum</strong></span> <span class='ocrx_word' id='word_1_70' title='bbox 791 818 1225 887; x_wconf 72' lang='lat' dir='ltr'><strong>persequentium</strong></span> <span class='ocrx_word' id='word_1_71' title='bbox 1278 819 1491 873; x_wconf 87' lang='lat' dir='ltr'><strong>animos</strong></span> <span class='ocrx_word' id='word_1_72' title='bbox 1538 819 1844 873; x_wconf 84' lang='lat' dir='ltr'><strong>concitavit.</strong></span> <span class='ocrx_word' id='word_1_73' title='bbox 1889 816 2087 887; x_wconf 78' lang='lat' dir='ltr'><strong>Sedin</strong></span> 
     </span>
    </p>
   </div>
   <div class='ocr_carea' id='block_1_11' title="bbox 510 885 2089 957">
    <p class='ocr_par' dir='ltr' id='par_1_11' title="bbox 510 885 2089 957">
     <span class='ocr_line' id='line_1_12' title="bbox 510 885 2089 957; baseline -0.004 -13"><span class='ocrx_word' id='word_1_74' title='bbox 510 891 627 957; x_wconf 85' lang='lat' dir='ltr'><strong>ipso</strong></span> <span class='ocrx_word' id='word_1_75' title='bbox 654 885 954 944; x_wconf 79' lang='lat' dir='ltr'><strong>traditionis</strong></span> <span class='ocrx_word' id='word_1_76' title='bbox 983 896 1225 956; x_wconf 89' lang='lat' dir='ltr'><strong>tempore</strong></span> <span class='ocrx_word' id='word_1_77' title='bbox 1248 888 1397 941; x_wconf 83' lang='lat' dir='ltr'><strong>tarde</strong></span> <span class='ocrx_word' id='word_1_78' title='bbox 1422 891 1529 953; x_wconf 84' lang='lat' dir='ltr'><strong>jam</strong></span> <span class='ocrx_word' id='word_1_79' title='bbox 1551 885 2089 957; x_wconf 59' lang='lat' dir='ltr'><strong>cogitavisse_in_telli-</strong></span> 
     </span>
    </p>
   </div>
   <div class='ocr_carea' id='block_1_12' title="bbox 508 954 2090 1029">
    <p class='ocr_par' dir='ltr' id='par_1_12' title="bbox 508 954 2090 1029">
     <span class='ocr_line' id='line_1_13' title="bbox 508 954 2090 1029; baseline -0.003 -18"><span class='ocrx_word' id='word_1_80' title='bbox 508 954 653 1025; x_wconf 71' lang='lat' dir='ltr'><strong>gitur</strong></span> <span class='ocrx_word' id='word_1_81' title='bbox 676 975 783 1029; x_wconf 87' lang='lat' dir='ltr'><strong>quo</strong></span> <span class='ocrx_word' id='word_1_82' title='bbox 804 962 823 1029; x_wconf 83' lang='lat' dir='ltr'><strong>l</strong></span> <span class='ocrx_word' id='word_1_83' title='bbox 863 959 976 1018; x_wconf 72' lang='lat' dir='ltr'><strong>ipse</strong></span> <span class='ocrx_word' id='word_1_84' title='bbox 1025 954 1111 1010; x_wconf 79' lang='lat' dir='ltr'><strong>illa</strong></span> <span class='ocrx_word' id='word_1_85' title='bbox 1142 958 1260 1029; x_wconf 87' lang='lat' dir='ltr'><strong>ejus</strong></span> <span class='ocrx_word' id='word_1_86' title='bbox 1296 966 1469 1029; x_wconf 78' lang='lat' dir='ltr'><strong>morte</strong></span> <span class='ocrx_word' id='word_1_87' title='bbox 1511 959 1809 1029; x_wconf 70' lang='lat' dir='ltr'><strong>puniretur.</strong></span> <span class='ocrx_word' id='word_1_88' title='bbox 1846 954 1995 1029; x_wconf 83' lang='lat' dir='ltr'><strong>Unde</strong></span> <span class='ocrx_word' id='word_1_89' title='bbox 2034 962 2090 1029; x_wconf 77' lang='lat' dir='ltr'><strong>et</strong></span> 
     </span>
    </p>
   </div>
   <div class='ocr_carea' id='block_1_13' title="bbox 509 1023 2089 1094">
    <p class='ocr_par' dir='ltr' id='par_1_13' title="bbox 509 1023 2089 1094">
     <span class='ocr_line' id='line_1_14' title="bbox 509 1023 2089 1094; baseline -0.004 -11"><span class='ocrx_word' id='word_1_90' title='bbox 509 1023 663 1083; x_wconf 73' lang='lat' dir='ltr'><strong>i&#39;ilati</strong></span> <span class='ocrx_word' id='word_1_91' title='bbox 695 1023 987 1094; x_wconf 51' lang='lat' dir='ltr'><strong>&#39;cotijugetn</strong></span> <span class='ocrx_word' id='word_1_92' title='bbox 1033 1023 1257 1080; x_wconf 88' lang='lat' dir='ltr'><strong>somniis</strong></span> <span class='ocrx_word' id='word_1_93' title='bbox 1293 1023 1593 1087; x_wconf 49' lang='lat' dir='ltr'><strong>terruit.&#39;ut</strong></span> <span class='ocrx_word' id='word_1_94' title='bbox 1618 1026 1700 1080; x_wconf 88' lang='lat' dir='ltr'><strong>vir</strong></span> <span class='ocrx_word' id='word_1_95' title='bbox 1728 1026 1868 1079; x_wconf 88' lang='lat' dir='ltr'><strong>illius</strong></span> <span class='ocrx_word' id='word_1_96' title='bbox 1897 1039 1926 1076; x_wconf 90' lang='lat' dir='ltr'><strong>a</strong></span> <span class='ocrx_word' id='word_1_97' title='bbox 1962 1023 2089 1087; x_wconf 84' lang='lat' dir='ltr'><strong>justi</strong></span> 
     </span>
    </p>
   </div>
   <div class='ocr_carea' id='block_1_14' title="bbox 510 1093 2090 1168">
    <p class='ocr_par' dir='ltr' id='par_1_14' title="bbox 510 1093 2090 1168">
     <span class='ocr_line' id='line_1_15' title="bbox 510 1093 2090 1168; baseline -0.005 -15"><span class='ocrx_word' id='word_1_98' title='bbox 510 1093 1162 1168; x_wconf 60' lang='lat' dir='ltr'><strong>persecutioneceszaret.</strong></span> <span class='ocrx_word' id='word_1_99' title='bbox 1195 1096 1300 1168; x_wconf 77' lang='lat' dir='ltr'><strong>Sed</strong></span> <span class='ocrx_word' id='word_1_100' title='bbox 1329 1112 1415 1168; x_wconf 87' lang='lat' dir='ltr'><strong>res</strong></span> <span class='ocrx_word' id='word_1_101' title='bbox 1441 1093 2090 1168; x_wconf 73' lang='lat' dir='ltr'><strong>interna_diSpensa_tione</strong></span> 
     </span>
    </p>
   </div>
   <div class='ocr_carea' id='block_1_15' title="bbox 507 1162 2088 1237">
    <p class='ocr_par' dir='ltr' id='par_1_15' title="bbox 507 1162 2088 1237">
     <span class='ocr_line' id='line_1_16' title="bbox 507 1162 2088 1237; baseline -0.004 -16"><span class='ocrx_word' id='word_1_102' title='bbox 507 1162 759 1237; x_wconf 74' lang='lat' dir='ltr'><strong>disposita</strong></span> <span class='ocrx_word' id='word_1_103' title='bbox 793 1166 935 1220; x_wconf 91' lang='lat' dir='ltr'><strong>nulla</strong></span> <span class='ocrx_word' id='word_1_104' title='bbox 964 1166 1130 1219; x_wconf 90' lang='lat' dir='ltr'><strong>valuit</strong></span> <span class='ocrx_word' id='word_1_105' title='bbox 1167 1166 1561 1220; x_wconf 85' lang='lat' dir='ltr'><strong>machinatione</strong></span> <span class='ocrx_word' id='word_1_106' title='bbox 1600 1164 1877 1237; x_wconf 64' lang='lat' dir='ltr'><strong>refragari.</strong></span> <span class='ocrx_word' id='word_1_107' title='bbox 1910 1162 2088 1237; x_wconf 63' lang='lat' dir='ltr'><strong>Eripe-</strong></span> 
     </span>
    </p>
   </div>
   <div class='ocr_carea' id='block_1_16' title="bbox 507 1234 2088 1304">
    <p class='ocr_par' dir='ltr' id='par_1_16' title="bbox 507 1234 2088 1304">
     <span class='ocr_line' id='line_1_17' title="bbox 507 1234 2088 1304; baseline -0.002 -16"><span class='ocrx_word' id='word_1_108' title='bbox 507 1234 686 1290; x_wconf 83' lang='lat' dir='ltr'><strong>diebat</strong></span> <span class='ocrx_word' id='word_1_109' title='bbox 712 1236 908 1304; x_wconf 92' lang='lat' dir='ltr'><strong>quippe</strong></span> <span class='ocrx_word' id='word_1_110' title='bbox 938 1243 995 1288; x_wconf 90' lang='lat' dir='ltr'><strong>ut</strong></span> <span class='ocrx_word' id='word_1_111' title='bbox 1028 1244 1373 1304; x_wconf 85' lang='lat' dir='ltr'><strong>peccatorum</strong></span> <span class='ocrx_word' id='word_1_112' title='bbox 1402 1244 1629 1289; x_wconf 74' lang='lat' dir='ltr'><strong>mortem</strong></span> <span class='ocrx_word' id='word_1_113' title='bbox 1665 1234 1809 1301; x_wconf 78' lang='lat' dir='ltr'><strong>juste</strong></span> <span class='ocrx_word' id='word_1_114' title='bbox 1850 1234 2088 1286; x_wconf 88' lang='lat' dir='ltr'><strong>morien-</strong></span> 
     </span>
    </p>
   </div>
   <div class='ocr_carea' id='block_1_17' title="bbox 510 1304 1776 1372">
    <p class='ocr_par' dir='ltr' id='par_1_17' title="bbox 510 1304 1776 1372">
     <span class='ocr_line' id='line_1_18' title="bbox 510 1304 1776 1372; baseline -0.002 -13"><span class='ocrx_word' id='word_1_115' title='bbox 510 1306 639 1359; x_wconf 87' lang='lat' dir='ltr'><strong>tium</strong></span> <span class='ocrx_word' id='word_1_116' title='bbox 666 1309 900 1359; x_wconf 89' lang='lat' dir='ltr'><strong>solveret</strong></span> <span class='ocrx_word' id='word_1_117' title='bbox 924 1320 1070 1359; x_wconf 88' lang='lat' dir='ltr'><strong>mors</strong></span> <span class='ocrx_word' id='word_1_118' title='bbox 1094 1304 1220 1371; x_wconf 82' lang='lat' dir='ltr'><strong>justi</strong></span> <span class='ocrx_word' id='word_1_119' title='bbox 1253 1305 1449 1372; x_wconf 83' lang='lat' dir='ltr'><strong>injuste</strong></span> <span class='ocrx_word' id='word_1_120' title='bbox 1476 1305 1776 1359; x_wconf 86' lang='lat' dir='ltr'><strong>morientis.</strong></span> 
     </span>
    </p>
   </div>
   <div class='ocr_carea' id='block_1_18' title="bbox 507 1392 2089 1463">
    <p class='ocr_par' dir='ltr' id='par_1_18' title="bbox 507 1392 2089 1463">
     <span class='ocr_line' id='line_1_19' title="bbox 507 1392 2089 1463; baseline -0.003 -15"><span class='ocrx_word' id='word_1_121' title='bbox 507 1394 635 1450; x_wconf 69' lang='lat' dir='ltr'><strong>CAP.</strong></span> <span class='ocrx_word' id='word_1_122' title='bbox 667 1394 751 1447; x_wconf 85' lang='lat' dir='ltr'><strong>CI.</strong></span> <span class='ocrx_word' id='word_1_123' title='bbox 773 1427 835 1437; x_wconf 89' lang='lat'><strong>—-</strong></span> <span class='ocrx_word' id='word_1_124' title='bbox 870 1393 940 1447; x_wconf 78' lang='lat' dir='ltr'><strong>Et</strong></span> <span class='ocrx_word' id='word_1_125' title='bbox 978 1411 1094 1447; x_wconf 81' lang='lat' dir='ltr'><strong>erce</strong></span> <span class='ocrx_word' id='word_1_126' title='bbox 1121 1395 1283 1447; x_wconf 77' lang='lat' dir='ltr'><strong>velum</strong></span> <span class='ocrx_word' id='word_1_127' title='bbox 1314 1394 1488 1463; x_wconf 82' lang='lat' dir='ltr'><strong>templi</strong></span> <span class='ocrx_word' id='word_1_128' title='bbox 1529 1396 1745 1448; x_wconf 73' lang='lat' dir='ltr'><strong>scissum</strong></span> <span class='ocrx_word' id='word_1_129' title='bbox 1770 1400 1846 1446; x_wconf 84' lang='lat' dir='ltr'><strong>est</strong></span> <span class='ocrx_word' id='word_1_130' title='bbox 1874 1394 1927 1446; x_wconf 87' lang='lat' dir='ltr'><strong>in</strong></span> <span class='ocrx_word' id='word_1_131' title='bbox 1957 1392 2089 1445; x_wconf 86' lang='lat' dir='ltr'><strong>duas</strong></span> 
     </span>
    </p>
   </div>
   <div class='ocr_carea' id='block_1_19' title="bbox 577 1465 2092 1536">
    <p class='ocr_par' dir='ltr' id='par_1_19' title="bbox 577 1465 2092 1536">
     <span class='ocr_line' id='line_1_20' title="bbox 577 1465 2092 1536; baseline 0 -20"><span class='ocrx_word' id='word_1_132' title='bbox 577 1475 764 1536; x_wconf 78' lang='lat' dir='ltr'><strong>partes.</strong></span> <span class='ocrx_word' id='word_1_133' title='bbox 800 1474 850 1517; x_wconf 85' lang='lat' dir='ltr'><strong>et</strong></span> <span class='ocrx_word' id='word_1_134' title='bbox 883 1474 1019 1516; x_wconf 81' lang='lat' dir='ltr'><strong>terra</strong></span> <span class='ocrx_word' id='word_1_135' title='bbox 1044 1473 1183 1517; x_wconf 86' lang='lat' dir='ltr'><strong>mota</strong></span> <span class='ocrx_word' id='word_1_136' title='bbox 1221 1473 1405 1536; x_wconf 78' lang='lat' dir='ltr'><strong>est,__et</strong></span> <span class='ocrx_word' id='word_1_137' title='bbox 1449 1474 1607 1536; x_wconf 67' lang='lat' dir='ltr'><strong>petrae</strong></span> <span class='ocrx_word' id='word_1_138' title='bbox 1632 1465 1806 1536; x_wconf 57' lang='lat' dir='ltr'><strong>scisne</strong></span> <span class='ocrx_word' id='word_1_139' title='bbox 1839 1473 1959 1516; x_wconf 87' lang='lat' dir='ltr'><strong>sunt</strong></span> <span class='ocrx_word' id='word_1_140' title='bbox 1983 1504 1998 1529; x_wconf 93' lang='lat'><strong>,</strong></span> <span class='ocrx_word' id='word_1_141' title='bbox 2042 1473 2092 1516; x_wconf 90' lang='lat' dir='ltr'><strong>et</strong></span> 
     </span>
    </p>
   </div>
   <div class='ocr_carea' id='block_1_20' title="bbox 576 1533 1828 1604">
    <p class='ocr_par' dir='ltr' id='par_1_20' title="bbox 576 1533 1828 1604">
     <span class='ocr_line' id='line_1_21' title="bbox 576 1533 1828 1604; baseline -0.002 -16"><span class='ocrx_word' id='word_1_142' title='bbox 576 1533 907 1589; x_wconf 67' lang='lat' dir='ltr'><strong>monumenta</strong></span> <span class='ocrx_word' id='word_1_143' title='bbox 935 1543 1115 1603; x_wconf 81' lang='lat' dir='ltr'><strong>aperta</strong></span> <span class='ocrx_word' id='word_1_144' title='bbox 1143 1544 1259 1586; x_wconf 84' lang='lat' dir='ltr'><strong>sunt</strong></span> <span class='ocrx_word' id='word_1_145' title='bbox 1288 1534 1503 1604; x_wconf 81' lang='lat' dir='ltr'><strong>(Matth.</strong></span> <span class='ocrx_word' id='word_1_146' title='bbox 1528 1550 1689 1597; x_wconf 80' lang='lat' dir='ltr'><strong>xxvu,</strong></span> <span class='ocrx_word' id='word_1_147' title='bbox 1713 1533 1828 1597; x_wconf 76' lang='lat' dir='ltr'><strong>3t).</strong></span> 
     </span>
    </p>
   </div>
   <div class='ocr_carea' id='block_1_21' title="bbox 577 1621 2092 1693">
    <p class='ocr_par' dir='ltr' id='par_1_21' title="bbox 577 1621 2092 1693">
     <span class='ocr_line' id='line_1_22' title="bbox 577 1621 2092 1693; baseline -0.001 -16"><span class='ocrx_word' id='word_1_148' title='bbox 577 1623 657 1693; x_wconf 78' lang='lat' dir='ltr'><strong>(In</strong></span> <span class='ocrx_word' id='word_1_149' title='bbox 683 1623 911 1691; x_wconf 81' lang='lat' dir='ltr'><strong>exposit.</strong></span> <span class='ocrx_word' id='word_1_150' title='bbox 948 1622 1009 1677; x_wconf 89' lang='grc' dir='ltr'><strong>Β.</strong></span> <span class='ocrx_word' id='word_1_151' title='bbox 1052 1621 1175 1683; x_wconf 81' lang='lat' dir='ltr'><strong>Job,</strong></span> <span class='ocrx_word' id='word_1_152' title='bbox 1208 1623 1299 1693; x_wconf 80' lang='lat' dir='ltr'><strong>lib.</strong></span> <span class='ocrx_word' id='word_1_153' title='bbox 1332 1641 1461 1687; x_wconf 76' lang='lat' dir='ltr'><strong>xxx,</strong></span> <span class='ocrx_word' id='word_1_154' title='bbox 1494 1642 1545 1677; x_wconf 92' lang='lat' dir='ltr'><strong>n.</strong></span> <span class='ocrx_word' id='word_1_155' title='bbox 1578 1623 1646 1676; x_wconf 84' lang='lat'><strong>66</strong></span> <span class='ocrx_word' id='word_1_156' title='bbox 1674 1633 1729 1677; x_wconf 91' lang='lat' dir='ltr'><strong>et</strong></span> <span class='ocrx_word' id='word_1_157' title='bbox 1758 1622 1872 1690; x_wconf 84' lang='lat'><strong>67.)</strong></span> <span class='ocrx_word' id='word_1_158' title='bbox 1914 1621 2092 1693; x_wconf 10' lang='lat' dir='ltr'><strong>[acar-</strong></span> 
     </span>
    </p>
   </div>
   <div class='ocr_carea' id='block_1_22' title="bbox 508 1690 2086 1760">
    <p class='ocr_par' dir='ltr' id='par_1_22' title="bbox 508 1690 2086 1760">
     <span class='ocr_line' id='line_1_23' title="bbox 508 1690 2086 1760; baseline -0.003 -13"><span class='ocrx_word' id='word_1_159' title='bbox 508 1690 664 1747; x_wconf 89' lang='lat' dir='ltr'><strong>natus</strong></span> <span class='ocrx_word' id='word_1_160' title='bbox 693 1690 972 1759; x_wconf 73' lang='lat' dir='ltr'><strong>Dominus,</strong></span> <span class='ocrx_word' id='word_1_161' title='bbox 1000 1693 1090 1759; x_wconf 91' lang='lat' dir='ltr'><strong>qui</strong></span> <span class='ocrx_word' id='word_1_162' title='bbox 1121 1694 1173 1747; x_wconf 92' lang='lat' dir='ltr'><strong>in</strong></span> <span class='ocrx_word' id='word_1_163' title='bbox 1213 1690 1385 1746; x_wconf 82' lang='lat' dir='ltr'><strong>forma</strong></span> <span class='ocrx_word' id='word_1_164' title='bbox 1434 1694 1522 1746; x_wconf 79' lang='lat' dir='ltr'><strong>Dei</strong></span> <span class='ocrx_word' id='word_1_165' title='bbox 1552 1694 1772 1760; x_wconf 62' lang='lat' dir='ltr'><strong>aequalis</strong></span> <span class='ocrx_word' id='word_1_166' title='bbox 1799 1702 1882 1747; x_wconf 87' lang='lat' dir='ltr'><strong>est</strong></span> <span class='ocrx_word' id='word_1_167' title='bbox 1921 1691 2086 1759; x_wconf 82' lang='lat' dir='ltr'><strong>Patri,</strong></span> 
     </span>
    </p>
   </div>
   <div class='ocr_carea' id='block_1_23' title="bbox 508 1760 2091 1829">
    <p class='ocr_par' dir='ltr' id='par_1_23' title="bbox 508 1760 2091 1829">
     <span class='ocr_line' id='line_1_24' title="bbox 508 1760 2091 1829; baseline 0 -14"><span class='ocrx_word' id='word_1_168' title='bbox 508 1764 559 1816; x_wconf 90' lang='lat' dir='ltr'><strong>in</strong></span> <span class='ocrx_word' id='word_1_169' title='bbox 591 1763 758 1815; x_wconf 77' lang='lat' dir='ltr'><strong>forma</strong></span> <span class='ocrx_word' id='word_1_170' title='bbox 789 1762 929 1816; x_wconf 84' lang='lat' dir='ltr'><strong>servi</strong></span> <span class='ocrx_word' id='word_1_171' title='bbox 973 1760 1147 1817; x_wconf 89' lang='lat' dir='ltr'><strong>minor</strong></span> <span class='ocrx_word' id='word_1_172' title='bbox 1193 1769 1273 1814; x_wconf 90' lang='lat' dir='ltr'><strong>est</strong></span> <span class='ocrx_word' id='word_1_173' title='bbox 1318 1761 1489 1816; x_wconf 79' lang='lat' dir='ltr'><strong>factus</strong></span> <span class='ocrx_word' id='word_1_174' title='bbox 1522 1761 1676 1815; x_wconf 86' lang='lat' dir='ltr'><strong>Patre</strong></span> <span class='ocrx_word' id='word_1_175' title='bbox 1701 1803 1718 1828; x_wconf 94' lang='lat'><strong>,</strong></span> <span class='ocrx_word' id='word_1_176' title='bbox 1760 1763 1881 1829; x_wconf 91' lang='lat' dir='ltr'><strong>quia</strong></span> <span class='ocrx_word' id='word_1_177' title='bbox 1918 1762 2091 1815; x_wconf 88' lang='lat' dir='ltr'><strong>n-inor</strong></span> 
     </span>
    </p>
   </div>
   <div class='ocr_carea' id='block_1_24' title="bbox 508 1830 2088 1899">
    <p class='ocr_par' dir='ltr' id='par_1_24' title="bbox 508 1830 2088 1899">
     <span class='ocr_line' id='line_1_25' title="bbox 508 1830 2088 1899; baseline -0.002 -13"><span class='ocrx_word' id='word_1_178' title='bbox 508 1841 588 1886; x_wconf 87' lang='lat' dir='ltr'><strong>est</strong></span> <span class='ocrx_word' id='word_1_179' title='bbox 608 1833 767 1886; x_wconf 87' lang='lat' dir='ltr'><strong>etiam</strong></span> <span class='ocrx_word' id='word_1_180' title='bbox 795 1831 997 1899; x_wconf 68' lang='lat' dir='ltr'><strong>sripsm</strong></span> <span class='ocrx_word' id='word_1_181' title='bbox 1020 1831 1272 1884; x_wconf 80' lang='lat' dir='ltr'><strong>Naturam</strong></span> <span class='ocrx_word' id='word_1_182' title='bbox 1301 1841 1478 1886; x_wconf 92' lang='lat' dir='ltr'><strong>autem</strong></span> <span class='ocrx_word' id='word_1_183' title='bbox 1505 1844 1741 1885; x_wconf 87' lang='lat' dir='ltr'><strong>nostram</strong></span> <span class='ocrx_word' id='word_1_184' title='bbox 1772 1830 2088 1899; x_wconf 55' lang='lat' dir='ltr'><strong>suscipiens,</strong></span> 
     </span>
    </p>
   </div>
   <div class='ocr_carea' id='block_1_25' title="bbox 508 1899 2087 1969">
    <p class='ocr_par' dir='ltr' id='par_1_25' title="bbox 508 1899 2087 1969">
     <span class='ocr_line' id='line_1_26' title="bbox 508 1899 2087 1969; baseline -0.002 -15"><span class='ocrx_word' id='word_1_185' title='bbox 508 1902 807 1969; x_wconf 80' lang='lat' dir='ltr'><strong>iniquitatis</strong></span> <span class='ocrx_word' id='word_1_186' title='bbox 829 1899 957 1967; x_wconf 80' lang='lat' dir='ltr'><strong>jugo</strong></span> <span class='ocrx_word' id='word_1_187' title='bbox 974 1900 1282 1955; x_wconf 87' lang='lat' dir='ltr'><strong>nullomodo</strong></span> <span class='ocrx_word' id='word_1_188' title='bbox 1301 1903 1471 1955; x_wconf 93' lang='lat' dir='ltr'><strong>teneri</strong></span> <span class='ocrx_word' id='word_1_189' title='bbox 1502 1902 1673 1967; x_wconf 58' lang='lat' dir='ltr'><strong>putuit</strong></span> <span class='ocrx_word' id='word_1_190' title='bbox 1690 1918 1703 1963; x_wconf 93' lang='lat'><strong>;</strong></span> <span class='ocrx_word' id='word_1_191' title='bbox 1723 1915 1880 1963; x_wconf 87' lang='lat' dir='ltr'><strong>quem</strong></span> <span class='ocrx_word' id='word_1_192' title='bbox 1903 1916 2087 1967; x_wconf 83' lang='lat' dir='ltr'><strong>quam-</strong></span> 
     </span>
    </p>
   </div>
   <div class='ocr_carea' id='block_1_26' title="bbox 508 1970 2088 2037">
    <p class='ocr_par' dir='ltr' id='par_1_26' title="bbox 508 1970 2088 2037">
     <span class='ocr_line' id='line_1_27' title="bbox 508 1970 2088 2037; baseline 0 -15"><span class='ocrx_word' id='word_1_193' title='bbox 508 1972 586 2023; x_wconf 93' lang='lat' dir='ltr'><strong>vis</strong></span> <span class='ocrx_word' id='word_1_194' title='bbox 614 1971 820 2024; x_wconf 78' lang='lat' dir='ltr'><strong>macula</strong></span> <span class='ocrx_word' id='word_1_195' title='bbox 851 1971 1019 2036; x_wconf 76' lang='lat' dir='ltr'><strong>culpa:</strong></span> <span class='ocrx_word' id='word_1_196' title='bbox 1060 1982 1252 2023; x_wconf 76' lang='lat' dir='ltr'><strong>nostra:</strong></span> <span class='ocrx_word' id='word_1_197' title='bbox 1301 1986 1404 2023; x_wconf 93' lang='lat' dir='ltr'><strong>non</strong></span> <span class='ocrx_word' id='word_1_198' title='bbox 1447 1971 1657 2037; x_wconf 76' lang='lat' dir='ltr'><strong>attigit,</strong></span> <span class='ocrx_word' id='word_1_199' title='bbox 1705 1970 1878 2036; x_wconf 75' lang='lat' dir='ltr'><strong>passii</strong></span> <span class='ocrx_word' id='word_1_200' title='bbox 1911 1978 2088 2022; x_wconf 80' lang='lat' dir='ltr'><strong>timeu</strong></span> 
     </span>
    </p>
   </div>
   <div class='ocr_carea' id='block_1_27' title="bbox 508 2039 2093 2107">
    <p class='ocr_par' dir='ltr' id='par_1_27' title="bbox 508 2039 2093 2107">
     <span class='ocr_line' id='line_1_28' title="bbox 508 2039 2093 2107; baseline -0.001 -13"><span class='ocrx_word' id='word_1_201' title='bbox 508 2049 705 2094; x_wconf 77' lang='lat' dir='ltr'><strong>nostra:</strong></span> <span class='ocrx_word' id='word_1_202' title='bbox 728 2040 1067 2093; x_wconf 82' lang='lat' dir='ltr'><strong>mortalitatis</strong></span> <span class='ocrx_word' id='word_1_203' title='bbox 1089 2039 1356 2094; x_wconf 83' lang='lat' dir='ltr'><strong>astrinxit.</strong></span> <span class='ocrx_word' id='word_1_204' title='bbox 1372 2040 1533 2105; x_wconf 85' lang='lat' dir='ltr'><strong>Quasi</strong></span> <span class='ocrx_word' id='word_1_205' title='bbox 1555 2039 1796 2107; x_wconf 63' lang='lat' dir='ltr'><strong>quicdam</strong></span> <span class='ocrx_word' id='word_1_206' title='bbox 1818 2039 1960 2091; x_wconf 82' lang='lat' dir='ltr'><strong>ettim</strong></span> <span class='ocrx_word' id='word_1_207' title='bbox 1984 2040 2093 2092; x_wconf 61' lang='lat' dir='ltr'><strong>vino</strong></span> 
     </span>
    </p>
   </div>
   <div class='ocr_carea' id='block_1_28' title="bbox 509 2107 2092 2179">
    <p class='ocr_par' dir='ltr' id='par_1_28' title="bbox 509 2107 2092 2179">
     <span class='ocr_line' id='line_1_29' title="bbox 509 2107 2092 2179; baseline -0.001 -16"><span class='ocrx_word' id='word_1_208' title='bbox 509 2110 627 2164; x_wconf 81' lang='lat' dir='ltr'><strong>cuia</strong></span> <span class='ocrx_word' id='word_1_209' title='bbox 656 2110 840 2163; x_wconf 87' lang='lat' dir='ltr'><strong>habuit</strong></span> <span class='ocrx_word' id='word_1_210' title='bbox 867 2124 928 2164; x_wconf 91' lang='lat' dir='ltr'><strong>ea</strong></span> <span class='ocrx_word' id='word_1_211' title='bbox 955 2125 1072 2179; x_wconf 70' lang='lat' dir='ltr'><strong>qute</strong></span> <span class='ocrx_word' id='word_1_212' title='bbox 1096 2124 1191 2162; x_wconf 89' lang='lat' dir='ltr'><strong>nos</strong></span> <span class='ocrx_word' id='word_1_213' title='bbox 1220 2110 1469 2179; x_wconf 72' lang='lat' dir='ltr'><strong>neguilite</strong></span> <span class='ocrx_word' id='word_1_214' title='bbox 1500 2111 1688 2179; x_wconf 80' lang='lat' dir='ltr'><strong>merito</strong></span> <span class='ocrx_word' id='word_1_215' title='bbox 1724 2107 1978 2179; x_wconf 87' lang='lat' dir='ltr'><strong>patimur,</strong></span> <span class='ocrx_word' id='word_1_216' title='bbox 2003 2125 2092 2162; x_wconf 90' lang='lat' dir='ltr'><strong>no-</strong></span> 
     </span>
    </p>
   </div>
   <div class='ocr_carea' id='block_1_29' title="bbox 509 2176 2093 2246">
    <p class='ocr_par' dir='ltr' id='par_1_29' title="bbox 509 2176 2093 2246">
     <span class='ocr_line' id='line_1_30' title="bbox 509 2176 2093 2246; baseline 0 -14"><span class='ocrx_word' id='word_1_217' title='bbox 509 2188 606 2233; x_wconf 83' lang='lat' dir='ltr'><strong>tr:e</strong></span> <span class='ocrx_word' id='word_1_218' title='bbox 632 2179 838 2233; x_wconf 80' lang='lat' dir='ltr'><strong>scilicet</strong></span> <span class='ocrx_word' id='word_1_219' title='bbox 859 2176 1201 2233; x_wconf 65' lang='lat' dir='ltr'><strong>mortalitatis</strong></span> <span class='ocrx_word' id='word_1_220' title='bbox 1230 2176 1846 2246; x_wconf 70' lang='lat' dir='ltr'><strong>inﬁrma,quibususque</strong></span> <span class='ocrx_word' id='word_1_221' title='bbox 1876 2178 1940 2230; x_wconf 89' lang='lat' dir='ltr'><strong>ad</strong></span> <span class='ocrx_word' id='word_1_222' title='bbox 1959 2194 2093 2232; x_wconf 84' lang='lat' dir='ltr'><strong>inor-</strong></span> 
     </span>
    </p>
   </div>
   <div class='ocr_carea' id='block_1_30' title="bbox 513 2247 2089 2318">
    <p class='ocr_par' dir='ltr' id='par_1_30' title="bbox 513 2247 2089 2318">
     <span class='ocr_line' id='line_1_31' title="bbox 513 2247 2089 2318; baseline -0.001 -16"><span class='ocrx_word' id='word_1_223' title='bbox 513 2259 619 2303; x_wconf 87' lang='lat' dir='ltr'><strong>tem</strong></span> <span class='ocrx_word' id='word_1_224' title='bbox 643 2257 833 2316; x_wconf 90' lang='lat' dir='ltr'><strong>sponte</strong></span> <span class='ocrx_word' id='word_1_225' title='bbox 852 2250 1002 2316; x_wconf 83' lang='lat' dir='ltr'><strong>ligari</strong></span> <span class='ocrx_word' id='word_1_226' title='bbox 1029 2247 1291 2318; x_wconf 10' lang='lat' dir='ltr'><strong>servoluit,</strong></span> <span class='ocrx_word' id='word_1_227' title='bbox 1315 2257 1369 2302; x_wconf 90' lang='lat' dir='ltr'><strong>et</strong></span> <span class='ocrx_word' id='word_1_228' title='bbox 1394 2265 1513 2318; x_wconf 75' lang='lat' dir='ltr'><strong>qua:</strong></span> <span class='ocrx_word' id='word_1_229' title='bbox 1534 2264 1627 2316; x_wconf 87' lang='lat' dir='ltr'><strong>per</strong></span> <span class='ocrx_word' id='word_1_230' title='bbox 1641 2248 2089 2301; x_wconf 70' lang='lat' dir='ltr'><strong>resurrectionem</strong></span> 
     </span>
    </p>
   </div>
   <div class='ocr_carea' id='block_1_31' title="bbox 510 2317 2090 2387">
    <p class='ocr_par' dir='ltr' id='par_1_31' title="bbox 510 2317 2090 2387">
     <span class='ocr_line' id='line_1_32' title="bbox 510 2317 2090 2387; baseline 0.001 -16"><span class='ocrx_word' id='word_1_231' title='bbox 510 2318 824 2387; x_wconf 83' lang='lat' dir='ltr'><strong>mirabiliter</strong></span> <span class='ocrx_word' id='word_1_232' title='bbox 851 2319 1030 2372; x_wconf 87' lang='lat' dir='ltr'><strong>solvit.</strong></span> <span class='ocrx_word' id='word_1_233' title='bbox 1065 2317 1283 2387; x_wconf 82' lang='lat' dir='ltr'><strong>Esurire</strong></span> <span class='ocrx_word' id='word_1_234' title='bbox 1308 2317 1525 2387; x_wconf 88' lang='lat' dir='ltr'><strong>quippe,</strong></span> <span class='ocrx_word' id='word_1_235' title='bbox 1560 2318 1731 2375; x_wconf 88' lang='lat' dir='ltr'><strong>sitire.</strong></span> <span class='ocrx_word' id='word_1_236' title='bbox 1758 2318 2050 2372; x_wconf 79' lang='lat' dir='ltr'><strong>lassescere</strong></span> <span class='ocrx_word' id='word_1_237' title='bbox 2074 2359 2090 2385; x_wconf 94' lang='lat'><strong>,</strong></span> 
     </span>
    </p>
   </div>
   <div class='ocr_carea' id='block_1_32' title="bbox 510 2386 2093 2455">
    <p class='ocr_par' dir='ltr' id='par_1_32' title="bbox 510 2386 2093 2455">
     <span class='ocr_line' id='line_1_33' title="bbox 510 2386 2093 2455; baseline -0.001 -14"><span class='ocrx_word' id='word_1_238' title='bbox 510 2387 702 2455; x_wconf 70' lang='lat' dir='ltr'><strong>teneri,</strong></span> <span class='ocrx_word' id='word_1_239' title='bbox 732 2386 1003 2455; x_wconf 29' lang='lat' dir='ltr'><strong>ﬂagellari.</strong></span> <span class='ocrx_word' id='word_1_240' title='bbox 1030 2386 1289 2455; x_wconf 81' lang='lat' dir='ltr'><strong>crucifigi,</strong></span> <span class='ocrx_word' id='word_1_241' title='bbox 1321 2386 1515 2442; x_wconf 78' lang='lat' dir='ltr'><strong>nostra:</strong></span> <span class='ocrx_word' id='word_1_242' title='bbox 1541 2387 1879 2441; x_wconf 88' lang='lat' dir='ltr'><strong>mortalitatis</strong></span> <span class='ocrx_word' id='word_1_243' title='bbox 1909 2387 2093 2440; x_wconf 89' lang='lat' dir='ltr'><strong>vincu-</strong></span> 
     </span>
    </p>
   </div>
   <div class='ocr_carea' id='block_1_33' title="bbox 515 2451 2084 2527">
    <p class='ocr_par' dir='ltr' id='par_1_33' title="bbox 515 2451 2084 2527">
     <span class='ocr_line' id='line_1_34' title="bbox 515 2451 2084 2527; baseline 0.004 -24"><span class='ocrx_word' id='word_1_244' title='bbox 515 2451 619 2509; x_wconf 82' lang='lat' dir='ltr'><strong>lum</strong></span> <span class='ocrx_word' id='word_1_245' title='bbox 651 2455 762 2508; x_wconf 81' lang='lat' dir='ltr'><strong>fuit.</strong></span> <span class='ocrx_word' id='word_1_246' title='bbox 790 2451 893 2509; x_wconf 82' lang='lat' dir='ltr'><strong>Sed</strong></span> <span class='ocrx_word' id='word_1_247' title='bbox 926 2472 1051 2510; x_wconf 87' lang='lat' dir='ltr'><strong>cum</strong></span> <span class='ocrx_word' id='word_1_248' title='bbox 1079 2451 1291 2527; x_wconf 75' lang='lat' dir='ltr'><strong>expleta</strong></span> <span class='ocrx_word' id='word_1_249' title='bbox 1320 2465 1492 2511; x_wconf 90' lang='lat' dir='ltr'><strong>morte</strong></span> <span class='ocrx_word' id='word_1_250' title='bbox 1519 2457 1693 2510; x_wconf 83' lang='lat' dir='ltr'><strong>velum</strong></span> <span class='ocrx_word' id='word_1_251' title='bbox 1722 2456 1923 2527; x_wconf 75' lang='lat' dir='ltr'><strong>templi</strong></span> <span class='ocrx_word' id='word_1_252' title='bbox 1943 2472 2084 2509; x_wconf 58' lang='lat' dir='ltr'><strong>rum.</strong></span> 
     </span>
    </p>
   </div>
   <div class='ocr_carea' id='block_1_34' title="bbox 511 2524 2091 2597">
    <p class='ocr_par' dir='ltr' id='par_1_34' title="bbox 511 2524 2091 2597">
     <span class='ocr_line' id='line_1_35' title="bbox 511 2524 2091 2597; baseline 0.001 -19"><span class='ocrx_word' id='word_1_253' title='bbox 511 2533 746 2597; x_wconf 81' lang='lat' dir='ltr'><strong>pcretur,</strong></span> <span class='ocrx_word' id='word_1_254' title='bbox 780 2524 1162 2597; x_wconf 82' lang='lat' dir='ltr'><strong>scinderenlur</strong></span> <span class='ocrx_word' id='word_1_255' title='bbox 1186 2539 1379 2595; x_wconf 73' lang='lat' dir='ltr'><strong>pe&#39;rtc,</strong></span> <span class='ocrx_word' id='word_1_256' title='bbox 1409 2535 1767 2597; x_wconf 71' lang='lat' dir='ltr'><strong>munumenta</strong></span> <span class='ocrx_word' id='word_1_257' title='bbox 1789 2524 2091 2597; x_wconf 78' lang='lat' dir='ltr'><strong>panderen-</strong></span> 
     </span>
    </p>
   </div>
   <div class='ocr_carea' id='block_1_35' title="bbox 512 2592 2090 2676">
    <p class='ocr_par' dir='ltr' id='par_1_35' title="bbox 512 2592 2090 2676">
     <span class='ocr_line' id='line_1_36' title="bbox 512 2592 2090 2676; baseline 0.001 -29"><span class='ocrx_word' id='word_1_258' title='bbox 512 2592 621 2655; x_wconf 85' lang='lat' dir='ltr'><strong>iur,</strong></span> <span class='ocrx_word' id='word_1_259' title='bbox 651 2592 845 2674; x_wconf 75' lang='lat' dir='ltr'><strong>inferni</strong></span> <span class='ocrx_word' id='word_1_260' title='bbox 880 2596 1111 2675; x_wconf 71' lang='lat' dir='ltr'><strong>claustra</strong></span> <span class='ocrx_word' id='word_1_261' title='bbox 1155 2592 1513 2676; x_wconf 74' lang='lat' dir='ltr'><strong>patescerent,</strong></span> <span class='ocrx_word' id='word_1_262' title='bbox 1542 2594 1675 2674; x_wconf 43' lang='lat' dir='ltr'><strong>quid.</strong></span> <span class='ocrx_word' id='word_1_263' title='bbox 1702 2592 1845 2676; x_wconf 73' lang='lat' dir='ltr'><strong>aliud</strong></span> <span class='ocrx_word' id='word_1_264' title='bbox 1879 2602 1969 2676; x_wconf 56' lang='lat' dir='ltr'><strong>tot</strong></span> <span class='ocrx_word' id='word_1_265' title='bbox 2003 2610 2090 2673; x_wconf 82' lang='lat' dir='ltr'><strong>ar-</strong></span> 
     </span>
    </p>
   </div>
   <div class='ocr_carea' id='block_1_36' title="bbox 511 2663 2089 2733">
    <p class='ocr_par' dir='ltr' id='par_1_36' title="bbox 511 2663 2089 2733">
     <span class='ocr_line' id='line_1_37' title="bbox 511 2663 2089 2733; baseline 0.001 -17"><span class='ocrx_word' id='word_1_266' title='bbox 511 2664 777 2730; x_wconf 74' lang='lat' dir='ltr'><strong>gumentis</strong></span> <span class='ocrx_word' id='word_1_267' title='bbox 808 2672 968 2717; x_wconf 78' lang='lat' dir='ltr'><strong>tanta:</strong></span> <span class='ocrx_word' id='word_1_268' title='bbox 998 2663 1205 2720; x_wconf 89' lang='lat' dir='ltr'><strong>virtutis</strong></span> <span class='ocrx_word' id='word_1_269' title='bbox 1234 2663 1551 2727; x_wconf 80' lang='lat' dir='ltr'><strong>ostenditur,</strong></span> <span class='ocrx_word' id='word_1_270' title='bbox 1581 2664 1679 2717; x_wconf 89' lang='lat' dir='ltr'><strong>nisi</strong></span> <span class='ocrx_word' id='word_1_271' title='bbox 1705 2663 1850 2733; x_wconf 88' lang='lat' dir='ltr'><strong>quod</strong></span> <span class='ocrx_word' id='word_1_272' title='bbox 1879 2663 1966 2716; x_wconf 89' lang='lat' dir='ltr'><strong>illa</strong></span> <span class='ocrx_word' id='word_1_273' title='bbox 2006 2663 2089 2718; x_wconf 86' lang='lat' dir='ltr'><strong>in-</strong></span> 
     </span>
    </p>
   </div>
   <div class='ocr_carea' id='block_1_37' title="bbox 513 2733 2089 2801">
    <p class='ocr_par' dir='ltr' id='par_1_37' title="bbox 513 2733 2089 2801">
     <span class='ocr_line' id='line_1_38' title="bbox 513 2733 2089 2801; baseline 0.001 -16"><span class='ocrx_word' id='word_1_274' title='bbox 513 2733 775 2787; x_wconf 75' lang='lat' dir='ltr'><strong>firmitatis</strong></span> <span class='ocrx_word' id='word_1_275' title='bbox 806 2742 1002 2788; x_wconf 61' lang='lat' dir='ltr'><strong>nostra;</strong></span> <span class='ocrx_word' id='word_1_276' title='bbox 1046 2735 1250 2791; x_wconf 90' lang='lat' dir='ltr'><strong>vincula</strong></span> <span class='ocrx_word' id='word_1_277' title='bbox 1281 2734 1663 2787; x_wconf 85' lang='lat' dir='ltr'><strong>solvebantur?</strong></span> <span class='ocrx_word' id='word_1_278' title='bbox 1711 2742 1770 2787; x_wconf 91' lang='lat' dir='ltr'><strong>ut</strong></span> <span class='ocrx_word' id='word_1_279' title='bbox 1813 2734 1857 2788; x_wconf 91' lang='lat' dir='ltr'><strong>is</strong></span> <span class='ocrx_word' id='word_1_280' title='bbox 1884 2733 1975 2801; x_wconf 89' lang='lat' dir='ltr'><strong>qui</strong></span> <span class='ocrx_word' id='word_1_281' title='bbox 2022 2734 2089 2787; x_wconf 90' lang='lat' dir='ltr'><strong>ad</strong></span> 
     </span>
    </p>
   </div>
   <div class='ocr_carea' id='block_1_38' title="bbox 511 2802 2091 2871">
    <p class='ocr_par' dir='ltr' id='par_1_38' title="bbox 511 2802 2091 2871">
     <span class='ocr_line' id='line_1_39' title="bbox 511 2802 2091 2871; baseline 0.003 -20"><span class='ocrx_word' id='word_1_282' title='bbox 511 2802 902 2871; x_wconf 61' lang='lat' dir='ltr'><strong>ruscipiendam</strong></span> <span class='ocrx_word' id='word_1_283' title='bbox 944 2808 1083 2857; x_wconf 89' lang='lat' dir='ltr'><strong>servi</strong></span> <span class='ocrx_word' id='word_1_284' title='bbox 1116 2803 1340 2857; x_wconf 83' lang='lat' dir='ltr'><strong>formam</strong></span> <span class='ocrx_word' id='word_1_285' title='bbox 1391 2811 1647 2865; x_wconf 85' lang='lat' dir='ltr'><strong>venerat,</strong></span> <span class='ocrx_word' id='word_1_286' title='bbox 1696 2804 1748 2857; x_wconf 92' lang='lat' dir='ltr'><strong>in</strong></span> <span class='ocrx_word' id='word_1_287' title='bbox 1796 2804 1908 2871; x_wconf 88' lang='lat' dir='ltr'><strong>ipsa</strong></span> <span class='ocrx_word' id='word_1_288' title='bbox 1952 2805 2091 2857; x_wconf 84' lang='lat' dir='ltr'><strong>servi</strong></span> 
     </span>
    </p>
   </div>
   <div class='ocr_carea' id='block_1_39' title="bbox 513 2867 2091 2932">
    <p class='ocr_par' dir='ltr' id='par_1_39' title="bbox 513 2867 2091 2932">
     <span class='ocr_line' id='line_1_40' title="bbox 513 2867 2091 2932; baseline 0 -7"><span class='ocrx_word' id='word_1_289' title='bbox 513 2867 681 2925; x_wconf 74' lang='lat' dir='ltr'><strong>forma</strong></span> <span class='ocrx_word' id='word_1_290' title='bbox 705 2872 772 2925; x_wconf 91' lang='lat' dir='ltr'><strong>ab</strong></span> <span class='ocrx_word' id='word_1_291' title='bbox 793 2871 981 2926; x_wconf 77' lang='lat' dir='ltr'><strong>inferni</strong></span> <span class='ocrx_word' id='word_1_292' title='bbox 1012 2874 1239 2928; x_wconf 78' lang='lat' dir='ltr'><strong>vinculis</strong></span> <span class='ocrx_word' id='word_1_293' title='bbox 1268 2874 1545 2926; x_wconf 90' lang='lat' dir='ltr'><strong>absolutus</strong></span> <span class='ocrx_word' id='word_1_294' title='bbox 1568 2911 1582 2932; x_wconf 90' lang='lat'><strong>.</strong></span> <span class='ocrx_word' id='word_1_295' title='bbox 1615 2872 1681 2926; x_wconf 86' lang='lat' dir='ltr'><strong>ad</strong></span> <span class='ocrx_word' id='word_1_296' title='bbox 1706 2867 1900 2927; x_wconf 75' lang='lat' dir='ltr'><strong>omium</strong></span> <span class='ocrx_word' id='word_1_297' title='bbox 1930 2872 2091 2926; x_wconf 89' lang='lat' dir='ltr'><strong>etiam</strong></span> 
     </span>
    </p>
   </div>
   <div class='ocr_carea' id='block_1_40' title="bbox 514 2941 2096 3011">
    <p class='ocr_par' dir='ltr' id='par_1_40' title="bbox 514 2941 2096 3011">
     <span class='ocr_line' id='line_1_41' title="bbox 514 2941 2096 3011; baseline 0.002 -19"><span class='ocrx_word' id='word_1_298' title='bbox 514 2955 635 3011; x_wconf 71' lang='lat' dir='ltr'><strong>cum</strong></span> <span class='ocrx_word' id='word_1_299' title='bbox 667 2941 921 2995; x_wconf 79' lang='lat' dir='ltr'><strong>membris</strong></span> <span class='ocrx_word' id='word_1_300' title='bbox 950 2943 1083 2995; x_wconf 87' lang='lat' dir='ltr'><strong>liber</strong></span> <span class='ocrx_word' id='word_1_301' title='bbox 1112 2945 1204 2996; x_wconf 89' lang='lat' dir='ltr'><strong>red</strong></span> <span class='ocrx_word' id='word_1_302' title='bbox 1231 2944 1349 2996; x_wconf 87' lang='lat' dir='ltr'><strong>ret?</strong></span> <span class='ocrx_word' id='word_1_303' title='bbox 1381 2942 1454 2996; x_wconf 88' lang='lat' dir='ltr'><strong>De</strong></span> <span class='ocrx_word' id='word_1_304' title='bbox 1482 2944 1677 3011; x_wconf 84' lang='lat' dir='ltr'><strong>quibus</strong></span> <span class='ocrx_word' id='word_1_305' title='bbox 1712 2942 1829 3009; x_wconf 85' lang='lat' dir='ltr'><strong>ejus</strong></span> <span class='ocrx_word' id='word_1_306' title='bbox 1870 2943 2096 2997; x_wconf 83' lang='lat' dir='ltr'><strong>vinculis</strong></span> 
     </span>
    </p>
   </div>
   <div class='ocr_carea' id='block_1_41' title="bbox 515 3008 2091 3079">
    <p class='ocr_par' dir='ltr' id='par_1_41' title="bbox 515 3008 2091 3079">
     <span class='ocr_line' id='line_1_42' title="bbox 515 3008 2091 3079; baseline 0.002 -18"><span class='ocrx_word' id='word_1_307' title='bbox 515 3008 603 3061; x_wconf 76' lang='lat' dir='ltr'><strong>Pet</strong></span> <span class='ocrx_word' id='word_1_308' title='bbox 616 3026 703 3062; x_wconf 87' lang='lat' dir='ltr'><strong>rus</strong></span> <span class='ocrx_word' id='word_1_309' title='bbox 731 3013 1003 3079; x_wconf 78' lang='lat' dir='ltr'><strong>apostolus</strong></span> <span class='ocrx_word' id='word_1_310' title='bbox 1032 3022 1331 3074; x_wconf 62' lang='lat' dir='ltr'><strong>attestatur,</strong></span> <span class='ocrx_word' id='word_1_311' title='bbox 1362 3008 1543 3065; x_wconf 79' lang='lat' dir='ltr'><strong>dicetis</strong></span> <span class='ocrx_word' id='word_1_312' title='bbox 1574 3031 1585 3064; x_wconf 95' lang='lat'>:</span> <span class='ocrx_word' id='word_1_313' title='bbox 1618 3008 1779 3075; x_wconf 79' lang='lat' dir='ltr'><strong>Quem</strong></span> <span class='ocrx_word' id='word_1_314' title='bbox 1811 3011 1947 3065; x_wconf 80' lang='lat' dir='ltr'><strong>Deus</strong></span> <span class='ocrx_word' id='word_1_315' title='bbox 1977 3029 2091 3065; x_wconf 82' lang='lat' dir='ltr'><strong>sus-</strong></span> 
     </span>
    </p>
   </div>
   <div class='ocr_carea' id='block_1_42' title="bbox 516 3081 2093 3153">
    <p class='ocr_par' dir='ltr' id='par_1_42' title="bbox 516 3081 2093 3153">
     <span class='ocr_line' id='line_1_43' title="bbox 516 3081 2093 3153; baseline 0.003 -22"><span class='ocrx_word' id='word_1_316' title='bbox 516 3081 715 3153; x_wconf 66' lang='lat' dir='ltr'><strong>citavit,</strong></span> <span class='ocrx_word' id='word_1_317' title='bbox 735 3081 915 3133; x_wconf 74' lang='lat' dir='ltr'><strong>solutis</strong></span> <span class='ocrx_word' id='word_1_318' title='bbox 947 3083 1211 3153; x_wconf 74' lang='lat' dir='ltr'><strong>doloribus</strong></span> <span class='ocrx_word' id='word_1_319' title='bbox 1241 3083 1433 3150; x_wconf 69' lang='lat' dir='ltr'><strong>inferni</strong></span> <span class='ocrx_word' id='word_1_320' title='bbox 1458 3120 1473 3144; x_wconf 93' lang='lat'><strong>,</strong></span> <span class='ocrx_word' id='word_1_321' title='bbox 1501 3084 1657 3153; x_wconf 53' lang='lat' dir='ltr'><strong>jnagta</strong></span> <span class='ocrx_word' id='word_1_322' title='bbox 1688 3083 1821 3153; x_wconf 79' lang='lat' dir='ltr'><strong>quod</strong></span> <span class='ocrx_word' id='word_1_323' title='bbox 1858 3084 2093 3151; x_wconf 83' lang='lat' dir='ltr'><strong>impossi-</strong></span> 
     </span>
    </p>
   </div>
   <div class='ocr_carea' id='block_1_43' title="bbox 517 3148 2092 3219">
    <p class='ocr_par' dir='ltr' id='par_1_43' title="bbox 517 3148 2092 3219">
     <span class='ocr_line' id='line_1_44' title="bbox 517 3148 2092 3219; baseline 0.002 -19"><span class='ocrx_word' id='word_1_324' title='bbox 517 3148 615 3201; x_wconf 75' lang='lat' dir='ltr'><strong>bile</strong></span> <span class='ocrx_word' id='word_1_325' title='bbox 641 3160 752 3202; x_wconf 82' lang='lat' dir='ltr'><strong>erat</strong></span> <span class='ocrx_word' id='word_1_326' title='bbox 778 3154 935 3203; x_wconf 79' lang='lat' dir='ltr'><strong>teneri</strong></span> <span class='ocrx_word' id='word_1_327' title='bbox 966 3152 1109 3204; x_wconf 71' lang='lat' dir='ltr'><strong>illum</strong></span> <span class='ocrx_word' id='word_1_328' title='bbox 1142 3152 1204 3204; x_wconf 77' lang='lat' dir='ltr'><strong>rb</strong></span> <span class='ocrx_word' id='word_1_329' title='bbox 1230 3148 1450 3219; x_wconf 40' lang='lat' dir='ltr'><strong>eo&#39;(.let.</strong></span> <span class='ocrx_word' id='word_1_330' title='bbox 1492 3148 1544 3206; x_wconf 80' lang='grc' dir='ltr'>ιι.</span> <span class='ocrx_word' id='word_1_331' title='bbox 1574 3148 1941 3218; x_wconf 65' lang='grc' dir='ltr'><strong>21).’νίιιιτιι1;ι</strong></span> <span class='ocrx_word' id='word_1_332' title='bbox 1991 3156 2092 3203; x_wconf 62' lang='lat' dir='ltr'><strong>isa-</strong></span> 
     </span>
    </p>
   </div>
   <div class='ocr_carea' id='block_1_44' title="bbox 514 3220 2099 3289">
    <p class='ocr_par' dir='ltr' id='par_1_44' title="bbox 514 3220 2099 3289">
     <span class='ocr_line' id='line_1_45' title="bbox 514 3220 2099 3289; baseline 0.002 -18"><span class='ocrx_word' id='word_1_333' title='bbox 514 3233 618 3289; x_wconf 75' lang='lat' dir='ltr'><strong>que</strong></span> <span class='ocrx_word' id='word_1_334' title='bbox 646 3220 761 3286; x_wconf 89' lang='lat' dir='ltr'><strong>ejus</strong></span> <span class='ocrx_word' id='word_1_335' title='bbox 790 3228 915 3273; x_wconf 91' lang='lat' dir='ltr'><strong>tunc</strong></span> <span class='ocrx_word' id='word_1_336' title='bbox 942 3222 1117 3275; x_wconf 86' lang='lat' dir='ltr'><strong>soluta</strong></span> <span class='ocrx_word' id='word_1_337' title='bbox 1150 3231 1291 3281; x_wconf 88' lang='lat' dir='ltr'><strong>sunt.</strong></span> <span class='ocrx_word' id='word_1_338' title='bbox 1323 3238 1443 3275; x_wconf 89' lang='lat' dir='ltr'><strong>cum</strong></span> <span class='ocrx_word' id='word_1_339' title='bbox 1474 3222 1808 3275; x_wconf 84' lang='lat' dir='ltr'><strong>inlirmitales</strong></span> <span class='ocrx_word' id='word_1_340' title='bbox 1838 3222 2099 3289; x_wconf 77' lang='lat' dir='ltr'><strong>passionis</strong></span> 
     </span>
    </p>
   </div>
   <div class='ocr_carea' id='block_1_45' title="bbox 519 3287 1961 3356">
    <p class='ocr_par' dir='ltr' id='par_1_45' title="bbox 519 3287 1961 3356">
     <span class='ocr_line' id='line_1_46' title="bbox 519 3287 1961 3356; baseline 0.006 -19"><span class='ocrx_word' id='word_1_341' title='bbox 519 3287 660 3341; x_wconf 85' lang='lat' dir='ltr'><strong>illius</strong></span> <span class='ocrx_word' id='word_1_342' title='bbox 692 3292 741 3341; x_wconf 90' lang='lat' dir='ltr'><strong>in</strong></span> <span class='ocrx_word' id='word_1_343' title='bbox 769 3292 1178 3344; x_wconf 81' lang='lat' dir='ltr'><strong>resurrectionis</strong></span> <span class='ocrx_word' id='word_1_344' title='bbox 1207 3299 1329 3343; x_wconf 89' lang='lat' dir='ltr'><strong>sunt</strong></span> <span class='ocrx_word' id='word_1_345' title='bbox 1350 3296 1467 3356; x_wconf 83' lang='lat' dir='ltr'><strong>glor</strong></span> <span class='ocrx_word' id='word_1_346' title='bbox 1488 3306 1573 3343; x_wconf 88' lang='lat' dir='ltr'><strong>am</strong></span> <span class='ocrx_word' id='word_1_347' title='bbox 1600 3287 1961 3345; x_wconf 65' lang='lat' dir='ltr'><strong>commutatio.</strong></span> 
     </span>
    </p>
   </div>
   <div class='ocr_carea' id='block_1_46' title="bbox 516 3378 2102 3450">
    <p class='ocr_par' dir='ltr' id='par_1_46' title="bbox 516 3378 2102 3450">
     <span class='ocr_line' id='line_1_47' title="bbox 516 3378 2102 3450; baseline 0.003 -17"><span class='ocrx_word' id='word_1_348' title='bbox 516 3379 645 3435; x_wconf 67' lang='lat' dir='ltr'><strong>Cu.</strong></span> <span class='ocrx_word' id='word_1_349' title='bbox 676 3378 783 3433; x_wconf 90' lang='lat' dir='ltr'><strong>Cll.</strong></span> <span class='ocrx_word' id='word_1_350' title='bbox 813 3412 885 3421; x_wconf 95' lang='lat'><strong><em>—</em></strong></span> <span class='ocrx_word' id='word_1_351' title='bbox 909 3380 980 3433; x_wconf 83' lang='lat' dir='ltr'><strong>Et</strong></span> <span class='ocrx_word' id='word_1_352' title='bbox 1008 3382 1168 3433; x_wconf 89' lang='lat' dir='ltr'><strong>multa</strong></span> <span class='ocrx_word' id='word_1_353' title='bbox 1197 3398 1414 3449; x_wconf 81' lang='lat' dir='ltr'><strong>corpora</strong></span> <span class='ocrx_word' id='word_1_354' title='bbox 1440 3390 1737 3435; x_wconf 87' lang='lat' dir='ltr'><strong>sanctorum</strong></span> <span class='ocrx_word' id='word_1_355' title='bbox 1763 3384 1849 3450; x_wconf 86' lang='lat' dir='ltr'><strong>qui</strong></span> <span class='ocrx_word' id='word_1_356' title='bbox 1878 3383 2102 3437; x_wconf 87' lang='lat' dir='ltr'><strong>dormie—</strong></span> 
     </span>
    </p>
   </div>
   <div class='ocr_carea' id='block_1_47' title="bbox 765 3450 1850 3521">
    <p class='ocr_par' dir='ltr' id='par_1_47' title="bbox 765 3450 1850 3521">
     <span class='ocr_line' id='line_1_48' title="bbox 765 3450 1850 3521; baseline 0.005 -20"><span class='ocrx_word' id='word_1_357' title='bbox 765 3462 899 3511; x_wconf 83' lang='lat' dir='ltr'><strong>runt,</strong></span> <span class='ocrx_word' id='word_1_358' title='bbox 932 3459 1264 3503; x_wconf 68' lang='lat' dir='ltr'><strong>surrexerunt</strong></span> <span class='ocrx_word' id='word_1_359' title='bbox 1297 3450 1510 3521; x_wconf 80' lang='lat' dir='ltr'><strong>(Matth.</strong></span> <span class='ocrx_word' id='word_1_360' title='bbox 1543 3467 1705 3515; x_wconf 71' lang='lat' dir='ltr'><strong>xxvn,</strong></span> <span class='ocrx_word' id='word_1_361' title='bbox 1736 3452 1850 3517; x_wconf 75' lang='lat'><strong>5‘2).</strong></span> 
     </span>
    </p>
   </div>
   <div class='ocr_carea' id='block_1_48' title="bbox 590 3540 2096 3616">
    <p class='ocr_par' dir='ltr' id='par_1_48' title="bbox 590 3540 2096 3616">
     <span class='ocr_line' id='line_1_49' title="bbox 590 3540 2096 3616; baseline 0.003 -21"><span class='ocrx_word' id='word_1_362' title='bbox 590 3542 668 3616; x_wconf 80' lang='lat' dir='ltr'><strong>(In</strong></span> <span class='ocrx_word' id='word_1_363' title='bbox 694 3545 923 3616; x_wconf 52' lang='lat' dir='ltr'><strong>egposit.</strong></span> <span class='ocrx_word' id='word_1_364' title='bbox 955 3542 1011 3594; x_wconf 84' lang='grc' dir='ltr'><strong>Β.</strong></span> <span class='ocrx_word' id='word_1_365' title='bbox 1043 3540 1163 3616; x_wconf 80' lang='lat' dir='ltr'><strong>J-dt.</strong></span> <span class='ocrx_word' id='word_1_366' title='bbox 1186 3544 1287 3616; x_wconf 69' lang='lat' dir='ltr'><strong>_|_i|t.</strong></span> <span class='ocrx_word' id='word_1_367' title='bbox 1324 3559 1431 3601; x_wconf 72' lang='lat' dir='ltr'><strong>xrv.</strong></span> <span class='ocrx_word' id='word_1_368' title='bbox 1466 3560 1613 3596; x_wconf 88' lang='grc' dir='ltr'>ιιιιιιι.</span> <span class='ocrx_word' id='word_1_369' title='bbox 1655 3544 1742 3607; x_wconf 83' lang='lat'><strong>69,</strong></span> <span class='ocrx_word' id='word_1_370' title='bbox 1778 3544 1873 3607; x_wconf 77' lang='lat' dir='ltr'><strong>7t);</strong></span> <span class='ocrx_word' id='word_1_371' title='bbox 1908 3544 2096 3600; x_wconf 80' lang='lat' dir='ltr'><strong>homil.</strong></span> 
     </span>
    </p>
   </div>
   <div class='ocr_carea' id='block_1_49' title="bbox 514 3612 2099 3681">
    <p class='ocr_par' dir='ltr' id='par_1_49' title="bbox 514 3612 2099 3681">
     <span class='ocr_line' id='line_1_50' title="bbox 514 3612 2099 3681; baseline 0.001 -15"><span class='ocrx_word' id='word_1_372' title='bbox 514 3612 608 3679; x_wconf 61' lang='grc' dir='ltr'><strong>εις</strong></span> <span class='ocrx_word' id='word_1_373' title='bbox 630 3615 679 3665; x_wconf 90' lang='lat' dir='ltr'><strong>in</strong></span> <span class='ocrx_word' id='word_1_374' title='bbox 716 3612 940 3680; x_wconf 83' lang='lat' dir='ltr'><strong>Evang..</strong></span> <span class='ocrx_word' id='word_1_375' title='bbox 992 3629 1044 3665; x_wconf 88' lang='grc' dir='ltr'>ιι.</span> <span class='ocrx_word' id='word_1_376' title='bbox 1075 3614 1152 3680; x_wconf 80' lang='lat'><strong>6.)</strong></span> <span class='ocrx_word' id='word_1_377' title='bbox 1186 3612 1225 3666; x_wconf 92' lang='grc'><strong>11</strong></span> <span class='ocrx_word' id='word_1_378' title='bbox 1250 3613 1455 3668; x_wconf 72' lang='grc' dir='ltr'>σὺνιιιιιε</span> <span class='ocrx_word' id='word_1_379' title='bbox 1485 3628 1633 3681; x_wconf 87' lang='lat' dir='ltr'><strong>spem</strong></span> <span class='ocrx_word' id='word_1_380' title='bbox 1681 3625 1875 3667; x_wconf 67' lang='lat' dir='ltr'><strong>nostra:</strong></span> <span class='ocrx_word' id='word_1_381' title='bbox 1921 3632 1978 3667; x_wconf 89' lang='lat' dir='ltr'><strong>re</strong></span> <span class='ocrx_word' id='word_1_382' title='bbox 2010 3632 2099 3667; x_wconf 87' lang='lat' dir='ltr'><strong>ur-</strong></span> 
     </span>
    </p>
   </div>
   <div class='ocr_carea' id='block_1_50' title="bbox 514 3682 2099 3751">
    <p class='ocr_par' dir='ltr' id='par_1_50' title="bbox 514 3682 2099 3751">
     <span class='ocr_line' id='line_1_51' title="bbox 514 3682 2099 3751; baseline 0.001 -13"><span class='ocrx_word' id='word_1_383' title='bbox 514 3683 792 3743; x_wconf 78' lang='lat' dir='ltr'><strong>rectionis,</strong></span> <span class='ocrx_word' id='word_1_384' title='bbox 825 3682 1159 3737; x_wconf 83' lang='lat' dir='ltr'><strong>con-iderata</strong></span> <span class='ocrx_word' id='word_1_385' title='bbox 1205 3684 1372 3749; x_wconf 80' lang='lat' dir='ltr'><strong>gloria</strong></span> <span class='ocrx_word' id='word_1_386' title='bbox 1415 3683 1605 3751; x_wconf 61' lang='lat' dir='ltr'><strong>rapitis</strong></span> <span class='ocrx_word' id='word_1_387' title='bbox 1636 3685 1823 3738; x_wconf 67' lang='lat' dir='ltr'><strong>ntstri.</strong></span> <span class='ocrx_word' id='word_1_388' title='bbox 1874 3684 1980 3737; x_wconf 88' lang='lat' dir='ltr'><strong>Sed</strong></span> <span class='ocrx_word' id='word_1_389' title='bbox 2032 3701 2099 3740; x_wconf 90' lang='lat' dir='ltr'><strong>ne</strong></span> 
     </span>
    </p>
   </div>
   <div class='ocr_carea' id='block_1_51' title="bbox 514 3753 2097 3821">
    <p class='ocr_par' dir='ltr' id='par_1_51' title="bbox 514 3753 2097 3821">
     <span class='ocr_line' id='line_1_52' title="bbox 514 3753 2097 3821; baseline 0 -16"><span class='ocrx_word' id='word_1_390' title='bbox 514 3755 671 3819; x_wconf 86' lang='lat' dir='ltr'><strong>quis,</strong></span> <span class='ocrx_word' id='word_1_391' title='bbox 700 3755 780 3806; x_wconf 90' lang='lat' dir='ltr'><strong>vel</strong></span> <span class='ocrx_word' id='word_1_392' title='bbox 813 3753 1138 3821; x_wconf 80' lang='lat' dir='ltr'><strong>cogitatione</strong></span> <span class='ocrx_word' id='word_1_393' title='bbox 1170 3753 1350 3814; x_wconf 85' lang='lat' dir='ltr'><strong>tacita,</strong></span> <span class='ocrx_word' id='word_1_394' title='bbox 1386 3753 1605 3806; x_wconf 80' lang='lat' dir='ltr'><strong>forsitan</strong></span> <span class='ocrx_word' id='word_1_395' title='bbox 1634 3753 1808 3816; x_wconf 85' lang='lat' dir='ltr'><strong>dicat,</strong></span> <span class='ocrx_word' id='word_1_396' title='bbox 1839 3755 1980 3821; x_wconf 92' lang='lat' dir='ltr'><strong>quod</strong></span> <span class='ocrx_word' id='word_1_397' title='bbox 2014 3754 2097 3807; x_wconf 85' lang='lat' dir='ltr'><strong>id-</strong></span> 
     </span>
    </p>
   </div>
   <div class='ocr_carea' id='block_1_52' title="bbox 514 3822 2101 3890">
    <p class='ocr_par' dir='ltr' id='par_1_52' title="bbox 514 3822 2101 3890">
     <span class='ocr_line' id='line_1_53' title="bbox 514 3822 2101 3890; baseline 0 -13"><span class='ocrx_word' id='word_1_398' title='bbox 514 3826 663 3878; x_wconf 74' lang='lat' dir='ltr'><strong>eirco</strong></span> <span class='ocrx_word' id='word_1_399' title='bbox 692 3823 781 3875; x_wconf 88' lang='lat' dir='ltr'><strong>il&#39;e</strong></span> <span class='ocrx_word' id='word_1_400' title='bbox 809 3822 1101 3875; x_wconf 82' lang='lat' dir='ltr'><strong>resurrexit</strong></span> <span class='ocrx_word' id='word_1_401' title='bbox 1130 3838 1159 3874; x_wconf 91' lang='lat' dir='ltr'><strong>a</strong></span> <span class='ocrx_word' id='word_1_402' title='bbox 1191 3831 1362 3876; x_wconf 80' lang='lat' dir='ltr'><strong>lltttl‘ie</strong></span> <span class='ocrx_word' id='word_1_403' title='bbox 1388 3823 1512 3890; x_wconf 88' lang='lat' dir='ltr'><strong>quia</strong></span> <span class='ocrx_word' id='word_1_404' title='bbox 1543 3838 1682 3876; x_wconf 90' lang='lat' dir='ltr'><strong>unus</strong></span> <span class='ocrx_word' id='word_1_405' title='bbox 1711 3824 1849 3875; x_wconf 91' lang='lat' dir='ltr'><strong>idem</strong></span> <span class='ocrx_word' id='word_1_406' title='bbox 1885 3824 2021 3876; x_wconf 58' lang='lat' dir='ltr'><strong>Deus</strong></span> <span class='ocrx_word' id='word_1_407' title='bbox 2045 3832 2101 3878; x_wconf 92' lang='lat' dir='ltr'><strong>ct</strong></span> 
     </span>
    </p>
   </div>
   <div class='ocr_carea' id='block_1_53' title="bbox 516 3890 2099 3960">
    <p class='ocr_par' dir='ltr' id='par_1_53' title="bbox 516 3890 2099 3960">
     <span class='ocr_line' id='line_1_54' title="bbox 516 3890 2099 3960; baseline 0 -15"><span class='ocrx_word' id='word_1_408' title='bbox 516 3893 677 3945; x_wconf 87' lang='lat' dir='ltr'><strong>homo</strong></span> <span class='ocrx_word' id='word_1_409' title='bbox 704 3900 932 3946; x_wconf 87' lang='lat' dir='ltr'><strong>mortem</strong></span> <span class='ocrx_word' id='word_1_410' title='bbox 953 3907 1111 3960; x_wconf 89' lang='lat' dir='ltr'><strong>quant</strong></span> <span class='ocrx_word' id='word_1_411' title='bbox 1144 3907 1208 3945; x_wconf 81' lang='lat' dir='ltr'><strong>ex</strong></span> <span class='ocrx_word' id='word_1_412' title='bbox 1255 3893 1580 3945; x_wconf 75' lang='lat' dir='ltr'><strong>humanitate</strong></span> <span class='ocrx_word' id='word_1_413' title='bbox 1616 3890 1834 3960; x_wconf 87' lang='lat' dir='ltr'><strong>pertulit</strong></span> <span class='ocrx_word' id='word_1_414' title='bbox 1862 3907 1927 3949; x_wconf 78' lang='lat' dir='ltr'><strong>ex</strong></span> <span class='ocrx_word' id='word_1_415' title='bbox 1959 3892 2099 3946; x_wconf 78' lang='lat' dir='ltr'><strong>divi-</strong></span> 
     </span>
    </p>
   </div>
   <div class='ocr_carea' id='block_1_54' title="bbox 515 3962 2096 4030">
    <p class='ocr_par' dir='ltr' id='par_1_54' title="bbox 515 3962 2096 4030">
     <span class='ocr_line' id='line_1_55' title="bbox 515 3962 2096 4030; baseline 0.001 -16"><span class='ocrx_word' id='word_1_416' title='bbox 515 3963 683 4014; x_wconf 81' lang='lat' dir='ltr'><strong>nitate</strong></span> <span class='ocrx_word' id='word_1_417' title='bbox 710 3962 1002 4029; x_wconf 87' lang='lat' dir='ltr'><strong>superavit,</strong></span> <span class='ocrx_word' id='word_1_418' title='bbox 1038 3977 1135 4015; x_wconf 92' lang='lat' dir='ltr'><strong>nos</strong></span> <span class='ocrx_word' id='word_1_419' title='bbox 1164 3977 1314 4021; x_wconf 87' lang='lat' dir='ltr'><strong>vero.</strong></span> <span class='ocrx_word' id='word_1_420' title='bbox 1342 3963 1431 4029; x_wconf 90' lang='lat' dir='ltr'><strong>qui</strong></span> <span class='ocrx_word' id='word_1_421' title='bbox 1463 3963 1576 4030; x_wconf 90' lang='lat' dir='ltr'><strong>puri</strong></span> <span class='ocrx_word' id='word_1_422' title='bbox 1610 3962 1853 4016; x_wconf 88' lang='lat' dir='ltr'><strong>homines</strong></span> <span class='ocrx_word' id='word_1_423' title='bbox 1873 3978 2057 4016; x_wconf 91' lang='lat' dir='ltr'><strong>sumus</strong></span> <span class='ocrx_word' id='word_1_424' title='bbox 2079 4002 2096 4029; x_wconf 91' lang='lat'><strong>,</strong></span> 
     </span>
    </p>
   </div>
   <div class='ocr_carea' id='block_1_55' title="bbox 515 4031 2097 4099">
    <p class='ocr_par' dir='ltr' id='par_1_55' title="bbox 515 4031 2097 4099">
     <span class='ocr_line' id='line_1_56' title="bbox 515 4031 2097 4099; baseline 0.002 -16"><span class='ocrx_word' id='word_1_425' title='bbox 515 4048 545 4083; x_wconf 92' lang='lat' dir='ltr'><strong>a</strong></span> <span class='ocrx_word' id='word_1_426' title='bbox 578 4032 763 4085; x_wconf 73' lang='lat' dir='ltr'><strong>mortis</strong></span> <span class='ocrx_word' id='word_1_427' title='bbox 790 4045 1007 4097; x_wconf 79' lang='lat' dir='ltr'><strong>surgere</strong></span> <span class='ocrx_word' id='word_1_428' title='bbox 1035 4031 1379 4084; x_wconf 73' lang='lat' dir='ltr'><strong>damnatione</strong></span> <span class='ocrx_word' id='word_1_429' title='bbox 1404 4047 1508 4085; x_wconf 80' lang='lat' dir='ltr'><strong>noo</strong></span> <span class='ocrx_word' id='word_1_430' title='bbox 1533 4046 1847 4099; x_wconf 88' lang='lat' dir='ltr'><strong>possumus:</strong></span> <span class='ocrx_word' id='word_1_431' title='bbox 1877 4040 2024 4085; x_wconf 86' lang='lat' dir='ltr'><strong>recte</strong></span> <span class='ocrx_word' id='word_1_432' title='bbox 2045 4034 2097 4087; x_wconf 87' lang='lat' dir='ltr'><strong>iit</strong></span> 
     </span>
    </p>
   </div>
   <div class='ocr_carea' id='block_1_56' title="bbox 514 4101 2097 4170">
    <p class='ocr_par' dir='ltr' id='par_1_56' title="bbox 514 4101 2097 4170">
     <span class='ocr_line' id='line_1_57' title="bbox 514 4101 2097 4170; baseline 0.001 -17"><span class='ocrx_word' id='word_1_433' title='bbox 514 4101 925 4154; x_wconf 75' lang='lat' dir='ltr'><strong>resurrectionis</strong></span> <span class='ocrx_word' id='word_1_434' title='bbox 954 4102 1069 4167; x_wconf 79' lang='lat' dir='ltr'><strong>ejus</strong></span> <span class='ocrx_word' id='word_1_435' title='bbox 1102 4113 1338 4170; x_wconf 77' lang='lat' dir='ltr'><strong>tempore</strong></span> <span class='ocrx_word' id='word_1_436' title='bbox 1369 4103 1528 4152; x_wconf 86' lang='lat' dir='ltr'><strong>etiam</strong></span> <span class='ocrx_word' id='word_1_437' title='bbox 1562 4102 1847 4154; x_wconf 84' lang='lat' dir='ltr'><strong>multorum</strong></span> <span class='ocrx_word' id='word_1_438' title='bbox 1878 4110 2097 4155; x_wconf 87' lang='lat' dir='ltr'><strong>sancto-</strong></span> 
     </span>
    </p>
   </div>
   <div class='ocr_carea' id='block_1_57' title="bbox 513 4170 2097 4239">
    <p class='ocr_par' dir='ltr' id='par_1_57' title="bbox 513 4170 2097 4239">
     <span class='ocr_line' id='line_1_58' title="bbox 513 4170 2097 4239; baseline 0.001 -16"><span class='ocrx_word' id='word_1_439' title='bbox 513 4185 631 4223; x_wconf 86' lang='lat' dir='ltr'><strong>rum</strong></span> <span class='ocrx_word' id='word_1_440' title='bbox 661 4174 885 4239; x_wconf 82' lang='lat' dir='ltr'><strong>Corpora</strong></span> <span class='ocrx_word' id='word_1_441' title='bbox 920 4187 1109 4223; x_wconf 57' lang='lat' dir='ltr'><strong>resurr.</strong></span> <span class='ocrx_word' id='word_1_442' title='bbox 1134 4180 1342 4234; x_wconf 80' lang='lat' dir='ltr'><strong>xerunt,</strong></span> <span class='ocrx_word' id='word_1_443' title='bbox 1378 4181 1433 4223; x_wconf 92' lang='lat' dir='ltr'><strong>ut</strong></span> <span class='ocrx_word' id='word_1_444' title='bbox 1463 4171 1514 4224; x_wconf 92' lang='lat' dir='ltr'><strong>in</strong></span> <span class='ocrx_word' id='word_1_445' title='bbox 1538 4185 1596 4224; x_wconf 78' lang='lat' dir='ltr'><strong>se</strong></span> <span class='ocrx_word' id='word_1_446' title='bbox 1624 4170 1775 4224; x_wconf 90' lang='lat' dir='ltr'><strong>nobis</strong></span> <span class='ocrx_word' id='word_1_447' title='bbox 1795 4172 2097 4239; x_wconf 74' lang='lat' dir='ltr'><strong>exemplum</strong></span> 
     </span>
    </p>
   </div>
   <div class='ocr_carea' id='block_1_58' title="bbox 514 4240 2099 4309">
    <p class='ocr_par' dir='ltr' id='par_1_58' title="bbox 514 4240 2099 4309">
     <span class='ocr_line' id='line_1_59' title="bbox 514 4240 2099 4309; baseline 0 -16"><span class='ocrx_word' id='word_1_448' title='bbox 514 4240 844 4309; x_wconf 86' lang='lat' dir='ltr'><strong>ostenderet,</strong></span> <span class='ocrx_word' id='word_1_449' title='bbox 876 4249 930 4294; x_wconf 90' lang='lat' dir='ltr'><strong>et</strong></span> <span class='ocrx_word' id='word_1_450' title='bbox 956 4240 1023 4309; x_wconf 86' lang='lat' dir='ltr'><strong>de</strong></span> <span class='ocrx_word' id='word_1_451' title='bbox 1043 4240 1269 4293; x_wconf 84' lang='lat' dir='ltr'><strong>aliorum</strong></span> <span class='ocrx_word' id='word_1_452' title='bbox 1290 4241 1379 4308; x_wconf 92' lang='lat' dir='ltr'><strong>qui</strong></span> <span class='ocrx_word' id='word_1_453' title='bbox 1401 4241 1555 4293; x_wconf 89' lang='lat' dir='ltr'><strong>nobis</strong></span> <span class='ocrx_word' id='word_1_454' title='bbox 1584 4256 1679 4307; x_wconf 91' lang='lat' dir='ltr'><strong>per</strong></span> <span class='ocrx_word' id='word_1_455' title='bbox 1700 4255 1884 4309; x_wconf 85' lang='lat' dir='ltr'><strong>puram</strong></span> <span class='ocrx_word' id='word_1_456' title='bbox 1913 4241 2099 4293; x_wconf 81' lang='lat' dir='ltr'><strong>huma-</strong></span> 
     </span>
    </p>
   </div>
   <div class='ocr_carea' id='block_1_59' title="bbox 516 4307 2093 4364">
    <p class='ocr_par' dir='ltr' id='par_1_59' title="bbox 516 4307 2093 4364">
     <span class='ocr_line' id='line_1_60' title="bbox 516 4307 2093 4364; baseline 0 -1"><span class='ocrx_word' id='word_1_457' title='bbox 516 4311 745 4363; x_wconf 85' lang='lat' dir='ltr'><strong>nitatem</strong></span> <span class='ocrx_word' id='word_1_458' title='bbox 762 4308 962 4364; x_wconf 85' lang='lat' dir='ltr'><strong>similes</strong></span> <span class='ocrx_word' id='word_1_459' title='bbox 992 4307 1203 4361; x_wconf 76' lang='lat' dir='ltr'><strong>l‘uerunt</strong></span> <span class='ocrx_word' id='word_1_460' title='bbox 1232 4307 1329 4363; x_wconf 84' lang='lat' dir='ltr'><strong>nos</strong></span> <span class='ocrx_word' id='word_1_461' title='bbox 1357 4307 1752 4363; x_wconf 86' lang='lat' dir='ltr'><strong>resurrectione</strong></span> <span class='ocrx_word' id='word_1_462' title='bbox 1778 4309 2053 4362; x_wconf 75' lang='lat' dir='ltr'><strong>roboraret</strong></span> <span class='ocrx_word' id='word_1_463' title='bbox 2081 4329 2093 4363; x_wconf 89' lang='lat'><strong>:</strong></span> 
     </span>
    </p>
   </div>
   <div class='ocr_carea' id='block_1_60' title="bbox 516 4378 2096 4447">
    <p class='ocr_par' dir='ltr' id='par_1_60' title="bbox 516 4378 2096 4447">
     <span class='ocr_line' id='line_1_61' title="bbox 516 4378 2096 4447; baseline 0.001 -16"><span class='ocrx_word' id='word_1_464' title='bbox 516 4386 781 4446; x_wconf 87' lang='lat' dir='ltr'><strong>quatenus</strong></span> <span class='ocrx_word' id='word_1_465' title='bbox 812 4394 931 4432; x_wconf 77' lang='lat' dir='ltr'><strong>cum</strong></span> <span class='ocrx_word' id='word_1_466' title='bbox 957 4394 1015 4433; x_wconf 89' lang='lat' dir='ltr'><strong>se</strong></span> <span class='ocrx_word' id='word_1_467' title='bbox 1037 4378 1200 4433; x_wconf 91' lang='lat' dir='ltr'><strong>homo</strong></span> <span class='ocrx_word' id='word_1_468' title='bbox 1230 4380 1541 4447; x_wconf 71' lang='lat' dir='ltr'><strong>desperaret</strong></span> <span class='ocrx_word' id='word_1_469' title='bbox 1571 4380 1849 4447; x_wconf 87' lang='lat' dir='ltr'><strong>percipere</strong></span> <span class='ocrx_word' id='word_1_470' title='bbox 1878 4382 2020 4447; x_wconf 76' lang='lat' dir='ltr'><strong>quod</strong></span> <span class='ocrx_word' id='word_1_471' title='bbox 2046 4382 2096 4433; x_wconf 91' lang='lat' dir='ltr'><strong>in</strong></span> 
     </span>
    </p>
   </div>
   <div class='ocr_carea' id='block_1_61' title="bbox 2191 447 3785 515">
    <p class='ocr_par' dir='ltr' id='par_1_61' title="bbox 2191 447 3785 515">
     <span class='ocr_line' id='line_1_62' title="bbox 2191 447 3785 515; baseline 0.002 -17"><span class='ocrx_word' id='word_1_472' title='bbox 2191 447 2494 515; x_wconf 86' lang='lat' dir='ltr'><strong>prolatione</strong></span> <span class='ocrx_word' id='word_1_473' title='bbox 2541 456 2663 515; x_wconf 78' lang='lat' dir='ltr'><strong>post</strong></span> <span class='ocrx_word' id='word_1_474' title='bbox 2695 448 3028 510; x_wconf 70' lang='lat' dir='ltr'><strong>largitionem</strong></span> <span class='ocrx_word' id='word_1_475' title='bbox 3054 463 3301 509; x_wconf 86' lang='lat' dir='ltr'><strong>cessare;</strong></span> <span class='ocrx_word' id='word_1_476' title='bbox 3351 457 3407 501; x_wconf 89' lang='lat' dir='ltr'><strong>et</strong></span> <span class='ocrx_word' id='word_1_477' title='bbox 3447 462 3574 502; x_wconf 83' lang='lat' dir='ltr'><strong>erce</strong></span> <span class='ocrx_word' id='word_1_478' title='bbox 3602 450 3785 501; x_wconf 66' lang='lat' dir='ltr'><strong>soluto</strong></span> 
     </span>
    </p>
   </div>
   <div class='ocr_carea' id='block_1_62' title="bbox 2188 516 3786 584">
    <p class='ocr_par' dir='ltr' id='par_1_62' title="bbox 2188 516 3786 584">
     <span class='ocr_line' id='line_1_63' title="bbox 2188 516 3786 584; baseline 0.001 -17"><span class='ocrx_word' id='word_1_479' title='bbox 2188 516 2341 582; x_wconf 81' lang='lat' dir='ltr'><strong>quasi</strong></span> <span class='ocrx_word' id='word_1_480' title='bbox 2381 532 2445 569; x_wconf 84' lang='lat' dir='ltr'><strong>ex</strong></span> <span class='ocrx_word' id='word_1_481' title='bbox 2473 517 2737 569; x_wconf 82' lang='lat' dir='ltr'><strong>arcscenti</strong></span> <span class='ocrx_word' id='word_1_482' title='bbox 2779 516 2919 584; x_wconf 73' lang='lat' dir='ltr'><strong>ligno</strong></span> <span class='ocrx_word' id='word_1_483' title='bbox 2952 518 3095 568; x_wconf 80' lang='lat' dir='ltr'><strong>velut</strong></span> <span class='ocrx_word' id='word_1_484' title='bbox 3120 518 3352 584; x_wconf 88' lang='lat' dir='ltr'><strong>quadam</strong></span> <span class='ocrx_word' id='word_1_485' title='bbox 3384 517 3786 570; x_wconf 77' lang='lat' dir='ltr'><strong>resurrectione</strong></span> 
     </span>
    </p>
   </div>
   <div class='ocr_carea' id='block_1_63' title="bbox 2188 580 3782 653">
    <p class='ocr_par' dir='ltr' id='par_1_63' title="bbox 2188 580 3782 653">
     <span class='ocr_line' id='line_1_64' title="bbox 2188 580 3782 653; baseline -0.001 -16"><span class='ocrx_word' id='word_1_486' title='bbox 2188 580 2438 638; x_wconf 75' lang='lat' dir='ltr'><strong>veniente</strong></span> <span class='ocrx_word' id='word_1_487' title='bbox 2482 586 2721 638; x_wconf 81' lang='lat' dir='ltr'><strong>videmus</strong></span> <span class='ocrx_word' id='word_1_488' title='bbox 2767 580 2891 638; x_wconf 79' lang='lat' dir='ltr'><strong>folia</strong></span> <span class='ocrx_word' id='word_1_489' title='bbox 2928 580 3232 653; x_wconf 70' lang='lat' dir='ltr'><strong>erumpere,</strong></span> <span class='ocrx_word' id='word_1_490' title='bbox 3276 588 3479 639; x_wconf 86' lang='lat' dir='ltr'><strong>l&#39;ructus</strong></span> <span class='ocrx_word' id='word_1_491' title='bbox 3521 587 3782 653; x_wconf 60' lang='lat' dir='ltr'><strong>grauitas-</strong></span> 
     </span>
    </p>
   </div>
   <div class='ocr_carea' id='block_1_64' title="bbox 2190 652 3778 715">
    <p class='ocr_par' dir='ltr' id='par_1_64' title="bbox 2190 652 3778 715">
     <span class='ocr_line' id='line_1_65' title="bbox 2190 652 3778 715; baseline 0.001 -10"><span class='ocrx_word' id='word_1_492' title='bbox 2190 668 2334 715; x_wconf 87' lang='lat' dir='ltr'><strong>cere,</strong></span> <span class='ocrx_word' id='word_1_493' title='bbox 2367 663 2421 707; x_wconf 88' lang='lat' dir='ltr'><strong>et</strong></span> <span class='ocrx_word' id='word_1_494' title='bbox 2452 664 2618 706; x_wconf 81' lang='lat' dir='ltr'><strong>totum</strong></span> <span class='ocrx_word' id='word_1_495' title='bbox 2650 656 2899 707; x_wconf 85' lang='lat' dir='ltr'><strong>arborem</strong></span> <span class='ocrx_word' id='word_1_496' title='bbox 2932 652 3170 706; x_wconf 82' lang='lat' dir='ltr'><strong>redivivo</strong></span> <span class='ocrx_word' id='word_1_497' title='bbox 3197 656 3395 708; x_wconf 83' lang='lat' dir='ltr'><strong>decore</strong></span> <span class='ocrx_word' id='word_1_498' title='bbox 3425 654 3633 707; x_wconf 85' lang='lat' dir='ltr'><strong>vestiri.</strong></span> <span class='ocrx_word' id='word_1_499' title='bbox 3685 652 3778 706; x_wconf 81' lang='grc' dir='ltr'>Ιιι-</span> 
     </span>
    </p>
   </div>
   <div class='ocr_carea' id='block_1_65' title="bbox 2189 722 3787 791">
    <p class='ocr_par' dir='ltr' id='par_1_65' title="bbox 2189 722 3787 791">
     <span class='ocr_line' id='line_1_66' title="bbox 2189 722 3787 791; baseline 0 -16"><span class='ocrx_word' id='word_1_500' title='bbox 2189 722 2496 777; x_wconf 82' lang='lat' dir='ltr'><strong>desinenter</strong></span> <span class='ocrx_word' id='word_1_501' title='bbox 2533 727 2802 777; x_wconf 87' lang='lat' dir='ltr'><strong>cernimus</strong></span> <span class='ocrx_word' id='word_1_502' title='bbox 2846 738 3009 791; x_wconf 75' lang='lat' dir='ltr'><strong>parva</strong></span> <span class='ocrx_word' id='word_1_503' title='bbox 3066 726 3318 777; x_wconf 82' lang='lat' dir='ltr'><strong>arborum</strong></span> <span class='ocrx_word' id='word_1_504' title='bbox 3366 725 3574 778; x_wconf 89' lang='lat' dir='ltr'><strong>semina</strong></span> <span class='ocrx_word' id='word_1_505' title='bbox 3630 732 3787 777; x_wconf 66' lang='lat' dir='ltr'><strong>terra!</strong></span> 
     </span>
    </p>
   </div>
   <div class='ocr_carea' id='block_1_66' title="bbox 2189 791 3788 862">
    <p class='ocr_par' dir='ltr' id='par_1_66' title="bbox 2189 791 3788 862">
     <span class='ocr_line' id='line_1_67' title="bbox 2189 791 3788 862; baseline 0.001 -19"><span class='ocrx_word' id='word_1_506' title='bbox 2189 791 2500 845; x_wconf 61' lang='lat' dir='ltr'><strong>humoribus</strong></span> <span class='ocrx_word' id='word_1_507' title='bbox 2533 794 2895 845; x_wconf 82' lang='lat' dir='ltr'><strong>commendari</strong></span> <span class='ocrx_word' id='word_1_508' title='bbox 2923 830 2940 855; x_wconf 92' lang='lat'><strong>,</strong></span> <span class='ocrx_word' id='word_1_509' title='bbox 2990 808 3054 847; x_wconf 84' lang='lat' dir='ltr'><strong>ex</strong></span> <span class='ocrx_word' id='word_1_510' title='bbox 3086 794 3280 862; x_wconf 61' lang='lat' dir='ltr'><strong>quibus</strong></span> <span class='ocrx_word' id='word_1_511' title='bbox 3321 809 3427 846; x_wconf 90' lang='lat' dir='ltr'><strong>non</strong></span> <span class='ocrx_word' id='word_1_512' title='bbox 3476 793 3636 860; x_wconf 79' lang='lat' dir='ltr'><strong>longe</strong></span> <span class='ocrx_word' id='word_1_513' title='bbox 3667 802 3788 859; x_wconf 91' lang='lat' dir='ltr'><strong>post</strong></span> 
     </span>
    </p>
   </div>
   <div class='ocr_carea' id='block_1_67' title="bbox 2189 862 3787 929">
    <p class='ocr_par' dir='ltr' id='par_1_67' title="bbox 2189 862 3787 929">
     <span class='ocr_line' id='line_1_68' title="bbox 2189 862 3787 929; baseline 0.001 -16"><span class='ocrx_word' id='word_1_514' title='bbox 2189 862 2553 929; x_wconf 91' lang='lat' dir='ltr'><strong>conspicimus</strong></span> <span class='ocrx_word' id='word_1_515' title='bbox 2584 883 2611 907; x_wconf 79' lang='grc' dir='ltr'>σι</span> <span class='ocrx_word' id='word_1_516' title='bbox 2636 877 2772 924; x_wconf 63' lang='lat' dir='ltr'><strong>agna</strong></span> <span class='ocrx_word' id='word_1_517' title='bbox 2802 862 3015 914; x_wconf 87' lang='lat' dir='ltr'><strong>arbu-ta</strong></span> <span class='ocrx_word' id='word_1_518' title='bbox 3047 877 3269 927; x_wconf 76' lang='lat' dir='ltr'><strong>surgere</strong></span> <span class='ocrx_word' id='word_1_519' title='bbox 3294 904 3311 928; x_wconf 77' lang='lat'><strong>,</strong></span> <span class='ocrx_word' id='word_1_520' title='bbox 3363 864 3485 914; x_wconf 78' lang='lat' dir='ltr'><strong>folia</strong></span> <span class='ocrx_word' id='word_1_521' title='bbox 3517 878 3787 929; x_wconf 71' lang='lat' dir='ltr'><strong>romaque</strong></span> 
     </span>
    </p>
   </div>
   <div class='ocr_carea' id='block_1_68' title="bbox 2190 929 3787 997">
    <p class='ocr_par' dir='ltr' id='par_1_68' title="bbox 2190 929 3787 997">
     <span class='ocr_line' id='line_1_69' title="bbox 2190 929 3787 997; baseline -0.001 -15"><span class='ocrx_word' id='word_1_522' title='bbox 2190 929 2449 995; x_wconf 81' lang='lat' dir='ltr'><strong>proferre.</strong></span> <span class='ocrx_word' id='word_1_523' title='bbox 2483 931 2895 984; x_wconf 76' lang='lat' dir='ltr'><strong>Consideremus</strong></span> <span class='ocrx_word' id='word_1_524' title='bbox 2922 945 3049 995; x_wconf 82' lang='lat' dir='ltr'><strong>ergo</strong></span> <span class='ocrx_word' id='word_1_525' title='bbox 3096 947 3318 997; x_wconf 78' lang='lat' dir='ltr'><strong>parvum</strong></span> <span class='ocrx_word' id='word_1_526' title='bbox 3364 931 3648 995; x_wconf 87' lang='lat' dir='ltr'><strong>cujuslibet</strong></span> <span class='ocrx_word' id='word_1_527' title='bbox 3693 947 3787 982; x_wconf 84' lang='lat' dir='ltr'><strong>ar-</strong></span> 
     </span>
    </p>
   </div>
   <div class='ocr_carea' id='block_1_69' title="bbox 2189 998 3789 1067">
    <p class='ocr_par' dir='ltr' id='par_1_69' title="bbox 2189 998 3789 1067">
     <span class='ocr_line' id='line_1_70' title="bbox 2189 998 3789 1067; baseline -0.001 -16"><span class='ocrx_word' id='word_1_528' title='bbox 2189 998 2338 1053; x_wconf 87' lang='lat' dir='ltr'><strong>boris</strong></span> <span class='ocrx_word' id='word_1_529' title='bbox 2365 1016 2547 1053; x_wconf 86' lang='lat' dir='ltr'><strong>semen</strong></span> <span class='ocrx_word' id='word_1_530' title='bbox 2579 1003 2720 1067; x_wconf 79' lang='lat' dir='ltr'><strong>quod</strong></span> <span class='ocrx_word' id='word_1_531' title='bbox 2767 1001 2818 1052; x_wconf 94' lang='lat' dir='ltr'><strong>in</strong></span> <span class='ocrx_word' id='word_1_532' title='bbox 2854 1009 3049 1052; x_wconf 83' lang='lat' dir='ltr'><strong>terram</strong></span> <span class='ocrx_word' id='word_1_533' title='bbox 3077 1002 3275 1066; x_wconf 86' lang='lat' dir='ltr'><strong>jacitur</strong></span> <span class='ocrx_word' id='word_1_534' title='bbox 3304 1013 3357 1052; x_wconf 90' lang='lat' dir='ltr'><strong>ut</strong></span> <span class='ocrx_word' id='word_1_535' title='bbox 3389 1004 3551 1054; x_wconf 83' lang='lat' dir='ltr'><strong>arbor</strong></span> <span class='ocrx_word' id='word_1_536' title='bbox 3579 1017 3645 1053; x_wconf 81' lang='lat' dir='ltr'><strong>ex</strong></span> <span class='ocrx_word' id='word_1_537' title='bbox 3693 1000 3789 1053; x_wconf 92' lang='lat' dir='ltr'><strong>illo</strong></span> 
     </span>
    </p>
   </div>
   <div class='ocr_carea' id='block_1_70' title="bbox 2192 1069 3785 1149">
    <p class='ocr_par' dir='ltr' id='par_1_70' title="bbox 2192 1069 3785 1149">
     <span class='ocr_line' id='line_1_71' title="bbox 2192 1069 3785 1149; baseline 0 -28"><span class='ocrx_word' id='word_1_538' title='bbox 2192 1070 2539 1149; x_wconf 70' lang='lat' dir='ltr'><strong>producatur,</strong></span> <span class='ocrx_word' id='word_1_539' title='bbox 2584 1079 2639 1121; x_wconf 88' lang='lat' dir='ltr'><strong>ct</strong></span> <span class='ocrx_word' id='word_1_540' title='bbox 2673 1071 3209 1149; x_wconf 68' lang='lat' dir='ltr'><strong>comprehendontus.</strong></span> <span class='ocrx_word' id='word_1_541' title='bbox 3262 1072 3303 1123; x_wconf 88' lang='lat' dir='ltr'><strong>si</strong></span> <span class='ocrx_word' id='word_1_542' title='bbox 3334 1086 3445 1149; x_wconf 16' lang='lat' dir='ltr'><strong>post</strong></span> <span class='ocrx_word' id='word_1_543' title='bbox 3469 1086 3623 1122; x_wconf 90' lang='lat' dir='ltr'><strong>muns</strong></span> <span class='ocrx_word' id='word_1_544' title='bbox 3646 1112 3662 1133; x_wconf 93' lang='lat'><strong>,</strong></span> <span class='ocrx_word' id='word_1_545' title='bbox 3686 1069 3785 1149; x_wconf 81' lang='lat' dir='ltr'><strong>_nbi</strong></span> 
     </span>
    </p>
   </div>
   <div class='ocr_carea' id='block_1_71' title="bbox 2193 1136 3790 1207">
    <p class='ocr_par' dir='ltr' id='par_1_71' title="bbox 2193 1136 3790 1207">
     <span class='ocr_line' id='line_1_72' title="bbox 2193 1136 3790 1207; baseline -0.001 -15"><span class='ocrx_word' id='word_1_546' title='bbox 2193 1136 2245 1192; x_wconf 93' lang='lat' dir='ltr'><strong>in</strong></span> <span class='ocrx_word' id='word_1_547' title='bbox 2277 1136 2361 1191; x_wconf 89' lang='lat' dir='ltr'><strong>illa</strong></span> <span class='ocrx_word' id='word_1_548' title='bbox 2396 1150 2542 1193; x_wconf 87' lang='lat' dir='ltr'><strong>tanta</strong></span> <span class='ocrx_word' id='word_1_549' title='bbox 2592 1141 2858 1207; x_wconf 87' lang='lat' dir='ltr'><strong>parvitate</strong></span> <span class='ocrx_word' id='word_1_550' title='bbox 2905 1142 3122 1193; x_wconf 74' lang='lat' dir='ltr'><strong>seminis</strong></span> <span class='ocrx_word' id='word_1_551' title='bbox 3172 1150 3279 1192; x_wconf 82' lang='lat' dir='ltr'><strong>tant</strong></span> <span class='ocrx_word' id='word_1_552' title='bbox 3332 1136 3591 1191; x_wconf 84' lang='lat' dir='ltr'><strong>immensa</strong></span> <span class='ocrx_word' id='word_1_553' title='bbox 3624 1140 3790 1192; x_wconf 89' lang='lat' dir='ltr'><strong>arbor</strong></span> 
     </span>
    </p>
   </div>
   <div class='ocr_carea' id='block_1_72' title="bbox 2190 1207 3782 1278">
    <p class='ocr_par' dir='ltr' id='par_1_72' title="bbox 2190 1207 3782 1278">
     <span class='ocr_line' id='line_1_73' title="bbox 2190 1207 3782 1278; baseline 0 -18"><span class='ocrx_word' id='word_1_554' title='bbox 2190 1207 2347 1278; x_wconf 86' lang='lat' dir='ltr'><strong>latuit</strong></span> <span class='ocrx_word' id='word_1_555' title='bbox 2375 1224 2494 1278; x_wconf 73' lang='lat' dir='ltr'><strong>qute</strong></span> <span class='ocrx_word' id='word_1_556' title='bbox 2520 1224 2587 1263; x_wconf 78' lang='lat' dir='ltr'><strong>ex</strong></span> <span class='ocrx_word' id='word_1_557' title='bbox 2619 1209 2710 1261; x_wconf 91' lang='lat' dir='ltr'><strong>illo</strong></span> <span class='ocrx_word' id='word_1_558' title='bbox 2740 1209 3038 1275; x_wconf 85' lang='lat' dir='ltr'><strong>processit:</strong></span> <span class='ocrx_word' id='word_1_559' title='bbox 3070 1210 3157 1262; x_wconf 91' lang='lat' dir='ltr'><strong>ubi</strong></span> <span class='ocrx_word' id='word_1_560' title='bbox 3190 1210 3409 1274; x_wconf 81' lang='lat' dir='ltr'><strong>lignuzn,</strong></span> <span class='ocrx_word' id='word_1_561' title='bbox 3446 1210 3533 1261; x_wconf 91' lang='lat' dir='ltr'><strong>ubi</strong></span> <span class='ocrx_word' id='word_1_562' title='bbox 3557 1219 3782 1270; x_wconf 78' lang='lat' dir='ltr'><strong>cortex,</strong></span> 
     </span>
    </p>
   </div>
   <div class='ocr_carea' id='block_1_73' title="bbox 2191 1276 3789 1340">
    <p class='ocr_par' dir='ltr' id='par_1_73' title="bbox 2191 1276 3789 1340">
     <span class='ocr_line' id='line_1_74' title="bbox 2191 1276 3789 1340; baseline 0.001 -13"><span class='ocrx_word' id='word_1_563' title='bbox 2191 1276 2280 1329; x_wconf 88' lang='lat' dir='ltr'><strong>ubi</strong></span> <span class='ocrx_word' id='word_1_564' title='bbox 2307 1276 2547 1331; x_wconf 88' lang='lat' dir='ltr'><strong>viriditas</strong></span> <span class='ocrx_word' id='word_1_565' title='bbox 2582 1278 2860 1340; x_wconf 79' lang='lat' dir='ltr'><strong>foliorum,</strong></span> <span class='ocrx_word' id='word_1_566' title='bbox 2892 1278 2980 1330; x_wconf 90' lang='lat' dir='ltr'><strong>ubi</strong></span> <span class='ocrx_word' id='word_1_567' title='bbox 3031 1280 3249 1332; x_wconf 75' lang='lat' dir='ltr'><strong>ubertas</strong></span> <span class='ocrx_word' id='word_1_568' title='bbox 3302 1279 3586 1330; x_wconf 78' lang='lat' dir='ltr'><strong>frurtnum.</strong></span> <span class='ocrx_word' id='word_1_569' title='bbox 3642 1277 3789 1330; x_wconf 82' lang='lat' dir='ltr'><strong>Nun—</strong></span> 
     </span>
    </p>
   </div>
   <div class='ocr_carea' id='block_1_74' title="bbox 2191 1346 3787 1416">
    <p class='ocr_par' dir='ltr' id='par_1_74' title="bbox 2191 1346 3787 1416">
     <span class='ocr_line' id='line_1_75' title="bbox 2191 1346 3787 1416; baseline 0 -18"><span class='ocrx_word' id='word_1_570' title='bbox 2191 1348 2444 1413; x_wconf 84' lang='lat' dir='ltr'><strong>quidnam</strong></span> <span class='ocrx_word' id='word_1_571' title='bbox 2477 1349 2527 1400; x_wconf 92' lang='lat' dir='ltr'><strong>in</strong></span> <span class='ocrx_word' id='word_1_572' title='bbox 2578 1349 2800 1416; x_wconf 71' lang='lat' dir='ltr'><strong>semine</strong></span> <span class='ocrx_word' id='word_1_573' title='bbox 2832 1346 2938 1399; x_wconf 87' lang='lat' dir='ltr'><strong>tale</strong></span> <span class='ocrx_word' id='word_1_574' title='bbox 2983 1347 3182 1416; x_wconf 90' lang='lat' dir='ltr'><strong>aliquid</strong></span> <span class='ocrx_word' id='word_1_575' title='bbox 3230 1347 3531 1406; x_wconf 80' lang='lat' dir='ltr'><strong>videbatur,</strong></span> <span class='ocrx_word' id='word_1_576' title='bbox 3575 1362 3698 1399; x_wconf 88' lang='lat' dir='ltr'><strong>cum</strong></span> <span class='ocrx_word' id='word_1_577' title='bbox 3735 1348 3787 1398; x_wconf 92' lang='lat' dir='ltr'><strong>in</strong></span> 
     </span>
    </p>
   </div>
   <div class='ocr_carea' id='block_1_75' title="bbox 2197 1414 3787 1484">
    <p class='ocr_par' dir='ltr' id='par_1_75' title="bbox 2197 1414 3787 1484">
     <span class='ocr_line' id='line_1_76' title="bbox 2197 1414 3787 1484; baseline -0.001 -17"><span class='ocrx_word' id='word_1_578' title='bbox 2197 1425 2392 1469; x_wconf 86' lang='lat' dir='ltr'><strong>terram</strong></span> <span class='ocrx_word' id='word_1_579' title='bbox 2421 1416 2737 1484; x_wconf 72' lang='lat' dir='ltr'><strong>jar-eretur?</strong></span> <span class='ocrx_word' id='word_1_580' title='bbox 2769 1414 2829 1468; x_wconf 85' lang='lat' dir='ltr'><strong>Et</strong></span> <span class='ocrx_word' id='word_1_581' title='bbox 2864 1425 3039 1469; x_wconf 89' lang='lat' dir='ltr'><strong>tamen</strong></span> <span class='ocrx_word' id='word_1_582' title='bbox 3071 1414 3286 1470; x_wconf 85' lang='lat' dir='ltr'><strong>occulto</strong></span> <span class='ocrx_word' id='word_1_583' title='bbox 3334 1433 3513 1468; x_wconf 84' lang='lat' dir='ltr'><strong>rerum</strong></span> <span class='ocrx_word' id='word_1_584' title='bbox 3546 1417 3787 1468; x_wconf 85' lang='lat' dir='ltr'><strong>omnium</strong></span> 
     </span>
    </p>
   </div>
   <div class='ocr_carea' id='block_1_76' title="bbox 2192 1485 3788 1552">
    <p class='ocr_par' dir='ltr' id='par_1_76' title="bbox 2192 1485 3788 1552">
     <span class='ocr_line' id='line_1_77' title="bbox 2192 1485 3788 1552; baseline 0.001 -14"><span class='ocrx_word' id='word_1_585' title='bbox 2192 1485 2387 1552; x_wconf 78' lang='lat' dir='ltr'><strong>opiliee</strong></span> <span class='ocrx_word' id='word_1_586' title='bbox 2414 1496 2604 1539; x_wconf 85' lang='lat' dir='ltr'><strong>cuncta</strong></span> <span class='ocrx_word' id='word_1_587' title='bbox 2639 1486 2957 1539; x_wconf 90' lang='lat' dir='ltr'><strong>mirabiliter</strong></span> <span class='ocrx_word' id='word_1_588' title='bbox 2985 1487 3300 1551; x_wconf 78' lang='lat' dir='ltr'><strong>ordinante,</strong></span> <span class='ocrx_word' id='word_1_589' title='bbox 3350 1495 3404 1537; x_wconf 89' lang='lat' dir='ltr'><strong>et</strong></span> <span class='ocrx_word' id='word_1_590' title='bbox 3450 1486 3501 1538; x_wconf 90' lang='lat' dir='ltr'><strong>in</strong></span> <span class='ocrx_word' id='word_1_591' title='bbox 3558 1486 3788 1539; x_wconf 71' lang='lat' dir='ltr'><strong>mollitie</strong></span> 
     </span>
    </p>
   </div>
   <div class='ocr_carea' id='block_1_77' title="bbox 2193 1554 3790 1622">
    <p class='ocr_par' dir='ltr' id='par_1_77' title="bbox 2193 1554 3790 1622">
     <span class='ocr_line' id='line_1_78' title="bbox 2193 1554 3790 1622; baseline 0.001 -15"><span class='ocrx_word' id='word_1_592' title='bbox 2193 1556 2416 1607; x_wconf 84' lang='lat' dir='ltr'><strong>seminis</strong></span> <span class='ocrx_word' id='word_1_593' title='bbox 2467 1557 2619 1609; x_wconf 80' lang='lat' dir='ltr'><strong>latuit</strong></span> <span class='ocrx_word' id='word_1_594' title='bbox 2664 1556 2926 1622; x_wconf 72' lang='lat' dir='ltr'><strong>asperitas</strong></span> <span class='ocrx_word' id='word_1_595' title='bbox 2954 1556 3188 1615; x_wconf 89' lang='lat' dir='ltr'><strong>corticis,</strong></span> <span class='ocrx_word' id='word_1_596' title='bbox 3227 1565 3281 1607; x_wconf 84' lang='lat' dir='ltr'><strong>et</strong></span> <span class='ocrx_word' id='word_1_597' title='bbox 3328 1555 3377 1607; x_wconf 91' lang='lat' dir='ltr'><strong>in</strong></span> <span class='ocrx_word' id='word_1_598' title='bbox 3423 1554 3790 1608; x_wconf 84' lang='lat' dir='ltr'><strong>teneritudine</strong></span> 
     </span>
    </p>
   </div>
   <div class='ocr_carea' id='block_1_78' title="bbox 2192 1622 3790 1687">
    <p class='ocr_par' dir='ltr' id='par_1_78' title="bbox 2192 1622 3790 1687">
     <span class='ocr_line' id='line_1_79' title="bbox 2192 1622 3790 1687; baseline 0 -13"><span class='ocrx_word' id='word_1_599' title='bbox 2192 1622 2336 1675; x_wconf 78' lang='lat' dir='ltr'><strong>illius</strong></span> <span class='ocrx_word' id='word_1_600' title='bbox 2366 1624 2621 1679; x_wconf 84' lang='lat' dir='ltr'><strong>absconsa</strong></span> <span class='ocrx_word' id='word_1_601' title='bbox 2665 1635 2746 1678; x_wconf 90' lang='lat' dir='ltr'><strong>est</strong></span> <span class='ocrx_word' id='word_1_602' title='bbox 2784 1624 3042 1678; x_wconf 66' lang='lat' dir='ltr'><strong>liirtitulo</strong></span> <span class='ocrx_word' id='word_1_603' title='bbox 3082 1625 3311 1687; x_wconf 66' lang='lat' dir='ltr'><strong>robori-,</strong></span> <span class='ocrx_word' id='word_1_604' title='bbox 3343 1632 3397 1674; x_wconf 84' lang='lat' dir='ltr'><strong>et</strong></span> <span class='ocrx_word' id='word_1_605' title='bbox 3447 1627 3497 1677; x_wconf 90' lang='lat' dir='ltr'><strong>in</strong></span> <span class='ocrx_word' id='word_1_606' title='bbox 3538 1625 3790 1677; x_wconf 63' lang='lat' dir='ltr'><strong>siccitate</strong></span> 
     </span>
    </p>
   </div>
   <div class='ocr_carea' id='block_1_79' title="bbox 2194 1690 3786 1759">
    <p class='ocr_par' dir='ltr' id='par_1_79' title="bbox 2194 1690 3786 1759">
     <span class='ocr_line' id='line_1_80' title="bbox 2194 1690 3786 1759; baseline 0.002 -16"><span class='ocrx_word' id='word_1_607' title='bbox 2194 1690 2310 1758; x_wconf 82' lang='lat' dir='ltr'><strong>ejus</strong></span> <span class='ocrx_word' id='word_1_608' title='bbox 2343 1697 2557 1747; x_wconf 67' lang='lat' dir='ltr'><strong>ubertas</strong></span> <span class='ocrx_word' id='word_1_609' title='bbox 2606 1693 3051 1748; x_wconf 83' lang='lat' dir='ltr'><strong>l&#39;ructiﬁcationis.</strong></span> <span class='ocrx_word' id='word_1_610' title='bbox 3102 1694 3237 1759; x_wconf 82' lang='lat' dir='ltr'><strong>Quid</strong></span> <span class='ocrx_word' id='word_1_611' title='bbox 3289 1709 3417 1745; x_wconf 65' lang='lat' dir='ltr'><strong>erro</strong></span> <span class='ocrx_word' id='word_1_612' title='bbox 3456 1696 3691 1757; x_wconf 88' lang='lat' dir='ltr'><strong>mirum,</strong></span> <span class='ocrx_word' id='word_1_613' title='bbox 3740 1693 3786 1746; x_wconf 86' lang='lat' dir='ltr'><strong>si</strong></span> 
     </span>
    </p>
   </div>
   <div class='ocr_carea' id='block_1_80' title="bbox 2197 1763 3787 1833">
    <p class='ocr_par' dir='ltr' id='par_1_80' title="bbox 2197 1763 3787 1833">
     <span class='ocr_line' id='line_1_81' title="bbox 2197 1763 3787 1833; baseline 0.001 -20"><span class='ocrx_word' id='word_1_614' title='bbox 2197 1763 2565 1816; x_wconf 82' lang='lat' dir='ltr'><strong>tenuissimum</strong></span> <span class='ocrx_word' id='word_1_615' title='bbox 2611 1765 2884 1833; x_wconf 84' lang='lat' dir='ltr'><strong>pulverem</strong></span> <span class='ocrx_word' id='word_1_616' title='bbox 2912 1805 2925 1829; x_wconf 95' lang='lat'><strong>,</strong></span> <span class='ocrx_word' id='word_1_617' title='bbox 2971 1764 3057 1815; x_wconf 86' lang='lat' dir='ltr'><strong>vel</strong></span> <span class='ocrx_word' id='word_1_618' title='bbox 3094 1780 3122 1815; x_wconf 90' lang='lat' dir='ltr'><strong>a</strong></span> <span class='ocrx_word' id='word_1_619' title='bbox 3164 1765 3362 1816; x_wconf 85' lang='lat' dir='ltr'><strong>nostris</strong></span> <span class='ocrx_word' id='word_1_620' title='bbox 3388 1764 3565 1833; x_wconf 77' lang='lat' dir='ltr'><strong>oculis</strong></span> <span class='ocrx_word' id='word_1_621' title='bbox 3588 1765 3639 1815; x_wconf 90' lang='lat' dir='ltr'><strong>in</strong></span> <span class='ocrx_word' id='word_1_622' title='bbox 3668 1763 3787 1815; x_wconf 80' lang='lat' dir='ltr'><strong>ele-</strong></span> 
     </span>
    </p>
   </div>
   <div class='ocr_carea' id='block_1_81' title="bbox 2194 1831 3783 1899">
    <p class='ocr_par' dir='ltr' id='par_1_81' title="bbox 2194 1831 3783 1899">
     <span class='ocr_line' id='line_1_82' title="bbox 2194 1831 3783 1899; baseline 0.001 -17"><span class='ocrx_word' id='word_1_623' title='bbox 2194 1833 2390 1884; x_wconf 85' lang='lat' dir='ltr'><strong>mentis</strong></span> <span class='ocrx_word' id='word_1_624' title='bbox 2418 1831 2690 1886; x_wconf 73' lang='lat' dir='ltr'><strong>redactum</strong></span> <span class='ocrx_word' id='word_1_625' title='bbox 2718 1874 2734 1899; x_wconf 92' lang='lat'><strong>,</strong></span> <span class='ocrx_word' id='word_1_626' title='bbox 2767 1850 2888 1887; x_wconf 90' lang='lat' dir='ltr'><strong>cum</strong></span> <span class='ocrx_word' id='word_1_627' title='bbox 2930 1834 3043 1886; x_wconf 92' lang='lat' dir='ltr'><strong>vult</strong></span> <span class='ocrx_word' id='word_1_628' title='bbox 3087 1834 3139 1885; x_wconf 92' lang='lat' dir='ltr'><strong>in</strong></span> <span class='ocrx_word' id='word_1_629' title='bbox 3165 1833 3435 1885; x_wconf 85' lang='lat' dir='ltr'><strong>hominem</strong></span> <span class='ocrx_word' id='word_1_630' title='bbox 3482 1831 3740 1885; x_wconf 64' lang='lat' dir='ltr'><strong>ref-irritat</strong></span> <span class='ocrx_word' id='word_1_631' title='bbox 3766 1871 3783 1893; x_wconf 84' lang='lat'><strong>,</strong></span> 
     </span>
    </p>
   </div>
   <div class='ocr_carea' id='block_1_82' title="bbox 2193 1902 3786 1967">
    <p class='ocr_par' dir='ltr' id='par_1_82' title="bbox 2193 1902 3786 1967">
     <span class='ocr_line' id='line_1_83' title="bbox 2193 1902 3786 1967; baseline 0.004 -19"><span class='ocrx_word' id='word_1_632' title='bbox 2193 1904 2282 1967; x_wconf 86' lang='lat' dir='ltr'><strong>qui</strong></span> <span class='ocrx_word' id='word_1_633' title='bbox 2316 1918 2378 1953; x_wconf 82' lang='lat' dir='ltr'><strong>ex</strong></span> <span class='ocrx_word' id='word_1_634' title='bbox 2405 1903 2549 1954; x_wconf 76' lang='lat' dir='ltr'><strong>tetuli</strong></span> <span class='ocrx_word' id='word_1_635' title='bbox 2581 1904 2731 1956; x_wconf 87' lang='lat' dir='ltr'><strong>simis</strong></span> <span class='ocrx_word' id='word_1_636' title='bbox 2755 1903 3049 1956; x_wconf 88' lang='lat' dir='ltr'><strong>seminibus</strong></span> <span class='ocrx_word' id='word_1_637' title='bbox 3076 1904 3331 1955; x_wconf 75' lang='lat' dir='ltr'><strong>immensa</strong></span> <span class='ocrx_word' id='word_1_638' title='bbox 3365 1902 3580 1953; x_wconf 72' lang='lat' dir='ltr'><strong>:it&#39;ltust&#39;t</strong></span> <span class='ocrx_word' id='word_1_639' title='bbox 3609 1902 3786 1954; x_wconf 89' lang='lat' dir='ltr'><strong>redin-</strong></span> 
     </span>
    </p>
   </div>
   <div class='ocr_carea' id='block_1_83' title="bbox 2196 1970 3783 2041">
    <p class='ocr_par' dir='ltr' id='par_1_83' title="bbox 2196 1970 3783 2041">
     <span class='ocr_line' id='line_1_84' title="bbox 2196 1970 3783 2041; baseline 0.001 -20"><span class='ocrx_word' id='word_1_640' title='bbox 2196 1974 2412 2035; x_wconf 43' lang='lat' dir='ltr'><strong>tegt&#39;at?</strong></span> <span class='ocrx_word' id='word_1_641' title='bbox 2442 1970 2574 2036; x_wconf 85' lang='lat' dir='ltr'><strong>Quia</strong></span> <span class='ocrx_word' id='word_1_642' title='bbox 2601 1989 2728 2041; x_wconf 77' lang='lat' dir='ltr'><strong>t-tgi</strong></span> <span class='ocrx_word' id='word_1_643' title='bbox 2760 1972 3106 2026; x_wconf 78' lang='lat' dir='ltr'><strong>rationabiles</strong></span> <span class='ocrx_word' id='word_1_644' title='bbox 3135 1988 3319 2024; x_wconf 87' lang='lat' dir='ltr'><strong>sumus</strong></span> <span class='ocrx_word' id='word_1_645' title='bbox 3350 1970 3587 2034; x_wconf 87' lang='lat' dir='ltr'><strong>conditi,</strong></span> <span class='ocrx_word' id='word_1_646' title='bbox 3633 1985 3783 2041; x_wconf 76' lang='lat' dir='ltr'><strong>spem</strong></span> 
     </span>
    </p>
   </div>
   <div class='ocr_carea' id='block_1_84' title="bbox 2192 2040 3784 2109">
    <p class='ocr_par' dir='ltr' id='par_1_84' title="bbox 2192 2040 3784 2109">
     <span class='ocr_line' id='line_1_85' title="bbox 2192 2040 3784 2109; baseline 0.001 -18"><span class='ocrx_word' id='word_1_647' title='bbox 2192 2042 2606 2095; x_wconf 82' lang='lat' dir='ltr'><strong>resurrectimiis</strong></span> <span class='ocrx_word' id='word_1_648' title='bbox 2635 2040 2830 2095; x_wconf 58' lang='lat' dir='ltr'><strong>unum:</strong></span> <span class='ocrx_word' id='word_1_649' title='bbox 2859 2057 2923 2094; x_wconf 74' lang='lat' dir='ltr'><strong>ex</strong></span> <span class='ocrx_word' id='word_1_650' title='bbox 2950 2042 3059 2109; x_wconf 71' lang='lat' dir='ltr'><strong>ipsi</strong></span> <span class='ocrx_word' id='word_1_651' title='bbox 3092 2041 3350 2093; x_wconf 82' lang='lat' dir='ltr'><strong>debemus</strong></span> <span class='ocrx_word' id='word_1_652' title='bbox 3377 2056 3557 2093; x_wconf 86' lang='lat' dir='ltr'><strong>rerum</strong></span> <span class='ocrx_word' id='word_1_653' title='bbox 3601 2040 3784 2107; x_wconf 85' lang='lat' dir='ltr'><strong>specie</strong></span> 
     </span>
    </p>
   </div>
   <div class='ocr_carea' id='block_1_85' title="bbox 2193 2109 3783 2179">
    <p class='ocr_par' dir='ltr' id='par_1_85' title="bbox 2193 2109 3783 2179">
     <span class='ocr_line' id='line_1_86' title="bbox 2193 2109 3783 2179; baseline -0.001 -18"><span class='ocrx_word' id='word_1_654' title='bbox 2193 2117 2250 2161; x_wconf 87' lang='lat' dir='ltr'><strong>et</strong></span> <span class='ocrx_word' id='word_1_655' title='bbox 2276 2111 2731 2175; x_wconf 83' lang='lat' dir='ltr'><strong>contemplatione</strong></span> <span class='ocrx_word' id='word_1_656' title='bbox 2761 2110 3033 2175; x_wconf 73' lang='lat' dir='ltr'><strong>col-igere.</strong></span> <span class='ocrx_word' id='word_1_657' title='bbox 3073 2110 3176 2163; x_wconf 87' lang='lat' dir='ltr'><strong>Sed</strong></span> <span class='ocrx_word' id='word_1_658' title='bbox 3206 2115 3330 2179; x_wconf 82' lang='lat' dir='ltr'><strong>quia</strong></span> <span class='ocrx_word' id='word_1_659' title='bbox 3382 2112 3433 2162; x_wconf 88' lang='lat' dir='ltr'><strong>in</strong></span> <span class='ocrx_word' id='word_1_660' title='bbox 3478 2109 3632 2163; x_wconf 86' lang='lat' dir='ltr'><strong>nobis</strong></span> <span class='ocrx_word' id='word_1_661' title='bbox 3660 2124 3783 2161; x_wconf 81' lang='lat' dir='ltr'><strong>sen-</strong></span> 
     </span>
    </p>
   </div>
   <div class='ocr_carea' id='block_1_86' title="bbox 2194 2179 3783 2247">
    <p class='ocr_par' dir='ltr' id='par_1_86' title="bbox 2194 2179 3783 2247">
     <span class='ocr_line' id='line_1_87' title="bbox 2194 2179 3783 2247; baseline 0.001 -17"><span class='ocrx_word' id='word_1_662' title='bbox 2194 2193 2286 2247; x_wconf 82' lang='lat' dir='ltr'><strong>sus</strong></span> <span class='ocrx_word' id='word_1_663' title='bbox 2330 2180 2529 2246; x_wconf 81' lang='lat' dir='ltr'><strong>torpuit</strong></span> <span class='ocrx_word' id='word_1_664' title='bbox 2577 2182 2837 2245; x_wconf 81' lang='lat' dir='ltr'><strong>rationis,</strong></span> <span class='ocrx_word' id='word_1_665' title='bbox 2892 2180 3118 2233; x_wconf 75' lang='lat' dir='ltr'><strong>accessit</strong></span> <span class='ocrx_word' id='word_1_666' title='bbox 3163 2180 3214 2231; x_wconf 91' lang='lat' dir='ltr'><strong>in</strong></span> <span class='ocrx_word' id='word_1_667' title='bbox 3262 2179 3569 2247; x_wconf 75' lang='lat' dir='ltr'><strong>exemplum</strong></span> <span class='ocrx_word' id='word_1_668' title='bbox 3614 2180 3783 2245; x_wconf 51' lang='lat' dir='ltr'><strong>grana</strong></span> 
     </span>
    </p>
   </div>
   <div class='ocr_carea' id='block_1_87' title="bbox 2195 2246 3780 2316">
    <p class='ocr_par' dir='ltr' id='par_1_87' title="bbox 2195 2246 3780 2316">
     <span class='ocr_line' id='line_1_88' title="bbox 2195 2246 3780 2316; baseline 0 -17"><span class='ocrx_word' id='word_1_669' title='bbox 2195 2246 2592 2315; x_wconf 58' lang='lat' dir='ltr'><strong>Redemptoris.</strong></span> <span class='ocrx_word' id='word_1_670' title='bbox 2634 2250 2787 2304; x_wconf 74' lang='lat' dir='ltr'><strong>Venit</strong></span> <span class='ocrx_word' id='word_1_671' title='bbox 2815 2265 3043 2316; x_wconf 90' lang='lat' dir='ltr'><strong>namque</strong></span> <span class='ocrx_word' id='word_1_672' title='bbox 3071 2250 3332 2302; x_wconf 82' lang='lat' dir='ltr'><strong>Conditor</strong></span> <span class='ocrx_word' id='word_1_673' title='bbox 3362 2246 3569 2309; x_wconf 51' lang='lat' dir='ltr'><strong>noster,</strong></span> <span class='ocrx_word' id='word_1_674' title='bbox 3596 2262 3780 2300; x_wconf 82' lang='lat' dir='ltr'><strong>susce-</strong></span> 
     </span>
    </p>
   </div>
   <div class='ocr_carea' id='block_1_88' title="bbox 2195 2317 3787 2385">
    <p class='ocr_par' dir='ltr' id='par_1_88' title="bbox 2195 2317 3787 2385">
     <span class='ocr_line' id='line_1_89' title="bbox 2195 2317 3787 2385; baseline -0.001 -16"><span class='ocrx_word' id='word_1_675' title='bbox 2195 2318 2272 2383; x_wconf 86' lang='lat' dir='ltr'><strong>pit</strong></span> <span class='ocrx_word' id='word_1_676' title='bbox 2301 2329 2562 2385; x_wconf 86' lang='lat' dir='ltr'><strong>mortem,</strong></span> <span class='ocrx_word' id='word_1_677' title='bbox 2591 2321 2827 2373; x_wconf 85' lang='lat' dir='ltr'><strong>ostendit</strong></span> <span class='ocrx_word' id='word_1_678' title='bbox 2868 2320 3313 2371; x_wconf 82' lang='lat' dir='ltr'><strong>resurrectionem</strong></span> <span class='ocrx_word' id='word_1_679' title='bbox 3337 2335 3350 2380; x_wconf 88' lang='lat'><strong>;</strong></span> <span class='ocrx_word' id='word_1_680' title='bbox 3395 2329 3453 2369; x_wconf 88' lang='lat' dir='ltr'><strong>ut</strong></span> <span class='ocrx_word' id='word_1_681' title='bbox 3481 2317 3573 2384; x_wconf 87' lang='lat' dir='ltr'><strong>qui</strong></span> <span class='ocrx_word' id='word_1_682' title='bbox 3604 2333 3787 2370; x_wconf 81' lang='lat' dir='ltr'><strong>resur-</strong></span> 
     </span>
    </p>
   </div>
   <div class='ocr_carea' id='block_1_89' title="bbox 2195 2387 3787 2451">
    <p class='ocr_par' dir='ltr' id='par_1_89' title="bbox 2195 2387 3787 2451">
     <span class='ocr_line' id='line_1_90' title="bbox 2195 2387 3787 2451; baseline -0.001 -13"><span class='ocrx_word' id='word_1_683' title='bbox 2195 2387 2450 2440; x_wconf 89' lang='lat' dir='ltr'><strong>rectionis</strong></span> <span class='ocrx_word' id='word_1_684' title='bbox 2474 2405 2517 2451; x_wconf 74' lang='lat' dir='ltr'><strong>s;</strong></span> <span class='ocrx_word' id='word_1_685' title='bbox 2539 2404 2622 2440; x_wconf 92' lang='lat' dir='ltr'><strong>cm</strong></span> <span class='ocrx_word' id='word_1_686' title='bbox 2676 2404 2741 2442; x_wconf 80' lang='lat' dir='ltr'><strong>ex</strong></span> <span class='ocrx_word' id='word_1_687' title='bbox 2772 2389 2977 2441; x_wconf 86' lang='lat' dir='ltr'><strong>ratione</strong></span> <span class='ocrx_word' id='word_1_688' title='bbox 3003 2397 3187 2441; x_wconf 65' lang='lat' dir='ltr'><strong>tenera</strong></span> <span class='ocrx_word' id='word_1_689' title='bbox 3228 2388 3475 2439; x_wconf 84' lang='lat' dir='ltr'><strong>nolumus</strong></span> <span class='ocrx_word' id='word_1_690' title='bbox 3494 2428 3508 2450; x_wconf 93' lang='lat'><strong>,</strong></span> <span class='ocrx_word' id='word_1_691' title='bbox 3558 2388 3696 2438; x_wconf 89' lang='lat' dir='ltr'><strong>hanc</strong></span> <span class='ocrx_word' id='word_1_692' title='bbox 3722 2401 3787 2438; x_wconf 68' lang='lat' dir='ltr'><strong>ev</strong></span> 
     </span>
    </p>
   </div>
   <div class='ocr_carea' id='block_1_90' title="bbox 2194 2455 3790 2525">
    <p class='ocr_par' dir='ltr' id='par_1_90' title="bbox 2194 2455 3790 2525">
     <span class='ocr_line' id='line_1_91' title="bbox 2194 2455 3790 2525; baseline -0.002 -15"><span class='ocrx_word' id='word_1_693' title='bbox 2194 2456 2311 2525; x_wconf 72' lang='lat' dir='ltr'><strong>ejus</strong></span> <span class='ocrx_word' id='word_1_694' title='bbox 2339 2457 2608 2524; x_wconf 86' lang='lat' dir='ltr'><strong>adjutorio</strong></span> <span class='ocrx_word' id='word_1_695' title='bbox 2635 2468 2689 2511; x_wconf 83' lang='lat' dir='ltr'><strong>et</strong></span> <span class='ocrx_word' id='word_1_696' title='bbox 2718 2458 2966 2525; x_wconf 66' lang='lat' dir='ltr'><strong>exemplo</strong></span> <span class='ocrx_word' id='word_1_697' title='bbox 2992 2466 3317 2510; x_wconf 62' lang='lat' dir='ltr'><strong>teneremus.</strong></span> <span class='ocrx_word' id='word_1_698' title='bbox 3353 2455 3553 2508; x_wconf 86' lang='lat' dir='ltr'><strong>Beatus</strong></span> <span class='ocrx_word' id='word_1_699' title='bbox 3577 2469 3790 2521; x_wconf 84' lang='lat' dir='ltr'><strong>quoque</strong></span> 
     </span>
    </p>
   </div>
   <div class='ocr_carea' id='block_1_91' title="bbox 2192 2522 3789 2595">
    <p class='ocr_par' dir='ltr' id='par_1_91' title="bbox 2192 2522 3789 2595">
     <span class='ocr_line' id='line_1_92' title="bbox 2192 2522 3789 2595; baseline -0.001 -18"><span class='ocrx_word' id='word_1_700' title='bbox 2192 2522 2296 2578; x_wconf 84' lang='lat' dir='ltr'><strong>Job</strong></span> <span class='ocrx_word' id='word_1_701' title='bbox 2342 2522 2828 2581; x_wconf 39' lang='lat' dir='ltr'><strong>de&#39;rcsurrcctioue</strong></span> <span class='ocrx_word' id='word_1_702' title='bbox 2874 2522 3045 2580; x_wconf 71' lang='lat' dir='ltr'><strong>dixit:</strong></span> <span class='ocrx_word' id='word_1_703' title='bbox 3112 2527 3234 2581; x_wconf 83' lang='lat' dir='ltr'><strong>Srio</strong></span> <span class='ocrx_word' id='word_1_704' title='bbox 3281 2527 3415 2595; x_wconf 83' lang='lat' dir='ltr'><strong>quod</strong></span> <span class='ocrx_word' id='word_1_705' title='bbox 3480 2525 3789 2592; x_wconf 75' lang='lat' dir='ltr'><strong>Redemptor</strong></span> 
     </span>
    </p>
   </div>
   <div class='ocr_carea' id='block_1_92' title="bbox 2194 2596 3789 2662">
    <p class='ocr_par' dir='ltr' id='par_1_92' title="bbox 2194 2596 3789 2662">
     <span class='ocr_line' id='line_1_93' title="bbox 2194 2596 3789 2662; baseline -0.001 -15"><span class='ocrx_word' id='word_1_706' title='bbox 2194 2611 2338 2648; x_wconf 87' lang='lat' dir='ltr'><strong>meus</strong></span> <span class='ocrx_word' id='word_1_707' title='bbox 2388 2598 2534 2662; x_wconf 80' lang='lat' dir='ltr'><strong>vivit,</strong></span> <span class='ocrx_word' id='word_1_708' title='bbox 2583 2608 2632 2649; x_wconf 87' lang='lat' dir='ltr'><strong>et</strong></span> <span class='ocrx_word' id='word_1_709' title='bbox 2680 2599 2733 2649; x_wconf 87' lang='lat' dir='ltr'><strong>in</strong></span> <span class='ocrx_word' id='word_1_710' title='bbox 2775 2597 3051 2650; x_wconf 83' lang='lat' dir='ltr'><strong>novissimo</strong></span> <span class='ocrx_word' id='word_1_711' title='bbox 3080 2596 3164 2648; x_wconf 84' lang='lat' dir='ltr'><strong>die</strong></span> <span class='ocrx_word' id='word_1_712' title='bbox 3207 2598 3270 2648; x_wconf 90' lang='lat' dir='ltr'><strong>de</strong></span> <span class='ocrx_word' id='word_1_713' title='bbox 3299 2606 3437 2647; x_wconf 77' lang='lat' dir='ltr'><strong>terra</strong></span> <span class='ocrx_word' id='word_1_714' title='bbox 3466 2604 3789 2646; x_wconf 78' lang='lat' dir='ltr'><strong>surrecturus</strong></span> 
     </span>
    </p>
   </div>
   <div class='ocr_carea' id='block_1_93' title="bbox 2194 2665 3789 2733">
    <p class='ocr_par' dir='ltr' id='par_1_93' title="bbox 2194 2665 3789 2733">
     <span class='ocr_line' id='line_1_94' title="bbox 2194 2665 3789 2733; baseline -0.001 -17"><span class='ocrx_word' id='word_1_715' title='bbox 2194 2680 2326 2717; x_wconf 87' lang='lat' dir='ltr'><strong>sum.</strong></span> <span class='ocrx_word' id='word_1_716' title='bbox 2375 2665 2626 2733; x_wconf 84' lang='lat' dir='ltr'><strong>Quisquis</strong></span> <span class='ocrx_word' id='word_1_717' title='bbox 2666 2668 2825 2733; x_wconf 84' lang='lat' dir='ltr'><strong>igitur</strong></span> <span class='ocrx_word' id='word_1_718' title='bbox 2870 2668 3278 2720; x_wconf 74' lang='lat' dir='ltr'><strong>resurrectionis</strong></span> <span class='ocrx_word' id='word_1_719' title='bbox 3324 2666 3578 2717; x_wconf 87' lang='lat' dir='ltr'><strong>virtutem</strong></span> <span class='ocrx_word' id='word_1_720' title='bbox 3631 2666 3683 2715; x_wconf 90' lang='lat' dir='ltr'><strong>in</strong></span> <span class='ocrx_word' id='word_1_721' title='bbox 3731 2679 3789 2715; x_wconf 84' lang='lat' dir='ltr'><strong>se</strong></span> 
     </span>
    </p>
   </div>
   <div class='ocr_carea' id='block_1_94' title="bbox 2188 2733 3785 2805">
    <p class='ocr_par' dir='ltr' id='par_1_94' title="bbox 2188 2733 3785 2805">
     <span class='ocr_line' id='line_1_95' title="bbox 2188 2733 3785 2805; baseline 0 -20"><span class='ocrx_word' id='word_1_722' title='bbox 2188 2734 2308 2805; x_wconf 77' lang='lat' dir='ltr'><strong>‘l_ieri</strong></span> <span class='ocrx_word' id='word_1_723' title='bbox 2355 2752 2510 2800; x_wconf 82' lang='lat' dir='ltr'><strong>posse</strong></span> <span class='ocrx_word' id='word_1_724' title='bbox 2538 2737 2827 2805; x_wconf 77' lang='lat' dir='ltr'><strong>de~perat,</strong></span> <span class='ocrx_word' id='word_1_725' title='bbox 2881 2735 3042 2788; x_wconf 77' lang='lat' dir='ltr'><strong>verba</strong></span> <span class='ocrx_word' id='word_1_726' title='bbox 3075 2738 3125 2788; x_wconf 88' lang='lat' dir='ltr'><strong>in</strong></span> <span class='ocrx_word' id='word_1_727' title='bbox 3156 2735 3457 2801; x_wconf 73' lang='lat' dir='ltr'><strong>gentditate</strong></span> <span class='ocrx_word' id='word_1_728' title='bbox 3504 2733 3785 2805; x_wconf 76' lang='lat' dir='ltr'><strong>positiviri</strong></span> 
     </span>
    </p>
   </div>
   <div class='ocr_carea' id='block_1_95' title="bbox 2199 2802 3787 2872">
    <p class='ocr_par' dir='ltr' id='par_1_95' title="bbox 2199 2802 3787 2872">
     <span class='ocr_line' id='line_1_96' title="bbox 2199 2802 3787 2872; baseline -0.001 -19"><span class='ocrx_word' id='word_1_729' title='bbox 2199 2802 2231 2853; x_wconf 88' lang='lat' dir='ltr'><strong>li</strong></span> <span class='ocrx_word' id='word_1_730' title='bbox 2254 2805 2368 2856; x_wconf 87' lang='lat' dir='ltr'><strong>lelis</strong></span> <span class='ocrx_word' id='word_1_731' title='bbox 2392 2802 2690 2863; x_wconf 74' lang='lat' dir='ltr'><strong>erubescat.</strong></span> <span class='ocrx_word' id='word_1_732' title='bbox 2723 2816 2775 2858; x_wconf 80' lang='lat' dir='ltr'><strong>et</strong></span> <span class='ocrx_word' id='word_1_733' title='bbox 2802 2817 2981 2872; x_wconf 67' lang='lat' dir='ltr'><strong>penset</strong></span> <span class='ocrx_word' id='word_1_734' title='bbox 3015 2816 3216 2871; x_wconf 71' lang='lat' dir='ltr'><strong>quanto</strong></span> <span class='ocrx_word' id='word_1_735' title='bbox 3250 2820 3417 2869; x_wconf 57' lang='lat' dir='ltr'><strong>(mute</strong></span> <span class='ocrx_word' id='word_1_736' title='bbox 3446 2804 3517 2855; x_wconf 85' lang='lat' dir='ltr'><strong>sit</strong></span> <span class='ocrx_word' id='word_1_737' title='bbox 3549 2804 3787 2870; x_wconf 85' lang='lat' dir='ltr'><strong>pondere</strong></span> 
     </span>
    </p>
   </div>
   <div class='ocr_carea' id='block_1_96' title="bbox 2199 2872 3785 2941">
    <p class='ocr_par' dir='ltr' id='par_1_96' title="bbox 2199 2872 3785 2941">
     <span class='ocr_line' id='line_1_97' title="bbox 2199 2872 3785 2941; baseline -0.002 -17"><span class='ocrx_word' id='word_1_738' title='bbox 2199 2872 2229 2924; x_wconf 75' lang='grc' dir='ltr'><strong>1ο</strong></span> <span class='ocrx_word' id='word_1_739' title='bbox 2251 2873 2489 2938; x_wconf 86' lang='lat' dir='ltr'><strong>riendus,</strong></span> <span class='ocrx_word' id='word_1_740' title='bbox 2531 2877 2571 2926; x_wconf 61' lang='grc' dir='ltr'><strong>εἰ</strong></span> <span class='ocrx_word' id='word_1_741' title='bbox 2614 2874 2784 2928; x_wconf 84' lang='lat' dir='ltr'><strong>adhuc</strong></span> <span class='ocrx_word' id='word_1_742' title='bbox 2815 2892 2845 2927; x_wconf 90' lang='grc' dir='ltr'><strong>ιι</strong></span> <span class='ocrx_word' id='word_1_743' title='bbox 2871 2895 2918 2925; x_wconf 78' lang='grc' dir='ltr'><strong>ιιι</strong></span> <span class='ocrx_word' id='word_1_744' title='bbox 2965 2879 3132 2927; x_wconf 74' lang='lat' dir='ltr'><strong>Credit</strong></span> <span class='ocrx_word' id='word_1_745' title='bbox 3160 2890 3309 2928; x_wconf 88' lang='lat' dir='ltr'><strong>suam</strong></span> <span class='ocrx_word' id='word_1_746' title='bbox 3339 2890 3410 2941; x_wconf 84' lang='lat' dir='ltr'><strong>qu</strong></span> <span class='ocrx_word' id='word_1_747' title='bbox 3465 2872 3574 2940; x_wconf 63' lang='lat' dir='ltr'><strong>jam</strong></span> <span class='ocrx_word' id='word_1_748' title='bbox 3611 2888 3785 2924; x_wconf 81' lang='lat' dir='ltr'><strong>resur-</strong></span> 
     </span>
    </p>
   </div>
   <div class='ocr_carea' id='block_1_97' title="bbox 2197 2943 3785 3009">
    <p class='ocr_par' dir='ltr' id='par_1_97' title="bbox 2197 2943 3785 3009">
     <span class='ocr_line' id='line_1_98' title="bbox 2197 2943 3785 3009; baseline -0.001 -15"><span class='ocrx_word' id='word_1_749' title='bbox 2197 2944 2402 2995; x_wconf 84' lang='lat' dir='ltr'><strong>rectiou</strong></span> <span class='ocrx_word' id='word_1_750' title='bbox 2427 2961 2491 2995; x_wconf 89' lang='grc' dir='ltr'>-ιιι</span> <span class='ocrx_word' id='word_1_751' title='bbox 2540 2944 2747 2997; x_wconf 76' lang='lat' dir='ltr'><strong>[loniini</strong></span> <span class='ocrx_word' id='word_1_752' title='bbox 2776 2945 3027 3009; x_wconf 72' lang='lat' dir='ltr'><strong>cognmit</strong></span> <span class='ocrx_word' id='word_1_753' title='bbox 3056 2944 3247 2996; x_wconf 76' lang='lat' dir='ltr'><strong>factam</strong></span> <span class='ocrx_word' id='word_1_754' title='bbox 3275 2986 3291 3008; x_wconf 86' lang='lat'><strong>,</strong></span> <span class='ocrx_word' id='word_1_755' title='bbox 3341 2944 3383 2995; x_wconf 80' lang='lat' dir='ltr'><strong>si</strong></span> <span class='ocrx_word' id='word_1_756' title='bbox 3414 2954 3469 2996; x_wconf 86' lang='lat' dir='ltr'><strong>et</strong></span> <span class='ocrx_word' id='word_1_757' title='bbox 3500 2943 3608 2994; x_wconf 91' lang='lat' dir='ltr'><strong>illic</strong></span> <span class='ocrx_word' id='word_1_758' title='bbox 3635 2957 3785 2994; x_wconf 70' lang='lat' dir='ltr'><strong>suam</strong></span> 
     </span>
    </p>
   </div>
   <div class='ocr_carea' id='block_1_98' title="bbox 2198 3011 3786 3083">
    <p class='ocr_par' dir='ltr' id='par_1_98' title="bbox 2198 3011 3786 3083">
     <span class='ocr_line' id='line_1_99' title="bbox 2198 3011 3786 3083; baseline 0 -20"><span class='ocrx_word' id='word_1_759' title='bbox 2198 3013 2422 3065; x_wconf 69' lang='lat' dir='ltr'><strong>Credi&#39;lit</strong></span> <span class='ocrx_word' id='word_1_760' title='bbox 2467 3012 2570 3067; x_wconf 76' lang='lat' dir='ltr'><strong>Job</strong></span> <span class='ocrx_word' id='word_1_761' title='bbox 2601 3016 2688 3083; x_wconf 78' lang='lat' dir='ltr'><strong>qui</strong></span> <span class='ocrx_word' id='word_1_762' title='bbox 2740 3016 2914 3067; x_wconf 79' lang='lat' dir='ltr'><strong>alliuc</strong></span> <span class='ocrx_word' id='word_1_763' title='bbox 2964 3013 3174 3065; x_wconf 78' lang='lat' dir='ltr'><strong>D.-ttti..i</strong></span> <span class='ocrx_word' id='word_1_764' title='bbox 3218 3011 3343 3070; x_wconf 59' lang='lat' dir='ltr'><strong>lusu</strong></span> <span class='ocrx_word' id='word_1_765' title='bbox 3391 3015 3648 3081; x_wconf 70' lang='lat' dir='ltr'><strong>spirabat</strong></span> <span class='ocrx_word' id='word_1_766' title='bbox 3675 3026 3786 3064; x_wconf 73' lang='lat' dir='ltr'><strong>esse</strong></span> 
     </span>
    </p>
   </div>
   <div class='ocr_carea' id='block_1_99' title="bbox 2203 3080 2657 3135">
    <p class='ocr_par' dir='ltr' id='par_1_99' title="bbox 2203 3080 2657 3135">
     <span class='ocr_line' id='line_1_100' title="bbox 2203 3080 2657 3135; baseline 0.011 -3"><span class='ocrx_word' id='word_1_767' title='bbox 2203 3084 2524 3135; x_wconf 74' lang='lat' dir='ltr'><strong>faciendam.</strong></span> <span class='ocrx_word' id='word_1_768' title='bbox 2619 3080 2629 3083; x_wconf 37' lang='lat'>&#39;</span> <span class='ocrx_word' id='word_1_769' title='bbox 2646 3080 2657 3088; x_wconf 63' lang='grc'><em>’</em></span> 
     </span>
    </p>
   </div>
   <div class='ocr_carea' id='block_1_100' title="bbox 2278 3151 3789 3219">
    <p class='ocr_par' dir='ltr' id='par_1_100' title="bbox 2278 3151 3789 3219">
     <span class='ocr_line' id='line_1_101' title="bbox 2278 3151 3789 3219; baseline -0.001 -16"><span class='ocrx_word' id='word_1_770' title='bbox 2278 3154 2353 3203; x_wconf 80' lang='lat' dir='ltr'><strong>At</strong></span> <span class='ocrx_word' id='word_1_771' title='bbox 2399 3153 2762 3206; x_wconf 64' lang='lat' dir='ltr'><strong>instru‘ndam</strong></span> <span class='ocrx_word' id='word_1_772' title='bbox 2801 3153 2960 3219; x_wconf 79' lang='lat' dir='ltr'><strong>igitur</strong></span> <span class='ocrx_word' id='word_1_773' title='bbox 3001 3153 3354 3219; x_wconf 74' lang='lat' dir='ltr'><strong>ignorantiam</strong></span> <span class='ocrx_word' id='word_1_774' title='bbox 3397 3162 3638 3204; x_wconf 84' lang='lat' dir='ltr'><strong>nostram</strong></span> <span class='ocrx_word' id='word_1_775' title='bbox 3664 3190 3679 3211; x_wconf 92' lang='lat'><strong>,</strong></span> <span class='ocrx_word' id='word_1_776' title='bbox 3726 3151 3789 3202; x_wconf 80' lang='lat' dir='ltr'><strong>ad</strong></span> 
     </span>
    </p>
   </div>
   <div class='ocr_carea' id='block_1_101' title="bbox 2203 3222 3787 3284">
    <p class='ocr_par' dir='ltr' id='par_1_101' title="bbox 2203 3222 3787 3284">
     <span class='ocr_line' id='line_1_102' title="bbox 2203 3222 3787 3284; baseline -0.002 -11"><span class='ocrx_word' id='word_1_777' title='bbox 2203 3238 2229 3273; x_wconf 91' lang='lat' dir='ltr'><strong>r</strong></span> <span class='ocrx_word' id='word_1_778' title='bbox 2269 3222 2301 3273; x_wconf 81' lang='lat' dir='ltr'><strong>i)</strong></span> <span class='ocrx_word' id='word_1_779' title='bbox 2325 3224 2561 3275; x_wconf 71' lang='lat' dir='ltr'><strong>trandant</strong></span> <span class='ocrx_word' id='word_1_780' title='bbox 2601 3223 2960 3277; x_wconf 70' lang='lat' dir='ltr'><strong>iulizmitatem</strong></span> <span class='ocrx_word' id='word_1_781' title='bbox 2994 3231 3229 3275; x_wconf 57' lang='lat' dir='ltr'><strong>nostram</strong></span> <span class='ocrx_word' id='word_1_782' title='bbox 3254 3263 3269 3284; x_wconf 89' lang='lat'><strong>,</strong></span> <span class='ocrx_word' id='word_1_783' title='bbox 3323 3223 3581 3274; x_wconf 80' lang='lat' dir='ltr'><strong>Dominus</strong></span> <span class='ocrx_word' id='word_1_784' title='bbox 3606 3231 3787 3273; x_wconf 85' lang='lat' dir='ltr'><strong>noster</strong></span> 
     </span>
    </p>
   </div>
   <div class='ocr_carea' id='block_1_102' title="bbox 2199 3290 3785 3360">
    <p class='ocr_par' dir='ltr' id='par_1_102' title="bbox 2199 3290 3785 3360">
     <span class='ocr_line' id='line_1_103' title="bbox 2199 3290 3785 3360; baseline 0.001 -19"><span class='ocrx_word' id='word_1_785' title='bbox 2199 3305 2310 3343; x_wconf 74' lang='lat' dir='ltr'><strong>sua:</strong></span> <span class='ocrx_word' id='word_1_786' title='bbox 2350 3294 2757 3347; x_wconf 73' lang='lat' dir='ltr'><strong>resurrrcaionis</strong></span> <span class='ocrx_word' id='word_1_787' title='bbox 2784 3292 3090 3360; x_wconf 80' lang='lat' dir='ltr'><strong>exemplum</strong></span> <span class='ocrx_word' id='word_1_788' title='bbox 3135 3293 3288 3344; x_wconf 89' lang='lat' dir='ltr'><strong>nobis</strong></span> <span class='ocrx_word' id='word_1_789' title='bbox 3316 3290 3570 3343; x_wconf 84' lang='lat' dir='ltr'><strong>sullicere</strong></span> <span class='ocrx_word' id='word_1_790' title='bbox 3601 3292 3785 3343; x_wconf 70' lang='lat' dir='ltr'><strong>voluit.</strong></span> 
     </span>
    </p>
   </div>
   <div class='ocr_carea' id='block_1_103' title="bbox 2200 3359 3783 3431">
    <p class='ocr_par' dir='ltr' id='par_1_103' title="bbox 2200 3359 3783 3431">
     <span class='ocr_line' id='line_1_104' title="bbox 2200 3359 3783 3431; baseline -0.002 -19"><span class='ocrx_word' id='word_1_791' title='bbox 2200 3359 2359 3431; x_wconf 66' lang='lat' dir='ltr'><strong>Salus</strong></span> <span class='ocrx_word' id='word_1_792' title='bbox 2385 3363 2583 3431; x_wconf 89' lang='lat' dir='ltr'><strong>quippe</strong></span> <span class='ocrx_word' id='word_1_793' title='bbox 2616 3363 2668 3415; x_wconf 91' lang='lat' dir='ltr'><strong>ill</strong></span> <span class='ocrx_word' id='word_1_794' title='bbox 2695 3389 2706 3410; x_wconf 77' lang='grc' dir='ltr'><strong>ι</strong></span> <span class='ocrx_word' id='word_1_795' title='bbox 2739 3359 2982 3431; x_wconf 86' lang='lat' dir='ltr'><strong>tempore</strong></span> <span class='ocrx_word' id='word_1_796' title='bbox 3008 3372 3251 3415; x_wconf 83' lang='lat' dir='ltr'><strong>mortuus</strong></span> <span class='ocrx_word' id='word_1_797' title='bbox 3272 3371 3374 3424; x_wconf 82' lang='lat' dir='ltr'><strong>est,</strong></span> <span class='ocrx_word' id='word_1_798' title='bbox 3408 3371 3463 3414; x_wconf 87' lang='lat' dir='ltr'><strong>et</strong></span> <span class='ocrx_word' id='word_1_799' title='bbox 3491 3372 3671 3413; x_wconf 89' lang='lat' dir='ltr'><strong>tamen</strong></span> <span class='ocrx_word' id='word_1_800' title='bbox 3702 3376 3783 3412; x_wconf 87' lang='lat' dir='ltr'><strong>so</strong></span> 
     </span>
    </p>
   </div>
   <div class='ocr_carea' id='block_1_104' title="bbox 2200 3429 3789 3499">
    <p class='ocr_par' dir='ltr' id='par_1_104' title="bbox 2200 3429 3789 3499">
     <span class='ocr_line' id='line_1_105' title="bbox 2200 3429 3789 3499; baseline -0.001 -17"><span class='ocrx_word' id='word_1_801' title='bbox 2200 3429 2283 3482; x_wconf 91' lang='lat' dir='ltr'><strong>lus</strong></span> <span class='ocrx_word' id='word_1_802' title='bbox 2312 3429 2531 3485; x_wconf 78' lang='lat' dir='ltr'><strong>minime</strong></span> <span class='ocrx_word' id='word_1_803' title='bbox 2570 3429 3011 3499; x_wconf 28' lang='lat' dir='ltr'><strong>surrexit;’qnia</strong></span> <span class='ocrx_word' id='word_1_804' title='bbox 3060 3433 3196 3483; x_wconf 71' lang='lat' dir='ltr'><strong>situt</strong></span> <span class='ocrx_word' id='word_1_805' title='bbox 3242 3431 3490 3497; x_wconf 89' lang='lat' dir='ltr'><strong>superius</strong></span> <span class='ocrx_word' id='word_1_806' title='bbox 3534 3431 3789 3497; x_wconf 85' lang='lat' dir='ltr'><strong>scriptum</strong></span> 
     </span>
    </p>
   </div>
   <div class='ocr_carea' id='block_1_105' title="bbox 2200 3500 3787 3571">
    <p class='ocr_par' dir='ltr' id='par_1_105' title="bbox 2200 3500 3787 3571">
     <span class='ocr_line' id='line_1_106' title="bbox 2200 3500 3787 3571; baseline 0 -20"><span class='ocrx_word' id='word_1_807' title='bbox 2200 3508 2282 3552; x_wconf 82' lang='lat' dir='ltr'><strong>est</strong></span> <span class='ocrx_word' id='word_1_808' title='bbox 2312 3518 2322 3551; x_wconf 90' lang='lat'><strong>:</strong></span> <span class='ocrx_word' id='word_1_809' title='bbox 2363 3500 2531 3555; x_wconf 80' lang='lat' dir='ltr'><strong>Multa</strong></span> <span class='ocrx_word' id='word_1_810' title='bbox 2554 3518 2771 3571; x_wconf 82' lang='lat' dir='ltr'><strong>corpora</strong></span> <span class='ocrx_word' id='word_1_811' title='bbox 2794 3513 3090 3554; x_wconf 86' lang='lat' dir='ltr'><strong>sanctorum</strong></span> <span class='ocrx_word' id='word_1_812' title='bbox 3110 3501 3193 3570; x_wconf 83' lang='lat' dir='ltr'><strong>qui</strong></span> <span class='ocrx_word' id='word_1_813' title='bbox 3217 3501 3535 3553; x_wconf 81' lang='lat' dir='ltr'><strong>dormierunt</strong></span> <span class='ocrx_word' id='word_1_814' title='bbox 3555 3513 3787 3571; x_wconf 51' lang='lat' dir='ltr'><strong>surren-</strong></span> 
     </span>
    </p>
   </div>
   <div class='ocr_carea' id='block_1_106' title="bbox 2199 3569 3786 3638">
    <p class='ocr_par' dir='ltr' id='par_1_106' title="bbox 2199 3569 3786 3638">
     <span class='ocr_line' id='line_1_107' title="bbox 2199 3569 3786 3638; baseline 0 -18"><span class='ocrx_word' id='word_1_815' title='bbox 2199 3578 2339 3622; x_wconf 86' lang='lat' dir='ltr'><strong>runt.</strong></span> <span class='ocrx_word' id='word_1_816' title='bbox 2393 3572 2586 3624; x_wconf 84' lang='lat' dir='ltr'><strong>Ablata</strong></span> <span class='ocrx_word' id='word_1_817' title='bbox 2638 3569 2760 3623; x_wconf 51' lang='lat' dir='ltr'><strong>Sunt</strong></span> <span class='ocrx_word' id='word_1_818' title='bbox 2792 3585 2923 3638; x_wconf 80' lang='lat' dir='ltr'><strong>ergo</strong></span> <span class='ocrx_word' id='word_1_819' title='bbox 2952 3569 3130 3622; x_wconf 77' lang='lat' dir='ltr'><strong>omnii</strong></span> <span class='ocrx_word' id='word_1_820' title='bbox 3177 3580 3491 3637; x_wconf 68' lang='lat' dir='ltr'><strong>argumenta</strong></span> <span class='ocrx_word' id='word_1_821' title='bbox 3538 3569 3786 3634; x_wconf 60' lang='lat' dir='ltr'><strong>perlidia‘.</strong></span> 
     </span>
    </p>
   </div>
   <div class='ocr_carea' id='block_1_107' title="bbox 2199 3638 3787 3706">
    <p class='ocr_par' dir='ltr' id='par_1_107' title="bbox 2199 3638 3787 3706">
     <span class='ocr_line' id='line_1_108' title="bbox 2199 3638 3787 3706; baseline -0.002 -15"><span class='ocrx_word' id='word_1_822' title='bbox 2199 3638 2274 3691; x_wconf 86' lang='lat' dir='ltr'><strong>N-</strong></span> <span class='ocrx_word' id='word_1_823' title='bbox 2304 3643 2424 3706; x_wconf 89' lang='lat' dir='ltr'><strong>quis</strong></span> <span class='ocrx_word' id='word_1_824' title='bbox 2450 3643 2592 3694; x_wconf 69' lang='lat' dir='ltr'><strong>enim</strong></span> <span class='ocrx_word' id='word_1_825' title='bbox 2624 3642 2785 3698; x_wconf 86' lang='lat' dir='ltr'><strong>dicat,</strong></span> <span class='ocrx_word' id='word_1_826' title='bbox 2828 3656 3047 3706; x_wconf 81' lang='lat' dir='ltr'><strong>sperare</strong></span> <span class='ocrx_word' id='word_1_827' title='bbox 3093 3640 3159 3692; x_wconf 87' lang='lat' dir='ltr'><strong>de</strong></span> <span class='ocrx_word' id='word_1_828' title='bbox 3200 3655 3259 3692; x_wconf 79' lang='lat' dir='ltr'><strong>se</strong></span> <span class='ocrx_word' id='word_1_829' title='bbox 3292 3655 3397 3691; x_wconf 91' lang='lat' dir='ltr'><strong>non</strong></span> <span class='ocrx_word' id='word_1_830' title='bbox 3437 3640 3601 3691; x_wconf 83' lang='lat' dir='ltr'><strong>debet</strong></span> <span class='ocrx_word' id='word_1_831' title='bbox 3633 3640 3787 3690; x_wconf 89' lang='lat' dir='ltr'><strong>homo</strong></span> 
     </span>
    </p>
   </div>
   <div class='ocr_carea' id='block_1_108' title="bbox 2198 3709 3787 3777">
    <p class='ocr_par' dir='ltr' id='par_1_108' title="bbox 2198 3709 3787 3777">
     <span class='ocr_line' id='line_1_109' title="bbox 2198 3709 3787 3777; baseline -0.001 -17"><span class='ocrx_word' id='word_1_832' title='bbox 2198 3714 2341 3777; x_wconf 87' lang='lat' dir='ltr'><strong>quod</strong></span> <span class='ocrx_word' id='word_1_833' title='bbox 2390 3712 2440 3762; x_wconf 93' lang='lat' dir='ltr'><strong>in</strong></span> <span class='ocrx_word' id='word_1_834' title='bbox 2474 3726 2638 3763; x_wconf 73' lang='lat' dir='ltr'><strong>tarne</strong></span> <span class='ocrx_word' id='word_1_835' title='bbox 2668 3727 2761 3761; x_wconf 69' lang='lat' dir='ltr'><strong>sua</strong></span> <span class='ocrx_word' id='word_1_836' title='bbox 2790 3709 3035 3762; x_wconf 78' lang='lat' dir='ltr'><strong>exhibuit</strong></span> <span class='ocrx_word' id='word_1_837' title='bbox 3075 3710 3237 3761; x_wconf 90' lang='lat' dir='ltr'><strong>homo</strong></span> <span class='ocrx_word' id='word_1_838' title='bbox 3271 3710 3409 3763; x_wconf 84' lang='lat' dir='ltr'><strong>Deus</strong></span> <span class='ocrx_word' id='word_1_839' title='bbox 3433 3748 3448 3772; x_wconf 87' lang='lat'><strong>,</strong></span> <span class='ocrx_word' id='word_1_840' title='bbox 3503 3723 3633 3760; x_wconf 80' lang='lat' dir='ltr'><strong>ecce</strong></span> <span class='ocrx_word' id='word_1_841' title='bbox 3672 3724 3787 3760; x_wconf 85' lang='lat' dir='ltr'><strong>cum</strong></span> 
     </span>
    </p>
   </div>
   <div class='ocr_carea' id='block_1_109' title="bbox 2203 3778 3787 3845">
    <p class='ocr_par' dir='ltr' id='par_1_109' title="bbox 2203 3778 3787 3845">
     <span class='ocr_line' id='line_1_110' title="bbox 2203 3778 3787 3845; baseline -0.005 -13"><span class='ocrx_word' id='word_1_842' title='bbox 2203 3780 2312 3832; x_wconf 80' lang='lat' dir='ltr'><strong>Deo</strong></span> <span class='ocrx_word' id='word_1_843' title='bbox 2362 3782 2580 3833; x_wconf 87' lang='lat' dir='ltr'><strong>homine</strong></span> <span class='ocrx_word' id='word_1_844' title='bbox 2620 3784 2920 3833; x_wconf 81' lang='lat' dir='ltr'><strong>surrexisse</strong></span> <span class='ocrx_word' id='word_1_845' title='bbox 2944 3780 3170 3845; x_wconf 72' lang='lat' dir='ltr'><strong>cognovi</strong></span> <span class='ocrx_word' id='word_1_846' title='bbox 3199 3795 3295 3831; x_wconf 72' lang='lat' dir='ltr'><strong>t-&quot;S</strong></span> <span class='ocrx_word' id='word_1_847' title='bbox 3323 3794 3459 3845; x_wconf 89' lang='lat' dir='ltr'><strong>quos</strong></span> <span class='ocrx_word' id='word_1_848' title='bbox 3498 3793 3664 3845; x_wconf 67' lang='lat' dir='ltr'><strong>puros</strong></span> <span class='ocrx_word' id='word_1_849' title='bbox 3695 3778 3787 3827; x_wconf 75' lang='lat' dir='ltr'><strong>lio-</strong></span> 
     </span>
    </p>
   </div>
   <div class='ocr_carea' id='block_1_110' title="bbox 2202 3848 3788 3916">
    <p class='ocr_par' dir='ltr' id='par_1_110' title="bbox 2202 3848 3788 3916">
     <span class='ocr_line' id='line_1_111' title="bbox 2202 3848 3788 3916; baseline -0.004 -15"><span class='ocrx_word' id='word_1_850' title='bbox 2202 3850 2374 3901; x_wconf 76' lang='lat' dir='ltr'><strong>mines</strong></span> <span class='ocrx_word' id='word_1_851' title='bbox 2404 3849 2566 3903; x_wconf 81' lang='lat' dir='ltr'><strong>fuisse</strong></span> <span class='ocrx_word' id='word_1_852' title='bbox 2616 3865 2721 3903; x_wconf 91' lang='lat' dir='ltr'><strong>non</strong></span> <span class='ocrx_word' id='word_1_853' title='bbox 2762 3851 3088 3901; x_wconf 76' lang='lat' dir='ltr'><strong>duiut-mus.</strong></span> <span class='ocrx_word' id='word_1_854' title='bbox 3125 3848 3182 3900; x_wconf 86' lang='lat' dir='ltr'><strong>Si</strong></span> <span class='ocrx_word' id='word_1_855' title='bbox 3215 3850 3375 3916; x_wconf 82' lang='lat' dir='ltr'><strong>igitur</strong></span> <span class='ocrx_word' id='word_1_856' title='bbox 3420 3848 3661 3900; x_wconf 81' lang='lat' dir='ltr'><strong>membra</strong></span> <span class='ocrx_word' id='word_1_857' title='bbox 3693 3863 3788 3916; x_wconf 63' lang='grc' dir='ltr'>ιιυτ</span> 
     </span>
    </p>
   </div>
   <div class='ocr_carea' id='block_1_111' title="bbox 2200 3915 3789 3987">
    <p class='ocr_par' dir='ltr' id='par_1_111' title="bbox 2200 3915 3789 3987">
     <span class='ocr_line' id='line_1_112' title="bbox 2200 3915 3789 3987; baseline -0.002 -17"><span class='ocrx_word' id='word_1_858' title='bbox 2200 3919 2295 3971; x_wconf 85' lang='lat' dir='ltr'><strong>stri</strong></span> <span class='ocrx_word' id='word_1_859' title='bbox 2332 3917 2705 3987; x_wconf 53' lang='lat' dir='ltr'><strong>Redemptorh</strong></span> <span class='ocrx_word' id='word_1_860' title='bbox 2727 3934 2940 3984; x_wconf 85' lang='lat' dir='ltr'><strong>sumus,</strong></span> <span class='ocrx_word' id='word_1_861' title='bbox 2981 3933 3364 3987; x_wconf 71' lang='lat' dir='ltr'><strong>pvzcsutnatnus</strong></span> <span class='ocrx_word' id='word_1_862' title='bbox 3395 3917 3446 3970; x_wconf 91' lang='lat' dir='ltr'><strong>in</strong></span> <span class='ocrx_word' id='word_1_863' title='bbox 3472 3917 3630 3968; x_wconf 71' lang='lat' dir='ltr'><strong>nobis</strong></span> <span class='ocrx_word' id='word_1_864' title='bbox 3653 3915 3789 3981; x_wconf 85' lang='lat' dir='ltr'><strong>quod</strong></span> 
     </span>
    </p>
   </div>
   <div class='ocr_carea' id='block_1_112' title="bbox 2200 3987 3786 4054">
    <p class='ocr_par' dir='ltr' id='par_1_112' title="bbox 2200 3987 3786 4054">
     <span class='ocr_line' id='line_1_113' title="bbox 2200 3987 3786 4054; baseline -0.004 -12"><span class='ocrx_word' id='word_1_865' title='bbox 2200 3998 2408 4054; x_wconf 78' lang='lat' dir='ltr'><strong>gestum</strong></span> <span class='ocrx_word' id='word_1_866' title='bbox 2438 3998 2653 4041; x_wconf 56' lang='lat' dir='ltr'><strong>Constat</strong></span> <span class='ocrx_word' id='word_1_867' title='bbox 2685 3988 2735 4041; x_wconf 91' lang='lat' dir='ltr'><strong>in</strong></span> <span class='ocrx_word' id='word_1_868' title='bbox 2768 3994 2976 4054; x_wconf 74' lang='lat' dir='ltr'><strong>capite;</strong></span> <span class='ocrx_word' id='word_1_869' title='bbox 3018 3988 3061 4040; x_wconf 83' lang='lat' dir='ltr'><strong>si</strong></span> <span class='ocrx_word' id='word_1_870' title='bbox 3097 3987 3322 4040; x_wconf 75' lang='lat' dir='ltr'><strong>multum</strong></span> <span class='ocrx_word' id='word_1_871' title='bbox 3354 4004 3453 4039; x_wconf 74' lang='lat' dir='ltr'><strong>nos</strong></span> <span class='ocrx_word' id='word_1_872' title='bbox 3480 3987 3786 4051; x_wconf 71' lang='lat' dir='ltr'><strong>abjicimns.</strong></span> 
     </span>
    </p>
   </div>
   <div class='ocr_carea' id='block_1_113' title="bbox 2199 4054 3789 4126">
    <p class='ocr_par' dir='ltr' id='par_1_113' title="bbox 2199 4054 3789 4126">
     <span class='ocr_line' id='line_1_114' title="bbox 2199 4054 3789 4126; baseline -0.001 -16"><span class='ocrx_word' id='word_1_873' title='bbox 2199 4072 2419 4126; x_wconf 62' lang='lat' dir='ltr'><strong>sperare</strong></span> <span class='ocrx_word' id='word_1_874' title='bbox 2444 4059 2701 4112; x_wconf 83' lang='lat' dir='ltr'><strong>debemus</strong></span> <span class='ocrx_word' id='word_1_875' title='bbox 2732 4058 2782 4111; x_wconf 93' lang='lat' dir='ltr'><strong>in</strong></span> <span class='ocrx_word' id='word_1_876' title='bbox 2811 4058 2987 4124; x_wconf 61' lang='lat' dir='ltr'><strong>nobis,</strong></span> <span class='ocrx_word' id='word_1_877' title='bbox 3021 4073 3118 4109; x_wconf 89' lang='lat' dir='ltr'><strong>nos</strong></span> <span class='ocrx_word' id='word_1_878' title='bbox 3150 4059 3387 4110; x_wconf 87' lang='lat' dir='ltr'><strong>membra</strong></span> <span class='ocrx_word' id='word_1_879' title='bbox 3421 4057 3631 4120; x_wconf 68' lang='lat' dir='ltr'><strong>ultima,</strong></span> <span class='ocrx_word' id='word_1_880' title='bbox 3651 4054 3789 4122; x_wconf 86' lang='lat' dir='ltr'><strong>quod</strong></span> 
     </span>
    </p>
   </div>
   <div class='ocr_carea' id='block_1_114' title="bbox 2200 4127 3437 4195">
    <p class='ocr_par' dir='ltr' id='par_1_114' title="bbox 2200 4127 3437 4195">
     <span class='ocr_line' id='line_1_115' title="bbox 2200 4127 3437 4195; baseline -0.001 -15"><span class='ocrx_word' id='word_1_881' title='bbox 2200 4130 2267 4180; x_wconf 85' lang='lat' dir='ltr'><strong>de</strong></span> <span class='ocrx_word' id='word_1_882' title='bbox 2298 4128 2551 4181; x_wconf 89' lang='lat' dir='ltr'><strong>membris</strong></span> <span class='ocrx_word' id='word_1_883' title='bbox 2580 4128 2696 4195; x_wconf 64' lang='lat' dir='ltr'><strong>ejus</strong></span> <span class='ocrx_word' id='word_1_884' title='bbox 2717 4129 3086 4195; x_wconf 81' lang='lat' dir='ltr'><strong>superioribus</strong></span> <span class='ocrx_word' id='word_1_885' title='bbox 3113 4127 3437 4179; x_wconf 84' lang='lat' dir='ltr'><strong>audivunus.</strong></span> 
     </span>
    </p>
   </div>
   <div class='ocr_carea' id='block_1_115' title="bbox 2200 4217 3789 4287">
    <p class='ocr_par' dir='ltr' id='par_1_115' title="bbox 2200 4217 3789 4287">
     <span class='ocr_line' id='line_1_116' title="bbox 2200 4217 3789 4287; baseline -0.004 -16"><span class='ocrx_word' id='word_1_886' title='bbox 2200 4217 2329 4273; x_wconf 66' lang='lat' dir='ltr'><strong>Car.</strong></span> <span class='ocrx_word' id='word_1_887' title='bbox 2358 4217 2490 4272; x_wconf 86' lang='lat' dir='ltr'><strong>Clll.</strong></span> <span class='ocrx_word' id='word_1_888' title='bbox 2515 4249 2586 4260; x_wconf 88' lang='lat'><strong>--—</strong></span> <span class='ocrx_word' id='word_1_889' title='bbox 2611 4217 2742 4271; x_wconf 86' lang='lat' dir='ltr'><strong>Erat</strong></span> <span class='ocrx_word' id='word_1_890' title='bbox 2770 4226 3005 4287; x_wconf 79' lang='lat' dir='ltr'><strong>aspectus</strong></span> <span class='ocrx_word' id='word_1_891' title='bbox 3036 4217 3146 4287; x_wconf 80' lang='lat' dir='ltr'><strong>ejus</strong></span> <span class='ocrx_word' id='word_1_892' title='bbox 3176 4219 3307 4269; x_wconf 86' lang='lat' dir='ltr'><strong>sicut</strong></span> <span class='ocrx_word' id='word_1_893' title='bbox 3330 4218 3529 4287; x_wconf 53' lang='lat' dir='ltr'><strong>fulgur,</strong></span> <span class='ocrx_word' id='word_1_894' title='bbox 3557 4224 3609 4266; x_wconf 81' lang='lat' dir='ltr'><strong>et</strong></span> <span class='ocrx_word' id='word_1_895' title='bbox 3642 4217 3789 4267; x_wconf 77' lang='lat' dir='ltr'><strong>resti—</strong></span> 
     </span>
    </p>
   </div>
   <div class='ocr_carea' id='block_1_116' title="bbox 2432 4285 3565 4360">
    <p class='ocr_par' dir='ltr' id='par_1_116' title="bbox 2432 4285 3565 4360">
     <span class='ocr_line' id='line_1_117' title="bbox 2432 4285 3565 4360; baseline -0.004 -18"><span class='ocrx_word' id='word_1_896' title='bbox 2432 4297 2605 4342; x_wconf 84' lang='lat' dir='ltr'><strong>menta</strong></span> <span class='ocrx_word' id='word_1_897' title='bbox 2624 4290 2734 4360; x_wconf 81' lang='lat' dir='ltr'><strong>ejus</strong></span> <span class='ocrx_word' id='word_1_898' title='bbox 2764 4285 2893 4341; x_wconf 74' lang='lat' dir='ltr'><strong>sicut</strong></span> <span class='ocrx_word' id='word_1_899' title='bbox 2916 4290 3007 4341; x_wconf 76' lang='lat' dir='ltr'><strong>nix</strong></span> <span class='ocrx_word' id='word_1_900' title='bbox 3028 4285 3241 4355; x_wconf 76' lang='lat' dir='ltr'><strong>(Matth.</strong></span> <span class='ocrx_word' id='word_1_901' title='bbox 3275 4285 3457 4347; x_wconf 58' lang='grc' dir='ltr'>χχι-ιιι,</span> <span class='ocrx_word' id='word_1_902' title='bbox 3489 4285 3565 4345; x_wconf 79' lang='grc'><strong>5).</strong></span> 
     </span>
    </p>
   </div>
   <div class='ocr_carea' id='block_1_117' title="bbox 2276 4374 3791 4450">
    <p class='ocr_par' dir='ltr' id='par_1_117' title="bbox 2276 4374 3791 4450">
     <span class='ocr_line' id='line_1_118' title="bbox 2276 4374 3791 4450; baseline -0.004 -15"><span class='ocrx_word' id='word_1_903' title='bbox 2276 4380 2495 4450; x_wconf 87' lang='lat' dir='ltr'><strong>(llomil.</strong></span> <span class='ocrx_word' id='word_1_904' title='bbox 2521 4380 2612 4441; x_wconf 76' lang='lat' dir='ltr'><strong>2t,</strong></span> <span class='ocrx_word' id='word_1_905' title='bbox 2643 4380 2696 4434; x_wconf 91' lang='lat' dir='ltr'><strong>in</strong></span> <span class='ocrx_word' id='word_1_906' title='bbox 2724 4378 2948 4450; x_wconf 77' lang='lat' dir='ltr'><strong>Evang.,</strong></span> <span class='ocrx_word' id='word_1_907' title='bbox 2975 4396 3027 4433; x_wconf 89' lang='grc' dir='ltr'>ιι.</span> <span class='ocrx_word' id='word_1_908' title='bbox 3051 4380 3130 4445; x_wconf 85' lang='grc'><strong>⁸5.)</strong></span> <span class='ocrx_word' id='word_1_909' title='bbox 3159 4378 3442 4450; x_wconf 72' lang='lat' dir='ltr'><strong>Matlhtcus</strong></span> <span class='ocrx_word' id='word_1_910' title='bbox 3468 4374 3791 4450; x_wconf 76' lang='lat' dir='ltr'><strong>evangelsta</strong></span> 
     </span>
    </p>
   </div>
   <div class='ocr_carea' id='block_1_118' title="bbox 513 4446 3793 4524">
    <p class='ocr_par' dir='ltr' id='par_1_118' title="bbox 513 4446 3793 4524">
     <span class='ocr_line' id='line_1_119' title="bbox 513 4446 3793 4524; baseline -0.002 -23"><span class='ocrx_word' id='word_1_911' title='bbox 513 4464 573 4502; x_wconf 90' lang='lat' dir='ltr'><strong>se</strong></span> <span class='ocrx_word' id='word_1_912' title='bbox 601 4447 912 4524; x_wconf 78' lang='lat' dir='ltr'><strong>ostenderat</strong></span> <span class='ocrx_word' id='word_1_913' title='bbox 938 4448 1078 4524; x_wconf 73' lang='lat' dir='ltr'><strong>Deus</strong></span> <span class='ocrx_word' id='word_1_914' title='bbox 1107 4449 1291 4524; x_wconf 74' lang='lat' dir='ltr'><strong>homo,</strong></span> <span class='ocrx_word' id='word_1_915' title='bbox 1319 4450 1421 4502; x_wconf 91' lang='lat' dir='ltr'><strong>hoc</strong></span> <span class='ocrx_word' id='word_1_916' title='bbox 1448 4450 1500 4501; x_wconf 93' lang='lat' dir='ltr'><strong>in</strong></span> <span class='ocrx_word' id='word_1_917' title='bbox 1545 4464 1604 4502; x_wconf 85' lang='lat' dir='ltr'><strong>se</strong></span> <span class='ocrx_word' id='word_1_918' title='bbox 1632 4446 1746 4504; x_wconf 84' lang='lat' dir='ltr'><strong>ﬁeri</strong></span> <span class='ocrx_word' id='word_1_919' title='bbox 1777 4446 1932 4517; x_wconf 79' lang='lat' dir='ltr'><strong>posse</strong></span> <span class='ocrx_word' id='word_1_920' title='bbox 1962 4465 2097 4517; x_wconf 75' lang='lat' dir='ltr'><strong>pnn-</strong></span> <span class='ocrx_word' id='word_1_921' title='bbox 2133 4468 2178 4524; x_wconf 75' lang='grc' dir='ltr'>ι)</span> <span class='ocrx_word' id='word_1_922' title='bbox 2203 4446 2452 4524; x_wconf 69' lang='lat' dir='ltr'><strong>angelum</strong></span> <span class='ocrx_word' id='word_1_923' title='bbox 2483 4452 2576 4524; x_wconf 84' lang='lat' dir='ltr'><strong>qui</strong></span> <span class='ocrx_word' id='word_1_924' title='bbox 2620 4449 2935 4524; x_wconf 78' lang='lat' dir='ltr'><strong>mulieribus</strong></span> <span class='ocrx_word' id='word_1_925' title='bbox 2984 4448 3402 4524; x_wconf 86' lang='lat' dir='ltr'><strong>ad_sepulcrum</strong></span> <span class='ocrx_word' id='word_1_926' title='bbox 3455 4446 3793 4524; x_wconf 62' lang='lat' dir='ltr'><strong>venientibus</strong></span> 
     </span>
    </p>
   </div>
   <div class='ocr_carea' id='block_1_119' title="bbox 513 4516 2100 4589">
    <p class='ocr_par' dir='ltr' id='par_1_119' title="bbox 513 4516 2100 4589">
     <span class='ocr_line' id='line_1_120' title="bbox 513 4516 2100 4589; baseline 0.003 -18"><span class='ocrx_word' id='word_1_927' title='bbox 513 4524 751 4589; x_wconf 76' lang='lat' dir='ltr'><strong>sumeret</strong></span> <span class='ocrx_word' id='word_1_928' title='bbox 769 4519 910 4589; x_wconf 84' lang='lat' dir='ltr'><strong>quod</strong></span> <span class='ocrx_word' id='word_1_929' title='bbox 941 4519 994 4572; x_wconf 92' lang='lat' dir='ltr'><strong>in</strong></span> <span class='ocrx_word' id='word_1_930' title='bbox 1026 4518 1155 4589; x_wconf 84' lang='lat' dir='ltr'><strong>ipsis</strong></span> <span class='ocrx_word' id='word_1_931' title='bbox 1184 4516 1381 4573; x_wconf 88' lang='lat' dir='ltr'><strong>laetum</strong></span> <span class='ocrx_word' id='word_1_932' title='bbox 1403 4527 1754 4589; x_wconf 80' lang='lat' dir='ltr'><strong>cognosceret</strong></span> <span class='ocrx_word' id='word_1_933' title='bbox 1779 4516 1916 4588; x_wconf 88' lang='lat' dir='ltr'><strong>quos</strong></span> <span class='ocrx_word' id='word_1_934' title='bbox 1935 4516 2100 4588; x_wconf 87' lang='lat' dir='ltr'><strong>puros</strong></span> 
     </span>
    </p>
   </div>
   <div class='ocr_carea' id='block_1_120' title="bbox 514 4587 1408 4643">
    <p class='ocr_par' dir='ltr' id='par_1_120' title="bbox 514 4587 1408 4643">
     <span class='ocr_line' id='line_1_121' title="bbox 514 4587 1408 4643; baseline -0.002 -2"><span class='ocrx_word' id='word_1_935' title='bbox 514 4588 677 4641; x_wconf 81' lang='lat' dir='ltr'><strong>fuisse</strong></span> <span class='ocrx_word' id='word_1_936' title='bbox 707 4587 955 4643; x_wconf 85' lang='lat' dir='ltr'><strong>homines</strong></span> <span class='ocrx_word' id='word_1_937' title='bbox 981 4604 1088 4642; x_wconf 90' lang='lat' dir='ltr'><strong>non</strong></span> <span class='ocrx_word' id='word_1_938' title='bbox 1118 4588 1408 4642; x_wconf 89' lang='lat' dir='ltr'><strong>dubitaret.</strong></span> 
     </span>
    </p>
   </div>
   <div class='ocr_carea' id='block_1_121' title="bbox 585 4656 2100 4727">
    <p class='ocr_par' dir='ltr' id='par_1_121' title="bbox 585 4656 2100 4727">
     <span class='ocr_line' id='line_1_122' title="bbox 585 4656 2100 4727; baseline 0.001 -16"><span class='ocrx_word' id='word_1_939' title='bbox 585 4656 723 4711; x_wconf 91' lang='lat' dir='ltr'><strong>Sunt</strong></span> <span class='ocrx_word' id='word_1_940' title='bbox 751 4673 880 4711; x_wconf 91' lang='lat' dir='ltr'><strong>vero</strong></span> <span class='ocrx_word' id='word_1_941' title='bbox 910 4659 1151 4713; x_wconf 91' lang='lat' dir='ltr'><strong>nonnulli</strong></span> <span class='ocrx_word' id='word_1_942' title='bbox 1180 4659 1292 4727; x_wconf 91' lang='lat' dir='ltr'><strong>qui,</strong></span> <span class='ocrx_word' id='word_1_943' title='bbox 1324 4657 1728 4712; x_wconf 84' lang='lat' dir='ltr'><strong>considerantes</strong></span> <span class='ocrx_word' id='word_1_944' title='bbox 1755 4658 1900 4725; x_wconf 90' lang='lat' dir='ltr'><strong>quod</strong></span> <span class='ocrx_word' id='word_1_945' title='bbox 1942 4660 2100 4727; x_wconf 78' lang='lat' dir='ltr'><strong>spiri-</strong></span> 
     </span>
    </p>
   </div>
   <div class='ocr_carea' id='block_1_122' title="bbox 513 4727 2100 4798">
    <p class='ocr_par' dir='ltr' id='par_1_122' title="bbox 513 4727 2100 4798">
     <span class='ocr_line' id='line_1_123' title="bbox 513 4727 2100 4798; baseline 0.001 -18"><span class='ocrx_word' id='word_1_946' title='bbox 513 4734 599 4781; x_wconf 82' lang='lat' dir='ltr'><strong>tus</strong></span> <span class='ocrx_word' id='word_1_947' title='bbox 628 4741 657 4779; x_wconf 91' lang='lat' dir='ltr'><strong>a</strong></span> <span class='ocrx_word' id='word_1_948' title='bbox 690 4741 852 4798; x_wconf 86' lang='lat' dir='ltr'><strong>carne</strong></span> <span class='ocrx_word' id='word_1_949' title='bbox 876 4730 1122 4794; x_wconf 90' lang='lat' dir='ltr'><strong>solvitur,</strong></span> <span class='ocrx_word' id='word_1_950' title='bbox 1151 4728 1292 4797; x_wconf 88' lang='lat' dir='ltr'><strong>quod</strong></span> <span class='ocrx_word' id='word_1_951' title='bbox 1317 4742 1444 4798; x_wconf 88' lang='lat' dir='ltr'><strong>caro</strong></span> <span class='ocrx_word' id='word_1_952' title='bbox 1485 4728 1536 4781; x_wconf 91' lang='lat' dir='ltr'><strong>in</strong></span> <span class='ocrx_word' id='word_1_953' title='bbox 1569 4727 1905 4798; x_wconf 87' lang='lat' dir='ltr'><strong>putredinem</strong></span> <span class='ocrx_word' id='word_1_954' title='bbox 1935 4729 2100 4783; x_wconf 62' lang='lat' dir='ltr'><strong>vertio</strong></span> 
     </span>
    </p>
   </div>
   <div class='ocr_carea' id='block_1_123' title="bbox 515 4796 2100 4867">
    <p class='ocr_par' dir='ltr' id='par_1_123' title="bbox 515 4796 2100 4867">
     <span class='ocr_line' id='line_1_124' title="bbox 515 4796 2100 4867; baseline 0.002 -18"><span class='ocrx_word' id='word_1_955' title='bbox 515 4804 642 4867; x_wconf 88' lang='lat' dir='ltr'><strong>tur,</strong></span> <span class='ocrx_word' id='word_1_956' title='bbox 694 4797 838 4864; x_wconf 85' lang='lat' dir='ltr'><strong>quod</strong></span> <span class='ocrx_word' id='word_1_957' title='bbox 884 4799 1111 4867; x_wconf 81' lang='lat' dir='ltr'><strong>putredo</strong></span> <span class='ocrx_word' id='word_1_958' title='bbox 1162 4796 1213 4852; x_wconf 89' lang='lat' dir='ltr'><strong>in</strong></span> <span class='ocrx_word' id='word_1_959' title='bbox 1266 4796 1541 4866; x_wconf 89' lang='lat' dir='ltr'><strong>pulverem</strong></span> <span class='ocrx_word' id='word_1_960' title='bbox 1572 4796 1892 4863; x_wconf 67' lang='lat' dir='ltr'><strong>redigitur,</strong></span> <span class='ocrx_word' id='word_1_961' title='bbox 1955 4799 2100 4866; x_wconf 91' lang='lat' dir='ltr'><strong>qnol</strong></span> 
     </span>
    </p>
   </div>
   <div class='ocr_carea' id='block_1_124' title="bbox 516 4866 2103 4988">
    <p class='ocr_par' dir='ltr' id='par_1_124' title="bbox 516 4866 2103 4988">
     <span class='ocr_line' id='line_1_125' title="bbox 516 4866 2103 4988; baseline 0.002 -70"><span class='ocrx_word' id='word_1_962' title='bbox 516 4866 690 4988; x_wconf 65' lang='lat' dir='ltr'><strong>rUIVIS</strong></span> <span class='ocrx_word' id='word_1_963' title='bbox 723 4867 794 4918; x_wconf 86' lang='lat' dir='ltr'><strong>ita</strong></span> <span class='ocrx_word' id='word_1_964' title='bbox 847 4866 899 4921; x_wconf 90' lang='lat' dir='ltr'><strong>in</strong></span> <span class='ocrx_word' id='word_1_965' title='bbox 953 4869 1216 4921; x_wconf 88' lang='lat' dir='ltr'><strong>elementa</strong></span> <span class='ocrx_word' id='word_1_966' title='bbox 1264 4867 1507 4931; x_wconf 88' lang='lat' dir='ltr'><strong>solvitur,</strong></span> <span class='ocrx_word' id='word_1_967' title='bbox 1556 4876 1617 4921; x_wconf 89' lang='lat' dir='ltr'><strong>ut</strong></span> <span class='ocrx_word' id='word_1_968' title='bbox 1656 4882 1993 4936; x_wconf 87' lang='lat' dir='ltr'><strong>nequaquam</strong></span> <span class='ocrx_word' id='word_1_969' title='bbox 2033 4869 2103 4921; x_wconf 89' lang='lat' dir='ltr'><strong>ab</strong></span> 
     </span>
     <span class='ocr_line' id='line_1_126' title="bbox 537 4935 2103 4988; baseline 0 -2"><span class='ocrx_word' id='word_1_970' title='bbox 537 4935 763 4988; x_wconf 84' lang='lat' dir='ltr'><strong>inmanis</strong></span> <span class='ocrx_word' id='word_1_971' title='bbox 801 4937 971 4988; x_wconf 83' lang='lat' dir='ltr'><strong>oeulis</strong></span> <span class='ocrx_word' id='word_1_972' title='bbox 1001 4940 1262 4988; x_wconf 85' lang='lat' dir='ltr'><strong>videatur.</strong></span> <span class='ocrx_word' id='word_1_973' title='bbox 1301 4938 1745 4988; x_wconf 83' lang='lat' dir='ltr'><strong>resurrectionem</strong></span> <span class='ocrx_word' id='word_1_974' title='bbox 1789 4938 1901 4988; x_wconf 89' lang='lat' dir='ltr'><strong>lieri</strong></span> <span class='ocrx_word' id='word_1_975' title='bbox 1947 4952 2103 4988; x_wconf 86' lang='lat' dir='ltr'><strong>nosse.</strong></span> 
     </span>
    </p>
   </div>
   <div class='ocr_carea' id='block_1_125' title="bbox 537 4935 2104 5005">
    <p class='ocr_par' dir='ltr' id='par_1_125' title="bbox 537 4935 2104 5005">
     <span class='ocr_line' id='line_1_127' title="bbox 537 4935 2104 5005; baseline 0.003 -19"><span class='ocrx_word' id='word_1_976' title='bbox 537 4935 763 4988; x_wconf 84' lang='lat' dir='ltr'><strong>inmanis</strong></span> <span class='ocrx_word' id='word_1_977' title='bbox 801 4937 971 4991; x_wconf 83' lang='lat' dir='ltr'><strong>oeulis</strong></span> <span class='ocrx_word' id='word_1_978' title='bbox 1001 4940 1262 4999; x_wconf 84' lang='lat' dir='ltr'><strong>videatur,</strong></span> <span class='ocrx_word' id='word_1_979' title='bbox 1301 4938 1745 4992; x_wconf 75' lang='lat' dir='ltr'><strong>resurrectionem</strong></span> <span class='ocrx_word' id='word_1_980' title='bbox 1789 4935 1901 4990; x_wconf 28' lang='lat' dir='ltr'><strong>lie’ri</strong></span> <span class='ocrx_word' id='word_1_981' title='bbox 1947 4952 2104 5005; x_wconf 80' lang='lat' dir='ltr'><strong>posse</strong></span> 
     </span>
    </p>
   </div>
   <div class='ocr_carea' id='block_1_126' title="bbox 515 5006 2106 5076">
    <p class='ocr_par' dir='ltr' id='par_1_126' title="bbox 515 5006 2106 5076">
     <span class='ocr_line' id='line_1_128' title="bbox 515 5006 2106 5076; baseline 0.002 -20"><span class='ocrx_word' id='word_1_982' title='bbox 515 5006 838 5074; x_wconf 70' lang='lat' dir='ltr'><strong>desperant:</strong></span> <span class='ocrx_word' id='word_1_983' title='bbox 871 5016 924 5060; x_wconf 89' lang='lat' dir='ltr'><strong>et</strong></span> <span class='ocrx_word' id='word_1_984' title='bbox 950 5008 1073 5059; x_wconf 87' lang='lat' dir='ltr'><strong>dum</strong></span> <span class='ocrx_word' id='word_1_985' title='bbox 1105 5008 1251 5061; x_wconf 88' lang='lat' dir='ltr'><strong>arida</strong></span> <span class='ocrx_word' id='word_1_986' title='bbox 1284 5022 1402 5059; x_wconf 59' lang='lat' dir='ltr'><strong>ossa</strong></span> <span class='ocrx_word' id='word_1_987' title='bbox 1434 5007 1740 5076; x_wconf 87' lang='lat' dir='ltr'><strong>inspiciunt,</strong></span> <span class='ocrx_word' id='word_1_988' title='bbox 1780 5008 1894 5061; x_wconf 68' lang='lat' dir='ltr'><strong>htec</strong></span> <span class='ocrx_word' id='word_1_989' title='bbox 1923 5007 2106 5061; x_wconf 83' lang='lat' dir='ltr'><strong>vestiri</strong></span> 
     </span>
    </p>
   </div>
   <div class='ocr_carea' id='block_1_127' title="bbox 516 5076 2105 5146">
    <p class='ocr_par' dir='ltr' id='par_1_127' title="bbox 516 5076 2105 5146">
     <span class='ocr_line' id='line_1_129' title="bbox 516 5076 2105 5146; baseline 0.001 -20"><span class='ocrx_word' id='word_1_990' title='bbox 516 5076 796 5146; x_wconf 78' lang='lat' dir='ltr'><strong>carnibus,</strong></span> <span class='ocrx_word' id='word_1_991' title='bbox 822 5092 1139 5146; x_wconf 88' lang='lat' dir='ltr'><strong>rursumque</strong></span> <span class='ocrx_word' id='word_1_992' title='bbox 1169 5078 1234 5131; x_wconf 91' lang='lat' dir='ltr'><strong>ad</strong></span> <span class='ocrx_word' id='word_1_993' title='bbox 1267 5078 1428 5129; x_wconf 88' lang='lat' dir='ltr'><strong>vitam</strong></span> <span class='ocrx_word' id='word_1_994' title='bbox 1462 5078 1784 5132; x_wconf 84' lang='lat' dir='ltr'><strong>viridescere</strong></span> <span class='ocrx_word' id='word_1_995' title='bbox 1814 5092 1970 5143; x_wconf 83' lang='lat' dir='ltr'><strong>posse</strong></span> <span class='ocrx_word' id='word_1_996' title='bbox 2001 5077 2105 5130; x_wconf 81' lang='lat' dir='ltr'><strong>dif-</strong></span> 
     </span>
    </p>
   </div>
   <div class='ocr_carea' id='block_1_128' title="bbox 520 5144 2103 5213">
    <p class='ocr_par' dir='ltr' id='par_1_128' title="bbox 520 5144 2103 5213">
     <span class='ocr_line' id='line_1_130' title="bbox 520 5144 2103 5213; baseline 0.004 -20"><span class='ocrx_word' id='word_1_997' title='bbox 520 5144 720 5209; x_wconf 87' lang='lat' dir='ltr'><strong>tidunt;</strong></span> <span class='ocrx_word' id='word_1_998' title='bbox 753 5146 839 5213; x_wconf 83' lang='lat' dir='ltr'><strong>qui</strong></span> <span class='ocrx_word' id='word_1_999' title='bbox 869 5148 910 5199; x_wconf 90' lang='lat' dir='ltr'><strong>si</strong></span> <span class='ocrx_word' id='word_1_1000' title='bbox 940 5144 1354 5200; x_wconf 87' lang='lat' dir='ltr'><strong>resurrectionis</strong></span> <span class='ocrx_word' id='word_1_1001' title='bbox 1384 5146 1416 5196; x_wconf 83' lang='lat' dir='ltr'><strong>ll</strong></span> <span class='ocrx_word' id='word_1_1002' title='bbox 1438 5146 1540 5199; x_wconf 79' lang='lat' dir='ltr'><strong>lem</strong></span> <span class='ocrx_word' id='word_1_1003' title='bbox 1569 5162 1635 5200; x_wconf 79' lang='lat' dir='ltr'><strong>ex</strong></span> <span class='ocrx_word' id='word_1_1004' title='bbox 1660 5148 1965 5201; x_wconf 83' lang='lat' dir='ltr'><strong>obedientia</strong></span> <span class='ocrx_word' id='word_1_1005' title='bbox 1997 5162 2103 5199; x_wconf 90' lang='lat' dir='ltr'><strong>non</strong></span> 
     </span>
    </p>
   </div>
   <div class='ocr_carea' id='block_1_129' title="bbox 515 5216 2104 5277">
    <p class='ocr_par' dir='ltr' id='par_1_129' title="bbox 515 5216 2104 5277">
     <span class='ocr_line' id='line_1_131' title="bbox 515 5216 2104 5277; baseline 0.002 -11"><span class='ocrx_word' id='word_1_1006' title='bbox 515 5222 747 5277; x_wconf 85' lang='lat' dir='ltr'><strong>tenent,</strong></span> <span class='ocrx_word' id='word_1_1007' title='bbox 802 5226 951 5270; x_wconf 84' lang='lat' dir='ltr'><strong>certe</strong></span> <span class='ocrx_word' id='word_1_1008' title='bbox 1006 5218 1143 5271; x_wconf 86' lang='lat' dir='ltr'><strong>hanc</strong></span> <span class='ocrx_word' id='word_1_1009' title='bbox 1189 5227 1375 5270; x_wconf 88' lang='lat' dir='ltr'><strong>tenere</strong></span> <span class='ocrx_word' id='word_1_1010' title='bbox 1425 5230 1492 5269; x_wconf 81' lang='lat' dir='ltr'><strong>ex</strong></span> <span class='ocrx_word' id='word_1_1011' title='bbox 1532 5217 1743 5270; x_wconf 90' lang='lat' dir='ltr'><strong>ratione</strong></span> <span class='ocrx_word' id='word_1_1012' title='bbox 1787 5216 2104 5270; x_wconf 87' lang='lat' dir='ltr'><strong>debuerant.</strong></span> 
     </span>
    </p>
   </div>
   <div class='ocr_carea' id='block_1_130' title="bbox 517 5283 2105 5354">
    <p class='ocr_par' dir='ltr' id='par_1_130' title="bbox 517 5283 2105 5354">
     <span class='ocr_line' id='line_1_132' title="bbox 517 5283 2105 5354; baseline 0.002 -17"><span class='ocrx_word' id='word_1_1013' title='bbox 517 5283 655 5349; x_wconf 86' lang='lat' dir='ltr'><strong>Quid</strong></span> <span class='ocrx_word' id='word_1_1014' title='bbox 685 5286 827 5337; x_wconf 82' lang='lat' dir='ltr'><strong>enim</strong></span> <span class='ocrx_word' id='word_1_1015' title='bbox 857 5287 1099 5354; x_wconf 87' lang='lat' dir='ltr'><strong>quotidie</strong></span> <span class='ocrx_word' id='word_1_1016' title='bbox 1148 5286 1249 5339; x_wconf 83' lang='lat' dir='ltr'><strong>nisi</strong></span> <span class='ocrx_word' id='word_1_1017' title='bbox 1276 5289 1722 5339; x_wconf 86' lang='lat' dir='ltr'><strong>resurrectionem</strong></span> <span class='ocrx_word' id='word_1_1018' title='bbox 1768 5294 2005 5339; x_wconf 86' lang='lat' dir='ltr'><strong>nostram</strong></span> <span class='ocrx_word' id='word_1_1019' title='bbox 2053 5286 2105 5340; x_wconf 90' lang='lat' dir='ltr'><strong>in</strong></span> 
     </span>
    </p>
   </div>
   <div class='ocr_carea' id='block_1_131' title="bbox 519 5354 2104 5423">
    <p class='ocr_par' dir='ltr' id='par_1_131' title="bbox 519 5354 2104 5423">
     <span class='ocr_line' id='line_1_133' title="bbox 519 5354 2104 5423; baseline 0.002 -16"><span class='ocrx_word' id='word_1_1020' title='bbox 519 5356 800 5408; x_wconf 85' lang='lat' dir='ltr'><strong>clementis</strong></span> <span class='ocrx_word' id='word_1_1021' title='bbox 849 5358 960 5408; x_wconf 65' lang='lat' dir='ltr'><strong>suis</strong></span> <span class='ocrx_word' id='word_1_1022' title='bbox 1014 5357 1239 5410; x_wconf 87' lang='lat' dir='ltr'><strong>mundus</strong></span> <span class='ocrx_word' id='word_1_1023' title='bbox 1294 5357 1576 5410; x_wconf 83' lang='lat' dir='ltr'><strong>imitatur?</strong></span> <span class='ocrx_word' id='word_1_1024' title='bbox 1638 5354 1740 5409; x_wconf 84' lang='lat' dir='ltr'><strong>Per</strong></span> <span class='ocrx_word' id='word_1_1025' title='bbox 1793 5356 2104 5423; x_wconf 81' lang='lat' dir='ltr'><strong>quotidiana</strong></span> 
     </span>
    </p>
   </div>
   <div class='ocr_carea' id='block_1_132' title="bbox 519 5424 2109 5496">
    <p class='ocr_par' dir='ltr' id='par_1_132' title="bbox 519 5424 2109 5496">
     <span class='ocr_line' id='line_1_134' title="bbox 519 5424 2109 5496; baseline 0.004 -23"><span class='ocrx_word' id='word_1_1026' title='bbox 519 5424 719 5493; x_wconf 88' lang='lat' dir='ltr'><strong>quippe</strong></span> <span class='ocrx_word' id='word_1_1027' title='bbox 765 5434 1036 5479; x_wconf 86' lang='lat' dir='ltr'><strong>momenta</strong></span> <span class='ocrx_word' id='word_1_1028' title='bbox 1083 5427 1173 5479; x_wconf 70' lang='lat' dir='ltr'><strong>lux</strong></span> <span class='ocrx_word' id='word_1_1029' title='bbox 1202 5427 1317 5494; x_wconf 83' lang='lat' dir='ltr'><strong>ipsa</strong></span> <span class='ocrx_word' id='word_1_1030' title='bbox 1344 5428 1656 5495; x_wconf 87' lang='lat' dir='ltr'><strong>temporalis</strong></span> <span class='ocrx_word' id='word_1_1031' title='bbox 1684 5428 1835 5496; x_wconf 88' lang='lat' dir='ltr'><strong>quasi</strong></span> <span class='ocrx_word' id='word_1_1032' title='bbox 1883 5428 2109 5481; x_wconf 86' lang='lat' dir='ltr'><strong>moritur</strong></span> 
     </span>
    </p>
   </div>
   <div class='ocr_carea' id='block_1_133' title="bbox 520 5496 2107 5565">
    <p class='ocr_par' dir='ltr' id='par_1_133' title="bbox 520 5496 2107 5565">
     <span class='ocr_line' id='line_1_135' title="bbox 520 5496 2107 5565; baseline 0.003 -22"><span class='ocrx_word' id='word_1_1033' title='bbox 520 5496 667 5565; x_wconf 83' lang='lat' dir='ltr'><strong>dum,</strong></span> <span class='ocrx_word' id='word_1_1034' title='bbox 702 5496 1202 5563; x_wconf 83' lang='lat' dir='ltr'><strong>supervenientibus</strong></span> <span class='ocrx_word' id='word_1_1035' title='bbox 1234 5496 1406 5549; x_wconf 90' lang='lat' dir='ltr'><strong>noctis</strong></span> <span class='ocrx_word' id='word_1_1036' title='bbox 1438 5496 1707 5561; x_wconf 87' lang='lat' dir='ltr'><strong>tenebris,</strong></span> <span class='ocrx_word' id='word_1_1037' title='bbox 1754 5511 1816 5550; x_wconf 91' lang='lat' dir='ltr'><strong>ea</strong></span> <span class='ocrx_word' id='word_1_1038' title='bbox 1857 5512 1975 5565; x_wconf 76' lang='lat' dir='ltr'><strong>quur.</strong></span> <span class='ocrx_word' id='word_1_1039' title='bbox 2019 5512 2107 5547; x_wconf 81' lang='lat' dir='ltr'><strong>as-</strong></span> 
     </span>
    </p>
   </div>
   <div class='ocr_carea' id='block_1_134' title="bbox 522 5564 2107 5634">
    <p class='ocr_par' dir='ltr' id='par_1_134' title="bbox 522 5564 2107 5634">
     <span class='ocr_line' id='line_1_136' title="bbox 522 5564 2107 5634; baseline 0.003 -21"><span class='ocrx_word' id='word_1_1040' title='bbox 522 5564 820 5634; x_wconf 66' lang='lat' dir='ltr'><strong>piciebatur</strong></span> <span class='ocrx_word' id='word_1_1041' title='bbox 869 5565 1240 5627; x_wconf 84' lang='lat' dir='ltr'><strong>subtrahitur,</strong></span> <span class='ocrx_word' id='word_1_1042' title='bbox 1288 5574 1344 5618; x_wconf 91' lang='lat' dir='ltr'><strong>et</strong></span> <span class='ocrx_word' id='word_1_1043' title='bbox 1390 5566 1542 5634; x_wconf 87' lang='lat' dir='ltr'><strong>quasi</strong></span> <span class='ocrx_word' id='word_1_1044' title='bbox 1572 5567 1813 5633; x_wconf 89' lang='lat' dir='ltr'><strong>quotidie</strong></span> <span class='ocrx_word' id='word_1_1045' title='bbox 1861 5564 2107 5631; x_wconf 66' lang='lat' dir='ltr'><strong>resurgit,</strong></span> 
     </span>
    </p>
   </div>
   <div class='ocr_carea' id='block_1_135' title="bbox 522 5632 2109 5703">
    <p class='ocr_par' dir='ltr' id='par_1_135' title="bbox 522 5632 2109 5703">
     <span class='ocr_line' id='line_1_137' title="bbox 522 5632 2109 5703; baseline 0.004 -23"><span class='ocrx_word' id='word_1_1046' title='bbox 522 5632 648 5683; x_wconf 87' lang='lat' dir='ltr'><strong>dtttn</strong></span> <span class='ocrx_word' id='word_1_1047' title='bbox 681 5635 785 5703; x_wconf 72' lang='lat' dir='ltr'><strong>lux_</strong></span> <span class='ocrx_word' id='word_1_1048' title='bbox 800 5635 975 5687; x_wconf 74' lang='lat' dir='ltr'><strong>ablata</strong></span> <span class='ocrx_word' id='word_1_1049' title='bbox 1004 5634 1193 5699; x_wconf 86' lang='lat' dir='ltr'><strong>oculis,</strong></span> <span class='ocrx_word' id='word_1_1050' title='bbox 1214 5632 1498 5702; x_wconf 73' lang='lat' dir='ltr'><strong>suppressa</strong></span> <span class='ocrx_word' id='word_1_1051' title='bbox 1529 5632 1719 5688; x_wconf 88' lang='lat' dir='ltr'><strong>iterum</strong></span> <span class='ocrx_word' id='word_1_1052' title='bbox 1749 5647 1925 5697; x_wconf 67' lang='lat' dir='ltr'><strong>nocte,</strong></span> <span class='ocrx_word' id='word_1_1053' title='bbox 1953 5651 2109 5703; x_wconf 85' lang='lat' dir='ltr'><strong>repa-</strong></span> 
     </span>
    </p>
   </div>
   <div class='ocr_carea' id='block_1_136' title="bbox 522 5700 2111 5774">
    <p class='ocr_par' dir='ltr' id='par_1_136' title="bbox 522 5700 2111 5774">
     <span class='ocr_line' id='line_1_138' title="bbox 522 5700 2111 5774; baseline 0.001 -20"><span class='ocrx_word' id='word_1_1054' title='bbox 522 5710 693 5754; x_wconf 72' lang='lat' dir='ltr'><strong>satur.</strong></span> <span class='ocrx_word' id='word_1_1055' title='bbox 757 5700 859 5755; x_wconf 81' lang='lat' dir='ltr'><strong>Per</strong></span> <span class='ocrx_word' id='word_1_1056' title='bbox 909 5713 1184 5757; x_wconf 81' lang='lat' dir='ltr'><strong>momenta.</strong></span> <span class='ocrx_word' id='word_1_1057' title='bbox 1230 5700 1446 5769; x_wconf 72' lang='lat' dir='ltr'><strong>duoque</strong></span> <span class='ocrx_word' id='word_1_1058' title='bbox 1501 5711 1802 5774; x_wconf 64' lang='lat' dir='ltr'><strong>temporum</strong></span> <span class='ocrx_word' id='word_1_1059' title='bbox 1846 5700 2111 5760; x_wconf 79' lang='lat' dir='ltr'><strong>cernimus</strong></span> 
     </span>
    </p>
   </div>
   <div class='ocr_carea' id='block_1_137' title="bbox 2206 4517 3793 4591">
    <p class='ocr_par' dir='ltr' id='par_1_137' title="bbox 2206 4517 3793 4591">
     <span class='ocr_line' id='line_1_139' title="bbox 2206 4517 3793 4591; baseline -0.005 -17"><span class='ocrx_word' id='word_1_1060' title='bbox 2206 4517 2455 4591; x_wconf 83' lang='lat' dir='ltr'><strong>apparuit</strong></span> <span class='ocrx_word' id='word_1_1061' title='bbox 2496 4517 2841 4591; x_wconf 81' lang='lat' dir='ltr'><strong>describens,</strong></span> <span class='ocrx_word' id='word_1_1062' title='bbox 2885 4520 3004 4591; x_wconf 86' lang='lat' dir='ltr'><strong>ait:</strong></span> <span class='ocrx_word' id='word_1_1063' title='bbox 3046 4517 3183 4591; x_wconf 74' lang='lat' dir='ltr'><strong>Erat</strong></span> <span class='ocrx_word' id='word_1_1064' title='bbox 3216 4526 3479 4591; x_wconf 67' lang='lat' dir='ltr'><strong>aspectus</strong></span> <span class='ocrx_word' id='word_1_1065' title='bbox 3509 4517 3623 4585; x_wconf 82' lang='lat' dir='ltr'><strong>ejus</strong></span> <span class='ocrx_word' id='word_1_1066' title='bbox 3665 4517 3793 4591; x_wconf 59' lang='lat' dir='ltr'><strong>sicut</strong></span> 
     </span>
    </p>
   </div>
   <div class='ocr_carea' id='block_1_138' title="bbox 2207 4586 3793 4662">
    <p class='ocr_par' dir='ltr' id='par_1_138' title="bbox 2207 4586 3793 4662">
     <span class='ocr_line' id='line_1_140' title="bbox 2207 4586 3793 4662; baseline -0.004 -19"><span class='ocrx_word' id='word_1_1067' title='bbox 2207 4586 2403 4662; x_wconf 73' lang='lat' dir='ltr'><strong>fulgur,</strong></span> <span class='ocrx_word' id='word_1_1068' title='bbox 2437 4599 2499 4662; x_wconf 85' lang='lat' dir='ltr'><strong>_et</strong></span> <span class='ocrx_word' id='word_1_1069' title='bbox 2523 4590 2821 4662; x_wconf 78' lang='lat' dir='ltr'><strong>vestimenta</strong></span> <span class='ocrx_word' id='word_1_1070' title='bbox 2861 4589 2972 4662; x_wconf 72' lang='lat' dir='ltr'><strong>ejus</strong></span> <span class='ocrx_word' id='word_1_1071' title='bbox 3011 4590 3142 4641; x_wconf 83' lang='lat' dir='ltr'><strong>sicut</strong></span> <span class='ocrx_word' id='word_1_1072' title='bbox 3171 4588 3283 4662; x_wconf 54' lang='lat' dir='ltr'><strong>nia}</strong></span> <span class='ocrx_word' id='word_1_1073' title='bbox 3327 4586 3445 4662; x_wconf 77' lang='lat' dir='ltr'><strong>Iul.</strong></span> <span class='ocrx_word' id='word_1_1074' title='bbox 3469 4587 3622 4652; x_wconf 84' lang='lat' dir='ltr'><strong>lgure</strong></span> <span class='ocrx_word' id='word_1_1075' title='bbox 3652 4586 3793 4637; x_wconf 87' lang='lat' dir='ltr'><strong>enim</strong></span> 
     </span>
    </p>
   </div>
   <div class='ocr_carea' id='block_1_139' title="bbox 2209 4658 3789 4719">
    <p class='ocr_par' dir='ltr' id='par_1_139' title="bbox 2209 4658 3789 4719">
     <span class='ocr_line' id='line_1_141' title="bbox 2209 4658 3789 4719; baseline -0.006 -5"><span class='ocrx_word' id='word_1_1076' title='bbox 2209 4658 2385 4715; x_wconf 79' lang='lat' dir='ltr'><strong>terror</strong></span> <span class='ocrx_word' id='word_1_1077' title='bbox 2412 4659 2621 4712; x_wconf 91' lang='lat' dir='ltr'><strong>timoris</strong></span> <span class='ocrx_word' id='word_1_1078' title='bbox 2646 4668 2747 4719; x_wconf 88' lang='lat' dir='ltr'><strong>est,</strong></span> <span class='ocrx_word' id='word_1_1079' title='bbox 2782 4660 2834 4712; x_wconf 88' lang='lat' dir='ltr'><strong>itt</strong></span> <span class='ocrx_word' id='word_1_1080' title='bbox 2865 4658 2985 4711; x_wconf 90' lang='lat' dir='ltr'><strong>nive</strong></span> <span class='ocrx_word' id='word_1_1081' title='bbox 3014 4667 3193 4711; x_wconf 81' lang='lat' dir='ltr'><strong>autem</strong></span> <span class='ocrx_word' id='word_1_1082' title='bbox 3219 4658 3646 4710; x_wconf 81' lang='lat' dir='ltr'><strong>blanlintentum</strong></span> <span class='ocrx_word' id='word_1_1083' title='bbox 3664 4668 3789 4706; x_wconf 84' lang='lat' dir='ltr'><strong>can-</strong></span> 
     </span>
    </p>
   </div>
   <div class='ocr_carea' id='block_1_140' title="bbox 2208 4724 3795 4796">
    <p class='ocr_par' dir='ltr' id='par_1_140' title="bbox 2208 4724 3795 4796">
     <span class='ocr_line' id='line_1_142' title="bbox 2208 4724 3795 4796; baseline -0.006 -11"><span class='ocrx_word' id='word_1_1084' title='bbox 2208 4730 2376 4785; x_wconf 87' lang='lat' dir='ltr'><strong>doris.</strong></span> <span class='ocrx_word' id='word_1_1085' title='bbox 2409 4729 2545 4794; x_wconf 88' lang='lat' dir='ltr'><strong>Quia</strong></span> <span class='ocrx_word' id='word_1_1086' title='bbox 2576 4744 2705 4782; x_wconf 75' lang='lat' dir='ltr'><strong>veto</strong></span> <span class='ocrx_word' id='word_1_1087' title='bbox 2736 4730 3077 4796; x_wconf 88' lang='lat' dir='ltr'><strong>onmipotens</strong></span> <span class='ocrx_word' id='word_1_1088' title='bbox 3126 4728 3297 4793; x_wconf 86' lang='lat' dir='ltr'><strong>Deus,</strong></span> <span class='ocrx_word' id='word_1_1089' title='bbox 3344 4734 3397 4778; x_wconf 88' lang='lat' dir='ltr'><strong>et</strong></span> <span class='ocrx_word' id='word_1_1090' title='bbox 3430 4724 3689 4778; x_wconf 83' lang='lat' dir='ltr'><strong>terribilis</strong></span> <span class='ocrx_word' id='word_1_1091' title='bbox 3716 4733 3795 4776; x_wconf 80' lang='lat' dir='ltr'><strong>est</strong></span> 
     </span>
    </p>
   </div>
   <div class='ocr_carea' id='block_1_141' title="bbox 2208 4796 3795 4869">
    <p class='ocr_par' dir='ltr' id='par_1_141' title="bbox 2208 4796 3795 4869">
     <span class='ocr_line' id='line_1_143' title="bbox 2208 4796 3795 4869; baseline -0.006 -15"><span class='ocrx_word' id='word_1_1092' title='bbox 2208 4800 2603 4869; x_wconf 78' lang='lat' dir='ltr'><strong>peccatoribus,</strong></span> <span class='ocrx_word' id='word_1_1093' title='bbox 2633 4807 2689 4851; x_wconf 88' lang='lat' dir='ltr'><strong>et</strong></span> <span class='ocrx_word' id='word_1_1094' title='bbox 2718 4798 2942 4851; x_wconf 89' lang='lat' dir='ltr'><strong>blandus</strong></span> <span class='ocrx_word' id='word_1_1095' title='bbox 2965 4797 3142 4863; x_wconf 87' lang='lat' dir='ltr'><strong>justis,</strong></span> <span class='ocrx_word' id='word_1_1096' title='bbox 3172 4807 3318 4869; x_wconf 81' lang='lat' dir='ltr'><strong>recte</strong></span> <span class='ocrx_word' id='word_1_1097' title='bbox 3346 4796 3498 4869; x_wconf 80' lang='lat' dir='ltr'><strong>testis</strong></span> <span class='ocrx_word' id='word_1_1098' title='bbox 3525 4808 3795 4869; x_wconf 77' lang='lat' dir='ltr'><strong>resurrec-</strong></span> 
     </span>
    </p>
   </div>
   <div class='ocr_carea' id='block_1_142' title="bbox 2209 4863 3796 4936">
    <p class='ocr_par' dir='ltr' id='par_1_142' title="bbox 2209 4863 3796 4936">
     <span class='ocr_line' id='line_1_144' title="bbox 2209 4863 3796 4936; baseline -0.004 -13"><span class='ocrx_word' id='word_1_1099' title='bbox 2209 4863 2372 4924; x_wconf 76' lang='lat' dir='ltr'><strong>tionis</strong></span> <span class='ocrx_word' id='word_1_1100' title='bbox 2397 4872 2514 4935; x_wconf 89' lang='lat' dir='ltr'><strong>ejus</strong></span> <span class='ocrx_word' id='word_1_1101' title='bbox 2540 4870 2779 4936; x_wconf 79' lang='lat' dir='ltr'><strong>angelus.</strong></span> <span class='ocrx_word' id='word_1_1102' title='bbox 2810 4876 2863 4921; x_wconf 85' lang='lat' dir='ltr'><strong>et</strong></span> <span class='ocrx_word' id='word_1_1103' title='bbox 2885 4870 2936 4921; x_wconf 87' lang='lat' dir='ltr'><strong>itt</strong></span> <span class='ocrx_word' id='word_1_1104' title='bbox 2969 4870 3177 4934; x_wconf 62' lang='lat' dir='ltr'><strong>fulgure</strong></span> <span class='ocrx_word' id='word_1_1105' title='bbox 3200 4866 3380 4919; x_wconf 90' lang='lat' dir='ltr'><strong>vultus</strong></span> <span class='ocrx_word' id='word_1_1106' title='bbox 3403 4866 3533 4936; x_wconf 85' lang='lat' dir='ltr'><strong>etin</strong></span> <span class='ocrx_word' id='word_1_1107' title='bbox 3564 4863 3796 4917; x_wconf 75' lang='lat' dir='ltr'><strong>candore</strong></span> 
     </span>
    </p>
   </div>
   <div class='ocr_carea' id='block_1_143' title="bbox 2209 4935 3797 5004">
    <p class='ocr_par' dir='ltr' id='par_1_143' title="bbox 2209 4935 3797 5004">
     <span class='ocr_line' id='line_1_145' title="bbox 2209 4935 3797 5004; baseline -0.005 -12"><span class='ocrx_word' id='word_1_1108' title='bbox 2209 4939 2422 4992; x_wconf 78' lang='lat' dir='ltr'><strong>habitus</strong></span> <span class='ocrx_word' id='word_1_1109' title='bbox 2449 4940 2865 4999; x_wconf 78' lang='lat' dir='ltr'><strong>demonstratur,</strong></span> <span class='ocrx_word' id='word_1_1110' title='bbox 2901 4946 2957 4989; x_wconf 81' lang='grc' dir='ltr'><strong>ιιι</strong></span> <span class='ocrx_word' id='word_1_1111' title='bbox 2980 4938 3047 4990; x_wconf 89' lang='lat' dir='ltr'><strong>de</strong></span> <span class='ocrx_word' id='word_1_1112' title='bbox 3070 4938 3179 5004; x_wconf 88' lang='lat' dir='ltr'><strong>ipsa</strong></span> <span class='ocrx_word' id='word_1_1113' title='bbox 3211 4951 3305 4988; x_wconf 86' lang='lat' dir='ltr'><strong>sua</strong></span> <span class='ocrx_word' id='word_1_1114' title='bbox 3334 4935 3517 5003; x_wconf 81' lang='lat' dir='ltr'><strong>specie</strong></span> <span class='ocrx_word' id='word_1_1115' title='bbox 3547 4942 3605 4987; x_wconf 85' lang='lat' dir='ltr'><strong>et</strong></span> <span class='ocrx_word' id='word_1_1116' title='bbox 3632 4941 3797 5004; x_wconf 79' lang='lat' dir='ltr'><strong>terre-</strong></span> 
     </span>
    </p>
   </div>
   <div class='ocr_carea' id='block_1_144' title="bbox 2209 5002 3797 5076">
    <p class='ocr_par' dir='ltr' id='par_1_144' title="bbox 2209 5002 3797 5076">
     <span class='ocr_line' id='line_1_146' title="bbox 2209 5002 3797 5076; baseline -0.006 -13"><span class='ocrx_word' id='word_1_1117' title='bbox 2209 5019 2293 5063; x_wconf 87' lang='lat' dir='ltr'><strong>ret</strong></span> <span class='ocrx_word' id='word_1_1118' title='bbox 2324 5009 2583 5076; x_wconf 83' lang='lat' dir='ltr'><strong>reptobos</strong></span> <span class='ocrx_word' id='word_1_1119' title='bbox 2624 5017 2680 5060; x_wconf 85' lang='lat' dir='ltr'><strong>et</strong></span> <span class='ocrx_word' id='word_1_1120' title='bbox 2719 5011 2979 5062; x_wconf 81' lang='lat' dir='ltr'><strong>mulceret</strong></span> <span class='ocrx_word' id='word_1_1121' title='bbox 3006 5002 3141 5075; x_wconf 78' lang='lat' dir='ltr'><strong>pios.</strong></span> <span class='ocrx_word' id='word_1_1122' title='bbox 3175 5004 3342 5059; x_wconf 85' lang='lat' dir='ltr'><strong>Recte</strong></span> <span class='ocrx_word' id='word_1_1123' title='bbox 3366 5002 3559 5076; x_wconf 74' lang='lat' dir='ltr'><strong>etiam</strong></span> <span class='ocrx_word' id='word_1_1124' title='bbox 3579 5002 3797 5076; x_wconf 70' lang='lat' dir='ltr'><strong>angelus</strong></span> 
     </span>
    </p>
   </div>
   <div class='ocr_carea' id='block_1_145' title="bbox 2210 5073 3797 5151">
    <p class='ocr_par' dir='ltr' id='par_1_145' title="bbox 2210 5073 3797 5151">
     <span class='ocr_line' id='line_1_147' title="bbox 2210 5073 3797 5151; baseline -0.006 -19"><span class='ocrx_word' id='word_1_1125' title='bbox 2210 5073 3063 5151; x_wconf 51' lang='lat' dir='ltr'><strong>niveis&#39;c00pertusvestimentis</strong></span> <span class='ocrx_word' id='word_1_1126' title='bbox 3084 5077 3352 5151; x_wconf 64' lang='lat' dir='ltr'><strong>apparuit,</strong></span> <span class='ocrx_word' id='word_1_1127' title='bbox 3381 5076 3506 5143; x_wconf 90' lang='lat' dir='ltr'><strong>quia</strong></span> <span class='ocrx_word' id='word_1_1128' title='bbox 3540 5073 3797 5151; x_wconf 67' lang='lat' dir='ltr'><strong>festivita~</strong></span> 
     </span>
    </p>
   </div>
   <div class='ocr_carea' id='block_1_146' title="bbox 2210 5144 3799 5214">
    <p class='ocr_par' dir='ltr' id='par_1_146' title="bbox 2210 5144 3799 5214">
     <span class='ocr_line' id='line_1_148' title="bbox 2210 5144 3799 5214; baseline -0.008 -10"><span class='ocrx_word' id='word_1_1129' title='bbox 2210 5149 2280 5204; x_wconf 85' lang='lat' dir='ltr'><strong>tis</strong></span> <span class='ocrx_word' id='word_1_1130' title='bbox 2315 5164 2346 5200; x_wconf 94' lang='lat' dir='ltr'><strong>n</strong></span> <span class='ocrx_word' id='word_1_1131' title='bbox 2374 5155 2512 5200; x_wconf 73' lang='lat' dir='ltr'><strong>sua:</strong></span> <span class='ocrx_word' id='word_1_1132' title='bbox 2562 5145 2753 5214; x_wconf 75' lang='lat' dir='ltr'><strong>gaudia</strong></span> <span class='ocrx_word' id='word_1_1133' title='bbox 2800 5147 3085 5200; x_wconf 91' lang='lat' dir='ltr'><strong>nuntiavit.</strong></span> <span class='ocrx_word' id='word_1_1134' title='bbox 3133 5144 3351 5199; x_wconf 85' lang='lat' dir='ltr'><strong>Candor</strong></span> <span class='ocrx_word' id='word_1_1135' title='bbox 3390 5156 3596 5197; x_wconf 78' lang='lat' dir='ltr'><strong>etenim</strong></span> <span class='ocrx_word' id='word_1_1136' title='bbox 3639 5144 3799 5193; x_wconf 82' lang='lat' dir='ltr'><strong>vestis</strong></span> 
     </span>
    </p>
   </div>
   <div class='ocr_carea' id='block_1_147' title="bbox 2209 5214 3798 5288">
    <p class='ocr_par' dir='ltr' id='par_1_147' title="bbox 2209 5214 3798 5288">
     <span class='ocr_line' id='line_1_149' title="bbox 2209 5214 3798 5288; baseline -0.008 -13"><span class='ocrx_word' id='word_1_1137' title='bbox 2209 5235 2272 5287; x_wconf 88' lang='lat' dir='ltr'><strong>sp</strong></span> <span class='ocrx_word' id='word_1_1138' title='bbox 2295 5218 2552 5273; x_wconf 81' lang='lat' dir='ltr'><strong>emtorem</strong></span> <span class='ocrx_word' id='word_1_1139' title='bbox 2586 5224 2782 5288; x_wconf 59' lang='lat' dir='ltr'><strong>nostra}</strong></span> <span class='ocrx_word' id='word_1_1140' title='bbox 2827 5217 3109 5288; x_wconf 82' lang='lat' dir='ltr'><strong>denuntiat</strong></span> <span class='ocrx_word' id='word_1_1141' title='bbox 3152 5214 3553 5288; x_wconf 80' lang='lat' dir='ltr'><strong>solemnitatis,</strong></span> <span class='ocrx_word' id='word_1_1142' title='bbox 3602 5220 3798 5288; x_wconf 61' lang='lat' dir='ltr'><strong>nostrgc</strong></span> 
     </span>
    </p>
   </div>
   <div class='ocr_carea' id='block_1_148' title="bbox 2210 5281 3798 5358">
    <p class='ocr_par' dir='ltr' id='par_1_148' title="bbox 2210 5281 3798 5358">
     <span class='ocr_line' id='line_1_150' title="bbox 2210 5281 3798 5358; baseline -0.008 -15"><span class='ocrx_word' id='word_1_1143' title='bbox 2210 5281 2451 5343; x_wconf 75' lang='lat' dir='ltr'><strong>dicamus</strong></span> <span class='ocrx_word' id='word_1_1144' title='bbox 2476 5302 2544 5340; x_wconf 87' lang='lat' dir='ltr'><strong>an</strong></span> <span class='ocrx_word' id='word_1_1145' title='bbox 2573 5288 2715 5341; x_wconf 70' lang='lat' dir='ltr'><strong>sum?</strong></span> <span class='ocrx_word' id='word_1_1146' title='bbox 2743 5285 2939 5358; x_wconf 22' lang='lat' dir='ltr'><strong>Scdhut</strong></span> <span class='ocrx_word' id='word_1_1147' title='bbox 2968 5288 3243 5358; x_wconf 52' lang='lat' dir='ltr'><strong>fateamur:</strong></span> <span class='ocrx_word' id='word_1_1148' title='bbox 3257 5285 3456 5358; x_wconf 63' lang='lat' dir='ltr'><strong>V&#39;_rills,</strong></span> <span class='ocrx_word' id='word_1_1149' title='bbox 3496 5291 3559 5358; x_wconf 73' lang='lat' dir='ltr'><strong>et</strong></span> <span class='ocrx_word' id='word_1_1150' title='bbox 3579 5296 3692 5335; x_wconf 69' lang='lat' dir='ltr'><strong>Sum</strong></span> <span class='ocrx_word' id='word_1_1151' title='bbox 3721 5281 3798 5358; x_wconf 59' lang='lat' dir='ltr'><strong>di:</strong></span> 
     </span>
    </p>
   </div>
   <div class='ocr_carea' id='block_1_149' title="bbox 2208 5353 3800 5429">
    <p class='ocr_par' dir='ltr' id='par_1_149' title="bbox 2208 5353 3800 5429">
     <span class='ocr_line' id='line_1_151' title="bbox 2208 5353 3800 5429; baseline -0.008 -15"><span class='ocrx_word' id='word_1_1152' title='bbox 2208 5374 2393 5414; x_wconf 89' lang='lat' dir='ltr'><strong>camus</strong></span> <span class='ocrx_word' id='word_1_1153' title='bbox 2429 5367 2493 5429; x_wconf 75' lang='lat' dir='ltr'><strong>et</strong></span> <span class='ocrx_word' id='word_1_1154' title='bbox 2528 5366 2725 5410; x_wconf 74' lang='lat' dir='ltr'><strong>nostnc</strong></span> <span class='ocrx_word' id='word_1_1155' title='bbox 2770 5373 2783 5409; x_wconf 93' lang='lat'><strong>:</strong></span> <span class='ocrx_word' id='word_1_1156' title='bbox 2829 5356 2915 5429; x_wconf 79' lang='lat' dir='ltr'><strong>illa</strong></span> <span class='ocrx_word' id='word_1_1157' title='bbox 2962 5353 3593 5429; x_wconf 67' lang='lat' dir='ltr'><strong>quippe_Redettiptoris</strong></span> <span class='ocrx_word' id='word_1_1158' title='bbox 3631 5353 3800 5429; x_wconf 75' lang='lat' dir='ltr'><strong>nostri</strong></span> 
     </span>
    </p>
   </div>
   <div class='ocr_carea' id='block_1_150' title="bbox 2210 5423 3802 5498">
    <p class='ocr_par' dir='ltr' id='par_1_150' title="bbox 2210 5423 3802 5498">
     <span class='ocr_line' id='line_1_152' title="bbox 2210 5423 3802 5498; baseline -0.007 -16"><span class='ocrx_word' id='word_1_1159' title='bbox 2210 5426 2557 5498; x_wconf 73' lang='lat' dir='ltr'><strong>resurrectio,</strong></span> <span class='ocrx_word' id='word_1_1160' title='bbox 2585 5437 2640 5480; x_wconf 89' lang='lat' dir='ltr'><strong>et</strong></span> <span class='ocrx_word' id='word_1_1161' title='bbox 2670 5436 2853 5498; x_wconf 81' lang='lat' dir='ltr'><strong>nostra</strong></span> <span class='ocrx_word' id='word_1_1162' title='bbox 2883 5423 3140 5498; x_wconf 74' lang='lat' dir='ltr'><strong>festivitas</strong></span> <span class='ocrx_word' id='word_1_1163' title='bbox 3170 5423 3461 5498; x_wconf 39' lang='lat' dir='ltr'><strong>fuit,‘qu_ia_</strong></span> <span class='ocrx_word' id='word_1_1164' title='bbox 3484 5438 3587 5475; x_wconf 88' lang='lat' dir='ltr'><strong>nos</strong></span> <span class='ocrx_word' id='word_1_1165' title='bbox 3607 5424 3674 5473; x_wconf 78' lang='lat' dir='ltr'><strong>ad</strong></span> <span class='ocrx_word' id='word_1_1166' title='bbox 3701 5423 3802 5498; x_wconf 64' lang='lat' dir='ltr'><strong>int-</strong></span> 
     </span>
    </p>
   </div>
   <div class='ocr_carea' id='block_1_151' title="bbox 2213 5491 3802 5563">
    <p class='ocr_par' dir='ltr' id='par_1_151' title="bbox 2213 5491 3802 5563">
     <span class='ocr_line' id='line_1_153' title="bbox 2213 5491 3802 5563; baseline -0.008 -12"><span class='ocrx_word' id='word_1_1167' title='bbox 2213 5491 2592 5551; x_wconf 84' lang='lat' dir='ltr'><strong>utortalitatetn</strong></span> <span class='ocrx_word' id='word_1_1168' title='bbox 2620 5497 2852 5561; x_wconf 81' lang='lat' dir='ltr'><strong>reduxit,</strong></span> <span class='ocrx_word' id='word_1_1169' title='bbox 2875 5504 2931 5549; x_wconf 90' lang='lat' dir='ltr'><strong>et</strong></span> <span class='ocrx_word' id='word_1_1170' title='bbox 2951 5496 3262 5563; x_wconf 77' lang='lat' dir='ltr'><strong>angelorum</strong></span> <span class='ocrx_word' id='word_1_1171' title='bbox 3290 5492 3555 5547; x_wconf 56' lang='lat' dir='ltr'><strong>festivitas</strong></span> <span class='ocrx_word' id='word_1_1172' title='bbox 3574 5491 3802 5550; x_wconf 64' lang='lat' dir='ltr'><strong>esstitit,</strong></span> 
     </span>
    </p>
   </div>
   <div class='ocr_carea' id='block_1_152' title="bbox 2211 5564 3804 5636">
    <p class='ocr_par' dir='ltr' id='par_1_152' title="bbox 2211 5564 3804 5636">
     <span class='ocr_line' id='line_1_154' title="bbox 2211 5564 3804 5636; baseline -0.003 -21"><span class='ocrx_word' id='word_1_1173' title='bbox 2211 5566 2337 5634; x_wconf 81' lang='lat' dir='ltr'><strong>quia</strong></span> <span class='ocrx_word' id='word_1_1174' title='bbox 2388 5580 2489 5619; x_wconf 89' lang='lat' dir='ltr'><strong>nos</strong></span> <span class='ocrx_word' id='word_1_1175' title='bbox 2513 5566 2826 5636; x_wconf 78' lang='lat' dir='ltr'><strong>revocando</strong></span> <span class='ocrx_word' id='word_1_1176' title='bbox 2869 5566 2937 5618; x_wconf 89' lang='lat' dir='ltr'><strong>ad</strong></span> <span class='ocrx_word' id='word_1_1177' title='bbox 2974 5564 3248 5636; x_wconf 74' lang='lat' dir='ltr'><strong>cmlestia,</strong></span> <span class='ocrx_word' id='word_1_1178' title='bbox 3280 5579 3469 5636; x_wconf 78' lang='lat' dir='ltr'><strong>eorum</strong></span> <span class='ocrx_word' id='word_1_1179' title='bbox 3519 5574 3804 5636; x_wconf 65' lang='lat' dir='ltr'><strong>numerum</strong></span> 
     </span>
    </p>
   </div>
   <div class='ocr_carea' id='block_1_153' title="bbox 2215 5631 3804 5704">
    <p class='ocr_par' dir='ltr' id='par_1_153' title="bbox 2215 5631 3804 5704">
     <span class='ocr_line' id='line_1_155' title="bbox 2215 5631 3804 5704; baseline -0.005 -15"><span class='ocrx_word' id='word_1_1180' title='bbox 2215 5631 2476 5704; x_wconf 82' lang='lat' dir='ltr'><strong>implevit.</strong></span> <span class='ocrx_word' id='word_1_1181' title='bbox 2510 5635 2563 5687; x_wconf 90' lang='lat' dir='ltr'><strong>In</strong></span> <span class='ocrx_word' id='word_1_1182' title='bbox 2594 5650 2687 5688; x_wconf 88' lang='lat' dir='ltr'><strong>sua</strong></span> <span class='ocrx_word' id='word_1_1183' title='bbox 2712 5650 2843 5704; x_wconf 76' lang='lat' dir='ltr'><strong>ergo</strong></span> <span class='ocrx_word' id='word_1_1184' title='bbox 2871 5650 2937 5689; x_wconf 93' lang='lat' dir='ltr'><strong>ac</strong></span> <span class='ocrx_word' id='word_1_1185' title='bbox 2968 5642 3151 5688; x_wconf 88' lang='lat' dir='ltr'><strong>nostra</strong></span> <span class='ocrx_word' id='word_1_1186' title='bbox 3178 5634 3471 5689; x_wconf 83' lang='lat' dir='ltr'><strong>lestivitate</strong></span> <span class='ocrx_word' id='word_1_1187' title='bbox 3500 5631 3726 5696; x_wconf 79' lang='lat' dir='ltr'><strong>angelus</strong></span> <span class='ocrx_word' id='word_1_1188' title='bbox 3753 5631 3804 5681; x_wconf 82' lang='lat' dir='ltr'><strong>in</strong></span> 
     </span>
    </p>
   </div>
   <div class='ocr_carea' id='block_1_154' title="bbox 2216 5703 3799 5775">
    <p class='ocr_par' dir='ltr' id='par_1_154' title="bbox 2216 5703 3799 5775">
     <span class='ocr_line' id='line_1_156' title="bbox 2216 5703 3799 5775; baseline -0.006 -15"><span class='ocrx_word' id='word_1_1189' title='bbox 2216 5703 2384 5762; x_wconf 81' lang='lat' dir='ltr'><strong>niveis</strong></span> <span class='ocrx_word' id='word_1_1190' title='bbox 2407 5706 2641 5761; x_wconf 85' lang='lat' dir='ltr'><strong>vestibus</strong></span> <span class='ocrx_word' id='word_1_1191' title='bbox 2670 5703 2936 5775; x_wconf 83' lang='lat' dir='ltr'><strong>apparuit,</strong></span> <span class='ocrx_word' id='word_1_1192' title='bbox 2967 5703 3093 5772; x_wconf 85' lang='lat' dir='ltr'><strong>quia</strong></span> <span class='ocrx_word' id='word_1_1193' title='bbox 3120 5704 3251 5758; x_wconf 86' lang='lat' dir='ltr'><strong>dum</strong></span> <span class='ocrx_word' id='word_1_1194' title='bbox 3279 5718 3376 5758; x_wconf 90' lang='lat' dir='ltr'><strong>nos</strong></span> <span class='ocrx_word' id='word_1_1195' title='bbox 3405 5717 3501 5773; x_wconf 86' lang='lat' dir='ltr'><strong>per</strong></span> <span class='ocrx_word' id='word_1_1196' title='bbox 3528 5710 3799 5755; x_wconf 79' lang='lat' dir='ltr'><strong>resurrec-</strong></span> 
     </span>
    </p>
   </div>
  </div>
