4028 6332
199 318 323 374 mn

195 445 434 490 curarum
466 428 798 483 saecularium
831 422 1331 498 t_untultus_premi_t_.
1381 420 1488 475 Sed
1523 419 1759 498 prudett-
1789 421 1837 478 Α

195 487 272 558 ter
292 513 630 570 sycomorum
664 495 1003 570 ascendimus
1021 532 1037 556 ,
1066 487 1361 570 si'provide
1383 505 1502 544 eam
1527 487 1665 570 qua:
1681 487 1763 570 di:

192 554 382 624 vinitits
407 567 712 636 prtecipitur
735 554 1032 636 stultitiam
1059 554 1240 614 me'nte
1277 554 1572 636 teneamus:
1624 554 1763 624 Quid

194 641 328 694 enim
358 630 421 690 in'
438 639 540 690 hoc
573 630 784 690 'mundo
819 632 1033 687 stultius
1061 645 1220 700 quam
1250 630 1445 700 amissa
1480 643 1584 683 non
1617 641 1764 696 qua:-

192 723 332 767 rere.
362 719 610 774 possessa
640 702 979 774 rapientibus
1009 698 1256 774 relaxare
1276 740 1290 764 ,
1323 698 1520 774 nullam
1545 711 1760 774 preac-

191 767 632 847 tzeplis-injruriatu
648 767 900 847 _reddere
919 811 932 833 ,
967 769 1074 824 imo
1113 768 1380 835 adjunctis
1409 767 1529 821 aliis
1560 767 1765 847 patien-

193 835 312 900 tia'tu
341 835 614 914 praebere?
637 842 795 914 Quasi
816 841 1327 914 enimsycomqrum
1349 852 1448 914 nos
1470 835 1764 890 ascendere

191 906 443 970 Dominus
473 906 755 986 prmcepit,
787 925 910 964 cum
1109 925 1146 986 Ξ-
1160 906 1278 986 Qui
1308 907 1479 975 aufert
1496 913 1764 986 squama

187 993 324 1048 sunt,
356 1000 426 1036 ne
441 974 814 1051 repetaleuc.
847 993 929 1043 vt,
960 977 1072 1051 50).
1109 976 1172 1030 Et
1203 974 1414 1051 rursum
1424 993 1454 1051 ,ξ
1489 974 1688 1051 Siquis
1717 981 1766 1025 te

188 1044 572 1122 percusserit'ia
585 1044 852 1122 deiter-am
868 1047 1162 1112 maxillam,
1184 1045 1354 1122 praebe
1375 1044 1454 1097 illi
1478 1046 1765 1122 claua-ram

188 1112 400 1191 lﬂatth.
435 1136 482 1185 ν,
511 1118 624 1191 59).
667 1118 1150 1191 Per_sycomorum
1187 1112 1764 1191 transiensdDominus

184 1181 439 1254 cernitur,
471 1181 611 1258 quia
661 1204 758 1256 per
786 1181 925 1258 hanc
964 1186 1260 1253 sapientem
1308 1182 1637 1258 stultitiatn,_
1661 1181 1762 1258 etsi

186 1251 601 1313 necdum'ut'est
626 1251 815 1314 solide.
834 1257 942 1322 jam
972 1251 1152 1306 tamen
1176 1266 1273 1322 per
1293 1251 1764 1322 contemplationis

182 1329 362 1382 lumen
391 1329 542 1396 quasi
573 1330 623 1378 in
657 1319 882 1396 transitu
901 1324 1003 1396 Dei
1032 1320 1295 1396 sapientia
1316 1319 1542 1396 videtur.
1591 1319 1761 1396 Quam

180 1397 368 1451 videre
395 1388 662 1464 nequeunt
690 1398 778 1462 qui
815 1394 913 1447 sibi
944 1388 1213 1464 sapientes
1245 1389 1513 1464 videnlur,
1546 1391 1668 1455 quia
1695 1388 1762 1441 ad

179 1458 624 1536 conspiciendum
655 1458 1020 1536 Dutuinttttt__iti
1048 1459 1189 1513 elata
1214 1458 1602 1536 cogitationum
1638 1474 1763 1509 sua-

179 1551 298 1588 rum
317 1527 486 1588 'turba
515 1533 858 1602 deprehensi,
885 1531 1060 1584 adhuc
1087 1527 1357 1597 sycomori
1381 1527 1628 1579 arborem
1652 1542 1759 1580 non

180 1604 521 1658 invenerunt.

175 1690 309 1746 CAP.
341 1690 615 1745 LXXVIII.
636 1690 869 1743 -—Di.rit
892 1688 1143 1743 lac/tatus
1173 1687 1242 1740 ad
1272 1685 1548 1738 Dominum
1580 1701 1596 1737 :
1631 1683 1762 1737 Ecce

245 1761 786 1842 dimitiiumlioqorum
809 1775 1062 1842 mem-um,
1083 1756 1408 1842 Domitiana
1430 1753 1758 1842 pauperibus;
1796 1778 1840 1836 Β

245 1839 318 1960 ῗὶ
346 1830 542 1900 siquid
571 1829 802 1966 gliquem
841 1829 1168 1898 defraudavi,
1217 1826 1374 1880 reddo
1416 1822 1762 1893 Quadruplum

321 1916 402 1953 uc.
429 1915 539 1964 χιχ,
633 1938 646 1951 .

245 1988 470 2060 (Homil.
507 1985 566 2051 5,
591 1987 642 2040 itt
672 1986 906 2060 Evang.,
940 1985 1080 2060 mi,
1108 1993 1162 2039 et
1194 1982 1380 2060 Itotnil.
1411 1981 1512 2048 25,
1546 1998 1601 2035 η.
1647 1981 1761 2051 10.)

176 2054 620 2112 ιἘἐιίιιιθιίοιιθιη
663 2054 957 2124 ρι’ρῑὶίιιοη
989 2056 1176 2124 habet,
1205 2054 1299 2108 sed
1327 2062 1761 2124 tam_en_rrgnunt

176 2129 272 2181 De‘i
322 2134 528 2180 tantum
578 2121 720 2178 valet
764 2134 1022 2191 quantum
1055 2123 1252 2187 habes;
1305 2122 1471 2174 valuit
1513 2121 1670 2174 I’etro
1708 2127 1763 2173 et

176 2196 442 2259 Andrem,
471 2195 703 2249 dimissis
727 2193 938 2248 retibus
970 2203 1026 2246 et
1055 2193 1206 2255 navi;
1236 2192 1406 2245 valuit
1431 2191 1601 2244 vidua:
1626 2191 1762 2243 duo-

172 2267 277 2319 bus
311 2264 548 2327 minutis,
587 2265 753 2317 valuit
782 2263 934 2316 alteri
965 2262 1131 2316 calice
1163 2276 1318 2329 aqua:
1340 2261 1563 2326 lrigidae,
1595 2260 1763 2329 valuit

172 2339 342 2389 etiam
384 2334 609 2388 Zachaco
658 2333 880 2387 dimidio
919 2328 1264 2393 substatt'iaé,
1314 2332 1438 2398 quia
1485 2328 1760 2382 dimidium

173 2406 324 2458 aliud
363 2404 430 2456 ad
461 2405 566 2458 hoc
605 2405 748 2472 quod
778 2401 974 2472 injuste
1014 2398 1758 2472 abstulit_restituendum_in

168 2473 535 2543 quadruplum
554 2467 866 2543 reservavit.
886 2470 1163 2524 Exteriora
1181 2469 1320 2523 enim
1333 2477 1514 2522 nostra
1533 2467 1761 2543 Domitio

172 2536 480 2612 quamlibet
510 2557 672 2607 parva
699 2540 1005 2600 sulliciunt;
1041 2553 1136 2612 cor
1165 2553 1393 2603 namque
1425 2548 1480 2612 et
1503 2551 1608 2612 no-n
1633 2536 1760 2589 sub-

169 2605 433 2666 stantiam
475 2605 685 2677 pensat,
719 2626 817 2663 nec
847 2608 1129 2678 perpendit
1157 2615 1415 2678 quantum
1449 2605 1500 2678 in
1531 2605 1760 2678 ejushsa-

169 2682 389 2735 criﬁcio
410 2673 502 2733 sed
525 2695 590 2733 ex
614 2673 815 2747 quanto
840 2673 1164 2746 proferatur.
1189 2676 1427 2747 Regnum
1449 2674 1627 2747 itaque
1645 2673 1758 2735 Dei,

170 2760 231 2804 ut
260 2751 522 2812 diximus,
569 2743 773 2802 tantum
821 2743 964 2801 valet
1009 2758 1265 2815 quantum
1296 2745 1479 2797 habes.
1523 2743 1762 2815 Pensth

170 2821 362 2886 igotur.
397 2820 610 2882 l'aatres,
643 2818 768 2880 quid
799 2817 955 2871 vilius
997 2813 1118 2869 cum
1147 2815 1377 2886 emitur,
1402 2813 1537 2886 quid
1586 2813 1761 2886 carius

167 2881 298 2942 c'uut
339 2881 682 2955 possidetur?
730 2886 993 2940 Prmterea
1039 2886 1084 2940 si
1125 2884 1244 2955 quis
1269 2881 1506 2955 avaritia:
1544 2881 1764 2955 :cstibtts

162 2950 446 3011 anhelans
468 2957 641 3009 aliena
668 2955 904 3024 diripuit,
931 2950 1158 3024 aspiciat
1187 2951 1650 3024 hunczachmum,
1669 2950 1761 3018 qui

163 3030 211 3080 si
245 3028 382 3094 quid
406 3027 559 3079 alicui
591 3021 807 3077 abstulit
833 3021 1192 3092 quadruplum
1217 3021 1463 3075 reddidit.

241 3116 382 3171 CAP.
420 3114 646 3168 LXXIX.
692 3148 758 3157 —-—
790 3115 1145 3252 Negotiaiigqii
1185 3114 1302 3164 dum
1351 3113 1496 3165 vei-tio
1540 3111 1689 3182 (Luc.

865 3201 972 3249 χιχ,
1106 3223 1119 3236 .

865 3201 972 3249 χιχ,
1010 3201 1119 3249 ιο).

1796 3135 1842 3195 C

244 3276 479 3340 (IIomiI.
514 3277 600 3339 I7,
626 3277 676 3328 in
709 3275 942 3344 Evang.,
969 3291 1021 3327 n.
1061 3274 1142 3337 l6,
1176 3273 1263 3335 l7,
1291 3274 1404 3342 I8.)
1435 3275 1641 3329 Debent
1663 3276 1772 3331 sol-

162 3349 324 3404 licite
350 3347 660 3400 sacerdote;
705 3361 932 3412 pensare
974 3345 1116 3412 quod
1159 3345 1364 3397 lucrum
1396 3344 1507 3398 Deo
1538 3344 1766 3408 faciunt,

158 3420 523 3484 quiaccepto
571 3417 770 3469 ta'euto
819 3416 886 3468 ab
925 3431 990 3468 eo
1021 3414 1399 3484 aduegotium
1450 3414 1768 3484 lllisSiSDnl.

163 3481 396 3542 Etenim
429 3481 542 3553 ipse
573 3484 828 3538 Dominus
855 3484 986 3537 dicit
1015 3501 1028 3535 :
1065 3481 1570 3553 Negotiaminiqdum
1597 3487 1765 3537 venio.

158 3556 314 3611 Ect-e
343 3551 458 3622 jam
483 3553 647 3616 venit,
679 3568 806 3607 ecce
841 3553 909 3607 de
958 3551 1164 3606 nostro
1186 3552 1403 3622 negotio
1433 3551 1639 3604 lucrum
1679 3567 1768 3606 re-

156 3621 366 3696 quirit.
395 3623 563 3688 Quale
589 3623 954 3696 eianitnqarum
989 3622 1193 3696 lucrum
1219 3621 1287 3673 de
1316 3627 1497 3696 nostra
1529 3622 1771 3696 negotia-

157 3690 327 3749 tione
361 3691 814 3746 monstrabimus?
837 3690 982 3756 Quot
1026 3691 1143 3755 ejus
1182 3690 1494 3758 conspectui
1525 3691 1770 3758 manipu-

156 3766 250 3819 los
283 3763 592 3816 animarum
616 3761 682 3814 de
713 3761 1106 3827 przedicationis
1134 3768 1330 3813 nostrae
1360 3771 1544 3824 segete
1569 3759 1767 3813 illaturi

153 3833 399 3888 sumus?
442 3830 708 3883 Pouamus
744 3839 871 3884 ante
912 3830 1100 3883 oculos
1145 3837 1359 3882 nostros
1405 3828 1552 3880 illutn
1606 3836 1768 3881 tanta:

153 3899 532 3958 districtionis
553 3899 713 3962 diem,
737 3915 846 3966 quo
867 3898 1030 3965 judex
1058 3899 1254 3960 veniet,
1279 3897 1630 3966 etAratiouem
1644 3913 1766 3951 cunt

153 3972 354 4029 servis
380 3969 575 4036 quibus
604 3964 802 4020 talenta
833 3964 1064 4021 credidit
1110 3975 1295 4035 ponet.
1330 3964 1468 4036 Ecce
1487 3965 1539 4018 in
1571 3969 1767 4036 majes-

153 4052 279 4094 tate
311 4034 563 4099 tet-rtbtli,
591 4038 731 4089 inter
760 4037 1071 4102 angelorum
1095 4034 1149 4089 et
1169 4034 1610 4102 archangelorum
1636 4035 1767 4088 chu-

149 4126 257 4165 rus
339 4108 644 4169 videbitur,
702 4108 756 4158 in
829 4106 918 4158 illo
971 4112 1122 4158 tanto
1179 4107 1425 4158 examine
1471 4104 1765 4157 electorum

148 4179 418 4235 omnium
432 4183 486 4230 et
509 4176 856 4244 reprohorutn
882 4173 1167 4228 multitudo
1187 4173 1498 4244 deducetur,
1530 4181 1584 4225 et
1605 4187 1767 4226 unus-

144 4251 412 4317 quisque
439 4242 672 4317 quidsit
687 4253 940 4313 operatns
974 4244 1306 4317 ostendetur.
1345 4242 1420 4317 Ibi
1444 4255 1634 4317 omnes
1663 4244 1764 4296 do-

144 4311 361 4371 titiniéi
393 4311 569 4381 gregis
598 4311 794 4367 arietes
841 4329 963 4367 cum
1003 4313 1300 4365 animarum
1345 4311 1506 4381 lucris
1535 4325 1764 4380 appare-

139 4388 325 4444 bunt,
363 4385 454 4452 qui
482 4385 682 4437 sanctis
727 4383 838 4437 suis
874 4381 1341 4452 pnedicationibus
1386 4380 1498 4434 Deo
1552 4390 1674 4448 post
1708 4397 1768 4435 se

139 4451 412 4538 subite"
441 4466 655 4538 eam
683 4453 918 4538 trahem-
941 4451 1255 4538 9291‘53593
1282 4456 1765 4538 {etesiarum
1802 4483 1848 4538 υ

143 4524 432 4593 gregibus
452 4518 576 4574 suis
622 4530 749 4593 ante
787 4521 971 4593 aeterni
1007 4519 1240 4593 Pastoris
1277 4518 1465 4593 oculos
1481 4521 1759 4593 venerint,

139 4587 296 4664 quid
335 4607 438 4647 nos
467 4593 644 4644 miseri
677 4591 872 4664 dicturi
898 4606 1099 4664 sumus,
1119 4589 1209 4657 qui
1237 4587 1302 4640 ad
1343 4589 1624 4664 Dominum
1663 4607 1761 4642 no-

139 4659 352 4718 strum
384 4669 503 4727 post
531 4660 1265 4728 negotium,vacuiredimus,
1283 4659 1373 4728 qui
1406 4661 1635 4724 pastoris
1665 4676 1763 4710 no-

140 4747 296 4786 mett
335 4727 643 4794 habuimus,
673 4739 726 4783 et
749 4744 876 4783 oves
903 4742 1036 4796 quas
1091 4742 1157 4781 ex
1202 4727 1532 4796 nutrimento
1579 4738 1766 4782 nostro

136 4803 478 4855 debeamus
501 4799 782 4852 ostendere
811 4794 937 4851 non'
958 4796 1252 4851 habemus?
1278 4794 1376 4850 llic
1395 4806 1640 4865 pastores
1668 4813 1764 4850 vo-

137 4871 270 4927 cati
311 4883 531 4928 sumus,
563 4876 618 4920 et
645 4867 715 4920 ibi
746 4880 960 4935 gregem
993 4881 1096 4920 non
1141 4863 1409 4936 ducimus.
1431 4863 1499 4918 Et
1527 4880 1622 4936 per
1670 4882 1767 4919 nos

139 4939 405 5008 quidem
432 4935 709 5008 fidelesqad
747 4945 992 4990 sanctum
1012 4935 1282 5008 baptisma
1302 4935 1542 5008 venunt,
1573 4937 1770 4988 nostris

135 5004 438 5077 precibus
470 5005 876 5077 benedicuntur,
903 5014 957 5077 et
976 5021 1073 5077 per
1098 5004 1490 5072 ttupositionem
1519 5020 1771 5077 manuum

137 5073 494 5131 hostiarum
542 5090 572 5126 a
636 5074 862 5127 Domino
895 5074 1151 5142 Spiritum
1208 5081 1450 5126 sanctum
1507 5073 1779 5142 accipiunt

135 5157 348 5214 atque
393 5143 488 5211 ipsi
539 5144 602 5196 ad
635 5157 854 5212 regnum
894 5143 1151 5214 caelorum
1199 5143 1528 5210 pertingant,
1572 5151 1627 5197 et
1653 5157 1782 5214 ecce

137 5211 269 5268 nos
309 5211 576 5282 deorsum
596 5211 1086 5282 peritegligeutiam
1116 5214 1660 5282 nostiamtendituus.
1693 5211 1783 5265 In-

131 5282 505 5352 grediuntur
533 5281 708 5352 electi,
762 5281 1124 5352 sacerdotum
1157 5281 1398 5352 manibus
1417 5281 1639 5352 expiati,
1670 5296 1782 5336 coe-

134 5348 384 5408 lestem
414 5351 664 5417 patriam,
695 5359 748 5406 et
775 5351 1084 5405 sacerdotes
1113 5348 1211 5418 ipsi
1243 5363 1349 5418 per
1378 5349 1544 5400 vitam
1574 5363 1766 5418 repro-

129 5425 294 5476 bam
329 5418 403 5470 ad
435 5417 629 5471 inferni
666 5420 926 5488 supplicia
955 5419 1228 5488 festinant.
1246 5417 1359 5488 Cui
1385 5431 1513 5483 ergo
1553 5417 1649 5488 rei,
1682 5418 1770 5488 cui

126 5490 394 5546 similes
421 5488 646 5541 dixerim
673 5486 989 5543 sacerdmcs
1020 5487 1210 5550 malos,
1260 5486 1362 5538 nisi
1388 5500 1539 5552 aqua:
1565 5486 1768 5552 baptis~

125 5558 342 5613 matis
398 5571 514 5624 qua:
563 5567 782 5624 peccata
835 5556 1224 5626 baptizatorum
1271 5555 1498 5626 uiluens,
1549 5554 1668 5626 illos
1707 5553 1775 5626 ad

123 5622 656 5688 (mleste'regnum
704 5622 970 5689 mittitfet
1008 5627 1120 5692 ipsa
1149 5630 1336 5691 postea
1387 5623 1665 5676 descendit
1708 5622 1774 5676 ad

124 5697 440 5751 cloacas?
469 5693 778 5750 Timeamus
808 5696 943 5762 hazc,
993 5692 1218 5758 fratres;
1247 5694 1531 5747 conveniat
1577 5693 1776 5747 actiuni

576 313 820 370 ALULFI
861 312 1221 370 EXPOSITIO
1261 310 1413 366 VET.
1458 309 1543 364 ET
1581 306 1736 364 NOV.
1779 306 1972 362 'I‘EST.
2017 335 2083 346 --
2120 309 2270 365 SUP.
2313 311 2562 366 EVANG.
2605 311 2750 366 SEC.
2792 310 3046 368 LUCAM.

3304 310 3440 366 1250

1868 422 2064 469 nostra:
2093 417 2264 485 ipsum
2297 418 2650 474 ministerium
2695 425 2958 473 nostrum.
2993 417 3068 471 De
3099 428 3442 486 peccatorum

1865 493 2175 538 nostrorum
2197 487 2437 554 quntidie
2461 487 2792 541 relaxatione
2815 487 3133 553 cogitemus,
3163 503 3229 541 ne
3261 497 3443 543 nostra

1864 554 1970 606 vita
2011 563 2236 626 peccato
2260 555 2495 626 obligata
2529 565 2823 626 remaneat,
2871 569 2967 626 per
2993 570 3152 626 quam
3191 559 3442 626 omnipo-

1866 631 1985 677 tens
2038 623 2177 676 Deus
2225 623 2358 677 alios
2396 624 2637 691 quotidie
2666 625 2845 677 solvit.
2876 623 3294 678 Consideremus
3329 623 3447 678 sine

1865 696 2170 746 cessatione
2220 693 2493 760 negotium
2559 703 2837 757 nostrum;
2888 707 3175 760 pensemus
3236 693 3448 760 pondus

1864 760 2007 828 quod
2037 762 2400 830 suscepimus;
2435 762 2691 816 iaciamus
2741 761 2989 830 quotidie
3030 761 3308 815 nobi=cum
3361 777 3450 814 ra-

1867 831 2042 883 tiones
2069 829 2206 897 quas
2233 847 2352 883 cum
2379 831 2560 898 judice
2586 839 2770 884 nostro
2803 829 3136 891 habebimus,
3167 839 3223 883 et
3258 830 3325 882 de
3358 846 3451 883 ne-

1865 898 2014 966 gotio
2043 899 2185 968 quod
2210 901 2514 966 accepimus
2549 899 2905 968 omnipotenti
2945 898 3174 953 Domino
3212 899 3446 952 fructum

1865 981 1968 1022 nos
1995 968 2222 1022 reddere
2253 984 2639 1038 praeparemus.

1865 1079 1994 1134 CAP.
2026 1079 2235 1134 LXXX.
2263 1115 2335 1124 -
2363 1081 2498 1153 Ecce
2524 1091 2763 1153 mna_tua
2791 1097 2944 1153 quant
2964 1081 3133 1153 habui
3171 1082 3449 1151 repositam

2295 1153 2348 1204 in
2370 1152 2583 1204 sudario
2613 1150 2763 1218 (Luc.
2791 1150 2896 1214 χιχ,
2920 1150 3032 1221 20).

1938 1241 2151 1311 (Regul.
2184 1250 2383 1310 paSIor.
2435 1252 2569 1310 part.
2606 1259 2639 1305 l,
2670 1257 2788 1308 cap.
2821 1241 2897 1309 0.)
2920 1242 3012 1295 Ille
3041 1242 3130 1310 qui
3163 1243 3482 1296 virtutibus'

1864 1311 2031 1378 pollet
2076 1319 2295 1364 coactus
2335 1311 2400 1364 ad
2446 1312 2684 1373 regimen
2710 1312 2869 1363 debxt
2917 1312 3121 1377 venire,
3167 1313 3452 1366 virtutibus

1865 1394 2068 1458 vacuus
2099 1394 2198 1458 nec
2220 1390 2438 1433 coactus
2485 1395 2594 1447 pra:
2628 1387 2772 1432 uiuat
2812 1382 3086 1434 accedere.
3136 1380 3228 1458 I_'le
3329 1397 3449 1434 om-

1865 1449 1994 1501 nino
2032 1449 2302 1514 renititur,
2331 1459 2520 1502 caveat
2551 1465 2618 1501 ne
2647 1460 2922 1516 acceptam
2971 1451 3254 1516 pecuniam
3287 1450 3338 1502 itt
3360 1465 3452 1502 su-

1863 1517 2017 1570 dario
2065 1517 2256 1584 ligans,
2297 1516 2364 1570 de
2387 1517 2501 1580 ejus
2547 1517 3226 1585 occultationejudicetur.
3283 1517 3450 1572 Pecu-

1867 1586 2012 1655 niam
2039 1587 2238 1654 quippe
2268 1585 2318 1638 in
2345 1586 2564 1639 sudario
2595 1586 2760 1655 ligare
2781 1595 2866 1640 est
2901 1597 3149 1655 percepta
3173 1588 3311 1640 dona
3349 1602 3377 1640 s
3417 1590 3451 1641 b

1864 1655 1978 1707 otio
2001 1653 2147 1708 lenti
2174 1656 2410 1721 torporis
2436 1653 2784 1708 abscondere.
2835 1657 2902 1708 At
2931 1653 3140 1718 contra,
3195 1656 3297 1710 iste
3325 1672 3448 1710 cum

1866 1725 2360 1794 regimenappetit,
2391 1724 2636 1776 attendat
2677 1739 2890 1794 neper
2940 1727 3244 1794 exemplum
3301 1726 3453 1793 pravi

1867 1793 2046 1862 operis
2075 1792 2464 1862 l’batisaeoruru
2495 1806 2646 1845 more
2671 1793 2737 1844 ad
2761 1793 3033 1860 iugiessus
3049 1792 3198 1860 regni
3228 1792 3452 1848 tenden-

1865 1860 2008 1914 tibus
2036 1861 2385 1930 obstaculum
2426 1860 2550 1922 liat,
2590 1862 2716 1928 quia
2763 1863 2914 1928 juxta
2962 1864 3156 1916 summi
3205 1864 3450 1930 magistri

1865 1946 2076 1992 vocem,
2118 1944 2220 1983 nec
2247 1929 2346 1999 ipsi
2373 1929 2597 1994 intrant,
2655 1945 2755 1984 nec
2808 1931 2945 1985 alios
2995 1930 3198 1984 intrare
3224 1929 3450 2000 permit-

1867 2007 2006 2052 lunt.

1863 2086 1994 2142 Car.
2029 2087 2256 2142 LXXXI.
2286 2121 2357 2132 —-
2390 2089 2574 2145 Tollite
2603 2090 2668 2144 ab
2702 2108 2761 2145 eo
2817 2093 3084 2157 talentum,
3121 2101 3169 2144 at
3217 2093 3450 2146 inutilem

1908 2174 2109 2213 servum
2130 2160 2300 2229 ejicite
2319 2163 2374 2213 in
2395 2161 2632 2214 tenebras
2655 2162 2936 2214 exteriores
2963 2160 3114 2231 (Luc.
3147 2178 3258 2226 χιχ,
3287 2161 3400 2227 24).

1938 2247 2162 2318 (Homil.
2194 2247 2249 2316 6,
2271 2249 2341 2319 in,
2376 2247 2607 2319 Evang.)
2666 2249 3044 2319 Unusquisque
3085 2261 3320 2306 vestrum
3367 2255 3451 2306 in-

1863 2317 2124 2398 quautum
2174 2317 2404 2398 sufficit,
2458 2317 2770 2398 induantum
2821 2317 3160 2398 aspirationis
3207 2336 3453 2398 superna:

1863 2387 2088 2455 gratiam
2132 2387 2376 2456 accepit,
2423 2401 2455 2439 a
2507 2389 2771 2454 pravitate
2817 2387 3186 2456 proximorum
3234 2387 3446 2445 animos

1864 2470 2138 2518 revocare,
2172 2463 2227 2509 et
2255 2455 2321 2508 ad
2341 2455 2478 2524 bene
2506 2455 2837 2524 Operandum
2860 2458 3158 2524 exhortari,
3187 2466 3448 2512 aeternum

1863 2539 2092 2594 quoque
2113 2523 2447 2594 regnutnvel
2475 2523 2792 2592 supplicium
2825 2528 3026 2580 erranti
3057 2523 3217 2580 debet
3245 2527 3455 2580 denun-

1867 2592 2022 2647 tiare.
2057 2592 2123 2645 Et
2142 2608 2302 2646 nemo
2324 2592 2466 2646 dicat
2491 2609 2503 2644 :
2534 2594 2840 2648 Admonere
2869 2610 2972 2649 non
2991 2595 3218 2657 sufﬁcio,
3251 2597 3451 2650 exhor-

1866 2663 1966 2716 tari
2020 2662 2245 2715 idoneus
2270 2677 2389 2732 non
2437 2677 2577 2716 sum.
2628 2661 2895 2728 Quantum
2925 2672 3101 2732 potes,
3131 2665 3353 2728 exhibe,
3387 2680 3454 2720 ne

1866 2734 2124 2784 talentum
2175 2731 2317 2801 male
2369 2741 2640 2801 servatum
2683 2733 2825 2801 quod
2880 2731 3167 2801 acceperas
3244 2734 3297 2787 in
3339 2743 3454 2788 tor-

1866 2801 2063 2854 mentis
2107 2800 2342 2872 pendere
2391 2800 2643 2868 exigaris.
2693 2800 2879 2872 Neque
2925 2800 3068 2856 enim
3121 2803 3238 2871 plus
3291 2817 3451 2872 quam

1869 2885 2036 2939 unum
2065 2869 2326 2922 talentum
2351 2878 2645 2939 acceperat
2672 2872 2761 2939 qui
2793 2871 2898 2925 hoc
2919 2869 3253 2925 abscondere
3281 2869 3452 2939 magis

1865 2938 2069 3009 studuit
2095 2951 2252 3005 quam
2282 2950 2526 3009 erogare.
2558 2937 2623 3009 _Et
2646 2938 2846 3009 scimus
2882 2940 3022 3009 quod
3052 2939 3102 2992 in
3131 2939 3224 2993 Dei
3273 2937 3455 2995 taber-

1873 3008 2065 3062 naculo
2088 3023 2194 3060 non
2223 3007 2397 3077 solum
2428 3006 2638 3077 phialae,
2672 3008 2790 3073 sed,
2816 3006 3160 3077 praecipiente
3189 3009 3453 3077 Domino,

1871 3078 2040 3146 etiam
2057 3074 2236 3146 cyathi
2260 3073 2381 3128 facti
2402 3083 2547 3146 sunt.
2571 3075 2674 3130 Per
2702 3073 2906 3144 phialas
2927 3073 3126 3146 quippe
3154 3073 3457 3132 exuberans

1874 3144 2141 3210 doctrina,
2173 3160 2270 3212 per
2304 3144 2531 3214 cyathos
2581 3160 2711 3214 vero
2758 3161 2920 3214 parva
2975 3144 3034 3200 et
3056 3144 3280 3214 angusta
3310 3147 3457 3202 desi-

1871 3223 2066 3282 gnatur
2109 3213 2354 3268 scientia.
2405 3213 2553 3267 Alius
2590 3213 2834 3268 doctrina
2875 3215 3114 3269 veritatis
3141 3213 3330 3282 plenus
3357 3232 3457 3269 au-

1872 3285 2134 3340 dientium
2162 3291 2370 3336 mentes
2399 3283 2648 3347 inebriat,
2689 3298 2787 3350 per
2825 3285 2932 3337 hoc
2970 3297 3099 3350 ergo
3148 3285 3292 3350 quod
3325 3285 3455 3339 dicit

1873 3354 2118 3423 profecto
2148 3352 2380 3423 phialam
2410 3353 2652 3423 porrigit.
2685 3353 2833 3406 Alius
2861 3353 3004 3423 quod
3031 3353 3197 3407 sentit
3234 3355 3455 3423 explere

1876 3421 1981 3476 non
2021 3424 2183 3484 valet,
2216 3421 2310 3474 sed
2357 3421 2479 3489 quia
2528 3421 2633 3476 huc
2679 3430 2945 3490 utcunque
2975 3421 3273 3485 denuntiat,
3307 3421 3455 3489 'pro-

1873 3491 2014 3546 l‘ecto
2036 3506 2133 3560 per
2160 3490 2412 3560 cyathum
2440 3499 2652 3560 gustum
2695 3493 2916 3559 praebet.
2949 3491 3004 3543 lu
3059 3492 3152 3544 Del
3204 3493 3456 3545 taberna-

1871 3563 2014 3623 culo,
2039 3557 2098 3613 id
2124 3557 2210 3612 est
2242 3558 2302 3629 in
2328 3568 2516 3629 sancta
2547 3557 2787 3614 Ecclesia
2829 3560 3011 3628 positi,
3044 3561 3087 3614 si
3130 3574 3225 3629 per
3250 3560 3455 3614 doctri-

1873 3645 1994 3698 nam
2025 3628 2301 3696 sapientia:
2331 3627 2636 3698 ministrare
2683 3627 2893 3697 phialas
2942 3627 3161 3698 minime
3203 3630 3451 3698 potestis.

1872 3697 1924 3751 in
1966 3705 2222 3766 quantum
2251 3711 2350 3764 pro
2378 3696 2556 3766 divina
2585 3696 2838 3766 largitate
2855 3697 3114 3763 sollicitis,
3139 3696 3265 3752 boni
3305 3699 3456 3752 verbi

1870 3765 2096 3846 cyathos
2123 3767 2246 3820 date
2279 3765 2537 3846 proximis
2576 3765 3174 3846 VI'S‘SII'IS.‘I.llqu.anI.l.lln-\
3205 3782 3300 3846 vus
3327 3783 3456 3846 pro—

1870 3833 2064 3890 lecisse
2087 3833 2344 3899 pensatis,
2369 3833 2529 3887 etiam
2555 3833 2691 3887 alios
2713 3835 2928 3898 trahite,
2956 3836 3006 3888 in
3032 3837 3114 3888 via
3137 3836 3230 3888 Dei
3256 3833 3458 3890 habere

1871 3904 2052 3959 socios
2077 3901 2400 3958 desiderate.
2430 3902 2484 3955 Si
2517 3901 2582 3954 ad
2615 3902 2780 3956 Deum
2815 3903 3051 3969 tenditis,
3081 3913 3266 3957 curate
3295 3920 3363 3957 ne
3387 3906 3455 3958 ad

1870 3989 1995 4028 eum
2046 3972 2146 4026 soli
2199 3971 2444 4041 veniatis.
2504 3970 2638 4025 I‘Iiuc
2692 3973 2833 4025 cnim
2874 3973 3133 4041 scriptum
3186 3980 3271 4027 est
3306 3990 3319 4025 :
3357 3973 3459 4037 Qui

1871 4043 2037 4108 audit,
2058 4041 2226 4094 dicat:
2251 4041 2362 4093 ueni
2389 4039 2574 4108 (Apoc.
2601 4056 2729 4105 χχιι,
2754 4041 2861 4109 l7).
2896 4039 2963 4094 Ut
2982 4039 3072 4108 qui
3096 4043 3203 4108 jam
3223 4042 3273 4094 in
3295 4043 3459 4096 corde

1869 4127 2058 4166 vocem
2086 4111 2301 4178 superni
2332 4111 2532 4164 amoris
2559 4110 2865 4177 acceperit,
2917 4111 3084 4179 etiam
3115 4109 3246 4165 foris
3275 4112 3458 4179 proxi-

1871 4182 1971 4235 mis
2002 4195 2208 4249 vocem,
2249 4180 2436 4232 reddat
2456 4180 2866 4249 exhortatipnis.
2916 4178 2982 4231 Et
3011 4181 3237 4235 fortasse
3262 4178 3456 4248 panem

1873 4259 1932 4304 ut
1956 4248 2214 4315 indigenti
2263 4249 2504 4318 porrigat
2550 4248 2947 4318 eleemosynam
2997 4265 3101 4303 non
3152 4250 3330 4310 habet,
3361 4249 3459 4301 sed

1871 4320 2044 4386 majus
2072 4327 2154 4371 est
2182 4317 2326 4385 quod
2365 4316 2601 4386 tribuere
2653 4316 2802 4371 valet
2849 4317 2942 4384 qui
2989 4318 3224 4386 linguam
3276 4319 3454 4371 habet.

1873 4385 1996 4442 Plus
2025 4395 2107 4441 est
2133 4400 2274 4456 enim
2323 4385 2470 4438 verbi
2521 4385 2717 4454 pabulo
2748 4387 3008 4441 victuram
3059 4390 3110 4440 in
3142 4397 3457 4456 perpetuum

1872 4466 2106 4511 utentem
2155 4455 2421 4517 reﬁcere,
2466 4469 2626 4522 quam
2677 4465 2917 4509 ventrem
2963 4455 3247 4510 moritura!
3281 4455 3460 4510 canis

1875 4542 2015 4595 pane
2055 4536 2270 4595 terreno
2297 4524 2517 4577 satiare.
2547 4523 2724 4595 Nolite
2749 4538 2899 4595 ergo,
2930 4523 3142 4588 fratres,
3195 4524 3457 4594 proximis

1871 4593 2064 4650 vestris
2092 4594 2490 4662 eleemosyuam
2517 4593 2665 4647 verbi
2686 4593 3026 4660 subtrahere.

1870 4709 2000 4763 Car.
2033 4705 2298 4760 LXXXII.
2323 4737 2393 4747 —
2417 4705 2482 4758 In
2507 4708 2758 4776 patientia
2782 4717 2948 4761 vestra
2970 4704 3296 4776 ppssidebitis
3338 4708 3460 4762 ani-

2259 4793 2371 4829 mas
2392 4769 2602 4829 vestras.
2637 4775 2787 4846 (Luc.
2819 4793 2929 4839 χχι,
2963 4769 3085 4847 ἰ9).’

1946 4867 2160 4935 (Regni.
2193 4872 2397 4935 pastor.
2421 4873 2560 4933 part.
2586 4863 2641 4928 5,
2670 4880 2788 4930 cap.
2812 4866 2880 4931 9;
2903 4866 2955 4918 in
2980 4863 3212 4932 exposit.
3248 4864 3308 4917 Β.
3333 4862 3459 4925 Job,

1878 4933 1972 4992 Iib‘.
2005 4933 2074 5001 νζ
2095 4953 2148 4989 ιι.
2191 4933 2306 5004 ⁸55.)
2361 4933 2452 4988 Sic
2482 4935 2623 5004 enim
2653 4935 2854 4987 conditi
2894 4935 3456 5004 ntirabiliter_smnus,

1882 5016 1938 5061 ut
1967 4993 2102 5060 ratio
2133 4993 2390 5068 animam,
2420 5011 2474 5057 et
2501 4993 2677 5056 anima
2701 5000 3304 5072 possideatcorpusJus
3329 4993 3460 5056 veto
3491 5005 3503 5020 ‘

1883 5076 2076 5129 anima:
2101 5089 2130 5127 a
2161 5073 2406 5140 corporis
2437 5073 3099 5142 possessionejepelbtur,
3114 5072 3155 5124 si
3178 5087 3284 5125 non
3315 5072 3462 5140 prius

1885 5145 2062 5198 anima
2090 5160 2118 5196 a
2150 5142 2362 5208 ratione
2387 5140 2734 5212 possidetur.
2759 5140 3047 5212 Custodem
3090 5141 3250 5206 igitur
3271 5141 3458 5212 condi-

1887 5214 2049 5267 tionis
2077 5220 2273 5266 nostra:
2299 5208 2609 5279 patientiam
2656 5211 2910 5265 Dominus
2961 5225 3082 5264 esse
3119 5208 3457 5279 monstravit.

1887 5283 2011 5352 quia
2071 5283 2121 5334 in
2179 5278 2313 5352 ipsa:
2345 5295 2446 5352 nos
2497 5279 2774 5352 possidere
2817 5279 3196 5352 nosmetipsos
3251 5278 3456 5331 docuit.

1873 5348 2082 5416 Quanta
2113 5348 2242 5418 ergo
2265 5351 2335 5404 sit
2376 5348 2718 5417 impatientia:
2748 5349 2901 5418 culpa
2929 5348 3322 5418 cognoscimus,
3364 5362 3412 5416 pv
3433 5362 3463 5400 r

1873 5434 2034 5486 quam
2063 5425 2118 5471 et
2146 5417 2250 5473 huc
2270 5419 2444 5486 ipsum
2471 5417 2767 5471 amittimus
2796 5417 3068 5486 possidere
3090 5417 3234 5486 quod
3252 5432 3458 5486 sumus.

1876 5485 2012 5560 Quia
2033 5502 2163 5540 vero
2192 5485 2452 5560 perfectio
2474 5487 2540 5539 de
2565 5485 2821 5560 patientia
2846 5485 3315 5560 nascitur,’s_tatim
3335 5485 3462 5560 sub-

1878 5555 2107 5610 inl'e'rtur
2148 5573 2163 5608 :
2208 5555 2302 5609 Ille
2332 5556 2476 5607 enim
2519 5570 2644 5607 vere
2675 5556 2942 5623 perfectus
2971 5563 3052 5609 est
3079 5556 3169 5622 qui
3199 5569 3324 5623 erga
3355 5556 3459 5606 itu--

1877 5623 2263 5694 perfectionem
2311 5623 2542 5692 proximi
2596 5622 2882 5693 impatiens
2919 5641 3025 5678 non
3071 5634 3172 5677 est.
3224 5622 3323 5694 Qui
3366 5639 3460 5691 νει-

1881 5693 2124 5748 tientiam
2155 5707 2370 5748 servare
2399 5695 2714 5760 contemnit,
2737 5695 2987 5748 socialem
3003 5697 3164 5748 vitam
3186 5693 3342 5747 citius
3366 5703 3459 5762 pc:
