4028 6356
234 407 373 461 1233

607 401 853 456 Αιυωθι
895 399 1252 454 EXPOSlTlO
1292 400 1446 456 VET.
1493 400 1578 453 ET
1615 398 1772 452 NOV.
1815 397 2008 452 TEST.
2050 427 2119 444 α·-
2155 399 2310 455 SUP.
2353 384 2603 454 EVANG.
2643 400 2790 454 SEC.
2834 400 3081 455 LUCAM.

3342 405 3481 460 “256

227 515 420 584 aliquis
460 512 653 584 labitur
684 513 734 584 in
784 508 916 584 lile,
968 509 1182 584 Petrum
1228 526 1257 563 a
1290 509 1450 584 piciat
1495 511 1586 577 qui
1619 522 1799 584 amare
1829 510 1876 567 Α
1909 505 2142 584 Quoties
2165 510 2516 584 cu_niexercitu
2541 526 2654 570 suo,
2679 519 2727 562 et
2747 508 2908 562 illusit
2928 510 3158 584 indutum
3187 525 3318 567 veste
3338 515 3480 571 alba.

227 575 374 638 ﬂevit
402 583 542 652 quol
590 596 685 648 per
722 575 1668 652 inliruiitatelntituloris_negaverat.
1722 575 1802 628 Ex

227 648 488 707 industria
527 666 658 703 vero
700 659 1052 715 peccaverant
1080 650 1112 702 ii
1143 648 1210 700 de
1245 648 1438 714 qu‘bus
1469 651 1578 716 ipse
1609 662 1703 715 pa-r
1742 659 1805 716 se

227 721 482 787 Magister
509 714 755 772 dicebat:
781 716 841 770 Si
863 734 965 787 non
995 719 1260 787 venialem,
1284 726 1330 769 et
1360 714 1554 769 locutus
1576 714 1648 769 eis
1680 714 1806 787 [nis-

225 784 356 853 seni,
389 798 648 858 peccatum
678 786 1084 858 non_haberent.
1119 784 1271 839 Nunc
1294 795 1471 858 autem
1512 786 1807 858 exgnsatig.

228 851 353 912 nent
388 851 491 912 non
538 857 726 909 habent
770 856 832 908 de
870 865 1076 924 peccato
1125 873 1214 908 suo
1258 854 1438 921 (Joan.
1473 871 1558 918 xv,
1581 853 1692 924 2}).
1743 851 1807 906 Et

228 928 392 996 paulo
420 935 539 996 post
563 943 575 977 :
600 926 674 996 Et
703 922 955 996 viderunt,
987 933 1034 976 et
1064 924 1280 996 oderunt
1317 933 1365 977 et
1405 940 1484 976 me
1502 932 1561 996 et
1594 922 1808 996 Patrem

234 990 432 1050 meum;
458 994 613 1048 Aliud
653 1003 736 1047 est
763 993 903 1047 enim
946 994 1084 1046 bona
1115 1009 1218 1047 non
1246 994 1440 1055 facere,
1466 990 1610 1044 aliud
1637 992 1808 1044 bono-

236 1082 355 1119 rum
381 1064 557 1118 odisse
579 1063 855 1116 doctorem
880 1078 896 1124 ;
925 1062 1064 1116 sicut
1091 1062 1232 1114 aliud
1255 1072 1338 1116 est
1367 1060 1809 1131 prmeipitatione,

233 1134 379 1187 aliud
422 1131 807 1186 deliberatione
844 1146 1091 1199 peccare.
1141 1131 1296 1197 Sxepe
1341 1131 1483 1183 enim
1532 1138 1809 1199 peceatum

234 1202 675 1272 praecipitatione
703 1197 1081 1272 committitur,
1117 1199 1261 1272 quod
1303 1197 1732 1272 tamenconsilio
1757 1204 1814 1250 et

231 1266 620 1324 deliberatione
647 1269 951 1322 damnatur.
969 1267 1045 1321 Ex
1071 1268 1380 1322 infirmitate
1407 1268 1547 1320 enim
1575 1266 1810 1333 plerum-

232 1357 340 1408 que
365 1339 506 1394 solet
532 1337 806 1408 accidere,
853 1352 1035 1390 amare
1073 1338 1290 1402 bonum,
1323 1337 1416 1389 sed
1458 1335 1680 1408 implere
1705 1349 1813 1387 non

237 1402 433 1476 posse;
456 1424 522 1462 ex
551 1407 728 1476 studio
758 1422 864 1459 non
891 1420 1133 1473 peccare,
1163 1413 1245 1460 est
1283 1402 1610 1476 bonum‘n'ec
1638 1402 1817 1456 facere

235 1473 340 1532 nec
369 1473 568 1531 amare.
597 1475 750 1529 Sicut
785 1490 915 1542 ergo
945 1489 1324 1543 nonnunquam
1339 1473 1563 1543 gravius
1583 1481 1665 1543 est
1692 1486 1816 1542 pec-

234 1557 414 1601 catum
460 1546 682 1611 diligere
732 1540 890 1612 quam
939 1540 1286 1612 perpetrate,
1336 1541 1409 1612 ita
1467 1540 1708 1610 nequius
1735 1547 1820 1594 est

239 1615 419 1668 odisse
444 1610 702 1682 justitiam
743 1610 904 1680 quam
935 1610 1049 1665 non
1089 1611 1299 1666 fecisse.
1330 1610 1469 1664 Sunt
1507 1622 1635 1682 ergp
1679 1625 1816 1682 uou-

240 1683 371 1737 nulli
403 1675 461 1736 iri
503 1681 736 1737 Ecclesia
763 1675 857 1750 qui
899 1698 1006 1735 non
1055 1683 1230 1736 solum
1261 1682 1400 1750 bona
1434 1695 1541 1750 non
1578 1675 1814 1750 iaciunt,

236 1751 333 1806 sed
377 1753 538 1805 etiam
571 1746 995 1820 persequuntur;
1035 1758 1092 1803 et
1129 1765 1250 1820 qua:
1292 1748 1398 1820 ipsi
1439 1748 1614 1801 facere
1646 1746 1818 1813 negli-

239 1830 372 1889 guut
416 1815 585 1883 etiam
620 1822 674 1874 in
719 1815 838 1872 aliis
881 1815 1235 1889 detestantur.
1289 1815 1490 1889 ﬂorum
1537 1824 1817 1889 peceatum

242 1870 454 1944 ante“.
473 1870 585 1942 33;.
610 1870 675 1943 ἐξ
699 1870 1123 1943 iussiiussi
1138 1870 1474 1956 ignorantia,
1489 1870 1554 1940 sc'
1569 1887 1582 1935 ι
1604 1899 1680 1956 ex
1700 1883 1816 1956 solo
1855 1870 1900 1930 Β

244 1960 425 2012 suudio
474 1965 835 2026 perpetratur,
864 1957 990 2026 quia
1014 1974 1046 2009 ν
1068 1952 1262 2010 delicet
1302 1957 1345 2008 si
1376 1955 1573 2026 vellent
1603 1952 1825 2026 implere

244 2029 406 2090 bona,
438 2021 537 2080 nec
563 2021 741 2080 t'auncn
759 2021 996 2095 possent,
1023 2041 1086 2080 ca
1107 2040 1228 2093 qua:
1258 2026 1396 2095 inse
1424 2021 1698 2095 negligunt
1720 2021 1825 2074 sal-

246 2105 358 2148 tem
390 2098 442 2148 in
471 2096 592 2148 aliis
616 2092 875 2147 mutarent.
925 2095 980 2149 Si
1023 2092 1166 2150 enim
1204 2109 1268 2147 ea
1313 2094 1410 2162 ipsi
1440 2092 1524 2146 vel
1553 2092 1670 2162 solo
1688 2099 1825 2162 voto

249 2174 589 2232 appeterent,
617 2163 756 2216 facta
780 2163 847 2217 ab
867 2164 984 2216 aliis
1006 2179 1109 2218 non
1131 2160 1398 2225 odissent;
1426 2161 1518 2232 sed
1540 2161 1664 2232 quia
1677 2160 1827 2232 bona

245 2228 434 2288 eadem
482 2232 745 2286 audiendo
792 2242 1160 2301 cognoscunt,
1211 2233 1440 2285 vivenlo
1487 2228 1822 2301 despiciunt,

247 2302 723 2355 animadvertendo
753 2299 1161 2369 persequuntur.
1202 2301 1339 2354 Sunt
1367 2303 1496 2354 item
1525 2299 1824 2369 quidam_in

247 2371 486 2425 Ecclesia
514 2371 603 2436 qui
633 2366 772 2422 bona
801 2366 1128 2436 quae—lacere
1153 2369 1476 2437 despiciunt,
1507 2371 1668 2421 etiam
1691 2366 1829 2437 scise

245 2448 615 2493 coutvmuunt.
648 2438 779 2502 Quia
808 2440 949 2492 enim
973 2442 1226 2505 scriptum
1256 2436 1340 2493 est
1360 2456 1372 2490 :
1393 2438 1580 2491 Servus
1599 2436 1829 2488 nesciens

244 2510 558 2562 voluntatem
581 2509 775 2577 domini
796 2509 894 2570 sui,
917 2517 964 2560 et
997 2509 1188 2577 faciens
1213 2508 1371 2576 digna
1403 2507 1589 2577 plagis,
1607 2505 1831 2577 rapula-

245 2577 322 2630 bit
350 2578 545 2646 paucis.
577 2575 646 2628 Et
674 2592 846 2629 servus
884 2574 1046 2630 sciens
1077 2574 1616 2646 voluntatemdomini
1653 2574 1754 2646 sui,
1783 2579 1832 2624 et

247 2640 360 2699 non
387 2647 580 2716 [ueiens
602 2647 758 2716 juxta
782 2662 917 2713 eam,
956 2643 1423 2716 plagisvapulabit
1461 2644 1631 2696 multis
1674 2640 1825 2716 (an.

250 2730 352 2774 xu,
376 2711 498 2784 47);
525 2711 1174 2784 impunitateiu'peccandi
1205 2711 1519 2784 existimant
1539 2711 1832 2784 remedium

250 2780 548 2838 ηεεοὶιιίιιιι.
579 2783 678 2849 Qui
719 2780 964 2836 nimirum
991 2784 1104 2837 sola
1132 2782 1396 2850 superbiae
1421 2780 1649 2850 Caligine
1679 2792 1833 2832 tene-

249 2854 528 2918 brescunt,
555 2861 610 2906 et
647 2852 766 2905 ideo
798 2867 901 2905 non
949 2849 1280 2915 discernunt,
1309 2850 1434 2918 quia
1463 2849 1603 2904 aliud
1633 2855 1714 2918 est
1739 2861 1833 2899 ue-

251 2921 452 2985 si'isse,
484 2917 626 2974 aliud
653 2923 793 2974 seire
823 2921 1075 2975 noluisse.
1119 2917 1340 2973 Nescire
1373 2919 1514 2972 enim
1554 2926 1638 2971 est
1682 2917 1835 2980 igno-

252 2990 450 3052 rantia,
479 2989 618 3044 scire
647 2990 878 3043 noluisse
902 2989 1168 3058 superbia.
1202 2987 1266 3042 Et
1292 2997 1440 3041 tanto
1476 2989 1642 3053 magis
1667 2999 1834 3038 excu-

252 3059 521 3114 satiouem
551 3074 657 3112 non
687 3068 908 3125 possunt
941 3061 1134 3112 habere
1163 3060 1285 3126 quia
1314 3059 1584 3126 nesciant,
1633 3062 1835 3126 qnanto

257 3129 428 3196 magis
455 3129 534 3183 eis
562 3124 722 3181 etiam
753 3129 937 3181 nolent
958 3128 1056 3181 bus
1087 3124 1402 3180 humilitatis
1441 3125 1723 3196 dominici:
1753 3124 1834 3175 la-

258 3195 434 3250 cta’et
458 3199 593 3251 bene
615 3196 827 3250 vivendi
858 3196 1103 3266 exempla
1127 3203 1472 3265 opponuntur
1493 3195 1561 3248 ab
1590 3208 1656 3247 eo
1685 3209 1837 3246 inun-

253 3275 428 3320 strata
456 3281 574 3334 quae
598 3275 948 3333 cognoscant.

255 3356 392 3412 CAP.
425 3355 747 3436 LXXXVIII.
760 3386 828 3436 -έ-
842 3353 1209 3436 interrogabat
1226 3354 1402 3436 .lcsum
1418 3351 1650 3436 Herodes
1667 3352 1843 3436 multis

333 3425 650 3564 sermongqus
691 3442 709 3479 :
759 3435 814 3478 at
862 3426 972 3494 ipse
1019 3421 1150 3478 nihil
1195 3425 1243 3477 ei
1287 3421 1626 3493 respondebat
1675 3421 1839 3492 (Luc.

339 3513 490 3556 xxnl,
586 3534 600 3548 .
719 3513 744 3538 νο

336 3586 417 3651 (ln
447 3583 678 3651 exposit.
709 3583 770 3637 Β.
801 3580 922 3647 Job,
955 3583 1046 3638 lib.
1075 3598 1148 3646 xl,
1180 3596 1326 3635 num.
1360 3580 1450 3644 53,
1482 3589 1536 3635 et
1574 3582 1666 3635 lib.
1701 3597 1842 3645 xxn,

260 3669 412 3708 num.
438 3653 552 3722 38.)
580 3653 765 3707 Sancti
809 3653 907 3722 viri
935 3667 1054 3705 cum
1085 3651 1424 3722 audientibus
1462 3651 1714 3722 ιιι-«ξύρεεο
1745 3665 1842 3704 ne-

260 3730 493 3792 queunt,
518 3719 680 3792 etiam
708 3720 912 3788 despici
937 3729 1174 3773 tacentes
1201 3719 1405 3792 volunt.
1436 3734 1505 3772 ne
1533 3719 1600 3773 de
1627 3735 1735 3792 suae
1759 3733 1845 3771 sa—

262 3788 480 3860 pientia:
516 3790 812 3858 glorientur
849 3797 1249 3860 ostentatione._
1270 3788 1511 3860 Cumque
1555 3788 1846 3860 prudenter

259 3855 468 3926 aliquid
522 3855 726 3922 dicunt,
775 3873 880 3910 non
922 3873 1071 3909 suam
1118 3857 1366 3924 gloriam,
1405 3855 1501 3909 sed
1541 3855 1845 3909 auditorum

260 3925 431 3981 vitam
470 3937 733 3995 quaarunt.
765 3926 898 3979 Cum
922 3994 927 3995 γ
951 3941 1078 3979 vero
1105 3925 1465 3995 conspiciunt
1509 3926 1634 3993 quia
1679 3925 1845 3978 vitam

261 3994 573 4050 auditorum
605 3995 872 4064 loquendo
919 3994 1116 4064 lucrari
1164 4010 1270 4064 non
1298 4003 1570 4064 iposmnl,
1622 3996 1846 4064 tacendo

259 4065 547 4119 scientiam
595 4063 744 4118 suam
784 4063 1134 4118 abeundum.
1169 4063 1247 4116 Ad
1293 4063 1607 4116 imitandum
1652 4063 1848 4131 quippe

259 4137 430 4187 vitam
459 4134 666 4188 Domini
698 4133 850 4201 quasi
902 4131 967 4185 ad
1013 4132 1277 4200 quoddam
1310 4131 1464 4185 nobis
1511 4132 1846 4200 propositum

258 4205 478 4270 signum
511 4201 792 4270 currimus,
824 4201 916 4268 qui
961 4216 1059 4269 pro
1101 4201 1470 4270 redemptione
1514 4212 1697 4270 nostra
1726 4215 1846 4254 mo-

260 4269 414 4326 riens
434 4272 485 4324 in
514 4286 695 4334 cruce,
719 4272 942 4325 tenebro
972 4270 1018 4322 is
1044 4269 1240 4323 nostris
1262 4270 1530 4324 mentibus
1551 4269 1725 4323 lucem
1752 4283 1850 4337 per

263 4342 468 4406 lignum
490 4339 627 4394 sicut
655 4341 860 4407 lampas
887 4337 1041 4392 fudit.
1073 4337 1185 4407 Hac
1213 4353 1312 4407 nos
1340 4339 1585 4407 lampade
1612 4337 1849 4392 Joannes

260 4410 557 4464 illuminari
588 4406 962 4477 coospexerat,
994 4421 1118 4477 cum
1157 4406 1414 4477 dicebat:
1441 4406 1571 4460 Erat
1611 4407 1700 4460 lux
1729 4423 1849 4459 vera

259 4495 383 4549 quae
423 4479 686 4549 illuminat
723 4475 961 4549 ὀηιμῃεηξΔ
982 4475 1238 4549 hominem
1283 4476 1563 4549 venientem
1617 4477 1849 4549 in__hunc

262 4543 516 4602 mundum
539 4545 719 4615 (Joau.
740 4563 776 4610 ι,
807 4545 884 4613 9).
917 4544 1084 4612 Hujus
1110 4543 1376 4615 lampadis
1405 4545 1646 4615 [laminas
1675 4543 1849 4598 Hero-

262 4619 365 4670 des
391 4612 669 4682 eXplorare
696 4612 885 4677 voluit,
929 4629 1051 4668 cuiu
1079 4612 1194 4682 ejus
1219 4612 1471 4668 miracula
1504 4612 1683 4682 videre
1712 4629 1849 4666 con-

262 4680 491 4753 cupivit,
518 4685 656 4738 sicut
683 4684 938 4746 scriptum
964 4690 1044 4735 est
1077 4701 1089 4753 ς
1121 4681 1376 4745 Herodes,
1419 4685 1524 4735 viso
1570 4680 1725 4753 Jesui
1757 4699 1852 4753 ga-

263 4751 407 4808 visus
430 4763 610 4806 est:ei
624 4761 675 4804 at
719 4753 853 4805 enim
892 4767 956 4804 ea:
981 4751 1142 4804 multo
1189 4761 1413 4820 tempore
1451 4753 1656 4819 cupiens
1683 4751 1852 4803 videre

262 4839 476 4882 eum.eo
495 4823 631 4890 quod
659 4822 884 4874 audisset
912 4820 1085 4890 multa?
1099 4820 1165 4872 de
1180 4821 1290 4883 illo,
1318 4829 1364 4872 et
1381 4820 1620 4890 sperabat
1646 4821 1851 4888 signum

264 4893 480 4961 aliquod
508 4888 571 4943 ab
589 4908 649 4945 eo
680 4892 847 4944 videre
870 4890 986 4961 fieri
998 4906 1015 4951 ;
1041 4889 1128 4942 ubi
1157 4889 1519 4961 etrsubditur:
1549 4888 1851 4961 Interroga:

265 4957 369 5013 bat"
409 4970 580 5012 autem
627 4976 740 5013 eum
794 4958 963 5011 multis
1010 4957 1369 5013 sermonibus:
1395 4966 1448 5010 at
1484 4959 1592 5027 ipse
1627 4957 1767 5010 nihil
1797 4957 1850 5027 ei

265 5027 628 5108 respondebat.
671 5028 898 5108 Lampus
924 5027 1124 5108 quippe
1170 5037 1296 5108 ante
1337 5027 1453 5095 ejus
1484 5025 1670 5106 Oculos
1697 5025 1848 5108 nullo

268 5095 427 5152 radio
458 5099 590 5152 lueis
632 5095 880 5161 emicuit,
911 5095 1036 5165 quia
1065 5096 1114 5149 ei
1155 5098 1245 5166 qui
1292 5113 1350 5150 se
1378 5111 1487 5151 non
1517 5096 1603 5166 pie
1624 5095 1723 5166 sed
1749 5111 1847 5166 cu-

266 5167 419 5237 riose
450 5167 762 5237 quiesierat,
792 5167 862 5219 nil
887 5164 1036 5237 dese
1067 5164 1308 5220 mirabile
1335 5165 1595 5237 ostendit.
1622 5164 1850 5237 Inquisi-

268 5245 364 5290 tus
385 5234 564 5305 itaque
585 5235 841 5290 Dominus
864 5236 1051 5300 tacuit,
1066 5243 1406 5305 exspectatus
1427 5235 1682 5305 miracula
1704 5234 1852 5288 exhi-

268 5306 406 5360 bere
459 5301 818 5372 contempsit,
885 5305 1010 5368 quia
1069 5301 1335 5358 Herodem
1393 5319 1498 5357 non
1555 5302 1849 5372 profectum

263 5389 538 5443 quaerere,
585 5373 680 5427 sed
723 5373 1006 5443 scientiam
1037 5373 1121 5426 vel
1150 5374 1305 5443 signa
1348 5372 1528 5426 mirari
1559 5374 1697 5443 velle
1724 5386 1846 5440 per—

270 5441 476 5512 spexit.
519 5444 651 5496 Sese
679 5442 841 5510 igitur
867 5443 918 5495 in
947 5442 1170 5496 occultis
1209 5441 1466 5512 retinens,
1497 5441 1635 5512 apud
1673 5454 1733 5512 se
1760 5455 1854 5493 eos

268 5508 412 5581 quos
438 5508 718 5567 exteriora
733 5526 974 5579 quaerere
1021 5512 1310 5580 comperit,
1336 5511 1580 5581 ingratos
1609 5508 1738 5581 loris
1762 5523 1850 5581 re-

269 5577 451 5648 liquit,
479 5581 646 5648 magis
671 5577 875 5646 eligens
901 5589 1086 5647 aperte
1111 5577 1601 5648 a‘superbientibus
1629 5577 1854 5648 despici,

266 5647 436 5718 quam
477 5665 507 5702 a
535 5647 640 5702 nun
673 5649 1015 5703 credentibus
1057 5647 1405 5718 vacua’voce
1439 5647 1687 5718 laudari._
1719 5647 1852 5711 Quia

269 5714 419 5772 enim
449 5727 760 5771 constanter
788 5720 978 5783 tacuit,
1005 5718 1072 5772 ab
1096 5716 1306 5771 Herode
1335 5715 1543 5769 derisui
1571 5725 1622 5768 et
1657 5714 1851 5781 despc-

272 5797 398 5843 ctus
423 5788 622 5852 exivit,
665 5787 803 5841 sicut
831 5788 1086 5856 scriptum
1117 5795 1234 5842 est:
1262 5787 1464 5856 Sprevit
1509 5795 1676 5837 autem
1707 5784 1851 5837 illuni

1909 575 2063 641 Quod
2092 576 2568 648 videlicetlactum
2595 587 2810 648 oportet
2838 594 2934 630 nos
2964 579 3240 648 audientes
3259 583 3482 648 discere,

1910 653 1966 714 ut
1995 645 2208 712 quoties
2245 645 2517 698 auditores
2547 647 2715 698 nostri
2744 656 2924 699 nostra
2956 646 3142 699 nolunt
3189 650 3342 714 quasi
3372 645 3484 705 tau;

1907 713 2082 783 danda
2125 726 2471 780 cognoscrre,
2503 729 2614 783 non?
2639 723 2817 766 autem
2847 730 2941 766 sua
2973 713 3226 780 perversa
3256 727 3486 783 mutare.

1907 782 2126 835 omnino
2155 790 2445 843 taceamus,
2480 797 2548 834 ne
2575 782 2619 834 si
2647 783 3023 836 ostentationis
3050 784 3229 837 studio
3260 788 3485 840 verbum

1909 850 2003 903 Dei
2034 851 2319 916 loquimur,
2352 860 2406 903 et
2453 850 2661 904 illorum
2702 851 2856 915 culpa
2903 866 3022 917 quae
3068 860 3185 906 erat
3230 867 3350 909 esse
3378 871 3487 910 non

1907 919 2137 984 desinat,
2164 928 2219 972 et
2248 925 2432 972 nostra
2461 935 2580 988 qua:
2610 935 2716 973 non
2743 927 2860 972 erat
2891 919 2999 973 liat.

1909 1012 2040 1067 CAP.
2072 1011 2351 1083 LXXXIX.
2381 1043 2452 1055 —-
2478 1013 2540 1083 Si
2585 1013 2637 1083 in
2665 1013 2820 1083 viridi
2859 1013 2998 1080 ligno
3041 1013 3149 1066 haec
3190 1014 3407 1083 faciunt,
3440 1017 3493 1069 in

2095 1115 2098 1118 ~
2235 1081 2385 1133 arido
2417 1081 2540 1151 quid
2568 1082 2657 1148 [iet
2688 1080 2838 1149 (Luc.
2859 1097 3010 1146 χχιιι,
3042 1083 3176 1151 5i)?

1985 1169 2064 1238 (In
2091 1169 2322 1239 exposuit.
2345 1167 2564 1239 B.A.lob,
2597 1170 2686 1239 lib.
2714 1185 2815 1239 xu,
2839 1185 2986 1222 num.
3013 1168 3090 1239 5.)
3118 1169 3175 1223 ln
3213 1169 3493 1234 Scriptura

1914 1237 2100 1302 saera,
2132 1237 2260 1304 ligni
2290 1237 2528 1299 nomine,
2569 1238 2857 1305 aliquando
2888 1254 3015 1291 crux
3035 1280 3051 1304 ,
3074 1237 3078 1239 ⁷
3101 1239 3388 1305 aliquando
3417 1241 3499 1293 vir

1911 1309 2114 1375 justus,
2147 1313 2240 1359 aut
2283 1306 2536 1372 injustus,
2584 1306 2870 1373 aliquando
2903 1322 3034 1359 vero
3078 1307 3354 1361 incarnata
3403 1308 3497 1361 Dei

1917 1375 2178 1443 sapientia
2203 1379 2477 1443 ﬁguratur.
2506 1378 2643 1426 llrux
2677 1376 2818 1428 enim
2859 1391 2954 1439 per
2997 1375 3199 1441 lignum
3237 1376 3496 1441 signatur,

1917 1442 2292 1514 cumdicitur:
2324 1442 2593 1497 Mittamus
2623 1445 2822 1514 lignum
2848 1444 2904 1496 in
2933 1461 3117 1512 panem
3149 1445 3260 1514 ejus
3283 1444 3496 1514 (lo-rem.

1919 1529 1994 1576 xi,
2035 1512 2147 1579 l9).
2181 1511 2405 1582 Lignum
2431 1511 2949 1582 quippeimittereﬁiu
2979 1511 3299 1580 panem'est'
3326 1515 3500 1567 dou-i-

1923 1582 2045 1634 nico
2073 1581 2288 1649 corpori
2319 1596 2532 1635 crucem
2564 1581 2840 1635 adbibere.
2871 1581 3101 1635 Rursum
3134 1582 3257 1646 ligni
3286 1582 3504 1636 nomine

1919 1651 2003 1702 vir
2019 1649 2212 1720 justus,
2243 1659 2338 1702 aut
2364 1649 2593 1720 injustus
2613 1651 2956 1720 exprimitur,
2980 1651 3118 1704 sicut
3148 1666 3246 1716 per
3272 1653 3503 1720 prophe-

1923 1727 2039 1789 tam,
2053 1717 2317 1789 Dominus
2345 1717 2478 1789 dicit
2510 1735 2522 1771 :
2552 1718 2661 1788 Ego
2701 1717 2957 1772 Dominus
2998 1720 3260 1789 humiliari
3309 1717 3506 1789 lignum

1927 1787 2166 1852 sublime,
2194 1795 2243 1839 et
2273 1788 2498 1840 exaltavi
2544 1785 2737 1852 lignum
2768 1788 2957 1841 humile
2987 1785 3198 1852 (Each.
3229 1785 3365 1849 xm,
3384 1787 3505 1851 24;;

1925 1857 2048 1927 quia
2079 1854 2232 1927 juxta
2279 1854 2518 1927 ejusdem
2559 1854 2811 1927 Veritatis
2839 1871 3031 1927 vocem
3048 1873 3074 1927 At
3101 1854 3282 1908 Omnis
3311 1859 3406 1927 qui
3454 1874 3510 1909 se

1924 1922 2143 1994 enaltat,
2184 1922 2554 1994 humiliabitur,
2584 1933 2634 1976 et
2673 1925 2761 1994 qui
2803 1941 2857 1978 se
2894 1925 3153 1988 humiliat,
3198 1922 3511 1978 exallabitur

1925 1992 2095 2116 gLuc.
2123 2009 2232 2055 xw,
2267 1993 2386 2062 ll).
2429 1992 2658 2046 Rursum
2687 1992 2803 2061 'per
2850 1993 3048 2060 lignum
3100 1994 3370 2048 incarnuta
3417 1993 3509 2046 Dei

1969 2061 2198 2116 anienlia
2227 2061 2659 2116 ﬁguratumsicut
2680 2062 2746 2115 de
2774 2077 2837 2116 ea
2866 2063 3125 2116 srrintum
3148 2070 3262 2116 est:
3287 2062 3509 2116 Liannm

1969 2061 2198 2127 apienlia
2227 2061 2506 2129 ﬁguratur,
2523 2061 2659 2131 sicut
2680 2062 2746 2115 de
2774 2077 2837 2116 ea
2866 2063 3125 2131 Scriptum
3148 2070 3262 2116 est:
3287 2062 3509 2131 Lignnm

1927 2133 2046 2184 vitm
2072 2140 2150 2183 est
2180 2130 2260 2183 his
2287 2131 2378 2200 qui
2403 2130 2840 2198 apprehenderint
2858 2147 2972 2183 eam
2993 2130 3153 2196 (Prov
3205 2147 3279 2190 ιιι,
3314 2130 3423 2194 l8).
3448 2130 3514 2182 Et

1928 2201 2069 2270 sicut
2097 2201 2209 2270 ipsa
2225 2199 2352 2270 _ait:
2382 2199 2443 2253 Si
2473 2202 2526 2251 in
2549 2201 2698 2270 uiridi
2729 2202 2867 2270 ligno
2887 2201 2996 2270 ha'c
3026 2201 3246 2270 faciunt,
3265 2201 3329 2270 in
3360 2202 3512 2253 arido

1928 2268 2052 2339 quid
2076 2268 2164 2339 fiet
2191 2267 2341 2339 (Luc.
2376 2268 2686 2339 xxm,_5l)?
2724 2267 2794 2322 δὲ
2823 2269 2964 2321 enim
2996 2267 3194 2336 lignum
3225 2269 3427 2339 viride,
3456 2279 3515 2321 et

1931 2337 2030 2391 nos
2051 2337 2258 2406 aridum
2274 2337 2475 2406 lignum
2497 2337 2652 2401 dixit,
2674 2339 2928 2404 quoniam
2953 2339 3068 2405 ipse
3089 2339 3194 2390 vim
3224 2337 3518 2392 divinitatis

1931 2406 1984 2458 in
2016 2420 2075 2458 se
2105 2405 2446 2472 habuit,’nos
2479 2421 2631 2471 vero,
2663 2407 2753 2474 qui
2785 2407 2903 2474 puri
2933 2407 3179 2462 homines
3220 2421 3426 2472 sumus,
3455 2406 3519 2459 li-

1931 2489 2094 2540 gnum
2122 2474 2329 2527 aridum
2358 2489 2564 2528 sumus.

1934 2562 2064 2632 CA9.
2097 2559 2206 2615 XC.
2235 2591 2304 2602 —
2326 2561 2608 2632 Postquam
2639 2572 2880 2632 venerunt
2919 2564 2976 2615 in
3006 2564 3177 2632 locum
3200 2565 3285 2632 qui
3315 2572 3524 2616 vocatur

2006 2629 2284 2696 Calvariw,
2328 2629 2413 2683 ubi
2441 2632 2805 2698 cruci/iaciunt
2849 2630 3124 2684 Dominum
3148 2629 3326 2685 Iesum
3354 2641 3402 2684 et
3443 2633 3524 2683 la-

2006 2709 2394 2837 trones,3;)num
2423 2716 2456 2752 a
2485 2700 2680 2754 dextris
2705 2707 2754 2752 et
2799 2701 3020 2753 alterunt
3049 2718 3078 2752 a
3109 2701 3334 2754 sinistris
3367 2700 3518 2768 (an.

2009 2784 2170 2832 xxm,
2294 2806 2308 2821 .

2009 2784 2170 2832 χχιιι,
2197 2784 2308 2832 aa).

2011 2857 2355 2925 (11οηιί1.25,
2401 2858 2454 2913 in
2484 2857 2711 2926 Evang.,
2754 2875 2809 2912 n.
2846 2859 2877 2911 7
2907 2868 2964 2929 et
3011 2859 3091 2929 8.)
3132 2858 3290 2925 Ecce,
3332 2859 3524 2912 fratres

1938 2929 2268 2990 charissiini,
2309 2929 2377 2980 ad
2427 2943 2638 2996 pugnam
2684 2929 2862 2982 crucis
2891 2928 3150 2983 Conditor
3180 2937 3362 2982 uoster
3406 2929 3523 2981 sine

1938 2996 2094 3065 culpa
2139 3012 2237 3063 pro
2269 2997 2641 3063 peccatoribus
2670 2997 2924 3063 advenit;
2955 3006 3010 3052 et
3040 3013 3138 3065 pro
3173 2998 3406 3051 humano
3431 3010 3525 3064 ge-

1940 3081 2091 3135 nere,
2121 3065 2210 3131 qui
2243 3065 2562 3135 mortiinihil
2588 3067 2821 3119 debebat
2850 3081 2948 3135 per
2991 3066 3168 3121 crucis
3206 3065 3526 3134 supplicium

1940 3134 2234 3199 occubuit;
2263 3143 2318 3188 et
2339 3133 2462 3186 inde
2487 3135 2762 3200 antiquum
2793 3133 3004 3189 hostem
3038 3135 3088 3188 in
3118 3142 3378 3188 aeternum
3402 3147 3526 3201 per-

1866 3217 1914 3278 c
1945 3204 2075 3255 culit
2106 3202 2249 3278 unde
2290 3203 2712 3278 sanvire_c_untra
2759 3219 2819 3278 se
2873 3204 3526 3278 manus_pers_equentium

1947 3271 2315 3340 temporaliter
2344 3272 2625 3340 permisit;
2673 3271 2818 3339 quod
2851 3281 3036 3340 aperte
3066 3271 3320 3340 Dominus
3366 3271 3528 3324 beato

1942 3338 2293 3410 Jolrindicai,
2322 3340 2544 3410 dicens:
2578 3338 2830 3410 Nunquid
2859 3338 3030 3410 capies
3063 3339 3343 3410 Leniat/tun
3375 3340 3530 3392 hamo

1944 3407 2066 3476 (Job
2096 3424 2183 3472 XL,
2210 3407 2338 3477 l9)?
2368 3409 2422 3461 In
2454 3409 2614 3463 hamo
2654 3407 2779 3463 esca
2805 3407 3132 3476 ostenditur,
3178 3407 3398 3462 aculeus
3428 3424 3526 3461 oc-

1944 3479 2199 3546 cultatur.
2235 3477 2526 3546 Levintlian
2558 3478 2736 3545 igitur,
2769 3478 2819 3530 id
2865 3486 2949 3532 est
2989 3481 3268 3546 antiquum
3307 3493 3533 3546 serpen-

1946 3555 2052 3600 tem
2083 3545 2374 3614 diabolnm,
2426 3544 2954 3610 Pater'omnipotens
2993 3544 3151 3601 hamo
3180 3547 3357 3614 cepit,
3396 3544 3532 3614 quo-

1947 3615 2087 3669 niam
2115 3613 2185 3668 ad
2217 3623 2442 3668 mortem
2467 3615 2603 3668 illius
2625 3615 2956 3681 unigenitum
2980 3615 3171 3668 Filium
3194 3613 3531 3668 incarnatum

1947 3684 2111 3748 misit,
2140 3683 2193 3752 in
2223 3699 2329 3749 quo
2353 3691 2408 3752 et
2434 3698 2561 3752 caro
2590 3684 2858 3750 passibilis
2883 3684 3052 3737 videri
3078 3692 3278 3752 posset,
3311 3694 3367 3736 et
3386 3685 3533 3752 divi-

1947 3752 2086 3804 nitas
2137 3751 2478 3830 impassibilis
2502 3752 2672 3806 videri
2717 3767 2824 3805 non
2868 3751 3343 3830 posset.’Cumque
3380 3751 3532 3804 ineo

1946 3835 2166 3887 serpens
2193 3820 2303 3888 iste,
2319 3835 2414 3883 per
2434 3835 2624 3873 manus
2651 3820 3088 3888 persequentium
3129 3835 3308 3874 escam
3328 3834 3531 3888 corpo-

1948 3885 2383 3952 ris'momordit,
2429 3885 2720 3941 divinitatis
2765 3885 2910 3942 illum
2955 3888 3173 3942 aculeus
3218 3885 3531 3955 perforavit.

1949 3955 2102 4009 Prius
2136 3963 2312 4009 autem
2335 3971 2458 4010 eum
2498 3957 2551 4010 in
2577 3956 2852 4011 miraculis
2879 3956 3044 4009 Deum
3069 3966 3418 4024 cognoverat,
3439 3956 3533 4009 sed

1950 4023 2020 4078 de
2057 4024 2363 4092 cognitione
2391 4040 2486 4078 sua
2511 4026 2578 4078 ad
2627 4025 3016 4079 dubitationem
3061 4023 3274 4092 cecidit,
3315 4024 3534 4092 quando

1951 4094 2093 4147 hunc
2124 4091 2430 4160 passibilem
2451 4093 2603 4148 vidit.
2636 4093 2797 4159 Quasi
2824 4093 3015 4147 hamus
3043 4107 3173 4161 ergo
3203 4091 3387 4146 fauces
3416 4095 3535 4158 glu-

1952 4161 2132 4215 tientis
2159 4162 2357 4226 tenuit,
2389 4163 2516 4216 dum
2562 4163 2614 4216 in
2658 4163 2751 4215 illo
2787 4162 2964 4216 carnis
2991 4177 3116 4217 esca
3165 4163 3338 4229 patuit
3367 4175 3530 4228 quem

1949 4230 2240 4300 devoratur
2267 4241 2576 4300 appeteret,
2623 4241 2679 4284 et
2706 4230 2955 4300 divinitas
2997 4240 3240 4299 tempore
3271 4231 3536 4297 passionis

1951 4297 2107 4352 latuit
2130 4314 2250 4368 qua:
2276 4297 2511 4354 necaret.
2539 4301 2593 4353 In
2619 4300 2781 4354 hamo
2805 4299 2922 4367 ejus
2944 4297 3330 4354 incarnationis
3351 4309 3537 4368 captus

1952 4376 2056 4438 est,
2087 4369 2212 4438 quia
2241 4368 2366 4422 dum
2395 4369 2447 4422 in
2478 4369 2570 4422 illo
2599 4368 2824 4438 appetiit
2852 4382 3029 4423 escam
3060 4369 3324 4438 corporis,
3348 4376 3534 4438 trans-

1953 4435 2202 4507 lixus‘est
2229 4438 2416 4507 aculeo
2443 4435 2756 4492 divinitatis.
2787 4437 2864 4491 lbi
2904 4439 3104 4507 quippe
3132 4435 3313 4507 inerat?
3346 4437 3538 4491 huma—

1957 4506 2099 4560 nitas
2124 4521 2246 4574 quaa
2273 4505 2649 4562 devoratorem
2691 4507 2757 4560 ad
2806 4522 2866 4562 se
2893 4505 3134 4570 duceret,
3167 4506 3238 4559 ibi
3287 4506 3539 4560 divinitas

1885 4574 1931 4631 D
1955 4589 2075 4695 quae
2100 4576 2416 4639 perl'oraret,
2441 4575 2513 4629 ibi
2541 4585 2726 4643 aperta
2755 4575 3038 4629 inlirmitas
3059 4590 3180 4643 quae
3202 4582 3538 4642 provocaret,

1957 4643 1972 4694 i
2015 4643 2266 4695 iocculta
2308 4644 2478 4695 virtus
2517 4658 2635 4695 una:
2681 4645 2911 4695 rantoris
2943 4644 3149 4695 faucem
3183 4644 3536 4695 tran~liaeret.

2015 4643 2478 4713 i‘occultarvirtus
2517 4658 2635 4711 qua:
2681 4645 2911 4713 raptoris
2943 4644 3149 4713 faucem
3183 4644 3536 4713 trangligeret.

1956 4710 2016 4764 ln
2044 4711 2203 4765 hamo
2229 4712 2386 4779 igitur
2414 4710 2601 4780 captus
2623 4721 2724 4775 est,
2746 4710 2999 4778 quoniam
3021 4711 3146 4765 inde
3175 4710 3538 4764 interiit'unde

1957 4780 2266 4850 momordit.
2291 4780 2436 4850 Quos
2458 4796 2586 4848 ergo
2613 4781 2730 4850 jure
2757 4781 2973 4850 tenebat
3000 4780 3255 4850 mortales
3285 4781 3538 4848 perdidit,

1956 4849 2207 4916 quoniam
2237 4864 2359 4919 eum
2390 4849 2442 4904 in
2490 4848 2624 4918 quo‘
2638 4850 2725 4919 jus
2755 4865 2860 4903 non
2909 4848 3317 4919 habuit_niorte
3365 4849 3542 4919 crucis

1957 4925 2212 4988 appetere
2265 4916 3030 4988 immortalem'praesumpsit.
3103 4916 3243 4972 Ecce
3289 4918 3542 4988 antiquus

1954 4985 2128 5056 hostis
2156 5002 2218 5040 ea
2249 5001 2369 5055 qua:
2397 4987 2464 5041 de
2484 4985 2719 5041 humano
2747 4985 2944 5054 genere
2967 4996 3183 5056 ceperat
3202 4987 3371 5056 spolia
3401 4988 3539 5056 ami-

1953 5054 2044 5120 sit,
2083 5062 2135 5108 et
2184 5054 2634 5124 supplantationis
2670 5072 2777 5111 sua:
2817 5054 3132 5116 victoriam,
3163 5071 3282 5111 cum
3309 5055 3540 5109 Redem-

1952 5133 2076 5192 ptor
2096 5131 2281 5178 noster
2307 5126 2360 5179 in
2387 5141 2546 5181 cruce
2577 5135 2898 5190 moreretur,
2931 5124 3186 5194 perdidit.

1953 5212 2082 5272 CAP.
2115 5213 2248 5268 XCI.
2269 5245 2337 5255 —
2371 5214 2551 5278 Pater,
2584 5215 2781 5284 dimitte
2809 5215 2943 5279 illis,
2989 5216 3108 5284 quia
3153 5215 3388 5268 nesciunt
3417 5215 3540 5284 quid

2383 5286 2582 5355 faciunt
2614 5283 2767 5355 (Luc.
2799 5299 2960 5349 χχιιι,
2985 5283 3115 5351 ⁵54).

2027 5375 2256 5443 (Homil.
2287 5377 2378 5440 27,
2413 5377 2464 5429 in
2509 5375 2734 5444 Evang.,
2769 5391 2822 5429 n.
2851 5376 2933 5444 2.)
2989 5373 3100 5428 Una
3131 5381 3187 5427 et
3231 5389 3434 5428 summa
3459 5381 3542 5428 est

1956 5446 2203 5564 probatio
2223 5446 2521 5526 charitatis,
2545 5447 2589 5497 si
2607 5443 2803 5526 etipse
2831 5443 3068 5523 diligitur
3091 5444 3182 5523 qui
3203 5444 3540 5523 adversatur.

1981 5512 2092 5564 hnc
2119 5525 2202 5564 est
2223 5513 2365 5564 quod
2394 5529 2507 5564 insa
2539 5513 2748 5564 Veritas
2768 5522 2823 5564 et
2847 5527 3020 5564 cruels
3048 5512 3341 5564 patibulum
3371 5519 3537 5564 susti-

1981 5512 2092 5567 linc
2119 5525 2202 5566 est
2223 5513 2365 5579 quod
2394 5515 2507 5582 ipsa
2539 5511 2748 5568 Veritas
2768 5522 2823 5568 et
2847 5511 3020 5566 cru’cis
3048 5512 3341 5582 patibulqu
3371 5511 3537 5582 susti-

1957 5592 2068 5642 net,
2101 5592 2158 5635 et
2202 5590 2379 5635 tamen
2411 5581 2542 5650 ipsis
2565 5585 2676 5638 suis
2715 5583 3148 5650 persecutoribus
3177 5581 3424 5634 allectum
3454 5581 3542 5633 di-

1959 5650 2205 5705 lectionis
2234 5651 2522 5720 impendit,
2551 5653 2677 5706 dum
2721 5652 2774 5705 in
2801 5665 2962 5705 cruce
2993 5651 3203 5720 Patrem
3231 5659 3418 5702 exorat
3446 5663 3544 5720 pro

1958 5721 2056 5772 eis.
2091 5721 2228 5784 Quid
2269 5718 2398 5786 ergo
2429 5722 2623 5774 mirum
2661 5721 2705 5775 si
2747 5720 2992 5774 inimicos
3033 5719 3257 5785 diligant
3296 5718 3546 5788 discipuli

1957 5788 2084 5844 dum
2110 5791 2314 5853 vivunt,
2344 5788 2558 5858 quando
2586 5797 2640 5845 et
2667 5798 2794 5845 tunc
2824 5789 3069 5846 inimicos
3091 5789 3262 5859 diligit
3293 5787 3570 5858 Magister
