4028 6310
531 337 668 389 1215

1447 333 1785 389 APPENDIX
1827 334 1914 386 AD
1953 333 2009 386 S.
2055 331 2376 386 GHECORII
2415 330 2643 384 OI‘EBA
2682 330 2915 383 ΟΜΧΙᾹ.

3694 327 3832 380 1le

524 449 627 528 diei
673 448 848 528 infans
895 462 1047 528 super
1096 457 1340 528 (erranti.
1367 453 1422 498 et
1468 447 1558 515 qui
1597 447 1798 528 nullum
1839 445 2111 528 proprium
2143 448 2187 501 A
2215 442 2338 528 quia
2369 441 2621 528 dumunos
2653 457 2813 528 unum
2842 457 2906 494 cu
2931 441 3084 528 011110
3108 440 3216 528 jam
3263 441 3385 528 ficti
3431 455 3671 528 sumus,‘
3694 441 3834 528 unde

527 514 788 586 adjungit,
827 532 892 568 ex
936 514 1054 586 solo
1100 516 1343 586 originali
1385 514 1608 586 pereato
1648 517 1956 568 damnatur.
2003 514 2115 564 Sub

526 584 719 639 divina”
761 587 957 655 quipp‘e
1005 585 1337 638 districtione
1385 584 1585 652 justum
1633 592 1724 655 est
1768 593 1825 637 ut
1876 595 2116 655 propago

524 652 793 716 mortalis,
831 655 974 706 velut
1005 655 1271 707 fructuosa
1300 656 1479 716 arbor,
1512 655 1672 707 etiam
1717 654 1766 706 in
1806 652 1970 706 ramis
1997 668 2113 705 ser-

525 733 615 776 vet
642 723 1047 776 amaritudinem
1079 740 1237 792 quam
1271 723 1432 776 traxit
1462 740 1527 777 ex
1558 722 1757 776 radice.

597 813 725 866 Car.
767 812 1179 880 Vll.—Spiritus
1209 813 1292 866 ubi
1323 816 1424 868 vult
1451 815 1614 882 spirat
1646 812 1822 882 (Joan.
1869 827 1943 874 ιιι,
1968 811 2044 878 8).

598 903 677 972 (In
726 904 956 970 exposit.
1011 903 1068 957 Β.
1117 902 1236 965 Job,
1286 903 1377 956 l-b.
1431 920 1591 966 xxvn,
1643 918 1790 955 num.
1831 900 1944 966 41.)
1983 901 2118 953 Cum

527 971 870 1040 peCeatorum
930 973 1131 1024 incuria
1183 971 1612 1038 negligentiaque
1669 980 1972 1038 torpentem
2036 985 2120 1040 re-

523 1039 741 1109 Speelus
795 1040 984 1093 divina:
1044 1041 1226 1106 gratio
1277 1041 1451 1094 subito
1505 1055 1703 1109 pavore
1754 1039 2117 1107 percusserit,

527 1107 727 1164 excitat
776 1111 941 1176 ipsam
975 1123 1159 1162 vocem
1190 1110 1615 1177 supervenientis
1655 1107 1886 1175 Spiritus
1913 1123 2033 1174 qua:
2061 1123 2120 1161 se

526 1181 579 1233 in
631 1194 813 1231 aurem
859 1178 1036 1230 cordls
1072 1179 1340 1240 insinuat,
1389 1194 1488 1231 nec
1518 1179 1631 1246 ipsa
1679 1193 1829 1231 mens
1858 1193 1976 1244 qua:
2026 1193 2120 1246 per

526 1249 665 1302 hanc
693 1248 953 1300 illustrata
1002 1247 1160 1300 fuerit
1199 1247 1501 1314 investigat.
1545 1247 1778 1300 Pensare
1819 1246 1962 1300 enim
2011 1262 2119 1300 non

525 1318 668 1369 valet
711 1315 989 1369 invisibilis
1029 1317 1195 1369 virtus
1238 1315 1430 1381 quibus
1469 1317 1568 1369 sibi
1609 1317 1872 1370 meatibus
1911 1315 2119 1375 inﬂuat,

525 1386 719 1454 quibus
765 1386 841 1454 ad_
883 1399 942 1437 se
987 1385 1162 1438 modis
1203 1386 1410 1454 veniat,
1452 1385 1645 1452 quibus
1690 1385 1939 1449 recedat;
1980 1385 2121 1438 unde

524 1451 662 1508 bene
693 1469 787 1518 per
813 1451 1074 1506 Joannem
1121 1454 1352 1508 dicitur:
1384 1453 1609 1524 Spiritus
1656 1454 1744 1506 ubi
1783 1454 1887 1507 vult
1933 1455 2118 1522 spirat,

523 1531 572 1575 et
609 1539 778 1592 vocem
819 1523 929 1592 ejus
969 1524 1149 1592 audis,
1198 1526 1288 1577 sed
1318 1523 1543 1577 uon'scis
1570 1524 1705 1576 unde
1733 1525 1920 1583 veniat,
1947 1532 1994 1574 et
2023 1539 2119 1592 quo

523 1593 694 1644 vadat.
726 1590 840 1645 Vox
874 1591 1083 1660 Domini
1113 1593 1343 1655 auditur,
1374 1609 1491 1647 cum
1518 1596 1700 1658 gratia:
1727 1593 1842 1659 ejus
1859 1590 2119 1660 aspiratio

525 1667 704 1714 mente
732 1659 1062 1730 concipitur,
1111 1675 1233 1715 cum
1281 1661 1660 1714 insensibilitas
1688 1659 2119 1715 occultzesurdi-

525 1731 650 1782 tatis
698 1729 1001 1796 rumpitur,
1047 1737 1122 1783 et-
1149 1745 1244 1784 cor
1290 1731 1356 1784 ad
1405 1731 1636 1784 studium
1686 1731 1877 1783 summi
1922 1731 2121 1783 amoris

2217 512 2364 564 solus
2391 512 2537 563 venit
2565 512 2614 562 in
2645 526 2724 571 se,
2758 511 2881 562 illuc
2910 511 3056 562 solus
3087 510 3222 562 redit
3250 510 3411 562 etiam
3445 510 3496 562 in
3527 509 3726 564 nobis.
3771 509 3832 562 Et

2219 581 2263 632 is
2289 580 2378 646 qui
2411 580 2460 631 in
2493 583 2630 634 cm'o
2659 594 2872 647 semper
2899 589 3001 638 est,
3035 579 3098 630 ad
3129 580 3322 631 uelum
3351 579 3612 646 quotidie
3643 592 3833 632 ascen-

2216 651 2312 712 dit,
2338 649 2460 716 quia
2485 649 2575 717 qui
2605 648 2882 702 divinitate
2910 663 3072 715 super
3095 649 3271 700 omnia
3297 657 3612 714 permanet,
3645 647 3808 717 huius

2217 715 2400 772 nitatis
2420 715 2529 770 sua:
2554 732 2812 784 compage
2840 733 2900 771 se
2929 717 3166 785 quotidie.
3193 718 3258 768 ad
3292 719 3459 785 «ualos
3485 718 3694 769 trahit.
3720 715 3833 772 Non

2217 801 2348 854 ergo
2388 801 2447 840 se
2482 787 2733 853 desperet
2773 784 3001 838 humana
3043 786 3331 854 fragilitas,
3374 784 3668 852 Unigeniti
3714 801 3835 839 san-

2218 857 2434 924 guinem
2462 856 2788 916 consideret,
2822 864 2876 908 et
2909 859 2956 907 in
2989 856 3160 924 pretio
3190 871 3288 908 suo
3316 857 3631 923 conSpiciat
3676 871 3836 924 quam

2220 923 2412 991 magna
2461 933 2539 976 est
2588 941 2706 993 qua:
2751 925 2880 977 tanti
2925 925 3084 977 valet.
3121 923 3421 990 I‘erpendat
3449 923 3706 976 sollicite
3737 940 3840 990 que

2219 1003 2380 1060 caput
2429 997 2742 1058 t'nccessit,
2803 1001 2859 1046 et
2907 1009 3013 1058 quo
3071 994 3137 1044 ad
3191 995 3474 1046 vivmdum
3537 999 3841 1060 pra-reptis

2219 1063 2558 1129 astringitur,
2609 1062 2674 1115 ad
2701 1063 3026 1132 Sperandunt
3057 1067 3304 1130 exetnpfo
3335 1064 3664 1116 roborctur.
3701 1063 3842 1116 Cun-

2223 1132 2350 1184 lidat
2379 1133 2566 1194 cmlos,
2615 1143 2798 1200 speret
2823 1146 3109 1199 supernam
3136 1133 3382 1193 patriam,
3416 1133 3758 1197 angelorum
3789 1148 3842 1183 se

2219 1205 2418 1256 sociam
2463 1201 2618 1264 sciat,
2663 1209 2719 1253 et
2767 1202 2820 1255 in
2870 1216 2970 1255 suo
3019 1201 3195 1270 capite
3235 1216 3295 1254 se
3331 1202 3624 1270 prmlatam
3675 1204 3840 1253 etiam

2221 1271 2422 1338 angelis
2448 1272 2695 1338 gaudeat.

2220 1360 2348 1414 Car.
2389 1359 2738 1430 [Xa—Pater
2783 1377 2886 1430 non
2919 1360 3124 1430 thdicat
3157 1375 3494 1430 quemquam,
3533 1359 3644 1412 sed
3691 1375 3844 1412 omne

2496 1429 2754 1498 judicium
2781 1427 2933 1482 dedit
2949 1427 3090 1482 Filio
3120 1427 3302 1498 (Joan.
3329 1427 3385 1493 'v,
3414 1428 3526 1498 22).

2294 1519 2391 1584 (In
2442 1521 2673 1588 exposit.
2720 1520 2783 1573 B.
2826 1520 2948 1581 Job,
2994 1519 3088 1575 lib.
3131 1536 3265 1580 χιιι,
3309 1534 3460 1573 ιιιιιιι.
3491 1516 3646 1588 Η.)
3689 1517 3842 1572 Sicut

2221 1589 2399 1643 adhuc
2430 1590 2636 1643 timenti
2667 1591 2867 1658 populo
2881 1590 2983 1658 ilex
3012 1599 3093 1644 est
3121 1589 3432 1642 transmis-a
3463 1604 3560 1657 per
3586 1603 3838 1652 servum,

2221 1660 2300 1713 sic
2325 1657 2678 1726 diligentibus
2714 1657 2835 1714 liliis
2863 1657 3136 1727 Evangelii
3170 1659 3340 1726 gratia
3370 1667 3454 1712 est
3481 1658 3698 1712 collata
3747 1674 3842 1727 per

2224 1727 2696 1797 Dominumslpse
2743 1730 2940 1797 quippe
2988 1727 3055 1781 ad
3102 1728 3838 1797 redemptionemnnostram

523 1798 815 1852 excitatum
841 1799 1052 1852 virtutis
1083 1799 1280 1853 intima":
1305 1799 1541 1853 clamore
1563 1807 1891 1866 penetratur.
1916 1799 2116 1852 Vocem
2149 1797 2194 1855 B
2223 1797 2464 1866 veniens,
2512 1796 2718 1851 Novum
2763 1796 2921 1851 nobis
2967 1797 3373 1850 Testamentum
3421 1796 3699 1860 condidit,
3745 1797 3838 1851 sed

524 1869 666 1920 enim
713 1867 944 1934 Spiritus
986 1867 1174 1921 audire
1203 1877 1284 1920 est
1312 1869 1416 1921 vim
1458 1867 1887 1934 compunctionis
1918 1868 2116 1921 intitna:

526 1936 579 1990 in
601 1951 838 1990 amorem
868 1937 1145 1990 invisibilis
1172 1935 1480 1991 Conditoris
1504 1952 1815 2006 assurgere;
1843 1936 1934 1990 sed
1949 1951 2114 2006 nemo

524 2005 626 2058 scit
669 2005 806 2075 unde
852 2006 1050 2068 veniat,
1094 2007 1217 2073 quia
1259 2007 1532 2073 ignoratur
1572 2005 1788 2075 perora
1819 2005 2117 2075 praedican-

525 2075 657 2127 tium
685 2074 876 2142 quibus
902 2090 962 2127 se
991 2075 1055 2126 ad
1091 2090 1188 2128 nos
1217 2074 1586 2129 oceasionibus
1618 2074 1831 2128 fundat.
1864 2074 1928 2128 Et
1956 2089 2116 2127 nemo

524 2142 626 2196 scit
655 2158 762 2206 quo
795 2144 970 2207 vadat,
1001 2145 1122 2212 quia
1153 2159 1274 2196 cum
1307 2160 1465 2197 unam
1498 2143 1933 2211 tirmdicatiortent
1964 2143 2116 2197 multi

523 2212 778 2283 audiunt,
802 2213 1022 2283 intelligi
1053 2212 1401 2283 proculdubio
1427 2229 1531 2266 non
1563 2221 1737 2282 potest
1762 2228 1921 2283 quem
1963 2213 2118 2268 dese-

523 2296 649 2350 rens
678 2282 916 2348 abjiciat,
955 2291 1008 2335 et
1051 2282 1204 2346 cujus
1250 2283 1552 2346 ingrediens
1592 2283 1754 2337 corde
1785 2282 2111 2350 requiescat.

532 2347 642 2402 Una
672 2347 815 2418 quip;
839 2364 871 2404 e
905 2347 1001 2404 res
1052 2350 1179 2405 foris
1227 2354 1420 2417 agitur,
1469 2352 1560 2405 sed
1590 2367 1695 2405 non
1725 2367 1818 2418 per
1844 2347 1981 2405 hanc
2013 2366 2116 2404 uno

529 2421 689 2500 ptpdo
720 2421 1036 2500 intuentium
1067 2419 1226 2500 corda
1260 2430 1648 2500 penetranturn
1673 2421 1795 2488 quia
1822 2423 1914 2500 qui
1946 2420 2122 2474 invisi-

523 2486 702 2540 bilits'r
744 2487 968 2540 visibilia
1016 2486 1305 2549 "ludiﬁcat,
1350 2492 1400 2542 in
1436 2486 1956 2542 liutnattiscordinus
1985 2505 2116 2542 cau-

524 2570 704 2608 sarum
731 2559 936 2610 semina
969 2557 1582 2624 incomprehensibiliter
1612 2560 1834 2623 plantat.
1869 2557 2003 2612 Hinc
2035 2566 2118 2611 est

523 2625 670 2692 quod
701 2626 1017 2692 resuscitato
1053 2625 1272 2689 Lazaro,
1314 2627 1463 2680 tnulti
1494 2627 1853 2690 crrdidetunt,
1898 2627 1990 2680 sed
2034 2636 2115 2679 ta-

525 2691 1000 2764 meniJudteorum
1054 2694 1264 2762 plurimi
1312 2697 1375 2748 ad
1424 2697 1806 2764 persecutionis
1848 2697 2018 2749 zelum
2050 2711 2116 2749 ex

528 2761 632 2835 hac
673 2763 782 2828 ipsa
813 2761 1253 2835 resuscitatione
1301 2761 1555 2818 commoti
1606 2775 1730 2818 sunt
1785 2765 1962 2835 (Joan.
2017 2764 2112 2835 xl).

532 2829 703 2901 υιιιιιιι
759 2832 915 2898 igitur
964 2833 1214 2900 idemque
1244 2835 1558 2887 miraculum
1599 2837 1741 2901 quod
1765 2829 1883 2888 aliis
1934 2829 2112 2886 lumen

527 2898 648 2952 lidei
682 2903 940 2970 prtebuit,
990 2898 1139 2954 alios
1163 2917 1258 2970 per
1299 2903 1509 2956 invidiae
1555 2898 1806 2959 tenebras
1845 2920 1873 2956 a
1919 2905 2117 2956 lumine

525 2969 721 3039 mentis
766 2972 1072 3024 excaecavit.
1122 2969 1254 3025 Hinc
1295 2980 1377 3024 est
1415 2973 1557 3039 quod
1607 2981 1831 3037 uterque
1879 2973 2015 3025 latro
2063 2981 2119 3025 et

527 3038 773 3108 eamdem
796 3047 859 3108 ιιι
887 3055 995 3093 sua:
1027 3042 1184 3093 morti
1213 3038 1444 3095 similem
1475 3051 1700 3094 mortem
1743 3041 2116 3108 Redemptoris

525 3106 678 3170 vidit,
717 3107 810 3161 sed
835 3125 971 3189 orum
1012 3109 1534 3198 superbiendolaltelr
1573 3111 1908 3198 contumeliis
1947 3106 2117 3192 laces-
2143 3141 2189 3198 ο

525 3190 647 3228 sere
675 3193 779 3230 non
813 3177 985 3230 timuit
1013 3193 1170 3244 quem
1204 3179 1436 3234 timendo
1467 3180 1604 3234 alter
1636 3180 1946 3244 honoravit;
1980 3189 2034 3232 et
2063 3181 2114 3232 in

529 3260 637 3316 una
687 3261 746 3298 re
796 3262 898 3298 una
945 3250 1219 3314 utriusque
1258 3249 1512 3314 cogitatio
1543 3264 1647 3302 non
1679 3249 1794 3313 fuit,
1825 3251 1949 3316 quia
1981 3249 2120 3302 hanc

528 3313 773 3367 internus
816 3315 1019 3368 arbiter
1069 3313 1406 3370 invisibiliter
1451 3317 1804 3370 modilie’and-i
1843 3313 2114 3370 distinxit.

528 3381 670 3434 ΜοιΙί
720 3382 879 3448 igitur
921 3384 1144 3437 occulta:
1185 3385 1523 3452 aspirationis
1569 3401 1638 3439 no
1671 3394 1748 3439 tra
1790 3387 2118 3453 cogitatione

528 3459 804 3518 nequeunt
847 3453 1245 3522 comprehendi,
1296 3462 1349 3507 et
1397 3455 1652 3522 aspiratio
1700 3455 1891 3508 divinae
1937 3457 2120 3522 gratiae

529 3522 723 3592 quibus
775 3522 946 3573 modis
995 3537 1056 3592 se
1110 3521 1349 3575 inluntat
1399 3521 1733 3592 nequaquam
1783 3521 1959 3592 ipsius,
2004 3528 2119 3578 acie

529 3589 724 3641 mentis
768 3591 1242 3659 comprehenditur
1267 3632 1282 3658 ,
1332 3589 1498 3661 cujus
1531 3589 1604 3646 ad
1645 3589 1834 3647 melius
1889 3595 2118 3648 intentio

528 3666 907 3712 commutatur.

527 3746 656 3801 Csp.
701 3748 1100 3825 “IL—Nemo
1147 3754 1382 3825 ascendit
1425 3754 1479 3807 in
1527 3755 1742 3825 caelum,
1792 3755 1895 3808 nisi
1931 3756 2015 3825 qui
2060 3756 2121 3809 de

881 3823 1006 3893 cce/9
1033 3822 1289 3893 descendit
1331 3823 1509 3892 (Joan.
1543 3841 1619 3890 ιιι,
1655 3823 1764 3893 15).

601 3885 680 3953 (Ιιι
711 3888 939 3964 exposit_.
975 3889 1033 3945 Β.
1063 3889 1182 3964 Job,
1215 3885 1524 3964 _lib.'xxvn,
1551 3885 1615 3946 ιι.
1639 3885 1733 3958 29,
1777 3892 1889 3964 50.)
1940 3893 2122 3946 Domi-

529 3971 630 4008 nus
672 3966 859 4035 _noster
887 3956 1055 4035 .Jesus
1102 3959 1365 4035 Christus,
1418 3956 1519 4031 qui
1555 3956 1776 4035 propter
1820 3956 1918 4016 nos
1946 3964 2122 4035 minor

529 4025 733 4098 angelis
762 4027 988 4098 exstitit,
1035 4031 1266 4098 aequales
1295 4025 1393 4084 nes
1421 4025 1622 4098 auge-lis
1652 4025 1851 4085 virtute
1879 4048 1988 4086 suat
2017 4033 2119 4084 tni-

531 4094 828 4148 norationis
867 4095 1014 4149 fecit.
1056 4094 1207 4151 Unde
1249 4111 1304 4152 et
1346 4094 1624 4154 moriendo
1661 4101 1847 4154 docuit
1890 4110 2117 4154 mortem

530 4179 638 4216 non
686 4166 870 4230 metui,
912 4167 1237 4233 resurgendo
1276 4168 1345 4221 de
1386 4169 1491 4221 vita
1533 4170 1747 4233 conlidi,
1780 4171 2120 4224 ascendendo

529 4233 596 4284 de
627 4233 862 4308 cmlestis
907 4236 1090 4308 patria:
1136 4236 1445 4308 hereditate
1471 4237 1709 4308 gloriari,
1740 4247 1797 4290 ut
1823 4254 1930 4308 quo
1960 4247 2121 4306 caput

529 4301 746 4374 praeisse
789 4304 1165 4374 conspiciunt,
1217 4305 1344 4359 illuc
1388 4321 1446 4360 se
1478 4301 1732 4374 subsequi
1780 4301 1857 4361 δι’
1881 4301 2120 4361 membra

527 4369 881 4444 gratulentur.
934 4371 1079 4444 Unde
1109 4373 1244 4426 bene
1273 4375 1339 4428 ab
1369 4375 1560 4429 eodem
1593 4369 1778 4430 nostro
1815 4377 1992 4444 capite
2035 4377 2120 4429 di-

531 4439 697 4517 citur:
725 4437 1022 4517 {rimisque
1050 4443 1570 4517 fuerintAcorpus,ill_uc
1599 4437 2043 4517 congregabantur
2072 4454 2120 4499 ct

529 4508 716 4578 aquilcc
748 4508 960 4577 (Matth.
996 4508 1140 4576 xxiv,
1171 4510 1292 4578 28);
1319 4508 1466 4565 unde
1495 4508 1843 4569 Paulus'dieit
1873 4533 1887 4567 :
1915 4514 2119 4568 Scimus

529 4577 663 4653 enim
695 4580 938 4653 quoniam
965 4579 1012 4631 si
1035 4584 1296 4653 terrestris
1324 4582 1503 4653 domus
1533 4593 1712 4638 nostra
1740 4585 1890 4653 hujus
1919 4585 2124 4637 habita-

529 4646 683 4698 tionis
708 4646 1032 4719 dissolvatur
1055 4688 1070 4712 ,
1120 4650 1256 4719 quod
1291 4652 1686 4719 wdiﬁcationem
1725 4646 1938 4708 eas'Deo
1968 4654 2122 4706 liabe-

530 4730 642 4794 m_u_s
666 4753 705 4794 ,n
731 4717 1092 4794 domum__non
1132 4717 1531 4794 manufestum,
1589 4723 1936 4794 wlerttamut'tt
1982 4723 2121 4777 caelis

533 4781 619 4864 ςΙΙ
668 4785 787 4838 Cor.
837 4802 888 4849 v,
914 4787 1016 4864 _i).
1049 4787 1155 4841 Sed
1187 4790 1231 4842 si
1273 4781 1372 4864 rios
1399 4781 1633 4864 quoque,
1663 4793 1752 4860 qui
1782 4791 1910 4864 editi
1939 4808 2122 4847 sumus

531 4857 584 4929 in
635 4857 1034 4929 t_erra,_cu_elutn_
1048 4857 1476 4924 conscendimus,
1509 4857 1596 4914 ubi
1624 4857 1706 4915 est
1735 4861 1878 4929 quod
1911 4877 2119 4915 rursum

532 4919 743 5000 Veritas
789 4923 954 5000 dicit;
981 4923 1147 5000 Nemo
1183 4928 1426 5000 ascendit
1465 4919 1520 4981 in
1567 4919 1769 4993 caelum,
1810 4931 1910 4983 nisi
1945 4931 2031 5000 qui
2059 4931 2124 4985 de

530 4992 654 5070 caelo
699 4992 1150 5074 descendit/ilius
1173 4995 1392 5074 hominis
1430 5000 1514 5074 qui
1544 5010 1620 5052 est
1645 4992 1874 5074 incesto.
1903 4992 2114 5074 Corni-

532 5061 723 5135 ruirum
779 5061 1060 5135 seutentia:
1106 5065 1285 5118 statim
1343 5061 1516 5118 obviat
1570 5067 1714 5135 quod
1767 5070 1879 5122 hate
1927 5069 2114 5122 eadem

534 5126 743 5182 Veritas
762 5131 898 5206 dicit
923 5149 935 5183 :
961 5131 1364 5206 PatertvoloAut
1392 5137 1476 5206 ubi
1505 5126 1604 5206 egd
1627 5154 1740 5190 sum
1759 5179 1774 5203 ,
1804 5147 1852 5190 et
1895 5139 1972 5191 illi
2016 5140 2119 5191 sint

533 5211 726 5274 mecum
754 5197 941 5274 (lacn.
966 5216 1101 5274 xv_n,_
1135 5201 1251 5274 24).
1281 5203 1431 5274 Quod
1460 5197 1560 5258 sibi
1590 5206 1642 5259 in
1668 5197 1847 5261 verbis
1874 5209 1984 5261 suis
2011 5223 2120 5260 non

532 5265 820 5345 discrepat,
851 5269 944 5323 sed
983 5270 1049 5323 ad
1088 5265 1400 5345 inquirenda
1440 5274 1553 5329 hmc
1580 5276 1732 5345 quasi
1760 5275 2120 5330 discordantia

533 5337 767 5413 studium
809 5348 1005 5413 nostra:
1043 5337 1237 5413 mentis
1277 5337 1824 5413 inﬂammat.'0tnnes
1854 5345 1994 5398 enim
2025 5361 2124 5399 nos

533 5405 658 5482 quia
678 5405 740 5483 _in
771 5407 1018 5483 ejusnﬁde
1049 5411 1156 5483 nati
1187 5426 1369 5483 sumus
1397 5411 1511 5483 ejus
1541 5413 1892 5482 proculdubio
1927 5429 2123 5483 corpus

533 5477 830 5550 existimus.
879 5477 1014 5542 Quia
1066 5479 1226 5546 igitur
1276 5477 1858 5550 mira'dispensatione
1908 5477 2124 5550 pietatis

535 5544 910 5618 membrorum
943 5544 1160 5601 suorum
1208 5561 1368 5618 caput
1414 5544 1668 5605 Dominus
1698 5551 1866 5606 factus
1896 5544 1998 5618 est,
2039 5569 2123 5607 rc-

536 5611 688 5688 pulsa
737 5616 1086 5688 reproborum
1137 5611 1496 5687 mutitudine,
1541 5621 1687 5674 solus
1715 5631 1800 5674 est
1825 5611 1996 5674 etiam
2021 5637 2118 5672 nn-

537 5679 980 5760 hiscum._.fNemo
1034 5679 1545 5760 ergouascenditr'in
1598 5689 1830 5753 C(elum,
1883 5690 1981 5743 nisi
2029 5699 2118 5752 qui

540 5749 817 5804 descendit
861 5751 928 5806 de
960 5749 1118 5809 cwlo'
1143 5755 1283 5811 titius
1328 5757 1558 5815 beluinis
1601 5760 1691 5829 qui
1737 5749 1827 5814 est
1867 5760 1918 5813 in
1959 5749 2116 5826 cwlu,

2149 4496 2197 4554 D

2219 1865 2286 1920 de
2334 1865 2574 1933 ejusdem
2627 1883 2725 1922 nos
2780 1866 3422 1920 Testamenti-manlato
3479 1866 3832 1927 discutiens,

2218 1936 2540 2004 quandoque
2569 1936 2728 1988 etiam
2757 1935 3121 2004 judexivenit.
3153 1934 3267 1989 Erit
3309 1949 3438 2001 ergo
3470 1944 3604 1990 tunc
3641 1946 3838 1988 auctor

2212 2004 2401 2072 judieii
2457 2003 2549 2071 qui
2597 2020 2738 2059 nunc
2785 2017 2867 2060 est
2914 2003 3174 2059 Conditor
3223 2005 3535 2072 Evangelii,
3590 2015 3658 2058 ut
3711 2015 3837 2060 tunc

2218 2073 2490 2142 districtus
2519 2074 2695 2141 exigat
2737 2076 2878 2142 quod
2927 2074 3086 2128 modo
3117 2083 3430 2128 mansuetus
3454 2073 3616 2141 jubet
3649 2083 3712 2128 et
3739 2076 3837 2128 im-

2218 2151 2391 2210 perat.
2433 2141 2524 2196 Sic
2564 2141 2794 2210 namque
2835 2143 3076 2211 quotidie
3113 2144 3474 2212 conspicimus
3511 2145 3668 2212 quod
3715 2161 3835 2198 nia-

2216 2211 2369 2278 gistri
2407 2211 2588 2282 pueris
2627 2212 2892 2266 elementa
2938 2213 3231 2266 litterarum
3255 2211 3622 2266 blandientes
3656 2215 3834 2282 impo-

2218 2289 2372 2346 nunt,
2400 2280 2495 2336 sed
2525 2282 2639 2335 ha'c
2667 2283 2734 2335 ab
2761 2283 2840 2337 eis
2867 2282 3148 2336 smvieutes
3176 2283 3419 2349 exigunt,
3461 2291 3518 2335 et
3545 2297 3675 2351 qua:
3701 2280 3835 2336 dant

2218 2365 2340 2405 cum
2389 2352 2800 2405 mansuetudine
2843 2352 3133 2419 exquirunt
3177 2368 3298 2407 cum
3330 2352 3578 2405 verbere.
3620 2351 3830 2405 Blanda

2219 2434 2450 2488 namque
2481 2435 2623 2474 nunc
2648 2429 2950 2476 consonant
2977 2421 3176 2490 eloquii
3221 2421 3387 2476 divini
3418 2420 3704 2482 mandata,
3738 2423 3833 2475 sed

2218 2497 2378 2542 erunt
2414 2503 2603 2557 aspera
2644 2490 2697 2543 in
2734 2491 2948 2544 actione
2984 2492 3284 2545 sentienda.
3328 2490 3606 2544 Mansueta
3666 2491 3830 2543 modo

2218 2567 2301 2610 est
2347 2558 2645 2611 admonitio
2692 2560 2956 2626 vocantis,
2998 2560 3094 2612 sed
3141 2570 3266 2613 tunc
3306 2560 3550 2612 districta
3593 2569 3829 2613 ventura

2217 2637 2300 2698 est
2323 2626 2530 2698 justitia
2558 2626 2777 2698 Judicis,
2822 2645 2888 2680 eo
2928 2629 3072 2696 quod
3108 2638 3312 2683 eertum
3345 2638 3428 2682 cst
3459 2630 3583 2698 quia
3622 2630 3705 2682 nil
3749 2630 3830 2682 vel

2219 2696 2424 2766 minimi
2456 2697 2689 2750 mandati
2721 2698 2771 2750 in
2803 2698 3134 2752 discussione
3178 2696 3492 2766 prartereat,
3527 2714 3637 2766 quo
3673 2699 3828 2751 vide-

2219 2765 2344 2835 licet
2369 2775 2580 2820 constat
2609 2767 2730 2835 quia
2762 2769 2876 2835 ipse
2904 2767 3051 2820 dedit
3077 2765 3422 2835 Evangelium
3463 2765 3557 2834 qui
3593 2768 3822 2833 jndicat.

2219 2833 2354 2889 llinc
2389 2841 2471 2886 est
2509 2833 2652 2902 quod
2697 2833 2809 2904 ipsa
2852 2852 2947 2904 per
2989 2852 3048 2889 se
3097 2833 3302 2890 Veritas
3331 2833 3500 2888 dicit:
3531 2836 3698 2889 Pater
3725 2855 3825 2891 uel

2209 2904 2414 2972 judicat
2441 2920 2774 2974 quemquam,
2805 2905 2895 2959 sed
2923 2922 3072 2959 omne
3090 2905 3346 2976 judicium
3375 2905 3516 2958 dedit
3547 2904 3716 2959 Filio.

2215 2994 2344 3046 CAP.
2391 2990 2651 3056 X.-—Qui
2682 2995 2832 3047 habet
2858 3011 3123 3117 spargam,
3152 3011 3369 3065 sponsus
3394 3005 3471 3049 est
3511 2995 3700 3060 (Joan.
3748 3012 3824 3062 tu,

2296 3153 2517 3223 (lioniil.
2570 3154 2656 3220 ΞΟ,
2706 3155 2757 3208 in
2801 3153 3028 3224 Evang.,
3081 3171 3136 3208 ιι.
3184 3153 3240 3218 4,
3282 3153 3360 3223 5.)
3401 3155 3552 3208 Beati
3597 3154 3824 3210 Joannis

2225 3223 2473 3291 liaptiste
2524 3240 2644 3278 esse
2694 3223 2968 3293 sponsam
2997 3225 3178 3293 populi
3227 3235 3469 3279 sanctam
3525 3224 3824 3279 Eccl-siam

2221 3293 2536 3353 ρι·ιιι1ι·1›.ιιιι,
2579 3294 2671 3361 qui
2717 3292 2860 3348 hunc
2899 3295 3024 3362 quia
3065 3292 3311 3348 Christus
3353 3303 3497 3347 esset
3538 3295 3824 3348 existima-

2221 3363 2370 3415 bant.
2422 3362 2527 3416 Sed
2576 3363 2690 3431 ipse
2737 3365 2812 3416 ait
2858 3381 2870 3414 :
2915 3361 3015 3426 Qui
3063 3363 3214 3416 habet
3265 3380 3530 3432 span-am,
3589 3364 3824 3432 Sponsus

2221 3441 2336 3503 est:
2358 3433 2554 3485 amicus
2581 3443 2750 3485 autem
2780 3433 3109 3503 Sponsitqui
3139 3442 3240 3485 stat
3269 3443 3316 3485 et
3347 3433 3489 3485 audit
3529 3449 3670 3498 eum,
3699 3450 3824 3499 gau-

2222 3502 2308 3554 dio
2337 3503 2523 3572 gaudet
2547 3510 2758 3570 propter
2786 3500 3179 3572 vocemrSponsi
3195 3519 3212 3565 ;
3249 3503 3345 3572 hoc
3377 3513 3546 3572 autem
3580 3505 3823 3572 gaudium

2223 3569 2390 3623 meum
2416 3569 2680 3638 impletum
2709 3579 2803 3624 est.
2836 3571 2914 3625 Ac
2939 3571 2982 3624 si
3013 3569 3219 3624 diceret
3247 3589 3259 3623 :
3286 3569 3395 3638 Ego
3423 3569 3670 3638 Sponsus
3717 3589 3820 3624 non

2222 3655 2360 3702 sum,
2405 3644 2500 3692 sed
2546 3640 2751 3693 amicus
2791 3641 2982 3708 Sponsi
3023 3656 3163 3693 stnn.
3214 3640 3322 3693 Nec
3366 3649 3590 3708 propter
3634 3656 3822 3694 vocem

2221 3724 2403 3778 suam,
2439 3708 2637 3778 .sedin
2677 3709 2872 3778 Sponsi
2925 3725 3060 3764 voce
3101 3711 3334 3776 gaudere
3371 3725 3428 3762 se
3485 3710 3820 3777 perhibebat,

2221 3777 2347 3844 quia
2378 3793 2484 3830 non
2515 3777 2636 3832 ideo
2661 3777 2944 3832 laetabatur
2969 3780 3021 3832 in
3051 3782 3234 3842 corde,
3263 3781 3519 3846 quon'am
3551 3779 3822 3832 humiliter

2223 3862 2252 3899 a
2283 3847 2493 3915 populis
2519 3847 2835 3901 audiebatur
2863 3847 3110 3916 loquens,
3139 3848 3230 3900 sed
3256 3851 3380 3914 quia
3425 3851 3540 3916 ipse
3573 3847 3823 3903 Veritatis

2222 3931 2409 3968 vocem
2442 3917 2694 3970 audiebat
2722 3917 2865 3970 intus
2893 3929 2952 3970 ιιι
2978 3918 3284 3985 loqueretur
3315 3918 3463 3970 loris.
3497 3917 3656 3982 Quod
3688 3920 3744 3970 bc
3758 3933 3822 3972 ne

2221 3985 2472 4054 gaudium
2501 3985 2774 4054 impletum
2805 3985 2954 4052 diett,
2985 4002 3109 4054 qua
3142 3988 3385 4054 quisquis
3431 3988 3499 4039 de
3547 4003 3643 4039 sua
3688 4003 3821 4040 voce

2223 4053 2436 4122 gaudet,
2470 4053 2686 4122 pletiunt
2730 4055 2979 4122 gaudium
3007 4053 3113 4109 ἰιοιι
3148 4053 3328 4120 habet,
3361 4071 3390 4107 a
3419 4073 3527 4122 quo
3555 4064 3609 4108 et
3639 4057 3818 4109 subdi-

2225 4130 2309 4174 tur
2333 4121 2531 4192 :illlum
2571 4121 2769 4192 Oportet
2813 4141 3059 4185 crescere,
3103 4141 3183 4176 me
3220 4137 3386 4177 autem
3426 4121 3593 4177 minui
3635 4126 3817 4191 (Joan.

2221 4207 2298 4250 tu,
2348 4191 2462 4261 51).
2504 4191 2617 4257 Qua
2663 4194 2714 4246 in
2753 4209 2810 4246 re
2849 4194 3198 4261 quaerendum
3238 4206 3319 4247 est
3351 4196 3400 4246 in
3432 4211 3542 4260 quo
3581 4195 3820 4248 Christus

2222 4261 2409 4332 crevit,
2444 4261 2496 4314 in
2527 4277 2633 4329 quo
2665 4265 2902 4318 minutus
2944 4272 3025 4316 est
3063 4262 3320 4326 Joannes,
3355 4263 3454 4316 nisi
3484 4267 3631 4329 quod
3661 4281 3822 4332 popa.

2223 4330 2304 4381 lus
2329 4329 2552 4383 Joannis
2581 4332 2955 4385 abstinentiam
2987 4332 3190 4394 videns,
3240 4344 3512 4386 remotum
3567 4329 3710 4387 hunc
3733 4329 3818 4385 'ab

2225 4398 2529 4470 hominibus
2555 4413 2673 4454 esse
2701 4403 3065 4470 conspiciens,
3111 4418 3234 4455 eum
3264 4417 3385 4455 esse
3412 4401 3686 4455 Christum
3721 4419 3817 4470 pu-

2225 4467 2406 4539 tabat:
2431 4468 2702 4522 Christum
2740 4467 2868 4524 vero
2907 4487 3028 4524 cum
3071 4471 3369 4539 publicanis
3407 4467 3812 4536 comedente'm,

2223 4535 2365 4589 inter
2393 4546 2703 4605 peccatores
2731 4535 3091 4593 ambulantem
3122 4541 3354 4599 intuens,
3381 4556 3503 4594 eum
3536 4557 3644 4592 non
3669 4535 3816 4593 Chri-

2221 4613 2385 4668 stum,
2425 4607 2519 4660 sed
2567 4610 2883 4676 prophetam
2930 4624 3050 4663 esse
3095 4610 3366 4663 credebat.
3411 4611 3516 4662 Sed
3560 4610 3688 4660 dum
3727 4625 3809 4677 per

2222 4687 2499 4747 accessum
2544 4678 2800 4747 temporis
2844 4686 2900 4732 et
2941 4677 3219 4741 Christus,
3267 4680 3360 4747 qui
3411 4679 3674 4746 propheta
3704 4694 3822 4744 esst,

2223 4745 2552 4816 putabatur,
2603 4746 2846 4802 Christus
2893 4749 3104 4815 agnitus
3151 4745 3368 4812 est,‘et
3396 4745 3680 4810 Joannes,
3727 4755 3821 4816 qui;

2221 4810 2469 4885 Christus
2491 4810 2612 4868 esse
2637 4810 2960 4870 credebatur
2989 4810 3261 4885 propheta
3283 4833 3402 4871 esse
3433 4818 3690 4876 inuoluit,
3723 4810 3788 4869 int

2221 4881 2424 5004 pictum
2451 4896 2528 4937 est
2561 4887 2703 4952 quod
2725 4887 2793 4939 de
2813 4881 3026 4940 Christo
3052 4881 3180 4939 suus
3209 4903 3509 4953 pra-cursor
3537 4903 3630 4954 pra
3648 4887 3806 4942 dixit:

2255 4951 2379 5003 llum
2425 4962 2618 5004 ουονιιι
2667 4971 2910 5004 crescere-
2957 4972 3037 5004 me
3084 4965 3253 5004 autem
3292 4957 3474 5004 minui.
3506 4955 3567 5004 In
3591 4959 3806 5004 mstima-

2255 4951 2379 5003 llum
2425 4951 2618 5021 oporttt
2667 4971 2911 5020 crescere,
2957 4972 3037 5008 me
3084 4951 3253 5008 autem
3292 4957 3474 5009 minui.
3506 4951 3567 5009 In
3591 4959 3810 5008 aestima.

2222 5021 2370 5073 tione
2396 5023 2594 5090 quippe
2625 5023 2826 5093 populi,
2855 5033 2911 5078 et
2937 5024 3181 5079 Christus
3211 5034 3382 5078 crevit
3427 5028 3554 5092 quia
3607 5021 3814 5093 agnitus

2222 5097 2305 5142 est
2328 5093 2470 5163 quod
2499 5101 2636 5154 erat,
2665 5103 2720 5145 et
2744 5092 2978 5148 Joannes
3005 5095 3248 5148 decrevit
3284 5096 3408 5163 quia
3454 5092 3688 5149 cessavit
3714 5094 3812 5149 dici

2222 5161 2364 5225 quod
2393 5175 2499 5212 non
2531 5169 2663 5214 erat.

2223 5253 2352 5310 CAP.
2385 5255 2472 5310 XI.
2497 5289 2571 5300 —
2600 5256 2722 5312 Non
2750 5231 2922 5326 umero
2951 5262 3262 5315 voluntatem
3291 5279 3489 5326 meam,
3514 5263 3609 5315 sed
3638 5263 3810 5316 colu-

2352 5335 2508 5378 tatem
2532 5327 2642 5396 ejus
2670 5329 2754 5398 qui
2783 5331 2922 5383 misit
2949 5347 3030 5384 me
3063 5331 3236 5384 Patris
3270 5334 3451 5396 (toan.
3479 5348 3510 5385 v
3529 5373 3543 5392 ,
3578 5332 3692 5399 30).

2298 5415 2510 5485 (Regul.
2538 5423 2741 5490 pastori
2768 5430 2906 5490 part.
2939 5436 3024 5483 ιιι,
3053 5436 3175 5488 cap.
3217 5421 3321 5490 l8.)
3357 5422 3669 5474 Pertinaces
3693 5421 3806 5489 plus

2225 5483 2316 5538 de‘
2341 5499 2400 5538 se
2423 5483 2583 5552 quam
2613 5487 2718 5541 sint
2746 5483 3006 5554 seruiunt,
3037 5500 3091 5542 et
3121 5483 3317 5543 ideirco
3349 5491 3541 5542 alienis
3579 5483 3807 5543 consiliis

2227 5569 2332 5606 non
2363 5555 2728 5621 acquiescant.
2759 5556 2868 5610 Nisi
2900 5560 3042 5611 enim
3069 5559 3320 5611 meliores
3348 5574 3407 5611 se
3435 5561 3646 5612 ueteris
3673 5561 3804 5610 asti—

2227 5633 2476 5692 marent,
2506 5639 2845 5692 nequaquam
2887 5637 3199 5681 cunctorum
3252 5629 3477 5681 consilia
3525 5643 3637 5681 sua:
3682 5630 3808 5680 deli.

2226 5691 2928 5766 herationipoStponercnt.
2968 5695 3266 5750 Pertinacia
3297 5698 3497 5766 quippe
3524 5707 3806 5763 generatur

2225 5776 2290 5813 cx
2330 5763 2607 5829 superbia;
2645 5765 2947 5832 pertinaces
2978 5766 3134 5835 igitur
3160 5763 3447 5822 elationem
3484 5783 3596 5823 sua:
3623 5768 3806 5835 cogni-
