4028 6346
251 417 390 470 lilii

655 398 899 464 ALULFVI
945 407 1301 463 EXPOSITIO
1340 409 1497 462 VET.
1542 409 1625 462 ET
1665 408 1822 463 NOV.
1865 410 2062 464 'I'EST.
2101 439 2170 452 -
2208 413 2358 468 SUP.
2400 413 2647 469 EVANG.
2689 414 2838 468 SEC.
2877 411 3068 470 JOAN.

3370 419 3504 476 i2€6

250 529 408 585 tionis
434 534 728 601 agnoscant
751 567 766 590 ,
797 533 852 601 e_t
889 525 1207 601 semetipsos
1228 527 1444 601 vincere
1463 526 1730 601 studeant,
1760 539 1828 579 ne
1857 531 1901 585 Α
1930 526 2254 601 perveniret.
2282 525 2415 580 Hinc
2443 528 2506 601 in
2525 526 2811 601 Evangelio
2837 528 3049 601 Veritas,
3068 531 3196 584 dicit
3221 548 3233 582 :
3265 532 3395 586 Eum
3415 510 3518 601 qui.

247 601 375 654 dum
427 593 654 650 aliorum
703 593 864 648 rectis
901 593 1238 649 suasionibus
1267 593 1408 648 foras
1435 596 1677 664 superari
1703 600 1827 647 des-

244 669 478 737 piciunt.
512 665 654 737 intus
682 678 710 715 a
740 664 988 737 Superbia
1018 664 1215 737 captivi
1243 672 1544 737 teneantur.
1586 664 1826 718 Solerter

244 730 409 802 etiam
441 734 701 802 aspiciant
726 733 850 800 quia
890 730 1027 784 ﬁlius
1066 732 1297 786 hominis
1319 774 1333 798 ,
1366 735 1448 788 cui
1480 749 1580 786 una
1611 749 1826 801 semper

243 820 366 860 cum
392 801 548 857 Patre
577 802 825 854 voluntas
850 809 950 864 est,
971 809 1028 854 ut
1047 803 1350 871 exemplum
1373 802 1825 871 nobisfrangendi

243 883 488 928 nostram
537 871 865 925 voluntatem
921 870 1218 941 praeberet,
1256 871 1385 925 dicit
1429 889 1441 923 :
1494 870 1616 925 Non
1653 887 1824 941 quer

241 947 572 1010 voluntatem,
593 956 798 1010 meam,
850 939 955 1010 sed
980 938 1290 1010 voluntatem
1323 942 1435 1010 ejus
1465 943 1549 1008 qui
1577 938 1718 994 misit
1745 957 1826 994 me

243 1011 445 1064 Patris.
478 1009 575 1074 Qui
607 1020 663 1062 ut
691 1007 847 1076 hujus
873 1008 1048 1062 adhuc
1074 1009 1284 1062 virtutis
1304 1007 1528 1076 gratiam
1552 1025 1823 1064 commen-

241 1079 431 1140 daret.
461 1086 794 1148 servaturum
824 1092 882 1130 se
913 1077 1089 1130 hocin
1117 1087 1358 1130 extremo
1383 1079 1582 1145 judicio
1611 1079 1822 1148 praemi-

241 1150 343 1213 sit,
377 1148 561 1218 dicens
591 1164 619 1218 :A
646 1145 769 1199 Non
799 1162 1005 1218 possum
1033 1163 1124 1218 ego
1163 1163 1196 1218 ει
1230 1149 1421 1217 meipso
1467 1145 1635 1215 facere
1676 1148 1826 1218 quid-

241 1234 428 1286 quam,
460 1216 550 1269 sed
577 1216 706 1270 sicut
735 1216 910 1286 audio,
926 1215 1125 1286 judice.
1154 1215 1265 1280 Qua
1299 1215 1475 1285 itaque
1499 1215 1822 1270 conscientia

242 1284 566 1353 dedignatur
582 1286 740 1338 homo
755 1285 940 1338 aliena:
955 1284 1214 1337 voluntati
1227 1284 1588 1352 acquiescere,
1611 1287 1824 1352 quando

243 1353 342 1408 Dri
397 1362 560 1422 atque
599 1354 829 1406 hominis
878 1353 1012 1405 lilius
1059 1368 1179 1406 cum
1223 1355 1434 1409 virtutis
1462 1369 1572 1407 sua:
1600 1355 1825 1422 goriam

241 1425 393 1478 venit
440 1424 723 1478 ostendere
747 1462 762 1487 ,
805 1430 1033 1476 testatur
1067 1437 1127 1476 se
1169 1437 1276 1477 non
1307 1437 1336 1476 a
1366 1424 1656 1491 semetipso
1679 1423 1824 1492 judi-

243 1496 408 1548 care!

240 1581 374 1636 Car.
399 1580 510 1635 XII.
531 1614 594 1624 —
627 1581 777 1636 Jesus
806 1598 921 1634 cum
949 1583 1264 1653 cognovisset
1283 1583 1402 1653 quia
1425 1582 1619 1653 venturi
1637 1591 1823 1649 essent,

490 1661 547 1704 ut
569 1659 806 1721 raperent
835 1667 948 1704 eum
973 1693 987 1716 ,
1013 1650 1118 1706 etc.
1151 1650 1328 1720 (Joan.
1359 1669 1430 1714 v1,
1465 1651 1573 1722 15).

317 1739 529 1810 (Regul.
564 1749 763 1810 pastor.
795 1749 933 1808 part.
966 1757 1004 1806 ι,
1031 1755 1148 1809 cap.
1181 1741 1258 1804 5.)
1289 1741 1365 1795 Ne
1387 1750 1652 1795 temerare
1675 1756 1827 1796 sacra

243 1809 507 1876 regimina
555 1809 793 1878 quisquis
829 1810 1002 1878 impar
1037 1819 1120 1863 est
1157 1812 1387 1873 audeat,
1421 1818 1476 1863 et
1503 1825 1601 1877 per
1625 1825 1829 1864 concu-

286 1880 561 1932 iscentiam
609 1878 852 1932 culminis
899 1883 1148 1934 ducatum
1186 1879 1437 1947 suscipiat
1475 1880 1823 1946 perditionis,
1856 1882 1902 1942 B

278 1948 478 2018 acobus
507 1948 594 2015 pie
622 1947 888 2018 prohibet,
916 1948 1145 2018 dicens;
1181 1947 1359 2001 Nolite
1385 1950 1558 2018 plures
1591 1949 1825 2018 magistri

242 2016 396 2085 fieri,
413 2018 603 2085 fratres
623 2017 719 2068 mei
741 2015 878 2085 (Jac.
909 2033 984 2082 nt,
1009 2018 1080 2085 1).
1107 2017 1239 2071 Hinc
1269 2015 1497 2085 ipse’Dei
1523 2015 1828 2072 hominum-

243 2083 352 2151 que
381 2083 641 2138 Mediator
662 2083 884 2156 regnum
915 2083 1191 2154 percipere
1219 2083 1408 2139 vitavit
1436 2087 1489 2140 in
1522 2088 1679 2142 terris
1705 2088 1822 2156 qui,

242 2167 597 2224 supernorum
630 2155 907 2223 spirituum
938 2171 1153 2224 qunque
1191 2156 1469 2209 scientiam
1501 2155 1824 2222 sensumque

245 2222 668 2292 transcenderis,
687 2233 810 2277 ante
835 2222 1027 2278 saecula
1059 2235 1247 2289 regnat
1271 2227 1325 2278 in
1356 2225 1526 2278 cretis.
1555 2224 1823 2292 Scriptum

240 2292 442 2359 quippe
467 2300 576 2345 est:
607 2291 757 2344 Jesus
782 2309 894 2345 cum
916 2295 1252 2363 cegnovisiet,
1278 2295 1394 2362 quia
1415 2295 1612 2346 venturi
1634 2291 1822 2357 essent,

240 2368 300 2411 ut
331 2370 571 2432 raperent
597 2378 735 2432 eum,
759 2371 808 2432 et
836 2364 1064 2432 facerent
1082 2378 1197 2415 eum
1224 2379 1412 2432 regem,
1441 2364 1567 2431 fugit
1594 2364 1649 2415 in
1677 2379 1825 2416 mon-

242 2437 347 2499 tem
376 2431 484 2497 ipse
511 2432 671 2484 solus.
704 2429 845 2495 Quis'
871 2434 1011 2484 enim
1041 2429 1346 2485 hominibus
1387 2429 1673 2499 prin'cipari
1712 2441 1821 2485 tam

238 2498 363 2551 sine
400 2501 554 2566 culpa
598 2500 898 2568 potuisset.
931 2515 1090 2568 quam
1123 2501 1167 2553 is
1191 2501 1281 2568 qui
1309 2498 1572 2553 nimirum
1596 2503 1694 2553 hos
1737 2515 1824 2552 re-

237 2575 396 2632 geret
444 2583 578 2634 quos
620 2569 732 2636 ipse
779 2571 1081 2622 creaverat?
1121 2568 1224 2624 Sed
1260 2570 1511 2637 quoniam
1543 2569 1738 2622 idcirco
1767 2569 1820 2621 in

239 2649 409 2707 carne
438 2639 686 2705 apparuit
723 2648 780 2690 ut
806 2653 914 2692 non
944 2637 1116 2693 solum
1149 2655 1245 2692 nos
1275 2653 1371 2707 per
1400 2639 1700 2706 passionem
1732 2653 1819 2691 re-

237 2703 519 2776 dilueret,
535 2722 717 2760 verum
749 2708 911 2760 etiam
944 2722 1038 2776 per
1064 2703 1528 2762 conversationem
1560 2707 1816 2770 doceret,

237 2775 548 2843 exetnplum
578 2790 636 2828 se
665 2775 1013 2843 sequentibus
1045 2779 1284 2838 limbi-ns
1307 2817 1322 2838 .
1357 2792 1452 2830 rex
1483 2776 1597 2830 lieri
1626 2777 1816 2828 noluit.

239 2841 324 2914 Ad
350 2841 523 2914 crucis
554 2859 678 2897 vero
725 2841 1011 2909 patibulum
1051 2855 1243 2914 sponte
1275 2846 1514 2911 pervenit
1537 2883 1552 2907 ,
1583 2846 1817 2898 oblatam

238 2911 465 2983 gloriam
495 2914 738 2966 culminis
761 2913 894 2981 fugit
915 2953 932 2974 .
962 2911 1170 2983 ptenam
1204 2917 1337 2982 prob
1358 2930 1476 2968 oste
1504 2914 1694 2967 mortis
1719 2929 1816 2981 ap-

237 2980 526 3050 petiit_,qut
564 2983 800 3036 membra
832 2980 976 3050 ’cjus'
1004 2980 1250 3037 videlicet
1293 2983 1562 3036 discerent
1611 2980 1820 3037 favores

235 3048 424 3101 "umidi
448 3048 632 3114 lugere
655 3091 669 3114 ,
703 3048 935 3105 ter-ores
963 3052 1177 3106 minime
1210 3052 1396 3104 timere
1418 3091 1433 3115 ,
1467 3067 1563 3118 pro
1592 3051 1818 3106 veritate

235 3118 466 3189 adversa
484 3119 718 3186 diligere,
737 3136 832 3189 pro
849 3136 994 3189 pera
1017 3121 1349 3174 lormidando
1374 3120 1663 3186 declinare,
1691 3123 1816 3187 quia

238 3193 303 3270 ιίι
323 3186 427 3270 lista
458 3202 598 3256 szepe
641 3186 1024 3270 peruumorcm
1054 3205 1149 3244 cor
1178 3190 1495 3269 inquinant,
1525 3196 1578 3270 et
1605 3189 1692 3269 illa
1711 3186 1818 3270 per

234 3254 484 3309 dolorem
527 3254 755 3325 puigatit
785 3276 797 3309 :
838 3260 887 3311 in
935 3259 1050 3313 istis
1078 3273 1138 3313 se
1164 3254 1373 3311 animus
1413 3258 1602 3324 erigit,
1635 3259 1686 3310 in
1717 3254 1820 3313 illis

235 3332 462 3389 autem,
496 3327 654 3378 etiam
693 3327 906 3394 quando
941 3342 1001 3382 se
1049 3328 1321 3390 erexerit,
1366 3329 1588 3391 sternit;
1623 3327 1674 3380 in
1707 3329 1821 3384 istis

233 3407 364 3446 sese
391 3395 551 3448 homo
574 3396 922 3461 obliviscitur,
946 3397 999 3449 in
1031 3396 1131 3450 illis
1153 3411 1283 3450 vero
1312 3395 1378 3448 ad
1403 3396 1486 3449 sui
1507 3398 1820 3452 memoriam

235 3461 435 3515 nolens
455 3464 614 3516 etiam
643 3474 965 3534 coactusque
989 3473 1292 3520 revocatur.

235 3549 374 3606 CAP.
407 3551 536 3605 XIII.
584 3585 656 3595 ——
687 3551 1037 3635 ngritisme
1060 3597 1075 3620 ,
1112 3555 1609 3635 quianmanducastis
1638 3556 1700 3609 de
1721 3573 1819 3627 pa-

721 3623 869 3678 nibus
901 3625 1080 3694 (Joan.
1108 3623 1193 3688 vl,
1224 3623 1338 3693 26).

315 3709 394 3780 (In
424 3713 653 3779 exposit.
689 3711 746 3764 Β.
779 3712 897 3774 Job,
931 3713 1019 3767 lib.
1052 3728 1203 3779 xxtn,
1235 3729 1380 3767 num.
1410 3712 1526 3776 49.)
1557 3713 1610 3766 In
1641 3713 1820 3781 Sci-ip.

235 3789 364 3834 tura
413 3796 562 3850 sacra
603 3783 754 3850 panis
782 3782 1067 3849 aliquando
1098 3783 1209 3849 ipse
1238 3781 1493 3835 Dominus
1519 3798 1595 3836 ac.
1617 3784 1777 3848 ipitUr
1802 3824 1818 3850 ,

234 3850 392 3920 sicut
429 3849 543 3917 ip~e
583 3849 642 3920 in
667 3850 952 3920 Evangelia
992 3850 1116 3904 dicit
1161 3869 1174 3903 :
1225 3850 1334 3920 Ego
1363 3867 1474 3903 sum
1503 3853 1652 3919 panis
1683 3853 1819 3905 virus

234 3919 330 3988 qui
359 3917 421 3969 de
459 3920 584 3971 caelo
610 3919 846 3989 descendi
874 3918 1052 3989 (loan.
1085 3936 1133 3973 Vl
1162 3963 1174 3982 ,
1222 3917 1336 3985 εἰ.)
1382 3921 1425 3972 Α
1449 3917 1680 3988 iquaodo
1727 3937 1821 3989 per

232 4001 436 4055 panem
464 3989 662 4057 _gratia
709 3988 834 4041 doni
885 3988 1180 4056 spiritua'is
1225 3989 1520 4057 accipitur,
1569 3988 1820 4043 sicot’de

235 4053 430 4108 sancta
461 4053 695 4110 Ecclesia
736 4072 831 4124 per
861 4053 1023 4110 David
1056 4053 1309 4110 Dominus
1341 4053 1478 4110 dicit
1508 4053 1520 4107 ὲ
1561 4057 1818 4121 l’auperes

233 4125 356 4195 ejus
381 4127 622 4178 saturabo
658 4127 872 4195 panibus
903 4125 1073 4195 (Psal.
1104 4141 1264 4179 cxxxt
1285 4165 1299 4187 ,
1335 4124 1458 4192 15);
1489 4126 1612 4193 quia
1645 4127 1695 4179 in
1728 4127 1818 4181 illo

233 4193 431 4313 ¥ositze
460 4193 666 4249 mentes
695 4193 969 4248 humilium
1017 4195 1371 4263 spiritualium
1412 4195 1700 4262 implentur
1730 4212 1817 4248 re-

260 4263 475 4313 ectione
515 4264 796 4313 donorum.
845 4265 1142 4313 Aliquando
1173 4280 1268 4313 uer
1310 4279 1499 4313 nanem
1526 4265 1670 4313 subsi
1711 4264 1817 4313 ium

260 4263 475 4332 'ectione
515 4264 796 4317 donorum.
845 4265 1142 4332 Aliquando
1173 4280 1268 4332 per
1310 4279 1499 4329 panem
1526 4265 1670 4332 subsi
1711 4264 1817 4316 ium

233 4329 368 4401 vita:
397 4333 672 4399 pnesentis
695 4329 972 4401 accipitur,
1005 4334 1142 4386 sicut
1169 4329 1281 4400 ipse
1307 4333 1358 4401 in
1393 4331 1679 4400 Evangelia
1709 4333 1816 4386 Do—

233 4399 434 4473 minus
449 4401 615 4473 turbis
641 4416 698 4473 se
727 4399 1073 4473 sequentibus
1103 4399 1274 4473 dicit»:
1314 4399 1558 4473 Quaeritis
1584 4418 1817 4473 nte,_non

231 4469 363 4538 quia
389 4469 585 4522 vidistis
609 4471 763 4540 signa
771 4469 817 4522 ’ί
830 4471 920 4523 sed
947 4471 1066 4540 quia
1094 4471 1446 4524 manducasis
1472 4472 1535 4540 de
1561 4471 1778 4538 panibus
1797 4510 1813 4534 ,

232 4537 287 4590 et
317 4541 534 4589 saic’trati
564 4537 703 4591 estis.
741 4539 814 4592 De
843 4537 1047 4608 septem
1074 4540 1214 4593 enim
1246 4540 1469 4606 panibus
1498 4537 1708 4592 fuerant
1735 4555 1814 4593 sa-

232 4607 380 4658 tiati.
422 4606 487 4658 Et
535 4623 630 4658 uer
678 4622 863 4658 eorum
914 4624 1195 4658 nersonam
1229 4608 1482 4658 Dominus
1524 4609 1643 4658 illos
1669 4609 1808 4658 intra

232 4607 380 4661 tiati.
422 4607 487 4658 Et

232 4684 484 4746 sanctam
511 4677 798 4731 Ecclesium
820 4678 1136 4742 detestatur,
1161 4677 1249 4745 qui
1279 4693 1374 4746 per
1394 4694 1575 4731 Sacros
1600 4679 1813 4731 ordines

231 4744 304 4795 ad
339 4741 616 4799 Dominum
646 4747 832 4814 prapin
854 4755 1080 4812 tuantes,
1105 4741 1209 4800 non
1237 4741 1292 4799 in
1309 4746 1510 4801 eisdem
1540 4747 1815 4800 ordinbus

234 4814 455 4877 merita,
485 4815 586 4884 sed
614 4816 855 4884 subsidia
900 4816 1021 4868 vitm
1066 4817 1340 4884 praesentis
1368 4816 1681 4884 exquirunt,
1714 4831 1816 4870 nec

231 4885 480 4953 cogitant
501 4882 625 4950 quid
652 4885 875 4936 vivisndo
904 4882 1096 4938 imitari
1124 4886 1372 4947 debeant,
1405 4882 1500 4938 sed
1525 4900 1644 4953 qua:
1675 4901 1815 4939 com-

231 4949 444 5022 pendis
465 4949 806 5022 percipienlo
831 4955 1110 5006 satientur.
1138 4954 1374 5022 Satiatos
1401 4949 1600 5022 quippe
1627 4954 1694 5008 de
1723 4969 1816 5022 pa-

232 5020 400 5091 nibus
430 5020 711 5091 Dominum
740 5022 890 5089 sequi
920 5033 1001 5075 est
1027 5023 1094 5076 de
1122 5032 1306 5076 sancta
1337 5020 1577 5076 Ecclesia
1610 5020 1817 5091 tempo-

234 5088 374 5160 ralia
391 5090 647 5143 alimenta
669 5088 973 5159 sumpsisse.
1001 5091 1065 5143 Et
1078 5107 1182 5145 non
1200 5107 1296 5160 pro
1317 5093 1481 5158 signis
1505 5088 1816 5160 Dominum,

233 5157 336 5210 sed
382 5172 480 5224 pro
533 5161 759 5226 panibus
784 5157 1027 5226 quaerere
1079 5169 1162 5213 est
1191 5157 1256 5213 ad
1286 5157 1559 5225 religionis
1586 5159 1818 5215 ofticium

235 5240 352 5298 non
378 5241 505 5298 ‘pro
535 5228 840 5298 virtutibus
878 5230 1164 5296 augendis,
1208 5230 1302 5285 sed
1348 5246 1444 5297 pro
1489 5230 1822 5298 requirendis

236 5293 494 5348 subsidiis
530 5297 760 5350 inhiare.
953 5293 970 5296 ⁷
1151 5293 1159 5295 “
1202 5331 1216 5343 .
1348 5293 1362 5297 “
1565 5293 1584 5298 '
1720 5331 1722 5334 _

233 5380 373 5435 Cn.
404 5381 542 5436 XIV.
574 5415 644 5426 —
671 5385 804 5438 Eum
824 5389 916 5516 (qlui
946 5386 1076 5439 venit
1107 5386 1297 5520 υἷι-ἴω.
1321 5402 1425 5439 non
1445 5386 1650 5454 ejiciam
1679 5387 1824 5456 [oras

882 5472 1002 5508 oan.
1036 5471 1100 5518 η,
1132 5477 1136 5480 ·
1176 5469 1190 5505 t
1228 5493 1240 5507 .

824 5456 1002 5516 (Joan.
1036 5471 1100 5516 η,
1132 5456 1240 5516 l7).

314 5518 404 5591 (In
431 5522 661 5588 exposit.
707 5522 765 5577 Β.
1297 5563 1312 5584 ,
1352 5538 1499 5575 num.
1534 5522 1647 5591 12.)
1678 5521 1821 5576 Obe-

236 5588 442 5660 dientia
485 5593 599 5644 sola
632 5593 797 5644 vietus
853 5602 934 5647 est
984 5608 1102 5660 qua:
1140 5594 1220 5660 vir
1248 5600 1363 5644 otes
1394 5588 1816 5646 caeterasmenti

240 5658 431 5712 inserit
475 5661 804 5728 insertasque
845 5658 1095 5716 Custodit.
1147 5659 1300 5714 Un.le
1339 5669 1392 5712 et
1423 5662 1620 5727 primm
1653 5661 1815 5713 homo

238 5737 569 5798 perceptum
591 5733 731 5796 quod
747 5731 1225 5798 servarctaccepit,
1251 5729 1337 5782 cui
1360 5731 1402 5782 si
1427 5746 1485 5781 se
1507 5731 1666 5783 vellet
1687 5732 1814 5782 ohe-

245 5796 401 5852 uicns
426 5796 651 5853 subdere
670 5837 688 5867 ,
715 5798 790 5852 ad-
809 5808 1061 5854 tit-ternum
1091 5796 1470 5854 beatitudinem
1497 5799 1610 5854 sine
1633 5799 1814 5853 labore

570 4623 630 4660 er
678 4622 863 4661 eorum
904 4601 1195 4677 personam
1229 4601 1482 4662 Dominus
1524 4609 1643 4663 illos
1669 4609 1808 4662 intra
1845 4601 1891 4658 D

1929 594 2065 650 venit
2083 594 2153 646 ad
2175 611 2284 667 me,
2312 611 2412 647 non
2439 596 2641 667 ejiciam
2672 599 2815 664 foras
2838 614 2855 650 :
2877 600 2996 667 quia
3017 600 3254 651 descendi
3276 604 3338 653 de
3357 594 3502 667 cado,

1928 682 2031 740 non
2078 675 2148 740 t_tt_
2172 665 2362 740 faciam
2402 665 2898 740 uoluntatem‘meam
2915 707 2930 731 ,
2954 669 3050 740 sed
3073 669 3375 721 voluntatem
3397 665 3504 740 ejus

1928 735 2011 804 qui
2032 731 2178 804 misit
2191 749 2290 785 me.
2322 731 2458 804 Quid
2487 734 2668 804 enim,
2689 734 2732 804 si
2760 750 2909 787 suam
2939 739 3166 798 faceret,
3199 752 3292 790 eos
3320 731 3506 802 qni'ad

1927 801 1987 858 se
2015 801 2234 870 veniunt
2270 801 2598 870 repulisset?
2637 801 2766 866 Quis
2795 811 2974 856 autem
3007 807 3211 857 nesciat
3239 801 3380 869 quod
3413 823 3505 858 vo-

1928 873 2104 926 luntas
2153 869 2271 924 Filii
2316 869 2345 922 a
2386 869 2558 940 Patris
2601 874 2872 923 voluntate
2915 888 3019 925 non
3054 873 3364 940 discrepet?
3397 874 3503 927 Sed

1927 941 2177 1010 quoniam
2207 940 2408 1010 primus
2430 938 2626 1010 homo,
2648 941 2770 1006 quia
2795 955 2944 994 suam
2970 938 3301 994 Voluntatem
3331 942 3507 996 facere

1927 1009 2095 1064 voluit
2118 1049 2133 1071 ,
2157 1024 2186 1060 a
2213 1009 2440 1076 paradisi
2470 1009 2668 1074 gaudio
2691 1010 2846 1062 exivit
2878 1011 3143 1064 secundus
3171 1011 3235 1062 ad
3264 1011 3508 1078 redemp-

1928 1081 2127 1134 tionem
2159 1078 2432 1131 hominum
2463 1078 2681 1132 veniens
2705 1119 2719 1143 ,
2739 1078 2863 1130 dum
2888 1081 3220 1133 voluntatem
3247 1095 3306 1132 se
3334 1078 3507 1133 Patris

1927 1159 1983 1202 et
2021 1163 2130 1201 non
2170 1162 2340 1216 suam
2367 1145 2542 1200 facere
2583 1146 2816 1199 ostendit
2839 1188 2854 1212 ,
2885 1164 3198 1216 permanere
3227 1165 3324 1200 nos
3365 1149 3507 1200 intus

1927 1218 2125 1272 docuit.
2165 1214 2300 1268 Cum
2331 1215 2489 1282 igitur
2519 1232 2622 1268 non
2644 1233 2816 1280 suam,
2848 1214 2940 1270 sed
2973 1216 3146 1270 Patris
3177 1218 3506 1269 voluntatem

1926 1286 2074 1353 facit,
2102 1300 2195 1339 eos
2222 1284 2312 1353 qui
2340 1285 2406 1338 ad
2433 1301 2491 1339 se
2521 1285 2737 1337 veniunt
2766 1286 2906 1340 loras
2930 1303 3032 1339 non
3060 1285 3505 1354 ejicitquia,dnm

1927 1354 2175 1422 exemplo
2205 1371 2303 1407 suo
2325 1370 2418 1408 nos
2442 1355 2757 1408 obedientiaa
2773 1355 2981 1419 subiicit
2998 1358 3135 1408 viam
3157 1355 3306 1407 vobis
3327 1370 3510 1421 egres-

1927 1425 2095 1478 sionis
2126 1423 2344 1478 claudit.
2402 1423 2536 1475 Ilinc
2582 1439 2790 1477 rursum
2821 1425 2895 1476 ait
2927 1443 2939 1477 :
2975 1424 3097 1478 Non
3121 1440 3325 1492 possum
3353 1441 3445 1492 ego
3472 1442 3504 1476 α

1927 1495 2119 1563 nteipso
2175 1497 2347 1563 facere
2397 1492 2712 1563 quidquam,
2772 1495 2861 1546 sed
2912 1496 3042 1546 sicut
3078 1495 3288 1555 audio,
3327 1492 3506 1563 judico

1931 1561 2108 1630 (Joan.
2155 1578 2218 1627 v,
2267 1561 2595 1630 50).)Nobis
2641 1563 2836 1630 quippe
2877 1563 3178 1616 obedientia
3225 1561 3393 1629 usque
3441 1562 3506 1613 ad

1928 1641 2156 1685 mortem
2178 1629 2436 1683 servanda
2465 1629 2787 1698 przecipitur.
2823 1630 2939 1699 Ipse
2968 1641 3144 1684 autem
3175 1632 3217 1684 si
3249 1633 3387 1685 sicut
3418 1645 3508 1683 au-

1929 1700 2036 1766 dit,
2075 1699 2315 1768 judicat,
2354 1709 2481 1752 tunc
2523 1714 2740 1767 quoque
2783 1700 2964 1754 obedit
2992 1716 3113 1754 cum
3143 1700 3305 1768 judex
3336 1700 3504 1752 venit.

1929 1769 2008 1824 Ne
2052 1769 2212 1836 igitur
2252 1768 2405 1822 nobis
2433 1783 2599 1835 usque
2640 1768 2705 1820 ad
2749 1771 3026 1836 praesentis
3063 1771 3184 1822 vita:
3221 1769 3504 1821 terminum

1931 1838 2234 1892 obedientia
2291 1837 2554 1890 laboriosa
2599 1839 2894 1904 appareat,
2949 1837 3276 1903 Redemptor
3325 1846 3508 1889 noster

1928 1907 2128 1962 indicat
2155 1907 2276 1974 quia
2323 1905 2463 1959 hanc
2501 1905 2659 1958 etiam
2693 1921 2814 1960 cum
2848 1905 3014 1973 judex
3054 1907 3262 1960 venerit
3303 1915 3503 1959 servat.

1926 1976 2040 2030 Non
2065 1991 2194 2045 ergo
2217 1975 2405 2045 mirum
2431 1975 2474 2028 si
2501 1983 2750 2040 peccator
2776 1976 2936 2029 homo
2956 1975 3270 2030 obedientia:
3297 1975 3347 2028 in
3374 1990 3509 2045 pra:-

1925 2045 2094 2100 sentis
2133 2043 2254 2098 vita:
2298 2044 2556 2098 brevitate
2601 2059 2658 2098 se
2699 2044 2943 2112 subjicit,
2983 2047 3196 2109 quando
3233 2049 3371 2097 hanc
3400 2043 3508 2096 Me-

1924 2115 2101 2169 diator
2126 2114 2220 2236 Dei
2248 2122 2303 2194 et
2325 2114 2598 2167 hominum
2624 2121 2679 2167 et
2707 2128 2828 2167 cum
2855 2114 3168 2168 obedientes
3197 2120 3506 2168 remunerat

1926 2199 2033 2236 non
2065 2200 2122 2236 re
2150 2195 2338 2236 induit.

1926 2199 2033 2237 non
2065 2195 2338 2252 relinquit.

1925 2271 2052 2327 Car.
2085 2271 2198 2327 XV.
2230 2305 2300 2316 —
2329 2273 2575 2327 Flumina
2603 2273 2666 2327 de
2685 2283 2857 2329 ventre
2885 2275 2996 2344 ejus
3025 2276 3182 2341 ﬂuent
3207 2288 3356 2344 aqua:
3382 2273 3508 2325 riunt

2501 2344 2683 2409 (Joan.
2715 2360 2818 2407 vn,
2852 2344 2963 2413 58).

1996 2435 2075 2505 (In
2103 2436 2333 2505 exposit.
2368 2433 2585 2505 Β.)ιώ
2611 2477 2625 2499 ,
2663 2436 2754 2505 lib.
2787 2453 2945 2501 xvtu,
2973 2452 3116 2505 num.
3156 2433 3260 2497 5i;
3293 2433 3383 2505 lib.
3415 2447 3505 2505 x_t_,

1924 2501 2070 2557 num.
2106 2501 2202 2567 Mi;
2235 2504 2419 2558 homil.
2452 2503 2551 2565 IO,
2584 2506 2634 2556 in
2666 2503 2889 2570 Ezech.,
2921 2522 2974 2557 n.
3005 2503 3070 2567 6;
3107 2505 3156 2556 in
3180 2503 3408 2570 esposit.
3441 2501 3501 2552 Β.

1922 2572 2022 2626 Job
2044 2615 2059 2635 ,
2110 2574 2201 2626 lib.
2251 2589 2322 2625 xn
2342 2611 2356 2635 ,
2398 2588 2542 2625 num.
2578 2573 2658 2638 8.)
2689 2573 2884 2627 Beatus
2903 2571 3002 2626 Job
3027 2573 3158 2626 dicit
3183 2573 3248 2625 de
3282 2570 3505 2622 Domino

1921 2641 2144 2712 quodin
2171 2643 2335 2712 petris
2361 2643 2503 2694 rivos
2531 2642 2758 2712 excidit,
2782 2641 2833 2695 id
2858 2652 2940 2695 est
2970 2643 3022 2694 in
3051 2642 3198 2712 duris
3228 2640 3503 2712 gentiimn

1923 2707 2186 2767 cordibus
2201 2710 2394 2763 fluvios
2413 2707 2810 2778 pnedicationis
2839 2712 3067 2776 aperuit,
3091 2711 3230 2778 sicut
3253 2723 3347 2776 per
3375 2707 3504 2758 Pro-

1959 2783 2135 2834 betam
2166 2795 2378 2848 quoque
2418 2777 2484 2832 de
2525 2780 2787 2847 irriganda
2837 2780 3036 2833 dicitur
3061 2777 3306 2831 ariditate
3333 2777 3506 2842 genti—

1942 2852 2047 2904 inn
2101 2867 2114 2900 :
2172 2849 2348 2902 Posuit
2385 2850 2641 2902 desertum
2667 2852 2719 2903 in
2749 2858 2984 2917 stagnum
3014 2863 3196 2910 aqum,
3229 2857 3276 2899 et
3317 2859 3506 2897 terram

1919 2922 2051 2988 sine
2057 2934 2190 2988 aqua
2218 2918 2271 2988 in
2320 2920 2487 2970 exitus
2535 2936 2784 2987 aquarum
2815 2918 3116 2988 (Psal.cu
3142 2957 3157 2983 ,
3188 2917 3276 2988 ὄρ)
3297 2930 3317 2988 ί
3345 2922 3506 2988 atque

1920 2990 1972 3042 in
2014 2981 2302 3053 Evangelia
2333 2981 2594 3053 promittit
2632 2981 2922 3054 Dominus,
2955 2981 3183 3040 dicens:
3219 2981 3318 3046 Qui
3343 2984 3506 3054 credit

1918 3059 1973 3111 in
2018 3073 2122 3130 me,
2154 3051 2369 3124 fiumina
2395 3056 2458 3108 de
2479 3067 2653 3130 ventre
2676 3058 2788 3126 ejus
2812 3051 2971 3130 [luent
2999 3070 3147 3130 aquce
3173 3056 3326 3130 oivte,
3356 3051 3503 3130 quod

1919 3123 2242 3195 promis~um
2292 3133 2417 3177 tunc
2467 3123 2972 3195 audivitnits.’Ecce
3019 3123 3162 3195 enim
3212 3123 3262 3174 in
3302 3123 3504 3173 sanctis

1925 3193 1987 3263 pr
2007 3218 2012 3229 ι
2034 3194 2360 3247 dicatorihus
2388 3203 2444 3246 et
2471 3210 2574 3247 non
2602 3209 2667 3247 ex
2694 3193 2873 3247 Judma
2905 3194 3196 3263 progenitis
3218 3205 3311 3256 per
3338 3203 3506 3242 euoc-

1928 3261 2034 3318 tam
2079 3263 2368 3317 Ecclesium
2412 3262 2462 3314 in
2509 3270 2622 3317 toto
2652 3264 2783 3317 orbe
2809 3263 3084 3326 dillosam,
3115 3261 3312 3313 ﬂuenta
3354 3273 3505 3309 man-

1922 3334 2170 3388 datorum
2215 3332 2513 3386 cmlestiu-n
2556 3332 2782 3384 ubertim
2814 3341 3034 3385 manant
3062 3346 3154 3384 ore
3182 3327 3458 3395 getttilium
3484 3363 3501 3388 ,

1921 3403 2045 3471 quia
2088 3400 2499 3471 cum‘inpetris
2537 3401 2678 3453 rivos
2705 3402 2952 3471 aperuit,
3005 3415 3071 3471 ex
3115 3399 3262 3451 duris
3289 3409 3504 3471 quoque

1921 3463 2172 3526 cordibus
2209 3463 2399 3521 ﬂuvius
2434 3477 2630 3522 sanctae
2663 3463 3054 3536 praztticationis
3082 3472 3370 3521 emanavzt.
3405 3463 3508 3536 l’er

1922 3557 2112 3608 aquam
2141 3540 2280 3593 enim
2311 3539 2600 3608 aliquando
2628 3533 2851 3593 scientia
2881 3538 3272 3608 pmdicationis
3304 3533 3504 3608 accipi-

1922 3599 2010 3664 tur
2031 3648 2046 3671 ,
2071 3610 2221 3675 juxta
2251 3599 2674 3676 quod-scriptum
2701 3616 2782 3660 est
2813 3625 2824 3659 :
2856 3599 2998 3676 Aqua
3030 3605 3288 3676 profunda
3311 3599 3504 3676 ,_rerlm

1920 3695 1986 3731 ea:
2015 3668 2103 3732 or}
2136 3677 2231 3730 viri
2258 3668 2285 3729 ε’
2304 3685 2353 3729 et
2383 3668 2580 3728 torrens
2608 3668 2942 3737 redundans}
2983 3668 3097 3743 fons
3127 3668 3412 3740 sapientior.
3445 3668 3500 3720 ln

1921 3748 2099 3801 verbis
2124 3761 2340 3814 quoque
2378 3744 2516 3796 sacri
2554 3745 2749 3814 eloquii
2779 3758 3160 3814 nonnunquam
3193 3751 3384 3814 venter
3405 3754 3503 3805 pro

1920 3825 2100 3869 tuente
2128 3807 2265 3884 poni
2282 3814 2587 3884 consuevit.
2616 3807 2750 3884 Quia
2781 3814 2938 3870 igitur
2964 3807 3035 3884 de
3059 3818 3237 3884 mente
3265 3807 3388 3858 lidcl
3413 3822 3500 3857 um

1919 3879 2824 3952 sancue'prtedicationesrdellglunt
2844 3920 2858 3943 ,
2887 3880 3038 3946 quasi
3059 3879 3123 3932 de
3162 3886 3347 3952 ventre
3379 3890 3499 3927 cre-

1919 3946 2164 4006 dentium
2200 3965 2352 4015 aqua:
2389 3950 2522 4002 viva:
2562 3949 2778 4001 ﬂumina
2808 3952 3117 4001 decurrunt.
3166 3946 3266 3998 Per
3306 3958 3496 4015 aquam

1919 4035 2133 4088 quoque
2179 4010 2560 4088 nonnunquam
2609 4021 2781 4088 sancti
2829 4018 3058 4088 Spiritus
3097 4015 3374 4088 irriga'io.
3417 4010 3501 4062 vel

1918 4086 2105 4154 gratia.
2134 4088 2216 4140 vel
2247 4086 2439 4140 inl'usio
2464 4089 2602 4140 solet
2623 4087 2888 4153 di-signari
2907 4127 2920 4147 ,
2940 4087 3078 4137 sicut
3097 4086 3497 4154 scriptnmest:

1920 4149 2020 4220 Qui
2066 4158 2242 4213 biberit
2280 4173 2344 4209 ea:
2389 4173 2520 4224 aqua
2559 4172 2708 4225 quam
2741 4149 2842 4225 cgo
2881 4154 3124 4225 daboei,
3153 4149 3261 4225 non
3290 4149 3502 4225 sitiﬂtin

1920 4175 2019 4220 υιιι
2066 4175 2242 4213 01091⁸11
2280 4175 2344 4209 ea:
2389 4175 2520 4224 aqua
2594 4175 2708 4208 nam
2750 4175 2842 4225 ego
2881 4175 3015 4207 ααυο
3044 4175 3124 4218 ει,
3153 4175 3253 4206 ηοιι
3290 4175 3420 4204 Stmrt
3449 4175 3502 4200 In

1919 4237 2161 4281 teteruum
2207 4225 2386 4286 (Joan.
2438 4240 2519 4287 tv,
2559 4175 2674 4286 13).
2717 4225 2846 4278 Item
2880 4223 3133 4276 Dominus
3163 4222 3287 4275 dicit
3319 4237 3331 4270 :
3366 4216 3503 4270 Flu-

1917 4299 2059 4349 mina
2087 4312 2235 4364 aqure
2261 4297 2383 4348 virtu
2410 4295 2570 4364 ﬂuent
2597 4296 2660 4346 de
2692 4293 2995 4364 t'eutreejus
3014 4311 3024 4347 :
3044 4292 3154 4364 _lll)i_
3175 4289 3497 4364 evangelista

1917 4361 2402 4426 secuttts'adjttnxit
2435 4380 2448 4415 :
2485 4362 2598 4416 Hoc
2629 4372 2802 4415 autem
2842 4363 2973 4414 dixit
3020 4361 3082 4413 de
3117 4361 3315 4427 Spiritu
3354 4373 3501 4428 qa'ent

1917 4435 2169 4503 accepturi
2194 4442 2342 4486 erant
2369 4436 2629 4484 credentes
2659 4433 2710 4484 in
2741 4449 2884 4494 eum,

1916 4543 2044 4599 CAP.
2077 4543 2214 4597 XVI.
2258 4572 2314 4583 --
2343 4540 2442 4605 Qui
2463 4544 2574 4609 sine
2602 4552 2808 4609 peccato
2837 4550 2912 4593 est
2941 4549 3159 4594 vestrum
3181 4581 3196 4602 ,
3226 4540 3424 4609 primus
3451 4539 3502 4588 in

2196 4613 2337 4666 illum
2361 4608 2584 4680 lapidem
2603 4608 2772 4662 titillat
2797 4609 2973 4679 (Joan.
3005 4626 3115 4669 vu,
3146 4609 3220 4676 7).

1991 4701 2070 4770 (In
2102 4701 2330 4770 exposit.
2361 4700 2420 4751 Β.
2449 4698 2549 4752 Job
2573 4739 2588 4764 ,
2621 4699 2711 4770 lib.
2746 4714 2832 4751 xiv
2855 4738 2869 4762 ,
2905 4713 3052 4770 num.
3083 4696 3175 4759 53,
3202 4695 3432 4770 55;_lili._
3455 4710 3497 4754 ι,

1921 4763 2066 4824 num.
2101 4763 2213 4836 16.)
2253 4769 2447 4822 Contra
2479 4763 2834 4836 nosmetipsos
2873 4767 3217 4829 cor-igendos
3243 4764 3371 4836 erigi
3397 4763 3500 4836 dc-

1920 4841 2107 4900 btemus
2127 4881 2142 4897 .
2173 4833 2262 4898 ut.
2309 4838 2444 4892 mala
2491 4833 2724 4904 propria'
2745 4844 3188 4902 recognoscentes
3214 4875 3230 4899 ,
3259 4833 3499 4904 rislriltu

1921 4908 2277 4976 nosmetipsos
2325 4901 2525 4960 ultione
2566 4901 3204 4976 poenitentia);ileriamus,
3246 4911 3300 4976 et
3345 4901 3502 4953 nullis

1920 4992 2045 5045 erga
2063 4973 2445 5048 cogitationum
2470 4973 2747 5048 illecr-bras
2767 4975 3142 5048 blandimentis
3159 4973 3497 5048 itt_c|_itiatttes,

1921 5042 2255 5115 nequaquam
2295 5047 2449 5098 nobis
2489 5047 2540 5097 in
2576 5047 2809 5115 peccatis
2844 5059 3147 5115 pareamus.
3179 5042 3277 5105 Qui
3305 5044 3352 5115 si
3393 5042 3502 5090 ctis-

1923 5111 2078 5169 tricte
2108 5111 2287 5168 nostra
2315 5115 2460 5186 prius
2483 5115 2534 5166 in
2568 5113 2721 5166 nobis
2752 5113 2888 5186 mala
2921 5113 3272 5186 itiquuimur,
3299 5111 3498 5186 justum

1921 5199 2137 5251 quoque
2164 5193 2246 5236 est
2289 5180 2345 5234 u't
2385 5183 2544 5234 etiam
2575 5191 2761 5235 contra
2792 5184 2964 5235 aliena
2992 5185 3126 5233 tnala
3151 5196 3192 5251 tt
3223 5180 3363 5251 ilitrr
3389 5180 3498 5251 eii-

1925 5246 2131 5320 gatiiur,
2165 5262 2222 5305 ut
2247 5269 2309 5304 ea
2341 5266 2461 5318 qua:
2491 5252 2543 5303 in
2583 5253 2736 5304 nobis
2778 5253 3057 5319 punimns,
3087 5250 3247 5320 etiam
3285 5248 3342 5320 in
3383 5246 3502 5299 aliis

1925 5319 2295 5388 redarguendo
2335 5336 2670 5387 superemus.
2713 5319 2817 5373 Sed
2851 5320 2986 5372 hanc
3015 5319 3499 5388 corrigendiercc—

1928 5387 2125 5459 tionem
2159 5390 2282 5442 mali
2314 5407 2344 5442 n
2381 5391 2576 5449 sciunt.
2600 5389 2723 5454 quia
2756 5405 2875 5442 sese
2918 5389 3221 5456 relinquunt
3249 5396 3296 5439 et
3328 5387 3503 5459 bonos

1927 5458 2187 5525 impetnnt
2214 5459 2417 5524 sibique
2445 5473 2504 5510 se
2532 5460 2665 5510 intra
2695 5476 2843 5512 const
2859 5459 2967 5510 ient
2989 5473 3072 5508 am
3102 5472 3250 5509 suam
3279 5455 3504 5525 mollitie

1928 5523 2082 5579 aluta
2109 5527 2243 5579 ionis
2274 5523 2480 5581 blandae
2521 5527 2605 5581 inc
2629 5528 2836 5580 inautes
2857 5566 2870 5589 ,
2913 5537 3096 5580 contra
3126 5525 3386 5578 honorum
3417 5523 3500 5574 vi-

1926 5603 2030 5646 tam
2052 5596 2383 5648 districtione
2407 5598 2710 5662 aSpeiitatis
2735 5597 3040 5662 eriguntur;
3068 5595 3384 5660 semetipsos
3414 5607 3502 5662 re-

1923 5663 2260 5732 darguendos
2297 5661 2698 5732 relinquentes,
2746 5661 2880 5716 alius
2923 5663 3178 5717 districtis
3220 5661 3500 5732 sententiis

1922 5731 2218 5798 increpant.
2261 5732 2362 5798 Qui
2407 5730 2534 5787 vero
2568 5734 2914 5799 semetipsum
2947 5733 3090 5801 prius
3123 5747 3227 5801 non
3255 5730 3459 5801 judicat
3480 5765 3497 5788 .

1919 5802 2047 5871 quid
2074 5802 2126 5857 in
2165 5803 2268 5858 alio
2310 5811 2513 5858 rectum
2556 5798 3015 5872 judicct’ignorat.
3047 5799 3110 5853 Et
3138 5800 3184 5854 si
3214 5799 3362 5853 novit
3389 5798 3498 5852 fur-
