4028 6344
279 334 419 390 1249

697 327 946 386 ALULFI
988 323 1346 382 EXPOSITIO
1386 322 1547 377 νει.
1590 319 1678 375 ΕΤ
1717 321 1875 376 NOV.
1915 321 2110 376 TEST.
2149 352 2219 361 —
2257 323 2409 380 SUP.
2453 323 2704 379 EVANG.
2743 322 2885 380 SEC.
2923 323 3112 381 JOAN.

3400 327 3536 384 1250

273 449 376 511 rit,
408 460 522 499 vere
548 441 707 511 liberi_
737 440 900 492 eritis.
931 437 1194 504 Quoniam
1237 436 1396 511 igitur
1418 443 1617 511 interna
1649 432 1742 487 Dei
1770 446 1855 485 sa-
1886 437 1931 491 Λ
1962 431 2102 484 hunc
2148 446 2420 511 rgressum
2463 447 2738 511 nostrum,
2791 449 2950 502 quem
3002 437 3244 511 quotidie
3290 439 3537 511 meditari

315 504 497 574 ientia,
527 525 647 566 cttm
679 509 837 562 Patre
866 520 1210 579 manens-per
1235 504 1446 579 smcula,
1468 504 1531 579 _in
1565 504 1667 579 line
1693 516 1859 579 εωριιτ

315 532 497 574 1011113.
527 532 647 566 011111
680 532 837 562 rain:
867 532 1209 573 malleus-pur
1235 532 1446 567 meum,
1481 532 1531 556 ιιι
1565 532 1667 557 ιιιιῠ
1693 532 1858 556 θαλει-

271 532 451 643 rarum
472 589 588 635 erat
610 577 960 638 incarnanda,
975 574 1042 628 ad
1067 576 1170 628 hoc
1197 575 1443 643 homines
1461 573 1588 639 justi
1611 582 1667 625 et
1686 568 1858 626 sancti

271 642 400 710 Sunt
425 651 591 708 missi,
623 649 748 701 utin
773 645 1023 700 cordibus
1040 644 1314 697 hominum
1340 642 1478 695 viam
1502 643 1626 695 huic
1647 643 1860 710 sapien-

275 709 364 778 tiae
385 717 724 790 praedicando
749 719 1133 784 pratpararent,
1164 713 1254 790 qui
1282 713 1382 790 nisi
1407 727 1466 766 se
1490 726 1677 766 servos
1703 709 1860 777 hujus

270 783 1019 860 sapi'entiaucognoscercnt,
1047 783 1216 835 sancti
1258 783 1562 860 nullatenus
1603 795 1723 835 esse
1764 795 1861 845 po-

275 851 522 916 tuissent.
555 851 688 924 Quia
720 854 867 924 enim
908 860 1114 924 certum
1141 860 1258 924 erat
1285 851 1429 918 quod
1460 867 1554 919 per
1582 864 1858 904 accessum

274 920 1106 998 temporum'deticientis“satculi
1126 921 1436 998 _Iangu0res
1461 927 1858 998 exarescerent,

269 989 454 1052 actu'm
482 1005 566 1050 est
592 1003 651 1048 ut
673 1003 872 1046 mterna
902 991 998 1044 Dei
1026 990 1289 1055 sapientia
1321 1005 1414 1053 per
1439 989 1781 1055 setnetipsam
1809 989 1860 1040 in

273 1069 382 1136 line
426 1065 742 1120 satculorum
786 1061 1004 1136 veniret
1035 1057 1102 1111 ad
1145 1060 1402 1125 grandem
1431 1057 1573 1113 hunc
1599 1069 1654 1136 et
1685 1058 1862 1136 nimia:

271 1135 600 1190 inﬁrmitatis
625 1139 884 1204 aegrotum
909 1169 926 1194 ,
957 1133 1007 1181 td
1038 1138 1121 1204 est
1150 1144 1244 1196 per
1274 1137 1445 1181 totum
1485 1127 1757 1204 mundum
1774 1127 1864 1204 ja-

271 1221 404 1259 cens
459 1203 992 1270 languidumigeuns
1048 1198 1369 1270 humanum;
1422 1204 1497 1270 ιιι.Δ
1534 1198 1862 1270 transmissis

273 1275 424 1342 prius
451 1265 1068 1342 prailicatorihusquasi
1099 1267 1417 1342 quibusdam
1450 1265 1820 1342 vis_i_ta_toribus
1842 1303 1858 1325 ,

271 1334 427 1396 ianto
445 1334 780 1410 postmodum
806 1336 1140 1410 majurlieret
1161 1335 1402 1410 potentia
1421 1334 1634 1398 medici,
1656 1343 1860 1402 quanto

271 1405 457 1478 magis
478 1410 696 1464 morbus
737 1407 997 1461 crevisset
1023 1405 1230 1471 wgroti.

270 1499 406 1555 CAP.
461 1499 603 1552 XXI.
665 1529 730 1540 —
793 1495 889 1550 Vos
944 1511 1008 1548 ea:
1063 1503 1210 1632 pinge
1263 1493 1469 1547 diabolo
1509 1495 1630 1546 estis
1679 1493 1858 1564 (Joan.

935 1581 1054 1627 vni,
1178 1603 1192 1617 .

935 1581 1054 1627 vni,
1079 1581 1192 1627 44).

347 1661 426 1729 (In
449 1659 680 1728 exposit.
710 1658 770 1710 B.
800 1657 921 1729 Job,
947 1657 1038 1710 lib.
1071 1671 1188 1729 xtn,
1219 1670 1364 1729 num.
1396 1653 1466 1708 '58
1492 1695 1509 1721 ,
1532 1654 1746 1708 inverso
1775 1668 1865 1708 or-

269 1726 445 1798 dine.)
471 1726 733 1798 antiquus
755 1727 923 1782 hostis
945 1726 1456 1798 onniiumprincgps
1482 1739 1858 1793 perversorum

270 1779 992 1863 alios’so’ciosjhabitatque
1014 1796 1149 1848 alios
1172 1779 1328 1847 liIios.
1357 1779 1457 1859 Q'ui
1483 1779 1717 1862 namque
1736 1804 1863 1847 sunt
1894 1779 1938 1837 Β

269 1870 389 1931 eius
418 1868 549 1920 socii
583 1866 681 1919 nisi
714 1866 788 1918 illi
816 1873 1073 1934 apostatu
1099 1863 1392 1934 angeliqui
1423 1878 1542 1916 cum
1573 1878 1640 1934 eo
1668 1864 1734 1934 de
1765 1879 1860 1930 pa-

271 1940 394 1990 tria:
430 1936 665 1991 etelestis
710 1932 1226 1988 sede’cecidernnt?
1256 1932 1351 1986 Vel
1377 1947 1512 2001 quos
1538 1933 1673 1985 aiios
1701 1933 1861 1986 habet

273 2006 415 2060 lilios
459 2005 557 2059 nisi
599 2018 880 2074 perversos
909 2003 1154 2056 homines
1182 2002 1272 2070 qui
1300 2003 1368 2055 de
1393 2002 1509 2074 ejus
1536 2016 1859 2074 prava_per-

271 2076 529 2129 suasione
572 2069 622 2127 in
669 2073 884 2126 malitiae
935 2069 1261 2137 generantur
1300 2071 1658 2139 operatione?
1709 2069 1862 2125 llnde

272 2145 437 2198 etiam
466 2159 597 2197 voce
623 2141 876 2196 Veritatis
903 2139 1417 2194 inﬁdelibusdicitur
1448 2158 1460 2191 :
1497 2139 1600 2192 Vos
1624 2156 1688 2193 ω·
1716 2151 1862 2206 patre

277 2213 486 2266 diabolo
515 2213 658 2266 estis;
694 2213 768 2264 lta
801 2225 930 2263 vero
959 2227 1120 2262 unum
1153 2225 1349 2279 corpus
1387 2217 1512 2262 sunt
1535 2209 1782 2262 diabolus
1807 2217 1862 2263 et

272 2297 463 2336 omnes
493 2282 657 2350 iniqui
684 2322 699 2344 ,
730 2288 790 2333 ut
827 2280 976 2348 pleru
1002 2293 1152 2350 nque
1172 2278 1387 2332 nomine
1415 2278 1607 2350 capitis
1636 2293 1862 2350 censea-

276 2361 364 2406 tur
385 2347 601 2420 θοι-ρας,
624 2358 678 2401 et
701 2347 915 2402 nomine
941 2347 1185 2416 corporis
1206 2355 1368 2415 caput
1387 2347 1706 2420 appelletur.
1733 2347 1862 2401 Nam

273 2417 495 2489 capitis'
519 2420 734 2472 nomine
781 2427 1273 2489 censetur‘corpus
1295 2454 1311 2479 ,
1334 2430 1481 2489 “cum
1514 2417 1581 2471 de
1608 2431 1863 2489 perverso

275 2484 492 2544 homine
537 2489 731 2542 dicitur
782 2505 795 2538 :
852 2486 934 2540 Ea;
977 2484 1118 2538 vobis
1146 2502 1278 2538 unus
1309 2484 1543 2540 diabolus
1573 2484 1649 2540 est
1680 2487 1861 2555 (Joan.

273 2574 346 2619 Vt.
381 2559 490 2623 7|).
522 2555 584 2609 Et
614 2571 818 2609 rursum
844 2558 1060 2609 nomine
1081 2555 1510 2624 corporis‘capnt
1538 2558 1862 2624 appellatur,

273 2643 396 2681 cum
426 2629 491 2679 de
520 2630 635 2691 ipso
664 2633 908 2688 apostata
940 2624 1131 2690 angelo
1158 2622 1355 2678 dicitur
1381 2641 1393 2676 :
1425 2622 1676 2678 Inimicus
1711 2625 1864 2678 homo

277 2698 372 2750 hoc
401 2697 520 2767 fecit
554 2694 769 2764 (Matth.
808 2710 898 2748 xm
923 2735 938 2757 ,
970 2693 1082 2763 28).

274 2789 409 2843 Car.
439 2787 601 2841 XXII.
636 2818 706 2829 —
739 2785 838 2848 Qui
866 2803 968 2839 non
990 2786 1153 2839 intrat
1179 2803 1270 2856 per
1291 2786 1479 2840 ostium
1506 2787 1560 2839 in
1597 2786 1748 2849 ovile,
1775 2784 1867 2838 sed

347 2859 578 2911 ascendit
607 2857 815 2908 aliunde
837 2897 851 2918 ,
881 2856 970 2909 ille
992 2857 1075 2925 [ur
1102 2866 1179 2908 est
1196 2866 1244 2910 et
1271 2857 1449 2926 latro:
1476 2856 1564 2926 qui
1583 2864 1753 2908 autem
1781 2857 1867 2908 in-

350 2937 453 2981 trat
481 2943 572 2994 per
601 2927 788 2979 ostium
811 2965 826 2988 ,
856 2924 1036 2994 poster
1058 2936 1135 2977 est
1163 2929 1331 2979 ovium
1364 2924 1543 2997 (Joau.
1576 2941 1609 2978 x
1634 2964 1649 2989 ,
1681 2927 1757 2992 I).

349 3017 568 3081 (Homil.
605 3033 694 3071 xm
721 3055 736 3077 ,
766 3016 817 3069 in
849 3015 1045 3070 Ezech.
1071 3056 1086 3079 ,
1119 3033 1177 3070 n.
1213 3015 1246 3069 8
1269 3057 1284 3082 ,
1315 3025 1370 3070 et
1398 3017 1633 3070 maxime
1677 3013 1863 3068 homil.

274 3104 370 3144 xm
388 3128 402 3150 ,
435 3106 487 3140 n.
515 3087 593 3155 1.)
617 3088 672 3141 Si
704 3096 888 3154 pastor
909 3088 1080 3140 bonus
1103 3087 1266 3140 intrat
1291 3101 1386 3154 per
1413 3089 1611 3139 ostium
1631 3123 1646 3145 ,
1670 3093 1724 3137 et
1754 3085 1868 3153 ipse

276 3159 508 3216 ostium,
535 3154 590 3208 et
620 3156 731 3225 ipse
764 3166 974 3224 pasmr,
1010 3155 1126 3224 ipse
1176 3154 1530 3224 proculdubio
1579 3155 1743 3206 intrat
1773 3170 1869 3222 per

275 3228 651 3294 semetipsum.
677 3225 1033 3290 Quaerendum
1056 3233 1139 3278 est
1165 3226 1346 3294 itaque
1378 3227 1530 3278 nobis
1555 3225 1787 3293 qualiter
1814 3230 1870 3276 et

274 3299 398 3363 ipse
445 3297 606 3349 intret
644 3305 698 3349 et
747 3310 842 3364 per
880 3295 1248 3361 semetipsum.
1294 3294 1548 3347 Dominus
1575 3294 1772 3364 ctenim
1806 3307 1870 3364 ac

277 3362 613 3432 Redemptor
633 3362 815 3417 noster
839 3378 962 3416 cum
985 3372 1170 3418 sancta
1197 3364 1434 3432 Ecetcsia
1459 3378 1616 3432 quam
1643 3362 1872 3415 redemit

275 3431 572 3490 secundum
590 3448 804 3486 carnem
819 3449 922 3486 una
935 3432 1230 3486 substantia
1250 3441 1349 3495 est,
1379 3431 1543 3485 P.1qu
1559 3439 1868 3492 attestztute,

277 3505 373 3574 qui
396 3505 502 3556 ait:
530 3502 798 3568 Adimpleo
827 3517 887 3554 ea
923 3517 1037 3574 quia
1057 3502 1236 3554 desunt
1251 3505 1547 3574 passionum
1575 3501 1870 3574 (.‘hristitin

278 3568 438 3626 carne
465 3589 577 3641 mea
605 3588 698 3641 pro
726 3568 944 3638 corpore
962 3571 1076 3640 ejus
1099 3610 1115 3636 ,
1154 3568 1296 3641 quod
1316 3580 1392 3623 est
1420 3569 1725 3641 Ecclesias.
1751 3568 1871 3637 (Co-

278 3644 408 3697 loss.
433 3659 483 3707 ι,
509 3639 619 3710 24).
645 3640 815 3709 Hujus
835 3639 1027 3708 capitis
1047 3639 1243 3709 corpus
1261 3639 1494 3693 Ecclesia
1508 3651 1608 3700 est,
1635 3647 1688 3690 et
1718 3639 1874 3703 hujus

279 3711 529 3780 corporis
557 3720 720 3780 caput
752 3710 1017 3764 Christus.
1052 3710 1133 3780 De
1162 3725 1271 3777 quo
1305 3726 1403 3761 suo
1434 3710 1612 3780 capite
1641 3710 1874 3780 exsultat

280 3776 519 3849 corpus,
563 3779 623 3849 id
658 3789 740 3833 est
779 3788 964 3834 sancta
1016 3776 1253 3833 Ecclesia
1301 3794 1422 3832 cum
1474 3776 1752 3830 Psalmista
1781 3776 1871 3849 di-

283 3845 446 3904 cetne
487 3866 501 3902 :
556 3845 709 3901 Nam:
735 3859 904 3901 autem
945 3849 1187 3902 exultavit
1220 3857 1373 3916 caput
1401 3864 1567 3900 meum
1594 3863 1747 3913 super
1774 3847 1876 3898 ini-

283 3920 448 3972 micos
491 3933 626 3970 meos
678 3917 858 3987 (Psal.
896 3916 1171 3987 κινιηϐ).
1211 3916 1346 3981 Quia
1379 3919 1521 3970 enim
1551 3916 1875 3986 quandoque

283 3988 403 4055 ipsa
424 3989 495 4041 eti
516 4003 584 4040 im
615 3986 898 4040 exaltanda
923 3997 1036 4048 est,
1054 3985 1164 4053 jam
1189 4002 1329 4039 nunc
1350 3995 1509 4053 caput
1533 3985 1687 4039 suum
1715 4000 1876 4055 super

284 4054 535 4111 inimicos
563 4071 690 4109 suos
719 4057 1010 4109 exaltatum
1041 4056 1238 4122 gaudet
1268 4055 1318 4108 in
1349 4055 1520 4109 caelis.
1554 4055 1685 4109 Cum
1714 4054 1875 4120 igitur

283 4127 447 4180 electi
465 4127 663 4192 quique
690 4126 756 4177 ad
779 4126 941 4178 vitam
965 4125 1316 4192 perveniunt;
1339 4125 1463 4193 quia
1493 4127 1729 4177 tneinbra
1760 4123 1876 4190 ejus

286 4211 388 4274 per
430 4210 550 4274 eum
602 4195 803 4274 intrant
831 4193 1069 4274 _ad‘enm
1094 4234 1110 4258 ,
1145 4195 1259 4274 ipse
1299 4209 1394 4274 per
1420 4194 1674 4274 seintrat
1696 4193 1762 4244 ad
1792 4209 1871 4274 se.

287 4265 409 4332 Ipse
437 4263 578 4316 enim
605 4264 658 4316 in
689 4263 941 4332 membris
968 4265 1080 4315 suis
1112 4270 1195 4315 est
1221 4263 1310 4330 qui
1345 4264 1505 4317 intrat
1544 4263 1658 4332 ipse
1686 4270 1874 4330 caput,

287 4331 358 4386 ad
387 4335 528 4400 quod
561 4331 812 4385 intrantia
845 4333 1083 4385 membra
1113 4334 1451 4400 prrveniunt.

289 4419 424 4473 Car.
477 4419 643 4474 XXIII
687 4452 758 4463 —
794 4421 854 4475 Si
889 4423 1006 4544 ‘qJnis
1042 4438 1133 4490 per
1169 4439 1250 4544 hac:
1282 4423 1566 4489 introierit,
1595 4421 1878 4476 salvabitur

946 4507 1067 4543 orm.
1103 4508 1162 4544 ιι.
1258 4530 1273 4544 .

889 4501 1067 4558 (Joan.
1103 4508 1162 4554 Χ,
1194 4501 1273 4558 9).

367 4556 671 4629 (Homil._l,
707 4559 797 4612 lib.
828 4575 864 4613 ιι
880 4556 978 4629 ,λιιι
1003 4556 1307 4620 Ειθοιιηιι.
1339 4559 1439 4624 16,
1466 4569 1522 4615 et
1549 4559 1746 4614 Homit.
1781 4560 1877 4623 11,

293 4626 392 4682 lib.
420 4643 469 4687 ι,
495 4627 546 4681 in
577 4627 803 4694 Evang,
834 4645 887 4682 n.
912 4626 988 4697 5.)
1019 4629 1244 4696 Semper
1267 4630 1454 4683 oculos
1474 4629 1656 4683 cordis
1674 4630 1740 4682 ad
1768 4633 1883 4683 exi-

293 4707 412 4767 tum
440 4706 678 4750 nostrum
711 4714 911 4767 ponere
934 4735 951 4759 ,
981 4705 1036 4749 et
1065 4698 1305 4750 meditari
1335 4698 1593 4752 debemus
1620 4701 1737 4751 sine
1764 4713 1887 4767 cese-

292 4765 535 4829 satione,
586 4765 801 4834 quando
845 4782 875 4820 a
921 4767 1164 4834 pnesenti
1219 4767 1327 4819 vita
1373 4781 1664 4827 exeamus.
1713 4775 1769 4820 et
1815 4766 1883 4819 ad

292 4843 497 4918 aeterna
526 4836 716 4918 gaudia
747 4836 1138 4918 pertingatnns.
1171 4834 1398 4918 Propter
1425 4835 1531 4918 hoc
1557 4835 1753 4918 quippe
1782 4834 1884 4914 Pa-

295 4903 396 4957 tris
439 4900 762 4968 Uttigenitns
786 4913 869 4957 est
899 4900 1240 4965 incarnatus,
1279 4900 1341 4956 ιιι
1376 4918 1476 4956 nos
1513 4900 1593 4956 ad
1631 4900 1884 4957 Ecclesiae

294 4980 501 5040 sancta:
527 4972 683 5040 ﬁdem
717 4973 1020 5025 introducat
1042 5012 1058 5036 ,
1089 4981 1145 5025 et
1170 4973 1237 5026 ad
1265 4972 1498 5040 speciem
1525 4987 1635 5026 sua:
1661 4973 1884 5027 visioiiis

294 5038 518 5093 educat.
567 5038 717 5094 Unde
765 5043 1027 5108 loquitur,
1069 5041 1251 5094 dicens
1292 5038 1307 5092 ἐ
1349 5039 1411 5094 Si
1437 5043 1549 5108 quis
1579 5057 1670 5107 per
1697 5057 1776 5095 me
1801 5043 1885 5094 iu-

296 5108 498 5160 troierit
520 5147 537 5180 ,
582 5110 865 5180 salvabitur
886 5148 902 5172 ,
949 5119 998 5180 et
1034 5110 1376 5180 ingredietur,
1419 5119 1467 5163 et
1495 5111 1807 5180 egredietur,
1835 5119 1885 5163 et

297 5192 495 5246 pascua
521 5179 762 5246 inueniet.
791 5177 1124 5246 Ingredietur
1151 5178 1400 5232 videlicet
1427 5181 1490 5231 ad
1516 5177 1694 5242 ﬁdem,
1728 5193 1885 5246 egre—

297 5244 481 5315 dietur
504 5261 632 5300 vero
658 5262 688 5299 a
713 5245 818 5299 liile
855 5244 922 5300 ad
951 5247 1208 5315 speciem,
1242 5262 1272 5300 a
1302 5247 1618 5301 credulitate
1654 5244 1889 5302 ad'éon-

300 5313 736 5383 templationem;
778 5313 995 5383 pascua'
1016 5326 1195 5369 autem
1224 5315 1464 5370 inveniet
1492 5318 1543 5370 in
1569 5325 1768 5370 aeterna
1800 5331 1889 5369 re-

302 5381 538 5452 fectione
565 5392 622 5436 et
647 5381 914 5438 satietate.
946 5384 1198 5452 Quisquis
1223 5384 1364 5437 enim
1397 5385 1678 5438 Dominum
1706 5384 1888 5440 Jesum

303 5451 473 5522 corde
497 5451 722 5522 simplici
751 5455 1010 5522 sequitur,
1031 5451 1245 5506 aeterna:
1272 5453 1551 5508 viriditatis
1572 5454 1766 5522 pabu'o
1795 5469 1893 5506 nu-

305 5518 494 5590 tritur.
517 5518 647 5585 Quin
676 5518 854 5575 autem
895 5531 1020 5590 sunt
1061 5536 1255 5590 pascua
1287 5522 1387 5574 nisi
1417 5518 1648 5590 paradisi
1677 5537 1893 5589 semper

304 5586 532 5641 virentis
577 5598 778 5645 mterna
824 5586 1073 5656 gaudia?
1098 5587 1299 5643 Pascha
1337 5586 1569 5656 namque
1597 5586 1890 5643 electorum

306 5663 444 5727 sunt
474 5658 650 5711 vultus
685 5673 916 5727 pnesens
943 5658 1059 5722 Dei,
1082 5659 1172 5727 qui
1201 5659 1327 5711 dum
1359 5659 1473 5711 sine
1513 5657 1724 5727 delectu
1763 5673 1892 5711 con-

311 5725 537 5790 spicitur
559 5765 574 5791 ,
615 5725 731 5781 sine
771 5726 876 5780 line
909 5742 1059 5781 meus
1087 5725 1208 5780 vita:
1233 5728 1354 5782 cibo
1383 5728 1627 5781 satiatur.
1666 5725 1894 5796 Propter

1961 512 2142 578 mente
2169 503 2465 578 debemus,
2494 506 2562 559 de
2591 505 2948 578 Redemptore
2977 503 3159 558 nostro
3188 504 3333 560 Pauli
3357 525 3384 563 s
3408 524 3538 578 quo-

1959 583 2065 642 que
2097 570 2359 642 loquitur,
2385 573 2569 625 dicens
2600 590 2617 628 ε
2650 573 2718 626 Ut
2746 570 3087 640 sancti/icaret
3124 591 3215 642 per
3242 592 3387 630 suum
3414 570 3541 633 ἔση-

1960 639 2162 709 guinem
2205 641 2477 707 populum,
2521 651 2670 693 extra
2710 651 2909 707 portam
2943 639 3133 709 passus
3152 651 3246 695 est.
3280 643 3541 702 Exeamus

1959 708 2117 775 igitur
2152 709 2221 758 ad
2271 725 2387 761 eum
2420 718 2581 781 extra
2605 718 2830 781 _castra,_
2852 708 3224 781 improperinm
3267 713 3376 780 ejus
3414 733 3542 781 por-

1963 787 2128 850 tantes
2159 792 2177 829 :
2209 792 2308 830 non
2338 779 2482 850 enim
2509 776 2785 850 habemus
2811 778 2891 830 hic
2930 776 3217 850 manentem
3257 776 3542 850 civitatem,

1960 847 2056 898 sed
2076 848 2303 915 futuram
2330 848 2632 912 inquirimus
2660 845 2845 915 (Hebr.
2881 863 2968 900 λιιι
2994 887 3009 912 ,
3043 846 3152 916 12).

1961 954 2090 1007 Car.
2143 953 2331 1008 XXIV.
2382 984 2452 994 —
2501 954 2814 1008 Potestatem
2855 954 3014 1005 habeo
3058 956 3279 1022 ponendi
3317 958 3547 1012 animam

2447 1041 2613 1076 meam
2642 1023 2818 1094 (Joun.
2852 1039 2914 1083 χ,
2949 1023 3053 1089 18).

2035 1111 2112 1180 (Ιιι
2161 1114 2389 1180 exposit.
2429 1111 2491 1164 Β.
2537 1111 2638 1166 Job
2667 1153 2682 1176 ,
2725 1111 2816 1164 lib.
2856 1127 2984 1180 xxw
3007 1152 3022 1174 ,
3053 1127 3108 1164 ιι.
3138 1110 3208 1174 2,
3241 1112 3274 1165 5
3297 1152 3315 1176 ,
3343 1113 3379 1165 4
3402 1122 3456 1167 et
3483 1115 3546 1180 5,

1962 1179 2252 1247 aliquando
2303 1182 2516 1236 inverso
2560 1181 2793 1248 ordine.)
2842 1179 3012 1233 Omne
3054 1196 3221 1247 genus
3256 1183 3549 1238 humanum

1964 1249 2176 1321 inimica
2208 1249 2297 1321 illa
2334 1250 2613 1321 persuasio
2639 1251 2690 1303 in
2721 1250 2892 1315 culpa:
2917 1251 3168 1321 contagio
3207 1252 3274 1304 ab
3309 1253 3422 1321 ipsa
3464 1269 3552 1307 ra-

1962 1319 2079 1371 dice
2132 1319 2424 1386 polluerat.
2473 1320 2760 1389 nullusque
2806 1331 2923 1371 erat
2959 1320 3048 1386 qui
3079 1321 3216 1442 apud
3254 1319 3421 1374 Deum
3452 1337 3552 1391 pro

1964 1388 2339 1442 peccatoribus
2385 1389 2723 1442 intercedens
2767 1402 2796 1440 a
2822 1397 3040 1442 peccato
3081 1389 3114 1440 li
3155 1406 3214 1442 er
3243 1400 3549 1442 appareret-

1964 1388 2339 1455 peccatoribus
2385 1388 2723 1442 intercedens
2767 1402 2796 1440 a
2822 1397 3040 1459 peccato
3081 1388 3214 1442 liber
3243 1388 3549 1459 appareret,

1962 1463 2215 1527 quoniam
2265 1472 2329 1510 ex
2374 1459 2559 1527 eadem
2598 1473 2770 1510 massa
2808 1457 2980 1512 editos
3017 1472 3169 1525 mque
3199 1457 3421 1514 cunctos
3457 1477 3553 1527 par

1961 1535 2142 1598 [catus
2169 1526 2482 1598 involverat.
2535 1525 2766 1580 Proinde
2811 1529 2956 1580 venit
2994 1528 3060 1580 ad
3103 1543 3200 1581 nos
3239 1525 3554 1598 Unigenitus

1965 1591 2138 1646 Patris
2167 1610 2180 1645 :
2213 1596 2498 1665 a§~utnpsit
2517 1610 2586 1649 ex
2615 1598 2768 1650 nobis
2797 1605 3080 1657 naturam,
3110 1612 3213 1650 non
3237 1591 3554 1665 perpetratis

1963 1665 2198 1738 culpam.
2235 1662 2364 1738 Sine
2386 1662 2607 1738 peccato
2633 1666 2832 1738 quippe
2847 1666 3038 1738 debuit
3053 1682 3171 1738 esse
3192 1662 3281 1738 qui
3303 1662 3410 1738 pro
3429 1684 3555 1738 pec-

1965 1731 2234 1786 catoribus
2280 1731 2600 1788 intervenire
2629 1731 2920 1802 potuisset,
2951 1735 3072 1802 quia
3104 1731 3348 1788 nimirum
3369 1731 3556 1793 alienae

1967 1802 2276 1873 pollutionis
2299 1803 2563 1873 contagia
2610 1820 2714 1873 non
2761 1811 3032 1870 tergeret,
3065 1803 3108 1856 si
3141 1805 3356 1873 propria
3383 1809 3552 1860 susti-

1963 1869 2135 1940 neret:
2175 1869 2437 1924 Mediator
2464 1873 2643 1940 itaque
2673 1871 2766 1926 Dei
2797 1882 2853 1925 et
2881 1869 3178 1934 hominum,
3211 1869 3372 1927 homo
3401 1875 3557 1930 Chri~

1961 1950 2074 1994 stus
2104 1937 2259 2015 Iesus
2307 1937 2645 2015 intercedeiis
2703 1957 2801 2015 pro
2840 1942 3251 2015 peccatoribus,
3301 1947 3556 2015 semetip-

1963 2025 2084 2062 sum
2111 2009 2312 2075 justum
2337 2009 2607 2080 hominem
2639 2009 2728 2077 qui
2759 2009 2855 2078 pro
2877 2011 2996 2062 aliis
3025 2011 3408 2080 indulgentiam
3437 2009 3553 2068 me-

1961 2091 2174 2150 reretur
2235 2079 2488 2133 ostendit.
2550 2078 2784 2150 veniens
2833 2083 3011 2150 itaque
3059 2079 3124 2132 ad
3175 2078 3274 2150 ιιυε
3322 2081 3558 2150 desuper

1963 2149 2203 2201 medicus
2229 2158 2445 2213 noster,
2483 2149 2750 2216 tantisque
2782 2165 2879 2202 nos
2901 2149 3178 2202 inveniens
3208 2149 3556 2217 languoribus

1963 2231 2150 2285 presso
2163 2237 2198 2277 ί,
2222 2217 2473 2286 quiddam
2498 2217 2654 2270 nobis
2675 2219 2849 2271 simile
2878 2228 2932 2271 et
2953 2217 3201 2286 quiddam
3225 2223 3554 2274 contrarium

1964 2287 2234 2354 apposuit.
2281 2286 2357 2357 Ad
2408 2287 2652 2357 homines
2695 2290 2890 2357 quippe
2931 2289 3092 2340 homo
3135 2289 3319 2357 venit,
3364 2290 3457 2341 sed
3488 2293 3556 2343 ad

1964 2363 2279 2424 peccatores
2301 2356 2497 2423 justus.
2522 2355 2882 2410 Concordavit
2902 2357 3053 2409 nobis
3079 2356 3305 2411 veritate
3326 2366 3553 2421 natum,

1964 2424 2060 2478 sed
2112 2425 2440 2493 discrepavit
2494 2439 2524 2476 a
2572 2425 2725 2478 nobis
2776 2427 3002 2478 veritate
3038 2424 3278 2491 justitiaa.
3323 2426 3560 2482 Vitiosus

1967 2494 2109 2548 enim
2150 2493 2313 2546 homo
2355 2493 2546 2562 corrigi
2588 2509 2694 2547 non
2725 2501 2967 2561 poterat,
3001 2494 3100 2546 nisi
3133 2509 3230 2562 per
3245 2494 3452 2562 Deum;
3479 2498 3560 2549 vi-

1966 2562 2082 2615 deri
2123 2571 2301 2615 autem
2341 2561 2528 2615 debuit
2566 2563 2657 2628 qui
2693 2563 3024 2630 corrigebat,
3050 2570 3107 2615 ut
3130 2561 3415 2630 praebendo
3440 2565 3562 2618 imi-

1968 2632 2186 2684 tationis
2225 2631 2494 2694 formam,
2537 2639 2799 2684 anteactae
2850 2631 3065 2683 malitie
3107 2639 3338 2684 mutaret
3369 2633 3556 2686 vitam.

1967 2699 2074 2753 Sed
2098 2699 2269 2753 videri
2298 2699 2365 2752 ab
2395 2700 2613 2752 homine
2638 2715 2744 2753 nun
2773 2709 2978 2767 poterat
3003 2715 3019 2764 ;
3047 2700 3184 2754 Deus
3207 2701 3368 2753 homo
3391 2700 3562 2756 factus

1968 2780 2078 2832 est,
2132 2777 2191 2822 ut
2237 2769 2408 2823 videri
2457 2769 2740 2836 potuisset.
2776 2767 2960 2822 Justus
3000 2771 3158 2835 igitur
3197 2777 3251 2822 et
3285 2769 3564 2825 invisibilis

1969 2837 2111 2892 Deus
2138 2839 2415 2906 apparuit,
2446 2836 2636 2892 similis
2672 2837 2828 2892 nobis
2872 2839 3032 2892 homo
3061 2838 3282 2892 visibilis
3305 2878 3320 2901 ,
3353 2847 3410 2892 ut
3437 2841 3562 2893 dum

1969 2907 2247 2961 videretur
2274 2924 2339 2961 ex
2370 2907 2528 2960 simili
2556 2944 2572 2969 ,
2601 2915 2813 2960 curaret
2832 2923 2899 2959 ex
2925 2907 3100 2974 justo;
3123 2915 3177 2960 et
3196 2908 3320 2959 dum
3339 2909 3564 2962 vc‘ritate

1970 2977 2182 3044 generis
2216 2976 2512 3030 concordat
2555 2976 2889 3039 conditioni,
2933 2977 3132 3030 virtute
3160 2977 3292 3028 artis
3318 2978 3564 3031 obviaret

1972 3044 2293 3112 aegritudini.
2329 3045 2385 3099 In
2413 3059 2736 3114 carueergo
2777 3045 2998 3098 veniens
3033 3045 3287 3098 Dominus
3319 3062 3424 3099 non
3455 3047 3565 3100 cul-

1895 3133 1942 3196 c
1972 3129 2095 3183 pam
2145 3125 2385 3196 nostram
2436 3129 2504 3168 ex
2535 3113 2716 3195 .vitio',
2757 3129 2864 3194 non
2907 3129 3118 3196 puniant
3149 3114 3564 3196 cx‘iieeessitate

1971 3184 2229 3249 suscepit,
2262 3184 2405 3236 nulla
2461 3184 2605 3236 enim
2662 3183 2866 3250 peccati
2905 3183 3027 3236 labe
3075 3183 3346 3252 pollutus,
3386 3193 3566 3239 reatus

1972 3253 2142 3306 nostri
2175 3253 2348 3306 teneri
2377 3253 2686 3306 conditione
2723 3267 2830 3305 non
2867 3253 3062 3320 potuit,
3102 3260 3157 3307 et
3179 3253 3299 3306 ideo
3336 3261 3564 3306 mortem

1971 3332 2211 3376 nostram
2233 3322 2378 3390 omni
2407 3322 2728 3375 necessitate
2756 3322 2984 3384 calcata,
3007 3338 3136 3390 euut
3159 3321 3349 3383 voluit,
3371 3333 3564 3390 sponte

1970 3392 2228 3460 suscepit.
2261 3388 2609 3460 Nequaquam
2640 3390 2782 3444 enim
2812 3390 2884 3444 ita
2915 3403 2972 3444 ut
3000 3406 3096 3460 nos
3118 3389 3216 3444 fuit
3245 3388 3437 3460 natus,
3465 3407 3564 3446 nec

1973 3459 2046 3512 ita
2088 3459 2372 3524 mortuus,
2402 3473 2505 3512 nec
2537 3460 2608 3513 ita
2639 3460 3010 3514 resuscitatus.
3043 3459 3160 3514 Non
3189 3459 3330 3513 enim
3360 3474 3565 3528 coope-

1973 3538 2128 3582 rante
2162 3529 2309 3582 coitu
2333 3568 2349 3593 ,
2379 3529 2473 3582 sed
2511 3529 2714 3597 Spiritu
2746 3539 2933 3582 sancto
2963 3529 3408 3598 superveniente.
3433 3545 3568 3582 cun-

1972 3607 2162 3666 ceptus
2190 3606 2306 3662 est;
2341 3610 2498 3651 natus
2523 3608 2702 3651 autem
2734 3607 2972 3652 materna
2999 3599 3227 3661 viscera,
3257 3606 3312 3652 et
3341 3599 3565 3652 fecunda

1974 3667 2256 3726 exhibuit,
2289 3674 2344 3719 et
2376 3666 2682 3734 incorrupta
2709 3669 2962 3721 servavit.
2995 3666 3222 3720 Rursum
3256 3682 3350 3720 nos
3380 3682 3569 3721 omnes

1974 3750 2095 3789 cum
2127 3735 2374 3788 nolumus
2402 3737 2683 3800 morimur,
2713 3736 2837 3800 quia
2877 3738 2942 3788 ad
2966 3735 3236 3789 solvenda:
3266 3750 3437 3802 pinna:
3475 3737 3569 3788 de-

1975 3805 2143 3858 hitutn
2172 3805 2350 3873 culpa:
2373 3813 2568 3873 nostra:
2607 3803 2916 3857 conditione
2943 3817 3306 3873 coarctamur.
3348 3803 3441 3856 I.le
3467 3819 3564 3856 au-

1978 3882 2085 3926 tem
2115 3872 2241 3942 quia
2266 3872 2396 3942 nulli
2425 3873 2716 3942 admixtum
2744 3881 2828 3942 est
2848 3873 3034 3942 culpa:
3053 3911 3068 3937 ,
3101 3872 3231 3925 nulli
3276 3887 3344 3925 ex
3379 3888 3568 3927 neces-

1976 3941 2147 3995 sitate
2187 3941 2467 3996 succubuit
2513 3955 2701 4007 ptume.
2757 3941 2863 3994 Sed
2903 3941 3028 4009 quia
3078 3943 3288 4006 culpam
3330 3950 3570 3996 nostram

1976 4009 2302 4064 dominando
2324 4009 2581 4074 subdidit,
2613 4023 2825 4078 pcenam
2857 4021 3092 4062 nostrain
3123 4010 3426 4063 miserando
3451 4027 3572 4063 sus-

1977 4080 2122 4142 cepit
2144 4119 2159 4140 ,
2200 4079 2341 4132 sicut
2367 4079 2479 4146 ipse
2508 4081 2583 4131 ait
2615 4096 2629 4130 :
2667 4079 2980 4131 l’otestatem
3012 4078 3172 4131 habeo
3200 4079 3424 4147 ponendi
3454 4081 3572 4131 nni-

1978 4164 2113 4201 mam
2139 4163 2339 4213 meam,
2368 4157 2416 4200 et
2443 4155 2746 4214 potestatem
2775 4149 2936 4200 habeo
2956 4149 3140 4199 iterum
3168 4147 3404 4201 sumendi
3429 4163 3567 4200 eam.

1979 4217 2080 4282 Qui
2108 4219 2269 4270 etiam
2303 4216 2602 4286 praecutit}
2645 4214 2814 4269 Nemo
2846 4216 2977 4268 tollit
3013 4233 3128 4269 eam
3157 4233 3188 4268 a
3216 4232 3329 4276 me,
3357 4216 3448 4268 sed
3475 4233 3569 4285 ego

1979 4303 2115 4353 pono
2135 4301 2251 4338 eam
2274 4285 2540 4354 a’nteipso.
2563 4285 2793 4338 Rursum
2821 4301 2925 4354 non
2951 4294 3008 4339 ut
3032 4302 3130 4338 nos
3154 4285 3444 4338 suscitatus
3465 4297 3569 4350 est,

1979 4352 2107 4422 quia
2139 4364 2320 4408 nostra
2362 4352 2688 4408 resurrectio
2727 4355 2778 4407 in
2820 4352 2853 4404 li
2878 4369 2978 4408 tem
3019 4355 3198 4408 swculi
3247 4361 3330 4405 est
3372 4354 3567 4417 nilata,

1981 4423 2123 4477 ilius
2167 4439 2297 4476 vero
2337 4423 2424 4476 die
2473 4423 2633 4478 tertio
2676 4423 2966 4477 celebrata.
3003 4423 3067 4476 Et
3097 4440 3194 4477 nos
3219 4423 3434 4490 quidem
3479 4438 3573 4491 μνι-

1909 4499 1960 4556 D
1985 4495 2136 4546 illmn
2166 4493 2493 4561 resurgimus
2526 4510 2538 4544 :
2571 4508 2693 4545 nam
2723 4493 2836 4560 ipse
2863 4509 2960 4562 per
2983 4509 3075 4557 se;
3107 4507 3281 4562 neque
3310 4493 3452 4545 enim
3480 4493 3571 4560 qui

1987 4564 2127 4614 Dens
2176 4571 2293 4614 erat
2343 4561 2483 4615 sicut
2521 4577 2619 4614 nos
2645 4571 2705 4614 ut
2732 4562 2800 4614 ab
2829 4561 2934 4613 alio
2965 4561 3269 4616 resuscitari
3310 4565 3575 4629 potuisset

1984 4630 2276 4698 indigebat.
2310 4630 2366 4683 In
2388 4644 2454 4682 eo
2477 4643 2606 4697 ergo
2633 4633 2749 4697 ejus
2779 4632 3102 4684 resurrectio
3128 4631 3290 4683 distat
3317 4644 3346 4681 a
3389 4642 3570 4684 nostra

1982 4697 2126 4767 quod
2154 4715 2264 4769 non
2294 4714 2392 4769 per
2412 4698 3139 4769 nosmetipsosresurgimus,
3161 4701 3300 4752 sicut
3329 4697 3448 4769 ille;
3473 4715 3573 4767 pro

1984 4713 2126 4767 quon
2158 4715 2264 4752 non
2294 4714 2392 4769 per
2412 4713 2771 4818 nosmetipsos
2795 4713 3139 4767 resurgimus,
3161 4713 3300 4752 sicut
3329 4713 3448 4762 me;
3473 4715 3573 4767 pro

1984 4783 2052 4821 eo
2078 4768 2220 4821 enim
2251 4767 2395 4836 quod
2429 4767 2638 4835 simplic
2664 4774 2745 4820 ter
2773 4766 3020 4820 homines
3047 4783 3231 4821 sumus
3253 4804 3269 4828 ,
3301 4766 3573 4832 adjutorio

1984 4837 2246 4903 superiori
2300 4847 2358 4891 ut
2397 4849 2678 4902 resurgere
2709 4836 2981 4890 valeamus
3009 4837 3327 4903 indigemus.
3358 4837 3450 4890 llle
3479 4852 3576 4888 aur

1987 4913 2096 4958 tem
2123 4905 2362 4972 ejusdem
2391 4905 2805 4959 resurrectionis
2834 4904 2936 4958 vim
2967 4921 3086 4958 cum
3118 4904 3276 4958 Patre
3303 4911 3360 4956 et
3384 4913 3575 4958 sancto

1984 4975 2189 5039 Spiritu
2220 4974 2360 5029 Deus
2401 4974 2682 5036 exhibuit,
2709 4988 2868 5042 quam
2902 4982 3078 5028 tamen
3107 4974 3254 5027 solus
3285 4972 3341 5026 in
3381 4975 3575 5026 buma-

1986 5044 2153 5096 nitate
2181 5044 2438 5112 percepit.
2475 5042 2733 5096 Dominus
2761 5043 2922 5109 igitur
2942 5051 3126 5112 natus,
3154 5056 3282 5112 vere
3308 5051 3572 5112 mortuus,

1987 5126 2118 5165 vere
2146 5110 2496 5166 resuscitatus
2519 5150 2534 5176 ,
2569 5112 2621 5163 in
2651 5114 2898 5165 omnibus
2924 5110 3089 5165 distat
3117 5127 3146 5163 a
3178 5110 3333 5164 nobis
3367 5111 3573 5176 magni-

1991 5181 2175 5233 tudine
2225 5183 2509 5248 potentiae,
2552 5179 2646 5232 sed
2687 5181 2800 5232 sola
2835 5181 3128 5234 concordat
3169 5181 3323 5233 nobis
3351 5182 3575 5233 veritate

1993 5257 2227 5313 naturae;
2253 5255 2447 5303 etcum
2470 5250 2522 5301 in
2552 5249 2759 5302 cunctis
2779 5251 3030 5314 operibus
3057 5249 3166 5302 suis
3195 5249 3455 5304 immensa
3477 5263 3576 5302 nos

1995 5317 2190 5370 virtute
2218 5317 2592 5380 transcendat,
2623 5317 2675 5368 in
2709 5332 2814 5368 uno
2845 5324 3021 5370 tamen
3053 5332 3082 5368 a
3114 5317 3268 5370 nobis
3288 5355 3306 5382 ,
3333 5320 3384 5372 id
3413 5327 3496 5371 est
3521 5318 3575 5371 in

1992 5384 2178 5438 forma:
2221 5387 2444 5439 veritate
2467 5423 2482 5444 .
2532 5400 2637 5438 non
2665 5384 2955 5452 discrepat.
2989 5383 3121 5451 Quia
3152 5399 3281 5452 ergo
3307 5428 3323 5453 ,
3352 5396 3408 5440 ut
3434 5401 3576 5454 pra:-

1993 5455 2192 5507 dictuin
2224 5464 2343 5518 est,
2374 5455 2549 5507 nullus
2580 5462 2697 5506 erat
2725 5454 2877 5518 cujus
2906 5455 3110 5508 meritis
3137 5456 3290 5508 nobis
3321 5456 3577 5508 Dominus

1994 5523 2273 5591 pr0pitiari
2300 5524 2602 5586 debuisset,
2633 5519 2952 5591 Uuigenitus
2976 5520 3154 5591 Patris
3179 5522 3406 5576 formam
3438 5524 3580 5575 intir-

1994 5590 2194 5643 tnitatis
2224 5603 2418 5660 nostra:
2447 5590 2763 5658 stt-.cipiens,
2795 5591 2940 5660 solus
2965 5590 3138 5658 justus
3164 5594 3447 5660 apparuit,
3482 5606 3578 5659 pro

1994 5659 2366 5728 peccatoribus
2387 5659 2744 5728 7.intercedeus
2776 5676 2789 5711 :
2819 5659 2908 5727 qui
2947 5663 3070 5712 dum
3099 5659 3311 5728 pccnam
3340 5673 3577 5714 nostram

1993 5727 2274 5781 moriendo
2325 5727 2614 5793 toleravit,
2665 5729 3065 5796 corruptionem
3103 5727 3348 5784 nostram
3393 5744 3574 5784 resur-
