4028 6326
288 321 425 376 tam

696 317 942 373 ALl‘LFI
984 315 1340 371 EXPOSITIO
1381 314 1534 369 VET.
1581 314 1669 370 ET
1708 316 1865 370 NOV.
1909 318 2103 372 TES'I‘.
2143 345 2216 357 —
2255 319 2403 375 SUP.
2445 319 2696 378 EVANC.
2739 324 2884 383 SEC.
2927 329 3115 385 JOAN.

3407 332 3429 375 4
3441 333 3546 388 ειςι

278 430 459 506 sonuit
478 469 491 492 ,
525 429 872 506 dicensallic
900 439 976 506 est
1016 428 1200 506 Filius
1225 445 1365 482 meus
1390 429 1639 492 dilectus,
1685 431 1742 483 in
1765 445 1863 498 quo
1893 434 1937 490 Α
1967 429 2151 506 Neque
2179 432 2322 484 enim
2349 431 2588 506 inlideles
2608 449 2714 506 quo
2744 449 2868 502 quc,
2900 447 2951 488 et
2976 456 3070 506 pro
3100 441 3207 495 suis
3234 443 3547 501 criminibus

280 499 407 551 mihi
433 499 721 568 complacai
752 498 964 569 (Matth.
997 514 1052 552 ιιι
1071 536 1086 558 ,
1121 499 1230 566 l7).

366 584 499 640 Car.
531 585 762 639 XXV5H.
785 619 857 628 —
877 585 1007 638 Ilatc
1035 587 1168 638 dixit
1198 585 1385 646 Isaias,
1419 585 1626 652 quando
1654 585 1780 638 uidit

654 655 874 724 gloriam
905 657 1014 726 ejus
1044 655 1225 723 (Joan.
1254 670 1345 719 xu,
1375 652 1489 721 41).

232 688 270 774 Ἰ
351 739 494 804 (Lib.
534 742 629 806 t,i

279 811 470 864 talibet
513 811 813 864 intentione
852 826 912 866 se
953 826 1104 864 mens
1132 812 1360 865 humana
1390 815 1598 876 tendat,
1638 811 1858 869 etiamsi

279 881 594 951 phantasias
619 895 865 951 quasque
892 881 1180 951 imaginum
1209 883 1567 948 corporalium
1596 897 1625 935 a
1653 888 1858 951 cogita-

277 948 426 1021 tione
453 958 786 1021 compescat,
827 949 876 1021 si
914 947 1026 1016 jam
1055 965 1242 1002 omnes
1270 947 1702 1021 circumscripto;
1725 947 1858 1021 'spi-

277 1020 415 1070 ritus
444 1019 512 1072 ab
538 1018 709 1072 oculis
729 1019 910 1071 cordis
930 1027 1199 1077 amoveat.
1225 1018 1398 1073 adhuc
1418 1018 1594 1073 tamen
1620 1021 1671 1073 in
1694 1018 1857 1076 carne

275 1087 490 1158 mortali
515 1087 687 1158 posita
710 1087 891 1158 videre
914 1087 1140 1153 gloriam
1160 1087 1253 1158 Dei
1283 1103 1390 1142 non
1414 1089 1557 1142 valet
1580 1090 1716 1142 sicut
1739 1103 1814 1144 est
1837 1108 1853 1158 ;

273 1154 656 1226 sedquidqnid
697 1155 764 1208 de
793 1154 884 1226 illa
921 1164 1004 1210 est
1031 1157 1173 1226 quod
1205 1157 1277 1226 fin
1306 1166 1502 1226 gmenle
1549 1154 1855 1226 resplendet

273 1222 569 1295 similitudo
599 1232 653 1277 et
682 1240 786 1277 non
815 1225 928 1293 ipsa
958 1222 1064 1279 est:
1102 1224 1252 1280 Unde
1297 1224 1543 1280 Ezechiel
1591 1222 1848 1295 propheta

267 1292 409 1364 dixit
436 1312 449 1344 :
487 1292 587 1364 llic
614 1304 725 1346 erat
753 1292 986 1363 aspectus
1007 1295 1417 1364 splendorisiper
1445 1292 1646 1364 gyrum,
1676 1292 1724 1350 et
1746 1298 1852 1351 hazc

273 1363 412 1433 uisio
430 1363 782 1416 similitudinis
805 1365 984 1433 gloria;
1015 1363 1222 1416 Domini
1252 1363 1463 1431 (Ezechl
1501 1381 1548 1428 ι,
1578 1365 1668 1428 ‘28,
1696 1375 1750 1418 et
1778 1383 1846 1429 ιι,

273 1430 365 1497 1).
398 1431 524 1500 Inde
552 1433 710 1486 etiam
745 1430 832 1486 ille
869 1435 1188 1500 praulicator
1215 1433 1303 1500 qui
1328 1441 1514 1500 raptus
1539 1435 1602 1485 ad
1635 1436 1849 1488 tertium

272 1501 468 1571 coelum
501 1499 969 1571 lueral,_dicebat:
1014 1499 1252 1571 VidImus
1299 1499 1434 1571 nunc
1479 1518 1570 1569 per
1592 1505 1850 1571 speculum

269 1567 327 1640 in
356 1570 628 1640 aenigmate
657 1572 672 1638 (
700 1567 736 1640 Ir
757 1569 877 1622 Cor.
911 1587 1023 1634 xm,
1057 1568 1179 1637 l2).
1212 1569 1326 1635 Qua
1355 1569 1408 1622 in
1441 1567 1504 1640 re
1534 1567 1639 1624 non
1667 1572 1849 1640 despi-

268 1636 473 1689 cienda
491 1638 642 1692 nobis
661 1636 831 1692 Oritur
854 1654 926 1705 qu
943 1640 1077 1692 ustio
1130 1636 1401 1702 Quomodo
1428 1636 1663 1694 Joannes
1688 1636 1850 1694 evan-

267 1705 481 1775 gelista,
515 1722 634 1760 cum
665 1721 790 1774 erga
836 1708 1088 1762 miracula
1135 1706 1507 1775 Redemptoris
1557 1711 1720 1761 nostri
1749 1708 1846 1762 Ju-

635 758 668 796 n
699 741 918 808 Esech.,
949 744 1092 795 hotn.
1126 743 1194 807 8,
1242 759 1387 796 num.
1421 743 1509 807 50,
1538 741 1654 812 51.)
1681 743 1862 810 Quan-

1963 498 2179 553 tcternis
2207 501 2480 568 suppliciis
2524 498 2778 566 deditos,
2822 507 2888 557 ad
2919 522 2948 558 v
2977 498 3125 560 'niani
3175 510 3426 566 Dmtinus
3455 498 3544 567 re;

1961 568 2230 638 snrgendo
2279 570 2582 637 reparavit,
2631 572 2724 627 sed
2771 573 2890 625 illos
2939 591 3006 628 ex
3057 580 3246 631 inferni
3299 583 3545 638 claustris

1961 635 2141 702 rapuit
2169 651 2306 703 quos
2335 635 2460 692 Suos
2490 639 2543 692 in
2574 639 2678 694 lide
2707 648 2760 693 et
2786 642 2993 696 aclibus
3033 649 3361 712 recognovit.

2028 724 2158 779 CAP.
2189 723 2376 778 XXXI.
2401 754 2474 764 —
2498 726 2746 804 [laminas
2777 733 3078 804 tavit_pedes
3107 736 3472 804 discipulorum

2516 795 2702 864 (Joan.
2736 813 2857 860 xnt,
2889 798 2979 868 4).

2030 881 2122 962 (In
2152 884 2382 962 exposit.
2416 882 2632 962 B.__Job,
2660 885 2752 939 lib.
2781 901 2890 962 xix,
2920 903 3077 962 nn_m._
3100 888 3340 962 ἐξω-γᾶς
3367 894 3540 962 aliqua

1956 953 2265 1019 prmdicatio
2289 953 2406 1006 sine
2435 953 2618 1020 aliquo
2652 956 2911 1008 transitur
2937 953 3202 1011 admissm
3223 959 3371 1014 Unde
3401 953 3487 1016 rec
3511 980 3545 1017 e

1955 1021 2160 1096 sanctis
2185 1022 2446 1096 apostolis
2474 1032 2594 1090 post
2619 1024 3055 1090 praedicationem
3089 1029 3345 1082 Dominus
3380 1033 3542 1096 pedi-tt

1954 1088 2105 1168 lavit,
2125 1096 2192 1168 _ut
2220 1088 2699 1168 videlicet—aperte
2716 1101 3042 1168 monstraret
3074 1097 3196 1168 quia
3229 1108 3327 1165 ple:
3347 1088 3542 1168 unique

1954 1167 2009 1228 et
2039 1156 2096 1228 in
2124 1159 2265 1212 b0n0
2303 1174 2467 1227 Opere
2493 1156 2700 1227 peccati
2751 1163 2922 1228 pulvis
2951 1156 3302 1226 contrahitur,
3333 1177 3388 1220 et
3418 1156 3542 1222 inde

1955 1225 2303 1299 inquinantur
2342 1225 2579 1299 vestigia
2630 1225 2964 1299 loquentium
3018 1240 3158 1287 unde
3205 1225 3536 1290 audientium

1953 1295 2113 1348 corda
2133 1295 2507 1366 inundantur.
2535 1297 2667 1350 Nam
2703 1295 2854 1366 saepe
2884 1302 3149 1361 nonnulli,
3179 1304 3304 1356 dum
3337 1307 3537 1359 exhor-

1957 1365 2174 1442 tationis
2200 1366 2362 1418 verba
2394 1367 2612 1442 faciunt,
2644 1375 2733 1419 aut
2757 1365 2820 1420 ad
2844 1372 3386 1442 quantulamcumque
3422 1376 3539 1439 glo-

1953 1433 2107 1507 riam,
2132 1434 2174 1507 si
2200 1436 2536 1507 audientibus
2551 1433 2897 1503 venerantur,
2919 1448 2974 1492 et
2992 1441 3284 1507 quamlibet
3297 1433 3538 1496 'teniiiter

1952 1516 2011 1552 se
2044 1502 2398 1576 intrinsecus,
2429 1505 2552 1576 quia
2582 1520 2679 1572 per
2707 1520 2802 1559 eos
2831 1502 3164 1574 purgationis
3195 1512 3361 1576 gratia
3392 1513 3519 1565 deri-

1950 1577 2130 1644 vatur,
2153 1571 2437 1644 extollunt.
2456 1571 2712 1644 ‘Cumqne
2737 1571 2902 1628 verbo
2925 1571 3101 1629 aliena
3119 1571 3283 1644 opera
3307 1581 3534 1644 diluunt,

1950 1639 2100 1703 quasi
2149 1655 2214 1691 ex
2244 1641 2407 1714 “bono
2454 1641 2674 1714 itinere
2701 1647 2972 1709 pulverem
3017 1639 3171 1698 malae
3197 1639 3536 1714 cogitationis

1950 1716 2187 1785 sumunt.
2236 1707 2383 1785 Quid
2426 1725 2554 1775 ergo
2605 1707 2710 1785 fuit
2735 1723 2852 1779 post
2905 1707 3336 1779 pimdicationetn
3370 1720 3534 1785 pedes

268 1774 508 1852 datorum
549 1775 829 1852 perfidiam
851 1777 1009 1852 etiam
1063 1793 1127 1830 ex
1154 1774 1354 1852 "verbis
1395 1778 1723 1852 pr_tpl_lr‘llClS
1751 1790 1846 1852 ue-
1884 1794 1924 1852 Β
1950 1775 2329 1852 discipulorum
2369 1774 2574 1852 lavare,
2615 1782 2712 1832 nisi
2736 1774 2866 1846 post
2890 1774 3283 1850 pz-tutlicatimtis
3310 1774 3532 1852 gloriam

266 1843 589 1916 scripsisset,
616 1845 876 1916 adjungit,
898 1846 1082 1916 dicens
1106 1864 1119 1897 :
1145 1845 1272 1916 llrec
1296 1843 1426 1899 dixit
1440 1843 1616 1916 [scias
1641 1848 1845 1916 quando

265 1911 394 1983 vidit
420 1913 640 1981 gloriam
669 1911 812 1983 ejus,
839 1925 888 1967 et
917 1915 1111 1969 locatus
1137 1925 1212 1967 est
1241 1915 1303 1966 de
1331 1931 1410 1968 eo.
1439 1914 1502 1968 Et
1525 1917 1567 1970 si
1598 1911 1846 1971 Eiechiel

268 1980 433 2051 vidit,
451 1983 576 2051 quid
607 1980 860 2050 estquod
888 1984 990 2038 iste
1018 1985 1418 2037 similitudinem
1451 1985 1652 2051 gloriae,
1677 1994 1732 2039 et
1757 1987 1846 2040 ille

265 2049 495 2115 gloriam
525 2053 640 2118 ejus
682 2049 880 2107 vidisse
927 2053 1280 2108 describitur?
1308 2053 1414 2106 Sed
1443 2049 1564 2107 cum
1610 2052 1845 2110 Joannes

265 2121 592 2190 evangelista
625 2123 769 2190 prius
813 2123 1070 2190 miracula
1101 2121 1476 2190 Redemptoris
1521 2124 1687 2176 nostri
1713 2140 1841 2178 nar-

263 2189 433 2259 ravit,
484 2198 539 2244 et
590 2189 954 2245 inﬁdelitatem
997 2189 1682 2259 Judteorum’postmodum
1713 2195 1843 2247 sub-

264 2257 434 2328 didit,
485 2259 624 2313 hanc
673 2259 910 2328 ejusdem
973 2257 1361 2328 Redemptoris
1395 2261 1562 2313 nostri
1616 2262 1842 2328 gloriam

263 2340 388 2397 quae
414 2327 465 2380 in
497 2329 694 2382 mundo
735 2329 1005 2397 apparuit,
1053 2327 1241 2397 Isaiam
1283 2328 1473 2383 vidisse
1514 2327 1838 2384 manilestat.

263 2394 437 2466 Qnine
483 2398 625 2450 enim
655 2394 821 2465 quod
849 2398 901 2451 in
947 2408 1086 2452 terra
1133 2396 1322 2466 miru-n
1369 2399 1622 2452 divinitus
1669 2401 1845 2466 agitur

261 2464 433 2533 gloria
457 2464 837 2533 omnipotentis
861 2467 950 2521 Dei
975 2477 1078 2532 est,
1109 2475 1164 2520 et
1184 2465 1299 2532 ejus
1318 2466 1486 2532 gloria
1519 2469 1570 2520 in
1593 2464 1843 2525 omnibus

261 2531 421 2604 tinctis
442 2531 670 2589 videtur.
696 2535 858 2590 Isaias
882 2537 1041 2604 igitur
1060 2535 1175 2603 ejus
1195 2531 1416 2602 gloriam
1448 2537 1500 2589 in
1524 2545 1663 2590 terra
1688 2538 1840 2604 vidit,

263 2600 511 2658 Ezechiel
539 2619 665 2659 vero
692 2604 808 2672 ejus
835 2600 1058 2671 gloriam
1091 2600 1160 2657 'in
1203 2600 1350 2658 cutio
1390 2605 1528 2658 sicut
1551 2615 1633 2658 e~t
1660 2600 1842 2662 videre

262 2686 373 2724 non
394 2673 610 2743 potuit,
641 2675 765 2743 quia
790 2677 943 2728 aliter
965 2683 1046 2728 est
1069 2673 1185 2741 ejus
1211 2673 1378 2740 gloria
1402 2675 1453 2726 in
1485 2676 1642 2728 rebus
1665 2676 1838 2739 factis,

261 2749 320 2792 et
358 2741 516 2812 aliter
543 2743 593 2796 in
614 2741 922 2812 semetipso.
950 2743 1075 2798 Htec
1103 2755 1231 2809 ergo
1257 2742 1425 2808 gloria
1456 2759 1573 2808 qum
1602 2745 1651 2795 in
1681 2748 1841 2798 rebus

260 2820 346 2862 est
373 2811 536 2866 videri
569 2819 772 2879 potest,
812 2811 914 2866 illa
943 2827 1072 2867 vero
1126 2827 1246 2879 qua:
1289 2812 1341 2864 iit
1396 2813 1511 2880 ipso
1561 2821 1646 2866 est
1673 2813 1840 2869 videri

264 2881 428 2933 modo
456 2881 555 2934 nisi
595 2896 689 2948 per
715 2882 1116 2936 similitudinem
1155 2897 1261 2934 non
1284 2889 1481 2950 potest.

331 2972 457 3026 CAP.
491 2971 681 3028 XXIX.
703 3003 777 3012 —
803 2974 902 3047 Qui
930 2976 1053 3028 mihi
1090 2975 1378 3047 ministrat,
1420 2991 1500 3028 me
1526 2985 1769 3047 sequatur

830 3044 1009 3116 (loan.
1045 3060 1134 3105 xu,
1166 3043 1278 3114 ‘26).

334 3131 578 3202 (llotuil.,
612 3133 663 3187 in
695 3132 920 3200 Evang.,
953 3150 1005 3186 ιι.
1039 3132 1118 3201 8.)
1151 3132 1432 3188 Dominum
1469 3131 1648 3187 Jesum
1679 3133 1838 3189 Chri-

260 3201 402 3255 stum
447 3201 858 3271 Redemptorem
901 3211 1143 3258 nostrum
1171 3212 1228 3254 ut
1278 3217 1398 3255 eum
1428 3218 1716 3271 sequamur
1754 3206 1841 3259 hic

258 3271 656 3331 admonentem,
690 3272 740 3324 in
770 3287 950 3339 quem,
983 3273 1172 3325 lratres
1201 3271 1518 3335 charissimi,
1549 3273 1840 3338 credimus,

257 3341 510 3410 operibus
554 3341 708 3394 bonis
759 3341 909 3408 sequi
966 3341 1306 3410 studeamus;
1361 3342 1683 3410 aspiciamus
1728 3358 1834 3410 qua

257 3409 518 3475 graditur,
549 3417 604 3462 et
633 3411 749 3476 ejus
775 3410 998 3477 vestigia
1029 3409 1291 3463 imitando
1325 3409 1618 3464 teneamus.
1648 3409 1831 3465 Jesum

258 3478 457 3530 t-tcoim
501 3479 742 3546 sequitur
795 3480 886 3546 qui
931 3481 1188 3534 imitatur.
1234 3477 1367 3533 Hinc
1403 3495 1630 3547 namque
1668 3480 1834 3534 dixit:

257 3548 483 3615 Sequere
509 3564 608 3610 me,
635 3558 685 3600 et
711 3548 910 3602 dimitte
938 3558 1166 3602 mortuos
1195 3548 1411 3615 sepelire
1454 3557 1681 3602 mortuos
1716 3567 1838 3604 suos

258 3614 472 3681 (Matth.
503 3631 594 3670 vnt
613 3657 627 3679 ,
650 3615 760 3686 22).
793 3617 1030 3684 Sequere
1056 3618 1197 3670 enim
1228 3614 1421 3672 dicitur
1440 3617 1669 3673 imitare.
1690 3621 1836 3672 (Joa-

254 3685 554 3738 sideremus
610 3685 739 3754 ergo
782 3702 886 3751 qua
939 3687 1180 3754 graditur
1232 3697 1287 3739 ut
1332 3687 1483 3754 sequi
1512 3701 1832 3741 mereamur.

257 3754 399 3807 Ecce
420 3769 538 3808 cum
563 3754 633 3808 sit
663 3756 917 3808 Dominus
935 3764 991 3810 et
1015 3754 1238 3811 Creator
1259 3755 1590 3825 angelorum,
1619 3771 1837 3825 suscep-

258 3833 412 3876 turus
459 3838 703 3877 naturam
752 3832 990 3878 nostram
1036 3840 1195 3892 quam
1243 3824 1501 3887 condidit,
1541 3825 1596 3879 in
1626 3824 1834 3878 uterum

253 3891 476 3958 virginis
499 3894 642 3946 venit
667 3910 680 3944 :
707 3894 849 3947 nasci
875 3891 1134 3948 tamenin
1168 3894 1272 3947 hoc
1299 3896 1497 3948 mundo
1523 3910 1617 3960 per
1644 3895 1836 3950 divites

255 3961 448 4021 noluit,
481 3977 741 4030 pauperes
774 3973 1021 4030 parentes
1071 3963 1250 4030 elegit.
1308 3961 1456 4016 Unde
1494 3978 1616 4016 cum
1663 3977 1832 4030 agnus

237 4030 348 4098 qui
378 4046 474 4097 pro
506 4030 597 4084 illo
627 4030 1138 4100 oilerreturdel'uit,
1176 4031 1544 4085 columbarum
1575 4032 1748 4100 pullos
1777 4043 1833 4086 et

251 4113 360 4170 par
383 4107 648 4170 turturum
679 4102 744 4154 ad
780 4098 1096 4155 sacriﬁcium
1127 4110 1294 4154 mater
1322 4100 1547 4154 invenit.
1575 4098 1832 4170 d’rospe-

255 4169 365 4238 rari
394 4169 445 4221 in
471 4169 581 4238 hoc
610 4170 810 4238 mundo
861 4170 1065 4233 noluit,
1122 4169 1395 4225 irrisiones
1441 4178 1496 4223 et
1540 4169 1829 4238 opprobria

255 4237 527 4302 toleravit,
556 4245 731 4306 sputa,
762 4237 968 4305 ﬂagella
993 4279 1009 4302 ,
1058 4239 1276 4304 a‘apas,
1306 4239 1545 4308 spineam
1576 4237 1831 4293 coronam

251 4321 578 4376 ca-ucemqne
630 4309 912 4374 susunuit;
964 4316 1020 4362 et
1065 4308 1191 4375 quia
1238 4323 1416 4361 rerum
1471 4308 1830 4376 corporalium

251 4375 614 4430 delectatione
658 4391 688 4430 a
718 4377 912 4444 gaudio
963 4378 1174 4431 interno
1225 4377 1539 4440 cecidimus,
1571 4375 1694 4430 cum
1723 4392 1828 4444 qua

250 4444 614 4515 amaritudine
663 4446 789 4500 illuc
842 4447 1123 4515 redeamus
1171 4445 1422 4515 ostendit.
1481 4445 1618 4512 Quid
1651 4447 1830 4515 itaque

251 4525 356 4584 pro
385 4529 446 4567 se
484 4514 643 4567 debet
679 4515 841 4584 homo
885 4516 1023 4583 pati,
1065 4513 1110 4568 si
1149 4522 1296 4584 tanta
1336 4513 1477 4569 Deus
1515 4531 1612 4584 pro
1653 4513 1831 4568 homi-

254 4581 416 4636 nibus
443 4583 700 4650 pertulit?
729 4581 829 4648 Qui
861 4581 1020 4651 igitur
1062 4585 1112 4636 in
1142 4582 1410 4637 Christum
1435 4581 1545 4652 jam
1575 4584 1753 4639 credid
1778 4592 1826 4648 t,

251 4652 349 4704 sed
371 4652 544 4706 adhuc
565 4653 797 4706 avaritia
823 4653 969 4722 lucra
990 4661 1247 4722 sectatur,
1269 4653 1322 4706 in
1337 4654 1583 4722 superbia
1612 4653 1832 4708 honoris

252 4722 549 4785 extollitur,
583 4722 792 4775 invidia:
841 4721 1042 4776 lacibus
1096 4721 1417 4788 inardescit,
1465 4723 1692 4775 libidinis
1732 4722 1831 4774 im-

253 4790 516 4842 mundiiia
561 4806 620 4844 se
653 4793 872 4859 polluit,
895 4791 1223 4860 _prosperari
1259 4791 1326 4844 ad
1358 4806 1420 4845 ea
1450 4806 1563 4858 qua:
1603 4800 1727 4846 sunt
1776 4792 1828 4844 in

253 4863 458 4910 mundo
487 4858 836 4929 concupiscit,
884 4858 1065 4914 Jesuni
1113 4861 1163 4913 in
1208 4875 1366 4929 quem
1412 4861 1635 4914 credidit
1679 4860 1829 4928 sequi

251 4930 574 4981 contemnit.
599 4927 820 4984 Diverso
850 4931 1049 4998 quippe
1075 4927 1267 4983 itinere
1289 4929 1526 4981 ambulat
1553 4940 1607 4982 et
1634 4927 1824 4996 pergit,

251 4997 298 5049 si
328 4998 518 5067 gaudia
546 4997 1040 5067 delectationeSQue
1063 4998 1266 5067 appetit
1289 4999 1374 5051 cui
1404 4997 1509 5052 dux
1536 5014 1664 5054 suus
1691 4998 1829 5051 viam

256 5066 628 5122 amaritudinis
656 5069 912 5121 ostendit.

329 5175 455 5229 CAP.
492 5174 654 5230 XXX.
676 5209 748 5219 ——
774 5178 834 5230 Si
862 5179 1117 5230 exaltattts
1149 5178 1292 5247 [uero
1321 5195 1353 5230 a
1385 5187 1552 5247 terra,
1589 5179 1761 5232 omnia

507 5256 705 5299 traham
735 5247 804 5299 ad
833 5249 1082 5315 meipsum
1112 5246 1305 5314 (Joan.
1334 5264 1430 5310 xtl,
1461 5246 1583 5314 5'2).

339 5329 564 5402 (Homil.
589 5333 674 5396 22,
707 5334 981 5402 inEvang.
1000 5376 1014 5401 ,
1034 5352 1086 5388 n.
1116 5336 1208 5402 6.)
1239 5337 1341 5390 Per
1371 5337 1820 5391 resurrectionem

257 5405 430 5473 nostri
478 5401 887 5473 Redemptoris,
939 5401 1131 5459 omnes
1176 5401 1333 5459 electi
1362 5405 1453 5473 qui
1489 5407 1732 5473 quamvis
1777 5406 1828 5458 in

256 5468 378 5540 sinu
398 5468 793 5539 tranquillitatis
814 5481 992 5526 tamen
1013 5474 1260 5530 claustris
1283 5468 1598 5528 tenebamur
1617 5473 1829 5540 inferni,

258 5539 326 5590 ad
359 5553 568 5592 alumna
597 5541 828 5608 paradisi
857 5550 983 5596 sunt
1012 5543 1237 5597 reducti.
1287 5543 1441 5608 Quod
1470 5551 1596 5596 ante
1624 5543 1828 5610 passio-

257 5622 383 5678 nem
414 5611 653 5674 promisit
681 5611 733 5662 in
760 5613 1154 5678 resurrectione
1179 5627 1272 5665 sua
1298 5611 1550 5663 Dotninus
1569 5611 1825 5678 adimple-

259 5676 369 5748 vit;
402 5678 578 5748 omnia
605 5679 746 5732 enim
788 5676 950 5734 traxit
991 5682 1079 5747 qui
1129 5681 1197 5734 de
1224 5682 1336 5734 suis
1362 5681 1550 5734 electis
1575 5676 1725 5748 apud
1747 5681 1828 5732 itt-

261 5744 408 5797 l'eros
445 5746 648 5802 nullum
677 5748 926 5816 reliquit,
968 5744 1146 5804 omnia
1177 5750 1394 5804 abstulit
1425 5744 1825 5817 utique—electa.

1949 1845 2332 1919 cogitationum
2365 1847 2642 1919 pulverem
2673 1845 3230 1919 terg_et'e'gres.~usque
3256 1845 3432 1909 Cnidia
3461 1857 3532 1910 ab

1949 1912 2154 1989 interna
2181 1912 2418 1968 elatione
2446 1916 2742 1989 mundare?
2762 1912 2944 1972 ’Pede‘s
2976 1912 3527 1989 igitur-apostolorum

1949 1981 2044 2060 loti
2073 1992 2218 2060 sunt,
2244 1994 2300 2036 ut
2325 2000 2353 2035 a
2378 1985 2672 2051 quamlibet
2693 2002 2858 2060 parvo
2886 1981 3138 2060 contagio
3163 1981 3214 2043 in
3247 1992 3280 2050 i;
3301 2008 3359 2046 sa
3389 2009 3528 2060 prae-

1945 2050 2216 2106 dicatione
2246 2050 2547 2120 contraeto,
2579 2050 2731 2123 quasi
2763 2072 2793 2108 a
2819 2050 3274 2123 quodam'itinere
3297 2050 3526 2116 culicem

1947 2128 2167 2187 pulvere
2199 2124 2604 2176 mundarentur.

1942 2207 2314 2288 Car.r_XX__Xll.
2346 2243 2417 2288 -_—_-
2445 2209 2516 2288 In_
2540 2212 2634 2288 hoc
2671 2225 2996 2288 cognoscent
3027 2233 3202 2270 omnes
3222 2259 3235 2280 ,
3261 2191 3381 2288 quia
3429 2223 3530 2273 mei

2013 2281 2135 2416 ((athis
2163 2281 2403 2348 discipuli
2414 2283 2517 2418 :58;
2555 2281 2880 2337 dilectionem
2909 2283 3189 2339 habueritis
3219 2281 3285 2340 ad
3317 2292 3530 2342 lancem

2094 2365 2215 2402 oan.
2251 2365 2338 2402 xm
2366 2388 2381 2413 ,
2413 2365 2445 2402 ο
2523 2389 2538 2403 .

2200 2388 2215 2402 ο
2252 2388 2338 2402 CIII
2366 2388 2381 2413 ’
2413 2388 2538 2413 υυΙ.

2016 2437 2369 2508 (litexposit.
2414 2439 2473 2492 B.
2507 2438 2628 2504 Job,
2653 2442 2745 2495 lib.
2791 2459 2863 2496 xx
2885 2483 2900 2508 ,
2934 2459 3079 2497 num.
3114 2445 3178 2496 17
3207 2463 3219 2507 ;
3252 2446 3344 2500 lib.
3381 2464 3528 2508 χχιι.

1945 2505 1995 2579 in
2028 2505 2142 2579 Job
2167 2547 2182 2571 ,
2211 2505 2388 2579 Vnum.
2445 2508 2534 2562 2‘5.
2568 2512 2584 2574 )
2647 2505 3039 2579 Omnipotentis
3091 2505 3216 2566 Dei‘
3251 2531 3350 2570 nos
3411 2505 3530 2571 esse

1943 2575 2229 2648 discipulos
2266 2578 2378 2630 sola
2418 2579 2659 2633 custodia
2692 2575 2973 2635 charitatis
3001 2583 3231 2648 probat;
3276 2587 3526 2638 virtutem

1943 2645 2140 2720 quippe
2185 2661 2450 2720 manuum
2483 2649 2599 2701 sine
2651 2651 2914 2720 charitate
2945 2645 3170 2703 testatur
3200 2645 3377 2720 praeui.
3400 2665 3522 2708 ator

1942 2715 2184 2779 egregius
2214 2715 2342 2767 nihil
2371 2717 2548 2770 valere
2576 2761 2586 2773 .
2621 2719 2710 2786 qui
2742 2719 2848 2771 ait:
2883 2719 2945 2772 Si
2967 2715 3274 2772 distribuere
3302 2723 3357 2772 in
3388 2723 3525 2775 cibos

1942 2798 2224 2859 pauperum
2244 2801 2417 2837 omnes
2443 2788 2719 2859 facultates
2742 2803 2902 2859 ineas,
2922 2799 2966 2840 et
2988 2791 3029 2840 si
3056 2790 3320 2842 tradidero
3343 2809 3527 2859 corpus

1942 2867 2108 2921 meum
2131 2891 2147 2915 ,
2175 2854 2248 2905 ita
2269 2862 2324 2905 ut
2353 2855 2584 2917 ardeant,
2613 2856 2915 2908 charitatcm
2946 2868 3113 2909 autem
3143 2875 3244 2910 non
3276 2854 3524 2921 habeam,

1942 2920 2072 2996 nihil
2097 2924 2303 2988 prodest
2329 2922 2346 2989 (
2373 2921 2546 2996 l_Cor.
2575 2941 2709 2996 _xm_,
2741 2924 2816 2990 5).
2863 2925 2937 2978 De
2992 2928 3157 2980 haeret
3178 2931 3254 2980 cis
3307 2920 3523 2996 quoque

1941 2990 2092 3063 signa
2115 3005 2178 3043 ac
2200 2989 2461 3063 miracula
2487 2989 2842 3063 facientibus,
2869 2996 2960 3047 sed
2994 2996 3080 3047 hic
3111 2989 3338 3063 prtemza-
3359 2989 3528 3052 al'llic-

1945 3057 2102 3111 tionis
2157 3073 2267 3112 suae
2308 3060 3035 3134 et_abstinenmcdaudes,
3086 3057 3335 3118 viai-licet
3388 3073 3523 3134 quas

1869 3145 1914 3205 (ς
1947 3135 2165 3205 ainant,
2223 3128 2644 3205 recipientibus,
2679 3128 3056 3205 Redemptoris
3097 3149 3236 3205 voce
3285 3128 3522 3188 dicitur:

1944 3193 2099 3264 Multi
2125 3197 2159 3248 d
2180 3212 2288 3249 cent
2318 3193 2439 3249 mihi
2464 3199 2515 3249 in
2541 3193 2637 3251 illa
2660 3200 2777 3251 die:
2801 3193 3022 3253 Domine
3039 3239 3053 3263 ,
3084 3200 3321 3264 Domine,
3353 3219 3525 3257 nonne

1940 3263 1994 3315 in
2026 3267 2232 3317 nomine
2257 3274 2344 3318 tuo
2368 3267 2776 3334 prophetauimus
2796 3308 2811 3332 ,
2834 3278 2881 3320 et
2911 3271 2962 3320 in
2985 3272 3190 3322 nomine
3218 3263 3525 3325 tnodwmo-

1941 3334 2031 3407 nia
2051 3335 2376 3407 cjecimus,‘et
2399 3335 2455 3407 in
2477 3338 2682 3407 nomine
2713 3347 2796 3390 tuo
2819 3338 3029 3390 virtutes
3056 3341 3243 3391 multas
3271 3342 3482 3407 [ecnnus
3500 3344 3525 3393 1’

1939 3399 2166 3476 Ethtunc
2199 3403 2480 3476 conﬁtebor
2509 3406 2612 3457 illis
2637 3443 2651 3464 ,
2685 3407 2803 3476 quia
2833 3423 3090 3476 nunquam
3118 3409 3232 3460 novi
3260 3399 3377 3472 tios,
3411 3411 3521 3463 dis-

1938 3472 2099 3544 cedite
2119 3489 2156 3544 tt
2175 3488 2272 3533 me,
2289 3475 2372 3542 qui
2395 3475 2678 3542 operamini
2705 3472 3028 3544 iniquitatem
3057 3476 3268 3538 iMatth.
3295 3494 3384 3535 vn,
3404 3479 3517 3544 ‘22).

1939 3538 2054 3612 Qua
2106 3538 2354 3594 nimirum
2385 3538 2650 3596 sententia
2690 3538 2816 3612 quid
2846 3546 3004 3597 datur
3040 3545 3262 3612 intelligi
3287 3585 3306 3612 ,
3333 3547 3433 3602 nisi
3463 3538 3524 3601 ut

1938 3609 1991 3662 ιιι
2023 3611 2323 3664 hominibus
2350 3613 2584 3666 Charitas
2628 3622 2683 3666 et
2709 3609 2994 3665 humilitas
3017 3655 3032 3673 ,
3071 3617 3182 3666 non
3214 3609 3394 3670 autin]
3425 3620 3520 3669 de.-

1936 3678 2107 3753 beant
2156 3680 2411 3753 virtutum
2464 3681 2615 3753 signa
2672 3683 2964 3753 venerari?
3018 3683 3271 3737 Prtbatio
3325 3686 3524 3753 quipie

1936 3749 2237 3821 sanctitatis
2267 3765 2372 3802 non
2402 3751 2674 3821 e.-t_signa
2706 3750 2883 3803 facere
2905 3790 2920 3814 ,
2960 3753 3052 3805 sed
3086 3749 3521 3821 unumquemque

1939 3825 1998 3869 ut
2025 3832 2085 3888 se
2111 3817 2332 3884 diligere
2353 3858 2368 3882 ,
2392 3818 2462 3888 de
2487 3817 2600 3872 Deo
2629 3826 2808 3872 autem
2837 3835 2959 3871 vena
2977 3861 2993 3886 ,
3024 3821 3090 3874 de
3119 3817 3363 3888 proximo
3384 3817 3515 3876 vero

1935 3885 2156 3958 meliora
2183 3901 2342 3954 quam
2362 3887 2440 3941 de
2468 3889 2762 3957 semetipso
2807 3889 3026 3942 sentire.
3073 3885 3205 3942 Nam
3235 3893 3357 3958 quia
3393 3907 3515 3945 vera

1937 3955 2105 4008 virtus
2133 3955 2184 4006 in
2211 3970 2395 4010 amore
2424 3963 2507 4008 est
2534 3997 2548 4021 ,
2581 3955 2686 4010 non
2727 3966 2905 4009 autem
2937 3958 2992 4011 in
3021 3955 3329 4012 Oslettsittlte
3357 3962 3521 4014 mira-

1934 4023 2064 4086 culi,
2092 4022 2302 4096 Veritas
2330 4025 2664 4096 demonstrat
2688 4065 2704 4090 ,
2725 4040 2844 4096 quae
2866 4025 2976 4096 ait:
3007 4025 3070 4078 In
3090 4027 3186 4079 hoc
3214 4039 3520 4096 cognoscent

1933 4108 2109 4145 omnes
2125 4132 2139 4154 ,
2164 4093 2285 4161 quia
2311 4094 2412 4145 mei
2434 4094 2671 4161 discipuli
2699 4095 2822 4152 estis
2843 4133 2859 4156 ,
2891 4095 2937 4146 si
2961 4093 3292 4148 dilectionem
3317 4098 3515 4150 habue-

1933 4163 2048 4214 ritis
2091 4161 2162 4213 ad
2203 4163 2437 4232 invicem.
2471 4161 2568 4227 Qui
2596 4165 2738 4216 enim
2765 4177 2871 4216 non
2901 4164 2995 4226 ait,
3023 4164 3073 4216 in
3101 4166 3203 4217 hoc
3225 4179 3519 4232 cognosce-

1937 4238 2023 4283 tnr
2050 4232 2174 4298 quia
2196 4230 2442 4298 discipuli
2472 4232 2575 4284 mei
2605 4235 2733 4285 estis
2755 4233 2798 4286 si
2824 4233 2975 4298 signa
3002 4233 3267 4296 feceritis,
3292 4230 3383 4287 sed
3411 4237 3517 4287 ait:

1935 4299 1996 4352 Si
2025 4299 2346 4352 dilectionem
2399 4299 2674 4353 habueritis
2705 4301 2775 4354 ad
2802 4303 3018 4354 invicem
3042 4343 3056 4367 ,
3092 4313 3276 4367 aperte
3321 4304 3520 4358 indicat

1933 4368 2056 4434 quia
2083 4383 2235 4423 veros
2262 4369 2352 4422 Dei
2369 4369 2595 4422 famulos
2617 4386 2724 4422 non
2754 4371 3014 4424 miracula
3039 4368 3139 4424 sed
3157 4373 3268 4424 sola
3285 4373 3520 4426 charitas

1935 4437 2144 4506 probat.
2177 4437 2562 4492 Testimonium
2612 4453 2740 4506 ergo
2789 4441 3004 4508 superni
3051 4440 3396 4508 discipulatus
3436 4449 3519 4495 est

1863 4492 1913 4551 Ι)
1937 4492 2136 4558 ilonum
2165 4521 2411 4574 supernae
2439 4492 2759 4561 dilectionis.
2793 4492 2922 4572 ριὶω
2949 4492 3198 4562 nimii-uni
3224 4492 3516 4562 dilectio—si

1937 4591 2032 4627 cor
2078 4585 2317 4629 nostrum
2347 4577 2613 4630 veraciter
2652 4577 2842 4644 replet,
2869 4579 3075 4632 duobus
3103 4579 3273 4631 modis
3303 4580 3517 4632 ostendi

1936 4645 2072 4698 solet
2096 4687 2111 4708 ,
2142 4645 2346 4699 sciit-et
2390 4645 2434 4698 si
2462 4657 2517 4698 et
2545 4647 2750 4698 amicos
2781 4646 2831 4698 itt
2860 4645 2970 4699 Deo
2989 4687 3002 4710 ,
3033 4656 3088 4700 et
3115 4648 3361 4700 inimici-3
3392 4648 3516 4698 dili-

1936 4714 2109 4779 gimus
2137 4725 2355 4782 propter
2399 4715 2585 4768 Deum.
2617 4713 2722 4767 Sed
2751 4715 3025 4768 sciendum
3057 4723 3137 4768 est
3164 4716 3288 4782 quia
3311 4715 3515 4769 inimici

1937 4782 2151 4837 dilectio
2182 4791 2309 4837 tunc
2357 4783 2620 4836 veraciter
2646 4783 2967 4848 custoditur,
2998 4800 3117 4838 cum
3150 4800 3248 4836 nec
3294 4785 3360 4838 de
3391 4800 3515 4851 pio-

1938 4851 2080 4907 l‘ectu
2108 4852 2423 4917 addicimur,
2455 4867 2558 4906 nec
2601 4855 2668 4905 de
2713 4852 2864 4904 ruina
2911 4853 3051 4905 i'lius
3089 4853 3350 4906 laetamur.
3381 4853 3514 4904 Nam

1937 4937 2080 4990 stupe
2107 4923 2158 4979 ιιι
2207 4923 2513 4976 dilectionis
2553 4921 2784 4988 imagine
2826 4935 2952 4987 erga
2998 4923 3268 4976 inimicum
3307 4924 3516 4974 animus

1938 4989 2156 5054 fallitur,
2207 5006 2374 5060 sique
2425 4992 2565 5046 hunc
2593 4991 2817 5058 diligere
2843 4991 3110 5053 azstimat,
3144 4991 3187 5044 si
3230 4991 3346 5060 ejus
3392 4990 3514 5060 vita:

1938 5064 2241 5114 contrarius
2271 5058 2376 5114 non
2410 5061 2645 5122 existat;
2675 5060 2769 5113 sed
2811 5059 3116 5113 dilectionis
3144 5058 3267 5112 vim
3289 5079 3301 5110 ‹
3324 5058 3513 5112 oculis:

1941 5145 2098 5182 verac
2121 5138 2220 5194 ter,
2242 5139 2334 5182 aut
2361 5130 2629 5196 proli-ctus
2657 5128 2883 5192 inimici,
2907 5140 2997 5181 aut
3019 5144 3174 5182 casas
3197 5131 3510 5193 interrogat.

1941 5196 2052 5274 liae
2076 5201 2272 5250 etenim
2294 5200 2435 5274 dere
2458 5201 2528 5252 ad
2551 5199 2762 5266 plenum
2779 5199 3136 5274 semetipsant
3157 5212 3305 5274 mens
3331 5197 3476 5274 humi
3493 5225 3510 5236 -

1941 5269 2024 5320 nis
2051 5277 2254 5326 ne-cnt,
2279 5267 2378 5320 nisi
2408 5283 2528 5321 eum
2553 5265 2719 5334 quem
2750 5267 2846 5320 sibi
2871 5265 3232 5320 adversarium
3260 5265 3429 5320 credit
3457 5265 3509 5317 in

1939 5336 2148 5390 delectu
2179 5337 2262 5389 vel
2292 5336 2531 5404 profectu
2561 5337 2677 5404 ejus
2700 5344 2932 5389 mutasse
2960 5351 3018 5389 te
3039 5335 3255 5399 modum
3285 5334 3365 5387 sui
3395 5343 3512 5388 sta-

1938 5412 2021 5456 tus
2052 5403 2330 5458 invenerit.
2350 5403 2405 5457 Si
2435 5406 2576 5458 enim
2597 5403 2668 5458 de
2692 5406 3043 5473 prperitate
3072 5404 3334 5458 addicitur
3362 5412 3417 5456 et
3442 5404 3511 5456 de

1934 5473 2239 5527 calamitate
2262 5491 2321 5528 se
2348 5473 2576 5527 odieatis
2600 5473 2827 5535 laetatur,
2850 5483 3063 5526 constat
3081 5473 3207 5539 quia
3240 5488 3344 5527 non
3367 5482 3514 5525 amat

1933 5555 2091 5607 quem
2145 5558 2250 5595 non
2301 5543 2413 5595 vult
2448 5556 2568 5595 e~se
2615 5542 2891 5596 mel.orem
2922 5557 3017 5605 se,
3061 5557 3291 5609 eumque
3343 5541 3508 5593 «tiam

1933 5617 2165 5662 stantem
2208 5619 2332 5663 voto
2363 5611 2700 5678 persequitur
2724 5625 2881 5676 quem
2913 5611 3164 5663 recidisse
3190 5611 3506 5676 gratulatur.

1933 5678 2036 5731 Sed
2084 5680 2222 5731 inter
2249 5679 2361 5732 lucc
2387 5680 2660 5736 sciendum
2690 5688 2772 5731 est
2795 5679 2915 5746 quit
2947 5679 3167 5732 evenire
3197 5678 3510 5747 Horamque

1933 5749 2073 5803 solet
2097 5757 2153 5801 ut
2180 5763 2286 5801 non
2335 5748 2527 5801 amissa
2573 5748 2871 5812 rharilate,
2903 5759 2957 5802 et
2987 5748 3182 5804 inimici
3229 5763 3326 5802 nos
3357 5759 3510 5799 ruina
