4028 6358
414 444 430 531 i

487 271 624 332 H75

581 382 713 441 CAP.
754 377 847 435 IX.
871 412 940 422 -——
961 377 1134 434 Musio
1163 378 1301 448 pleni
1323 386 1443 431 sunt
1470 379 1556 432 isti
1588 377 1724 448 (Act.
1756 394 1821 439 tt,
1849 377 1962 444 15).

551 472 650 546 (lu
686 472 915 546 exposit.
1070 468 1206 536 Job,
1239 468 1330 521 lib.
1379 484 1538 546 xxttt,
1583 484 1745 546 ttum._
1769 467 1857 522 90.
1886 470 1901 536 )
1927 467 2065 546 ‘C_um

477 538 722 613 discipuli
756 538 965 613 Domini
989 540 1336 613 loquerentur
1377 540 1541 613 vanri's
1582 538 1807 605 linguis,
1834 538 2067 613 quidam

478 613 548 669 de
566 608 760 667 Iudicis
786 610 1068 665 irridentes
1091 609 1343 662 dicebant
1370 626 1382 659 :
1418 608 1550 671 Quia
1585 618 1750 661 musto
1790 608 1929 677 pleni
1951 617 2070 661 sunt

479 686 586 738 isti.
622 687 675 736 lu
697 690 872 736 musto
896 680 1064 733 sancti
1095 678 1326 747 Spiritus
1356 677 1534 733 fervor
1557 678 1845 745 accipitur,
1869 678 1937 730 de
1962 693 2069 743 quo

480 754 535 808 in
565 752 856 821 Evangelio
897 750 1153 821 Dominus
1192 748 1358 802 dicit:
1399 747 1585 802 Vinum
1633 764 1814 821 novum
1863 748 2070 801 mittunt

481 824 539 877 in
567 832 705 876 utres
723 818 910 876 'novos.
942 818 1020 873 Ex
1042 833 1147 888 quo
1174 821 1297 871 dum
1323 826 1546 887 repente
1572 818 1907 889 replerentur
1941 832 2071 889 apo-

478 893 639 957 stoli,
671 894 796 945 dum
848 889 1039 958 linguis
1061 886 1328 943 omnibus
1379 886 1760 958 loquerentur,
1800 903 1832 941 a
1872 886 2072 941 Iudicis

479 962 859 1025 nescientibus,
874 957 966 1014 sed
986 968 1164 1012 tamen
1183 973 1308 1013 vere
1322 959 1718 1027 attestantibus,
1734 957 1937 1012 dictum
1956 966 2066 1012 est:

478 1031 555 1087 Hi
581 1041 745 1086 musto
768 1030 907 1100 pleni
935 1036 1053 1082 sunt
1082 1027 1295 1099 (Matth.
1328 1043 1380 1081 ιι
1399 1069 1413 1094 ,
1459 1026 1570 1098 17).

548 1122 677 1177 CAP.
710 1120 776 1174 Χ.
813 1152 886 1163 --
907 1118 1095 1173 Petrus
1121 1116 1334 1173 Judteos
1362 1119 1597 1189 increpat
1629 1119 1764 1190 (Act.
1796 1135 1852 1185 ιι,
1884 1118 1995 1189 14).

528 1211 991 1282 _(chul.pastor.
1022 1218 1163 1282 part.
1197 1224 1271 1282 ut,
1304 1223 1353 1262 c.
1387 1207 1502 1282 δέ..)
1533 1208 1633 1282 Qui
1660 1208 1802 1263 bona
1840 1209 2071 1282 necdum

480 1277 768 1349 inchoauit,
788 1277 901 1334 non
930 1277 1053 1349 sunt
1079 1280 1158 1332 eis
1179 1279 1324 1349 prius
1355 1277 1665 1349 aediﬁcanda
1692 1293 1811 1347 quae
1840 1278 2071 1333 salubri-

480 1362 564 1409 ter
592 1346 838 1421 diligunt,
869 1349 962 1404 sed
992 1346 1317 1421 destruenda
1345 1362 1409 1403 ea
1429 1348 1505 1421 in
1530 1349 1725 1416 quibus
1752 1348 2073 1421 semetipsos

486 1416 733 1492 nequiter
758 1426 995 1492 versant.
1028 1416 1163 1473 ilinc
1191 1426 1274 1472 est
1300 1417 1444 1486 quod
1473 1416 1663 1473 Petrus
1693 1418 1836 1486 prius
1856 1416 2067 1492 evertit,

479 1502 539 1547 ut
575 1486 928 1561 postmodum
966 1496 1275 1561 construat,
1326 1502 1447 1561 cum
1476 1503 1816 1561 nequaquam
1842 1486 2069 1561 _Juda:os

479 1556 734 1617 monebat
761 1558 889 1629 quid
910 1558 1021 1626 jam
1052 1556 1310 1629 lacerent,
1330 1556 1439 1629 sed
1468 1557 1534 1612 de
1562 1556 1645 1612 liis
1674 1556 1795 1627 quae
1834 1557 2075 1612 fecerant

481 1627 813 1699 increpabat,
844 1628 1068 1699 dicens:
1096 1627 1275 1681 Jesum
1306 1627 1651 1699 Nazarenum
1680 1630 1847 1681 cirum
1884 1645 2071 1697 appro-

480 1697 654 1756 batum
684 1717 714 1753 a
737 1699 846 1752 Deo
876 1700 929 1752 in
955 1697 1113 1769 vobis,
1143 1698 1427 1769 virtutibus,
1459 1707 1507 1750 et
1532 1699 1805 1769 prodigiis,
1836 1708 1885 1751 et
1914 1699 2073 1768 signis

480 1786 593 1851 quia
621 1771 739 1851 fecit
769 1786 869 1851 per.
885 1769 1032 1851 illum
1058 1767 1196 1851 Deus
1224 1768 1276 1820 in
1307 1768 1473 1821 medio
1515 1770 1663 1851 uestri
1689 1767 1832 1851 sicut
1862 1767 2075 1851 vosfsci-
2109 1794 2147 1851 Β

480 1837 547 1895 iis
569 1856 587 1895 :
614 1837 748 1892 hunc
770 1837 982 1908 deﬁnito
1010 1838 1242 1901 consilio,
1267 1846 1315 1890 et
1352 1839 1675 1907 prwscientia
1710 1837 1803 1891 Dei
1827 1838 2072 1891 traditum

483 1928 575 1981 per
624 1926 825 1981 manus
856 1910 1149 1981 iniquorum
1192 1908 1849 1981 afﬂigentesinteremistis
1871 1951 1903 1981 ,γ
1927 1924 2075 1981 quem

483 1977 624 2034 Deus
695 1977 957 2033 suscitavit
993 2020 1008 2045 ,
1067 1978 1248 2032 solutis
1305 1977 1573 2049 doloribus
1633 1979 1825 2048 inferni
1858 1980 1904 2049 ν(
1935 1977 2072 2031 Ibid.

482 2050 587 2118 22,
617 2050 781 2118 etc.);
814 2058 871 2103 ut
918 2048 1173 2102 videlicet
1219 2048 1547 2102 crudelitatis
1581 2063 1704 2118 sure
1749 2048 2079 2115 cogitatione

483 2117 756 2187 destructi,
786 2118 1196 2173 aediﬁcationem
1222 2127 1421 2172 sancta:
1450 2117 1845 2187 prmdicationis
1873 2126 2079 2187 quanto

483 2190 643 2245 anxie
668 2196 986 2259 quaererent,
1021 2195 1168 2259 taut_o
1193 2187 1398 2259 utiliter
1425 2186 1689 2259 audirent.
1747 2186 1898 2246 Unde
1930 2198 1984 2241 et
2011 2188 2070 2259 i|-_

487 2259 593 2329 lico
624 2256 1017 2329 responderunt
1051 2275 1064 2310 :
1111 2256 1248 2329 Quid
1283 2274 1404 2327 ergo
1428 2258 1692 2328 faciemus,
1725 2258 1818 2329 viri
1850 2257 2080 2329 fratres?

488 2328 691 2395 Quibus
715 2326 838 2383 mox
867 2328 1059 2381 dicitur
1089 2345 1100 2379 :
1134 2327 1285 2398 Agite
1323 2326 1702 2398 ιὶιιτιιιὶιιῖιιιὶαηιἱ
1722 2338 1771 2380 et
1796 2326 2082 2398 baptizetur

485 2400 826 2470 unusquisque
866 2407 1088 2470 vestrum
1129 2395 1329 2467 (Ibid.,
1373 2398 1476 2462 57,
1526 2396 1638 2458 58).
1665 2395 1802 2470 ‘Quze
1827 2395 2083 2470 ‘ardiiica-

487 2465 649 2523 tionis
675 2465 837 2522 verba
867 2465 1109 2537 profecto
1139 2465 1571 2531 contemnerent,
1616 2467 1725 2537 nisi
1759 2466 1906 2537 prius
1935 2467 2083 2521 salu-

487 2538 656 2592 briter
679 2535 888 2591 ruinam
911 2552 1021 2589 suae
1043 2537 1421 2592 destructionis
1450 2535 1797 2590 invenissent.
1832 2535 1969 2591 llinc
1998 2544 2082 2589 est

488 2607 633 2677 quod
662 2606 856 2677 Saulus
890 2621 1010 2677 cum
1039 2621 1201 2677 super
1227 2622 1351 2661 eum
1379 2606 1591 2661 coalitus
1633 2608 1723 2677 lux
1752 2607 1955 2677 emissa
1995 2622 2081 2677 re:

487 2675 776 2746 splenduit,
798 2692 904 2730 non
929 2675 1040 2743 jam
1064 2676 1191 2743 quid
1215 2685 1363 2732 recte
1384 2678 1605 2730 deberet
1629 2676 1821 2740 facere,
1846 2676 1938 2730 sed
1955 2676 2081 2744 quid

487 2745 656 2816 prave
683 2746 904 2816 fecisset
925 2745 1145 2799 audivit.
1187 2746 1321 2801 Nam
1348 2761 1470 2801 cunt
1511 2753 1812 2814 prostratus
1840 2747 2080 2815 require-

489 2815 597 2885 ret,
623 2816 809 2872 dicens
834 2835 847 2869 :
875 2815 1097 2885 Quisies,
1131 2816 1395 2871 Domine?
1412 2816 1657 2885 protinus
1684 2816 2038 2884 respondetur
2063 2834 2076 2869 :

488 2884 602 2957 Ego
636 2904 750 2943 sum
794 2888 945 2940 Jesus
986 2883 1332 2957 VNazarenus,
1353 2883 1528 2957 ‘quem
1558 2894 1610 2939 tu
1632 2883 1971 2957 persequeris.
2005 2885 2082 2957 Et

487 2954 607 3010 cum
645 2964 868 3025 repente
916 2954 1264 3026 subjungeret
1296 2975 1308 3010 :
1344 2954 1563 3012 Domine
1585 2992 1600 3017 ,
1633 2954 1772 3026 quid
1786 2954 1799 3026 ξ
1814 2971 1895 3008 me
1930 2954 2079 3025 jubes

486 3024 1212 3098 facere?;llllcoqadjungitur
1244 3043 1263 3098 :_
1287 3028 1456 3098 Surge
1475 3067 1490 3089 ,
1533 3036 1582 3078 et
1610 3024 1880 3098 ingredere
1908 3024 2083 3098 civitao

487 3104 607 3177 tem,
631 3106 687 3177 et.
707 3095 775 3149 ibi
800 3094 891 3177 tibi
917 3096 1113 3177 dicetur
1140 3096 1264 3177 quid
1292 3106 1338 3150 te
1363 3094 1595 3167 oporteat
1619 3094 1788 3177 facere
1812 3096 2077 3177 (Ασικιιί).

487 3162 631 3220 Ecce
657 3165 724 3219 de
772 3165 909 3222 coelo
946 3162 1203 3220 Dominus
1235 3162 1462 3235 loquens
1500 3162 1861 3235 persecutoris
1887 3167 1966 3220 sui
1998 3162 2077 3219 fa-
2108 3162 2154 3226 C

485 3242 572 3289 cta
597 3236 895 3305 corripuit,
919 3250 1015 3289 nec:
1048 3244 1224 3305 tamen
1267 3234 1412 3291 illico
1442 3234 1579 3305 qua;
1612 3242 1794 3289 essent
1839 3234 2080 3291 facienda

487 3303 827 3360 monstravit.
859 3303 998 3358 Ecce
1032 3304 1281 3360 elationis
1312 3306 1427 3373 ejus
1451 3304 1653 3359 fabrica
1683 3305 1788 3368 jam
1816 3312 1927 3359 tota
1957 3322 2081 3360 cor-

486 3382 673 3430 ruerat
717 3384 783 3444 et
824 3382 947 3443 post
975 3373 1183 3427 ruinam
1222 3390 1374 3430 suam
1407 3374 1621 3429 humilis
1654 3373 1907 3444 aedificari
1935 3390 2083 3444 qure—

487 3445 662 3498 rebat.
715 3442 781 3497 Et
828 3442 966 3512 cum
1021 3445 1268 3512 superbia
1334 3444 1655 3509 destruitur,
1712 3442 2080 3500 aedificationis

488 3521 671 3583 tamen
693 3513 852 3568 verba
872 3511 1192 3580 retinentur,
1214 3522 1272 3568 ut
1290 3514 1540 3569 videlicet
1561 3515 2081 3583 persecutorimma-

490 3582 575 3636 nis
604 3581 694 3636 diu
724 3583 1025 3638 destructus
1064 3584 1306 3651 iaceret,
1355 3592 1411 3639 et
1456 3581 1606 3639 tanto
1652 3592 1776 3652 post
1822 3584 1875 3638 in
1924 3584 2081 3640 bonis

487 3652 713 3723 solidior
734 3661 1007 3723 surgeret,
1052 3663 1258 3719 quanto
1305 3654 1452 3723 prius
1501 3652 1735 3709 funditus
1782 3667 2001 3711 eversus
2051 3671 2081 3709 a

490 3722 717 3847 pristino
739 3738 925 3778 errore
943 3723 1247 3779 cecidisset.
1273 3724 1375 3790 Qui
1395 3738 1525 3795 ergo
1547 3723 1693 3777 nulla
1716 3723 1891 3781 adhuc
1920 3741 2082 3795 agere

527 3807 629 3847 una
652 3801 951 3847 creuerunt.
969 3809 996 3845 a
1023 3793 1290 3847 riuiditate
1311 3810 1421 3847 sua:
1438 3794 1715 3847 pravitatis
1736 3802 1894 3847 antea
1919 3812 2081 3847 manu

527 3807 629 3847 una
652 3801 951 3862 eruperunt,
969 3809 996 3845 a
1023 3793 1290 3861 rigiditate
1311 3810 1421 3858 sua:
1438 3793 1715 3863 pravitatis
1736 3802 1894 3849 antea
1919 3793 2081 3850 manu

491 3863 843 3918 correctionis
863 3864 1135 3918 evertendi
1166 3872 1310 3929 sunt,
1347 3873 1405 3918 ut
1433 3864 1498 3918 ad
1522 3871 1721 3919 statum
1750 3867 2082 3934 operationis

490 3941 652 3988 recta:
688 3934 1030 4003 postmodum
1064 3934 1360 4003 erigantur.

597 4043 725 4099 CAP.
755 4043 1323 4100 XL—Pwnitentiam
1370 4048 1505 4117 agite
1552 4048 1689 4118 (Act.
1741 4064 1804 4113 tt,
1861 4046 1975 4117 58).

561 4133 785 4202 .Regul.
833 4144 1038 4203 pastor.
1102 4143 1241 4203 part.
1292 4152 1381 4199 ιιι,
1430 4153 1481 4192 c.
1532 4137 1630 4203 50;
1681 4138 1864 4191 ltomil.
1921 4136 1987 4202 9,
2028 4137 2081 4190 in

491 4202 691 4259 Ezech.
719 4243 732 4268 ,
765 4222 818 4257 ιι.
851 4205 927 4274 6.)
957 4202 1276 4259 Peccatores
1303 4206 1392 4274 qui
1423 4202 1652 4261 admissa
1681 4208 1955 4272 deserunt,
1984 4223 2084 4262 nec

491 4284 671 4328 tamen
720 4277 1010 4343 plangunt,
1060 4290 1165 4329 non
1213 4274 1321 4343 jam
1352 4276 1452 4329 sibi
1504 4280 1774 4330 relaxatus
1816 4282 2084 4332 :rstitnare

492 4343 689 4419 debent
717 4345 935 4419 culpas:
984 4358 1117 4419 quas
1145 4347 1245 4398 etsi
1281 4347 1489 4419 agendo
1545 4363 1650 4400 non
1700 4348 2078 4419 multiplicant,

492 4413 866 4487 nullis__tainen
897 4413 1108 4487 ﬂetibus
1135 4417 1413 4487 mundant.
1440 4416 1623 4484 Neque
1652 4417 1791 4471 enim
1832 4413 1920 4487 q'ui
1950 4433 2083 4472 con-

492 4483 738 4539 tumelias
760 4484 980 4553 irrogat,
1012 4486 1053 4538 si
1104 4486 1444 4540 solummodo
1495 4483 1751 4553 tacuerit,
1800 4483 2076 4549 satisfecit,

1389 266 1727 321 APPENDIX
1771 268 1860 319 AD
1902 267 1960 320 S.
2004 262 2331 320 GliEGORll
2374 261 2600 316 OPERA
2640 261 2870 318 OMNIA.

3635 263 3774 320 1276

2099 386 2147 440 Α
2175 376 2297 449 dam
2345 374 2515 431 credit
2543 375 2703 449 _quod
2746 383 2971 449 peccata
3018 376 3388 447 principaliter
3433 382 3777 449 exstinguit?

2174 446 2289 519 Non
2318 453 2495 498 autem
2543 444 2691 519 Deus
2736 444 2933 519 nostris
2974 444 3302 503 cruciatibus
3352 444 3649 519 pascitur:
3682 453 3778 507 sed

2173 514 2491 586 delictorum
2521 516 2722 586 morbis
2743 516 3146 586 medicamentis
3177 514 3468 574 contrariis
3498 520 3777 586 medetur,

2173 593 2232 638 ut
2257 585 2349 653 qui
2387 585 2752 653 voluptatibus
2785 585 3034 640 delectati
3067 589 3135 642 ab
3163 602 3230 641 eo
3259 589 3653 651 discessimus,
3684 590 3777 645 lle-

2175 654 2608 726 tibusamaricati
2631 656 2944 726 redeamus;
2968 665 3021 710 et
3043 658 3135 725 qui
3157 672 3253 726 per
3276 658 3460 714 illicita
3484 657 3779 715 defluendo

2173 724 2503 789 cecidimus,
2532 724 2697 797 etiam
2726 739 2757 778 a
2786 724 2946 779 licitis
2983 724 3345 797 nosmetipsos
3391 729 3781 797 restringenda

2171 809 2470 863 surgamus.
2532 792 2753 848 Duobus
2798 805 2977 849 autem
3036 792 3236 851 modis'
3276 799 3530 855 homines
3588 792 3633 852 a
3675 798 3784 854 Deo

2174 864 2470 940 recedunt.
2505 864 2806 940 et_duobus
2850 866 3025 940 modis
3071 883 3101 921 ιι
3147 866 3258 923 Deo
3307 878 3576 940 apostata;
3624 866 3781 925 ﬁunt.

2173 933 2305 1007 Nam
2346 934 2711 1003 unusquisque
2766 934 3150 1007 aLConditore
3201 933 3358 1007 suo,'
3389 949 3485 993 aut
3536 938 3649 993 ﬁde
3700 954 3788 993 re—

2173 1004 2346 1067 cedit,
2394 1012 2488 1057 aut
2544 1002 2731 1077 opere.
2778 1002 2942 1077 Sicut
2998 1021 3127 1077 ergo
3179 1010 3271 1076 qui
3319 1002 3359 1063 ἐι
3406 1009 3514 1064 lide
3568 1008 3789 1064 recedit

2172 1080 2420 1142 apostata
2450 1080 2533 1128 est
2553 1075 2675 1148 ,_ita
2698 1075 2790 1148 qui
2819 1074 2889 1129 ad
2915 1074 3237 1148 perversum
3269 1095 3439 1148 opus,
3487 1079 3643 1148 quod
3694 1079 3789 1134 de-

2172 1143 2746 1218 seruerat,_redit,_ab
2781 1145 3154 1218 omnipotente
3196 1143 3322 1202 Deo'
3357 1143 3613 1218 apostata
3663 1150 3787 1204 abs-

2172 1230 2278 1285 que
2307 1214 2414 1297 ulla
2447 1213 2782 1297 dubitatione
2827 1213 3200 1297 deputabitur,
3230 1213 3444 1297 etiamsi
3488 1216 3786 1297 ﬁdem__tc—

2174 1282 2302 1424 piare
2331 1283 2595 1425 :ideztebttr.
2629 1282 2789 1339 Fides
2828 1282 2975 1340 enim
3016 1286 3148 1342 nihil
3179 1289 3320 1343 valet
3366 1289 3488 1345 sine
3518 1289 3788 1360 operibus

2235 1370 2315 1407 ac.
2366 1370 2414 1418 ι,
2561 1393 2575 1407 .

2235 1370 2315 1407 ac.
2344 1370 2414 1418 ιι,
2462 1370 2575 1418 τυ).

2278 1461 2407 1517 CAP.
2439 1462 2557 1517 Xll.
2587 1492 2660 1504 --
2681 1463 2864 1519 Petrus
2886 1464 3129 1520 claudum
3153 1468 3348 1521 curavit
3391 1468 3531 1537 (Act.
3565 1468 3653 1537 ιιι)

2247 1549 2468 1625 (llottiil.
2497 1550 2564 1619 5,
2595 1552 2648 1606 in
2670 1552 2904 1625 Ezech_.r,
2944 1569 3000 1610 ιι.
3050 1553 3165 1625 15.)
3216 1554 3400 1610 Sancti
3443 1558 3545 1610 viri
3594 1573 3788 1612 coram

2176 1621 2479 1676 inﬁdelibus
2510 1631 2569 1675 ut
2593 1638 2688 1677 eos
2717 1624 2782 1676 ad
2826 1623 2983 1678 ﬁdem
3019 1621 3234 1678 trahant
3262 1626 3519 1680 miracula
3554 1627 3789 1691 faciunt,

2176 1691 2271 1745 sed
2302 1691 2646 1762 sibimetipsis
2673 1708 2791 1762 quae
2827 1694 3053 1748 fecerint
3101 1710 3206 1748 non
3250 1697 3621 1761 ascribentes,
3670 1696 3790 1754 inec

2180 1762 2687 1835 o_mnipotet_ttis_Dei
2710 1763 2892 1835 virtuti
2917 1765 3184 1830 tribuunt,
3214 1774 3267 1818 et
3296 1766 3506 1820 auctori
3534 1783 3637 1822 suo
3667 1769 3788 1835 glo-

2179 1833 2311 1886 riam
2361 1840 2416 1885 et
2465 1830 2679 1885 laudem
2722 1832 2980 1899 reddunt,
3030 1850 3129 1902 per
3212 1850 3332 1888 uem
3362 1850 3423 1889 se
3464 1852 3627 1904 posse.
3656 1830 3785 1891 talia

2179 1902 2383 1957 sciunt:
2414 1901 2552 1956 sicut
2602 1900 2791 1957 Petrus
2820 1918 2941 1957 cum
2968 1904 3157 1957 sanato
3172 1850 3406 1957 (ltotnine
3436 1907 3527 1957 aui
3557 1908 3785 1957 claudus

2178 1902 2383 1967 sciunt;
2414 1901 2552 1956 sicut
2598 1900 2791 1974 Petrus
2820 1918 2941 1957 cum
2968 1900 3157 1958 sanato
3188 1900 3406 1974 homine
3436 1900 3527 1974 q'ni
3557 1908 3786 1961 claudus

2179 1988 2247 2027 ex
2274 1980 2430 2026 utero
2454 1972 2637 2025 matris
2663 1973 2835 2027 fuerat
2857 1974 3064 2040 signum
3089 1974 3231 2027 fecit.
3257 1973 3411 2039 Quod
3441 1972 3562 2028 cum
3588 1992 3783 2031 omnes

2179 2043 2267 2113 qui
2292 2050 2680 2113 cognoscerent.
2706 2044 2857 2096 valde
2886 2045 3239 2108 mirarentur,
3272 2043 3409 2098 dixit
3443 2063 3455 2097 :
3498 2045 3637 2108 Quid
3677 2050 3783 2099 mi-

2179 2113 2369 2165 ramini
2395 2113 2447 2164 in
2479 2112 2573 2166 hoc
2592 2151 2620 2184 ,ί
2640 2120 2728 2164 aut
2768 2130 2861 2168 nos
2899 2115 3021 2183 quid
3060 2115 3361 2177 intuemini,
3408 2118 3560 2184 quasi
3603 2128 3785 2169 nostra

2181 2184 2393 2253 virtute,
2438 2190 2549 2253 aut_
2569 2183 2760 2253 pietate
2810 2184 3078 2253 fecerimus
3125 2184 3259 2253 hunc
3296 2188 3604 2237 ambulare?
3645 2185 3786 2239 Deus

2180 2250 2469 2315 Abraham,
2511 2250 2649 2305 Deus
2693 2250 2877 2314 Isaac,
2916 2262 2963 2304 et
3005 2252 3140 2305 Deus
3165 2252 3356 2319 Jacob,
3390 2254 3526 2308 Deus
3561 2255 3785 2309 Palmm

2172 2321 2781 2394 nostrm'umgtoriﬁcavit
2836 2321 3026 2394 Filium
3067 2339 3213 2376 suum
3254 2322 3452 2379 Jcsum.
3507 2324 3572 2377 Et
3622 2326 3784 2394 paulo

2184 2398 2339 2463 post:
2369 2392 2433 2443 In
2455 2390 2560 2460 fide
2581 2393 2805 2445 nominis
2824 2393 2932 2463 ejus
2952 2393 3084 2445 hunc
3104 2409 3251 2463 quem
3277 2394 3474 2447 vidistis
3504 2406 3555 2447 et
3595 2390 3783 2459 nostis,

2181 2462 2504 2534 conﬁrmavit
2532 2477 2717 2534 nomen
2745 2461 2855 2532 ejus
2902 2463 3037 2534 (Aet.
3074 2461 3159 2527 tu,
3187 2461 3295 2534 l2).
3328 2463 3551 2532 Signum
3585 2466 3787 2533 quippe

2184 2530 2419 2604 facins,
2472 2530 2793 2604 intuentium
2843 2530 3029 2587 oculos
3097 2530 3337 2604 miraculi
3396 2530 3618 2588 lumine
3662 2530 3783 2604 per-

2183 2602 2424 2666 str.nxit,
2455 2601 2547 2655 sed
2578 2600 2935 2655 humilitatem
2957 2603 3292 2668 custodiens,
3326 2604 3536 2657 laudem
3570 2600 3785 2659 auctori

2186 2671 2433 2743 reddidit.
2463 2672 2552 2743 De
2592 2672 2757 2743 omni
2788 2688 2917 2726 vero
2957 2672 3103 2743 bono
3150 2675 3291 2743 quod
3338 2675 3539 2727 laciunt
3579 2674 3789 2728 idcirco

2183 2742 2280 2794 viri
2303 2741 2475 2794 sancti
2497 2756 2712 2811 semper
2746 2741 2955 2796 laudem
2983 2741 3225 2797 Creatori
3260 2743 3522 2808 reddunt,
3559 2753 3622 2797 ut
3659 2760 3789 2798 vera

2183 2811 2477 2866 stabilitate
2513 2812 2797 2881 persistant
2843 2812 2895 2866 iu
2936 2827 3000 2867 ea
3050 2813 3248 2867 virtute
3284 2828 3445 2884 quam
3485 2815 3787 2883 accipiunt.

2183 2922 2311 2978 CAP.
2343 2921 2480 2976 Xlll.
2512 2953 2585 2964 —-
2605 2922 2826 2996 Obedire
2854 2934 3052 2996 oportet
3082 2923 3202 2996 Deo
3228 2926 3398 2996 magis
3433 2942 3589 2993 quam
3616 2926 3787 2979 homi-

2708 2994 2855 3048 nibus
2897 2995 3035 3065 (Act.
3069 3012 3120 3060 v,
3149 2995 3264 3063 29).

2258 3082 2335 3155 (In
2366 3084 2597 3154 exposit.
2644 3084 2707 3155 Β.
2734 3083 2862 3149 Job,
2916 3086 3008 3140 lib.
3038 3102 3175 3151 xvu,
3228 3102 3377 3141 num.
3400 3086 3504 3149 48,
3536 3085 3638 3155 49,
3683 3086 3790 3155 50;

2302 3170 2408 3229 _vu,_
2441 3171 2584 3209 num.
2619 3154 2719 3229 55,
2750 3155 2864 3227 54.)
2900 3157 2973 3211 De
3011 3168 3199 3229 sancto
3235 3156 3439 3226 Spiritu
3481 3158 3575 3225 qui
3622 3154 3792 3229 super

2186 3224 2506 3296 discipulos
2535 3226 2679 3279 venit
2728 3224 3055 3295 acceperunt
3096 3227 3195 3296 ipsi
3243 3224 3566 3282 ornamenta
3617 3224 3792 3284 virtu-

2188 3295 2275 3366 tis,
2321 3309 2457 3363 quos
2496 3295 2756 3366 immensa
2804 3295 3128 3366 possederat
3155 3307 3281 3352 ante
3307 3296 3521 3352 fmditas
3554 3299 3785 3355 timoris.

2184 3364 2396 3419 Scimus
2438 3365 2580 3438 enim
2625 3365 2769 3438 quod
2802 3364 2907 3438 ille
2972 3368 3344 3438 apostolorum
3403 3370 3614 3438 primus
3663 3378 3789 3425 ante

2184 3442 2461 3507 acceptam
2484 3434 2655 3507 hujus
2673 3434 2903 3505 Spiritus
2931 3434 3192 3506 gratiam,
3224 3434 3439 3507 quoties
3478 3439 3612 3492 dum
3650 3440 3791 3493 mori

2185 3505 2360 3577 timuit
2380 3545 2422 3577 ,Α
2446 3505 2608 3559 vitam
2667 3505 2951 3577 negavltp
2976 3508 3070 3575 qui
3122 3505 3254 3561 non'
3287 3507 3494 3577 poenis,
3539 3525 3651 3562 non
3708 3510 3789 3561 al-

2186 3573 2508 3647 ﬂictionibus
2531 3613 2546 3638 ,
2572 3589 2683 3647 non
2721 3573 2946 3631 terribili
2990 3573 3258 3647 potestate
3287 3573 3627 3646 cujusquam
3647 3622 3663 3642 ,
3696 3580 3790 3632 sed

2185 3645 2373 3716 unius__
2411 3644 2660 3716 mancipii
2737 3646 2850 3700 sola
2909 3644 3003 3701 est
3042 3644 3493 3715 interrogatidne'
3535 3658 3787 3716 prostra-

2186 3724 2291 3786 tus.
2333 3713 2411 3786 Et
2433 3713 2648 3785 quidem
2695 3717 3053 3786 mancipium,
3098 3732 3165 3771 ne
3211 3713 3374 3772 sexus
3416 3713 3625 3771 firmior
3680 3728 3789 3772 ter-

2184 3784 2362 3856 ribile_
2387 3784 2810 3851 demonstraret,
2860 3784 3052 3841 ancilla
3112 3796 3196 3841 est
3252 3788 3563 3856 inquirente
3606 3797 3788 3841 tenta-

2187 3864 2286 3909 tus.
2333 3854 2646 3923 Rursusque
2676 3864 2733 3909 ut
2756 3857 2876 3913 talis
2904 3871 3066 3912 sexus
3112 3854 3395 3912 inﬁrmitas
3425 3858 3597 3910 etiam
3622 3856 3789 3912 ofticii

2183 3925 2265 3978 sui
2314 3925 2615 3993 dejectione
2661 3926 2976 3993 vilesceret,
3028 3943 3136 3982 non
3184 3927 3254 3981 ab
3300 3926 3496 3983 ancilla
3550 3936 3789 3981 unitum

2185 3995 2367 4059 modo,
2392 3996 2487 4068 sed
2533 3995 2601 4048 ab
2650 3996 2869 4068 ostiaria
2916 3997 3107 4053 ancilla
3150 4004 3235 4052 est
3279 3998 3599 4068 requisitus.
3650 3996 3789 4053 Ecce

2183 4079 2342 4133 quam
2376 4066 2493 4119 vilis
2526 4074 2609 4137 est
2653 4066 2718 4119 ad
2761 4070 3071 4121 tentandum
3107 4083 3337 4137 persona
3361 4066 3678 4136 requisita,
3732 4077 3787 4119 ut

2185 4142 2371 4203 aperte
2424 4135 2743 4204 proderetur
2795 4146 2994 4204 quanta
3047 4135 3169 4192 eum
3222 4138 3433 4192 timoris
3466 4135 3787 4191 ’inlirmitas

2185 4205 2518 4274 possideret,
2571 4207 2660 4272 qui
2711 4222 2811 4261 nec
2868 4217 2994 4261 ante
3042 4223 3230 4263 vocem
3288 4208 3526 4261 ostiaria:
3573 4208 3788 4261 ancdhe

2185 4276 2520 4330 subsisteret.
2567 4275 2672 4330 Sed
2718 4277 2828 4344 jam
2857 4279 2944 4333 hic
2991 4281 3148 4345 paulo
3177 4288 3301 4331 ante
3330 4276 3584 4343 timidis,
3612 4277 3788 4341 quahs

2186 4353 2307 4467 post
2333 4346 2617 4399 adventum
2669 4347 2898 4412 Spiritus
2944 4348 3208 4401 exstiterit
3254 4347 3552 4421 videamus.
3603 4346 3786 4413 Certe,

2235 4430 2328 4467 nea
2359 4424 2521 4467 teste.
2573 4416 2855 4467 didicimus
2902 4427 3088 4467 contra
3134 4417 3442 4467 sacerdotes
3487 4426 3542 4467 et
3589 4419 3786 4467 princi-

2235 4430 2328 4468 nca
2359 4424 2521 4479 teste,
2573 4416 2855 4487 didicimus
2902 4427 3088 4471 contra
3134 4416 3442 4471 sacerdotes
3487 4426 3542 4471 et
3589 4419 3787 4487 princi-

2188 4500 2281 4554 pes
2328 4494 2527 4556 quanta
2574 4486 2856 4556 Dominum
2903 4488 3224 4541 auctoritate
3269 4486 3604 4556 praedicavit.
3651 4486 3783 4540 Nam

493 4537 902 4626 culnlprofcmd'
917 4537 1238 4626 nrecessersit
1266 4537 1327 4609 ut
1346 4537 2079 4626 Ῐιῖέτιιᾶβῖἱέίιίἔεεῖέῖὶρὲὲἐ
2114 4537 2159 4595 D
2186 4537 2308 4609 Etim
2338 4537 2489 4611 iacto
2518 4537 3037 4625 ittirac—ulowq—umstio
3079 4537 3290 4611 fuisse-tt
3313 4566 3506 4611 exorta
3530 4597 3545 4619 ,
3595 4566 3652 4612 et
3696 4572 3786 4609 sa-

491 4624 594 4679 bite
646 4625 824 4696 yetbis
859 4625 1169 4696 subjunctat
1216 4625 1534 4681 humilitatis
1565 4624 1873 4696 impugnet.
1925 4624 2001 4681 lia
2028 4636 2088 4682 et

430 4706 437 4769 ξ
492 4710 616 4776 cum
646 4694 757 4775 Deo
786 4694 1179 4765 delinquimus,
1214 4711 1552 4776 nequaquam
1598 4694 1989 4761 satisfacimus,
2035 4698 2079 4752 si

436 4796 442 4844 ξ
590 4764 873 4844 iniquitate
900 4763 1179 4844 cessamus
1200 4807 1213 4832 ,
1242 4763 1342 4820 nisi
1374 4763 1683 4844 voluptates
1708 4784 1922 4844 quoque
1949 4784 2081 4837 quas

430 4836 440 4855 ⁴
492 4833 776 4906 dilexinms
795 4849 826 4888 e
845 4837 1117 4889 contrario
1167 4837 1416 4891 lamentis
1436 4833 1693 4906 appositis
1715 4833 2076 4904 inseditamur.

492 4901 630 4977 Hinc
659 4904 855 4977 Paulus
889 4906 963 4977 ait
992 4922 1004 4957 :
1035 4906 1101 4958 Et
1137 4906 1246 4958 [uec
1286 4901 1521 4977 quidem"
1540 4908 1709 4977 fuistis
1730 4948 1753 4977 ,Α
1784 4901 1874 4977 sed
1919 4906 2081 4961 abluti

490 4974 615 5048 estis
636 5016 652 5042 ,
683 4975 772 5048 sed
800 4976 1119 5048 sanctiﬁcuti
1136 4974 1357 5048 estis-(1
1388 4976 1507 5029 Cor.
1540 4974 1611 5048 'vt
1625 5016 1639 5031 .
1675 4975 1785 5046 11).
1819 4975 2077 5031 Nimirum

491 5044 636 5099 enim
681 5044 801 5101 illos
854 5046 1189 5100 emendatior
1235 5044 1342 5099 vita
1409 5044 1752 5111 sanctificat,
1798 5060 1933 5114 quos
1986 5062 2082 5114 per

529 5116 863 5170 atuitentiam
894 5115 1114 5171 abluens
1158 5114 1378 5170 aﬂlictio
1404 5117 1623 5171 fletuum
1666 5120 1903 5170 mundat.
1945 5114 2081 5173 Hinc

536 5194 682 5241 etrus
752 5202 873 5242 cum
934 5187 1193 5255 quosdam
1266 5188 1480 5240 territos
1533 5186 1797 5241 malorum
1858 5202 2078 5241 suorum

492 5256 926 5312 consideratione
960 5256 1293 5326 susciperet,
1348 5256 1655 5321 admonuit,
1693 5256 1879 5310 dicens
1911 5272 1924 5308 ε
1963 5255 2069 5311 Pa:-

490 5326 763 5398 nitentiam
811 5329 979 5398 agile,
1019 5337 1066 5380 et
1115 5328 1399 5398 baptizetur
1444 5328 1788 5398 unusquisque
1834 5334 2075 5383 vestrum.

494 5395 741 5454 Dicturus
789 5395 931 5452 enim
981 5395 1271 5467 baptisma,
1316 5398 1572 5467 pnentisit
1619 5395 1944 5467 pretiitentic
1995 5400 2076 5451 la-

492 5475 674 5521 menta
697 5508 713 5533 ,
744 5469 971 5537 utprius
998 5465 1136 5535 aqua
1158 5482 1217 5522 se
1245 5465 1355 5521 sua:
1386 5465 1682 5521 aﬂlictionis
1715 5465 2075 5537 infunderent,

492 5545 550 5607 et
573 5535 915 5607 postmodum
942 5546 1279 5592 sacramento
1307 5538 1642 5607 baptismatis
1673 5538 1930 5590 lavarent.
1959 5536 2074 5603 QIH

491 5605 657 5677 igitur
702 5615 884 5662 mente
932 5606 1024 5674 qui
1074 5605 1393 5677 transactas:
1422 5607 1760 5676 culpasllere
1807 5607 2078 5675 negligunt

493 5677 668 5746 securi
692 5678 879 5730 vivunt
906 5677 1153 5746 devenia
1173 5719 1187 5741 ,
1214 5676 1429 5744 quando
1476 5678 1591 5746 ipse
1627 5691 1865 5732 summus
1893 5685 2076 5745 pastor

496 5742 751 5802 Ecclesia:
779 5746 902 5801 huic
927 5744 1086 5801 etiam
1116 5742 1450 5805 sacramento
1477 5742 1846 5817 [Iceniteutiam
1878 5742 2075 5802 adden-

2183 4627 2459 4680 cerdotnm
2490 4626 2784 4696 principes,
2814 4627 3076 4690 seniores,
3108 4644 3172 4683 ac
3193 4628 3381 4682 scribto
3411 4628 3466 4681 in
3509 4629 3785 4695 apostolo-

2184 4712 2301 4749 rum
2342 4697 2768 4766 persecutionem
2799 4706 3203 4762 concurrerent,
3234 4712 3330 4752 cos
3373 4697 3427 4749 in
3465 4713 3556 4751 me
3574 4698 3650 4749 lio
3677 4710 3785 4751 sxa-

2187 4774 2413 4831 tunntes,
2436 4768 2484 4820 in
2508 4782 2611 4834 qua
2634 4769 2830 4822 virtute
2850 4768 3160 4821 miraculum
3186 4768 3409 4821 fecerint
3439 4767 3785 4835 percunctari

2182 4847 2523 4890 curaverunt.
2574 4836 2777 4902 Quibus
2821 4838 3059 4905 repletus
3110 4838 3315 4906 Spiritu
3361 4846 3556 4891 sancto
3606 4836 3782 4891 dixit:

2190 4906 2454 4975 Principes
2476 4907 2669 4975 pepuli,
2695 4915 2743 4959 et
2773 4908 3017 4971 seniores,
3043 4907 3086 4959 si
3127 4923 3220 4961 nos
3249 4906 3403 4959 hodie
3432 4906 3775 4975 dijudicamui

2183 4976 2237 5029 in
2264 4977 2527 5043 benefacta
2557 4977 2779 5046 hominis
2815 4977 3029 5046 infirmi,
3053 4977 3107 5031 in
3135 4994 3234 5045 quo
3262 4978 3376 5046 iste;
3398 4977 3573 5046 minus
3618 4978 3784 5046 factas

2183 5058 2278 5111 est,
2307 5056 2479 5097 notum
2504 5046 2569 5115 sit
2590 5045 2822 5115 omnibus
2846 5045 2984 5115 robis
3033 5056 3081 5098 et
3108 5044 3247 5099 omni
3277 5044 3411 5115 plebi
3440 5044 3635 5109 Israel,
3664 5047 3783 5114 quia

2180 5115 2233 5166 in
2266 5118 2471 5186 nomine
2513 5114 2639 5167 Iesu
2682 5114 2871 5169 Christi
2913 5113 3182 5170 Nazareni
3212 5113 3382 5186 quem,
3409 5117 3782 5186 rruciﬁxistis,

2180 5201 2329 5254 quem
2357 5185 2495 5238 Deus
2522 5188 2785 5239 suscitavit
2824 5203 2855 5239 α
2900 5188 3132 5250 mortuis,
3162 5188 3216 5240 in
3248 5187 3343 5240 hoc
3367 5185 3466 5239 iste
3497 5185 3675 5238 adstat
3695 5201 3783 5237 co-

2180 5271 2293 5307 ram
2318 5254 2455 5327 vobis
2485 5256 2655 5327 saluus
2686 5258 2821 5327 (Act.
2862 5272 2935 5323 tv,
2964 5256 3041 5327 8).
3073 5255 3318 5325 Cumque
3356 5269 3485 5323 erga
3517 5256 3633 5310 bzec
3665 5269 3783 5322 per-

2180 5326 2518 5395 sequentium
2552 5326 2701 5381 furor
2728 5326 3096 5392 excresceiet,
3141 5340 3343 5395 eosque
3381 5327 3697 5380 sacerdotes
3721 5340 3784 5379 ac

2181 5397 2449 5465 principes
2486 5394 2665 5449 Jesum
2697 5396 2984 5465 praedicare
3008 5397 3396 5519 prohiberent,
3427 5404 3619 5451 contra
3649 5396 3779 5449 iram

2181 5467 2477 5519 Drinciuum
2513 5481 2618 5519 uua
2647 5467 2965 5519 auctoritate
3051 5476 3195 5519 etrus
3231 5469 3539 5519 exoraverit
3578 5465 3779 5519 indica-

2178 5467 2477 5533 principum
2513 5481 2618 5535 qua
2647 5467 2965 5521 auctoritate
3008 5465 3195 5522 Petrus
3231 5465 3539 5522 excrL-verit
3578 5465 3781 5519 indica-

2182 5545 2268 5618 tur
2286 5554 2301 5588 (
2318 5551 2408 5589 ιιιιι
2430 5536 2803 5618 ιιιξξιὶιιιριὶιιιιε
2829 5537 3071 5618 subditur
3094 5554 3106 5591 :
3134 5536 3318 5618 Petrus
3339 5554 3457 5591 vero
3475 5546 3531 5618 et
3560 5536 3779 5618 apostoli

2179 5605 2418 5677 dixerunt
2443 5622 2455 5658 :
2483 5603 2704 5659 Obedire
2722 5604 2924 5677 apat'tet
2952 5606 3063 5661 Deo
3093 5608 3259 5677 magis
3281 5624 3437 5677 quant
3466 5603 3775 5660 hominibus.

2179 5673 2286 5729 Sed
2346 5691 2466 5731 cum
2522 5673 2901 5731 auctoritatem
2960 5673 3361 5747 prazdica'ntium
3408 5677 3775 5732 resistentium

2180 5756 2443 5817 praecepta
2466 5763 2573 5802 non
2603 5760 2930 5816 premerent,
2961 5744 3024 5806 ad
3055 5744 3261 5819 ﬂagella
3290 5748 3618 5818 pervcnitur,
3651 5759 3772 5799 nam
