4028 6306
589 249 729 325 isss

584 376 744 433 quain
796 358 954 433 igitur
988 360 1210 425 peccato
1238 349 1471 421 parcitur
1517 349 1640 417 quia
1687 346 1992 401 nullatenus
2038 344 2155 398 sine
2185 347 2230 400 Α

585 429 813 485 vindii-ta
844 429 1065 481 laxatur.

585 519 712 574 CAP.
754 515 915 570 XXII.
933 545 1003 556 -—
1024 513 1159 564 Abiit
1184 520 1353 562 autent
1382 508 1634 571 Ammius,
1656 516 1704 559 et
1732 505 1959 558 introivit
1981 509 2033 556 tn
2063 501 2154 555 do-

658 604 823 651 mum,
850 594 898 638 et
939 585 1213 651 bnponens
1233 581 1279 632 ei
1322 593 1527 651 manus,
1556 578 1695 651 dixit
1720 590 1736 629 :
1763 574 1927 651 δέημα
1962 575 2150 651 ⁵[ι-ιιιεξν,

657 643 907 710 Dominus
921 643 1065 725 misit
1082 666 1161 703 me
1178 648 1349 725 legas,
1366 647 1456 725 ‘qui
1474 645 1716 725 opprimit
1737 643 1826 695 tibi
1856 644 1909 725 in
1928 643 2027 725 via,
2055 656 2154 715 qua

614 764 617 767 -
661 724 971 787 reuiebas,nt
983 720 1173 782 videas,
1187 726 1236 770 et
1253 710 1721 787 implearis'Spirim
1736 721 1932 765 sancto.
1954 710 2021 762 Et
2033 710 2154 761 con-

665 796 835 865 festim
850 791 1141 865 ceciderunt
1167 789 1230 840 ab
1254 787 1413 865 oculis
1442 786 1552 865 ejus
1578 792 1824 865 tauquam
1847 788 2156 865 squamafget

660 847 816 917 uisum
834 860 1023 929 recepit
1042 867 1121 911 :et
1134 872 1348 925 surgens
1363 847 1650 915 baptizatus
1671 847 1746 903 est
1769 847 1904 915 (Act.
1934 864 2007 909 IX,
2041 847 2151 914 17).

658 955 737 1023 (Ιιι
763 950 991 1023 exposit.
1012 948 1072 1001 Β.
1102 946 1221 1009 .Ioh,
1245 946 1336 998 lib.
1365 959 1550 1003 xxxiii,
1575 958 1639 1020 n._
1658 937 1743 1000 51,
1770 937 1883 1008 5‘2.)
1910 936 2158 1023 Quisquis

590 1009 712 1076 iluin
733 1009 1015 1087 corripitur
1031 1024 1480 1087 peecatu_m_suum
1505 1011 1671 1087 magis
1694 1023 1951 1087 excusare
1971 1009 2155 1087 delen-

588 1091 765 1145 dendo
794 1079 996 1156 appetit
1032 1079 1194 1156 'quain
1223 1081 1420 1156 deﬂere
1440 1122 1456 1146 ,
1486 1079 1637 1156 quasi
1666 1079 1901 1156 squamis
1941 1079 2155 1156 tegitur,

588 1162 711 1214 dum
743 1174 770 1211 a
799 1145 998 1210 sanctis
1024 1145 1463 1223 praedicatoribus
1484 1145 1658 1223 gladio
1688 1146 1833 1200 verbi
1857 1145 2155 1223 iaculatur:

587 1242 834 1297 squamas
859 1215 1046 1288 habet,
1069 1230 1133 1297 et
1160 1221 1361 1297 idcirco
1400 1218 1465 1272 ad
1495 1215 1612 1297 ejus
1655 1215 1946 1297 praecordia
1978 1224 2154 1294 trans-

588 1284 745 1350 eundi
789 1295 925 1349 viam
975 1284 1120 1345 verbi
1160 1290 1350 1357 sagitta
1392 1302 1497 1341 non
1530 1284 1707 1357 habet.
1734 1284 1973 1357 _Duri_tia__
2014 1284 2155 1336 enim

589 1364 788 1419 carnali
820 1361 1093 1430 repellitur
1121 1374 1190 1414 ne
1226 1352 1524 1430 spiritua'is
1547 1356 1601 1430 ei
1630 1353 1859 1430 gladius.
1889 1352 2153 1419 inligatur.

590 1434 801 1487 Carnali
829 1422 1087 1499 sapientia
1116 1422 1302 1499 contra
1349 1428 1514 1499 Deum
1544 1424 1732 1499 Saulus
1760 1422 2114 1499 oliiluraverat
2140 1459 2157 1486 ,

592 1505 803 1572 quando
832 1492 929 1555 co'r
959 1500 1073 1572 ejus
1103 1497 1245 1572 nulla
1290 1492 2028 1572 praedicationisevangelicge
2070 1505 2156 1544 sa-

592 1561 723 1640 gitta
754 1561 1085 1640 penetrabat.
1141 1566 1246 1620 Sed
1277 1561 1555 1634 postquam
1588 1563 1709 1616 loiti
1749 1561 2158 1640 cmlitusincref

596 1637 807 1711 patione
832 1639 1127 1711 jaeulatus,
1168 1644 1224 1690 ct
1242 1650 1474 1711 superno
1523 1641 1765 1711 respectu
1794 1638 2036 1711 emeatus
2078 1637 2160 1683 cSt

596 1699 1021 1781 ilumeuuqnippc
1052 1699 1655 1781 ut'acciperetainisit),
1686 1701 1752 1753 ad
1781 1699 2038 1781 Ananiailn
2052 1713 2161 1781 nve-
2195 1704 2236 1760 Β

596 1766 748 1833 ἰιὶεης
780 1766 1121 1848 illuiiiinatur.
1151 1766 1339 1848 Inqua
1373 1766 1778 1848 illinninatione,
1806 1769 1928 1836 quia
1979 1766 2161 1848 delen-

593 1850 803 1903 siooum
832 1862 1046 1901 sitarum
1077 1840 1268 1898 duritia
1301 1841 1507 1904 caruit,
1538 1842 1673 1894 bene
1699 1840 1765 1892 de
1792 1854 1858 1891 eo
1905 1840 2162 1903 scriptum

593 1927 675 1972 est
704 1936 716 1970 :
745 1916 1049 1970 Ceciderunt
1084 1914 1227 1982 quasi
1262 1909 1580 1983 squamajuab
1603 1910 1761 1983 oculis
1786 1909 1912 1983 ‘ejus
1951 1906 2160 1976 (Ibid.).

594 1989 835 2063 Carnalis
874 1979 1121 2063 videlicet
1146 1979 1438 2063 teguinenti
1465 1979 1610 2033 illum
1641 1979 1831 2063 duritia
1858 1984 2161 2063 p’reslserat‘,

595 2066 652 2110 et
681 2057 876 2110 idcirco
912 2054 1089 2107 radios
1116 2048 1227 2106 veri
1258 2051 1469 2105 luminis
1493 2065 1595 2103 non
1629 2048 1858 2103 videbat.
1888 2048 1992 2102 Sed
2018 2055 2166 2115 post-

593 2140 754 2194 quam
780 2124 1021 2194 superba:
1049 2122 1465 2194 repugnationes
1490 2119 1605 2194 ejus
1634 2119 1785 2194 vieta;
1810 2116 2167 2194 sunt,_de_len-

593 2186 803 2249 sionum
833 2186 1067 2260 summa:
1107 2186 1435 2245 ceciderunt.
1484 2189 1613 2255 Qua:
1656 2188 1871 2260 quidem
1902 2186 1999 2260 sub
2023 2187 2167 2240 Ana-

597 2266 698 2318 nim
726 2255 967 2317 manibus
993 2263 1059 2315 ab
1087 2261 1257 2314 oculis
1286 2259 1593 2313 ceciderunt
1618 2255 1878 2325 Corporis,
1909 2255 2004 2310 sed
2043 2264 2168 2310 ante

593 2332 1130 2404 jamrsub_doinini_ea
1164 2331 1531 2404 increpatione
1570 2326 1879 2404 ceciderant
1904 2325 1971 2379 ab
1993 2325 2168 2404 pculis

594 2395 791 2456 cordis.
821 2401 953 2455 Cum
980 2400 1123 2453 enim
1171 2400 1291 2452 alte
1316 2395 1634 2451 invectionis
1657 2395 1840 2463 jaculo
1880 2396 2168 2449 confossus

596 2471 829 2539 jaceret,
866 2469 1053 2539 humili
1090 2468 1201 2539 jam
1232 2474 1288 2521 et
1313 2474 1593 2539 penetrato
1625 2465 1788 2539 corde
1814 2463 2164 2539 requirebat,

596 2532 779 2594 dicens
811 2532 825 2592 Ξ
860 2532 1236 2607 υοηιὶηε,’ᾳιιξίι
1276 2532 1354 2590 uie
1386 2536 1459 2589 vis
1476 2538 1661 2658 ({acere
1684 2532 1903 2605 (Ibid.)?
1926 2533 2171 2602 Repulsis

599 2608 848 2658 videlicet
873 2608 1129 2658 suuamis.
1164 2606 1267 2658 iam
1288 2606 1354 2658 ad
1379 2622 1472 2658 eor
1513 2605 1555 2656 is
1585 2604 1788 2658 viscera
1818 2603 2061 2657 veritatis
2085 2617 2171 2658 sa-

599 2608 848 2662 vidclicet
873 2603 1137 2674 squamis,
1157 2606 1267 2674 jam
1288 2606 1354 2659 ad
1379 2603 1555 2659 cordis
1585 2603 1788 2658 viscera
1818 2603 2061 2674 veritatis
2085 2617 2172 2658 sa-

599 2678 730 2745 gitta
761 2672 1095 2746 pervenerat,
1128 2672 1267 2744 quan
1291 2678 1343 2728 lo
1358 2676 1605 2746 deposita
1631 2673 1864 2746 elatione
1888 2672 2167 2746 superbi-.c,

598 2742 723 2801 eum
746 2742 901 2815 quem
933 2742 1336 2815 impugnaret-at
1356 2742 1636 2797 Dominum
1656 2742 1936 2809 conﬁtens,
1964 2752 2021 2796 et
2044 2742 2171 2813 quid

598 2814 781 2885 ageret
811 2831 927 2870 nes.
941 2817 1055 2869 iens
1070 2854 1085 2879 ,
1114 2814 1436 2882 requirebat.

599 2927 725 2981 Car.
758 2924 937 2979 XXIII.
968 2953 1039 2963 —
1083 2925 1277 2978 Paulus
1311 2932 1488 2994 autem
1520 2924 1678 2977 multo
1706 2924 1870 2994 magis
1913 2924 2175 2994 carnales-

666 3001 827 3076 cebat,
842 3005 903 3076 et
924 2994 1263 3076 confundebpt
1285 2993 1494 3047 Judwos
1521 2997 1605 3076 qui
1622 2993 1918 3076 habitabant
1947 2993 2172 3076 gemas-

1470 232 1804 292 AI‘PENDIX
1844 231 1934 286 AD
1973 231 2029 287 S.
2072 225 2395 284 GREGORII
2434 222 2659 281 DIERA
2700 225 2931 283 OMNIA.

3718 222 3852 278 1234

2260 338 2362 392 hoc
2387 337 2641 390 abhorret
2667 336 2891 407 aI’aulo
2925 335 3069 407 quod
3102 335 3422 391 rhinoceros
3440 331 3609 407 δριςί
3658 332 3855 407 coloris

2258 407 2474 470 dicitur,
2505 414 2560 460 et
2585 403 2992 474 elephantorum
3016 414 3232 461 ventres
3258 420 3434 459 cornu
3479 403 3648 474 ferire
3678 403 3856 474 periti.

2260 476 2434 545 betur.
2450 474 2594 545 Quid
2623 471 2766 545 enim
2797 490 2894 545 per
2919 476 3156 545 colorem
3184 475 3420 528 buxeum
3445 472 3557 545 nisi
3580 471 3857 545 abstinen-

2259 544 2349 597 tia:
2376 544 2547 612 pallor
2567 541 2922 612 exprimitur?
2942 546 3028 599 cui
3057 544 3171 612 ipse
3200 557 3259 596 se
3282 542 3550 596 tenaciter
3578 541 3856 595 adhaerere

2260 611 2512 678 testatur,
2541 613 2758 681 dicens:
2800 611 3010 681 Castigo
3040 611 3227 681 corpus
3267 627 3436 664 meum
3461 649 3476 674 ,
3520 620 3572 663 et
3618 612 3853 681 servituti

2260 632 2512 678 tesmtur,
2541 632 2758 666 (11081182
2800 632 2941 667 ιαειι
2980 632 3010 667 0
3040 632 3227 681 σοι-ραι
3267 632 3436 664 meum
3461 649 3476 674 ν
3520 632 3571 663 ει
3618 632 3853 663 δεητηιη

2259 682 2474 751 subjicio
2505 680 2558 751 (1
2600 681 2719 736 Cor.
2752 698 2806 736 ix
2828 723 2843 745 ,
2891 632 3023 751 27g).
3048 682 3148 747 Qui
3177 681 3369 734 divinae
3390 681 3526 747 legis
3551 677 3856 751 eruditione

2265 749 2535 819 pneditus,
2572 756 2696 803 dum
2727 750 2953 805 aliorum
2985 749 3293 818 ingluviem
3322 764 3379 803 re
3399 749 3601 816 larguit
3622 787 3637 811 ,
3690 762 3853 819 cornu

2260 818 2570 888 elephantes
2604 819 2899 874 inventrem
2928 821 3067 874 ferit.
3111 820 3167 873 In
3219 828 3461 888 ventrem
3490 819 3726 888 quippe-
3750 818 3853 871 ele-

2262 883 2441 957 phanti
2462 902 2490 941 s
2519 899 2874 956 percusserat,
2906 904 3027 944 cuin
3054 889 3296 943 dicebat:
3340 883 3817 957 Miiltfambulant
3840 928 3856 951 ,

2261 956 2407 1036 quos
2432 973 2566 1025 stupe
2607 958 2835 1036 dicebam
2876 958 3044 1036 robiis;
3072 974 3209 1009 nunc
3253 957 3663 1036 autemetﬂeus
3712 956 3857 1018 dico,

2262 1026 2495 1080 inimicos
2544 1028 2710 1079 trucis
2765 1026 2995 1081 Christi:
3031 1042 3243 1094 quorum
3287 1026 3704 1094 finisinteritus,
3735 1041 3857 1092 quo-

2262 1045 2495 1080 mmucos
2544 1045 2710 1079 trucis
2765 1045 2955 1080 umsu
2978 1045 2995 1081 :
3065 1045 3243 1079 uorum
3287 1045 3411 1094 pnis
3434 1045 3704 1083 amemus,
3735 1045 3857 1092 quo-

2262 1111 2386 1166 rum
2407 1106 2578 1148 venter
2605 1094 2747 1166 Deus
2774 1106 2851 1149 est
2871 1134 2905 1166 ,Α
2927 1106 2976 1149 et
3004 1045 3170 1166 gIIoria
3196 1096 3249 1147 in
3278 1094 3606 1166 confusione,
3628 1094 3860 1166 ipsorum

2265 1164 2487 1231 (Philip.
2540 1180 2636 1228 ιιι,
2687 1164 2812 1231 I8).
2866 1164 2932 1217 Et
2980 1161 3231 1218 rursum:
3286 1161 3608 1232 Hujusmodi
3652 1161 3861 1232 Christo

2265 1230 2487 1287 Domino
2525 1250 2628 1286 non
2657 1230 2898 1296 serviunt,
2949 1235 3039 1287 sed
3065 1250 3157 1287 suo
3185 1234 3348 1286 ventri
3371 1230 3549 1298 (Rom.
3576 1248 3691 1291 va,
3747 1230 3858 1299 18).

2262 1301 2441 1356 Cornu
2465 1319 2561 1356 suo
2588 1302 2745 1369 igitur
2765 1303 3074 1357 rhinoceros
3118 1303 3220 1355 iste
3249 1317 3355 1355 non
3402 1302 3515 1369 jam
3568 1301 3825 1353 homines
3845 1341 3858 1363 ,

2262 1370 2358 1425 sed
2405 1371 2605 1425 bestias
2654 1374 2924 1439 percutit,
2961 1371 3177 1440 quando
3222 1370 3415 1423 Paulus
3466 1370 3556 1423 illa
3599 1370 3861 1440 doctrinae

2263 1454 2373 1510 suae
2402 1440 2717 1493 lortitudine
2746 1439 3080 1510 nequaquam
3121 1440 3463 1510 perimendos
3495 1439 3734 1510 humiles
3768 1440 3860 1491 im-

2264 1508 2419 1577 petit,
2453 1511 2545 1562 sed
2591 1507 2854 1578 superbos
2874 1507 3073 1564 ventris
3101 1507 3336 1563 cultores
3364 1507 3585 1562 occidit.

2263 1601 2392 1656 Car.
2426 1601 2611 1656 XXIV.
2639 1633 2709 1643 —
2738 1602 2988 1655 Dimissus
3009 1610 3084 1655 est
3109 1618 3199 1672 per
3224 1617 3421 1654 murum
3450 1600 3592 1670 (Act.
3623 1616 3678 1653 rx
3703 1640 3720 1663 ,
3746 1598 3860 1667 9.5).

2338 1681 2497 1750 (Dial.
2533 1681 2626 1734 lib.
2664 1696 2736 1746 ιι,
2764 1694 2882 1750 cap.
2915 1680 2992 1748 5.)
3015 1680 3145 1750 cum
3169 1680 3519 1750 implerentur
3540 1688 3729 1732 autem
3752 1679 3862 1732 dies

2268 1748 2443 1815 multi,
2472 1751 2747 1804 consilium
2775 1748 3013 1803 fecerunt
3041 1748 3209 1803 .Iudazi
3239 1758 3297 1803 ut
3319 1764 3439 1802 eum
3470 1749 3859 1801 interﬁcerent.

2268 1818 2418 1872 Nota:
2447 1827 2623 1873 autem
2656 1818 2810 1873 facta:
2837 1829 2963 1872 sunt
2989 1819 3190 1872 insidia:
3216 1833 3403 1872 eorum
3434 1816 3626 1871 Paulo.
3660 1815 3859 1869 Custo-

2266 1889 2484 1943 diebant
2521 1897 2698 1942 autem
2747 1895 2930 1957 portas
2976 1888 3063 1943 die
3094 1903 3156 1942 ac
3184 1896 3364 1954 nocte,
3388 1895 3451 1957 ut
3490 1901 3618 1940 eum
3653 1887 3861 1939 interli-

2267 1967 2470 2012 cerent.
2501 1956 2839 2026 Accipientes
2880 1972 3010 2011 vero
3061 1957 3307 2024 discipuli
3349 1956 3469 2026 ejus
3516 1965 3681 2009 nocte
3702 1994 3743 2026 ,_
3766 1968 3863 2023 per

2269 2042 2480 2080 murum
2503 2023 2818 2082 dimiserunt
2837 2041 2979 2089 eum,
3004 2023 3380 2080 submittentes
3403 2025 3455 2078 in
3478 2034 3688 2093 sporta.
3711 2023 3859 2092 Sapo

2269 2098 2449 2164 agitur
2496 2096 2548 2149 in
2589 2096 2767 2150 animo
2814 2095 3169 2165 perfecturum
3201 2096 3363 2164 (quod
3393 2094 3611 2165 silentio
3640 2104 3859 2164 praetcr-

2268 2164 2502 2221 eundum
2546 2180 2650 2219 non
2689 2164 2963 2233 est),’quia
2983 2165 3349 2219 cumlaborein
3361 2179 3519 2233 suum
3541 2164 3663 2218 sine
3690 2165 3857 2218 fruetu

2269 2250 2391 2290 esse
2416 2232 2799 2299 considerant,
2848 2232 2900 2287 in
2928 2233 3103 2287 locum
3150 2233 3311 2287 alium
3342 2234 3408 2286 ad
3444 2232 3692 2287 laborem
3742 2248 3854 2287 cum

2268 2303 2443 2359 fructu
2473 2304 2720 2371 migrant.
2747 2301 2898 2357 Unde
2920 2303 3022 2358 iste
3048 2317 3259 2371 quoque
3276 2301 3523 2370 egregius
3544 2302 3858 2371 praedicator

2270 2375 2360 2444 qui
2381 2370 2590 2427 dissolui
2614 2374 2773 2444 cupit,
2797 2382 2845 2425 et
2873 2388 2987 2444 cum
3001 2370 3203 2444 Christo
3247 2387 3391 2444 esse:
3414 2372 3498 2423 cui
3524 2372 3695 2444 eicere
3718 2370 3857 2444 Chri-

2272 2439 2380 2497 stus
2406 2452 2503 2506 est,
2516 2448 2565 2495 et
2588 2439 2720 2495 mori
2740 2443 2937 2495 lucrum
2966 2440 3185 2511 (Philip.
3202 2456 3310 2506 ut,
3339 2439 3858 2511 5),Aquicertamiua

2312 2512 2580 2567 assiouum
2602 2526 2708 2565 non
2731 2510 2902 2565 solum
2932 2508 3046 2579 ipse
3076 2508 3318 2579 appetiit,
3348 2508 3444 2562 sed
3485 2509 3555 2563 ad
3585 2510 3858 2563 toleranda

2312 2528 2580 2567 assrouum
2602 2528 2708 2565 non
2731 2528 2902 2565 scium
2932 2528 3046 2579 ipse
3076 2528 3318 2579 appetiit,
3348 2528 3444 2562 seu
3485 2528 3555 2563 aa
3585 2528 3858 2563 laterauua

2274 2528 2386 2636 Eme
2411 2589 2465 2635 et
2494 2580 2628 2634 alios
2656 2581 2988 2643 adhortatur,
3023 2579 3261 2634 Damasci
3291 2580 3727 2649 persecutionem
3749 2593 3862 2649 pas-

2273 2666 2384 2713 sus,
2416 2658 2473 2704 ut
2511 2649 2773 2719 potuisset
2800 2652 3049 2714 evadere,
3094 2648 3557 2719 uiuruin,lunem,
3591 2648 3861 2719 spartam-

2273 2666 2384 2713 sus,
2416 2663 2473 2704 ut
2511 2663 2773 2719 potuisset
2800 2663 3049 2714 evadere,
3094 2664 3327 2715 murum,
3354 2663 3557 2712 tunem,
3591 2663 3861 2770 {spartam-

2273 2734 2379 2789 que
2407 2718 2669 2789 quaisivit,
2700 2733 2863 2787 seque
2890 2720 3125 2789 latenter
3150 2718 3345 2789 deponi
3374 2718 3565 2771 voluit.
3639 2717 3867 2789 unquid-

2275 2787 2651 2857 nami’aulum
2680 2796 2905 2843 mortem
2935 2788 3156 2841 i.ieimus
3183 2787 3442 2857 timuisse,
3469 2801 3667 2857 quam
3696 2787 3869 2857 seipse

2276 2874 2376 2929 pro
2401 2856 2529 2929 Iesu
2557 2871 2743 2929 amore
2788 2864 3022 2929 testatur
3058 2857 3347 2929 appetere!
3375 2855 3485 2910 Sed
3511 2872 3638 2909 cum
3667 2856 3727 2929 in
3770 2855 3866 2910 eo-

2277 2924 2396 2982 dein
2422 2928 2544 2982 loco
2572 2927 2832 2981 minorem
2873 2926 2973 2980 sibi
2999 2924 3226 2980 fructum
3254 2924 3445 2980 adesse
3486 2927 3865 2993 conspiceret,

2279 3006 2335 3051 et
2361 2997 2506 3064 gravi
2537 2996 2720 3051 labore
2746 2995 2813 3049 ad
2842 2997 3079 3050 laborem
3107 3009 3167 3049 se
3213 2994 3336 3047 alibi
3366 3010 3489 3049 cum
3520 2994 3701 3064 fructu
3754 3008 3868 3049 ser-

672 3069 752 3120 ei:
789 3062 1063 3136 afﬁrmans
1111 3075 1159 3118 et
1188 3065 1377 3119 docens
1423 3062 1666 3134 quoniam
1692 3064 1773 3116 hic
1818 3072 1894 3117 est
1942 3062 2174 3119 Christus
2201 3064 2248 3127 C
2275 3062 2441 3136 vavit.
2494 3064 2678 3136 Fortis
2740 3065 2937 3120 etenim
2968 3064 3313 3136 praedicator
3366 3064 3463 3117 Dei
3511 3063 3691 3136 teneri
3730 3064 3867 3118 intra

675 3138 808 3203 (Act.
826 3135 912 3198 ix,
940 3135 1051 3204 2:2).

673 3227 751 3297 (In
791 3226 1018 3295 cxposit.
1055 3225 1111 3297 Β.
1144 3223 1271 3297 Job,
1298 3223 1393 3297 liii.
1419 3240 1567 3297 xxxi.
1600 3240 1651 3277 ιι.
1684 3222 1791 3297 50_,
1823 3222 1911 3297 5i,
1940 3223 2030 3292 54,
2060 3222 2175 3296 55.)

605 3293 802 3350 Paulus
832 3293 1010 3363 igitur,
1041 3296 1164 3363 dum
1194 3293 1405 3346 sublato
1436 3294 1717 3346 oculorum
1748 3294 1946 3347 lumine
1968 3334 1983 3358 ,
2015 3293 2177 3349 manu

605 3366 672 3419 ad
728 3361 985 3416 Ananiam
1025 3361 1275 3427 ducitur,
1331 3370 1480 3430 patet
1531 3365 1638 3430 jam
1704 3363 2014 3416 rhinoceros
2074 3363 2176 3419 iste

605 3435 797 3502 quibus
841 3433 971 3485 loris
1014 3432 1105 3484 Dei
1153 3433 1481 3498 astringilur,
1531 3433 1652 3499 quia
1701 3431 1949 3502 v.de|icet
1988 3448 2093 3486 uno
2122 3434 2175 3488 in

607 3501 870 3570 tempore,
912 3501 1171 3565 czecitate,
1222 3502 1559 3571 baptismate,
1615 3501 1996 3569 przltlicatioue
2047 3503 2178 3571 liga-

607 3580 713 3627 tur.
741 3572 839 3637 Qui
868 3572 1119 3639 etiamad
1151 3570 1238 3623 Dei
1270 3584 1509 3638 priesepe
1536 3578 1772 3623 moratus
1801 3582 1899 3634 est,
1928 3571 2051 3639 quia
2082 3570 2174 3625 ru.

605 3646 809 3696 minare
833 3641 989 3692 Vt'l‘btl
1014 3638 1285 3705 Evangelii
1314 3639 1746 3704 dedignatusnon
1774 3650 1873 3703 εει,
1906 3638 1978 3692 ait
2003 3640 2171 3694 enim:

606 3711 827 3764 Asreudi
861 3709 1234 3778 Jerosolymam
1259 3725 1371 3761 cum
1398 3707 1662 3779 Barnaba,
1689 3720 1948 3779 assumpto
1969 3720 2016 3761 et
2039 3708 2173 3765 Ίιιο.

606 3779 829 3832 Ascendi
863 3787 1031 3831 autem
1059 3777 1332 3831 secundum
1356 3777 1744 3840 i'erelationem,
1764 3787 1811 3831 et
1839 3777 2030 3832 contuli
2062 3796 2175 3833 cum

606 3851 710 3902 illis
742 3849 1073 3917 Evangelium
1105 3846 1299 3917 (Calai.
1334 3862 1391 3913 ll,
1421 3847 1466 3908 ί,
1498 3847 1573 3917 9).
1597 3846 1659 3900 Et
1697 3849 1785 3913 qui
1805 3849 1949 3916 prius
1964 3847 2177 3915 jejunus

609 3919 882 3971 audierat:
943 3916 1140 3971 Durum
1182 3919 1367 3970 esttibi
1414 3926 1592 3971 contra
1630 3918 2176 3972 stimulumcalcitrare

608 3989 828 4056 (Actu.
856 3985 1076 4056 5),niira
1108 3987 1651 4055 postmodumvirtute
1672 3988 1999 4055 piwsidentis
2024 4003 2176 4057 pres-

606 4074 699 4112 sus
738 4057 883 4110 verbi
934 4057 1129 4125 pabulo
1156 4056 1295 4109 vires
1316 4057 1567 4121 obtinuit,
1598 4064 1653 4109 et
1682 4058 1943 4125 superbia:
1972 4056 2176 4111 calcem

608 4128 806 4190 amisit,
825 4130 891 4179 I0l
906 4126 1054 4193 isque
1074 4126 1165 4180 Dei
1183 4141 1288 4179 non
1312 4133 1516 4178 tantum
1539 4140 1566 4175 a
1594 4126 1800 4179 l'eritatc
1818 4127 2174 4193 restringitur,

605 4199 721 4260 sed,
742 4195 883 4263 quod
911 4196 1076 4262 magis
1103 4196 1172 4248 sit
1200 4195 1458 4257 mirabile,
1491 4193 1555 4246 ad
1583 4195 1835 4246 arandum
1867 4196 2077 4263 ligatur,
2119 4206 2178 4249 ut

608 4282 716 4319 non
746 4266 918 4318 solum
951 4264 1192 4318 homines
1215 4265 1547 4334 crudelitatis
1573 4278 1753 4334 cornu
1801 4278 1907 4317 non
1934 4266 2172 4334 impetat,

606 4335 699 4389 sed
722 4335 881 4403 etiam
909 4332 1403 4403 coruiu_relectioni
1445 4333 1682 4403 Si_r\liells
1731 4341 1963 4403 aratrum
1994 4332 2178 4403 pracdi-

2278 3134 2509 3190 elaustra
2539 3135 2728 3199 noluit,
2760 3134 3068 3189 certaminis
3090 3148 3335 3203 campum
3357 3133 3627 3203 qmesivit.

2276 3220 2405 3277 CAP.
2431 3221 2588 3275 XXV.
2612 3255 2683 3265 —
2706 3221 2837 3275 Erat
2877 3231 3045 3275 autem
3081 3221 3274 3275 Paulus
3317 3239 3431 3275 tum
3473 3222 3754 3291 discipulis
3792 3223 3865 3274 iu-

2351 3302 2510 3353 trans,
2545 3294 2788 3362 eteriens
2817 3293 2870 3345 in
2897 3292 3203 3362 Jerusalem,
3248 3301 3296 3343 et
3337 3292 3662 3361 ﬁducialiter
3703 3308 3862 3362 agens

2346 3364 2401 3416 in
2424 3362 2627 3415 nomine
2651 3361 2896 3415 Domini:
2938 3361 3236 3429 loquebatur
3263 3378 3461 3429 quoque
3499 3361 3769 3430 gentibus,
3820 3369 3866 3412 et

2347 3431 2644 3500 disputabat
2679 3447 2792 3483 cum
2836 3430 3030 3501 Graecis
3052 3446 3069 3484 .'
3093 3431 3170 3483 illi
3196 3439 3368 3483 autem
3405 3430 3717 3501 qurerebant
3757 3446 3866 3484 eam

2348 3500 2578 3555 occidere
2600 3502 2737 3571 (Act.
2776 3516 2850 3564 ix,
2879 3499 2991 3568 28).

2348 3577 2428 3647 (In
2451 3576 2747 3647 exposit.B.
2770 3575 2891 3639 Job,
2917 3577 3006 3631 lib.
3039 3592 3109 3641 lli,
3132 3592 3279 3631 num.
3307 3576 3394 3642 l5,
3420 3575 3518 3647 16;
3542 3576 3755 3644 Dialog.
3778 3577 3863 3629 lib.

2278 3646 2487 3715 tu,cap.
2511 3647 2623 3716 l7).
2646 3646 2699 3700 Si
2723 3662 2816 3701 cor
2840 3647 3135 3715 peccatoris
3157 3647 3244 3714 qui
3268 3647 3319 3699 in
3342 3646 3545 3700 malitia
3568 3663 3666 3700 sua
3690 3659 3865 3699 manet

2278 3716 2564 3771 immobilis
2601 3718 2769 3771 sancti
2791 3716 3020 3787 Spiritus
3063 3717 3232 3787 gratia
3268 3731 3503 3787 superno
3530 3732 3760 3769 tonuere
3787 3716 3863 3768 iu-
3904 3732 3911 3737 τ

2277 3787 2392 3839 {Usa
2437 3787 2688 3852 tetigerit,
2738 3785 2862 3840 moi:
2903 3786 3217 3854 peccatricis
3246 3787 3440 3839 mentis
3470 3785 3669 3838 duritia
3692 3800 3724 3837 a
3760 3799 3863 3837 sua:

2277 3855 2664 3909 immobilitatis
2694 3855 3055 3908 obstinatione
3079 3862 3431 3923 perniutatur,
3467 3864 3523 3907 et
3553 3870 3681 3907 rore
3703 3854 3861 3907 divini

2278 3925 2514 3978 muneris
2543 3924 2766 3985 infusus,
2795 3932 2916 3994 post
2943 3923 3169 3977 libenter
3216 3923 3435 3990 injurias
3491 3924 3689 3977 tolerat
3740 3938 3865 3994 quts

2279 3995 2424 4063 prius
2452 3992 3129 4063 vehenienter'irrogabat;
3180 4001 3303 4062 post
3348 3994 3514 4046 etiam
3544 4008 3644 4047 sua
3686 3992 3864 4063 tribuit

2277 4061 2369 4132 qui
2400 4063 2545 4129 prius
2593 4062 2766 4116 aliena
2814 4061 3082 4131 rapiebat;
3131 4061 3252 4132 post
3278 4077 3495 4115 carnem
3546 4061 3863 4115 abstinendo

2277 4131 2481 4187 eruciat
2509 4132 2596 4199 qui
2626 4132 2771 4200 prius
2792 4139 3042 4186 satietate
3070 4131 3247 4200 carnis
3277 4146 3373 4199 per
3418 4132 3704 4185 mortifera
3757 4141 3864 4184 tur-

2275 4201 2576 4270 pitndinum
2606 4199 2997 4255 oblectamenta
3021 4199 3316 4265 deﬂuebat;
3342 4210 3464 4269 pOst
3491 4201 3657 4253 etiam
3680 4215 3865 4270 perse-

2278 4269 2494 4325 cutores
2537 4269 2709 4338 diligit
2752 4270 2842 4338 qui
2881 4270 3027 4338 prius
3059 4271 3280 4337 diligere
3323 4270 3485 4323 etiam
3516 4285 3577 4323 se
3626 4278 3865 4322 amantes

2280 4338 2514 4394 nolebat.
2542 4336 2695 4393 Libet
2722 4336 2785 4393 iii
2807 4336 2965 4406 hujus
2992 4339 3069 4392 rei
3098 4336 3399 4407 exemplum
3430 4353 3597 4391 unum
3626 4354 3658 4392 e
3688 4340 3866 4391 multis

608 4402 838 4486 cationis
867 4402 1064 4486 trahat.
1094 4401 1209 4486 Ipse
1236 4402 1452 4486 quippe.
1470 4401 1535 4454 de
1555 4401 2061 4486 evangeluizantihus,
2110 4403 2177 4458 de
2207 4426 2250 4484 ο
2279 4409 2343 4486 ad
2368 4407 2598 4486 medium
2637 4407 2856 4486 Paulum
2869 4401 3094 4486 :vocare,
3124 4409 3215 4477 qui
3240 4401 3361 4462 cum
3390 4410 3632 4476 acer-ptis
3677 4416 3861 4486 contra

606 4472 881 4526 arantihus
910 4470 1061 4524 dicit:
1096 4469 1253 4524 Debet
1281 4469 1414 4524 enim
1437 4472 1487 4524 in
1525 4486 1612 4539 spe
1634 4510 1649 4534 ,
1698 4473 1781 4542 qui
1808 4483 1923 4542 arat
1947 4510 1962 4536 ,
1992 4488 2173 4542 arare;

606 4544 693 4608 qui
722 4542 948 4606 triturat,
964 4542 1019 4593 in
1047 4557 1134 4610 spe
1160 4543 1354 4611 [ructus
1382 4542 1692 4611 percipiendi
1712 4540 1766 4611 (Ι
1790 4540 1909 4595 Cor.
1953 4558 2026 4606 IX,
2061 4541 2172 4611 10).

607 4613 709 4679 Qui
740 4612 897 4680 igitur
944 4612 1215 4664 tremenda
1262 4611 1407 4680 prius
1444 4611 1684 4665 lidelibus
1730 4612 2079 4678 irrogaverat,
2120 4621 2177 4665 et

609 4698 708 4752 pio
761 4682 864 4736 lide
907 4681 1252 4752 postmodum
1310 4680 1511 4752 tlagclla
1559 4681 1785 4752 libinter
1831 4689 2035 4749 portat;
2085 4682 2175 4752 qui

605 4749 817 4820 scriptis
845 4750 1005 4820 etiam
1038 4749 1286 4818 Epistolis
1311 4751 1521 4805 humilis
1568 4758 1637 4820 et
1666 4751 1947 4818 despectus
1982 4750 2174 4819 prazdi-

604 4834 693 4878 cat
716 4819 857 4889 quoi
885 4819 1081 4872 dudum
1109 4820 1358 4889 terribilis
1379 4819 1747 4888 inipugnabat;
1779 4820 2017 4887 profecto
2045 4820 2181 4873 bene

602 4887 797 4958 ligatus
824 4890 922 4958 sub
968 4899 1146 4958 aratro
1173 4887 1395 4943 desudat
1437 4887 1502 4958 ad
1538 4896 1772 4955 segetem
1799 4889 1888 4955 qui
1919 4889 2091 4943 fuerat
2126 4889 2179 4942 in

604 4957 797 5029 campo
822 4957 962 5029 male
989 4957 1124 5011 liber
1150 4973 1180 5011 a
1209 4958 1420 5029 timore.
1450 4957 1689 5029 Repente
1721 4958 1917 5029 quippe
1935 4973 2148 5013 commu
2165 4988 2178 4997 -

606 5027 749 5085 tatus
794 5028 861 5081 ab
914 5027 1066 5080 hoste
1101 5028 1416 5096 prmdicator
1461 5028 1723 5094 ellicitur,
1773 5036 1829 5081 et
1878 5027 1928 5081 in
1975 5029 2181 5082 cunctis

604 5098 787 5151 mundi
810 5097 1049 5167 partibus
1072 5096 1441 5166 Redemptoris
1459 5097 1539 5167 sui
1560 5112 1750 5150 nomen
1776 5096 2021 5150 insinuat.
2044 5097 2183 5166 Sup-

607 5167 763 5236 plicia
793 5166 892 5236 pro
921 5166 1145 5220 veritate
1192 5166 1405 5230 tolerat,
1438 5166 1543 5235 pati
1593 5181 1651 5220 se
1692 5181 1810 5236 qua:
1856 5168 2183 5234 ii'rogaverat

608 5235 853 5299 exultat,
903 5235 1038 5289 alios
1085 5236 1456 5290 blandimentis
1504 5242 1692 5297 vocat,
1741 5235 1875 5289 alios
1904 5237 1968 5288 ad
2019 5236 2173 5288 tidem

604 5305 899 5359 terroribus
931 5314 1187 5360 revocat:
1219 5306 1332 5361 istis
1370 5319 1590 5375 regnum
1621 5306 1904 5374 pollicetur
1947 5304 2179 5359 C(BICSIIS

606 5375 791 5446 pitrim
814 5413 830 5439 ,
862 5375 965 5428 illis
994 5378 1224 5428 minatur
1244 5376 1390 5446 ignes
1420 5374 1691 5444 gehennae.
1725 5374 1831 5428 llos
1878 5390 1971 5445 per
1994 5383 2178 5446 aucto-

606 5444 819 5497 ritatem
846 5445 1083 5514 corrigit,
1108 5446 1225 5497 illos
1250 5445 1315 5497 ad
1331 5446 1466 5496 viain
1489 5446 1822 5500 rectitudinis
1849 5444 1945 5514 per
1962 5444 2175 5514 humili:

607 5520 769 5582 tatem
837 5513 1028 5576 trahit;
1061 5522 1218 5582 atque
1246 5515 1296 5567 in
1343 5515 1484 5567 omni
1516 5515 1680 5568 latere
1708 5514 1775 5568 de
1824 5513 1980 5567 nianu
2011 5530 2070 5569 se
2097 5513 2177 5566 sui

608 5580 852 5635 ﬂecteris
886 5580 1209 5649 inclinai,‘et
1237 5591 1380 5636 tanta
1411 5591 1525 5637 arte
1547 5583 1636 5637 Dei
1658 5599 1836 5638 arcam
1865 5592 2173 5651 congregat,

604 5658 803 5715 quanta
831 5652 898 5705 ad
930 5651 1073 5705 illam
1102 5654 1247 5721 prius
1273 5652 1505 5708 elatione
1533 5653 1843 5713 ventilabat.
1873 5654 1975 5709 Sed
2002 5667 2174 5724 neque

2281 4476 2549 4532 Christum
2579 4478 2820 4546 epistolis
2864 4476 3181 4547 Damascum
3228 4486 3496 4547 peigeret,
3537 4478 3712 4531 sancti
3749 4476 3862 4547 Sri-

2281 4548 2416 4601 ritus
2444 4546 2614 4613 gratia
2644 4547 2697 4600 in
2744 4548 2933 4600 itinere
2980 4546 3204 4610 infusus,
3231 4546 3323 4599 ’ab
3361 4546 3451 4598 illa
3482 4562 3580 4601 sua
3624 4546 3863 4615 protinus

2279 4615 2596 4696 crudelitate
2644 4624 2879 4696 mutatus
2916 4623 3043 4694 est,.
3072 4623 3126 4696 et
3157 4614 3513 4696 postmodum
3544 4614 3733 4696 plagas
3771 4630 3863 4696 p-r‘o

2281 4684 2499 4739 Christo
2528 4686 2737 4755 accepit
2764 4699 2907 4755 quas
2927 4682 3185 4738 veniebat
3214 4684 3407 4738 inferre
3427 4682 3864 4739 Christianisflit

2278 4755 2368 4822 qui
2390 4754 2536 4820 prius
2557 4754 2842 4808 carnaliter
2862 4754 3045 4807 vivens
3070 4755 3121 4807 in
3145 4762 3371 4808 mortem
3392 4755 3699 4807 conabatur
3714 4769 3864 4809 sanc-

2280 4831 2365 4878 tos
2387 4824 2595 4877 Domini
2619 4824 2848 4888 tradere,
2870 4823 3066 4891 gaudet
3090 4822 3423 4889 postmodum
3447 4838 3545 4891 pro
3575 4826 3687 4876 vita
3710 4839 3863 4877 saue-

2282 4900 2460 4946 torum
2510 4895 2674 4947 vitam
2702 4908 2811 4946 sua:
2838 4893 3016 4946 carnis
3046 4893 3355 4956 immolare;
3388 4901 3443 4945 et
3467 4894 3563 4959 qui
3594 4894 3747 4961 prius
3774 4893 3860 4945 luit

2279 4961 2624 5030 blasphemus
2650 4972 2705 5016 et
2752 4972 3095 5031 persecutor,
3148 4961 3359 5016 humilis
3380 4971 3504 5030 post
3561 4962 3736 5017 factus
3789 4970 3859 5014 est

2279 5031 2507 5101 piusque
2536 5033 2880 5101 praedicator;
2908 5039 2965 5101 et
2986 5032 3073 5098 qui
3111 5031 3637 5101 lucrmumaximum
3662 5033 3858 5101 putavit

2278 5114 2339 5153 se
2404 5100 2457 5152 in
2511 5099 2785 5168 discipulis
2844 5100 3112 5153 Chii-tum
3183 5099 3471 5166 occidere,
3525 5099 3853 5169 jam‘vitam

2279 5183 2428 5238 suam
2474 5170 2741 5224 Christum
2765 5170 2991 5222 aestimat
3035 5179 3091 5222 et
3133 5170 3266 5223 mori
3297 5169 3525 5223 lucrum.
3583 5171 3735 5224 Mens
3764 5171 3856 5238 igi-

2281 5246 2366 5291 tur
2388 5237 2559 5303 Pauli,
2590 5254 2712 5293 ιιιοΧ
2761 5248 2819 5292 ut
2864 5238 3094 5309 Spiritus
3121 5239 3289 5293 sancti
3342 5240 3567 5305 gratiam
3612 5237 3857 5309 accepit,

2279 5316 2475 5361 statum
2502 5323 2613 5362 sua:
2655 5308 3041 5362 immobilitatis
3065 5317 3121 5362 et
3160 5309 3490 5363 crudelitatis
3541 5308 3857 5363 immunivit.

2279 5376 2334 5447 In
2364 5375 2481 5443 ejus
2508 5378 2856 5431 conversione
2893 5392 3174 5447 possumus
3216 5378 3545 5447 perpendere
3566 5380 3698 5446 quia
3752 5395 3857 5431 ma-

2275 5446 2363 5515 jus
2414 5456 2496 5500 est
2552 5447 2860 5501 miraculum
2910 5447 3300 5515 prantieationis
3350 5446 3514 5500 verbo
3563 5458 3619 5501 et
3663 5449 3857 5502 oratio-

2282 5517 2363 5569 nis
2387 5515 2581 5570 solatio
2610 5524 2943 5584 peccatoreiu
2989 5524 3302 5570 convertere
3327 5530 3487 5584 quam
3530 5531 3699 5571 carne
3726 5532 3854 5570 tuor-

2281 5594 2429 5637 tuum
2466 5588 2800 5640 resuscitaie.
2834 5584 2889 5638 In
2931 5586 3032 5639 isto
3052 5586 3192 5638 enim
3220 5586 3570 5640 resuscitator
3594 5600 3725 5641 caro
3767 5587 3854 5639 ite-

2279 5667 2397 5707 rum
2427 5656 2705 5721 inoritura,
2726 5654 2776 5707 iu
2810 5654 2901 5710 illo
2918 5669 3044 5710 vero
3071 5654 3246 5710 anima
3279 5655 3330 5719 iu
3345 5665 3604 5709 internum
3632 5656 3856 5710 victura-

3957 84 3971 307 l
