3982 6306
223 317 348 376 i3“

792 322 1037 378 ALULFI
1082 322 1436 377 EXPCSITIO
1477 322 1631 375 NOV!
1665 322 1859 378 TEST.
1900 355 1968 366 ——
2007 325 2154 380 SUP.
2200 327 2304 380 ΕΡ.
2347 328 2548 382 PAULI
2589 329 2678 380 AD
2717 329 2869 381 (ΞΟΠ.

3326 328 3465 386 1542

216 437 638 507 lornmserv'tio
663 435 968 489 Corinthios
1015 440 1269 500 retraxit,
1312 437 1433 504 quis
1476 445 1618 507 esset
1647 435 1787 507 Deus
1819 443 1856 494 Α
1894 435 2184 507 insidians,
2232 438 2330 490 sub
2377 440 2557 507 specie
2587 438 2888 492 sanctitatis
2927 439 3100 494 illudit
3135 457 3147 492 :
3182 440 3284 494 illis
3312 441 3460 496 velut

217 522 375 559 verus
406 505 638 557 innotuit
664 546 677 569 ,
728 515 941 559 atternze
987 508 1063 558 eis
1093 509 1212 558 vitae
1241 507 1427 572 gaudia
1461 505 1785 574 pnedicavit.

215 574 281 628 Et
321 591 442 628 cum
474 587 716 640 magnam
750 575 1139 627 multitudinem
1169 575 1349 642 populi
1383 576 1432 628 in
1477 575 1579 627 fide
1620 574 1786 628 colle-

216 645 380 710 gisset
405 682 419 704 ,
471 650 670 695 tantam
705 643 813 696 illic
855 645 1086 711 inopiam
1119 645 1367 709 pertulit,
1423 653 1482 697 ut
1510 645 1679 697 victus
1708 643 1787 695 sui

212 713 363 780 gravi
404 716 722 764 necessitate
753 711 1048 772 laboraret.
1081 721 1136 765 et
1163 723 1316 765 terra:
1348 728 1535 781 panem
1564 726 1592 763 a
1623 711 1784 781 disci-

215 779 359 852 pulis
381 797 485 833 non
511 786 714 852 accepit
739 782 930 852 quibus
957 797 1155 852 panem
1173 782 1294 834 ereti
1324 779 1647 852 praedicavit.
1702 779 1786 832 lnv

211 849 441 904 sistebat
467 850 631 901 verbo
665 865 760 916 pro
791 851 893 902 vita
926 849 1274 912 audientium,
1308 866 1406 918 pro
1434 851 1539 902 vita
1565 850 1647 902 sui
1677 865 1790 902 cor-

211 920 360 988 poris
406 919 684 988 insistebat
725 918 894 988 labori
941 935 1219 988 manuum.
1269 919 1344 972 De
1389 920 1543 972 terris
1573 933 1788 988 quoque

211 987 331 1041 aliis
360 987 622 1057 stipendia
655 987 1004 1040 mittebantur
1030 1004 1059 1041 a
1091 987 1385 1057 discipulis,
1419 997 1476 1041 ut
1502 987 1788 1057 przedieare

210 1057 484 1112 sulliceret
508 1056 831 1119 Corinthiis;
876 1058 988 1125 ipse
1016 1055 1318 1126 quippe‘ad
1349 1060 1566 1126 eosdgm
1594 1055 1788 1108 Corin-

209 1128 354 1180 thios
385 1134 504 1194 post
533 1140 629 1192 per
648 1124 907 1192 epistolas
932 1124 1183 1193 loquitur,
1215 1127 1400 1180 dicens
1431 1145 1441 1175 :
1473 1124 1596 1178 Cum
1625 1141 1785 1176 essem

208 1197 351 1264 apud
379 1193 494 1258 ros,
527 1203 575 1246 et
603 1210 832 1264 egerem,
875 1196 1002 1247 nulli
1034 1212 1276 1248 onerosus
1321 1197 1395 1264 fui
1437 1213 1453 1248 :
1505 1211 1624 1246 nam
1654 1193 1788 1264 quod

207 1263 336 1318 mihi
365 1265 556 1334 deerat,
588 1263 946 1334 suppleverunt
969 1266 1184 1332 fratres,
1217 1267 1300 1334 qui
1323 1263 1573 1317 reuertor:
1601 1281 1631 1315 α
1665 1263 1714 1315 Μ
1724 1281 1784 1314 a-

205 1333 446 1387 cedonia.
501 1331 704 1397 Quzbus
751 1333 814 1402 agl
860 1331 1107 1402 magnum
1149 1331 1364 1402 quoque
1403 1334 1785 1401 iinproperiuln

205 1403 488 1472 prmmisit,
517 1402 734 1472 dicens:
757 1401 901 1472 Alias
924 1401 1178 1455 Ecclesias
1198 1401 1496 1471 exspoliari,
1529 1403 1787 1469 accipiens

205 1470 523 1539 itipendium
553 1470 621 1522 ad
650 1471 988 1539 ministerium
1017 1481 1256 1524 vestrum.
1293 1470 1591 1539 'I’enscmns
1634 1484 1783 1536 ergo,

203 1541 252 1593 si
284 1538 584 1608 possumus,
615 1538 765 1606 cujus
795 1540 896 1593 hoc
926 1541 1345 1594 mansuetudinis
1376 1538 1566 1603 fuerat,
1596 1553 1785 1606 panem

203 1610 537 1678 spiritualem
564 1609 872 1678 prmdicare,
891 1617 942 1662 et
965 1625 1154 1676 panem
1178 1611 1351 1662 carnis
1372 1625 1477 1662 non
1506 1611 1783 1676 accipere:

207 1677 375 1735 corda
421 1678 749 1731 audientium
782 1677 848 1730 de
879 1679 1078 1732 divitiis
1118 1679 1332 1732 aeternis
1379 1679 1498 1731 iusti
1516 1693 1675 1738 ure,
1730 1685 1786 1730 et

203 1749 350 1800 inter
380 1746 596 1801 eoadem
638 1746 928 1815 discipulos
970 1748 1151 1801 lidelrs
1180 1755 1233 1800 et
1274 1747 1604 1802 abundantes
1647 1746 1784 1800 fame

202 1817 490 1879 laborare;
529 1816 680 1886 inter
722 1817 946 1886 satiatos
995 1817 1101 1885 pati
1151 1818 1406 1886 inopiam,
1458 1832 1557 1870 nec
1603 1825 1780 1875 tamen

247 1887 350 1939 uod
383 1884 683 1953 patiebatur
719 1885 918 1949 dicere,
968 1884 1068 1940 nec
1120 1884 1297 1939 tamen
1338 1887 1522 1941 dolere
1556 1903 1568 1937 :
1601 1886 1782 1939 videre

201 1904 340 2006 ﬂora
369 1969 493 2006 erga
523 1969 582 2006 se
611 1953 775 2006 corda
805 1955 1105 2006 auditorum
1138 1957 1427 2006 tenacium.
1459 1969 1558 2006 nec
1585 1970 1614 2006 a
1642 1969 1780 2006 nne-

248 1971 340 2008 ura
369 1969 493 2022 erga
523 1969 582 2008 se
611 1953 775 2007 corda
805 1955 1105 2008 auditorum
1138 1957 1427 2020 tenacimn,
1459 1969 1558 2009 nec
1585 1970 1614 2008 a
1642 1969 1780 2023 pne-

201 2025 479 2077 dizatione
521 2023 801 2078 desistere.
858 2023 990 2076 Nam
1041 2025 1181 2078 sicut
1224 2027 1603 2094 apostolorum,
1645 2024 1778 2077 Acta

200 2101 498 2156 testantur,
530 2107 669 2146 anno
700 2103 754 2146 et
784 2107 878 2145 sex
919 2095 1191 2149 mens.bus
1238 2093 1291 2147 in
1334 2097 1520 2149 eadem
1562 2093 1781 2148 civitate

200 2163 468 2233 eontinue
490 2161 792 2233 pr.cdicavit
827 2162 972 2231 (Act.
1002 2164 1171 2231 xvm).
1201 2163 1442 2233 Cumque
1483 2164 1551 2217 ab
1579 2161 1779 2233 eisdem

199 2230 851 2301 Corinthiisreeessisset,
883 2232 948 2284 ad
986 2230 1203 2287 eosllem
1227 2230 1569 2301 postmodum
1597 2231 1782 2285 scribit

200 2299 521 2374 quodapnd
552 2316 645 2354 eos
673 2301 878 2374 positus
909 2302 1144 2369 pertulit.
1173 2299 1349 2374 Quare
1373 2311 1550 2374 autem
1581 2302 1682 2374 hoc
1704 2301 1781 2354 eis

199 2385 330 2424 cum
360 2370 499 2424 inter
526 2383 621 2423 eos
643 2369 845 2422 viveret
873 2386 1142 2438 nunquam
1173 2369 1345 2425 dixit?
1375 2371 1451 2426 Ne
1480 2371 1620 2438 quod
1651 2383 1780 2436 erga

201 2455 330 2494 eum
364 2439 558 2492 laetum
589 2455 656 2494 ex
686 2439 824 2490 bona
857 2439 1130 2494 voluntate
1177 2456 1282 2492 non
1331 2440 1503 2495 fuerat
1533 2439 1684 2496 lieret
1713 2454 1780 2493 ex

199 2509 462 2575 inssioue,
496 2516 694 2561 etcum
723 2508 1081 2562 innotesci-ret
1114 2524 1299 2563 eorum
1329 2510 1540 2564 miseria
1562 2547 1576 2570 ,
1607 2523 1780 2561 rema-

201 2586 360 2636 neret
387 2577 638 2630 voluntas
661 2579 858 2644 ignota.
883 2578 1058 2642 Quare
1083 2589 1260 2631 autem
1291 2580 1395 2633 hoc
1421 2582 1484 2632 ad
1509 2579 1606 2631 hos
1634 2585 1780 2645 post-

199 2648 422 2700 tuodum
454 2648 609 2714 longe
633 2649 836 2715 positus
858 2649 1076 2701 scribit?
1104 2648 1178 2701 Ne
1202 2650 1512 2702 omnimodo
1536 2647 1777 2713 di~cipu‘i

199 2717 492 2770 incorrecti
520 2726 883 2778 remanerent,
914 2727 966 2769 et
996 2719 1182 2782 quales
1208 2718 1260 2770 in
1292 2719 1496 2772 tenacia
1524 2717 1780 2782 magistro

198 2784 438 2846 fuerant,
472 2786 588 2838 aliis
629 2800 844 2853 quoque
874 2784 1124 2840 l'ra'ribus
1155 2787 1288 2840 tales
1328 2798 1524 2841 essent.
1556 2785 1695 2839 Vere
1725 2793 1781 2838 et

197 2855 256 2911 in
282 2854 384 2908 hoc
412 2854 624 2917 Paulus,
656 2869 783 2907 v-~re
806 2857 1058 2924 magister
1076 2857 1332 2922 gentium.
1367 2871 1462 2908 sua
1483 2855 1776 2922 negligens,

197 2925 381 2993 aliena
421 2939 650 2989 curans,
699 2923 938 2991 implevit
966 2927 1107 2993 quod
1151 2941 1258 2993 [tl‘tl‘
1299 2926 1535 2980 icaverat
1565 2927 1779 2993 {Nemo

197 2992 340 3120 aed
367 3009 512 3045 suum
549 3003 652 3058 est,
685 3003 916 3062 quwrat;
954 2991 1041 3046 sed
1066 2991 1201 3065 quod
1227 2995 1438 3048 alterius
1469 2997 1486 3064 (
1513 2993 1536 3046 1
1570 2991 1688 3047 Cor.
1722 3009 1774 3056 χ,

283 3071 294 3119 ι
327 3080 338 3114 :
372 3070 426 3116 et
455 3078 559 3116 non
590 3079 706 3120 uiue
740 3079 832 3115 sua
864 3071 987 3115 sunt
1015 3064 1206 3120 singuli
1233 3066 1560 3120 cogitantes.
1590 3063 1683 3116 sed
1713 3077 1774 3117 ea

283 3071 294 3119 l
327 3080 338 3114 :
372 3070 426 3116 et
455 3078 559 3116 non
590 3079 706 3132 qua:
740 3079 832 3115 sua
864 3071 987 3115 sunt
1015 3063 1206 3131 singuli
1233 3066 1560 3132 cogitantes,
1590 3063 1683 3116 sed
1713 3077 1776 3117 ea

197 3148 323 3200 quae
353 3147 380 3184 a
406 3132 596 3184 iorum.
631 3131 837 3200 Quanta
880 3132 1056 3201 itaque
1103 3134 1200 3188 ista
1233 3131 1654 3188 mansuetudinis
1690 3133 1780 3186 est

199 3201 403 3254 virtus!
436 3211 633 3272 quanta
665 3201 1289 3272 tranquillitasVSpiritus!
1324 3202 1452 3270 Quis
1474 3211 1652 3255 autem
1679 3218 1775 3254 nu-

198 3280 397 3340 strmn,
429 3271 474 3322 si
496 3286 655 3324 unum
683 3270 840 3338 hujus
859 3271 1036 3323 mundi
1065 3270 1282 3326 divitem
1306 3274 1370 3325 ad
1395 3274 1777 3340 omnipotentis

200 3339 602 3410 Deiservitium
635 3343 1004 3410 convertisset,
1035 3358 1202 3410 seque
1231 3356 1393 3408 egere
1419 3339 1769 3409 conspiceret,

198 3419 262 3464 et
290 3408 438 3462 illum
467 3409 564 3463 sibi
587 3411 707 3462 vitm
734 3409 968 3465 subsidia
992 3427 1096 3464 non
1114 3408 1376 3479 prrebere,
1404 3427 1509 3466 non
1533 3408 1775 3479 protinus

199 3480 273 3532 de
317 3479 434 3546 ejus
464 3479 568 3548 vita
597 3480 975 3546 desperasset?
1022 3481 1152 3548 Quis
1200 3497 1304 3534 non
1335 3482 1599 3534 incassum
1630 3479 1776 3532 labo-

199 3561 356 3601 rasse
383 3563 442 3601 se
470 3547 706 3602 diceret?
735 3549 853 3617 quis
884 3565 987 3604 non
1027 3547 1094 3602 ab
1124 3550 1238 3618 ejus
1269 3551 1646 3606 exhortatione
1671 3549 1773 3618 ob-

201 3632 296 3676 ιιιιι
323 3626 531 3670 est-cret
559 3631 716 3684 quem
750 3616 800 3671 iu
830 3616 1174 3686 semetipsum
1222 3620 1448 3687 primum
1497 3619 1634 3672 l'eire
1663 3616 1771 3669 fru-

197 3698 348 3740 czum
377 3687 501 3757 boni
531 3689 708 3755 Operis
736 3704 840 3740 non
872 3688 1113 3741 videret?
1143 3688 1247 3742 Sed
1279 3687 1474 3742 Paulus
1502 3703 1596 3757 per
1624 3701 1775 3738 "23;.-

197 3771 267 3808 ευ
307 3755 541 3809 tudinem
593 3757 643 3809 in
697 3759 945 3810 virtutum
992 3759 1189 3812 vertice
1235 3755 1771 3826 solidatus'perstitit,

199 3827 531 3897 prmdieavit,
565 3827 785 3887 dilexit,
818 3835 872 3880 et
901 3827 1098 3882 bonum
1129 3844 1237 3896 quo
1259 3835 1556 3897 licteperat,
1588 3827 1772 3894 exple-

201 3895 328 3965 vit,
376 3904 536 3960 atque
585 3898 849 3964 portando
892 3905 946 3949 et
1002 3896 1338 3965 persistendo
1386 3895 1772 3964 liiscipuiornm

198 3964 367 4034 corda
399 3969 464 4016 ad
503 3965 922 4018 misericordiam
956 3964 1231 4034 perduxit;
1264 3983 1386 4019 nam
1417 3982 1601 4020 eorum
1645 3981 1774 4034 pro-

197 4032 405 4085 fectum
436 4036 774 4101 postmodum
807 4032 1028 4089 scire‘se
1058 4036 1319 4100 indicans,
1352 4038 1403 4090 in
1435 4037 1621 4091 eadem
1649 4032 1774 4103 Epi-

194 4105 343 4156 stola
370 4104 559 4174 scribit
589 4121 602 4154 :
638 4103 716 4156 De
763 4105 1043 4158 ministerio
1073 4106 1206 4174 quod
1246 4107 1306 4174 ﬁt
1344 4109 1397 4159 in
1441 4115 1664 4168 sanctos,
1712 4121 1776 4158 ea:

195 4172 525 4244 abundantia
563 4186 637 4225 est
681 4175 805 4226 mihi
850 4174 1067 4227 scribere
1086 4172 1254 4229 nobis.
1292 4176 1412 4229 Scio
1441 4178 1574 4229 enim
1604 4191 1776 4244 prom-

195 4251 344 4316 ptum
371 4243 598 4316 animum
631 4253 845 4296 vestrum
864 4285 878 4308 ,
920 4261 1012 4313 pro
1038 4261 1136 4314 quo
1162 4245 1224 4298 de
1251 4246 1387 4298 vobis
1416 4243 1610 4316 glorior
1637 4246 1776 4313 apud

197 4310 520 4364 Macedonas
569 4328 586 4364 :
642 4317 883 4381 quoniam
920 4310 1134 4368 'Acliaia
1185 4325 1369 4384 parata
1410 4310 1485 4368 est
1531 4310 1773 4384 alifanno

195 4383 392 4454 priore,
426 4392 658 4454 etvestra
681 4386 938 4438 wntttlatio
962 4383 1250 4452 provocarit
1271 4385 1517 4454 plurimos
1547 4383 1630 4453 (II
1653 4386 1772 4436 Cor.

197 4464 255 4502 ιχ
280 4487 294 4524 ,
325 4449 422 4524 8)._
455 4449 528 4504 De
555 4453 748 4524 quibus
774 4449 1059 4524 rursus-ait
1087 4474 1097 4506 :
1128 4455 1227 4517 Qui
1257 4449 1359 4508 non
1390 4449 1563 4507 solum'
1582 4456 1768 4524 facere,

195 4510 292 4574 sed
327 4510 452 4572 relle
489 4510 710 4591 ctepistis
739 4523 800 4574 ob
829 4540 966 4576 anno
998 4510 1186 4591 priore.
1218 4524 1274 4577 ιιι
1305 4525 1495 4591 quibus
1527 4510 1632 4575 ιιὸιι
1661 4510 1770 4576 lani
1802 4510 1854 4569 Ῑ)

195 4601 367 4660 opera
391 4603 548 4660 quam
581 4591 664 4660 pia
691 4601 814 4646 vota
846 4594 1169 4660 requirebat,
1205 4594 1256 4646 iu
1298 4595 1375 4647 eis
1406 4593 1586 4660 procul
1610 4595 1772 4646 dubio

199 4662 324 4728 plus
357 4658 533 4732 laudat
571 4658 655 4732 pia
686 4669 807 4732 vota
839 4658 996 4730 quam
1037 4677 1219 4732 opera.
1262 4658 1560 4718 Notandum
1593 4672 1772 4716 tamen

197 4737 289 4782 est
333 4743 456 4800 qua
509 4729 668 4800 habet
717 4729 1098 4800 improperimn
1145 4734 1258 4786 hinc
1296 4733 1406 4798 ipsa
1452 4733 1774 4798 consolatio,

195 4811 326 4870 cum
344 4799 552 4864 dicitur,
577 4798 639 4850 ab
663 4798 804 4870 anno
818 4798 1008 4870 priore.
1038 4801 1242 4856 Bonum
1267 4801 1481 4869 quidem
1506 4802 1598 4855 sed
1625 4802 1776 4854 tarde

195 4868 462 4939 temerant,
497 4876 654 4939 atque
677 4869 799 4939 ideo
820 4868 926 4924 hoc
951 4873 1203 4938 magister
1224 4868 1328 4924 non
1350 4873 1465 4924 sine
1487 4873 1776 4939 reprelien-

196 4935 356 4989 sione
388 4936 658 4992 laudabat.
682 4938 920 5010 Medicus
948 4935 1144 5010 quippe
1170 4950 1252 4994 e.-t
1271 4935 1579 5008 quivulneri
1607 4942 1778 4993 medi-

198 5017 510 5058 camentum
535 5009 752 5074 apponit
774 5009 917 5078 quod
942 5020 995 5062 et
1022 5009 1224 5078 eaquae
1243 5020 1461 5079 purgata
1492 5017 1615 5064 sunt
1635 5012 1778 5062 refo-

196 5082 318 5146 vet,
350 5084 403 5126 it
429 5089 488 5128 ea
520 5091 637 5146 qua:
665 5083 872 5146 putrida
906 5081 1248 5134 inVeuiuntur
1273 5079 1514 5141 mordet;
1545 5082 1635 5132 sed
1667 5081 1779 5132 hrc

194 5143 484 5218 tolerando
509 5143 678 5214 atque
700 5148 1035 5214 pr.edic.in.lo
1065 5150 1300 5217 explevit
1325 5149 1468 5217 quod
1497 5150 1678 5218 cmpit,
1727 5159 1781 5201 et

201 5213 356 5266 mirae
387 5213 804 5281 lenganimitatis
835 5219 1000 5270 virtus
1043 5218 1111 5270 ad
1137 5213 1358 5272 viscera
1395 5213 1780 5272 mirer-icordm

197 5284 586 5351 discipulorum
612 5285 864 5339 duritiam
897 5287 1172 5341 emollivit.

198 5369 335 5424 CAP.
369 5371 555 5428 XXIV.
599 5372 823 5447 —-_lpse_
859 5374 1258 5447 enim__Satanas
1286 5376 1625 5447 transﬁgurat
1651 5394 1705 5430 se
1732 5379 1787 5430 in

544 5443 779 5513 angelum
807 5445 936 5497 luris
963 5443 1049 5514 (II
1081 5444 1200 5499 Cor.
1231 5463 1303 5511 xt,
1335 5443 1447 5517 14).

281 5528 373 5602 (lu
401 5532 633 5602 exposit.
663 5530 721 5584 Β.
751 5531 875 5598 Job,
923 5534 1015 5588 lib.
1052 5550 1250 5598 χχχιιι,
1297 5550 1446 5588 unm.
1475 5531 1587 5602 44.)
1618 5533 1786 5587 Aliter

203 5600 661 5671 antiquushostis
707 5604 984 5671 religiosas
1031 5605 1306 5658 hom-num
1345 5600 1584 5669 mentes,
1632 5604 1787 5656 aliter

207 5683 338 5724 vero
374 5669 506 5742 :huie
545 5673 742 5724 mundo
782 5669 988 5726 deditas
1031 5683 1218 5727 tentat.
1265 5673 1396 5726 Nam
1438 5677 1614 5742 pravis
1645 5673 1783 5726 mala

202 5751 328 5807 qua:
355 5737 664 5793 desiderant
691 5753 875 5811 aperte
907 5744 1121 5810 objicit,
1156 5743 1308 5798 bouis
1336 5737 1515 5796 autem
1559 5744 1784 5796 latenter

1897 503 2245 558 familiaribus
2292 503 2421 559 suis'
2450 508 2685 573 iniquum
2737 521 2794 559 se
2847 509 3155 562 uianifestns
3205 510 3460 574 insinuat,

1893 574 2008 628 istis
2033 588 2178 635 vero,
2209 575 2350 626 velut
2374 577 2663 636 extraneis,
2689 575 2963 640 cujusdam
2985 578 3136 644 quasi
3168 578 3464 634 honestatis

1893 649 2152 714 printequ
2181 658 2244 714 se
2269 644 2468 708 palliat,
2504 653 2560 714 ut
2590 644 2724 714 mala
2755 645 2973 714 quieris
3004 645 3213 714 publice
3242 661 3348 698 non
3372 663 3463 700 va-

1891 712 2002 772 let,
2049 720 2185 765 tecta
2232 711 2387 764 bina:
2433 713 2660 765 actionis
2705 712 2972 765 velamine
3007 711 3460 769 'subintromittat.

1899 779 2047 834 Unde
2075 790 2129 833 et
2159 782 2396 834 utemhra
2429 781 2546 846 ejus
2575 796 2714 847 saepe
2742 797 2861 834 cum
2893 792 3078 850 aperta
3110 783 3344 848 nequitia
3376 800 3465 836 no-

1891 865 2016 903 cere
2048 865 2151 902 non
2183 859 2421 918 possunt,
2456 851 2610 903 home
2629 851 2856 904 actionis
2886 850 3122 904 habitum
3150 860 3386 913 sumunt,
3411 862 3466 906 et

1891 932 2054 987 prava
2075 921 2288 985 quidem
2313 921 2568 972 exhibent
2589 933 2771 987 opere,
2803 921 2895 974 sed
2925 929 3109 974 sancta
3137 919 3466 979 mentiuntur

1891 988 2090 1055 specie.
2120 987 2288 1055 Iniqui
2318 989 2456 1041 enim
2482 989 2525 1041 si
2548 996 2735 1055 aperte
2763 989 2890 1042 mali
2913 999 3114 1050 essent,
3146 1005 3174 1042 a
3201 989 3354 1043 bonis
3383 1003 3466 1042 re-

1890 1057 1995 1126 cipi
2027 1057 2247 1110 minime
2278 1067 2532 1123 possent;
2563 1059 2655 1111 sed
2685 1067 2902 1113 sumunt
2929 1057 3130 1126 aliquid
3161 1057 3230 1112 de
3258 1058 3466 1114 visione

1891 1125 2179 1190 bonorum,
2212 1135 2268 1177 ut
2294 1127 2417 1180 dum
2449 1127 2575 1180 boui
2604 1127 2700 1180 viri
2730 1127 2995 1194 recipiunt
3021 1125 3084 1181 in
3122 1127 3199 1182 eis
3227 1129 3463 1193 speciem

1890 1209 2050 1265 quam
2100 1204 2308 1265 amant,
2358 1199 2678 1263 permixtum
2707 1207 2919 1250 sumant
2963 1198 3124 1250 etiam
3151 1197 3294 1248 virus
3323 1195 3467 1265 quod

1891 1264 2080 1334 vitant.
2118 1262 2266 1316 Unde
2294 1262 2553 1329 quosdam
2586 1266 2782 1318 Paulus
2809 1267 3080 1334 apostolus
3106 1262 3477 1328 intuens,'sub

1891 1333 2098 1400 pranlic:
2123 1334 2282 1386 tionis
2299 1334 2563 1388 velamine
2586 1335 2788 1387 ventris
2812 1333 2988 1388 studio
3006 1335 3316 1398 servientes,
3343 1336 3418 1387 ait
3449 1353 3462 1386 :

1891 1401 2120 1455 Satanas
2144 1405 2478 1473 trinis/igurat
2509 1421 2575 1473 se
2616 1405 2668 1456 in
2701 1405 2936 1473 angelum
2979 1404 3124 1457 lucis.
3158 1403 3294 1468 Quid
3337 1417 3466 1469 ergo

1892 1473 2083 1540 mirum
2130 1471 2171 1524 si
2215 1471 2438 1525 ininiStri
2470 1472 2582 1539 ejus
2617 1471 3032 1540 trantigurentur
3069 1473 3211 1526 velut
3238 1473 3464 1527 ministri

1885 1538 2140 1608 justitite?
2164 1539 2308 1595 lianc
2331 1538 2824 1607 ts-anlignrationem
2849 1541 3011 1596 Josue
3034 1543 3225 1605 timuit,
3249 1541 3464 1608 quando

1889 1607 2077 1680 videns
2103 1610 2368 1676 angelum,
2400 1613 2550 1676 cujus
2570 1621 2713 1664 esset
2743 1614 2907 1680 partis
2930 1612 3220 1680 inquisivit,
3246 1607 3460 1663 dicens:

1891 1674 2085 1748 Noster
2115 1674 2192 1748 es,
2224 1695 2292 1730 an
2322 1674 2823 1748 adversariorum-(1
2831 1697 2950 1735 osue
2979 1674 3033 1744 ν’,
3066 1680 3204 1745 15)?
3233 1688 3288 1732 ut
3315 1680 3464 1732 vide-

1891 1746 2014 1799 licet
2041 1747 2084 1798 si
2113 1747 2350 1800 adversae
2381 1746 2781 1820 virtutisesso-t,
2819 1765 2885 1802 eo
2916 1751 3031 1817 ιιι-ο
3060 1765 3167 1820 quo
3194 1764 3251 1804 se
3279 1765 3463 1818 suspe-

1885 1825 2028 1869 ctmn
2056 1826 2426 1882 cognosceret,
2461 1821 2526 1870 ab
2556 1819 2800 1873 illusionc
2829 1820 3076 1873 resiliret.

1885 1904 2015 1960 CAP.
2063 1903 2227 1959 XXV.
2274 1937 2345 1948 —
2373 1905 2603 1961 Ministri
2629 1908 2818 2045 Clégifti
2845 1919 2982 1974 sunt,
3015 1919 3061 1963 et
3090 1925 3184 1978 ego
3209 1910 3227 1979 (
3253 1908 3312 1961 11
3343 1907 3462 1962 Cor.

2565 1993 2648 2041 χι,
2775 2016 2786 2029 .

2565 1993 2648 2041 χι,
2675 1993 2786 2041 2.)).

1961 2043 2100 2117 (Lib.
2131 2061 2147 2098 ι
2175 2044 2225 2098 in
2265 2044 2483 2109 Ezech.,
2531 2047 2716 2117 homil.
2749 2043 2804 2111 9,
2838 2063 2891 2102 ιι.
2926 2047 3024 2112 19;
3055 2047 3107 2101 in
3139 2048 3369 2117 exposit.
3404 2047 3462 2101 Β.

1883 2113 2022 2187 Job,
2045 2115 2136 2187 lib.
2163 2129 2289 2187 χιχ,
2322 2131 2376 2170 ιι.
2409 2117 2523 2187 57.)
2571 2115 2708 2170 Justi
2757 2126 2919 2184 atque
2966 2113 3461 2186 perfecti-gloriari:

1885 2185 2060 2257 laudis
2088 2183 2376 2257 fugientes,
2413 2197 2467 2240 et
2503 2183 2805 2257 animarum
2835 2183 2981 2240 lucra
3009 2196 3332 2257 quzcrentes,
3363 2187 3460 2257 ali-

1883 2253 2098 2320 quando
2125 2255 2348 2310 virtutes
2383 2271 2506 2310 suas
2536 2256 2856 2323 praedicant;
2888 2253 3174 2325 bona'quzc
3211 2256 3462 2308 divinitus

1883 2331 2245 2394 acceperunt,
2275 2335 2533 2378 narrant:
2567 2341 2674 2378 non
2703 2333 2763 2378 ut
2803 2326 2903 2394 ipsi
2933 2329 3070 2394 apud
3103 2325 3345 2394 homines
3375 2340 3461 2376 os-

1886 2393 2134 2462 tensione
2161 2407 2256 2445 sua
2285 2394 2590 2462 proﬁciant,
2619 2396 2714 2447 sed
2747 2404 2803 2446 ut
2829 2393 2931 2462 eos
2954 2393 3145 2462 quibus
3175 2393 3463 2462 pranlicant

1883 2460 2131 2528 exemplo
2160 2477 2258 2515 suo
2286 2460 2352 2514 ad
2381 2464 2545 2517 vitam
2575 2464 2809 2517 trahant.
2846 2460 2995 2518 Unde
3023 2460 3218 2516 Paulus
3247 2470 3460 2528 aposto-

1884 2531 1966 2585 lus
1986 2531 2196 2600 quoties
2228 2531 2451 2584 fustibus
2479 2547 2670 2597 caesus,
2699 2533 2910 2599 quoties
2937 2532 3216 2600 lapidato,
3249 2531 3462 2600 quoties

1885 2599 2219 2670 nauliagium
2250 2602 2500 2668 pertulit,
2551 2611 2749 2670 quanta
2789 2617 2886 2670 pro
2912 2599 3134 2654 veritate
3179 2599 3463 2666 sustinuit,

1882 2669 2024 2735 quod
2055 2669 2358 2739 adtertinm
2389 2670 2583 2723 cmlum
2613 2669 2830 2738 raptus,
2877 2672 3020 2739 quod
3069 2671 3120 2739 in
3159 2671 3462 2738 paradisum

1882 2740 2073 2792 doctus
2101 2738 2186 2801 sit,
2213 2739 2504 2808 Corinthiis
2527 2750 2707 2792 narrat
2733 2740 2816 2808 (II
2840 2738 2959 2793 cor.
2991 2756 3064 2803 xl,
3091 2738 3171 2806 2),
3197 2748 3254 2792 ιιι
3275 2753 3462 2790 eorum

1882 2821 2095 2860 sensum
2145 2823 2174 2860 a
2224 2806 2370 2863 falsis
2412 2806 2846 2876 praedicatoribus
2874 2817 3112 2871 avertat;
3168 2821 3221 2862 et
3250 2809 3373 2862 dum
3401 2822 3462 2860 se

1885 2877 2245 2930 innotesceret
2269 2879 2442 2945 (prolis
2470 2885 2643 2946 esset,
2675 2879 2748 2932 illi
2776 2881 2853 2933 eis
2882 2879 3203 2931 ι’ὶιιδεςριριιῐ
3231 2892 3365 2945 quos
3393 2877 3460 2928 ab

1883 2946 1961 2998 eis
1983 2956 2312 3012 cognoverat
2343 2948 2522 3014 inique
2546 2949 2808 3001 tenerari.
2848 2949 2934 3001 liis
2958 2955 3056 3000 lem
3091 2947 3247 3012 igitur
3274 2946 3461 2998 Corin-

1885 3016 2028 3079 thiis,
2063 3021 2319 3068 honorem
2351 3017 2572 3082 fugiens,
2605 3018 2734 3070 dicit
2766 3036 2778 3070 :
2815 3017 2932 3069 Non
2962 3019 3096 3068 enim
3128 3016 3461 3082 nosmetipsos

1883 3085 2242 3152 praedicamus,
2274 3086 2363 3139 sed
2388 3085 2566 3138 Jesum
2593 3084 2851 3139 Christum.
2882 3085 3157 3138 Dominum
3188 3094 3415 3138 nostrum
3443 3099 3460 3135 :

1803 3157 1846 3217 C
1878 3171 1969 3206 nos
1992 3163 2166 3224 autem
2198 3171 2365 3208 servos
2391 3166 2582 3208 vestras
2611 3173 2702 3223 per
2730 3157 2906 3209 Jesum
2935 3153 3192 3207 Christum
3220 3153 3305 3224 (ll
3339 3157 3457 3206 Lor.

1883 3241 1954 3284 tv,
1989 3221 2063 3291 5).
2093 3226 2237 3288 Quos
2266 3233 2442 3278 tamen
2470 3221 2654 3278 videns
2674 3226 2926 3280 falsorum
2951 3221 3316 3292 apostolorum
3342 3237 3462 3290 pcr-

1882 3294 2222 3346 sua~ionibus
2251 3312 2277 3343 a
2311 3308 2448 3346 vera:
2480 3294 2597 3347 liilri
2625 3297 2836 3347 tramie
2863 3295 3096 3350 deviare,
3131 3294 3208 3344 eis
3234 3309 3292 3344 se
3317 3307 3460 3344 sum-

1880 3378 2097 3430 mopere
2126 3373 2381 3428 quantum
2413 3371 2555 3415 esset
2582 3363 2917 3417 venerandus
2946 3361 3195 3422 ostendit,
3229 3360 3413 3413 dicens
3447 3377 3458 3410 :

1882 3429 1945 3502 In
1976 3429 2072 3498 quo
2114 3437 2224 3501 quis
2253 3433 2407 3484 audet
2440 3437 2458 3500 (
2475 3434 2526 3484 in
2554 3433 2870 3502 Δἱιιεὶρίιξιιιίιι
2902 3432 3046 3498 dico)
3079 3431 3242 3483 audeo
3271 3441 3318 3502 et
3347 3447 3458 3498 rgo.

1882 3501 2090 3554 llebrrei
2126 3499 2280 3565 sunt,
2319 3510 2366 3554 et
2395 3499 2505 3570 ego.
2543 3499 2800 3556 Israelita:
2834 3514 2980 3560 sunt,
3027 3511 3074 3552 et
3113 3517 3225 3569 ego.
3279 3499 3462 3552 Semen

1878 3571 2098 3622 Aera/iu:
2143 3582 2279 3631 sunt,
2329 3581 2377 3623 et
2417 3588 2528 3639 ego.
2583 3571 2811 3625 Ministri
2853 3571 3041 3623 Lhristi
3074 3581 3208 3634 sunt,
3249 3578 3297 3622 et
3326 3585 3461 3636 ego:

1877 3643 1974 3774 δια
2024 3641 2190 3691 minus
2217 3641 2421 3708 sapiens
2451 3641 2608 3708 dico)
2659 3643 2772 3710 plus
2811 3658 2904 3710 ego
2955 3640 3048 3708 (ll
3093 3639 3208 3691 Cor.
3243 3655 3313 3699 χι,
3346 3639 3459 3705 21).

1934 3709 2079 3762 ..ιιιυε
2126 3709 2285 3761 etiatu
2329 3708 2598 3774 :nbjungit
2644 3714 2784 3774 quod
2833 3711 2882 3763 ei
2922 3724 3136 3774 quoque
3177 3709 3316 3760 tertii
3343 3707 3459 3760 C(Btl

1934 3709 2079 3762 .llbUS
2126 3709 2285 3761 etiatu
2329 3707 2598 3776 :nbjungit
2644 3707 2784 3777 quod
2833 3707 2882 3763 ei
2922 3707 3136 3778 quoque
3177 3709 3316 3760 tertii
3343 3707 3461 3778 creti

1875 3789 2078 3833 secreta
2110 3788 2419 3846 patuerunt,
2447 3781 2588 3845 quod
2614 3776 2794 3846 raptus
2814 3776 2971 3832 etiam
3003 3793 3199 3831 arcana
3229 3776 3460 3844 jﬂl‘JtilSl

1879 3848 2194 3916 penetravit.
2231 3847 2366 3900 Ecce
2407 3849 2664 3901 honorem
2707 3850 2928 3915 fugiens,
2961 3863 3174 3902 servum
3217 3861 3275 3900 se
3304 3846 3462 3900 disci-

1878 3917 2122 3987 pulorum
2171 3917 2426 3986 priedicat
2453 3935 2464 3967 :
2489 3933 2624 3987 ecce
2663 3918 2922 3987 honori-tn
2971 3933 3066 3985 pro
3107 3916 3332 3970 ut:l'.tate
3363 3930 3460 3987 au-

1876 3983 2133 4040 dientium
2171 3983 2444 4055 'qinecus,
2481 3985 2622 4038 falsis
2672 3986 2926 4053 apostolis
2957 3983 3076 4039 vita:
3122 4000 3232 4055 sua:
3272 3983 3460 4055 merita

1875 4054 2210 4125 superponit.
2236 4054 2352 4122 Egit
2381 4055 2578 4124 quippe
2604 4056 2792 4110 doctor
2813 4058 3076 4124 egregius,
3108 4063 3166 4108 ut
3193 4054 3318 4125 dum
3349 4054 3462 4125 ipse

1875 4121 2050 4194 qualis
2076 4133 2216 4178 esset
2243 4121 2568 4192 agnoscit—nr,
2593 4134 2648 4178 et
2678 4128 2784 4178 vita
2814 4121 2867 4178 ct
2898 4121 3073 4193 lingua
3103 4121 3460 4194 male_pra_:di-

1876 4191 2106 4249 cautium
2137 4196 2252 4261 ejus
2282 4191 2683 4263 comparatione
2712 4191 3025 4259 vilesceret;
3067 4195 3184 4247 illos
3214 4191 3460 4244 videlicet

1877 4265 2281 4319 curnun-ndaset
2334 4265 2376 4318 si
2425 4278 2482 4317 se
2531 4265 2914 4330 absconderet,
2972 4279 3199 4332 cumque
3250 4275 3309 4314 se
3351 4274 3458 4332 non

1877 4334 2205 4396 ostenderet,
2239 4334 2406 4387 errori
2441 4333 2613 4387 locum
2640 4334 2892 4388 dedisset.
2927 4334 3059 4388 Miro
3089 4329 3246 4400 igitur
3278 4329 3456 4390 modo,

1879 4416 1932 4458 et
1970 4403 2281 4458 humilitatis
2326 4405 2516 4470 quierit
2567 4409 2913 4472 incrementa,
2944 4412 3001 4456 ut
3051 4410 3103 4455 et
3156 4414 3366 4472 servum
3403 4413 3462 4450 se

1878 4474 2150 4541 di:cipulis
2199 4474 2480 4542 prmdicet,
2512 4482 2565 4527 et
2595 4470 2913 4527 adversariis
2947 4475 3208 4540 potiorem
3235 4470 3459 4522 demon-

1878 4551 2032 4596 stret.
2064 4542 2306 4596 Ostendit
2334 4543 2606 4611 discipulis
2643 4544 2770 4609 quid
2817 4542 3130 4595 lmnnlitatis
3159 4545 3460 4611 act-operat,

1879 4612 2113 4684 ostendit
2132 4612 2450 4684 adversariis
2471 4609 2596 4684 quid
2625 4612 2984 4665 sublimitatis.
3017 4609 3305 4684 lnnotescit
3332 4621 3460 4684 con:

1882 4690 1961 4733 tru
1989 4682 2323 4735 adversarios
2351 4682 2475 4748 quid
2516 4682 2737 4734 haberet
2781 4697 2848 4734 ex
2892 4694 3144 4742 munere,
3178 4678 3461 4748 inualescit

1882 4751 2153 4819 discipulis
2175 4752 2347 4818 qualis
2362 4745 2502 4817 apud
2523 4766 2582 4804 se
2603 4759 2816 4803 maneat
2841 4754 2888 4803 in
2912 4751 3256 4819 cogitatione:
3280 4745 3461 4819 sancti

1883 4816 2137 4886 ergo—viri
2178 4816 2296 4872 cum
2339 4816 2603 4886 coguntur
2645 4819 2781 4872 bona
2824 4816 3042 4873 narrare
3080 4833 3196 4886 quze
3230 4816 3460 4878 faciunt,

1884 4906 1988 4942 non
2018 4889 2234 4942 elationi
2265 4889 2358 4943 sed
2389 4890 2602 4942 ut.litati
2633 4890 2894 4942 serviunt.

1882 4979 2011 5034 CAP.
2041 4977 2223 5034 XXVI.
2247 5011 2319 5021 -——
2350 4979 2590 5034 Damasci
2614 4981 2919 5049 prwpositus
2942 4980 3104 5049 gentis
3136 4977 3301 5030 Aretw
3329 4977 3463 5045 regis

2413 5049 2508 5102 (ΙΙ
2543 5053 2661 5102 Cor.
2694 5067 2784 5102 χι.
2816 5047 2929 5102 5:2).

2448 5049 2508 5103 ΙΙ
2543 5048 2661 5103 Cor.
2694 5048 2743 5102 χι
2771 5088 2784 5110 ,
2816 5048 2929 5110 52).

2413 5053 2508 5118 (ΙΙ
2543 5053 2661 5103 Cor.
2694 5067 2784 5110 χι,
2816 5053 2929 5117 52).

1957 5119 2036 5188 (ιιι
2057 5120 2288 5189 exposit.
2316 5119 2372 5173 Β.
2390 5118 2510 5184 Job,
2532 5121 2621 5173 lib.
2654 5135 2798 5182 χχχι,
2829 5136 2882 5170 ιι.
2915 5117 3001 5179 56,
3021 5117 3108 5181 57,
3129 5113 3320 5182 58,59,
3341 5115 3463 5189 60.)

1884 5190 1940 5244 Si
1965 5187 2029 5242 ad
2051 5187 2263 5243 interna:
2289 5191 2404 5243 Vilil)
2433 5190 2753 5243 desiderium
2786 5197 2969 5241 noster
2995 5189 3202 5240 animus
3229 5187 3460 5248 exarsit,

1891 5261 1936 5314 si
1979 5259 2092 5327 jam
2121 5275 2304 5312 verum
2354 5259 2531 5311 lumen
2574 5259 2895 5311 intrinsecus
2942 5257 3198 5327 respicit,
3245 5255 3289 5307 si
3314 5254 3370 5327 _iu
3403 5268 3462 5307 se

1893 5324 2161 5382 flammam
2189 5328 2355 5382 sancti
2385 5327 2608 5381 lervoris
2630 5327 2875 5380 accendit
2901 5365 2914 5389 ,
2951 5326 3262 5393 inquantmn
3312 5324 3463 5378 locus

1892 5399 2163 5461 admittit,
2221 5399 2531 5466 inquantuin
2576 5411 2736 5449 causa
2785 5395 2988 5466 exigit,
3047 5394 3092 5446 ιι.
3114 5394 3301 5447 bemus
3365 5407 3462 5466 pro

1893 5467 2201 5520 delensione
2219 5462 2434 5532 jtistitia:
2457 5467 2814 5533 nosmetipsos
2839 5464 3092 5531 objicere,
3117 5472 3172 5516 et
3200 5462 3464 5530 perversis

1892 5537 1958 5588 ad
1981 5536 2172 5602 injusta
2204 5537 2626 5603 erumpentibus,
2650 5555 2661 5584 ι
2685 5537 2809 5588 tiam
2829 5551 2948 5588 cum
2981 5535 3046 5588 ab
3076 5534 3155 5588 eis
3185 5549 3288 5585 non
3318 5545 3463 5598 qua:-

1888 5606 2076 5669 rimur,
2105 5605 2339 5657 obviare.
2370 5603 2500 5656 Nam
2541 5621 2659 5657 cum
2685 5603 2948 5670 justitiam
2989 5619 3145 5671 quam
3175 5617 3272 5654 nos
3317 5615 3462 5671 aina-

1888 5689 2008 5726 mus
2039 5678 2088 5724 in
2118 5673 2234 5726 aliis
2261 5673 2484 5734 feriunt,
2509 5689 2606 5726 nos
2632 5669 2976 5726 nihilominus
2996 5669 3088 5726 sua
3121 5669 3463 5738 percussione

1887 5742 2196 5798 confodtmt
2221 5780 2234 5805 ,
2265 5743 2476 5797 etiamsi
2510 5744 2750 5796 venerari
2779 5743 3072 5797 vidcantur.
3109 5741 3307 5794 lutucri
3333 5738 3462 5792 libet
