3982 6298
113 167 256 230 I333

657 172 903 228 ALULFI
943 173 1300 229 EXPOSITIO
1337 173 1499 228 NOVI
1540 172 1735 227 TES'I'.
1779 203 1843 210 -—
1883 172 2032 226 SUP.
2076 171 2182 225 ΕΡ.
2228 172 2427 226 PAULI
2469 173 2558 228 AD
2599 173 2838 229 EPIIES.

3230 173 3365 226 13M

102 293 216 346 nit°
250 290 378 344 Peto
406 305 470 343 ne
487 289 743 359 deﬁciatis
759 291 811 343 in
837 287 1389 359 tribulationibuslneis
1412 303 1504 359 pro
1527 286 1685 359 vobis,
1718 295 1758 347 Α
1792 284 1935 338 illico
1960 285 2201 359 adiunxi
2225 304 2250 359 ι
2270 285 2497 356 Bcnigna
2521 297 2624 349 est;
2655 287 2902 342 videlicet
2932 286 3217 342 ostendens
3243 288 3368 354 quia

100 371 223 433 quia
246 372 324 415 est
348 359 515 433 gloria
551 354 728 433 'vestra
759 359 972 433 (Ep/ws.
999 374 1073 418 Ill,
1101 354 1208 433 I5).
1241 356 1377 433 Ecce
1418 358 1468 408 in
1522 356 1687 433 tribu-

104 427 310 486 latione
331 427 536 498 positus
563 432 696 484 alios
725 427 1074 491 eithertatur;
1104 437 1156 480 et
1186 429 1236 480 in
1280 427 1383 480 hoc
1413 427 1554 498 quod
1595 440 1685 478 su-

103 503 272 556 stinet
293 494 427 555 alios
449 502 688 554 roborat.
712 498 825 553 Non
849 501 988 552 enim
1022 499 1246 550 filiorum
1272 494 1492 550 suorum
1518 494 1690 548 fuerat

102 572 328 636 oblitus,
358 569 452 625 sed
473 570 745 625 metuebat
764 569 920 623 nimis
950 585 1016 622 ne
1045 569 1161 635 ejus
1190 566 1431 636 discipuli
1480 567 1530 617 iu
1556 581 1688 636 pra;-

104 634 350 697 dicator'e
367 656 466 694 suo
494 647 573 694 tot
603 639 1028 708 persecutionum
1059 634 1253 708 probra
1283 634 1586 696 cérnentcs,
1629 634 1690 684 fi.

105 711 231 766 dem
264 715 314 765 in'
345 726 410 766 eo
432 707 796 778 despicerent,
825 715 1009 763 contra
1051 723 1217 778 quam
1245 707 1538 778 innumerae
1569 721 1690 773 pas-

104 783 319 836 sionum
339 775 676 835 contumelia:
703 779 1058 849 prevalerent.
1083 777 1150 830 Et
1175 777 1294 849 ideo
1312 777 1484 830 minus
1512 775 1561 828 in
1581 783 1692 826 tor-

108 852 307 906 mentis
352 849 569 904 dolebat
597 891 612 917 ,
666 847 760 904 sed
808 851 976 917 magis
1023 848 1143 917 filiis
1195 847 1262 900 de
1304 853 1692 917 tormentorum

106 937 328 978 suorum
351 916 644 974 tentatione
684 916 973 973 metuebat.
1018 916 1174 972 Parvi
1219 916 1486 981 pendebat
1525 916 1578 968 in
1635 930 1695 968 se

104 993 296 1062 plagas
323 990 602 1062 corporis,
629 991 754 1044 dum
795 988 1108 1062 formidaret
1129 989 1180 1041 in
1211 986 1334 1042 filiis
1363 988 1544 1054 plagas
1572 999 1694 1039 cor-

111 1060 215 1116 dis.
249 1061 366 1130 Ipse
392 1060 644 1130 patiendo
665 1060 998 1130 suscipiebat
1026 1061 1246 1116 vulnera
1279 1065 1691 1130 tormentmmm,

112 1132 208 1188 sed
229 1124 366 1186 filios
387 1124 715 1186 coiisolando
745 1124 970 1184 curabat
1007 1130 1226 1182 vulnera
1249 1126 1513 1183 curdium.
1561 1124 1698 1178 Pen-

113 1217 296 1258 semus
324 1215 454 1271 ergo
475 1201 629 1269 cujus
656 1200 935 1254 charitatis
962 1197 1121 1271 fuerit
1152 1201 1290 1271 inter
1311 1196 1529 1271 dolores
1567 1211 1700 1271 pro-

114 1273 264 1341 prios
285 1265 412 1341 aliis
431 1265 690 1334 timuisse,
709 1284 990 1341 pensemus
1005 1268 1155 1337 cujus
1175 1267 1451 1341 charitatis
1471 1267 1540 1319 sit
1561 1265 1700 1319 ﬁlio-

111 1335 230 1395 rum
247 1335 474 1396 salutem
501 1343 640 1394 inter
655 1335 749 1394 sua
772 1335 1092 1394 detrimenta
1111 1338 1406 1406 requirere,
1432 1344 1484 1390 et
1500 1344 1699 1392 statum

111 1413 312 1467 mentis
333 1413 385 1465 in
403 1411 660 1480 proximis
684 1411 845 1464 etiam
877 1424 943 1464 ex
964 1423 1058 1462 sua
1090 1407 1394 1476 dejectione
1412 1406 1697 1460 custodire.

113 1501 246 1556 Car.
274 1502 364 1557 VI.
387 1531 456 1542 —
490 1501 559 1556 Ut
609 1502 816 1570 possitis
857 1500 1430 1570 comprehendet-ecum
1470 1497 1701 1550 omnibus

481 1569 697 1640 sanctis,
734 1578 838 1625 etc.
874 1569 1089 1640 (Ephes.
1123 1569 1337 1640 m,_I_8)2

191 1644 271 1712 (In
300 1643 532 1711 exposit.
559 1641 618 1696 Β.
647 1639 767 1703 Job.
794 1638 891 1694 lib.
913 1638 1124 1712 Linum.
1156 1638 1274 1712 15.)
1297 1638 1704 1708 Ὀιιιιιίροιειιιιὶε

118 1711 214 1773 Dei
244 1715 541 1786 potentiam
571 1711 995 1786 egregius__nobis
1025 1711 1226 1786 doctor
1263 1711 1403 1786 bene
1449 1714 1700 1786 insinuat,

118 1780 504 1849 cum'breviter
533 1791 716 1836 narrat
755 1799 767 1834 :
805 1780 874 1836 Ut
898 1781 1107 1850 possitis
1131 1784 1562 1850 comprehendere
1589 1799 1703 1836 cum

116 1853 353 1912 omnibus
373 1854 586 1924 sanctis,
618 1853 820 1924 (ταας-διε
850 1851 1087 1924 latitudo,
1113 1852 1383 1924 longitudo
1411 1895 1426 1920 ,
1464 1853 1704 1908 sublimi-

122 1938 224 1991 tas,
249 1938 294 1979 et
324 1921 655 1994 profundum.
709 1921 882 1976 Habet
925 1923 1122 1994 quippe
1152 1921 1293 1994 Deus
1339 1924 1699 1987 latitudinem,

120 1999 248 2068 quia
271 1993 612 2068 dilectionem
641 2009 791 2068 suam
821 2007 998 2068 usque
1020 1993 1492 2068 ad__collectionem
1519 2008 1706 2068 perse-

122 2061 402 2138 quentium
430 2065 620 2138 tendit.
665 2061 838 2138 Habet
861 2062 1263 2138 longitudinem,
1310 2067 1443 2138 quia
1473 2061 1707 2138 ad__vita:

122 2133 354 2209 patriam
381 2151 478 2190 nos
514 2133 890 2209 longanimiter
920 2133 1198 2187 tolerando
1226 2133 1490 2209 perducit.
1535 2133 1708 2209 Habet

124 2203 523 2264 sublimitatem,
549 2206 672 2272 quia
701 2203 936 2272 ipsorum
984 2217 1201 2272 quoque
1246 2205 1660 2274 intelligentiam
1686 2245 1702 2268 ,

127 2278 220 2349 qui
293 2275 742 2349 rece_pti__fuerint
794 2274 846 2349 in
893 2288 1174 2349 supernam
1221 2275 1706 2349 congregationem

129 2342 468 2405 transcendit.
493 2343 664 2398 Habet
692 2342 1030 2412 profundum,
1062 2345 1185 2412 quia
1204 2342 1468 2400 damnatis
1490 2343 1709 2400 inferius

127 2417 474 2474 districtionis
494 2431 600 2468 su.e
622 2412 875 2482 judicium
904 2415 1512 2484 incomprehensibiliter
1552 2430 1708 2469 exerb

129 2495 232 2544 cet.
263 2486 391 2553 Quae
435 2485 639 2539 scilicet
667 2493 900 2554 quatuor
944 2485 1178 2556 nobisin
1225 2485 1327 2540 hac
1371 2487 1476 2556 vita
1521 2485 1710 2556 positis

130 2557 350 2626 singulis
370 2563 616 2626 exercet:
639 2556 763 2623 quia
791 2563 846 2609 et
875 2555 1206 2626 latitudinem
1229 2555 1477 2617 amando.
1506 2555 1563 2611 et
1585 2556 1707 2610 lon-

139 2625 430 2698 gitudinem
455 2625 741 2698 tolerando
771 2636 826 2680 et
859 2625 1248 2698 celsitudinem,
1270 2642 1377 2680 non
1403 2627 1578 2698 solum
1611 2641 1712 2680 no-

137 2695 299 2754 stram
339 2696 765 2765 intelligentiam,
793 2695 893 2768 sed
925 2697 1089 2751 etiam
1119 2706 1243 2768 vola
1272 2697 1575 2768 superando
1600 2738 1616 2763 ,
1658 2708 1714 2750 et

135 2767 545 2839 profunditatem
575 2781 726 2839 suam
756 2765 1414 2839 exhibe‘t,_occultos*etil
1435 2767 1592 2839 icitos
1614 2783 1710 2839 co-

134 2835 447 2909 gitationum
472 2845 653 2909 motus
665 2836 916 2909 districts
937 2835 1250 2909 iudicando.
1273 2837 1382 2909 Sed
1407 2837 1523 2906 eius
1551 2837 1712 2909 εθῌι

135 2905 303 2974 tudo,
333 2917 388 2962 et
435 2905 764 2976 profunditas
807 2922 967 2976 quam
1001 2907 1070 2961 sit
1117 2905 1494 2976 investigabilis
1539 2907 1717 2962 nullus

137 2980 400 3048 agnoscit,
425 2977 526 3032 nisi
553 2976 644 3046 qui
674 2981 757 3032 vel
779 2977 1233 3046 c0ntemp|atione
1261 2980 1327 3032 ad
1353 2993 1562 3033 summa
1590 2994 1715 3046 pro-

139 3049 294 3112 vehi,
339 3048 425 3102 vel
470 3048 692 3103 occultis
755 3049 989 3102 motibus
1035 3049 1291 3103 resistens
1357 3049 1716 3104 tentatiouum
1744 3052 1790 3114 ρ

139 3119 362 3190 υωρθιὶι
388 3120 786 3188 importunitate
813 3117 1034 3172 turbari.

209 3211 338 3268 CAP.
366 3209 476 3264 V'II.
503 3239 574 3251 ——
603 3209 824 3282 Solliciti
871 3225 1071 3282 seruare
1094 3211 1341 3282 unitatem
1366 3211 1576 3282 spiritus
1598 3210 1653 3264 in

513 3281 712 3334 vinculo
738 3283 880 3348 pacis
912 3280 1128 3352 (Ephes.
1161 3298 1235 3348 iv,
1256 3281 1344 3352 5).

213 3371 429 3446 (Regni.
456 3369 661 3446 Pastor.
695 3380 838 3446 part.
869 3386 944 3432 iu,
976 3371 1164 3446 c.22.)
1185 3372 1468 3446 Discordes
1481 3373 1725 3446 quantis-

140 3441 276 3499 lihet
318 3441 601 3496 virtutibus
653 3441 930 3510 polleant,
962 3442 1230 3511 spiritales
1259 3443 1371 3497 fieri
1423 3444 1725 3499 nullatenus

183 3521 388 3579 ossunt,
417 3512 462 3566 si
490 3527 584 3582 per
604 3512 946 3582 concordiam
975 3513 1114 3566 uniri
1145 3513 1403 3582 proximis
1430 3514 1721 3582 negligant.

183 3529 388 3579 ossunt,
417 3529 462 3566 st
490 3529 584 3582 per
604 3529 946 3566 concordiam
975 3529 1114 3566 unirt
1145 3529 1403 3582 proximis
1430 3529 1721 3582 negligant.

143 3529 414 3653 geriptum
442 3582 650 3653 quippe
668 3591 780 3653 est:
825 3581 1050 3653 Fructus
1090 3583 1300 3652 spiritus
1349 3593 1423 3637 est
1472 3586 1722 3646 charitas,

146 3649 409 3726 gaudium,
451 3649 554 3726 prta:
576 3649 729 3726 (Gel.
756 3669 808 3714 v,
840 3652 960 3726 22).
1001 3649 1125 3726 Qui
1150 3667 1278 3720 ergo
1303 3669 1516 3726 servare
1532 3670 1725 3726 pacein

144 3721 251 3780 non
279 3721 464 3787 curat,
493 3721 634 3777 ferre
663 3721 862 3778 fructus
884 3721 1099 3792 spiritus
1123 3734 1353 3778 recusat.
1382 3723 1516 3778 IIinc
1531 3721 1728 3778 Paulus

143 3797 251 3848 ait:
284 3793 408 3848 Cum
435 3794 501 3847 sit
521 3796 653 3846 inter
667 3809 754 3847 vos
782 3793 917 3847 zelus
938 3804 986 3846 et
1007 3797 1282 3858 contentio,
1303 3811 1472 3848 nonne
1492 3795 1726 3848 carnales

142 3866 271 3919 estis
295 3863 347 3934 (I
403 3864 521 3918 Cor.
551 3876 626 3936 tu,
660 3863 750 3933 '5)?
771 3863 906 3918 Hinc
935 3872 1124 3918 iterum
1151 3865 1310 3918 dicit:
1341 3864 1530 3918 Pacem
1569 3866 1730 3936 sequi-

143 3935 274 4006 mini
301 3933 412 4006 cum
441 3933 674 4006 omnibus
699 3942 747 3987 et
775 3936 1190 4006 sanctimoniam,
1221 3937 1330 3988 sine
1357 3951 1457 4006 qua
1487 3933 1644 4006 nemo
1656 3936 1730 3988 vi-

144 4004 282 4058 debit
329 4003 495 4058 Deum
548 4002 733 4061 (Hebr.
777 4019 868 4067 xu,
898 4003 1008 4069 Ili).
1039 4004 1176 4060 I’Iinc
1225 4002 1405 4059 rursus
1434 4005 1727 4068 admonet,

146 4075 368 4130 dicens:
405 4073 630 4128 Solliciti
659 4087 859 4127 servare
881 4085 1131 4129 unitatem
1161 4077 1371 4146 spiritus
1396 4115 1412 4138 ,
1447 4077 1502 4128 in
1528 4077 1731 4129 vinculo

145 4147 312 4216 pacis,
344 4160 501 4198 unum
525 4151 784 4216 corpuset
811 4161 940 4198 unus
970 4148 1204 4216 spiritus,
1235 4147 1367 4199 sicut
1408 4148 1573 4199 vocati
1611 4147 1732 4199 estis

148 4215 203 4270 in
227 4231 334 4268 una
363 4231 452 4284 spe
480 4215 765 4269 vocationis
794 4215 1094 4270 vestrte.Ad
1122 4233 1283 4270 uuam
1315 4217 1735 4284 igitur-vocatio-

145 4287 232 4340 nis
261 4300 409 4356 spem
438 4299 772 4367 nequaquam
795 4286 1133 4367 pertingitur,
1157 4287 1202 4341 si
1227 4302 1332 4342 non
1355 4286 1420 4341 ad
1441 4301 1559 4342 eam
1587 4289 1734 4340 unita

145 4370 274 4411 cum
303 4362 556 4426 proximis
583 4362 762 4410 mente
791 4362 1043 4410 curritur.

145 4446 280 4503 CAP.
312 4443 864 4501 VIII.—Reuovamini
891 4448 1075 4570 satiata
1102 4447 1284 4502 mentis
1313 4457 1494 4502 vestra:
1511 4445 1728 4519 (Ep/tes.

840 4532 909 4570 tv.
1038 4557 1050 4570 .

840 4532 909 4582 tv,
936 4532 1050 4582 κο).

222 4589 303 4661 (In
333 4589 563 4659 exposit.
590 4585 650 4640 Β.
673 4584 797 4654 Job,
1112 4603 1258 4643 num.
1288 4588 1364 4661 'I.)
1387 4587 1565 4661 Nescit
1585 4601 1737 4661 mens

148 4657 251 4734 per
271 4657 539 4730 torporem
587 4667 964 4734 veterascere,
989 4674 1124 4734 qua:
1162 4659 1471 4734 quotidiana
1513 4657 1738 4734 fervoris

147 4727 500 4798 innovatione
526 4727 704 4782 studet
727 4740 830 4798 per
855 4727 1178 4798 desiderium
1202 4744 1413 4798 semper
1457 4729 1737 4783 inchoare.

148 4745 500 4787 innovatione
526 4742 830 4850 studet‘per
855 4742 1178 4783 aesmerium
1202 4744 1413 4798 semper
1457 4742 1737 4783 incubare.

148 4801 290 4858 Hinc
318 4815 414 4869 per
463 4797 682 4869 Paulum
727 4798 931 4869 icitur:
968 4796 1302 4869 lienovamini
1346 4800 1737 4869 spiritumentis

147 4865 354 4926 vestrté.
386 4869 522 4924 Hinc
546 4865 846 4933 Psalmista,
870 4869 960 4938 qui
1002 4867 1114 4937 jam
1137 4871 1203 4922 ad
1234 4865 1576 4936 perfectionis
1621 4869 1738 4922 cul—

151 4957 280 4996 men
309 4947 643 5010 pervenerat.
669 4941 821 5010 quasi
851 4939 1108 4994 inchoans
1137 4940 1378 5010 dicebat:
1417 4938 1541 4992 Dixi
1560 4978 1575 5001 ,
1603 4954 1739 4993 nunc

149 5012 283 5081 capi
312 5005 511 5080 '(Psal.
541 5023 730 5081 Lxxvt,
763 5005 889 5077 I0);
917 5009 1040 5079 quia
1077 5009 1324 5064 videlicet
1365 5011 1408 5064 si
1451 5011 1742 5081 lassescere

148 5079 238 5138 ab
257 5081 521 5135 inchoatis
550 5079 703 5132 bouis
733 5082 1001 5144 nolumus,
1025 5081 1176 5134 valde
1203 5094 1428 5135 necesse
1447 5091 1529 5134 est
1560 5093 1619 5134 ut
1663 5079 1745 5132 iii-

148 5154 359 5210 clioare
386 5166 484 5204 nos
511 5148 749 5219 quotidie
770 5149 1068 5206 credamus.

143 5247 290 5304 CAP.
322 5242 412 5298 IX.
433 5275 506 5288 —
534 5240 714 5296 Omnis
737 5243 1056 5307 amaritudo,
1104 5253 1151 5297 et
1180 5245 1261 5298 ira
1286 5222 1495 5298 tollatur
1541 5259 1574 5294 a
1611 5241 1746 5296 vobis

733 5310 950 5382 (Ephes.
978 5329 1046 5377 iv,
1069 5313 1182 5382 51).

231 5407 442 5481 (Regul.
478 5405 686 5481 Pastor.
735 5414 870 5472 part.
905 5421 1060 5481 in,__c_.
1121 5407 1231 5475 10.)
1280 5403 1749 5481 Studere_debcut

151 5474 432 5552 patientes
457 5476 767 5552 ut_diligant
795 5491 932 5552 quos
953 5477 1052 5530 sibi
1084 5474 1303 5533 neceSse
1344 5474 1699 5552 .est_tole_rare
1728 5510 1742 5533 ,

155 5543 228 5606 ne
249 5551 294 5605 si
318 5546 626 5620 patientiam
657 5545 872 5598 dilectio
900 5562 1006 5601 non
1039 5556 1314 5615 sequatur,
1344 5547 1394 5620 i_r_i
1424 5543 1747 5620 deteriorem

154 5613 377 5692 culpam
417 5617 526 5673 odii
571 5621 739 5692 virtus
768 5624 981 5692 ostensa
1034 5613 1502 5692 vcrtatu_r._Unde
1553 5613 1748 5692 Paulus

151 5685 286 5749 cuti)
313 5691 541 5746 diceret:
575 5685 814 5740 Charitas
868 5687 1066 5754 patiens
1096 5698 1169 5743 cst
1205 5687 1259 5754 (1
1296 5685 1416 5744 Cor.
1470 5701 1559 5739 xui
1584 5721 1600 5748 ,
1647 5685 1705 5735 4)
1731 5723 1746 5738 .

450 5780 722 5840 Ριιτιιοι..
768 5776 1063 5838 LXXIX.

1788 368 1924 422 quos
1946 369 2011 407 ex
2034 356 2288 425 patiyniia
2315 361 2524 412 toll-rat.
2557 373 2737 410 amare
2766 360 2925 411 etiam
2953 372 3022 412 ex
3046 361 3372 425 benignitate

1791 439 1896 497 non
1919 423 2111 497 cessat.
2145 423 2294 497 Unde
2324 427 2461 480 idem
2493 427 2684 480 doctor
2721 429 2982 497 egregius,
3015 444 3134 482 cun:
3161 423 3368 497 patien-

1792 496 1918 546 tiam
1944 493 2216 551 discinuiis
2243 497 2496 550 suaderet
2523 538 2536 557 ,
2569 493 2778 549 dicens:
2807 495 2987 550 Omnis
3010 493 3300 553 amaritudo
3321 508 3371 552 et

1789 566 1890 623 ira.
1922 573 1969 616 et
1995 563 2282 632 indignatio
2305 574 2353 617 et
2377 567 2572 618 clamor
2594 607 2606 627 ,
2637 576 2684 617 et
2728 566 3044 631 blasphemia
3101 570 3308 622 tollatur
3341 586 3375 621 (ι

1790 636 1963 707 vobis;
1989 635 2137 700 quasi
2166 644 2371 707 cunctis
2399 637 2634 707 exterius
2652 636 2760 707 jam
2790 638 2924 707 bene
2953 640 3261 707 compositis
3309 640 3374 692 ad

1790 705 2046 759 interiora
2098 705 2449 770 convertitur,
2481 704 2606 758 dum
2629 705 2929 772 subiungit:
2960 703 3090 758 Cani
3115 711 3252 760 omni
3268 725 3368 760 ma.

1793 775 1939 840 lilia;
1960 775 2081 842 quia
2109 775 2355 828 nimirum
2380 775 2572 828 frustra
2596 775 2906 841 indignatio,
2922 775 3144 841 clamor,
3161 789 3217 829 ct
3237 779 3377 830 blasw

1795 847 2009 912 phemia
2059 847 2125 899 ab
2152 846 2511 898 exterioribus
2548 846 2789 909 tollitur,
2845 847 2888 898 si
2938 849 2988 900 in
3042 847 3384 900 interioribus

1797 916 2045 968 vitiorum
2079 926 2251 969 mater
2282 915 2483 969 malitia
2515 917 2840 969 dominatur.
2873 915 2937 969 Et
2972 917 3238 970 incassum
3286 933 3380 969 ne-

1795 985 1964 1053 quitia
1990 984 2120 1040 foris
2145 1002 2213 1038 ex
2235 987 2398 1040 ramis
2421 985 2694 1052 inciditur,
2726 986 2768 1039 si
2791 1000 3100 1055 surrcpmra
3129 987 3384 1052 multipli-

1797 1057 1914 1110 cius
1943 1057 1994 1109 in
2021 1057 2199 1110 radice
2242 1065 2505 1110 servatur.
2537 1055 2715 1109 Virtus
2757 1066 2840 1111 est
2870 1073 3051 1110 coram
3079 1057 3384 1110 hominibus

1800 1125 2135 1180 adversarios
2162 1127 2414 1188 tolerare,
2444 1125 2538 1180 sed
2569 1127 2740 1180 virtus
2770 1143 2950 1180 coram
2984 1127 3091 1180 Deo
3139 1127 3382 1192 diligere.

1801 1195 2145 1264 Impatientes
2171 1197 2308 1251 scirc
2329 1197 2527 1251 debent
2556 1197 2696 1263 quod
2714 1197 2837 1249 dum
2864 1198 3252 1266 perturbationi
3275 1213 3384 1250 sua:

1803 1283 2138 1336 nequaquam
2169 1267 2454 1327 obsistunt,
2504 1268 2663 1320 ctiam
2695 1267 2738 1319 ei
2786 1283 2888 1336 qua
2930 1285 2959 1320 a
3013 1284 3070 1320 se
3101 1269 3381 1337 tranquilla

1803 1345 1984 1390 mente
2011 1337 2221 1390 fuerant
2244 1338 2384 1391 bene
2411 1346 2580 1404 gesta,
2613 1338 2963 1400 confundunt,
3007 1348 3062 1392 et
3092 1339 3383 1406 improviso

1805 1408 2031 1472 impulsu
2060 1409 2341 1461 destruunt
2368 1408 2624 1475 quidquid
2657 1407 2876 1460 forsitan
2916 1409 3004 1462 diu
3051 1409 3232 1462 labore
3264 1425 3385 1477 pru—

1808 1477 1927 1530 vido
1974 1486 2410 1533 construxerunt.
2467 1477 2583 1543 Ipsa
2635 1487 2862 1546 namque
2906 1495 3025 1547 qua:
3081 1488 3256 1531 mater
3306 1487 3386 1532 est

1806 1547 2045 1600 omnium
2076 1556 2364 1614 custosque
2391 1550 2642 1600 virtutum
2694 1563 2790 1616 per
2819 1549 3162 1616 impatientire
3201 1549 3388 1602 vitium

1807 1619 1974 1669 virtus
1999 1617 2272 1670 chariiatis
2299 1618 2578 1687 amittitur.
2609 1617 2874 1687 SCriptum
2897 1623 3091 1687 quippe
3116 1627 3229 1672 est:
3255 1619 3392 1672 Cha-

1808 1689 1937 1740 ritas
1965 1689 2169 1753 patiens
2189 1699 2263 1741 est
2295 1686 2349 1756 (I
2373 1689 2492 1741 Cor.
2513 1703 2626 1754 xm,
2671 1686 2745 1758 4).
2799 1689 2964 1755 Igitur
2995 1686 3118 1742 cum
3173 1691 3392 1744 minimc

1809 1761 2014 1826 patiens
2039 1769 2119 1811 est
2143 1799 2157 1821 ,
2187 1758 2422 1813 charitas
2448 1774 2553 1811 non
2585 1766 2666 1811 est
2691 1798 2706 1821 ,
2757 1758 2824 1812 dc
2852 1775 2955 1825 qua
3007 1761 3144 1812 idem
3193 1758 3392 1814 Paulus

1807 1828 1914 1882 ait:
1945 1827 2171 1881 Invicem
2201 1844 2358 1898 onera
2385 1837 2551 1898 vestra
2579 1838 2799 1895 portate,
2850 1840 2898 1880 at
2930 1831 3003 1882 sic
3048 1830 3394 1898 adimplcbitis

1807 1898 1967 1968 lege-gn
1995 1897 2190 1952 Christi
2219 1897 2360 1967 (Gal.
2397 1914 2465 1958 γι,
2490 1897 2566 1967 ‘2).
2600 1899 2704 1952 Lex
2731 1900 2949 1953 unitatis
2971 1900 3168 1968 quippe
3192 1897 3394 1954 Christi

1807 1957 1891 2020 est
1913 1957 2153 2022 'charitas
2176 2011 2194 2041 _,
2225 1957 2385 2036 quam
2417 1957 2830 2037 scli'perfit'iunt
2853 1971 2943 2038 qui
2988 1957 3237 2023 iiec'cum
3268 1986 3393 2041 gra-

1809 2047 2000 2092 vantur
2021 2039 2308 2093 excedunt.

1809 2128 1936 2184 CAP.
1980 2130 2048 2185 X.
2073 2164 2141 2172 —-
2165 2130 2288 2186 Non
2334 2133 2758 2202 circumferamur
2798 2135 2936 2188 omni
2975 2144 3120 2190 vento
3148 2133 3400 2190 doctrina:

2391 2201 2604 2273 (Ephes.
2634 2220 2706 2269 tv,
2738 2203 2813 2274 4).

1884 2271 2239 2346 (In_expos_it.
2264 2273 2334 2346 BV.
2366 2271 2488 2341 Joh,
2530 2275 2622 2346 lib.
2668 2271 2934 2336 xx.'num.
2967 2274 3081 2346 25.)
3122 2274 3272 2330 Sicut
3302 2278 3400 2329 mi-

1811 2343 2122 2398 nutissimos
2169 2344 2372 2413 lapides
2402 2359 2537 2414 aqua
2565 2344 2793 2399 fluvialis
2832 2346 3014 2406 trahit,
3047 2343 3121 2400 sic
3151 2349 3402 2402 ductores

1812 2429 2187 2482 perversorum
2229 2415 2535 2483 dogmatum
2580 2422 2786 2469 nicutcs
2829 2416 3104 2470 hominum
3136 2434 3240 2470 nou
3271 2418 3404 2472 fixas

1812 2483 1906 2538 sed
1936 2485 2182 2546 mobiles,
2231 2493 2286 2538 et
2315 2484 2459 2539 nulla
2490 2486 2766 2552 gravitatis
2796 2485 3089 2541 stabilitate
3125 2488 3400 2546 solidatas,

1813 2555 2052 2615 trahunt,
2102 2570 2237 2622 quas
2279 2555 2425 2608 velut
2465 2555 2532 2609 de
2578 2555 2698 2609 loco
2727 2571 2938 2624 semper
2972 2556 3039 2608 ad
3086 2555 3262 2610 locum
3304 2556 3404 2611 flu-

1815 2625 1958 2677 mina
2001 2641 2243 2679 errorum
2288 2625 2507 2679 ducunt.
2565 2624 2714 2680 Unde
2761 2625 3078 2695 pra-dicator
3122 2627 3404 2695 egregius.

1817 2710 1936 2748 cum
1977 2697 2245 2750 auditores
2285 2711 2412 2750 suos
2452 2711 2560 2749 non
2602 2698 2968 2765 temporaliter
3006 2696 3126 2752 duci
3157 2699 3248 2750 sed
3282 2698 3404 2752 forti

1816 2775 2039 2833 cuperet
2061 2767 2322 2834 gravitate
2351 2765 2592 2829 solidari,
2624 2770 2918 2828 admonuit,
2951 2767 3138 2822 dicens
3164 2786 3176 2818 :
3209 2765 3276 2822 Ut
3305 2787 3408 2822 non

1809 2836 2130 2910 jam_simus
2183 2839 2383 2910 parvuli
2439 2838 2794 2907 ﬂuctuantes:
2839 2855 2930 2892 nec
2987 2839 3412 2910 circumferuntur

1817 2907 1959 2960 omni
1988 2917 2133 2962 vento
2163 2909 2430 2963 doctrinas.

1822 2996 1949 3052 CAP.
2014 2996 2105 3052 XI.
2138 3030 2205 3039 —
2241 2999 2309 3054 Ut
2352 3000 2609 3072 exhiberet
2655 3001 2753 3072 sibi
2799 3001 3078 3072 gloriosam
3122 2999 3410 3053 Ecclesium

2395 3071 2610 3142 (Ep/ms.
2642 3089 2696 3138 ν,
2725 3071 2843 3142 27).

1901 3139 1978 3209 (In
2025 3141 2252 3210 exposit.
2301 3140 2342 3193 Β
2407 3139 2531 3210 Joh,
2580 3143 2672 3197 lib.
2720 3139 2812 3209 xx,
2860 3157 3004 3196 num.
3047 3140 3142 3206 58;
3175 3143 3262 3196 lib.
3294 3159 3410 3205 xm,

1829 3227 1975 3263 num.
2021 3210 2106 3270 I0.
2155 3209 2242 3276 II,
2286 3211 2396 3280 I2.)
2434 3212 2629 3268 Sancta
2660 3211 2894 3267 Ecclesia
2925 3214 3299 3280 vestimentum
3329 3223 3407 3266 est

1826 3281 2046 3345 Christi,
2078 3279 2243 3336 Paulo
2273 3290 2580 3344 attestante.
2618 3285 2706 3350 qui
2735 3283 2898 3338 dicit:
2929 3279 2996 3336 Ut
3033 3284 3290 3337 exhiberet
3316 3285 3412 3338 sibi

1827 3352 2105 3421 gloriosam
2135 3350 2437 3416 Ecclesium,
2471 3367 2572 3407 non
2617 3354 2881 3407 habentem
2913 3354 3168 3406 maculam
3210 3369 3299 3407 aut
3327 3371 3411 3408 ru-

1829 3421 2180 3494 gamsNeque
2208 3424 2350 3476 enim
2381 3439 2476 3492 per
2505 3434 2780 3494 peccatum
2809 3425 2968 3479 habet
2997 3429 3280 3488 maculam,
3311 3441 3414 3479 nec

1829 3508 1926 3562 per
1960 3493 2324 3565 duplicitatem
2367 3493 2574 3562 rugam,
2620 3496 2742 3565 quia
2796 3503 2851 3549 et
2896 3511 2991 3564 per
3025 3493 3283 3561 justitiam
3335 3504 3418 3549 est

1829 3563 2046 3634 munda,
2074 3572 2146 3634 et
2188 3580 2286 3633 per
2330 3563 2651 3634 simplicein'
2677 3563 3026 3619 intentionem
3074 3573 3244 3620 tensa.
3287 3567 3416 3632 Qua:

1829 3647 1958 3700 ergo
2000 3633 2180 3687 abluta
2209 3643 2289 3688 est
2319 3651 2386 3687 ne
2415 3633 2676 3689 maculam
2706 3637 2922 3700 habeat,
2968 3643 3022 3688 et
3061 3643 3211 3690 tensa
3240 3646 3320 3688 est
3349 3651 3419 3689 ne

1828 3703 2024 3774 habeat
2052 3718 2257 3770 rugam,
2283 3705 2466 3772 utique
2488 3707 2650 3760 vestis
2670 3715 2770 3760 est.
2803 3707 2935 3771 Quid
2965 3720 3091 3758 vero
3117 3721 3212 3774 per
3239 3720 3416 3770 rugas,

1831 3773 1931 3844 nisi
1956 3774 2238 3844 duplicitas
2264 3774 2604 3841 designatur?
2654 3775 2814 3841 Ruga:
2860 3779 3038 3843 itaque
3067 3773 3194 3828 sunt
3217 3785 3418 3828 sani-ta:

1829 3842 2078 3900 Ecclesiae
2108 3859 2294 3898 omnes
2323 3845 2413 3914 qui
2438 3847 2490 3899 in
2518 3862 2580 3901 ea
2608 3847 2893 3915 dupliciter
2922 3842 3120 3910 vivunt,
3150 3847 3238 3912 qui
3265 3845 3420 3898 fidem

1831 3916 2052 3973 vocibus
2080 3916 2334 3979 clamant,
2365 3917 2616 3985 operibus
2657 3917 2940 3984 denegant.
2973 3915 3078 3968 llas
3107 3924 3282 3985 autem
3328 3931 3418 3968 ru-

1782 4007 1792 4024 ο
1831 3998 1926 4053 gas
1963 3987 2017 4040 in
2059 3986 2244 4042 electis
2281 3984 2667 4042 su‘s’Echesia
2699 3995 2882 4042 sancta
2927 4001 3044 4054 non
3076 3984 3254 4049 habet,
3297 3988 3420 4054 quia

1837 4056 2080 4112 videlicet
2104 4059 2350 4112 nesciunt
2374 4057 2514 4111 aliud
2537 4058 2603 4111 de
2625 4072 2683 4112 se
2703 4058 2832 4111 foris
2862 4053 3170 4117 ostendere,
3197 4064 3252 4108 et
3280 4053 3422 4108 intus

1834 4127 1979 4182 aliud
2021 4127 2243 4183 habere.
2293 4125 2464 4193 Unde,
2502 4127 2640 4182 sicut
2679 4142 2840 4197 supra
2879 4127 3079 4197 dictum
3105 4133 3224 4197 est,
3275 4134 3420 4178 recte

1871 4199 2152 4254 nedicator
2193 4199 2440 4266 egregius
2479 4198 2592 4252 ait:
2620 4197 2689 4253 Ut
2727 4194 2986 4251 exhiberet
3015 4194 3112 4250 sibi
3142 4197 3422 4265 gloriosam

1871 4213 2152 4254 medicator
2193 4213 2440 4266 egregius
2479 4213 2592 4252 ait:
2620 4213 2689 4253 Ut
2727 4213 2986 4251 exhiberet
3015 4213 3112 4250 sun
3142 4213 3422 4265 gronosam

1833 4213 2141 4332 Ucclesiam,
2172 4286 2276 4323 non
2305 4269 2574 4322 habentem
2600 4269 2874 4332 maculam,
2899 4275 2987 4319 aut
3018 4266 3426 4338 rugam.Ma_cu-

1836 4341 1940 4394 lam
1966 4340 2182 4410 quippe,
2234 4346 2290 4393 et
2332 4353 2516 4407 rugam
2547 4355 2653 4394 non
2684 4339 2846 4393 habet
2872 4353 2988 4408 quae
3015 4348 3070 4410 et
3085 4335 3426 4410 turpitudine

1763 4442 1816 4502 1)
1838 4406 2480 4502 seeaiéziséu'isifue.
2506 4406 3109 4502 sarissae-.921
3153 4406 3425 4502 39193-?

1842 4478 1907 4536 ea
1947 4478 2258 4548 duplicitate
2299 4480 2522 4544 vivunt,
2569 4481 2624 4534 hi
2673 4479 2920 4548 nimirum
2965 4478 3122 4548 pacis,
3158 4485 3422 4548 tempore,

1841 4551 1964 4618 quia
2017 4546 2177 4619 hujus
2226 4550 2407 4604 mundi
2456 4551 2810 4619 potestatibus
2858 4547 3016 4602 fidem
3066 4546 3427 4619 Christianam

1843 4617 2034 4676 honori
2064 4617 2183 4676 esse
2211 4617 2567 4689 conspiciunt,
2612 4635 2673 4674 se
2703 4619 2884 4673 ﬁdeles
2911 4632 3033 4674 esse
3059 4617 3429 4689 mentiuntur;

1842 4692 1937 4748 sed
1963 4707 2084 4747 cum
2114 4687 2360 4746 sanctam
2396 4689 2690 4746 Ecclesium
2727 4689 2902 4745 subita
2944 4687 3282 4742 adversitatis
3309 4701 3433 4756 pro-

1844 4762 1980 4818 cella
2005 4763 2336 4831 turbaverit,
2379 4769 2434 4814 et
2471 4768 2682 4831 tempus
2718 4757 3428 4831 persecutionisexarserit,

1845 4828 2007 4887 iilico‘
2037 4835 2326 4888 ostendunt
2373 4830 2500 4898 quid
2547 4828 2748 4900 perfida
2796 4837 2977 4884 mente
3017 4828 3344 4900 moliuntur:
3375 4835 3432 4879 et

1845 4905 1936 4972 qui
1966 4920 2106 4957 nunc
2151 4897 2451 4957 metuentes
2497 4897 2788 4970 derogant,
2830 4902 2896 4953 ad
2950 4897 3427 4972 conti-edicendum

1847 4967 1970 5029 ante
2014 4971 2202 5028 faciem
2245 4973 2484 5031 veniunt,
2524 4967 2652 5040 quia
2692 4973 2868 5026 verbis
2897 4985 3034 5024 vene
3063 4969 3180 5040 fidei
3213 4967 3438 5040 vocibus

1850 5045 2048 5113 apertis
2087 5045 2374 5098 obsistunt.
2413 5038 2700 5096 Sciendum
2737 5057 2867 5096 vero
2895 5049 2976 5094 est
3002 5039 3130 5113 quia
3168 5053 3292 5113 cum
3320 5038 3434 5091 hac

1851 5109 2201 5169 a'carnalibus
2222 5115 2473 5186 patimur,
2505 5121 2750 5186 nontam
2778 5113 2883 5186 ipsi
2899 5120 3024 5186 sunt
3041 5109 3134 5186 qui
3165 5111 3216 5160 in
3250 5115 3434 5186 nostra

1853 5194 2032 5240 morte.
2052 5177 2295 5245 saeviunt,
2329 5200 2488 5252 quam
2519 5183 2777 5251 malignus
2799 5177 3020 5249 spiritus
3046 5177 3438 5252 quimentihus

1854 5245 2421 5328 corum‘principatur,
2470 5255 2610 5328 sicut
2647 5245 2746 5320 per
2786 5245 3009 5306 Paulum
3052 5245 3244 5302 dicitur
3271 5245 3430 5328 :Non

1854 5336 1930 5379 est
1973 5323 2116 5379 nobis
2157 5326 2446 5379 colluctatio
2480 5324 2720 5376 adversus
2765 5338 2970 5376 carnem
3017 5330 3064 5393 et
3107 5323 3431 5393 sanguinem,

1854 5397 1945 5449 sed
1984 5397 2231 5466 adversus
2264 5396 2517 5466 principes
2559 5405 2607 5446 et
2647 5401 2940 5466 po_testates,
2980 5390 3234 5466 adeersiis
3259 5389 3430 5466 mundi

1853 5479 2074 5520 rectores
2103 5459 2875 5533 tenebrarum‘harum't'Ephes.
2907 5477 2978 5533 vi,
3004 5459 3113 5533 1‘2).
3137 5459 3436 5533 Quideiiim

1855 5537 1998 5590 aliud
2036 5543 2160 5590 sunt
2196 5551 2382 5588 omnes
2411 5534 2579 5601 iniqui
2606 5527 2764 5602 quam
2795 5532 3030 5586 membra
3059 5527 3290 5602 (nauali?
3322 5527 3435 5595 Ipsa

1857 5610 2035 5674 itaque
2079 5622 2173 5676 per
2207 5621 2301 5659 eos
2339 5606 2447 5672 agit
2485 5598 2737 5672 quidquid
2778 5605 2829 5657 in
2870 5617 3056 5656 corum
3095 5598 3346 5655 cordibus
3384 5605 3441 5649 ut

1855 5693 2016 5748 agere
2043 5678 2268 5733 debeant
2304 5676 2558 5729 immittit.

2852 5764 2924 5820 ’s3
