3982 6302
264 343 397 400 1561

844 333 1091 399 ALULFI
1133 340 1490 399 EXPOSIIIO
1527 339 1686 395 NOV]
1741 340 1933 396 TES’I‘.
1973 372 2042 381 —
2081 342 2229 398 SUP.
2271 345 2375 399 ΕΡ.
2412 345 2613 401 PAULI
2649 345 2742 400 AD
2777 343 2930 400 COL.

3389 343 3524 399 1563

257 455 544 510 titudinem
567 454 691 508 hinc
713 462 767 508 et
787 453 912 508 inde
933 464 1228 525 teneamus.
1248 453 1400 507 Libet
1425 453 1598 509 adhuc
1614 455 1841 508 alterum
1875 455 1913 512 A
1946 453 2184 508 solidari.
2225 453 2314 509 Sic
2343 457 2592 525 impletur
2619 457 2759 522 quod
2799 459 3053 524 scriptum
3081 467 3194 512 est:
3233 457 3293 512 In
3329 461 3409 512 die
3435 462 3524 512 bo-

260 527 434 580 civem
458 525 692 579 cmlestis
712 525 895 590 patria:
910 524 975 578 ad
1000 533 1228 578 mentem
1251 525 1525 588 reducere,
1545 533 1599 578 et
1615 528 1845 594 quabter

262 595 551 664 utrobique
598 596 750 648 tortis
804 594 960 664 fuerit
999 595 1387 649 demonstrare.
1421 595 1617 648 Beatus
1647 596 1843 648 etenim

259 663 385 726 Job,
417 662 538 720 cum
565 673 708 718 esset
735 665 863 716 viris
913 662 1271 718 Orientalibus
1299 666 1464 718 ditior
1484 706 1499 728 ,
1531 675 1585 718 et
1627 666 1677 719 ei
1723 680 1846 734 pro-

261 751 423 804 spera
453 745 642 789 cuncta
661 743 1026 803 suppeterent,
1058 737 1178 788 litiis
1199 736 1443 803 polleret,
1495 735 1691 789 familia
1723 750 1845 790 cre-

262 815 466 869 sceret,
488 819 677 872 greges
698 807 1078 871 exuherarent,
1106 805 1321 860 intanto
1345 807 1437 860 Dei
1458 806 1846 875 omnipotentis

267 877 462 930 timore
501 876 754 944 perstitit,
786 884 844 929 ut
873 877 1012 929 inter
1032 875 1329 929 custodiam
1362 877 1670 946 disciplinae,
1709 878 1848 930 inter

266 954 388 1000 acta
414 945 651 1014 iustitiae,
684 946 824 1000 inter
852 947 1018 999 multa
1047 946 1363 1000 humilitatis
1387 945 1664 1015 obsequia,
1689 948 1848 1000 mise-

267 1017 514 1070 ricordia:
541 1017 793 1085 operibus
816 1017 1073 1081 intentus,
1125 1018 1399 1072 sacrificiis
1426 1018 1713 1072 afferendis
1755 1015 1850 1070 de-

267 1087 432 1152 ditus,
464 1086 835 1140 holocaustum
869 1087 1096 1141 Domino
1125 1103 1222 1155 pro
1251 1088 1474 1156 singulis
1504 1089 1624 1142 filiis
1654 1088 1849 1141 immo-

267 1156 426 1221 laret,
461 1173 526 1211 ne
554 1157 673 1226 quis
693 1173 878 1211 eorum
905 1160 1094 1210 saltem
1121 1158 1172 1212 in
1194 1158 1355 1212 corde.
1384 1167 1676 1227 peccasset.
1713 1158 1848 1210 Pen-

267 1241 450 1298 scmus
476 1241 604 1295 ergo
635 1239 830 1294 quanta
864 1237 979 1280 erat
1001 1229 1238 1282 custodia
1270 1230 1394 1282 boni
1444 1231 1644 1293 oneris,
1676 1231 1765 1298 qui
1799 1229 1850 1281 in

272 1296 395 1368 filiis
415 1298 524 1352 suis
541 1299 794 1368 expiabat
821 1298 1096 1352 sacrificiis
1123 1298 1306 1366 culpas
1332 1300 1525 1354 cordis.
1565 1299 1668 1354 Sed
1693 1296 1852 1368 quam

266 1367 446 1435 justus
474 1367 635 1426 esset.
669 1367 720 1420 in
744 1369 1100 1436 prosperitate
1128 1369 1469 1422 innotuerat:
1498 1369 1652 1423 valde
1673 1367 1851 1422 autem

267 1440 515 1505 ignotum
554 1448 672 1492 erat
700 1438 745 1492 si
797 1453 1144 1506 perseverare
1167 1438 1344 1507 justus
1382 1449 1436 1493 et
1460 1441 1600 1493 inter
1646 1439 1853 1506 ﬂagella

271 1508 557 1582 potuisset.
593 1507 933 1582 Tangendus
963 1523 1090 1576 ergo
1130 1519 1247 1564 erat
1275 1510 1497 1582 verbere
1519 1508 1705 1582 virille
1732 1525 1856 1582 san-_

272 1579 394 1634 ctus
415 1579 467 1632 in
520 1580 808 1648 prosperis,
839 1589 898 1633 ut
921 1580 1340 1646 interrogaretur
1385 1579 1642 1644 adversis,
1689 1588 1745 1634 et
1763 1579 1857 1648 qui

273 1659 438 1719 notus
476 1658 593 1704 erat
636 1651 861 1704 Domino
889 1650 1266 1719 omnipotenti,
1315 1662 1473 1706 notus
1514 1666 1610 1719 per
1648 1648 1856 1716 ﬂagella

274 1717 428 1773 ﬂeret
449 1719 602 1775 nobis
629 1717 1049 1792 etsibimetipsi.
1088 1717 1417 1792 Disponente
1447 1717 1628 1790 itaque
1676 1719 1858 1774 Domi-

271 1805 370 1856 no,
402 1790 703 1860 consumpti
727 1799 851 1844 sunt
879 1805 1085 1859 greges,
1116 1790 1377 1847 interfecti
1405 1792 1670 1856 custodes,
1701 1806 1857 1845 ever-

273 1875 336 1912 sa
367 1860 574 1919 domus.
601 1861 848 1915 exstincti
875 1862 989 1925 lilii,
1017 1877 1266 1931 percussa
1291 1879 1416 1917 caro
1445 1879 1472 1915 a
1505 1863 1679 1930 planta
1708 1861 1856 1931 pedis

274 1945 447 1998 usque
474 1931 538 1984 ad
570 1931 846 1985 verticem.
901 1932 1173 1986 Bemansit
1225 1949 1362 1986 uxor
1395 1933 1692 1996 incolumis,
1739 1946 1858 1999 qua:

275 2000 561 2054 verborum
585 2003 776 2068 jaculis
802 2003 1024 2056 vulnera
1052 2013 1300 2069 augeret:
1332 2003 1427 2058 sed
1458 2003 1597 2057 hanc
1621 2005 1698 2056 vir
1725 2019 1853 2056 san-

271 2079 398 2124 ctus
426 2071 477 2123 in
510 2073 823 2136 tentatione,
865 2087 1025 2127 sanus
1054 2074 1104 2126 in
1137 2075 1376 2140 vulnere,
1425 2073 1716 2142 prudenter
1752 2071 1852 2126 do-

275 2149 385 2205 cet,
419 2143 575 2212 eique
618 2143 931 2212 respondet,
959 2144 1166 2197 dicens:
1198 2143 1258 2198 Si
1290 2143 1421 2198 bona
1452 2146 1764 2204 suscepimus
1795 2143 1856 2196 de

275 2226 446 2285 manu
457 2211 686 2280 Domini,
707 2211 847 2285 mala
865 2230 1021 2285 quare
1042 2229 1146 2285 non
1171 2216 1507 2284 suscipiamus
1528 2213 1646 2284 (Job
1669 2231 1727 2281 ll,
1744 2215 1858 2282 lU)?

276 2281 451 2335 Amici
495 2297 710 2351 quoque
764 2283 830 2337 ad
861 2281 1244 2338 conso‘andum
1274 2281 1511 2348 veniunt,
1538 2281 1621 2338 ad
1668 2281 1860 2340 contu-

279 2351 469 2424 tnelias
512 2363 884 2424 prorumpunt,
911 2362 966 2408 et
1016 2355 1067 2407 in
1098 2354 1287 2409 dolore
1333 2357 1612 2409 vulnerum
1659 2355 1861 2409 addunt

279 2421 454 2476 adhuc
499 2421 1082 2478 vulnera—verborum:
1133 2426 1604 2480 immisericordem
1653 2426 1858 2491 dicunt,

277 2502 550 2561 raptorem
577 2495 874 2559 nominant,
904 2495 1194 2566 violentum
1223 2495 1558 2558 denuntiant,
1577 2511 1861 2566 oppresso-

276 2577 395 2634 rem
418 2579 710 2633 pauperum
742 2568 992 2619 fatentur.
1015 2565 1153 2632 Quid
1177 2566 1334 2634 igitur
1363 2567 1514 2620 miles
1542 2567 1631 2620 Dei
1663 2568 1862 2620 faceret

276 2632 432 2703 inter
453 2634 685 2703 dolentia
727 2636 966 2699 vulnera,
1007 2645 1062 2690 et
1108 2632 1291 2691 amara
1339 2637 1498 2690 verba
1542 2637 1860 2703 depressus?

278 2699 419 2758 Ecce
465 2702 670 2772 ﬂagella
701 2706 792 2760 Dei
835 2716 888 2760 et
929 2709 1090 2760 verba
1143 2708 1418 2762 hominum
1465 2699 1624 2760 simul
1679 2707 1861 2761 aillicti

279 2775 518 2848 animum
567 2775 634 2848 ad
666 2777 1116 2848 desperationem
1184 2787 1461 2848 premunt;
1525 2776 1620 2832 sed
1675 2778 1863 2845 plenus

284 2844 484 2916 virtute
547 2844 796 2914 spiritus,
825 2849 1002 2904 carnis
1056 2844 1365 2902 vulneribus
1407 2849 1611 2916 iacens.
1671 2844 1863 2900 mentis

282 2913 480 2988 robore
508 2913 674 2988 stans,
701 2926 888 2972 contra
913 2918 1302 2987 desperationis
1333 2913 1617 2988 impulsum
1652 2919 1865 2971 reduxit

282 2983 350 3056 ad
398 2986 708 3041 memoriam
756 2989 894 3042 bona
949 2983 1067 3056 quae
1113 2998 1313 3056 egerat.
1373 2983 1506 3056 Quia
1556 2988 1865 3044 misericors

279 3054 479 3120 iuerat,
523 3057 688 3112 dicit:
722 3057 914 3112 Oculus
958 3054 1034 3130 fui
1079 3054 1231 3124 casco,
1265 3067 1314 3112 et
1342 3054 1430 3131 pes
1483 3059 1668 3112 claudo
1712 3056 1864 3181 ‘(Job

279 3142 433 3181 χχιχ.
463 3126 583 3181 15).
613 3126 676 3181 Et
703 3144 912 3181 rursum
950 3149 963 3181 :
1012 3129 1173 3181 Pater
1199 3147 1340 3181 eram
1364 3145 1644 3181 munerum
1673 3131 1691 3181 l
1757 3145 1862 3181 ers.

279 3142 433 3200 ggtx,
462 3126 583 3200 15).
613 3126 676 3182 Et
703 3126 968 3200 rursum}
1012 3129 1173 3184 Pater
1199 3126 1644 3200 eram'pauperum
1673 3126 1862 3199 (Vers.

285 3195 409 3270 lii).
450 3195 582 3270 Quia
636 3208 690 3252 et
735 3199 1029 3270 disciplina:
1058 3209 1258 3263 custos,
1283 3210 1338 3255 et
1363 3195 1635 3267 benignus
1682 3195 1863 3266 fuerit,

282 3265 440 3323 dicit:
465 3269 685 3341 Cumque
704 3265 927 3325 sederem
945 3272 1090 3342 quasi
1117 3287 1225 3336 rex,
1243 3265 1604 3342 circumstante
1618 3265 1866 3342 exercitu,

283 3339 630 3411 eramqtamen
675 3339 995 3394 maerentium
1021 3342 1314 3411 consolator
1342 3343 1357 3407 (
1387 3341 1530 3396 Vers.
1576 3339 1646 3394 95
1664 3342 1703 3410 ).
1730 3339 1865 3411 Quia

1949 541 2128 578 norum
2181 542 2245 577 ne
2287 527 2553 580 intmemor
2601 529 2672 580 sis
2717 528 3008 580 malorum:
3037 537 3089 580 et
3141 529 3223 581 die
3249 533 3521 592 malorum,

1944 610 2009 646 ne
2033 595 2296 665 immemor
2314 597 2385 648 sis
2412 598 2654 649 bonorum
2676 596 2869 662 (Eccle.
2890 614 2963 660 ιι,
2986 595 3098 665 9.7).
3131 598 3184 649 Si
3209 599 3369 663 enim,
3402 615 3523 652 cum

1950 680 2001 718 tn
2056 664 2212 718 bouis
2253 680 2458 730 sumus,
2513 666 2772 734 malorum
2819 664 3213 720 reminiscimur
3262 683 3378 734 que
3433 681 3527 722 aut

1949 736 2086 802 passi
2117 749 2300 789 sumus
2329 743 2420 788 aut
2449 733 2619 788 adhuc
2649 736 2758 804 pati
2806 751 3107 804 possumus,
3137 733 3355 804 accepta
3385 737 3528 792 bona

1947 815 2184 858 mentem
2215 821 2320 858 non
2351 809 2584 869 elevant,
2614 807 2863 872 quoniam
2904 821 3090 860 eormn
3141 806 3330 872 gaudia
3368 807 3530 861 timor

1949 877 2222 928 memoria:
2268 877 2529 930 malorum
2552 875 2763 942 premit,
2796 875 2913 930 etsi
2943 891 3062 930 cum
3089 877 3226 928 mala
3250 876 3526 942 habemus,

1949 945 2212 1016 bonorum
2247 945 2633 1016 reminiscimur
2660 961 2778 1014 qua:
2805 961 2894 998 aut
2931 945 3042 1014 jam
3069 946 3393 1016 accepimus,
3440 954 3532 1016 aut

1952 1015 2129 1070 adhuc
2153 1030 2250 1068 nos
2264 1015 2506 1081 accipere
2529 1031 2687 1083 posse
2708 1032 3010 1084 speramus,
3049 1015 3300 1069 natorum
3325 1015 3532 1083 pondus
3569 1073 3574 1080 _

1951 1086 2186 1138 animum
2218 1085 2269 1138 in
2301 1085 2729 1153 desperationem
2781 1103 2885 1139 non
2916 1086 3182 1152 deprimit,
3240 1086 3363 1154 quia
3393 1086 3534 1140 hunc

1953 1157 2016 1207 ad
2047 1170 2195 1222 spem
2220 1155 2475 1208 memoria
2505 1155 2766 1209 bonorum
2795 1157 2954 1210 levat.
2989 1155 3078 1210 Sic
3108 1157 3308 1224 itaque,
3343 1155 3533 1211 fratres

1954 1224 2274 1289 charissimi,
2303 1234 2374 1296 Aet
2400 1240 2501 1296 per
2543 1237 2808 1294 pnecepta
2857 1227 3066 1280 Domini
3096 1236 3151 1280 et
3179 1243 3274 1296 per
3321 1236 3536 1281 sancto-

1954 1310 2072 1348 rum
2104 1293 2349 1364 exetnpla
2379 1295 2704 1363 gradiamur,
2722 1293 2793 1349 ut
2815 1313 2914 1351 nec
2941 1313 3038 1350 nos
3070 1293 3397 1364 prosperitas
3427 1297 3537 1350 ele-

1954 1373 2064 1423 vet.
2092 1380 2191 1436 nec
2220 1365 2539 1436 adverstitas
2567 1365 2791 1434 frangat,
2818 1376 2874 1421 et
2903 1383 3000 1419 nos
3030 1367 3080 1419 in
3104 1368 3376 1436 prosperis
3403 1375 3458 1422 et
3481 1367 3534 1422 in

1956 1435 2195 1488 adversis
2222 1433 2589 1488 fortitudinem
2621 1433 2818 1490 habere
2847 1433 3227 1491 monstremus.

2046 1505 2176 1559 Car.
2229 1503 2321 1559 1X.
2361 1537 2433 1547 —
2470 1505 2666 1559 Nostra
2710 1509 3027 1560 conversatio
3084 1508 3138 1560 in
3185 1508 3324 1561 cretis
3371 1515 3448 1562 est

2512 1575 2742 1648 (Philip.
2770 1593 2847 1637 ιιι,
2879 1577 3000 1648 20).

2033 1643 2129 1712 (ln
2157 1646 2387 1719 exposit.
2421 1644 2481 1698 Β.
2509 1644 2630 1710 Job,
2655 1643 2756 1719 lib.)
2780 1663 2890 1709 Vlll,
2923 1643 3071 1704 num.
3103 1647 3226 1719 74.)
3257 1649 3411 1704 Sicut
3435 1647 3534 1719 do-_

1961 1715 2406 1787 musexterioris
2461 1717 2883 1787 conversationis
2931 1727 3013 1772 est
3057 1715 3339 1774 aedificium
3395 1717 3541 1787 quod

1963 1784 2222 1859 inhabitat
2249 1800 2474 1859 corpus,
2486 1787 2566 1859 ita
2590 1786 2778 1859 domus
2799 1788 3137 1859 cogitationis
3158 1798 3241 1843 est
3276 1806 3362 1845 res
3391 1784 3540 1859 quaa-

1957 1855 2267 1924 libetquam
2301 1872 2398 1924 per
2425 1857 2766 1910 dilectionem
2815 1857 3075 1911 inhabitat
3105 1860 3333 1914 animus.
3367 1855 3539 1915 omne

1957 1926 2154 1996 quippe
2181 1925 2642 1996 quoddiligimus,
2671 1927 2824 1994 quasi
2869 1928 2920 1980 in
2951 1929 3053 1983 hoc
3079 1930 3418 1996 quiescentes
3459 1931 3541 1983 in-

1960 1994 2278 2068 habitamus.
2307 1994 2456 2068 Unde
2477 1995 2692 2062 Paulus,
2713 1998 2835 2066 quia
2863 1998 2914 2052 in
2944 1994 3192 2068 supernis
3211 2015 3303 2054 cor
3327 1999 3542 2064 ﬁxerat,

1961 2067 2014 2119 in
2045 2076 2185 2136 terra
2238 2067 2457 2136 quidem
2511 2070 2738 2136 positus,
2785 2069 2876 2122 sed
2928 2078 3103 2123 tamen
3130 2077 3325 2124 aterra
3353 2080 3538 2125 extra-

1961 2152 2113 2202 neus,
2137 2124 2374 2190 dicebat:
2407 2124 2604 2191 Nostra
2629 2124 2945 2193 cdnversatio
2971 2141 3022 2193 in
3045 2142 3184 2194 cazlis
3208 2151 3303 2194 est.

1961 2225 2090 2279 CAP.
2133 2223 2432 2279 X.-——Unde
2455 2227 2609 2297 etiam
2633 2237 2986 2297 exspectamus
3011 2230 3329 2285 Salvatorem
3353 2229 3536 2284 Domi-

2031 2306 2412 2369 numnostrum
2442 2295 2617 2349 Jesum
2656 2295 2938 2364 Christum,
2961 2301 3046 2363 qui
3093 2301 3393 2369 reformabit
3421 2317 3536 2355 cor-

2034 2383 2127 2434 pus
2153 2367 3101 2440 humilita‘tisnostrw,conﬁguratum
3151 2367 3356 2440 corpori
3385 2373 3538 2424 clari-

2035 2441 2154 2506 tatis
2183 2453 2290 2490 suce
2320 2436 2548 2506 (Philip.
2574 2453 2651 2503 In,
2681 2438 2799 2506 50).

2035 2504 2188 2579 (Lib.
2212 2523 2250 2570 ι.
2274 2508 2326 2560 in
2350 2505 2570 2579 Ezeclt.,
2598 2504 2780 2579 homil.
2805 2509 2856 2571 Ξ,
2891 2525 3036 2563 num.
3060 2510 3182 2579 21.)
3208 2510 3333 2564 Post
3361 2526 3539 2565 resur-

1963 2577 2256 2631 rectionem
2285 2577 2388 2629 erit
2413 2576 2708 2630 similitudo
2731 2578 2943 2632 Domini
2973 2580 3141 2633 nostri
3165 2576 3171 2579 ’
3193 2581 3316 2635 Jesa
3339 2581 3536 2635 Christi

1964 2648 2016 2701 itt
2073 2647 2323 2701 cordibus
2369 2647 2586 2707 nostris.
2633 2658 2687 2700 et
2736 2649 3138 2703 similitudinem
3193 2652 3332 2703 illius
3378 2653 3540 2704 etiam

1963 2733 2188 2785 corpora
2244 2724 2427 2770 nostra
2457 2717 2756 2786 percipient
2796 2720 2848 2772 in
2877 2721 3323 2786 contiguratioue.
3375 2719 3548 2776 Erunt

1964 2787 2107 2858 enim
2130 2795 2269 2858 tunc
2302 2788 2598 2841 electorum
2624 2804 2853 2858 corpora
2885 2789 3115 2844 claritati
3143 2791 3394 2845 dominici
3419 2807 3543 2846 cor-

1964 2857 2113 2928 poris
2133 2857 2486 2926 coniigurata.
2536 2858 2665 2924 Quae
2691 2857 2791 2914 etsi
2812 2861 3174 2927 arqualitatem
3224 2861 3406 2928 gloriae
3427 2861 3544 2928 ejus

1966 2943 2072 2981 non
2098 2927 2298 2981 habent
2327 2943 2420 2995 per
2449 2937 2715 2994 naturam,
2743 2930 3140 2985 similitudinem
3181 2927 3356 2986 tamen
3379 2927 3546 2986 conli-

2005 2997 2261 3051 orationis
2291 2997 2564 3066 habebunt
2593 3015 2687 3066 per
2706 3001 2950 3065 gratiam.

2012 3084 2097 3122 se.
2140 3066 2228 3121 XI.
2269 3101 2340 3111 -—
2379 3065 2502 3122 Non
2526 3065 2702 3138 quaero
2743 3069 2940 3132 datum,
2981 3067 3071 3124 sed
3106 3085 3281 3139 quwro
3325 3073 3548 3143 fructum

2075 3205 2095 3210 _
2354 3209 2360 3210 ί
2455 3207 2485 3210 _
2527 3138 2762 3210 (Philip.
2793 3157 2864 3202 tv,
2899 3139 3015 3210 17).

2527 3144 2545 3207 (
2569 3141 2762 3207 Philip.
2793 3157 2864 3202 tv,
2899 3141 3015 3207 17).

2041 3205 2131 3283 (In
2177 3209 2408 3283 exppsit.
2455 3157 3155 3283 binum.
3188 3210 3308 3283 22.)
3338 3211 3550 3283 Sanctis

1967 3278 2405 3403 Braidicatoribus
2447 3277 2625 3333 debita
2658 3281 2726 3334 ab
2767 3281 3102 3363 audientibus
3146 3277 3410 3352 stipendia
3453 3283 3548 3336 de-

2005 3357 2100 3402 cnt
2127 3347 2380 3403 conferri.
2430 3358 2484 3402 et
2509 3363 2645 3403 quos
2697 3350 2886 3403 fatigat
2934 3360 3202 3403 nnunetus
3232 3351 3385 3403 labor
3414 3367 3548 3403 oras-

2005 3357 2100 3402 ent
2120 3347 2401 3420 conferri,
2430 3358 2484 3402 et
2509 3363 2645 3417 quos
2697 3350 2886 3417 fatigat
2934 3350 3202 3418 injunetus
3221 3347 3385 3405 labor
3414 3367 3548 3420 prte-

282 3409 502 3464 hnmilis
557 3412 747 3475 fuerat,
788 3410 1064 3490 dicit:
1093 3413 1371 3480 contempsi
1395 3412 1564 3490 subire
1609 3409 1865 3490 judicium
1895 3423 1938 3484 C
1968 3415 2255 3490 dicationis
2284 3409 2580 3490 exhibita'a
2605 3409 2881 3488 discipulis
2901 3409 3170 3490 pinguedo
3198 3421 3324 3476 boni
3367 3409 3550 3480 fo'veat

285 3497 400 3533 cum
422 3497 566 3534 servo
594 3497 725 3552 meo,
768 3490 824 3552 et
860 3482 1054 3536 ancilla
1081 3499 1216 3545 mea,
1261 3499 1374 3536 cum
1399 3482 1742 3552 disceptarent
1771 3483 1866 3539 ad-

284 3567 484 3621 persum
533 3569 614 3604 me
656 3549 789 3617 (Job
819 3568 970 3621 xxxi,
1016 3553 1139 3617 15).
1175 3553 1307 3618 Quia
1355 3549 1634 3621 hospitalis
1672 3552 1866 3618 fuerat,

283 3619 518 3694 fatetur:
553 3621 613 3676 Si
640 3623 851 3694 despexi
866 3619 1278 3694 prietereuutem,
1301 3639 1358 3676 eo
1388 3619 1523 3694 quod
1548 3638 1648 3694 non
1679 3623 1870 3677 habue-

287 3641 518 3674 latetur:
553 3641 612 3676 ot
640 3641 845 3690 despexi
933 3641 1278 3685 cetereuutem,
1301 3641 1358 3676 eo
1388 3641 1521 3694 quoa
1548 3641 1648 3676 non
1679 3641 1870 3677 naoue-

287 3691 358 3760 rit
394 3691 748 3745 indumentum
795 3641 984 3760 (νζ-ε.
1020 3693 1149 3760 19).
1207 3693 1341 3759 Quia
1393 3698 1570 3760 largus
1617 3693 1668 3746 in
1716 3693 1871 3747 donis

285 3759 408 3836 fuit,
449 3761 582 3836 dicit
620 3780 633 3816 :
674 3759 864 3836 Sinon
895 3759 1261 3818 benedixerunt
1290 3763 1414 3817 mihi
1451 3759 1616 3836 later};
1645 3766 1871 3836 ejus,_et

284 3830 354 3905 de
377 3831 650 3905 velleribus
677 3833 842 3887 ovium
866 3851 1094 3905 mearum
1123 3835 1547 3905 calefactusest,(
1577 3830 1728 3905 Veis.
1748 3833 1866 3900 ΞΟ).

286 3900 422 3966 Quia
455 3903 720 3959 violentus
747 3919 852 3957 non
883 3903 1076 3971 fuerat,
1108 3900 1550 3968 testatur,dicens
1583 3922 1596 3957 :
1629 3903 1688 3958 Si
1711 3903 1871 3957 levavi

285 3987 440 4040 super
478 3973 724 4040 pupillum
746 3989 951 4028 manum
980 3992 1167 4042 meum,
1198 3991 1310 4028 cum
1330 3989 1410 4028 me
1433 3975 1620 4028 videret
1643 3975 1697 4030 in
1726 3987 1876 4044 porta

289 4044 604 4108 superiorem
665 4044 850 4117 (γεγε.
899 4044 1022 4117 21).
1075 4044 1225 4117 Quia_
1263 4045 1329 4098 de
1379 4045 1429 4117 in
1455 4045 1576 4099 mici
1635 4045 1872 4117 periculo

291 4127 564 4187 nunquam
596 4114 958 4177 exSultaverit,
992 4115 1165 4187 dicit;
1197 4114 1260 4170 Si
1283 4114 1722 4187 gavisussum'ad
1762 4116 1870 4187 rui-

292 4198 427 4256 nam
464 4183 576 4253 ejus
621 4187 706 4255 qui
735 4200 816 4238 me
863 4187 1040 4240 oderat
1070 4189 1086 4256 (
1119 4183 1300 4240 Versf
1323 4184 1391 4236 29
1413 4187 1452 4254 ).
1485 4185 1616 4250 Quia
1667 4186 1874 4254 patiens

288 4252 746 4325 fuerit,et4et'iam
777 4271 994 4309 suorum
1026 4252 1281 4310 malitiam
1338 4252 1708 4325 aaquanimiter
1748 4271 1873 4324 per-

294 4323 498 4388 tulerit,
553 4323 707 4378 dicit:
745 4325 937 4381 Sinon
977 4327 1218 4380 dixerunt
1246 4327 1342 4381 viri
1392 4323 1708 4380 tabernaculi
1737 4323 1872 4380 mei:

452 4393 536 4446 det
577 4394 641 4448 de
667 4396 906 4469 carnibus
932 4397 1063 4467 ejus,
1091 4407 1146 4449 ut
1191 4407 1482 4450 saturemur
1511 4397 1528 4466 (
1564 4396 1706 4469 Yers.
1749 4396 1809 4450 51

295 4460 433 4536 Quid
459 4473 549 4536 est
584 4480 711 4535 ergo
741 4467 880 4536 quod
905 4460 987 4520 vi'r
1013 4460 1229 4522 sanctus
1257 4477 1335 4521 tot
1373 4481 1498 4521 suas
1518 4460 1766 4521 ‘virtutes
1795 4460 1874 4521 iti-

301 4541 382 4592 ter
401 4531 606 4607 ﬂagella
633 4531 947 4592 enumerat?
975 4535 1111 4603 Quid
1159 4547 1240 4592 est
1284 4537 1426 4606 quod
1455 4552 1551 4590 ore
1578 4552 1678 4592 suo
1707 4553 1869 4607 opera

295 4617 418 4670 qua:
464 4604 680 4677 fecerat,
711 4607 910 4672 laudat,
943 4608 1043 4661 nisi
1079 4608 1204 4677 quia
1225 4604 1364 4662 inter
1385 4607 1604 4660 vulnera
1633 4615 1687 4660 et
1709 4604 1871 4662 verba

294 4686 418 4740 qua:
470 4673 612 4729 hunc
642 4678 708 4730 ad
750 4673 1176 4744 desperationem
1233 4679 1444 4732 trahere
1499 4685 1752 4746 poterant
1808 4678 1875 4732 ad

296 4757 449 4816 spem
478 4747 714 4816 animum
762 4748 1058 4802 reformat?
1087 4747 1153 4802 Et
1191 4748 1280 4816 qui
1304 4749 1354 4801 in
1391 4748 1750 4816 prosperitate
1778 4748 1877 4803 hu-

297 4797 440 4868 niilis
469 4797 1065 4880 mitigemsaaiasi's
1087 4797 1876 4883 Eas‘massas:ista-
1903 4797 1958 4859 Ι)

294 4893 419 4956 ctus
461 4884 514 4938 in
544 4885 870 4942 adversitate
899 4890 1210 4956 permansit.
1257 4885 1422 4956 Cujus
1465 4889 1607 4942 enim
1639 4889 1875 4946 animum

298 4951 573 5027 i_nter__tot
624 4957 827 5026 ﬂagella
857 4951 946 5012 illa
997 4959 1158 5013 verba
1207 4957 1272 5012 ad
1303 4951 1729 5027 desperationem
1769 4975 1875 5014 non

297 5023 655 5090 impellerent,
690 5023 788 5082 nisi
831 5028 928 5082 sibi
950 5029 1016 5082 ad
1043 5030 1354 5083 memoriam
1385 5023 1522 5083 bona
1549 5043 1668 5096 quae
1692 5039 1877 5096 egerat

300 5098 652 5168 revocasset?
691 5097 835 5152 Vidit
861 5099 1022 5168 igitur
1065 5107 1278 5153 sanctus
1306 5107 1538 5154 mentem
1576 5115 1750 5158 suam.
1772 5115 1872 5156 au-

294 5161 426 5243 ditis
472 5173 552 5221 tot
599 5167 772 5243 malis,
791 5161 1321 5243 gad'desperatonem
1342 5169 1585 5243 concuti,
1609 5178 1663 5224 et
1708 5169 1871 5226 mira—

302 5232 481 5289 biliter
532 5232 764 5293 studuit
791 5239 842 5293 in
870 5255 966 5308 spe
994 5232 1165 5294 'certa
1214 5255 1282 5293 ex
1309 5239 1462 5293 bonis
1505 5232 1616 5294 suis
1660 5242 1872 5300 actibus

1970 3489 2180 3558 operis:
2235 3505 2342 3543 non
2391 3489 2535 3558 quod
2581 3491 2871 3560 praedicent
2904 3489 2982 3545 fut
3011 3493 3243 3556 alantur,
3308 3492 3400 3546 sed
3430 3491 3551 3547 ideo

1970 3563 2180 3630 alantur
2209 3569 2266 3612 ut
2293 3560 2600 3627 praedicent,
2630 3561 2680 3613 id
2710 3569 2793 3616 est
2822 3570 2880 3616 ut
2907 3562 3198 3630 prtedicare
3239 3563 3550 3616 subsistant.

1971 3629 2086 3702 Non
2113 3630 2464 3702 intentionem
2494 3631 2751 3702 sumendi
2781 3629 2951 3686 victus
2983 3641 3221 3687 transeat
3249 3633 3392 3687 actio
3415 3647 3552 3702 prae-

1970 3699 2276 3764 dicationis,
2303 3703 2396 3770 sed
2451 3708 2508 3753 ut
2537 3700 2605 3755 ad
2661 3701 2945 3754 utilitatem
3008 3699 3552 3770 pra-dicationis'do-

1970 3770 2208 3824 serviant
2268 3769 2562 3840 ministeria
2631 3769 3055 3825 sustentationis.
3117 3769 3269 3827 Unde
3323 3785 3450 3840 ergo
3517 3787 3549 3826 a

1971 3841 2128 3911 bonis
2173 3838 2619 3911 prmdicatoribus
2663 3855 2770 3894 non
2821 3857 2981 3895 causa
3030 3841 3201 3896 victus
3241 3838 3553 3911 prrcdicatio

1973 3909 2319 3978 impenditur,
2369 3909 2460 3963 sed
2516 3925 2678 3964 causa
2733 3911 3124 3978 praedicationis
3175 3909 3351 3967 ali—eis
3379 3913 3552 3966 victus

1974 3980 2232 4049 accipitur
2256 3996 2268 4031 :
2301 3988 2356 4033 et
2380 3979 2593 4049 quoties
2616 3980 3026 4049 pr.udic:rntibus
3055 3982 3353 4036 necessaria
3375 3981 3552 4036 confe-

1974 4059 2166 4104 runtur
2196 4050 2262 4103 ab
2293 4049 2650 4115 audientibus,
2679 4066 2783 4105 non
2813 4051 2987 4105 solent
3014 4051 3082 4105 de
3109 4067 3284 4104 rerum
3308 4067 3551 4117 munere,

1973 4122 2064 4192 sed
2079 4119 2148 4192 de
2163 4119 2546 4192 conferentium
2568 4122 2799 4192 gaudere
2817 4121 3082 4175 mercede.
3112 4119 3265 4176 Unde
3293 4137 3388 4192 per
3417 4120 3558 4175 Pau—

1977 4191 2084 4262 lum
2115 4190 2336 4244 dicitur:
2373 4191 2489 4243 Non
2529 4207 2700 4262 quaero
2752 4191 2946 4257 datum,
2977 4191 3066 4244 sed
3089 4208 3262 4262 quer
3297 4190 3550 4260 fructum.

1977 4260 2167 4331 Datum
2194 4261 2392 4331 quippe
2414 4269 2496 4315 est
2541 4260 2628 4315 res
2655 4262 2769 4331 ipsa
2818 4278 2937 4331 qua:
2968 4260 3309 4331 impenditur,
3351 4262 3558 4316 fructus

1975 4347 2106 4384 vero
2135 4330 2246 4384 dati
2268 4341 2350 4385 est
2369 4331 2412 4385 si
2434 4331 2658 4399 benigna
2681 4330 2865 4387 mente
2887 4330 3074 4386 futura:
3096 4333 3271 4391 stuulio
3295 4332 3558 4393 mercedis

1979 4401 2181 4471 aliquid
2232 4401 2612 4471 impendatur.
2643 4401 2782 4470 Ergo
2822 4404 3004 4456 datum
3059 4404 3348 4470 accipimus
3392 4404 3442 4456 in
3474 4417 3553 4463 re,

1978 4470 2208 4542 fructum
2255 4470 2318 4524 iu
2363 4473 2544 4526 corde.
2602 4470 2668 4524 Et
2712 4473 2838 4540 quia
2893 4473 3276 4542 discipulorum
3331 4488 3554 4527 suorum

1980 4541 2269 4611 Apostolus
2299 4543 2543 4596 mercede
2565 4547 2744 4610 potius
2770 4559 2933 4611 quam
2963 4541 3184 4596 munere
3216 4545 3552 4611 pascebatur,

1982 4625 2315 4683 nequaquam
2339 4613 2541 4683 datum,
2568 4612 2660 4666 sed
2686 4616 2914 4683 fructum
2936 4628 2995 4666 se
3015 4628 3254 4683 quaerere
3273 4614 3556 4667 fatebatur.

1982 4678 2134 4735 Unde
2173 4678 2237 4735 et
2275 4681 2512 4752 subdidit
2564 4683 2832 4752 protinus,
2866 4678 3055 4752 dicens,
3091 4701 3104 4736 :
3166 4681 3345 4752 {iubeo
3387 4690 3556 4736 autem

1981 4753 2174 4817 omnia,
2235 4760 2285 4806 et
2329 4751 2533 4807 abundo
2568 4750 2602 4822 ⁷(
2628 4751 2823 4822 Philip.
2881 4767 2952 4816 tv,
3006 4751 3133 4822 18).
3177 4750 3562 4807 Prredicatores

1983 4823 2144 4890 igitur
2197 4822 2364 4877 sancti
2413 4823 2526 4891 ipsa
2581 4821 2956 4890 praedicatione
2997 4821 3225 4890 fatigati,
3255 4824 3562 4883 auditorum

1982 4908 2202 4962 suorum
2259 4893 2413 4946 bonis
2476 4893 2729 4962 operibus
2781 4892 2980 4947 debent
3044 4892 3231 4956 foveri,
3285 4893 3425 4947 sicut
3473 4893 3563 4946 ille

1978 4961 2208 5016 faciebat
2232 4963 2321 5030 qui
2344 4961 2627 5033 audiebat:
2663 4961 2874 5016 Viscera
2889 4971 3192 5025 sanctorum
3213 4963 3561 5033 requieverit»:

1977 5048 2069 5102 per
2091 5035 2388 5104 le,[rater(
2416 5032 2636 5087 Philem.
2669 5035 2761 5100 vn)
2784 5049 2798 5099 ;
2823 5034 2908 5087 hic
2929 5049 3092 5104 opere
3113 5037 3255 5104 bona
3284 5032 3428 5086 fotus
3457 5033 3564 5085 l'ue.

1977 5101 2061 5155 iat
2087 5103 2176 5170 qui
2209 5103 2472 5156 iucateua
2527 5104 2778 5170 religatus
2818 5101 3030 5157 dicebat
3073 5121 3086 5156 :
3142 5101 3241 5156 Det
3269 5105 3564 5156 misericor-

1975 5173 2116 5226 diam
2136 5243 2142 5245 Α
2165 5173 2415 5226 Dominus
2462 5171 2768 5244 Onesiphori
2798 5175 2992 5245 domui.
3039 5176 3280 5245 quirsarpe
3307 5190 3386 5226 me
3407 5173 3564 5245 refri-

1972 5243 2186 5314 geravit,
2209 5252 2258 5297 et
2286 5252 2522 5297 catenam
2539 5242 2704 5296 meam
2751 5260 2853 5298 non
2873 5242 3073 5298 erubuit
3118 5242 3325 5314 (LTim.
3354 5259 3410 5309 ιι,
3439 5242 3566 5312 16).

723 5389 1081 5445 EXPUSITIO
1117 5388 1343 5445 SUPER
1379 5387 1758 5444 EPISTOLAM
1801 5389 1858 5446 Β.
1902 5389 2103 5446 PAULI
2142 5393 2475 5448 APOSTOLI
2513 5392 2604 5446 AD
2643 5381 3142 5449 COLOSSENSES.

301 5477 489 5535 CAPUT
527 5480 755 5537 Ριηιιωι.
793 5512 865 5522 -
902 5482 1022 5536 Sive
1075 5483 1268 5543 throni,
1311 5482 1415 5535 sive
1469 5481 1872 5545 dominationes,

375 5551 482 5604 sive
509 5554 842 5622 principatus,
884 5553 987 5605 sive
1032 5561 1328 5622 potestates,
1354 5551 1528 5622 omnia
1569 5569 1658 5622 per
1709 5553 1878 5619 ipsum

377 5620 516 5693 etin
538 5624 650 5693 ipso
676 5620 847 5676 creata
877 5631 997 5676 sunt
1027 5625 1041 5683 ι
1065 5620 1260 5693 Coloss.
1295 5639 1330 5687 ι,
1361 5621 1479 5693 Ili).

381 5690 607 5756 (Mixtiin
626 5708 694 5746 ex
721 5693 863 5748 hom.
889 5693 976 5759 H,
1001 5693 1050 5745 in
1105 5692 1328 5759 Evaisg.,
1358 5709 1410 5745 tt.
1434 5692 1464 5744 1
1495 5706 1707 5760 seq.,ac
1731 5692 1822 5747 lib.
1862 5712 1880 5747 ι

307 5762 364 5815 in
396 5760 618 5826 Ezech.,
650 5764 792 5816 hom.
826 5767 880 5829 8,
912 5779 963 5816 n.
997 5764 1119 5832 20.)
1155 5765 1569 5826 Dominationes,
1614 5763 1844 5832 princip:

312 5839 419 5895 tus,
451 5848 515 5889 ac
549 5841 847 5908 potestates
892 5833 1001 5904 jam
1033 5831 1108 5894 ad
1145 5833 1401 5912 Ephesios
1432 5831 1655 5903 loquens
1683 5831 1882 5889 Paulus

1981 5483 2259 5554 apostolus
2295 5485 2674 5554 descripserat,
2700 5484 2796 5538 sed
2821 5499 2883 5539 ea
2913 5500 3131 5554 quoque
3158 5485 3569 5544 Colossensibus

1982 5553 2227 5626 dicturus
2275 5553 2529 5622 prmmisit
2583 5557 2824 5608 thronos.
2873 5553 2981 5609 [lite
3037 5553 3167 5626 ergo
3209 5557 3436 5612 virtutes
3464 5573 3566 5611 an-

1981 5623 2164 5696 gelica:
2187 5622 2355 5696 throni
2390 5633 2602 5696 vocata:
2635 5634 2760 5678 sunt
2787 5641 2905 5692 qua:
2935 5627 3079 5694 ipsos
3103 5622 3318 5696 (tuoque
3346 5626 3569 5695 angelos

1984 5693 2243 5766 dignitate
2297 5695 2400 5748 loci
2449 5695 2741 5765 superioris
2769 5693 3055 5766 excedunt.
3090 5693 3364 5751 Naui'cum
3389 5693 3566 5766 angeli

1986 5763 2446 5837 mmtiidicautur,
2471 5763 2528 5820 et
2551 5766 2724 5834 angeli
2753 5781 2895 5834 saepe
2923 5765 2992 5820 ad
3024 5765 3390 5822 annuntianda
3420 5763 3570 5837 qua:-

1986 5832 2108 5888 dam
2165 5833 2468 5892 hominibus
2511 5832 2747 5904 veniant,
2779 5832 2962 5894 throni
3007 5837 3155 5893 missi
3207 5837 3273 5892 ad
3331 5832 3571 5895 ministea
