3982 6320
483 355 618 411 1533

1383 349 1726 405 APPENDIX
1768 351 1858 403 AD
1898 351 1956 406 S.
1998 348 2318 406 GREGORII
2359 347 2584 402 Ol'ERA
2626 348 2859 402 ΟΜΝΙΑ.

3626 352 3763 406 1561

479 516 616 569 rium
665 511 836 566 nuntii
886 523 1146 579 nusquam
1179 509 1447 575 leguntur,
1492 507 1747 579 quoniam
1775 506 2066 579 eis_longe
2097 517 2135 565 A
2170 505 2250 558 nis
2295 507 2504 574 positus
2549 506 2763 570 sr-ribit,
2808 506 3035 560 dicens:
3069 505 3376 560 Memorium
3423 516 3574 579 vestri
3628 510 3764 575 facio

478 583 777 638 snblimius.
834 576 1062 636 Creator
1107 581 1344 633 omnium
1379 579 1644 649 praesidet.
1689 577 1837 632 Unde
1858 576 2064 649 ,Paulus

479 655 755 724 apostoius
781 651 995 705 ordines
1025 650 1312 724 agminum
1334 648 1469 724 quos
1512 650 1842 724 ad__tertium
1871 648 2062 724 cadum

479 718 667 792 raptus
717 723 944 788 viderat,
1009 720 1340 783 describens,
1395 720 1472 772 ait
1510 737 1522 771 :
1555 719 1675 774 Sive
1730 720 1922 792 thrani,
1963 718 2066 770 sive

479 789 876 860 dominationes,
893 795 996 846 sive
1015 792 1358 860 principatus,
1387 792 1490 844 sive
1504 798 1798 859 potestates.
1820 789 2066 860 I'liroiios

478 867 640 933 igitur
667 874 791 918 ante
820 857 913 916 eos
952 857 1283 933 angulorum
1293 857 1510 933 ordines
1535 861 1692 924 dixit,
1717 859 1916 933 quibus
1944 857 2065 933 illus

478 928 732 1006 praelatos
771 949 892 987 esse
934 928 1208 1006 cognovit.
1242 930 1444 1006 Throni
1489 931 1672 1006 itaque
1715 929 1801 1006 illa
1851 928 2063 996 agmina

476 999 605 1060 sunt
633 1013 844 1066 vocata,
866 1002 1060 1070 quibus
1083 1002 1146 1052 ad
1175 1001 1536 1054 exercendum
1563 999 1822 1067 judicium
1852 1013 2066 1070 semper

477 1077 818 1145 omnipotens
863 1069 1002 1145 Deus
1032 1071 1296 1145 praisidet.
1324 1070 1456 1145 Quia
1501 1071 1896 1145 enimthronos
1946 1069 2063 1145 elo:

476 1148 605 1215 quio
631 1139 847 1215 'Latino
886 1142 1324 1215 sedesdicimus,
1356 1141 1536 1215 throni
1571 1139 1661 1194 Dei
1693 1140 1822 1215 dicti
1861 1148 1988 1215 sunt
2027 1140 2063 1193 ii

476 1209 568 1284 qui
616 1211 1090 1284 tantaidiviuilatis
1121 1212 1291 1270 gratia
1346 1211 1640 1284 replentur,
1673 1221 1732 1263 ut
1772 1211 1824 1262 in
1850 1209 2061 1284 eis__Do-

475 1280 654 1340 minus
694 1283 884 1338 sedeat
909 1291 963 1334 et
1012 1297 1108 1350 per
1148 1296 1242 1335 eos
1264 1296 1357 1334 sua
1383 1281 1579 1347 judicia
1605 1280 1872 1334 decernat.
1915 1280 2064 1335 Unde

475 1364 531 1410 et
555 1371 652 1424 per
678 1353 1013 1407 Psalmistam
1054 1351 1281 1424 dicitur:
1309 1351 1470 1424 Sedes
1516 1367 1668 1424 super
1695 1351 1952 1416 thronum,
1976 1353 2062 1420 qui

471 1419 678 1496 judicas
721 1424 1041 1496 αειιιιὶῑιιιειιιΔ
1069 1424 1085 1490 (
1111 1421 1252 1474 Psal.
1305 1437 1376 1496 is,
1405 1419 1851 1496 5).-P_l'erumque
1880 1419 2060 1496 autem

475 1491 576 1566 ipsi
605 1491 884 1566 beatorum
915 1492 1198 1566 spirituum
1224 1493 1441 1566 ordines
1467 1491 1762 1566 vicinorum
1793 1492 1892 1545 sibi
1920 1493 2061 1566 ordi-

478 1561 604 1621 num
652 1564 911 1620 vocabula
949 1561 1285 1617 sortiuntur.
1335 1561 1584 1616 Thronos
1638 1563 1804 1625 enim,
1856 1563 2063 1617 scilicet

472 1637 629 1692 sedes
659 1635 772 1699 Dei,
823 1633 1114 1700 specialem
1165 1633 1450 1687 beatorum
1494 1634 1778 1702 spirituum
1818 1632 2060 1687 ordinem

473 1708 724 1767 diximus,
758 1714 813 1759 et
839 1713 1020 1760 tamen
1053 1720 1147 1772 per
1173 1703 1504 1757 Psalmistam
1535 1705 1762 1758 dicitur:
1791 1704 1890 1765 Qui
1917 1703 2062 1756 sedes

473 1792 626 1848 super
655 1776 933 1848 cherubim,
958 1791 1151 1848 appare
1171 1772 1362 1848 (Paul.
1396 1791 1520 1837 Lxx,
1551 1775 1604 1848 9.)
1632 1793 1643 1827 :
1668 1774 1792 1844 quia
1814 1774 2063 1848 videlicet

472 1845 598 1902 dum
648 1850 703 1902 in
761 1846 904 1916 ipsis
945 1845 1384 1916 distinctionibus
1462 1846 1732 1912 agminum
1782 1845 2058 1898 cherubim

471 1893 1230 1998 ῑὴςριιίεκδιῷρήιιιιειιηιίυι,ο
1257 1915 1456 1996 πόθι-θ.
1496 1893 1886 1998 οριίτιιιιηειιιρθι·
1929 1915 2056 1998 che-
2093 1893 2137 1952 Β

470 1989 646 2043 rubim
690 1987 948 2041 Dominus
975 2001 1041 2041 ex
1071 1986 1231 2040 vicini
1261 1986 1490 2051 agminis
1535 1986 1846 2055 aequalitate
1877 1986 2057 2047 perhi-

471 2059 653 2114 betur.
686 2058 982 2116 Sciendum
1015 2065 1099 2109 est
1139 2065 1316 2110 autem
1365 2055 1509 2122 quod
1540 2065 1664 2110 sunt
1687 2056 1931 2111 nonnulli
1961 2055 2058 2108 ho-

470 2130 647 2184 mines
675 2129 764 2200 qui
790 2129 936 2200 dum
957 2126 1301 2200 sibimetipsis
1332 2127 1573 2200 vigilanti
1603 2143 1730 2200 cura
1775 2129 2059 2200 dominan—

471 2208 578 2265 tur,
627 2197 755 2253 dqu
786 2199 1086 2252 intentione
1130 2197 1360 2252 sollicita
1411 2213 1471 2252 se
1515 2197 1826 2261 discutiunt,
1876 2197 2058 2250 divino

470 2270 654 2325 timori
713 2285 926 2338 semper
977 2268 1324 2327 inhvrcntes.
1391 2270 1494 2322 hoc
1541 2269 1595 2322 in
1620 2284 1840 2323 munere
1893 2269 2056 2338 virtu-

471 2343 540 2396 tis
591 2341 742 2410 accip
766 2337 863 2393 unt
917 2347 975 2392 ut
1017 2339 1263 2410 judicare
1318 2348 1465 2394 recte
1521 2348 1592 2410 et_
1629 2341 1765 2393 alios
1827 2337 2056 2408 possint.

472 2408 722 2478 Quorum
765 2410 1009 2479 profecto
1069 2409 1339 2463 mentibus
1389 2411 1516 2463 dum
1563 2408 1743 2462 divina
1804 2417 2061 2479 contem-

473 2482 644 2549 platio
685 2478 882 2551 praesto
905 2489 1006 2544 est,
1031 2479 1192 2551 inibis
1214 2480 1360 2532 velut
1389 2483 1439 2532 in
1469 2481 1661 2534 throno
1682 2495 1780 2534 suo
1803 2478 2061 2551 Dominus

470 2550 790 2622 praesidens,
814 2551 1042 2622 aliorum
1087 2550 1223 2622 facta
1255 2552 1551 2622 examinat,
1577 2563 1638 2622 ιιι
1666 2558 1859 2622 cuncta
1898 2550 2060 2622 mira:

471 2619 652 2678 biliter
693 2622 761 2676 de
789 2636 885 2673 sua
929 2620 1058 2674 sede
1103 2620 1398 2688 dispensat.
1454 2619 1592 2686 Quid
1625 2621 1784 2687 igitur
1838 2620 1925 2682 isti
1957 2621 2057 2673 nisi

471 2692 654 2747 throni
695 2691 773 2745 sui
821 2689 1131 2744 Conditoris
1177 2699 1323 2752 sunt,
1373 2691 1458 2744 vel
1485 2706 1593 2759 quo
1625 2691 1726 2744 nisi
1756 2689 1823 2744 ad
1868 2689 2060 2759 Super-

472 2778 664 2817 narum
695 2760 901 2815 sedium
953 2776 1206 2814 numeros
1257 2761 1616 2824 ascribuntur,
1653 2777 1748 2828 per
1769 2776 1906 2829 quos
1934 2764 2060 2814 dum

479 2840 663 2887 sancta
718 2831 954 2887 Ecclesia
995 2833 1220 2899 regitur,
1253 2831 1571 2900 plerumque
1627 2831 1695 2884 de
1738 2831 2058 2901 quibusdam

472 2903 588 2960 suis
613 2901 838 2957 inﬁrmis
868 2902 1076 2956 actibus
1108 2902 1268 2955 etiam
1293 2902 1452 2956 electi
1471 2902 1813 2969 judicautur?

393 3023 400 3032 ε
472 2992 603 3049 CAP.
635 2993 700 3048 ll.
731 3024 800 3034 -—-
826 2992 910 3045 Ea:
938 3009 1036 3064 quo
1067 3000 1226 3045 totum
1252 3009 1440 3064 corpus
1463 3009 1552 3060 per
1580 3003 1820 3064 nexuset
1845 2993 2060 3062 conjun-

707 3067 901 3119 ctiones
930 3062 1350 3116 subministratur
1381 3062 1601 3133 (Co/oss.
1629 3081 1685 3131 ιι,
1711 3062 1819 3135 19).

546 3158 686 3227 (Lib.
714 3175 749 3223 ι,
782 3159 834 3212 in
863 3156 1083 3223 Etecb.,
1113 3157 1301 3211 homil.
1328 3157 1378 3220 6,
1412 3174 1467 3210 ιι.
1498 3156 1575 3226 8.)
1610 3157 1937 3228 Redemptor
1965 3160 2059 3212 hu-

473 3229 621 3283 mani
643 3230 851 3296 generis
874 3228 924 3280 in
951 3228 1201 3298 membris
1221 3229 1332 3280 suis
1353 3243 1472 3298 quae
1495 3244 1592 3280 nos
1616 3245 1798 3282 sumus
1820 3229 2061 3298 quotidie

473 3295 1198 3369 percussionibusprolicit,
1244 3295 1524 3366 quiadum
1555 3313 1652 3351 nos
1694 3295 1967 3353 tundiinur
2009 3311 2064 3354 et

475 3367 757 3438 alticimur,
791 3376 850 3438 ut
891 3367 1006 3432 ejus
1049 3383 1248 3434 corpus
1277 3382 1394 3421 esse
1440 3383 1767 3435 mereamur,
1801 3370 1911 3436 ipse
1935 3388 2063 3438 pro-

475 3436 606 3491 iicit.
651 3438 725 3490 De
756 3437 908 3504 cujus
935 3452 1166 3506 corpore
1193 3437 1450 3510 scriptum
1484 3446 1566 3492 est
1600 3455 1621 3510 _:
1656 3438 1736 3492 Ea:
1764 3457 1862 3510 quo
1901 3436 2062 3495 totum

473 3525 658 3575 corpus
687 3525 777 3578 per
804 3524 968 3560 nexus
1007 3517 1056 3560 et
1104 3508 1488 3577 conjunctiones
1507 3506 1970 3578 subministratur):
2013 3523 2062 3564 et

473 3587 840 3650 constructum,
867 3578 1046 3630 crescit
1072 3578 1126 3631 in
1149 3591 1475 3648 augmentum
1493 3577 1611 3632 Dei.
1634 3577 1842 3649 Corpus
1867 3580 2062 3650 qui-ipe

471 3649 617 3704 illius
645 3663 742 3702 nos
768 3663 957 3702 omnes
983 3664 1192 3712 sumus,
1228 3663 1322 3717 per
1347 3663 1517 3703 nexus
1546 3659 1724 3703 autem
1757 3658 1812 3704 et
1835 3649 2060 3716 eutquu-

472 3721 681 3774 ctiones
721 3733 915 3787 corpus
945 3719 1156 3790 ligatur,
1201 3719 1329 3790 quia
1347 3722 1474 3771 dum
1502 3719 1663 3788 capiti
1694 3731 1900 3790 pectus,
1935 3723 2059 3775 dum

473 3790 678 3859 pectori
703 3790 941 3856 brachia,
972 3792 1098 3842 dum
1130 3789 1362 3844 brachiis
1388 3805 1596 3856 manus,
1639 3789 1789 3858 digiti
1817 3793 2062 3847 manibus

473 3869 600 3914 sunt
628 3859 932 3927 conjuncti,
967 3874 1029 3913 ac
1068 3859 1308 3912 membra
1341 3861 1550 3914 caeteris
1595 3863 1848 3915 membris
1891 3861 2058 3916 inlun-

471 3940 613 3994 rent,
647 3945 842 4001 corpus
869 3943 1029 3984 omne
1059 3929 1349 3998 perlicitur.
1400 3928 1550 3985 Sicut
1592 3932 1764 3986 sancti
1807 3933 2056 4001 3p0:l0li.

470 4001 597 4067 quia
647 3999 993 4069 Redemptnri
1037 4009 1220 4070 nostro
1252 4001 1536 4069 propinqui
1577 3999 1876 4070 steterunt,
1907 4005 2059 4070 quasi

471 4070 634 4139 capiti
657 4077 844 4141 pectus
859 4068 1091 4124 inhaesit.
1118 4068 1264 4137 Quos
1286 4068 1410 4139 quia
1433 4080 1697 4141 martyres
1719 4068 1888 4126 secuti
1913 4068 2057 4138 sunt,

471 4142 626 4209 quasi
655 4140 940 4208 conjuncta
970 4141 1186 4195 brachia
1220 4142 1425 4210 pectori
1448 4140 1681 4196 fuerunt.
1709 4141 1911 4208 Quibus
1933 4143 2058 4197 dum

471 4221 721 4282 pastores
747 4219 802 4264 et
825 4212 1078 4282 doctores
1103 4210 1373 4282 subjuncti
1415 4222 1568 4276 sunt,
1600 4228 1695 4280 per
1723 4228 1887 4282 opera
1919 4215 2060 4268 bona

471 4280 666 4352 planus
690 4281 922 4352 brachiis
950 4281 1296 4352 inhaeserant.
1331 4280 1444 4336 Hoc
1473 4293 1649 4336 autem
1683 4280 1841 4336 omne
1864 4300 2060 4352 corpus

450 4349 852 4421 Redemptoris
874 4367 907 4404 ιι
933 4351 1041 4403 :stii
1066 4350 1304 4418 quotidie
1328 4367 1424 4419 per
1444 4367 1613 4406 nexus
1639 4361 1693 4406 et
1723 4349 2058 4421 conjunctio-

471 4436 572 4476 nes
599 4420 1033 4479 subministratur
1063 4422 1112 4473 in
1153 4421 1290 4475 caelo
1310 4463 1324 4487 ,
1367 4422 1490 4490 quia
1534 4438 1654 4477 cum
1687 4423 1752 4476 ad
1783 4420 1905 4477 eam
1934 4425 2058 4479 illuc

473 4492 662 4545 electa:
690 4491 880 4544 anima:
911 4491 1194 4550 ducuntur,
1228 4493 1275 4544 ei
1307 4509 1405 4545 sua
1436 4494 1675 4548 membra
1719 4495 2053 4558 colligantur.

471 4560 551 4617 De
580 4573 685 4629 quo
717 4562 852 4615 bene
881 4562 1108 4615 dicitur:
1137 4561 1595 4616 Subministratum
1635 4573 1682 4617 et
1710 4574 2057 4618 constructum

472 4633 654 4686 crescit
696 4634 750 4705 in
781 4641 1108 4705 augmentum
1131 4631 1224 4685 Dei
1267 4633 1487 4705 (1ὺίιί.);
1537 4634 1662 4703 quia
1695 4633 1836 4689 Deus
1881 4636 2056 4689 muni-

470 4711 667 4774 potetis
717 4699 1042 4774 Redeuptnr
1073 4699 1285 4767 uoster,‘
1325 4699 1445 4774 qui
1475 4699 1618 4759 inse
1663 4721 1769 4770 quo
1813 4707 2058 4774 prolicth

475 4790 584 4826 non
615 4773 798 4837 habet,
825 4773 1000 4844 adhuc
1032 4790 1126 4842 per
1150 4773 1389 4828 membra
1416 4791 1511 4828 sua
1539 4775 1777 4844 quotidie
1801 4773 2055 4844 augmen-

472 4854 589 4896 tum
622 4841 973 4916 habetaUude
1004 4841 1212 4899 rat-sum
1244 4845 1501 4914 scriptum
1534 4841 1648 4899 est:
1677 4844 1851 4900 Donec
1879 4841 2056 4899 occur-

472 4929 650 4986 ramus
680 4916 934 4986 antnes_in
969 4917 1129 4986 virum
1156 4917 1458 4986 perfectum,
1485 4917 1539 4969 in
1573 4933 1869 4970 mensuram
1890 4918 2057 4970 aetatis

474 4984 809 5054 plenitudinis
838 4982 1027 5042 Christi
1059 4982 1273 5052 (Ep/tes.
1305 5001 1375 5046 tv,
1421 4985 1532 5056 15).

473 5073 603 5129 Car.
621 5072 707 5129 lll.
723 5105 796 5115 ——
812 5073 951 5133 Nam
972 5077 1065 5128 etsi
1088 5091 1302 5142 corpore
1328 5078 1512 5130 absens
1531 5093 1645 5131 sum
1669 5077 1888 5148 (Coloss.
1904 5093 1958 5143 ιι,
1973 5079 2052 5148 5).

549 5167 626 5234 (Ιιι
652 5167 882 5236 ρχροείῑ.
907 5167 968 5221 Β.
1002 5166 1132 5240 Job_,
1160 5168 1250 5240 lib.
1284 5184 1418 5240 xxx,
1452 5185 1599 5222 num.
1630 5169 1744 5240 3|.)
1789 5169 2054 5224 Praedica-

477 5247 624 5310 tores
649 5240 992 5310 sancti,_dum
1015 5241 1064 5292 in
1094 5237 1348 5294 Ecclesiae
1367 5239 1543 5293 sinum
1564 5237 1804 5310 recipere
1830 5242 2057 5310 pOpulos

477 5308 738 5374 ambiunt,
768 5308 964 5363 ardore
994 5323 1187 5378 magno
1217 5310 1491 5374 succensi,
1524 5308 1757 5365 nunc'ad
1788 5308 1886 5366 bus
1906 5308 2058 5367 nunc

477 5379 544 5433 ad
575 5379 694 5452 illos
719 5379 1052 5452 colligendos
1081 5379 1400 5435 desiderium
1428 5382 1683 5435 mittunt:
1717 5391 1772 5435 et
1800 5398 1896 5452 pro
1926 5382 2054 5436 adu-

479 5449 668 5522 nandis
711 5451 989 5522 animabus
1025 5451 1078 5505 in
1110 5452 1331 5517 modos,
1387 5452 1440 5507 in
1474 5467 1754 5517 numeros,
1787 5449 1850 5506 ac
1878 5461 2056 5522 partes

478 5521 718 5593 diversas
743 5521 1210 5593 esurienti‘mente
1230 5523 1555 5577 discurrunt.
1587 5522 1682 5577 Est
1699 5533 1880 5593 autem
1907 5539 2057 5593 qun-

477 5592 838 5662 damvagatio
878 5592 988 5661 ipsa
1019 5593 1359 5660 cogitationis
1398 5594 1660 5646 :cstuatio.
1696 5592 1894 5648 Paulus
1927 5592 2057 5662 ergo

477 5659 793 5734 praedicatur
826 5659 1072 5734 egregius
1092 5679 1304 5734 ,quani
1342 5664 1512 5717 valida
1544 5666 1803 5734 charitate
1845 5659 2054 5733 ﬂagrat,

481 5739 591 5801 t_am
621 5730 781 5801 nimia
809 5747 877 5785 ex
905 5731 1051 5801 locis
1071 5733 1138 5786 ad
1167 5730 1306 5787 'loca
1351 5749 1410 5787 se
1455 5733 1734 5800 vagatione
1764 5730 2052 5801 permutat.

483 5796 754 5874 Transire
775 5804 839 5851 ad
868 5800 978 5874 alia
1001 5816 1066 5854 ex
1095 5802 1214 5874 aliis
1249 5803 1471 5874 appetit,
1502 5796 1902 5874 quoniam'ipsa
1931 5820 2053 5860 eum

484 5880 602 5932 qua:
632 5867 816 5935 implet
837 5869 1066 5923 Charitas
1097 5867 1345 5939 impellit;
1376 5867 1534 5940 longe
1551 5867 1829 5942 natuquea
1863 5875 2057 5929 Roma-

2169 593 2366 645 remper
2401 579 2456 631 in
2487 579 2808 630 orationibus
2854 579 3000 639 meis,
3052 579 3096 630 si
3140 590 3394 645 quomoao
3423 578 3644 630 tandem
3665 579 3766 630 ali-

2165 648 2370 713 quando
2418 663 2719 716 prosperum
2757 649 2857 699 iter
2883 647 3100 700 habeant
3126 649 3181 700 in
3222 649 3486 701 uoluntate
3533 647 3632 700 Dei
3679 667 3764 702 ce-

2166 717 2342 771 niendi
2373 719 2441 771 ad
2480 735 2568 772 vos
2600 735 2617 770 :
2649 717 2883 770 desidero
2922 719 3059 771 enim
3085 719 3254 771 ridere
3291 735 3380 771 eos
3427 717 3613 781 (Rom.
3639 734 3678 778 ι.
3710 718 3763 780 9,

2167 787 2278 849 10).
2310 789 2571 843 Retentns
2602 786 2818 854 Ephesi,
2845 787 3138 842 Corinthiis
3174 789 3362 842 scribit
3388 808 3400 840 :
3431 787 3574 840 Ecce
3608 792 3761 840 tertio

2167 858 2260 912 hoc
2289 871 2503 927 paratus
2533 875 2644 912 sum
2662 859 2831 911 venire
2858 859 2928 912 ad
2950 876 3035 912 vos
3077 858 3162 929 (II
3193 858 3313 913 Cor.
3338 875 3441 920 xit,
3482 858 3593 921 14).
3624 858 3767 912 Rur-

2167 945 2285 983 sum
2329 929 2526 999 Ephesi
2569 943 2927 990 commorans,
2971 929 3176 984 Galatis
3211 930 3472 999 loquitur,
3522 930 3760 983 dicens:

2176 999 2368 1053 Vellem
2397 1001 2551 1054 modo
2581 1015 2692 1053 esse
2733 1000 2870 1067 apud
2899 1017 3005 1059 vos.
3047 1010 3094 1053 et
3124 1007 3329 1054 mutare
3372 1016 3548 1053 vocem
3593 1017 3764 1052 meum

2168 1069 2365 1140 (Galat.
2420 1087 2492 1135 iv,
2549 1069 2663 1138 20).
2718 1069 2901 1124 Rom-.e
2946 1087 3162 1140 quoque
3211 1071 3458 1124 custodia
3529 1073 3767 1124 carceris

2165 1143 2399 1207 clausus,
2423 1142 2548 1210 quia
2577 1142 2653 1195 ire
2677 1155 2774 1210 per
2796 1139 3140 1206 semetipsum
3163 1143 3226 1194 ad
3248 1139 3628 1209 Pbilippenses
3656 1157 3764 1193 non

2166 1213 2512 1280 permittitur,
2565 1212 2926 1265 transmittere
2974 1228 3032 1265 se
3069 1211 3392 1274 discipulum
3449 1211 3764 1274 pollicetur,

2165 1282 2348 1335 dicens
2379 1300 2392 1334 :
2419 1282 2584 1351 Spero
2620 1283 2674 1335 in
2715 1280 2942 1335 Domina
2981 1283 3126 1347 Jesu,
3181 1281 3504 1336 Timotheum
3551 1283 3656 1334 cito
3687 1297 3765 1332 me

2164 1353 2366 1405 mittere
2392 1353 2461 1405 ad
2485 1369 2592 1413 ros,
2620 1362 2675 1404 ut
2711 1362 2759 1404 et
2785 1369 2878 1422 ego
2899 1353 3030 1406 bono
3052 1354 3226 1406 animo
3252 1355 3376 1418 sim,
3401 1351 3626 1415 coercitis
3653 1366 3766 1414 qua:

2163 1424 2302 1475 circa
2332 1441 2418 1476 vos
2453 1433 2568 1476 sunt
2589 1423 2812 1494 (Philip.
2845 1440 2900 1487 ιι,
2932 1424 3039 1490 19).
3085 1422 3423 1494 Constrictus
3449 1423 3767 1494 etiauivin-

2165 1494 2320 1563 culis,
2353 1508 2514 1563 atque
2550 1492 2763 1560 Ephesi
2786 1503 3061 1559 retentus,
3087 1492 3500 1546 Colossmisibus
3530 1493 3724 1545 scribit
3751 1509 3763 1542 :

2167 1562 2310 1616 Nam
2336 1562 2441 1617 etsi
2479 1581 2692 1634 corpore
2727 1564 2910 1617 absens
2939 1581 3071 1627 sum,
3128 1563 3220 1617 sed
3267 1565 3455 1634 spiritu
3501 1565 3767 1634 robiscuut

2163 1649 2278 1687 sum
2310 1634 2530 1703 (Coloss.
2569 1650 2626 1693 ιι.
2661 1633 2736 1700 5).
2788 1637 2924 1689 Ecce
2952 1635 3223 1698 quomodo
3253 1633 3446 1688 sancto
3485 1633 3769 1686 desiderio

2163 1706 2318 1769 quasi
2352 1715 2592 1772 vagatur,
2622 1705 2706 1758 hic
2731 1721 2960 1774 corpore
2987 1714 3216 1764 tenetur,
3243 1704 3370 1758 illuc
3392 1703 3588 1773 spiritu
3613 1703 3767 1757 duci-

2167 1783 2274 1841 tur,
2303 1785 2356 1829 et
2379 1776 2591 1844 paterni
2622 1776 2822 1830 amoris
2849 1774 3100 1829 allectum
3134 1775 3248 1844 istis
3267 1775 3496 1828 exhibet
3521 1788 3765 1844 ιιι-ωεξη-

2165 1845 2336 1908 tibus,
2362 1843 2417 1900 et
2448 1846 2552 1899 illis
2581 1846 2816 1900 ostendit
2844 1845 3175 1899 absentibus.
3203 1843 3403 1898 Coram
3447 1845 3649 1914 positis
3668 1843 3767 1896 im-

2163 1916 2348 1984 pendit
2375 1931 2564 1984 opera,
2594 1915 2934 1970 audientibus
2962 1915 3214 1985 exprimit
3251 1927 3380 1967 vota
3401 1955 3415 1974 ,
3465 1914 3764 1968 eﬂicaciter

2162 2003 2397 2055 praise-ns
2425 1988 2503 2040 eis
2532 2003 2653 2041 cum
2686 1986 2878 2052 quibus
2904 1996 3051 2048 erat,
3089 2002 3188 2039 nec
3213 1995 3395 2038 tamen
3429 1985 3539 2038 illis
3568 1986 3758 2038 absens

2160 2073 2282 2112 eum
2315 2057 2506 2127 quibus
2533 2073 2640 2110 non
2671 2056 2986 2127 erat.Cujus
3005 2059 3344 2119 vagationem
3369 2055 3574 2109 melius
3599 2069 3761 2122 agno-

2160 2128 2379 2193 scimus,
2402 2129 2446 2180 si
2477 2127 2591 2192 ejus
2617 2126 2792 2180 adhuc
2820 2128 2887 2180 ad
2909 2127 3218 2180 Corinthios
3241 2127 3405 2179 verba
3441 2140 3752 2189 pensamus,

2161 2199 2238 2250 ait
2259 2200 2399 2252 enim
2429 2217 2440 2250 :
2477 2197 2693 2251 Veniam
2724 2198 2792 2250 ad
2819 2214 2925 2257 vos,
2959 2213 3074 2249 cum
3101 2195 3470 2249 Macedoniam
3491 2207 3754 2263 pertrans-

2159 2271 2285 2323 iero.
2329 2273 2463 2321 Nam
2492 2267 2857 2322 Macedoniam
2885 2266 3208 2336 pertransibo
3237 2283 3258 2322 :
3286 2267 3427 2336 apud
3467 2283 3558 2320 vos
3591 2275 3756 2336 autern

2164 2341 2387 2462 {prsitan
2415 2340 2652 2404 manebo,
2699 2348 2789 2390 aut
2829 2334 2987 2390 etiam
3015 2338 3247 2390 hiemabo
3280 2334 3331 2406 (Ι
3355 2334 3462 2390 Cor
3529 2352 3650 2394 xvi.
3683 2335 3755 2398 5).

2209 2411 2585 2462 eroendamus.
2609 2424 2810 2462 omaso.
2841 2423 2960 2462 aute
2987 2409 3056 2462 sit
3085 2409 3184 2461 ista
3216 2410 3450 2462 vagatio.
3481 2404 3629 2459 Ecce
3650 2407 3755 2458 alio

2209 2411 2585 2475 erpendamus,
2609 2424 2810 2479 qmeso,
2841 2423 2960 2478 qua}
2987 2409 3056 2462 sit
3085 2409 3184 2461 ista
3216 2404 3450 2479 vagatio.
3481 2404 3629 2459 Ecce
3650 2407 3755 2479 alio

2164 2480 2376 2534 interim
2409 2476 2756 2543 manetfalio
2801 2476 2870 2533 se
2908 2480 3104 2532 iturum
3136 2478 3408 2547 perhibet,
3454 2487 3622 2541 atque
3648 2476 3754 2528 alio

2161 2550 2494 2605 deﬂexurum
2544 2549 2824 2618 promittit.
2857 2547 2994 2615 Quid
3027 2557 3109 2602 est
3136 2548 3281 2614 quod
3312 2556 3422 2600 tam
3455 2548 3640 2618 anxie,
3665 2561 3763 2614 per

2167 2629 2244 2674 tot
2270 2622 2384 2675 loca
2414 2617 2634 2689 patitur,
2667 2621 2766 2674 nisi
2795 2621 2939 2688 quod
2968 2620 3112 2683 circa
3141 2633 3333 2673 omnes
3355 2633 3463 2672 una
3493 2617 3762 2689 charitate

2163 2688 2596 2758 constringitur?
2639 2689 2890 2744 Charitas
2914 2691 3056 2744 enim
3087 2704 3210 2757 quae
3239 2689 3409 2742 divisa
3443 2688 3602 2740 nnire
3629 2702 3761 2758 con-

2163 2763 2367 2826 suevit,
2413 2757 2575 2815 unum
2608 2777 2703 2816 cor
2733 2760 2878 2815 Pauli
2911 2761 3071 2814 dividi
3113 2775 3208 2828 per
3255 2759 3421 2812 milita
3449 2757 3757 2824 compellit.

2163 2832 2314 2898 Quod
2347 2841 2522 2885 tamen
2553 2840 2702 2886 tanto
2728 2833 2926 2886 arctius
2957 2832 3008 2884 iu
3039 2831 3147 2884 Deo
3178 2830 3412 2897 colligit.
3445 2838 3653 2897 quanto
3683 2829 3760 2880 la-

2165 2912 2268 2972 tius
2296 2918 2392 2972 per
2425 2911 2607 2956 sancta
2649 2903 2914 2956 desideria
2960 2901 3181 2970 spargit.
3214 2900 3569 2972 Prmdicmdo
3598 2900 3762 2972 igitur

2164 2969 2362 3026 Paulus
2390 2973 2503 3025 vult
2532 2973 2689 3027 simul
2734 2975 2912 3025 omnia
2941 2969 3143 3028 dicere,
3176 2969 3410 3024 amando
3441 2969 3555 3021 vult
3603 2969 3760 3022 simul

2162 3059 2354 3098 omnes
2383 3045 2561 3096 videre
2581 3087 2594 3108 ,
2618 3044 2871 3110 quoniam
2901 3051 2955 3097 et
2986 3043 3036 3094 in
3063 3057 3225 3095 carne
3253 3038 3626 3110 permanendo
3644 3039 3762 3110 vult

2163 3115 2414 3168 omnibus
2442 3109 2652 3180 virere,
2681 3121 2735 3167 et
2763 3114 2829 3166 de
2855 3128 3018 3167 carne.
3065 3109 3394 3167 transeundo
3422 3125 3518 3180 per
3545 3109 3757 3164 sacrifi-

2164 3186 2306 3239 cium
2341 3184 2459 3238 lidei
2488 3184 2602 3236 vult
2629 3183 2876 3238 omnibus
2904 3181 3180 3250 prodesse.

2091 3265 2136 3326 C
2165 3275 2293 3331 CAP.
2312 3276 2472 3330 lV.——
2489 3275 2615 3340 Qua)
2635 3284 2753 3329 sunt
2773 3276 3026 3329 rationem
3048 3275 3251 3346 quidem
3285 3274 3530 3346 habentia
3545 3278 3756 3344 sapien-

2238 3350 2382 3401 tiwin
2399 3348 2781 3416 superstitione,
2803 3356 2851 3400 et
2871 3345 3181 3409 humilitate,
3198 3356 3301 3399 etc.
3322 3345 3550 3416 (Coloss.
3569 3363 3624 3406 it,
3644 3346 3754 3412 9.3).

2238 3437 2452 3508 (Regul.
2481 3448 2684 3506 pastor.
2713 3447 2851 3508 put.
2878 3454 2953 3501 ιιι,
2975 3453 3096 3506 cap.
3121 3435 3233 3508 19.)
3263 3435 3374 3491 Nisi
3403 3439 3755 3506 cogitationes

2161 3509 2544 3564 abstinendum
2575 3523 2958 3575 nonnunquam
2983 3508 3249 3575 superbiae
3280 3508 3439 3575 culpa
3476 3509 3753 3575 transﬁge-

2163 3590 2265 3640 rct,
2293 3578 2486 3633 Paulus
2508 3579 2728 3632 minime
2752 3580 2970 3632 dixisset
2995 3597 3008 3632 z
3031 3578 3130 3641 Qui
3153 3595 3257 3632 non
3280 3578 3591 3641 manducet,
3615 3595 3755 3630 man-

2163 3649 2433 3702 ducantem
2471 3666 2574 3703 non
2617 3649 2813 3718 judicet
2859 3649 3036 3708 (Rom.
3063 3665 3169 3711 xw,
3203 3649 3279 3711 5).
3313 3647 3416 3714 Qui
3469 3664 3652 3702 rursus
3691 3648 3756 3700 ad

2162 3721 2297 3772 alios
2326 3720 2568 3790 loquens,
2594 3731 2719 3772 dum
2744 3720 2809 3772 de
2835 3720 3170 3774 abstinentia:
3188 3720 3388 3790 virtute
3409 3719 3751 3784 gloriantium

2163 3787 2428 3858 praecepta
2457 3792 2859 3856 perstringeret,
2888 3791 3129 3856 adjunxit
3153 3807 3164 3841 :
3193 3787 3322 3851 Quae
3353 3799 3476 3841 sunt
3508 3792 3753 3842 rationem

2162 3860 2364 3929 quidem
2395 3861 2634 3914 habentia
2663 3862 2930 3930 sapientia:
2965 3863 3018 3914 in
3055 3861 3424 3930 superstitione
3454 3869 3504 3912 et
3547 3861 3751 3913 humili-

2161 3940 2288 3996 tate,
2318 3941 2492 3986 etnon
2522 3931 2590 3983 ad
2615 3931 2931 4000 parcendum
2961 3931 3184 4001 corpori,
3217 3947 3319 3983 non
3346 3932 3400 3983 in
3433 3931 3635 3984 honore
3661 3931 3752 3981 ali-

2161 4018 2259 4072 quo
2288 4001 2357 4054 ad
2404 4005 2728 4056 saturitatem
2758 4003 2952 4054 carnis.
2996 4000 3109 4072 Qua
3151 4001 3202 4052 in
3237 4017 3296 4054 re
3330 4003 3636 4054 notandum
3680 4009 3754 4053 est

2163 4071 2305 4139 quod
2337 4076 2386 4125 in
2418 4073 2782 4142 disputatione
2807 4086 2904 4125 sua
2942 4071 3265 4142 prtedicator
3286 4073 3543 4140 egregius
3572 4085 3754 4138 super-

2163 4144 2364 4196 stitioni
2387 4141 2621 4212 Speciem
2640 4141 3165 4210 humilitatisjungit,
3181 4141 3302 4210 quia
3318 4142 3450 4193 dum
3477 4142 3751 4210 plusquam

2161 4228 2384 4282 necesse
2399 4223 2481 4267 est
2511 4228 2638 4266 caro
2660 4229 2757 4282 per
2776 4211 3155 4266 abstinentiam
3177 4213 3452 4269 atteritur.
3482 4213 3751 4264 humilitas

2162 4281 2292 4336 foris
2320 4283 2640 4344 ostenditur,
2663 4281 2764 4336 sed
2796 4285 2862 4335 de
2893 4283 2992 4337 hac
3039 4281 3155 4351 ipsa
3188 4282 3499 4335 humilitate
3528 4282 3752 4349 graviter

2162 4351 2385 4407 interius
2411 4356 2735 4420 superbitur.
2769 4351 2834 4405 Et
2857 4352 2955 4407 nisi
2987 4367 3140 4407 mens
3169 4352 3462 4419 aliquando
3496 4367 3564 4404 ex
3596 4351 3756 4404 absti-

2162 4425 2358 4478 nentia:
2404 4429 2599 4477 virtute
2630 4429 2978 4488 tumesceret,
3033 4437 3377 4492 nequaquam
3425 4425 3568 4478 hanc
3611 4425 3754 4475 velut

2162 4495 2302 4548 inter
2328 4507 2520 4562 magna
2543 4496 2734 4547 merita
2765 4492 3062 4548 Pharismus
3091 4507 3360 4562 arrogans
3379 4493 3629 4547 studiose
3662 4509 3752 4562 nu-

2161 4561 2655 4631 uieraret,idicens:
2674 4563 2862 4634 Jejuno
2889 4563 2962 4616 bis
2985 4565 3038 4617 in
3061 4563 3278 4616 sabbato
3308 4561 3752 4631 (Luc.xvtn,12).

2089 4638 2135 4695 Ῐ)
2161 4655 2451 4709 ΟΑΡ.ν.--
2473 4654 2641 4725 Super
2698 4656 2873 4708 omnia
2905 4655 3210 4725 charitatem
3248 4655 3497 4708 habentes
3531 4653 3751 4723 (Galeas.

2841 4739 2916 4787 tu,
2951 4724 3063 4782 14-).

2234 4821 2314 4883 (in
2346 4817 2576 4888 exposit.
2607 4815 2670 4871 B.
2707 4816 2838 4883 Job,
2882 4816 2978 4869 lib.
3010 4831 3198 4878 xxvm,
3230 4831 3378 4888 num.
3415 4815 3535 4885 ιδ.)
3579 4815 3757 4870 Facile

2165 4904 2324 4943 omne
2355 4887 2609 4943 virtutum
2642 4889 2837 4941 bonum
2861 4888 3160 4941 tentatione
3180 4887 3359 4941 cordis
3390 4888 3636 4940 irruente
3660 4889 3755 4940 de-

2163 4961 2406 5020 struitur,
2431 4960 2530 5014 nisi
2553 4959 2619 5011 ab
2643 4958 2841 5011 intimis
2865 4958 2966 5011 lixa
2996 4957 3257 5010 charitate
3285 4957 3576 5011 solidetur.
3605 4955 3758 5010 Unde

2166 5040 2221 5085 et
2251 5029 2447 5083 Paulus
2469 5032 2520 5083 in
2551 5030 2660 5082 suis
2687 5028 3173 5096 prmdicationibus,
3196 5028 3323 5080 dum
3350 5030 3618 5094 quasdam
3652 5027 3757 5080 vir-

2165 5110 2306 5155 tutcs
2337 5100 2721 5154 tentationibus
2748 5108 3077 5168 opponeret,
3109 5097 3250 5152 illico
3296 5099 3503 5151 eisdem
3537 5098 3753 5168 virtuti-

2163 5171 2263 5226 bus
2297 5173 2449 5241 quasi
2492 5171 2760 5238 quoddam
2788 5167 3323 5241 'roburrcharitatetn
3360 5168 3633 5241 adjunxit,
3671 5167 3758 5220 di—

2163 5257 2290 5296 cens
2317 5239 2336 5294 V:
2370 5242 2536 5310 Super
2565 5241 2738 5293 omnia
2774 5249 2942 5292 autem
2975 5240 3101 5310 hac,
3142 5239 3448 5292 charitatem
3481 5239 3749 5300 habentes,

2163 5312 2298 5384 quod
2317 5308 2677 5384 estAv'inculum
2697 5311 3044 5384 perfectionis.
3075 5308 3430 5384 Perlecti0iiis
3456 5313 3606 5384 enim
3632 5310 3751 5384 vin;

2163 5379 2338 5436 culum
2367 5382 2601 5436 Charitas
2628 5379 2841 5446 dieitur,
2873 5383 2997 5451 quia
3028 5388 3188 5434 omne
3231 5379 3433 5433 bonum
3462 5381 3610 5451 quod
3637 5379 3754 5447 agi.

2162 5463 2266 5512 tur.
2293 5453 2539 5506 nimirum
2571 5467 2667 5520 per
2692 5453 2834 5505 illam
2863 5468 2928 5506 ne
2956 5459 3143 5520 pereat
3172 5451 3450 5518 ligatur.A
3474 5461 3750 5505 tentatore

2161 5539 2395 5593 namque
2424 5524 2581 5578 citius
2609 5523 3047 5593 quodlibetropus
3073 5524 3340 5593 evellitur,
3370 5522 3416 5575 si
3447 5529 3689 5577 solutum
3715 5536 3746 5572 a

2159 5591 2371 5648 vinculo
2418 5594 2697 5646 charitatis
2741 5592 3026 5648 invenitur.
3067 5591 3123 5645 Si
3170 5609 3299 5645 vero
3341 5608 3496 5646 mens
3543 5593 3637 5645 Dei
3687 5605 3750 5645 ac

2161 5664 2391 5734 proximi
2438 5664 2728 5719 dilectione
2773 5663 3176 5730 constringitur,
3227 5679 3350 5716 cum
3384 5665 3744 5717 tentatiomun

2163 5743 2342 5789 motus
2369 5735 2420 5789 ei
2465 5735 2714 5793 quaelibet
2765 5734 2958 5802 injusta
3002 5735 3400 5802 suggesserim,
3444 5734 3658 5788 obicem
3685 5747 3746 5785 se

2166 5806 2270 5859 illis
2299 5806 2412 5874 ipsa
2441 5803 2660 5859 dilectio
2689 5805 2938 5874 opponit,
2966 5813 3020 5858 et
3048 5819 3223 5872 prava:
3250 5805 3521 5858 suasionis
3551 5803 3742 5866 undas,

2167 5877 2379 5931 virtutis
2409 5876 2576 5941 ostiis,
2609 5892 2670 5930 ac
2699 5884 2846 5931 veste
2876 5875 3042 5931 intimi
3071 5875 3266 5929 amoris
3298 5876 3514 5942 frangit,
3564 5884 3614 5929 et
3641 5890 3744 5941 per
