3982 6298
229 312 365 367 1565

789 313 1034 372 Αιυιιι
1072 315 1425 372 EXPOSITIO
1459 314 1615 370 NOVI
1654 313 1774 370 TES

1884 345 1950 358 -—
1973 316 2121 375 SUP.
2164 323 2269 378 ΕΡ.
2313 326 2514 382 PAULI
2550 328 2641 383 AD
2678 331 2912 388 THESS.

3347 338 3481 390 i306

227 428 500 507 inspirata:
518 426 1185 507 charitatis‘lortitudinem
1208 431 1544 486 nascentium
1570 430 1797 498 impetus
1820 431 1874 488 Α
1902 443 2027 490 ante
2058 435 2148 491 Dei
2178 439 2367 494 facient
2410 442 2464 496 in
2492 442 2611 497 sinu
2652 444 2845 497 mentis
2875 445 3230 504 abscondunt.
3263 450 3485 507 'lalihns

220 497 474 552 vitiorum
507 499 846 567 reprimendo
868 501 1180 567 compescit.

218 568 349 622 CAP.
388 568 471 623 Vl.
499 566 576 611 —'
594 566 789 622 Μαι-ιιιὶ
816 571 958 633 estis,
989 566 1038 623 et
1065 572 1166 624 vita
1194 583 1360 627 vestra
1395 573 1695 628 abscondita
1721 586 1796 632 est

785 638 1005 713 tColoss.
1032 656 1117 706 ιιι,
1146 641 1224 713 5).

292 709 380 780 (In
407 709 638 788 exposit.
760 708 891 774 Job,
923 711 1014 764 lib.
1045 708 1249 788 v_ut,_'n.
1282 712 1380 779 45;
1426 714 1518 788 lib.
1546 733 1599 775 v.
1627 734 1681 772 ιι.
1715 718 1790 788 9.)

213 779 354 834 Sunt
399 779 638 850 nonnulli
679 779 944 846 justorum
992 782 1084 850 qui
1124 782 1191 836 ad
1230 779 1788 848 comprehendenlnui

211 850 429 904 culmen
468 847 810 918 perfectionis
852 847 1110 917 accincti,
1155 853 1280 907 dum
1329 847 1518 911 altiora
1566 858 1787 914 interius

209 927 495 996 appetunt,
527 921 764 996 exterius
790 933 983 996 cuncta
1011 923 1406 996 derelinquunt,
1430 928 1521 996 qui
1550 943 1607 982 se
1629 931 1788 984 rebus

210 988 414 1046 habitis
443 990 673 1069 nudant,
701 991 872 1060 gloria
894 993 1113 1069 honoris
1137 988 1466 1069 exs-poliam;
1497 1000 1586 1069 qui
1618 1000 1786 1054 inter-

209 1076 405 1130 narum
443 1060 708 1116 desiderio
737 1077 796 1116 se
832 1077 928 1130 per
956 1060 1320 1120 assiduitatem
1349 1060 1790 1125 amici-matroris

205 1129 482 1197 afﬁciunt,
529 1131 726 1186 habere
753 1129 1202 1188 deiexterioribus
1240 1138 1661 1194 consolationem
1692 1159 1789 1197 no-

205 1200 462 1278 lunt,‘qoi
491 1201 705 1278 gaudiis
727 1203 951 1259 internis
977 1205 1103 1258 dum
1134 1218 1313 1278 tuente
1335 1211 1675 1278 apprOpiant,
1709 1215 1788 1266 vi-

205 1270 410 1327 tamin
454 1287 513 1326 se
559 1270 800 1329 funditus
835 1290 1108 1343 corporea:
1154 1270 1524 1334 delectationis
1572 1270 1785 1343 necant.

201 1343 669 1412 qui‘semetlpsos
711 1359 740 1398 a
789 1345 1019 1399 tumultu
1058 1362 1306 1402 curarum
1339 1350 1603 1406 inutilium
1648 1355 1786 1409 sacri

202 1413 355 1467 verbi
393 1412 570 1483 gladio
600 1413 926 1469 mortiﬁcare
974 1432 1080 1471 non
1120 1417 1400 1483 desinunt,
1449 1429 1505 1474 et
1547 1437 1606 1476 se
1646 1427 1787 1478 intus

1838 947 1845 956 '
1889 931 2085 985 mentis
2132 948 2240 1001 quo
2289 933 2633 989 absconditur
2679 931 2874 988 anima.

1903 521 2251 586 natnqueper
2281 512 2504 586 Paulum
2529 513 2757 586 dicitur;
2779 513 2833 566 Μ
2838 517 2972 568 ortui
2995 519 3130 571 enim
3150 521 3290 586 estis,
3310 532 3357 574 et
3378 526 3480 579 vita

1898 587 2064 630 uestra
2093 577 2395 635 abscondita
2440 593 2516 635 est
2555 600 2671 636 cum
2717 583 2918 638 Christo
2956 587 3010 639 in
3057 586 3189 643 Deo.
3240 577 3478 648 Perfecte

1898 664 2127 716 namque
2158 652 2356 704 mundo
2373 653 2509 705 mori
2538 668 2644 704 non
2677 670 2977 720 possumus.
2998 657 3094 710 nisi
3121 659 3257 713 intra
3287 666 3478 720 mentis

1897 729 2092 773 nostra:
2133 720 2417 776 invisibilia
2466 737 2496 774 a
2537 722 2836 779 visibilihus
2873 726 3283 781 abscondamur.
3329 731 3476 786 Sicut

1895 799 2079 869 autem
2110 792 2411 869 sepulcrum
2453 791 2610 869 locus
2629 803 2712 847 est
2749 811 2856 869 quo
2877 795 3232 869 absconditur
3253 813 3470 869 corpus.

1893 861 1964 913 ita
2031 861 2207 933 divina
2265 863 2648 930 contemplatio
2713 861 2979 933 quoddam
3042 861 3363 933 sepulcrutn'
3395 861 3477 926 est

2753 935 2874 988 ima.
2944 935 3106 1002 Quasi
3160 939 3304 992 enim
3353 942 3477 997 huic

1890 1002 2064 1057 adhuc
2094 1003 2291 1058 mundo
2323 1005 2548 1058 vivimus
2568 1044 2584 1068 ,
2617 1021 2737 1059 cum
2769 1014 2947 1060 mente
2992 1006 3122 1061 loris
3152 1007 3203 1060 in
3234 1026 3356 1064 eum
3388 1027 3477 1064 va-

1892 1086 2100 1145 gamur.
2151 1074 2246 1128 sed
2288 1074 2489 1128 mortui
2529 1075 2582 1128 in
2622 1075 2870 1145 sepulcro
2919 1077 3311 1143 abscondimur,
3356 1096 3479 1135 cum

1893 1143 2198 1198 inortilicati
2245 1147 2484 1199 exterius
2527 1146 2578 1198 in
2620 1143 2832 1200 secreto
2877 1147 3349 1213 contemplationis
3397 1152 3475 1205 in-

1899 1223 2063 1288 terna}
2089 1217 2348 1288 celatnur.
2384 1217 2518 1270 llinc
2546 1225 2631 1270 est
2665 1232 2794 1286 ergo
2824 1217 2968 1285 quod
3000 1215 3194 1273 Paulus
3221 1236 3316 1288 per
3343 1237 3475 1276 con-

1895 1285 2295 1357 templationem
2340 1296 2584 1357 mortuos
2613 1295 2668 1341 et
2689 1285 2845 1354 quasi
2892 1289 2943 1341 in
2974 1285 3477 1357 sepulcro—absum-

1893 1354 2033 1410 ditos
2051 1356 2342 1421 discipulos
2368 1356 2589 1418 viderat,
2621 1358 2814 1424 quibus
2833 1354 3048 1412 dicebat
3071 1377 3082 1411 :
3111 1358 3304 1414 Mortui
3334 1363 3472 1414 enim

1893 1427 2037 1489 estis,
2067 1434 2114 1478 et
2145 1426 2246 1479 vita
2267 1435 2434 1479 vestra
2461 1425 2763 1480 abscondita
2792 1439 2866 1482 est
2897 1445 3010 1482 cum
3032 1427 3235 1485 Christo
3260 1432 3314 1484 in
3342 1431 3474 1486 Deo.

207 1516 3476 1548 MM

523 1585 881 1640 liXPOSl'l‘lO
918 1587 1141 1642 SUPER
1184 1589 1571 1647 EPISTULAM
1616 1595 1673 1647 Β.
1717 1594 1917 1650 PAULI
1960 1595 2292 1650 APOSTOLI
2335 1596 2424 1648 AD
2463 1596 3169 1654 THESSALONICENSES.

200 1679 388 1733 CAPUT
419 1677 650 1757 Ριιιιιιιιι.
679 1712 748 1721 -
776 1677 957 1757 Neque
983 1680 1262 1757 aliquando
1291 1684 1477 1757 fuimus
1514 1687 1564 1739 in
1595 1687 1782 1742 adula-
1819 1694 1859 1750 Β
1886 1704 1994 1743 non
2023 1687 2441 1744 dominationem
2469 1689 2740 1757 potentix,
2766 1688 2859 1742 sed
2886 1691 3258 1745 auctoritatem
3282 1699 3474 1746 suadet

533 1752 670 1804 tione
697 1752 948 1804 sermonis
976 1750 1030 1823 (Ι
1062 1750 1240 1808 Thess.
1270 1750 1326 1818 ti,
1354 1755 1430 1826 5).

276 1842 369 1919 (_ln
400 1842 632 1913 expo~it.
753 1843 884 1907 Job,
916 1843 1008 1898 lib.
1040 1861 1350 1919 signum.
1382 1848 1494 1919 56.)
1520 1849 1781 1916 Quoniam

195 1910 572 1982 scriptum'est
606 1931 617 1964 :
654 1910 704 1965 Ν
709 1930 833 2035 e‘que
861 1917 1147 1968 accendunt
1175 1910 1563 1984 lurernamfetv
1577 1931 1775 1989 ponunt

195 2002 317 2035 eum
336 1983 427 2035 sub
453 1983 645 2035 modio.
669 1999 721 2035 se
783 2001 934 2035 super
958 1986 1339 2035 candelabrum
1355 1998 1408 2035 ut
1436 1992 1603 2035 luceat
1617 1993 1775 2035 ηηιηί.

191 2002 317 2038 eum
336 1983 427 2037 sub
453 1983 645 2048 modio,
669 1983 758 2036 sed
783 2001 934 2052 super
958 1986 1408 2050 candelabrum,ut
1436 1983 1603 2044 luceat
1617 1993 1782 2045 omni-

195 2053 319 2120 bus,
350 2056 434 2124 qui
463 2056 517 2107 in
539 2054 689 2108 domo
712 2063 861 2112 sunt;
890 2063 970 2108 et:
997 2054 1087 2109 Sic
1114 2058 1281 2111 luceat
1303 2061 1392 2112 lux
1418 2069 1584 2114 vestra
1606 2079 1781 2116 coram

193 2124 515 2202 flaminibus,
539 2133 593 2177 ut
623 2125 1211 2202 videantppera‘restra
1230 2127 1382 2202 bona,
1415 2140 1463 2183 et
1488 2131 1779 2202 gloriﬁcent

192 2193 418 2269 Patrem
447 2196 804 2269 vestrumhqui
833 2195 885 2249 in
915 2195 1053 2269 caelis
1081 2206 1155 2250 est
1197 2197 1412 2269 (Matth.
1441 2193 1646 2268 v-,'15)';
1678 2203 1778 2256 ali-

191 2266 416 2342 quando
463 2266 636 2320 sancti
666 2265 765 2319 viri
792 2281 990 2342 coram
1037 2265 1339 2342 horninibus
1375 2265 1780 2342 compelluntur

190 2334 340 2408 bona
369 2335 566 2408 facere,
593 2344 687 2408 aut
709 2336 896 2390 eadem
914 2336 1220 2408 hominibus
1241 2355 1335 2393 sua
1369 2334 1773 2408 laeta-narrare,

191 2405 294 2483 sed
327 2405 395 2458 ad
427 2422 548 2483 eum
590 2406 749 2483 linem
779 2407 959 2483 o_tnnia
1006 2406 1299 2483 referentes
1320 2419 1383 2483 ut
1413 2427 1518 2466 non
1549 2413 1648 2483 ipsi
1674 2405 1779 2470 eis-

192 2473 325 2548 _dem
355 2476 625 2548 operibus.
658 2477 752 2548 sed
800 2475 960 2531 Pater
991 2493 1174 2532 eorum
1203 2481 1294 2548 qui
1317 2482 1367 2534 in
1397 2483 1545 2538 cmlis
1570 2473 1657 2538 est
1685 2485 1778 2539 de-

193 2545 665 2623 beat__glorilicari.
691 2546 824 2623 Dum
853 2548 994 2602 enim
1024 2545 1544 2623 sancta'prtcdicant,
1577 2563 1632 2608 et
1662 2555 1777 2623 ipsa

191 2617 523 2691 prtedicatiq
555 2632 744 2691 eorum
785 2618 1011 2673 fortasse
1059 2617 1352 2691 despicitur
1392 2638 1620 2691 quorum
1664 2617 1774 2678 vita

190 2689 454 2760 nescitur.
485 2685 894 2760 Compelluntur
921 2702 1048 2760 ergo
1077 2685 1239 2760 vitam
1271 2685 1424 2746 suam
1449 2693 1656 2749 discere
1675 2737 1689 2760 ,
1718 2705 1777 2750 ut

189 2757 499 2811 auditorum
549 2757 766 2813 socrum
794 2757 1007 2813 valeant
1051 2759 1216 2814 vitam
1255 2769 1495 2825 mutare;
1545 2773 1599 2817 et
1635 2757 1773 2820 facta

187 2843 292 2881 sua
323 2825 562 2882 referunt
593 2837 650 2882 ut
674 2829 1004 2904 venerationi
1049 2830 1186 2904 sint;
1227 2834 1473 2887 venerari
1516 2843 1775 2904 appetunt

189 2907 256 2973 ut
286 2910 596 2952 reverenter
615 2899 937 2973 audiantur.
970 2901 1238 2968 Scriptum
1266 2904 1466 2973 quippe
1493 2899 1620 2958 es't':
1645 2904 1774 2960 Cum

186 2969 786 3044 elevarenturanimalia
817 2970 880 3023 de
925 2980 1098 3044 t_erra_,_
1129 2969 1458 3044 elevabuntur
1496 2978 1691 3044 pariter
1722 2987 1770 3030 et

188 3049 327 3093 rane
353 3037 639 3113 (Ezech.__t,
683 3039 812 3108 l9);
861 3042 984 3113 quia
1018 3041 1262 3096 videlicet
1305 3059 1428 3098 cum
1466 3037 1769 3100 auditorum
1801 3050 1848 3113 ο

186 3118 405 3163 mentes
439 3111 840 3178 pnedieantium
884 3112 1046 3164 vitam
1088 3113 1416 3181 suscipiunt,
1467 3117 1772 3170 necessario

186 3180 386 3246 utique
429 3181 588 3234 etiam
638 3181 745 3234 vim
797 3182 1190 3249 pne-.licationis
1236 3180 1588 3238 admirantur.
1638 3185 1774 3242 llinc

187 3258 279 3325 est
304 3264 433 3325 ergo
460 3250 1005 3325 quodprtctlicatores
1030 3252 1156 3306 boni
1189 3264 1242 3306 et.
1272 3255 1532 3310 honorem
1556 3266 1776 3325 propter

187 3319 490 3394 elationem
504 3319 745 3394 fugiunt,
778 3331 837 3394 et
865 3331 1041 3376 tamen
1067 3326 1325 3394 honorari
1357 3319 1574 3394 propter
1599 3319 1774 3380 imita-

189 3391 398 3465 tionem
431 3391 636 3446 volunt.
669 3390 760 3465 Si_c
789 3393 1038 3465 nimirum
1067 3391 1263 3465 Paulus
1299 3390 1577 3465 apostolus
1614 3397 1775 3452 disci-

187 3462 337 3530 pulis
366 3461 608 3536 loquens,
631 3471 694 3536 _et
723 3463 980 3536 honorem
1012 3462 1163 3536 fugit,
1196 3474 1250 3518 et
1292 3461 1468 3536 tamen
1509 3476 1771 3536 quantum

187 3541 339 3585 esset
366 3532 710 3587 honorandus
738 3534 988 3588 ostendit.
1012 3533 1145 3588 Nam
1176 3550 1294 3589 cum
1325 3532 1772 3592 Thessalonicen-

185 3602 341 3656 sibus
367 3601 570 3676 diceret.
599 3620 612 3656 :
645 3601 827 3674 Neque
863 3603 1001 3658 enim
1040 3605 1316 3675 aliquando
1346 3607 1534 3676 fuimus
1574 3609 1627 3660 in
1667 3627 1775 3662 ser-

187 3688 345 3753 mone
371 3672 708 3754 afuiationis,
739 3672 869 3727 sicut
888 3677 1065 3728 scitis:
1090 3672 1250 3754 neque
1278 3672 1628 3754 inoccasione
1649 3696 1773 3732 ava-

187 3743 352 3808 ritiae,
379 3743 518 3821 Deus
543 3746 819 3821 tes_tis_cst;
847 3755 1064 3821 secutus
1091 3743 1334 3816 adjunxit
1361 3766 1374 3801 :
1399 3748 1776 3821 Neque'requi—

187 3822 364 3889 rentes
392 3815 455 3866 ab
485 3814 776 3869 hominibus
804 3816 1046 3889 gloriam,
1077 3814 1235 3889 neque
1263 3833 1296 3869 a
1325 3819 1483 3889 vobis,
1520 3814 1686 3889 neque
1709 3820 1773 3872 ab

184 3883 335 3959 alii}.
380 3900 500 3959 cum
521 3901 782 3959 possemus
806 3883 954 3940 oneri
981 3903 1090 3959 esse
1119 3887 1278 3959 vobis.
1318 3899 1375 3940 ut
1417 3883 1608 3942 Christi
1649 3907 1774 3959 apo-

184 3955 333 4018 stoli,
356 3954 446 4008 sed
475 3955 598 4026 facti
624 3971 799 4008 sumus
827 3957 1026 4026 parvuli
1054 3957 1108 4010 in
1130 3958 1296 4011 medio
1324 3967 1560 4012 vestrum.

263 4043 394 4098 CAP.
424 4044 486 4099 ll.
509 4077 580 4087 —
609 4044 761 4100 Facti
781 4063 954 4101 sumus
983 4049 1181 4117 parvuli
1207 4050 1262 4102 in
1290 4049 1458 4103 medio
1486 4060 1707 4104 uestrum

761 4117 814 4186 (1
846 4117 1026 4171 Thess.
1049 4135 1103 4181 ιι,
1128 4119 1205 4188 7).

265 4205 346 4279 (In
373 4210 599 4279 exposit.
636 4207 692 4262 Β.
721 4206 842 4279 Job,
869 4209 959 4263 lib.
991 4226 1154 4272 χχιιι,
1191 4226 1335 4264 num.
1364 4211 1460 4271 25;
1493 4210 1584 4265 lib.
1627 4228 1774 4279 χχιιι,

182 4296 243 4332 ιι.
273 4277 344 4354 Ξιβ
369 4295 384 4340 ;
408 4278 496 4354 lib.
526 4295 676 4342 χχιιι,
702 4295 753 4332 ιι.
781 4278 884 4346 24;
917 4280 1005 4354 lib.
1038 4297 1183 4348 xxw,
1217 4300 1266 4335 ιι.
1303 4279 1415 4354 54.)
1441 4282 1562 4336 Veri
1584 4277 1774 4336 doctoé

181 4362 280 4422 res
311 4348 684 4422 humilitatem,
715 4365 834 4418 qua:
858 4351 1108 4422 magistra
1129 4360 1211 4406 est
1232 4348 1471 4406 omnium
1499 4361 1776 4422 materque

180 4420 476 4506 virtutttm,
516 4429 583 4506 et‘
615 4421 1102 4506 loquendopdicere
1142 4432 1221 4506 et"
1241 4422 1470 4503 vivendo
1499 4420 1774 4506 “conaniur
1801 4437 1850 4496 ι)

179 4489 496 4562 ostendere,
531 4495 588 4542 ut
615 4489 844 4557 ea’apud
867 4490 1152 4562 (Περίνθιος
1168 4492 1429 4562 iVeritatis
1460 4493 1580 4562 plus
1605 4495 1770 4548 mori-

179 4560 287 4631 bus
316 4573 477 4631 quam
490 4562 830 4631 sermonibus
845 4561 1145 4630 eloquatur.
1168 4561 1318 4616 Unde
1333 4560 1529 4618 Paulus
1547 4567 1769 4631 loquens

179 4628 770 4702 Thessalonicensibus.
804 4646 924 4702 cum
953 4628 1236 4702 potestatss
1265 4649 1375 4687 suae
1401 4628 1769 4688 celsitudinem

175 4699 551 4775 repressisset,
577 4701 757 4775 dicens
782 4719 792 4752 :
828 4699 939 4754 Nec
957 4699 1244 4775 quarrentes
1259 4706 1329 4763 ab
1351 4704 1638 4758 hominibus
1657 4706 1769 4775 glo-

176 4771 342 4834 riam,
366 4786 526 4844 neque
545 4787 585 4844 Aa
603 4771 761 4844 vobis,
785 4787 944 4844 neque
963 4771 1025 4844 ιφ
1053 4773 1187 4838 aliis,
1209 4791 1320 4828 cum
1343 4791 1604 4844 possemus
1626 4771 1768 4829 oneri

177 4846 317 4907 eese,
349 4848 404 4892 ut
433 4839 622 4916 Christi
646 4839 867 4916 apostoli
891 4841 940 4912 (1
975 4842 1151 4916 Thess.
1182 4861 1248 4907 ιι,
1283 4839 1369 4916 6),
1400 4845 1554 4916 quasi
1579 4847 1769 4900 culmi-

180 4916 269 4964 nis
311 4911 510 4985 proprii
555 4913 884 4985 apostolatus
930 4912 1203 4985 subjunrt
1245 4935 1256 4967 :
1304 4911 1566 4985 Sed'facti
1592 4933 1764 4970 sumus

177 4981 389 5048 parvuli
413 4983 465 5035 in
495 4982 660 5036 medio
690 4991 925 5036 vestrum.
980 4983 1237 5040 Parvulus
1283 4987 1335 5040 in
1379 4981 1554 5040 medio
1579 5000 1763 5041 eorum

179 5051 358 5104 factus
380 5052 570 5116 fuerat,
594 5054 715 5124 quia
732 5054 952 5107 timebat
975 5070 1042 5109 ne
1062 5056 1106 5108 si
1127 5057 1264 5109 inter
1283 5057 1572 5124 discipulos
1593 5057 1764 5110 hono-

179 5129 300 5174 rem
340 5136 447 5197 sua:
475 5123 806 5197 celsitudinis
831 5123 1156 5197 vindicaret,
1185 5123 1486 5197 exemplum
1517 5129 1764 5181 elationis

181 5191 516 5266 ostenderet.
547 5192 789 5266 Timebat
810 5195 1056 5248 nimirum
1084 5211 1151 5251 ne
1176 5197 1299 5251 dum
1321 5191 1421 5251 sibi
1443 5205 1763 5266 potestatem

180 5264 472 5329 pastoralis
497 5264 747 5333 potentiae
767 5273 1046 5334 quaereret,
1070 5281 1198 5334 grex
1224 5264 1467 5322 subditus
1493 5283 1587 5336 per
1605 5268 1763 5321 abru-

180 5340 279 5406 pta
309 5341 659 5406 sequeretur,
691 5343 745 5389 et
773 5336 838 5389 ad
868 5336 1196 5405 impietatem
1218 5347 1512 5406 sequentes
1545 5338 1762 5393 duceret

179 5403 288 5477 qui
305 5402 518 5472 pietatis
552 5405 787 5477 oﬂicium
837 5402 1177 5476 suscepisset.
1210 5402 1401 5462 Pelius
1435 5409 1596 5461 etiam
1627 5423 1762 5477 apo-

181 5474 358 5549 stolus
385 5490 505 5529 cum
531 5475 736 5549 diceret
777 5494 788 5528 :
842 5474 1025 5532 Parati
1048 5495 1243 5548 semper
1265 5479 1332 5531 ad
1353 5474 1762 5549 satisfactionem

179 5545 326 5619 omni
349 5547 692 5619 poscentiuos
720 5549 992 5619 rationem,
1018 5549 1082 5602 de
1103 5545 1164 5602 ea
1189 5565 1303 5619 quae
1332 5551 1388 5603 in
1413 5545 1550 5603 nobis
1575 5557 1650 5602 est
1675 5565 1763 5618 spe

183 5612 242 5684 (ι
273 5612 419 5688 Petr.
459 5631 539 5683 ιιι,
572 5616 692 5686 15);
737 5617 789 5670 in
821 5619 934 5688 ipsa
963 5612 1218 5674 doctrinae
1245 5619 1487 5682 scientia,
1535 5612 1760 5673 docendi

183 5684 499 5753 qualitatem
525 5684 753 5742 asseruit
774 5684 892 5744 esse
915 5689 1252 5755 servandam,
1269 5689 1453 5745 dicens
1476 5709 1489 5743 :
1525 5689 1630 5743 Sed
1649 5706 1764 5743 cum

182 5755 440 5809 modestia
464 5765 512 5810 et
549 5758 728 5812 timore
754 5760 1115 5813 conscientiam
1146 5760 1385 5814 habentes
1411 5759 1615 5814 bonam.
1648 5758 1763 5815 Hoc

185 5834 368 5899 autem
394 5827 538 5894 quod
567 5828 825 5898 discipulo
859 5829 979 5884 Tito
1006 5829 1198 5885 Paulus
1227 5832 1302 5884 ait
1327 5850 1338 5884 :
1373 5830 1606 5899 Prwcipe
1632 5831 1759 5895 hwc,

186 5904 235 5948 et
258 5895 382 5951 doce
406 5913 522 5952 cum
551 5895 930 5970 omni—imperio
959 5899 1009 5968 (1
1035 5901 1264 5993 Tim.‘tv,
1294 5902 1350 5956 ll
1383 5919 1395 5968 ;
1432 5895 1618 5970 Titfu,
1650 5901 1761 5973 15);

1884 1760 2027 1814 vitm.
2059 1758 2190 1815 Cum
2217 1758 2441 1829 imperio
2470 1759 2668 1828 quippe
2695 1759 2922 1813 docetur
2951 1761 3092 1828 quod
3116 1762 3264 1829 prius
3294 1764 3468 1828 agitur

1884 1844 2045 1898 quam
2097 1829 2322 1882 dicatur.
2381 1827 2512 1880 Nam
2568 1827 2821 1882 doctrina:
2874 1827 3138 1883 subtrahit
3196 1827 3464 1894 ﬁduciam,

1884 1897 2101 1969 quando
2139 1897 2466 1969 conscientia
2499 1898 2756 1967 prmpedit
2793 1899 3044 1966 linguam.
3088 1900 3203 1953 Non
3232 1901 3390 1968 igitur
3419 1905 3468 1956 ei

1883 1968 2204 2040 potestatem
2234 1968 2716 2040 elataalocutionis.
2747 1970 2837 2023 sed
2865 1970 3018 2026 bona:
3047 1969 3296 2024 tidur-iam
3339 1972 3468 2026 insi-

1882 2037 2069 2094 nuavit
2088 2040 2334 2094 actionis.
2371 2037 2598 2110 Necesse
2618 2047 2701 2094 est
2726 2053 2854 2110 ergo
2880 2049 2938 2093 ut
2966 2040 3009 2094 is
3030 2042 3115 2108 qui
3140 2049 3332 2110 praeest
3352 2057 3471 2110 quae

1882 2110 2128 2179 exempla
2158 2110 2384 2165 subditis
2413 2109 2646 2178 pra-beat
2678 2109 2906 2164 solerter
2930 2109 3190 2174 attenda’t,
3223 2119 3277 2164 et
3306 2109 3471 2166 tantis

1881 2196 1942 2235 se
1971 2183 2104 2235 sciat
2128 2181 2309 2235 vivere
2329 2180 2543 2249 quantis
2566 2194 2812 2248 pneesse,
2841 2195 2905 2234 ac
2925 2181 3206 2249 vigilanter
3225 2181 3472 2250 inspiciat

1884 2266 1951 2305 ne
1979 2251 2032 2304 in
2077 2267 2142 2305 eo
2171 2251 2313 2320 quod
2342 2250 2596 2317 praelatus
2635 2259 2718 2305 est
2748 2251 3082 2320 intumescat,
3111 2249 3230 2319 jura
3276 2249 3468 2306 debitae

1882 2323 2164 2390 potestatis
2185 2319 2587 2375 immoderatius
2609 2322 2809 2389 exigat,
2842 2337 2905 2374 ne
2921 2319 3009 2389 jus
3031 2321 3323 2390 disciplina:
3352 2339 3469 2376 nnt-

1882 2400 2023 2445 tetur
2068 2392 2121 2445 in
2169 2391 2402 2459 rigorem
2452 2391 2734 2459 superbiae,
2785 2399 2840 2444 et
2869 2392 3008 2445 unde
3055 2407 3085 2444 a
3117 2392 3468 2460 perversitate

1878 2461 2121 2516 subditos
2161 2461 2483 2529 restringere
2513 2468 2726 2530 poterat
2769 2459 2892 2514 inde
2938 2459 3464 2530 magisintuentium

1879 2533 2042 2588 corda
2074 2539 2376 2599 pervertat,
2410 2545 2477 2584 ne
2505 2529 2614 2584 dux
2641 2531 2930 2599 impietatis
2959 2547 3055 2600 per
3083 2529 3318 2585 ol'licium
3347 2533 3464 2586 exi-

1876 2610 2001 2656 stat.
2035 2601 2152 2655 Dux
2172 2609 2254 2655 est
2282 2602 2424 2655 enim
2456 2601 2652 2670 impius
2675 2602 2766 2670 qui
2787 2615 2884 2670 per
2912 2610 3176 2655 tumorem
3201 2618 3230 2654 a
3254 2602 3466 2656 tramite

1878 2673 2120 2726 veritatis
2148 2671 2448 2733 exorbitat;
2482 2678 2538 2726 et
2579 2672 2704 2726 dum
2735 2672 2848 2740 ipse
2878 2671 2930 2725 in
2969 2685 3206 2741 pratceps
3231 2673 3368 2735 ruit,
3399 2673 3466 2726 ad

1876 2743 2100 2811 abrupta
2126 2753 2413 2810 sequentes
2438 2741 2631 2812 invitat
2651 2741 2741 2810 qui
2761 2755 2858 2812 per
2882 2741 3128 2811 exempla
3154 2742 3378 2797 tumoris
3406 2758 3466 2798 se

1875 2813 2223 2881 sequentibus
2252 2816 2392 2865 viam
2421 2811 2657 2866 ostendit
2677 2811 2898 2866 erroris.

1873 2901 2002 2958 CAP.
2029 2901 2114 2956 Ill.
2144 2934 2215 2945 --
2246 2902 2511 2957 Voluimus
2536 2905 2706 2973 venire
2733 2903 2802 2955 ad
2822 2919 2930 2966 vos,
2962 2903 3054 2956 sed
3088 2903 3351 2973 impedivit
3371 2920 3464 2957 nos

2298 2973 2530 3044 satanas
2556 2972 2615 3044 (Ir
2634 2972 2812 3026 Thess.
2839 2989 2909 3038 ιι,
2951 2973 3053 3044 18).

1951 3042 2289 3115 (lnexposit.
2338 3043 2398 3096 Β.
2444 3041 2569 3107 Job,
2609 3043 2698 3115 lib.
2749 3060 2914 3108 xxvii,
2961 3041 3108 3115 num.
3158 3041 3272 3115 55.)
3312 3043 3466 3115 Saepe

1878 3113 2259 3183 praedicatores
2305 3115 2475 3168 sancti
2505 3112 2763 3182 quosdam
2791 3114 3065 3168 exhortari
3111 3112 3320 3176 volunt,
3370 3112 3464 3169 sed

1879 3192 2185 3252 nequeunt;
2218 3199 2360 3245 szepe
2389 3184 2658 3238 declinare
2686 3185 2942 3251 quosdam
2966 3192 3245 3252 appetunt,
3276 3185 3368 3238 sed
3394 3193 3468 3239 ta-

1879 3269 2000 3308 men
2047 3256 2272 3308 internte
2302 3254 2662 3321 instigationis
2690 3255 2922 3323 impulsu
2948 3253 3225 3309 exhortari
3258 3269 3352 3308 eos
3377 3256 3462 3309 ir.-

1877 3325 2203 3379 stantissime
2228 3324 2638 3392 compelluntur.
2679 3323 2838 3378 Certe
2867 3340 2989 3379 cum
3025 3325 3340 3378 vestimenta
3364 3341 3462 3380 sua

1878 3393 2076 3449 Paulus
2106 3395 2404 3459 excutiens,
2435 3410 2462 3447 a
2492 3394 2784 3448 Corinthiis
2807 3394 3084 3449 discedere
3112 3393 3291 3458 vellet,
3317 3396 3466 3448 audi-

1876 3465 1953 3519 vit
1977 3482 1988 3517 :
2030 3465 2156 3520 Noli
2179 3468 2375 3532 timere,
2399 3465 2490 3518 sed
2509 3467 2716 3536 loquere
2734 3475 2783 3518 et
2805 3481 2869 3518 ne
2889 3474 3078 3537 taceas,
3103 3473 3310 3534 prapter
3331 3467 3465 3537 quod

1875 3552 1968 3604 ego
1999 3545 2161 3590 tecum
2196 3553 2340 3601 sum,
2365 3544 2413 3588 et
2442 3534 2590 3589 nemo
2621 3543 2907 3605 apponetur
2931 3534 3052 3602 tibi,
3083 3545 3139 3588 ut
3166 3534 3352 3590 noceat
3375 3546 3422 3589 te
3446 3553 3462 3597 ;

1877 3608 2117 3676 quoniam
2141 3607 2329 3660 multus
2352 3615 2427 3660 est
2457 3606 2583 3660 mihi
2603 3605 2819 3674 populus
2848 3606 2903 3658 in
2944 3606 3040 3658 hac
3082 3607 3285 3659 civitate
3324 3606 3459 3728 SAct.

1877 3691 2025 3728 xvnt.
2054 3677 2130 3728 9i.
2162 3675 2366 3728 Rursus
2393 3692 2513 3728 cum
2547 3676 2612 3728 ad
2643 3675 3147 3728 Thessalonicenses
3168 3677 3244 3728 ire
3263 3692 3331 3728 vo
3359 3677 3458 3728 uis.

1877 3691 2025 3741 xvnt,
2054 3677 2130 3745 9).
2162 3675 2366 3729 Rursus
2393 3692 2513 3730 cum
2547 3676 2612 3729 ad
2643 3675 3147 3730 Thessalonicenses
3168 3677 3244 3729 ire
3263 3675 3458 3730 voluis.

1876 3755 1978 3806 set,
2003 3755 2058 3800 et
2080 3755 2322 3800 retentus
2351 3754 2453 3809 est,
2487 3745 2671 3800 dicens
2696 3762 2708 3796 :
2749 3745 3017 3799 Voluimus
3055 3747 3226 3799 venire
3255 3748 3324 3798 ad
3351 3763 3457 3808 vos,

1874 3829 1972 3885 ego
2000 3816 2200 3886 quidem
2235 3814 2434 3886 Paulus
2453 3855 2468 3880 ,
2497 3824 2545 3869 et
2566 3817 2723 3870 semel
2748 3823 2796 3869 et
2829 3815 3012 3868 iterum
3030 3854 3043 3875 ,
3085 3816 3176 3870 sed
3201 3815 3459 3886 impedivit

1877 3884 1970 3939 nos
2001 3884 2252 3940 Satanas.
2283 3884 2466 3954 Neque
2478 3886 2618 3957 enim
2644 3901 2740 3955 per
2761 3887 3109 3957 semetipsum
3137 3884 3298 3940 Satan
3327 3901 3460 3957 pra:-

1876 3957 2062 4025 pedire
2090 3957 2202 4009 vias
2230 3957 2362 4010 tanti
2393 3956 2619 4024 apostoli
2654 3955 2849 4026 potuit,
2876 3956 2972 4009 sed
2992 3957 3216 4010 occullte
3243 3955 3458 4026 dispen-

1877 4027 2097 4081 sationis
2127 4027 2310 4080 usibus
2335 4026 2462 4079 dttm
2490 4025 2888 4089 adversabatur,
2916 4026 3158 4080 nesciens
3185 4025 3457 4082 deservie-

1878 4096 2004 4150 bat:
2032 4107 2088 4150 nt
2113 4097 2364 4150 nimirum
2382 4093 2602 4164 Paulus,
2629 4098 2752 4150 dum
2769 4096 2835 4151 ad
2851 4098 2986 4151 alios
3003 4095 3163 4150 vellet
3176 4097 3456 4158 accedere.

1881 4182 1980 4221 nec
2008 4167 2212 4220 valeret
2241 4168 2318 4220 eis
2346 4182 2375 4219 ιι
2404 4167 2597 4234 quibus
2626 4182 2730 4220 non
2761 4175 2975 4236 poterat
3005 4167 3258 4220 recedere
3285 4168 3458 4236 aptius

1880 4239 2177 4307 prodesset.
2231 4237 2321 4292 Sic
2342 4251 2471 4306 ergo
2501 4238 2884 4306 praedicatores
2910 4237 3079 4291 sancti
3107 4237 3456 4304 gubernantis

1879 4323 2040 4361 manu
2068 4308 2158 4361 Dei
2199 4307 2264 4361 ad
2295 4322 2359 4361 ea
2383 4322 2503 4376 quae
2533 4323 2638 4362 non
2683 4315 2944 4377 appetunt
2977 4308 3266 4372 ducuntur,
3297 4315 3458 4374 atque

1880 4379 1947 4432 ah
1974 4377 2204 4446 impulsu
2233 4393 2331 4432 suo
2361 4378 2553 4432 iterum
2583 4378 2927 4446 gubernantis
2953 4394 3111 4431 manu
3135 4378 3448 4432 retinentur.

1876 4448 2174 4516 divinisque
2217 4449 2430 4504 nutibus
2477 4449 2674 4502 subditi
2725 4459 2995 4517 nequeunt
3041 4451 3260 4518 explere
3309 4448 3456 4516 qut-tl

1876 4519 2082 4584 volunt,
2112 4528 2166 4573 et
2197 4519 2296 4572 nisi
2324 4535 2430 4588 quo
2458 4520 2706 4572 voluntas
2735 4519 3084 4586 gubernantis
3120 4533 3214 4573 eos
3243 4518 3460 4572 duxerit

1876 4589 1955 4642 ire
1985 4605 2318 4659 nequaquam
2349 4597 2592 4657 possunt.

1876 4659 1998 4714 CAP.
2037 4659 2120 4712 IV.
2149 4657 2221 4701 -ξ-
2251 4659 2379 4722 Qute
2405 4670 2481 4719 est
2510 4661 2644 4712 enim
2681 4674 2794 4728 spes
2821 4669 3000 4713 nostra
3019 4701 3032 4725 ,
3063 4667 3150 4712 aut
3175 4657 3417 4728 gaudium
3437 4697 3451 4719 ,

1945 4740 2033 4852 (ἵν
2074 4747 2271 4852 caram;
2305 4730 2521 4838 glqrite?
2561 4746 2732 4783 nonne
2773 4746 2862 4784 vos
2909 4739 3028 4782 ante
3069 4728 3348 4781 Dominum
3397 4728 3456 4800 (1
3487 4776 3489 4778 .

2005 4817 2125 4852 ρηεε.
2159 4817 2214 4852 ιι.
2283 4804 2335 4852 9)
2370 4843 2378 4852 .

2005 4802 2125 4854 ’ms.
2159 4817 2214 4856 tt.
2247 4802 2387 4868 19)?

1943 4867 1986 4939 χῖ
2013 4893 2023 4920 ι
2053 4870 2281 4940 exposit.
2310 4867 2368 4923 Β.
2400 4869 2500 4924 Job
2525 4913 2540 4936 ,
2565 4870 2656 4923 lib.
2691 4887 2738 4923 χι
2767 4913 2782 4937 ,
2815 4886 2962 4924 ιιιιιιι.
2987 4869 3112 4937 9:2.)
3146 4867 3340 4940 Magna
3369 4882 3456 4922 eSt.

1871 4938 2032 5008 gloria
2073 4938 2409 4996 sacerdotum
2447 4942 2726 5006 rectitudo
2754 4941 2852 4994 sub
2875 4941 3107 4993 litorum.
3137 4938 3286 4992 Sicut
3313 4938 3451 4992 bene

1871 5014 2113 5078 egregius
2156 5011 2470 5080 praedicator
2519 5011 2790 5080 discipulis
2829 5011 2992 5065 dicit:
3046 5009 3173 5073 Quae
3199 5018 3275 5061 est
3312 5008 3449 5064 enim
3489 5055 3491 5058 .

1869 5097 1982 5148 spes
2011 5092 2210 5146 nostra,
2241 5091 2328 5134 aut
2371 5081 2646 5151 gaudium,
2679 5093 2766 5134 aut
2799 5098 2990 5135 corona
3026 5080 3243 5151 gloriae?
3275 5094 3450 5151 nonne

1869 5168 1956 5204 vos
1977 5163 2095 5204 ante
2117 5149 2436 5205 Dominum?
2464 5152 2569 5206 Sed
2596 5167 2715 5205 eum
2739 5149 3045 5206 sacerdotes
3065 5149 3446 5217 discipulorum
3492 5203 3494 5206 ,

1870 5225 2031 5275 vitam
2062 5223 2353 5291 negligunt,
2385 5230 2440 5276 et
2466 5223 2668 5277 nullum
2695 5223 2760 5276 de
2783 5221 3110 5293 profectibus
3130 5235 3315 5293 eorum
3337 5220 3447 5293 fru-

1871 5300 2012 5346 ctum
2043 5304 2166 5345 ante
2194 5293 2477 5346 Dominum
2505 5293 2700 5356 lerunt,
2728 5291 2852 5360 quid
2881 5291 3026 5345 aliud
3053 5306 3211 5360 quam
3239 5291 3448 5358 inglorii

1868 5363 1974 5417 dici
2005 5364 2269 5431 possunt?
2296 5361 2432 5429 Quia
2459 5371 2584 5417 ante
2603 5362 2898 5417 districtum
2927 5361 3168 5416 iudicem
3195 5362 3446 5414 nimirum

1867 5433 2092 5501 gloriam
2108 5441 2237 5488 tunc
2255 5449 2361 5486 non
2387 5433 2660 5488 inveniunt
2680 5447 2839 5501 quam
2859 5432 3016 5486 modo
3035 5433 3086 5486 in
3112 5431 3446 5486 subditorum

1867 5518 2084 5556 suorum
2116 5504 2353 5559 moribus
2381 5504 2781 5573 praedicationis
2802 5503 2979 5556 studio
3009 5519 3114 5556 non
3142 5502 3442 5570 requirunt.

1867 5593 1997 5650 CAP.
2026 5595 2168 5649 V.—
2191 5595 2361 5651 Nemo
2381 5605 2642 5651 moveatur
2660 5597 2713 5649 in
2739 5594 3151 5651 tribulationibus
3173 5594 3323 5648 istis:
3344 5594 3445 5664 ipsi
3477 5646 3480 5648 ν

1923 5667 2059 5719 enim
2088 5669 2228 5721 scitis
2252 5667 2387 5739 quod
2410 5669 2466 5722 in
2505 5668 2600 5722 hoc.
2628 5667 2781 5736 positi
2809 5683 2979 5720 sumus
3003 5663 3057 5737 (Ι
3086 5665 3264 5719 Thess.
3290 5666 3390 5734 ιιι).

1941 5758 2018 5823 (ln
2059 5757 2288 5828 eitposit.
2330 5760 2390 5813 Β.
2423 5757 2562 5822 Job,
2596 5761 2686 5813 lib.
2722 5775 2841 5822 χιιι,
2891 5776 3038 5814 num.
3084 5758 3186 5822 l8;
3239 5757 3332 5812 lib.
3366 5773 3443 5812 tu.

1866 5845 2011 5882 num.
2044 5828 2174 5897 40.)
2213 5828 2425 5884 Fideles
2461 5841 2662 5884 sancta:
2702 5831 2956 5886 Ecclesia:
2985 5831 3154 5884 hostis
3195 5829 3444 5895 antiquus
3483 5871 3490 5875 _

1865 5914 2077 5970 semper
2099 5901 2208 5959 suis
2238 5900 2429 5955 ictibus
2457 5901 2684 5970 impetit,
2713 5917 2911 5969 eos'lue
2939 5901 3051 5958 suis
3079 5897 3440 5971 percussioni-
