3982 6324
110 322 235 377 1575

780 319 1023 375 Αιυιινι
1064 316 1417 374 EXPOSITIO
1451 313 1612 371 NOVl
1648 311 1844 369 TEST.
1868 341 1937 352 —
1965 310 2115 369 SUP.
2156 312 2265 370 EP.
2305 315 2397 370 AD
2432 315 2661 374 TIMOT.

3210 315 3348 370 15ῖῶ

104 443 179 487 est
217 434 273 485 in
320 447 496 497 carne,
518 430 859 501 justiﬁcatttm
887 437 965 485 est
988 432 1042 484 in
1066 432 1284 501 spiritu;
1314 428 1553 501 apparuit
1580 443 1676 501 au-
1706 430 1754 489 Α
1779 423 2098 501 versationis
2122 441 2248 501 usus
2282 427 2647 484 indesinenter
2667 427 2914 501 destruit,
2945 428 3135 484 divina:
3161 428 3349 501 admo-

104 503 249 577 gelis,
272 499 617 577 prwdicat’um-
636 510 712 553 est
735 502 990 577 gentibus,
1012 499 1261 577 creditum
1286 499 1364 577 est
1384 501 1435 552 in
1464 499 1677 577 munda,

106 569 422 641 assumptum
478 582 554 624 est
598 572 651 623 in
706 569 893 641 gloria.
926 571 1026 638 Qui
1066 572 1225 638 igitur
1270 569 1679 641 dispensationis

107 639 438 714 mysterium,
466 639 753 714 postquam
783 643 1093 714 apparuisse
1129 640 1332 714 angelis
1359 639 1520 702 dixit,
1545 655 1682 714 pra:-

104 709 339 767 dicatum
364 709 485 766 esse
512 712 761 778 gentibus
782 710 1015 765 subdidit
1046 728 1060 764 :
1095 710 1405 776 angelorum
1436 709 1679 779 profecto

106 782 324 838 nomine
354 781 731 849 praedicatores
776 793 1010 845 sanctos,
1061 780 1113 834 id
1151 790 1234 836 est
1267 780 1507 835 veritatis
1544 797 1681 833 imu-

106 854 228 919 tius,
252 852 568 920 designavit.

162 941 295 996 CAP.
321 940 407 995 Vl.
437 972 508 984 -—
535 937 1129 1082 Nemflagolescenziézpt
1166 951 1305 996 tuam
1337 950 1628 995 contemnat

793 1029 881 1065 tm.
906 1027 979 1076 tv,
1100 1052 1115 1066 .

793 1029 881 1065 tm.
906 1027 979 1076 iv,
1006 1027 1115 1076 η).

174 1101 315 1173 (Lib.
350 1118 390 1165 ι,
421 1102 473 1156 in
504 1100 722 1173 Ezech.,
747 1105 892 1156 hom.
920 1103 971 1164 2,
1001 1120 1054 1158 ιι.
1079 1103 1133 1168 5,
1162 1112 1218 1158 et
1257 1103 1446 1171 Regni.
1474 1111 1678 1171 pastor.

105 1172 240 1244 part.
274 1189 352 1236 ιιι,
382 1189 503 1242 cap.
530 1172 644 1242 ιὶέἰ.)
668 1173 800 1227 Cum
829 1178 1000 1244 prima
1026 1186 1148 1228 sunt
1172 1173 1684 1244 adolescentiamqvel

106 1242 399 1313 iuventutis
432 1255 627 1298 nostra:
666 1242 926 1312 tempora,
960 1244 1113 1298 nobis
1155 1245 1330 1299 adhuc
1366 1242 1682 1298 cessandum

105 1312 186 1369 est
224 1329 256 1366 a
303 1313 702 1382 prazdicatioue,
742 1327 842 1368 nec
889 1314 1144 1368 debemus
1189 1314 1240 1367 in
1282 1312 1488 1367 inlirma
1526 1322 1687 1366 aetate

105 1383 421 1468 pradicare,
449 1384 575 1451 quia
600 1399 791 1468 seruio
821 1384 1076 1437 doctrinae.
1114 1399 1251 1465 .non_
1286 1389 1541 1468 suppetit,
1585 1383 1685 1436 nisi

106 1451 156 1509 in
204 1457 440 1522 perlecta
492 1463 671 1508 aetate.
720 1451 1008 1522 Quousque
1042 1454 1184 1508 enim
1237 1451 1431 1506 inlirmi
1478 1467 1683 1515 sumus,

106 1524 387 1579 continere
416 1540 514 1578 nos
565 1527 703 1578 intra
749 1524 1104 1593 nosmetipsos
1149 1523 1425 1586 debemus,
1452 1537 1519 1593 ne
1562 1522 1686 1575 dum

104 1604 294 1650 tenera
324 1594 464 1648 bona
494 1595 651 1649 citius
677 1592 1024 1653 ostendimus.
1050 1594 1388 1658 amittamus;
1416 1592 1481 1646 ad
1505 1607 1686 1646 exem-

146 1667 256 1717 lum
286 1679 415 1733 ergo
448 1681 551 1718 non
574 1674 699 1718 sunt
718 1664 1066 1727 ostendenda,
1091 1664 1191 1719 nisi
1219 1678 1336 1731 quae
1366 1672 1490 1716 sunt
1513 1663 1686 1733 lirtna.

129 1735 246 1788 linc
274 1731 434 1788 etiam
476 1751 570 1803 per
598 1734 882 1802 quemdam
933 1734 1239 1798 Sapientem
1278 1733 1473 1789 dicitur
1506 1731 1686 1786 :Adoo

101 1807 321 1867 lescens,
355 1794 558 1874 loquere
584 1794 638 1856 in
679 1814 767 1858 tua
795 1821 954 1869 causa
980 1794 1064 1859 via:
1091 1822 1108 1859 :
1137 1812 1186 1859 et
1213 1805 1258 1858 si
1296 1804 1374 1858 bis
1401 1806 1690 1872 interroga-
1722 1794 1766 1852 Β

106 1886 186 1928 tus
218 1876 401 1945 fueris,
434 1874 617 1928 habeat
644 1876 848 1929 initium
875 1877 1137 1945 responsio
1167 1886 1253 1928 tua
1279 1874 1490 1943 (Ezech.
1519 1889 1684 1945 xxxii,

108 1944 225 2015 tu).
254 1944 386 1997 Cum
429 1961 557 1999 vero
582 1960 678 2014 per
707 1945 925 2007 Paulum
952 1944 1236 2000 Timotheo
1276 1945 1537 2011 discipulo
1558 1944 1689 1999 dici-

106 2026 197 2069 tur
230 2033 243 2067 :
278 2015 419 2070 Praei
431 2016 515 2084 ipe
535 2027 583 2069 et
616 2015 765 2083 doce,
795 2028 944 2069 nento
974 2016 1371 2070 adolescentiam
1398 2023 1538 2067 tuam
1566 2031 1689 2068 con-

108 2092 324 2151 temnat,
348 2086 622 2140 sciendum
652 2089 806 2141 nobis
828 2094 911 2140 est
936 2087 1187 2153 quoniam
1216 2086 1269 2139 in
1299 2100 1452 2139 sacro
1474 2084 1689 2153 eloquio

106 2156 400 2223 aliquando
421 2155 778 2210 adolescentia
797 2157 1050 2223 juventus
1078 2164 1321 2210 Vocatur.
1354 2154 1504 2221 Quod
1534 2155 1692 2209 citius

107 2227 445 2281 ostendimus
472 2226 514 2279 si
531 2225 834 2281 Salomonis
866 2226 932 2279 ad
963 2227 1195 2280 medium
1226 2228 1388 2280 verba
1417 2223 1692 2293 proferan-

107 2305 216 2368 tu_r,
258 2296 353 2368 qui
406 2296 526 2368 ait:
568 2296 793 2368 Lattare,
837 2298 1063 2368 juvenis,
1111 2298 1166 2349 in
1209 2296 1552 2350 adolescentia
1606 2303 1693 2368 tua

111 2364 319 2434 (Eccle.
353 2382 428 2430 XI,
458 2367 536 2435 9).
568 2366 623 2420 Si
655 2367 795 2421 enim
838 2364 1004 2420 unum
1055 2377 1280 2435 utraque
1310 2380 1428 2420 esse
1471 2380 1576 2420 non
1615 2364 1693 2419 di-

110 2447 413 2496 scerneret,
453 2452 611 2505 quem
655 2438 905 2491 monebat
945 2438 996 2491 in
1045 2437 1402 2491 adolescentia
1443 2435 1695 2501 juvenem

113 2522 225 2560 non
258 2518 496 2561 vocaret.
527 2507 675 2573 Quos
703 2508 860 2575 igitur
889 2522 920 2562 a
966 2506 1357 2571 praedicationis
1400 2505 1577 2560 oflicio
1610 2505 1697 2558 vel

112 2576 475 2645 impenectio,
524 2579 606 2630 vel
649 2586 779 2632 tetas
828 2578 1107 2646 prohibet,
1142 2585 1197 2631 et
1247 2587 1425 2629 tamen
1475 2575 1699 2642 impellit

114 2647 497 2717 praecipitatio,
543 2663 662 2701 cum
694 2648 953 2717 arripiunt
1002 2648 1374 2716 intempestive
1415 2646 1558 2717 quod
1588 2661 1696 2699 non

112 2716 334 2781 ialent,
394 2717 625 2781 pendunt
676 2716 836 2772 etiam
893 2719 1034 2786 quod
1089 2717 1310 2784 imple-re
1374 2716 1699 2785 quandoque

112 2787 438 2856 tempestive
486 2789 827 2856 potuissent:
861 2797 985 2843 ante
1033 2787 1425 2858 perfectionem
1470 2787 1695 2855 alarum,

111 2858 257 2913 unde
280 2859 360 2912 ire
389 2858 612 2928 cupiunt
638 2859 686 2911 in
710 2857 819 2911 alta
845 2858 971 2913 inde
998 2856 1313 2927 merguntur
1333 2857 1385 2911 in
1413 2856 1542 2911 ima.

111 2947 247 3004 (3η.
279 2948 394 3002 νιι.
431 2980 505 2989 —
556 2947 742 3002 Manus
795 2950 894 3003 cito
935 2949 1129 3002 nemini
1172 2948 1498 3018 imposueris,
1524 2961 1701 3018 neque

228 3019 687 3088 communicaveris
713 3022 933 3088 peccatis
972 3020 1155 3072 alienis
1185 3016 1237 3087 tl
1265 3017 1455 3078 Tim.v,
1478 3016 1589 3088 ‘22),

190 3090 272 3158 (In
304 3090 536 3158 exposit.
562 3088 622 3142 B.
653 3086 776 3156 Job,
811 3090 900 3143 lib.
933 3106 983 3154 v,
1026 3105 1172 3143 num.
1213 3089 1322 3159 74.)
1354 3088 1530 3142 Saeta:
1555 3086 1701 3142 Scri-

1782 495 1999 567 nitionis
2025 498 2185 549 verba
2208 505 2549 565 restaurent;
2589 507 2644 553 et
2669 499 2757 567 qui
2792 499 2857 552 ad
2884 506 3199 553 vetustatem
3228 500 3350 555 vitm-

1778 581 1875 634 per
1891 565 2201 637 societatem
2213 567 2546 621 sa'cularium
2562 565 2791 634 ducitur,
2808 567 2873 621 ad
2888 582 3121 621 amorem
3143 584 3354 637 semper

1778 635 2040 706 spiritalis,
2071 636 2255 704 patria:
2300 638 2727 705 compunctionis
2763 637 3088 706 aspiratione
3116 635 3355 706 renove-

1779 704 1884 759 tur.
1912 704 2081 759 Valde
2110 720 2343 774 namque
2373 704 2468 761 cor
2513 709 2651 760 inter
2688 704 2923 761 humana
2955 707 3117 759 verba
3152 704 3353 769 deﬂuit,

1779 791 1900 830 cum
1948 773 2314 830 indubitanter
2341 784 2554 831 constet
2595 776 2739 845 quod
2782 776 3019 830 externis
3047 775 3357 843 occupatio-

1781 861 1908 899 num
1940 845 2255 915 tumultibus
2298 845 2584 915 impulsum
2619 861 2649 899 a
2682 848 2973 915 semetipso
3003 846 3356 915 corruat,in-

1780 914 2113 968 cessabiliter
2135 916 2350 970 studere
2375 914 2535 971 debet
2562 926 2619 970 ut
2649 933 2744 983 per
2771 914 3092 972 eruditionis
3119 914 3354 969 studium

1783 994 2045 1055 resurgat.
2077 984 2211 1040 Hinc
2254 996 2337 1041 est
2364 985 2504 1055 quod
2537 990 2809 1053 prtelatum
2855 986 3001 1055 gregi
3040 984 3358 1055 discipulum

1782 1052 1980 1108 Paulus
2011 1055 2279 1112 admonet.
2305 1052 2488 1109 dicens
2513 1052 2687 1110 {Dum
2709 1052 2879 1120 venio,
2902 1052 3107 1110 attende
3130 1052 3358 1109 lectioni.

1782 1122 1917 1198 lliuc
1946 1124 2128 1198 _D_avid
2168 1126 2256 1198 ait
2289 1143 2300 1178 :
2337 1123 2602 1189 Quomodo
2643 1127 2803 1180 dilexi
2846 1131 3002 1198 legem
3052 1124 3363 1198 tuamLDo-

1782 1196 1962 1249 mine?
1985 1195 2113 1249 Tota
2142 1195 2224 1249 die
2259 1198 2525 1250 meditatio
2553 1213 2666 1250 mea
2693 1208 2767 1251 est
2796 1194 2966 1269 (Psal.
2997 1212 3178 1260 cxvnt,
3207 1194 3318 1264 97).

1855 1308 1983 1364 CAP.
2031 1307 2123 1363 1X.
2156 1340 2227 1350 —
2257 1308 2432 1380 Badio:
2460 1312 2688 1380 omnium
2728 1311 2981 1364 malorum
3012 1310 3267 1380 cupiditas

2359 1379 2413 1450 (Ι
2437 1379 2569 1434 Tim.
2593 1380 2798 1451 v1,10).

1861 1486 1939 1553 (In
1961 1488 2188 1554 exposit.
2217 1487 2278 1541 Β.
2311 1485 2434 1553 Joh,
2466 1488 2557 1541 lib.
2590 1504 2678 1550 xx,
2719 1503 2867 1541 num.
2900 1486 3016 1550 Ἃ.)
3045 1484 3178 1541 Cum
3208 1485 3366 1539 alicui

1787 1557 2029 1621 avaritia,
2060 1557 2110 1611 id
2140 1567 2243 1621 est,
2264 1557 2547 1623 cupiditas,
2578 1559 2905 1622 dominatur,
2930 1555 3204 1624 subjectus
3236 1572 3365 1624 pro-

1789 1628 2038 1681 culdubio
2070 1628 2225 1682 malis
2249 1629 2498 1682 omnibus
2527 1630 2944 1690 demonstratur,
2975 1642 3098 1694 quia
3131 1627 3199 1681 de
3242 1641 3369 1678 ava-

1790 1697 1912 1750 ritia
1946 1697 2083 1750 mala
2123 1698 2302 1751 omnia
2348 1699 2615 1761 oriuntur,
2660 1705 2716 1751 et
2756 1706 3099 1763 peccatorum
3129 1697 3366 1751 oumium

1791 1767 1955 1836 spina:
1980 1768 2363 1835 producantur,
2394 1767 2461 1822 de
2481 1782 2583 1834 qua
2616 1782 2714 1836 per
2742 1767 2965 1836 Paulum
2994 1767 3184 1819 dit-itur
3216 1784 3230 1817 :
3267 1765 3369 1818 Ra-

1791 1835 1883 1891 dix
1914 1839 2139 1891 omnium
2168 1839 2419 1892 malorum
2446 1835 2720 1908 cupiditas.
2755 1835 2870 1904 Ipsa
2913 1837 3111 1905 quippe
3140 1836 3372 1908 latenter

1790 1908 1963 1964 oritur
1988 1908 2039 1961 in
2069 1920 2268 1979 mente,
2299 1908 2392 1962 sed
2421 1905 2736 1979 punctiones
2761 1917 3107 1979 peccatorum
3130 1905 3370 1979 omnium

1793 1986 2041 2049 patenter
2068 1976 2316 2047 producit
2346 1978 2397 2032 in
2422 1976 2626 2046 'opere.
2665 1976 2808 2044 Quas
2835 1976 3086 2049 videlicet
3125 1976 3373 2043 punctio-

1793 2048 1888 2104 nes
1916 2048 1983 2102 ah
2025 2049 2127 2103 hac
2156 2050 2334 2103 radice
2358 2057 2637 2116 surgentes
2664 2049 2845 2102 statim
2876 2063 2984 2115 prae
3003 2048 3192 2101 licator
3220 2060 3373 2113 egre—

1791 2120 1910 2188 gius
1930 2120 2182 2183 insinuat,
2213 2134 2334 2172 cum
2364 2119 2544 2173 subdit
2569 2136 2582 2170 :
2612 2116 2779 2181 Quam
2815 2119 3026 2189 quidem
3059 2126 3372 2189 appetentes,

1793 2199 2091 2259 errarerunt
2122 2207 2154 2243 a
2179 2190 2313 2259 ﬁde,
2357 2200 2408 2242 et
2459 2189 2784 2242 inseruerunt
2830 2187 2891 2241 se
2942 2187 3203 2241 doloribus
3238 2188 3372 2241 ntul-

1796 2260 1877 2314 tis.
1912 2258 2013 2325 Qui
2049 2258 2188 2313 enim
2240 2260 2438 2314 multus
2477 2259 2693 2313 dolores
2728 2259 2864 2312 dixit
2891 2259 3044 2327 quasi
3087 2264 3373 2312 nascentes

1794 2343 1858 2384 ex
1890 2329 1990 2383 hac
2021 2330 2201 2384 radice
2231 2329 2552 2399 punctiones
2579 2329 2829 2383 innotuit.

1888 2439 2018 2496 CAP.
2066 2439 2132 2495 X.
2181 2473 2254 2486 .-
2305 2439 2404 2504 Qui
2456 2440 2594 2494 solus
2639 2439 2791 2493 habet
2845 2440 3284 2494 immortalitatem

2337 2510 2388 2578 (Ι
2421 2509 2553 2564 Tim.
2578 2527 2652 2574 vr,
2683 2510 2796 2577 16).

1867 2604 1948 2676 (In
1978 2603 2207 2676 exposit.
2241 2603 2302 2657 Β.
2331 2603 2454 2676 Joh,
2487 2603 2581 2657 lib.
2612 2618 2740 2676 xxv,
2770 2617 2918 2676 num.
2948 2605 3017 2676 _9,
3050 2598 3379 2676 l0.)__0muis

1797 2670 2100 2730 immutatio
2123 2674 2271 2728 velut
2290 2673 2529 2742 quaedam
2555 2673 2744 2726 mortis
2771 2671 2999 2725 imitatio
3027 2680 3127 2742 est.
3155 2670 3211 2724 Id
3234 2672 3375 2726 enim

1798 2746 1939 2814 quod
1972 2752 2228 2809 mutatur,
2260 2740 2425 2814 quasi
2453 2744 2519 2796 ab
2546 2758 2611 2797 eo
2633 2742 2777 2814 quod
2809 2752 2928 2814 erat
2956 2740 3286 2814 interﬁcitur,
3321 2750 3380 2793 ut

1798 2810 2008 2869 desinat
2054 2830 2172 2869 esse
2219 2810 2361 2882 quod
2412 2813 2530 2877 luit,
2573 2824 2627 2866 et
2654 2810 2897 2880 incipiat
2942 2826 3061 2867 esse
3089 2810 3234 2879 quod
3271 2827 3377 2864 nou

1802 2883 1922 2938 fuit.
1951 2884 2154 2939 Lumen
2199 2894 2378 2937 autem
2410 2900 2616 2944 verum,
2649 2882 2876 2937 Crealor
2902 2882 3152 2937 videlicet
3177 2890 3379 2942 noster,

1800 2955 1946 3010 nulla
1996 2954 2369 3008 mutabilitatis
2414 2953 2781 3009 vicissitudine
2829 2952 3170 3015 tenehrcscit,
3221 2951 3379 3004 nullis

1803 3033 2008 3080 natura:
2046 3039 2155 3078 sum
2210 3023 2511 3078 defectibus
2559 3023 2927 3087 obumbratur,
2967 3022 3061 3075 sed
3107 3020 3222 3088 ejus
3261 3034 3381 3075 esse

1803 3097 1923 3151 sine
1970 3094 2326 3148 mutabilitate
2380 3094 2584 3162 fulgere
2632 3103 2735 3154 est,
2767 3093 2909 3147 sicut
2949 3092 3209 3157 scriptum
3255 3099 3378 3162 est:

110 3171 302 3235 ptur:n_
320 3159 652 3235 consuetudo
682 3168 764 3213 est
794 3169 848 3212 ut
870 3175 989 3235 cum
1019 3158 1217 3235 aliquid
1249 3158 1704 3235 narrat,iuterp0-
1731 3166 1775 3226 C
1804 3166 1955 3233 Apud
2001 3181 2149 3235 quem
2187 3181 2291 3218 non
2335 3173 2411 3218 est
2459 3158 2724 3235 transmut.
2749 3164 2842 3235 tio,
2890 3180 2981 3216 nec
3020 3161 3386 3235 vicissitudinis

110 3229 222 3287 sita
254 3231 479 3284 alterius
508 3244 681 3283 causa:
726 3231 1013 3297 sententia,
1047 3231 1109 3282 ad
1138 3229 1415 3296 superiora
1459 3232 1704 3296 protinus

110 3304 332 3358 redeat.
352 3299 460 3355 Sed
489 3301 625 3355 hunc
645 3315 764 3354 esse
795 3315 1173 3370 nonnunquam
1199 3315 1400 3354 morem
1430 3299 1567 3353 sacri
1592 3298 1704 3353 elo-

112 3374 236 3441 quii
267 3371 461 3424 melius
490 3370 837 3435 ostendimus,
883 3372 925 3425 si
956 3369 1127 3441 ex’eo
1167 3369 1399 3437 aliquam
1442 3370 1597 3437 hujus
1622 3369 1705 3441 rei

112 3440 530 3498 similitudinem
561 3441 916 3510 proferamus.
950 3440 1144 3495 Paulus
1167 3455 1398 3508 namque
1427 3440 1700 3510 apostolus

114 3529 248 3568 cum
305 3509 575 3567 dilectum
605 3510 921 3580 discipulum
965 3512 1031 3566 de
1079 3510 1415 3565 instituendis
1455 3509 1708 3564 Ecclesia:

119 3583 324 3638 officiis
351 3582 417 3636 ad
443 3603 452 3633 ι
477 3590 683 3647 oneret,
734 3597 802 3636 ne
827 3596 963 3651 quos
1008 3582 1143 3651 forte
1186 3581 1253 3634 ad
1288 3596 1472 3635 sacros
1497 3581 1710 3634 ordines

116 3654 435 3708 inordinate
460 3652 799 3721 proveheret,
831 3650 1000 3707 dixit:
1036 3650 1225 3706 Munus
1271 3651 1372 3704 cito
1400 3652 1591 3707 nemini
1620 3653 1712 3704 im-

117 3723 381 3795 posueris,
423 3737 581 3792 neque
612 3722 1073 3795 communicaveris‘
1105 3723 1329 3795 peccatis
1367 3723 1592 3795 alienis:
1635 3731 1709 3774 te-

119 3791 303 3864 ipsum
330 3791 529 3847 castum
569 3793 789 3846 custodi.
822 3791 924 3859 Qui
962 3793 1028 3846 ad
1060 3791 1427 3864 infirmitatem
1445 3793 1563 3864 ejus
1591 3806 1712 3864 cor-

117 3860 278 3935 poris
326 3866 572 3935 protinus
615 3864 778 3935 verba
820 3868 1168 3935 convertens,
1220 3862 1295 3916 ait
1329 3879 1338 3912 :
1373 3860 1500 3915 Noli
1548 3862 1712 3914 adhuc

120 3932 340 4005 aquam
361 3932 547 3995 bibere,
590 3933 686 4005 sed
730 3933 930 3987 modico
958 3933 1073 3987 vino
1103 3943 1243 3988 utere
1279 3946 1484 4002 propter
1518 3941 1714 4005 stoma-

116 4001 283 4060 chum
314 4012 474 4067 tuum,
500 4013 549 4057 et
572 4004 867 4075 frequentes
883 4013 994 4056 tuas
1023 4001 1349 4075 inﬁrmitates
1375 4006 1391 4070 (
1413 4007 1425 4045 ι
1448 4018 1549 4075 ers.
1581 4001 1672 4075 25)
1699 4018 1712 4054 ε

122 4076 427 4144 statimque
471 4072 769 4143 subjungit,
822 4074 1042 4128 dicens:
1077 4072 1428 4144 Quorumdam
1456 4073 1717 4127 hominum

53 4146 59 4151 ’
117 4143 351 4216 peccata
368 4145 643 4215 manifesta
666 4154 785 4216 sunt
826 4145 1167 4216 prtecedentia
1197 4144 1266 4198 ad
1287 4143 1560 4216 judicium,
1591 4158 1718 4213 quo-

117 4160 348 4216 peccata
368 4160 643 4215 mantjcsta
666 4160 785 4197 sunt
826 4160 1167 4214 praecedentia
1197 4160 1265 4198 aa
1351 4160 1560 4208 arcium,
1591 4160 1717 4213 quo-

115 4215 379 4270 rumdam
403 4223 573 4268 autem
601 4224 649 4268 et
664 4214 1039 4285 subsequuntur
1069 4214 1248 4285 (Vers.
1422 4212 1557 4279 Quid
1588 4227 1717 4285 ergo

122 4288 199 4339 ad
234 4286 365 4339 illud
393 4286 623 4356 pertinet
648 4285 792 4356 quod
828 4282 908 4338 ab
936 4282 1149 4356 inlirmo
1176 4285 1285 4340 bibi
1316 4282 1508 4352 aquam
1533 4282 1719 4356 prohi-

126 4357 283 4422 buit,
332 4354 435 4409 hoc
467 4354 609 4423 quod
638 4354 704 4408 de
742 4355 976 4424 peccatis
1005 4355 1330 4410 absconditis
1367 4355 1720 4423 quorumdam

130 4426 426 4481 hominum
446 4424 847 4494 manilestisque
868 4426 1160 4493 subjunxit,
1192 4426 1289 4479 nist
1314 4428 1456 4493 quod
1486 4424 1721 4492 interpo-

127 4498 247 4551 sita
289 4494 357 4549 de
398 4494 513 4563 ejus
556 4494 866 4549 infirmitate
893 4495 1158 4549 sententia
1178 4498 1243 4548 ad
1274 4495 1451 4548 hocin
1479 4503 1722 4548 extremo

134 4565 312 4620 rediit
345 4565 490 4635 quod
530 4566 777 4634 superius
822 4566 954 4619 dixit
986 4583 998 4617 :
1025 4563 1237 4619 Nemini
1272 4566 1373 4618 cito
1416 4580 1597 4618 manus
1626 4564 1724 4635 im-

122 4632 400 4709 posueris,
453 4632 612 4709 neque
664 4636 1117 4689 communicaveris
1154 4637 1381 4709 peccatis
1420 4636 1625 4709 alienis.
1663 4632 1729 4688 Ut

126 4705 290 4762 enim
337 4707 449 4760 haec
485 4705 671 4760 eadem
718 4715 935 4775 peccata
984 4714 1185 4773 quanta
1216 4705 1575 4761 sollicitudine
1601 4718 1726 4775 per-

124 4775 407 4848 quirenda
437 4785 613 4848 essent
641 4773 968 4848 ostenderet,
994 4776 1324 4848 interposita
1342 4783 1531 4829 contra
1574 4773 1727 4848 inﬁr-

126 4844 350 4902 riiitatis
372 4845 671 4900 molestiam
700 4844 1036 4899 discretionis
1071 4845 1457 4911 admonitione,
1488 4845 1730 4913 protinus

127 4916 349 4978 intulit,
377 4915 519 4983 quod
549 4916 601 4968 in
640 4916 759 4969 aliis
781 4925 1119 4984 patescerent
1147 4916 1198 4968 in
1232 4915 1350 4969 aliis
1377 4916 1622 4979 laterent,
1649 4914 1730 4969 di-

128 5001 282 5043 cens
312 5003 325 5038 :
359 4983 709 5051 Quorumdam
753 4987 1016 5039 hominum
1054 4994 1265 5056 peccata
1302 4987 1577 5056 manifesta
1605 4993 1726 5056 sunt

129 5056 498 5127 pra'cedentia
526 5056 594 5108 ad
625 5056 905 5125 judicium,
947 5055 1284 5127 quorumpiam
1323 5054 1493 5109 autem
1521 5067 1567 5127 et
1601 5054 1726 5127 sub-

128 5107 450 5207 Eeduuntur.
488 5107 551 5181 lu
576 5107 675 5207 hnc
701 5107 1124 5207 evrgoﬂsienjtentia
1155 5107 1726 5207 padlttSthiﬁisdem

127 5194 336 5252 verbis
381 5195 645 5264 congruit,
694 5194 886 5264 quibus
925 5210 1064 5260 eam,
1112 5196 1335 5264 loquens
1371 5195 1438 5253 de
1459 5194 1728 5250 Timothei

138 5267 489 5330 inﬁrmitate,
513 5266 805 5334 subiunxit,
837 5267 928 5321 sel
958 5266 1022 5319 ad
1065 5264 1192 5319 illud
1223 5267 1381 5320 rediit
1399 5266 1542 5335 quod
1568 5281 1729 5335 supe—

142 5339 277 5399 rius
299 5337 699 5391 intermittenda
727 5338 986 5391 narravit.

272 5426 405 5483 CAP.
455 5425 587 5481 Vlll.
635 5426 885 5483 -;Dum
933 5422 1075 5481 senio
1098 5466 1114 5489 ,
1174 5425 1380 5480 attende
1427 5425 1634 5480 lectioni

730 5496 783 5568 (l
813 5497 944 5551 Tim.
976 5512 1047 5571 ιν,
1080 5495 1189 5565 15).

237 5588 453 5661 (Regul.
480 5598 682 5660 pastor.
711 5598 850 5661 part.
878 5606 937 5658 ιι,
965 5605 1015 5661 c.
1045 5589 1157 5656 ll.)
1182 5585 1373 5661 Omnis
1408 5587 1658 5657 praelatus
1687 5596 1744 5643 et

140 5658 612 5730 tuetur-quotidie
639 5658 775 5716 saeri
805 5658 1002 5729 eloquii
1029 5661 1266 5714 studiose
1294 5659 1453 5713 debet
1475 5668 1740 5728 prmrepta

148 5730 440 5793 nneditari,
460 5740 519 5784 ut
540 5733 591 5785 in
617 5747 684 5786 eo
711 5731 813 5784 vim
836 5730 1208 5785 sollicitudinis
1229 5740 1283 5784 et
1311 5742 1436 5798 erga
1468 5730 1739 5787 etelestem

150 5802 338 5857 vitam
368 5802 601 5870 providae
629 5800 1314 5872 circumspectionishquam
1346 5801 1586 5854 humanae
1610 5815 1741 5856 corr-

1804 3230 2123 3290 obumbratio
2173 3235 2378 3294 (Jacob.
2427 3252 2463 3299 ι,
2496 3235 2607 3300 ις).
2649 3233 2715 3287 Ει
2759 3234 2883 3286 inde
2936 3248 3146 3287 rursum
3190 3230 3386 3284 Paulus

1805 3306 2087 3376 apostolus
2120 3306 2295 3358 dicit:
2332 3307 2429 3368 Qui
2476 3307 2617 3360 solus
2664 3302 2813 3376 habet
2854 3303 3291 3376 immortalitatem
3336 3310 3386 3376 et

1805 3371 1969 3431 lucem
2002 3374 2198 3429 habitat
2224 3375 2649 3429 inaccessibilem.
2674 3373 2779 3428 Sed
2812 3390 2932 3427 cum
2965 3373 3140 3427 cuncti
3169 3371 3385 3425 noveri-

1805 3463 1925 3501 mus
1945 3447 2084 3515 quod
2110 3454 2165 3500 et
2202 3447 2434 3499 humana
2481 3446 2746 3515 animaret
2767 3443 3000 3515 angelici
3030 3441 3387 3515 spiritus_sint

1808 3510 2141 3572 immortales
2193 3515 2443 3581 instituti,
2491 3532 2588 3570 cur
2634 3514 2701 3568 ab
2748 3513 3008 3583 Apostolo
3059 3513 3207 3566 solus
3247 3510 3389 3583 Deus

1811 3586 2264 3642 immortalitatem
2315 3585 2513 3639 habere
2558 3582 2892 3654 perhibetur,
2937 3584 3036 3637 nisi
3069 3582 3189 3645 quia
3239 3582 3387 3654 solus

1808 3659 1952 3711 Deus
1982 3671 2106 3710 vere
2138 3670 2241 3709 non
2273 3657 2498 3709 moritur
2522 3652 2612 3722 qui
2639 3654 2785 3710 solus
2815 3667 3085 3722 nunquam
3116 3652 3389 3705 mutatur?

1810 3726 2055 3781 Humana
2082 3726 2281 3795 quippe
2308 3726 2485 3795 anitna
2516 3725 2803 3795 inlapsum
2844 3737 3115 3795 nunquam
3145 3722 3383 3781 caderet,

1810 3801 1852 3851 si
1884 3793 2152 3850 mutabilis
2175 3793 2280 3849 non
2312 3793 2515 3851 fuisset.
2547 3793 2676 3860 Quae
2695 3809 2725 3847 a
2755 3793 2987 3862 paradisi
3015 3805 3230 3862 quoque
3260 3804 3391 3862 gau-

1811 3868 1913 3921 diis
1938 3867 2180 3935 expulsa,
2204 3865 2248 3918 si
2279 3864 2548 3919 mutabilis
2569 3880 2674 3918 non
2697 3860 2859 3935 esset,
2885 3863 2951 3935 ad
2973 3860 3385 3935 vitatn’minime

1813 3929 2033 3992 rediret.
2075 3935 2132 3989 ln
2181 3936 2285 3989 hoc
2336 3935 2453 4003 ipso
2491 3943 2670 3987 autem
2712 3932 2858 4001 quod
2883 3931 2951 3986 ad
2993 3932 3160 3985 vitam
3215 3929 3393 4003 redire

1816 4007 2022 4070 nititur,
2056 4003 2297 4060 defectus
2336 3998 2483 4069 suos,
2529 3998 2829 4058 alterna—nte
2876 4017 3091 4070 semper
3122 3998 3392 4070 mutabili-

1816 4086 1948 4142 tate,
1982 4066 2213 4130 tolerare
2250 4066 2478 4142 cogitur.
2525 4072 2660 4140 Quia
2699 4088 2828 4143 ergo
2864 4088 2930 4143 es
2982 4066 3148 4143 nihilo
3176 4066 3390 4143 condita

1818 4138 2014 4212 esu-ex
2043 4160 2105 4201 se
2143 4138 2485 4199 nihilominus
2532 4138 2665 4198 intra
2695 4138 2981 4204 se'tendit,
3015 4142 3114 4195 nisi
3162 4139 3246 4212 ad_
3265 4138 3392 4193 boni

1792 4208 2067 4272 desiderii
2115 4223 2311 4269 statum
2340 4214 2558 4270 artificis
2586 4213 2668 4268 sui
2708 4228 2868 4267 manu
2909 4220 3175 4266 teneatur.
3207 4208 3286 4263 Ex
3325 4225 3393 4264 eo

1819 4288 2000 4357 itaque
2045 4285 2189 4355 quod
2230 4294 2483 4367 creatura
2506 4292 2606 4350 est,
2655 4283 2906 4338 deorsum
2931 4284 3007 4338 ire
3046 4283 3207 4364 habet
3239 4297 3253 4333 :
3283 4279 3394 4361 vir-

1822 4366 1936 4411 tute
1966 4371 2195 4423 namque
2226 4371 2437 4424 prapria
2468 4366 2522 4409 in
2554 4369 2793 4424 princeps
2823 4368 2979 4424 posse
3011 4369 3070 4408 se
3110 4366 3189 4406 ΠΒ
3219 4366 3392 4424 (εοιιει-

1823 4428 1996 4491 derat,
2014 4421 2120 4481 sed
2138 4421 2563 4480 adCon‘ditorem
2588 4421 2746 4478 suum
2773 4421 2971 4477 amoris
2993 4438 3153 4478 manu
3181 4436 3241 4476 se
3272 4421 3401 4475 reti—

1753 4506 1938 4594 0'1?"
1961 4513 2028 4594 [ιθ
2052 4494 2612 4594 93.ίΞ³¹-νηίὲ¹3.ἶ¹ἰῗῖ.¹ξεί³⁴¹
2636 4493 3401 4594 causa

1828 4575 1884 4622 et
1926 4562 1994 4622 eo
2035 4581 2162 4621 vere
2207 4562 2607 4625 immortaliter.
2650 4579 2757 4632 quo
2793 4563 3199 4617 immutabiliter
3237 4562 3399 4613 vivat.

1828 4637 1932 4705 Ipsi
1959 4651 2173 4707 quoque
2202 4634 2419 4705 spiritus
2447 4635 2671 4704 angelici
2725 4632 3007 4689 mutabiles
3045 4640 3170 4707 sunt
3197 4647 3265 4685 ex
3309 4644 3405 4684 na-

1830 4701 1947 4761 tura
1976 4701 2202 4773 conditi,
2233 4701 2507 4774 'quatenus
2526 4701 2626 4758 aut
2666 4718 2760 4757 sua
2787 4711 2979 4774 sponte
3007 4701 3287 4774 caderent,
3316 4708 3409 4774 aut

1829 4792 1897 4832 ex
1923 4776 2144 4832 arbitrio
2171 4768 2397 4830 starent.
2429 4774 2534 4828 Sed
2564 4774 2686 4840 quia
2736 4768 3007 4827 humiliter
3040 4772 3319 4839 elegerunt
3358 4768 3406 4820 ei

1829 4849 2092 4903 inhaerere
2120 4862 2149 4899 a
2180 4860 2287 4915 quo
2315 4846 2479 4900 creati
2499 4853 2645 4915 sunt,
2680 4843 2823 4915 hanc
2852 4843 3018 4915 ipsam
3050 4843 3103 4896 in
3133 4856 3193 4915 se
3231 4848 3409 4893 muta-

1829 4918 2093 4973 bilitatem
2116 4911 2292 4983 suam,
2335 4915 2511 4969 standi
2541 4913 2653 4983 jam
2676 4911 3113 4983 immutabilitate
3134 4911 3403 4971 vicerunt,

1832 4996 1892 5042 ut
1912 4989 2018 5043 hoc
2037 4987 2153 5054 ipso
2183 4980 2377 5040 merito
2404 4980 2869 5054 transcenderent,
2895 4980 3039 5051 quod
3067 4991 3271 5054 natura:
3297 4992 3409 5032 sua:

1833 5059 2022 5113 ordine
2062 5049 2412 5110 'mutabilitati
2463 5056 2681 5109 subesse
2725 5049 3041 5123 potuissent.
3094 5049 3231 5117 Quia
3280 5061 3408 5115 ergo

1836 5130 2062 5182 Creator
2091 5136 2272 5181 noster
2293 5125 2490 5179 nullam
2517 5126 2718 5194 patitur
2733 5123 3241 5194 immutabilitatem,
3262 5126 3411 5172 recte

1837 5197 1907 5253 de
1935 5213 2001 5252 eo
2032 5213 2126 5266 per
2154 5195 2375 5251 Paulum
2410 5190 2604 5250 dicitur
2638 5211 2652 5248 ;
2685 5192 2797 5258 Qui
2825 5193 2965 5247 solus
3018 5190 3167 5245 habet
3196 5191 3410 5243 immor-

1838 5269 2112 5324 talitatem.

1909 5361 2036 5414 Car.
2085 5356 2173 5410 XI.
2223 5389 2294 5400 —
2340 5353 2406 5408 Et
2458 5355 2622 5409 lucem
2680 5353 2874 5407 habitat
2940 5348 3343 5406 inaccessibilem

2366 5422 2420 5497 (ι
2462 5424 2593 5478 Tim.
2644 5440 2724 5491 VI,
2772 5423 2881 5494 16).

1909 5515 1986 5577 ιιιι
2019 5517 2246 5585 exposit.
2272 5515 2333 5568 B.
2365 5513 2497 5585 Joh,
2543 5513 2633 5567 lib.
2667 5529 2826 5576 xvm,
2859 5526 3004 5566 num.
3029 5509 3142 5577 92.)
3186 5508 3317 5585 Cum
3346 5506 3416 5562 ad

1836 5587 2012 5659 ipsum
2042 5580 2238 5659 (autem
2271 5583 2757 5659 vitze,‘_Creatorem
2785 5591 3055 5659 nos_tr_um_,
3086 5580 3416 5659 venerimus,

1842 5649 1946 5711 'e'rit
1976 5657 2126 5710 nobis
2155 5654 2543 5710 delectabiliter
2570 5655 2827 5723 impressa
2855 5651 2972 5706 sitis
3000 5651 3156 5723 simul
3182 5660 3235 5703 et
3255 5649 3422 5704 satie-

1843 5731 1944 5791 tas,
1972 5724 2082 5799 sed_
2097 5727 2254 5799 longe
2282 5726 2348 5779 ab
2377 5725 2476 5799 ista
2516 5724 2609 5799 siti
2628 5721 2945 5799 necessitas,
2968 5730 3025 5799 et
3053 5721 3211 5791 longe
3250 5735 3281 5774 a
3308 5734 3421 5799 sa:

1844 5805 2032 5856 aetate
2060 5790 2349 5863 fastidium,
2377 5792 2767 5863 quiasitientes
2793 5793 3125 5857 satiabimur,
3155 5790 3213 5848 et
3238 5790 3416 5849 satiati
