3982 6316
254 314 394 371 158Ξί
864 312 1109 369 ALULFI
1149 313 1506 368 EXPOSITIO

1614 314 1769 367 NOVI
1810 314 2002 369 TEST.
2047 345 2111 353 ——
2151 314 2301 369 SUP.
2344 314 2361 368 l
2402 314 2506 369 ΕΡ.
2545 313 2603 368 S.
2646 312 2862 367 PETRI.

3372 310 3509 367 1386

252 441 485 495 namque
508 426 574 480 ad
606 426 991 495 absolutionem
1022 433 1260 479 no-tram
1291 426 1467 479 oblata
1508 440 1629 479 cum
1654 425 1828 495 lacry-
1858 431 1903 486 Α
1930 424 2059 477 CAP.
2082 423 2264 487 1x.—
2291 424 2387 495 Qui
2426 424 2647 479 converti
2677 425 2851 495 fecerit
2881 434 3197 490 pcccatorem
3241 423 3305 477 ab
3333 442 3511 479 errore

252 497 378 561 mis,
397 493 452 549 et
469 496 791 564 benignitate
806 493 1017 558 tuenti",
1033 495 1170 548 sacri
1188 495 1371 548 altaris
1385 494 1554 549 hostia
1576 493 1830 562 sullraga-

252 573 361 627 tur,
390 564 643 633 quoniam
672 564 717 618 is
740 564 829 632 qui
855 564 905 616 in
931 578 989 616 se
1013 578 1235 633 surgens
1255 579 1284 616 a
1314 565 1560 625 mortuis,
1581 564 1691 631 jam
1722 579 1829 617 non

252 632 499 698 moritur,
526 634 705 687 adhuc
734 647 829 700 per
859 633 994 686 lianc
1040 632 1090 685 in
1132 648 1231 686 suo
1260 633 1513 702 mysterio
1549 649 1647 701 pro
1678 632 1832 687 nobis

254 704 448 756 iterum
482 704 698 770 patitur.
724 702 853 754 Nam
872 702 1083 770 quoties
1104 703 1330 755 busdam
1363 704 1413 757 ei
1432 717 1540 754 sua:
1574 702 1834 769 passionis

256 769 549 833 olle-rimus,
577 773 733 825 toties
759 771 912 823 nobis
940 769 1005 822 ad
1033 771 1421 839 absolutionem
1445 780 1682 825 nostram
1710 786 1831 839 pas-

253 842 461 895 sionem
488 840 627 894 illius
647 854 978 908 reparamus.
994 839 1167 909 Nolite
1180 853 1329 907 ergo,
1345 837 1536 894 fratres
1558 841 1684 906 mei,
1703 837 1832 909 pos-

253 910 431 965 sidere
460 909 891 978 perdesidrrium
920 923 1039 975 qua:
1076 908 1253 962 adhuc
1289 909 1505 963 minime
1552 908 1842 976 reliquistis

256 993 355 1047 per
370 977 539 1032 usum.
556 977 718 1047 Spem
740 979 791 1030 in
809 978 925 1047 solo
944 978 1300 1047 ltetlemptore
1320 978 1482 1045 ﬁgite,
1497 978 1562 1031 ad
1585 988 1839 1047 atternam

256 1046 485 1115 patriam
516 1046 693 1101 mente
716 1046 955 1100 transite.
971 1046 1027 1099 Si
1049 1046 1188 1099 enim
1214 1048 1264 1100 in
1294 1048 1395 1100 huc
1414 1048 1613 1101 mundo
1632 1046 1763 1099 nihil
1782 1061 1841 1099 a-

258 1116 455 1171 mando
469 1117 771 1186 possidetis,
787 1115 953 1170 etiam
972 1115 1301 1184 possidendo
1321 1124 1511 1170 cuncta
1528 1116 1836 1185 reliquistis.

2006 495 2264 566 rite-sure,
2292 494 2510 546 salvabit
2549 492 2911 566 anintamejus
2956 507 3199 566 a_m_orte,
3240 504 3289 546 et
3318 496 3511 566 aperiet

2006 561 2379 615 multitudinem
2409 572 2725 629 peccatorum
2751 561 2958 629 (Jac.v,
2988 560 3098 629 ΞΟ).

2007 631 2089 701 (In
2127 630 2354 701 exposit.
2389 628 2448 682 Β.
2479 628 2599 693 Job,
2625 631 2713 701 lib.
2739 628 2845 692 m,
2879 646 3024 682 num.
3050 628 3163 701 51.)
3193 630 3390 701 Beatus
3407 632 3509 688 Job

1937 699 2066 753 dicit
2095 718 2108 751 :
2136 699 2428 752 Benedictio
2444 700 2654 767 perituri
2683 715 2833 765 super
2857 714 2935 750 me
2954 699 3184 751 veniebat
3206 700 3345 767 (Job,
3361 718 3508 766 χχιι,

1943 770 2055 838 15).
2088 768 2396 839 Benedictio
2416 768 2621 839 quippe
2650 767 2873 839 perituri
2901 783 3061 835 super
3088 783 3208 821 eum
3230 770 3397 835 venit,
3418 774 3509 839 qui

1942 836 2241 915 peccatoris
2270 837 2544 915 interitum
2568 836 3290 915 pra-veniens..euiu'sanctis
3316 836 3513 892 exhor-

1944 904 2239 986 tationibus
2278 921 2320 986 a‘
2346 907 2516 986 culpa:
2565 904 2714 959 fovea
2772 905 2995 958 reducit.
3031 904 3086 958 Si
3116 907 3259 959 enim
3310 920 3515 986 magna:

1944 975 2205 1029 mercedis
2247 982 2329 1029 est
2372 975 2589 1045 erigere
2629 988 2846 1030 carnem
2889 989 2919 1027 a
2947 984 3139 1045 morte
3189 977 3513 1045 quandoque

1946 1046 2281 1110 morituram,
2297 1044 2462 1097 multo
2489 1060 2539 1096 m
2572 1043 2704 1112 joris
2725 1052 2807 1097 est
2828 1043 3003 1096 meriti
3035 1044 3258 1097 liberare
3280 1043 3512 1097 animam

1946 1127 1977 1166 a
2007 1122 2180 1168 morte
2208 1114 2261 1167 iu
2290 1114 2493 1168 (mlesti
2522 1114 2689 1183 patrii
2712 1113 2829 1167 sine
2858 1113 2960 1166 line
2991 1112 3270 1167 victuram.

969 1352 1328 1409 EXPOSITIO
1363 1350 1587 1408 SUPER
1628 1350 1645 1404 1
1688 1347 2066 1405 EPISTOLAM
2109 1348 2166 1402 Β.
2211 1347 2411 1402 PETRI
2451 1346 2801 1403 APOSTOLI.

258 1465 441 1521 Csrur
468 1478 685 1518 ratuuu.
707 1494 777 1505 —-
803 1460 1133 1532 Regeneravit
1155 1478 1246 1516 nos
1266 1463 1481 1532 in‘spem
1504 1463 1687 1532 vivam,
1703 1471 1831 1530 etc.,

400 1535 453 1587 in
468 1533 813 1588 [nereditatem
834 1530 1267 1601 incorruptionem
1288 1530 1341 1603 (I
1366 1531 1529 1595 Potn,
1550 1547 1595 1597 ι,
1608 1530 1686 1600 4).

335 1622 413 1689 (In
442 1621 670 1689 exposit.
703 1621 759 1673 Β.
796 1619 960 1675 Job.l.
996 1636 1121 1686 xxx,
1154 1636 1297 1674 num.
1331 1619 1444 1689 80.)
1474 1621 1641 1675 Arent
1668 1621 1831 1676 corda

260 1692 560 1755 hominum,
580 1706 698 1759 qua:
726 1692 778 1744 in
802 1692 957 1754 hujus
985 1690 1165 1759 sa‘culi
1192 1704 1287 1759 spe
1310 1689 1544 1758 peritura
1570 1689 1829 1758 plantata,

263 1764 298 1814 ti
320 1762 513 1815 ltlcinm
540 1758 855 1813 aeternitatis
883 1774 989 1812 non
1019 1758 1255 1829 habent:
1295 1760 1469 1813 virent
1494 1768 1675 1813 autem
1712 1774 1830 1829 quae

260 1831 337 1885 illi
362 1830 583 1884 lueredit
604 1830 657 1881 .ti
692 1830 967 1891 inhwreut,
997 1833 1063 1881 de
1091 1843 1197 1896 qua
1227 1826 1324 1881 Pet
1354 1844 1417 1881 us
1441 1826 1828 1896 apostolus‘di-

260 1902 377 1954 cit:
416 1898 715 1952 Benedictus
762 1897 897 1951 Deus
943 1906 991 1950 et
1038 1896 1191 1951 Pater
1234 1896 1439 1951 Dontini
1484 1898 1644 1951 nostri
1704 1896 1830 1951 Iesu

261 1968 476 2033 Christi,
523 1969 607 2038 qui
648 1967 925 2020 secundum
965 1984 1203 2038 magnam
1246 1967 1648 2020 misericordiam
1686 1984 1834 2038 suam

261 2034 579 2105 regenerarit
606 2053 697 2090 nos
717 2038 767 2089 in
789 2051 929 2105 spem
950 2034 1130 2096 eiram,
1154 2053 1247 2105 per
1271 2038 1691 2089 resurrectionem
1710 2034 1834 2089 Iesu

261 2106 455 2159 Christi
480 2122 545 2158 ex
573 2108 805 2168 mortuis,
835 2107 888 2157 in
923 2106 1271 2175 hwreditatem
1298 2106 1755 2175 incorruptibilem,
1787 2114 1836 2158 et

260 2175 720 2229 incontaminatam
757 2184 803 2228 et
849 2173 1339 2242 immarcessibilem,
1390 2173 1741 2229 conservatam
1781 2176 1835 2228 in

261 2245 422 2324 costis.
455 2243 781 2324 Tautoeuim
812 2244 986 2298 verius
999 2244 1203 2324 quique
1216 2243 1453 2324 virentes
1461 2252 1837 2324 _sunt,quan_to

264 2314 321 2368 in
352 2314 672 2367 Ιιειιτρόίιιιιὶδ
695 2312 1149 2367 ἰιιιιιιιιιςεεξίιτίιὶε
1179 2312 1313 2368 forte
1336 2312 1675 2380 cogitationis
1698 2314 1838 2367 radi-

262 2398 385 2437 cem
410 2383 572 2451 ligttnt
606 2381 1052 2452 Quisquisitaque
1066 2381 1380 2452 intrinsecus
1400 2397 1553 2437 arere
1569 2383 1834 2452 formidat,

265 2450 473 2507 arentia
502 2450 835 2505 extrinsecus
863 2450 1020 2518 hujus
1054 2451 1234 2522 mundi
1256 2450 1520 2505 desideria
1546 2451 1752 2522 fugiat,
1781 2460 1838 2506 et

262 2531 349 2575 tet:
370 2536 521 2592 ruam
551 2528 658 2590 pati
671 2521 772 2574 iam
801 2529 1087 2592 appetens,
1117 2521 1170 2575 in
1197 2528 1400 2575 tutema
1428 2520 1606 2575 cordis
1622 2520 1838 2591 planta-

268 2592 416 2645 tione
457 2590 707 2644 virescat.

339 2678 466 2734 Cn.
492 2677 554 2732 ll.
588 2710 660 2720 —
685 2676 752 2732 In
780 2679 1253 2751 quent_desiderant
1282 2679 1456 2750 angeli
1478 2685 1769 2751 prospicere

828 2747 882 2818 (1
918 2748 1064 2802 Petr.
1090 2765 1135 2813 1,
1163 2748 1273 2817 12).

339 2837 419 2909 (in
449 2837 677 2908 exposit.
705 2837 766 2891 Β.
790 2835 918 2909 Job_,
942 2838 1032 2909 lib.
1064 2854 1209 2909 xvnt,
1254 2855 1398 2893 num.
1433 2838 1546 2909 9|.)
1575 2838 1836 2907 Quoniam

268 2905 477 2977 debeo
505 2905 601 2977 per
628 2908 857 2976 primum
881 2905 1135 2962 Ecclesia:
1163 2905 1561 2977 praedicatorem
1599 2905 1834 2967 dicitur:

272 2974 354 3048 In,
376 2974 523 3048 quem
551 2974 847 3048 desiderant
889 2978 1059 3046 angeli
1089 2974 1399 3047 prospicere,
1430 2989 1553 3033 sunt
1594 2980 1837 3035 nonnulli

269 3047 360 3117 qui
382 3063 715 3119 nequaquam
742 3047 904 3100 Deum
928 3048 1107 3119 videre
1129 3052 1211 3119 vel
1237 3050 1833 3119 angelossuspicantur,

270 3114 325 3170 et
376 3114 553 3171 tanien
574 3114 793 3171 'dictum
824 3131 920 3186 per
950 3114 1198 3170 Veritatis
1243 3114 1789 3175 sententiam'scimus
1817 3137 1831 3173 :

268 3187 450 3260 Ληρειὶ
477 3202 648 3260 eorum
672 3202 868 3260 semper
890 3186 1064 3260 vident
1092 3187 1275 3260 faciem
1307 3186 1482 3260 Patris
1513 3190 1631 3260 mei,
1656 3190 1828 3260 quiin

268 3255 406 3310 caelis
434 3264 510 3327 est
556 3255 767 3327 (Matth.
800 3270 953 3327 xvnt,
978 3255 1099 3327 1ο).
1118 3255 1362 3327 Nunquid
1389 3255 1691 3327 ergomaliud
1724 3256 1828 3314 Ve-

270 3327 418 3389 ritas,
447 3323 585 3380 aliud
610 3325 923 3394 prmdicator
943 3323 1173 3378 insinuat
1190 3323 1484 3394 Veritatis?
1507 3325 1613 3381 Sed
1638 3326 1682 3380 si
1707 3343 1829 3382 sen-

271 3395 434 3447 tentia
476 3393 701 3464 utraque
737 3393 1038 3464 confertur,
1069 3394 1192 3464 quia
1231 3393 1331 3448 sibi
1375 3409 1709 3464 nequaquam
1750 3397 1831 3451 di-

269 3465 506 3543 scordet,
538 3462 856 3543 agnoscitur.
902 3462 1069 3543 Deum
1107 3462 1303 3543 quippe
1332 3462 1588 3543 angelici
1626 3465 1828 3531 vident,

267 3542 320 3586 et
348 3532 526 3586 videre
552 3532 873 3593 desiderant,
903 3540 960 3585 et
989 3531 1181 3586 intueri
1205 3531 1493 3597 εἰῑὶιιιιιέει
1518 3534 1826 3589 intuentur:

265 3602 309 3655 si
337 3602 479 3655 enim
507 3601 583 3655 sic
615 3600 795 3655 videre
821 3601 1148 3668 desiderant,
1176 3608 1233 3655 ut
1257 3599 1447 3656 ellectu
1472 3602 1553 3657 sui
1584 3603 1831 3659 desiderii

267 3671 481 3723 minime.
510 3669 867 3739 perfruantur.
902 3670 1224 3725 desiferium
1266 3671 1383 3725 sine
1425 3673 1599 3727 fructu
1639 3675 1826 3727 anxie-

269 3748 431 3811 tatem
468 3739 654 3811 habet,
686 3746 741 3793 et
771 3739 1015 3811 anxietas
1038 3754 1284 3811 pteuam.
1314 3739 1463 3795 Beati
1503 3756 1630 3795 vero
1659 3743 1831 3811 angeli

267 3810 333 3880 ab
361 3810 503 3880 omni
537 3823 692 3878 poena
722 3808 1008 3880 anxietatis
1038 3808 1194 3878 Iunge
1221 3819 1378 3880 sunt,
1409 3812 1531 3880 quia
1563 3808 1831 3880 nunquam

264 3878 420 3930 simul
451 3877 606 3947 pinna
636 3877 1014 3947 etbeatitudu
1058 3877 1405 3933 conveniunt.
1438 3879 1663 3933 Rursum
1689 3877 1831 3935 'cum

266 3962 359 3999 eos
387 3946 612 4001 dicimus
634 3946 728 4000 Dei
756 3948 959 4001 visione
980 3947 1449 4016 satiari.quoniam
1465 3957 1521 4003 et
1553 3948 1831 4005 Psalmista

264 4016 338 4068 ait
370 4033 383 4067 :
414 4016 843 4088 _§atia_bor,_dum
882 4016 1293 4088 manifestabitur
1319 4017 1482 4088 gloria
1523 4027 1608 4070 tua
1654 4018 1826 4088 (Psal.

263 4100 375 4149 xvi,
407 4084 513 4155 l3).
559 4084 1212 4155 Considerandum'knobis
1248 4084 1333 4140 est
1368 4087 1492 4155 quia
1528 4084 1830 4141 satietatem

261 4156 402 4208 solet
431 4153 489 4226 l'a
514 4154 700 4226 tidium
728 4154 927 4226 subscq
948 4155 1002 4207 ll.
1038 4153 1116 4226 Ut
1136 4167 1265 4226 ergo
1301 4153 1449 4209 recte
1474 4156 1574 4209 sibi
1607 4165 1832 4226 utraque

264 4224 610 4293 conveniant,
641 4223 787 4277 dicat
814 4221 1021 4293 Vetfitas
1045 4241 1057 4276 :
1080 4221 1216 4287 Quia
1241 4240 1439 4293 semper
1459 4225 1660 4289 rident;
1690 4221 1832 4280 dicat

262 4292 491 4363 pnedica
498 4300 581 4363 tor
592 4293 838 4363 egregius
851 4309 866 4346 :
888 4291 1021 4363 Quia
1035 4309 1233 4363 semper
1244 4291 1414 4348 videre
1426 4294 1739 4349 desiderant.
1756 4295 1832 4351 Ne

262 4363 404 4415 enim
420 4362 489 4416 sit
517 4361 568 4414 in
586 4361 850 4417 desiderio
870 4361 1507 4425 anxietas,ilesiderantes
1533 4366 1827 4429 satiantur;

267 4446 336 4499 ne
358 4438 535 4483 autem
550 4431 619 4483 sit
635 4430 688 4482 in
714 4431 962 4485 satietate
988 4431 1278 4499 lastidium,
1300 4433 1477 4486 satiati
1501 4433 1823 4489 desiderat.

265 4496 333 4553 Et
362 4499 665 4552 desiderant
694 4498 854 4567 igitur
878 4501 997 4556 sine
1018 4500 1220 4567 labore,
1247 4496 1372 4569 quia
1396 4502 1719 4557 desiderium
1739 4517 1828 4556 sa-

265 4570 425 4647 tietas
451 4569 1132 4647 comitatur,_et_sati_antur
1156 4570 1271 4625 sine
1299 4570 1531 4647 fastidio,
1578 4572 1829 4640 quoniam
1863 4585 1912 4647 ι)

264 4638 380 4707 ipsa
408 4638 628 4692 satietas
653 4652 721 4691 ex
753 4637 1016 4693 desiderio
1043 4653 1253 4708 semper
1281 4637 1613 4695 accenditur}

316 4725 446 4780 Car.
479 4723 563 4778 Ill.
593 4754 665 4767 —
691 4724 909 4795 Propter
934 4726 1346 4795 quodsuccincti
1370 4727 1566 4781 lumbos
1595 4731 1778 4783 mentis

680 4804 878 4866 aestum,
907 4794 1015 4866 etc.
1041 4794 1092 4866 (Ι
1113 4794 1251 4849 Petr.
1283 4811 1320 4863 ι,
1346 4796 1451 4863 15).

336 4861 414 4932 (lu
441 4863 669 4935 exposit.
700 4862 759 4935 Β.
782 4862 904 4929 Job,
932 4864 1023 4918 lib.
1049 4861 1160 4929 xst,
1190 4861 1337 4919 num.
1359 4861 1437 4935 5.)
1467 4864 1662 4919 Malum
1687 4867 1840 4935 iugu-

263 4931 359 5003 rize
405 4940 500 4986 aut
546 4933 872 5003 cogitatione
929 4942 1300 5003 perpetratur,
1353 4931 1445 4987 aut
1500 4949 1686 5002 Opere.
1737 4934 1842 4991 Per

264 5001 485 5072 Moysen
513 5016 661 5068 vero,
692 5000 899 5072 luxuria
931 5000 1260 5070 perpetrata;
1290 5020 1385 5072 per
1404 5000 1691 5059 Auctorem
1708 5020 1842 5060 vero

265 5071 553 5133 munditiae,
588 5070 791 5123 luxuria
821 5070 1101 5139 damnatur
1128 5070 1378 5139 cogitata.
1410 5072 1545 5127 Hinc
1571 5084 1655 5128 est
1695 5075 1838 5128 enim

263 5139 407 5211 quod
431 5139 701 5211 discipulis
728 5140 927 5211 primus
953 5138 1407 5211 Ecclesiaepastor
1428 5143 1555 5196 dicit
1579 5161 1591 5194 :
1625 5142 1785 5211 Propt
1814 5160 1841 5196 r

263 5210 400 5276 quod
436 5206 683 5282 succincti
722 5206 918 5262 lumbos
930 5210 1139 5282 _mentis
1167 5206 1344 5282 uestra
1365 5247 1382 5275 ,
1404 5232 1407 5233 ν
1430 5211 1588 5282 sobrii
1608 5206 1841 5282 perfecte

264 5285 468 5356 sperate
498 5279 552 5330 in
568 5293 717 5356 eam,
745 5293 858 5355 qua:
880 5278 1097 5356 offertur
1118 5278 1258 5356 vobis
1280 5317 1297 5344 ,
1329 5281 1572 5356 gr_atia_m.
1605 5278 1838 5356 Lumbos

263 5346 406 5398 enim
435 5346 611 5400 carnis
629 5346 939 5413 succingere
963 5357 1045 5401 est
1072 5346 1423 5402 luxuriam'ab
1448 5349 1642 5403 ellectu
1672 5348 1758 5403 rel
1778 5364 1837 5404 e-

265 5428 417 5468 nare.
435 5413 678 5486 Lumbos
703 5429 831 5486 vero
851 5417 1046 5470 mentis
1073 5417 1382 5486 succingere
1408 5426 1490 5472 est
1517 5420 1653 5473 hanc
1672 5420 1835 5473 etiam

266 5496 298 5535 a
326 5485 649 5552 cogitatione
675 5483 1016 5553 restringere.

302 5566 432 5623 Car.
459 5568 546 5624 IV.
574 5600 643 5611 —-
673 5566 1088 5643 Nemo_re_strum
1111 5574 1342 5643 patiatur
1367 5573 1513 5643 quasi
1542 5574 1802 5628 homicida

841 5639 868 5693 I
899 5640 1041 5695 Petr.
1066 5639 1136 5706 tv,
1167 5642 1280 5710 15).

341 5703 419 5777 (In
457 5706 687 5777 exposit.
714 5707 775 5762 ιι.
805 5644 1286 5777 ἕιζὺῗὶῇἲ.¹ζέιέῇζ
1340 5727 1484 5766 ιιυηι.
1519 5711 1630 5782 ιι.)
1660 5712 1839 5767 Sancti

548 5802 817 5865 Ριτιιοι..
866 5808 1153 5868 LXXIX.

1933 1458 2193 1529 viri,cum
2217 1458 2643 1529 persecutionem
2660 1457 2799 1529 loris
2818 1458 3065 1529 intusque
3087 1458 3380 1529 patiuntur,
3405 1478 3509 1519 non

1933 1528 2103 1583 solum
2136 1528 2187 1599 in
2216 1527 2310 1582 Dei
2354 1527 2577 1599 injuriis
2600 1528 2817 1582 minime
2845 1527 3151 1599 excedunt,
3198 1530 3292 1584 sed
3338 1527 3512 1599 neque

1932 1604 2118 1650 contra
2147 1597 2289 1666 ipsos
2314 1598 2648 1651 adversarios
2671 1598 3062 1666 contumeliosa
3092 1599 3253 1652 verba
3274 1597 3511 1666 jaculau-

1934 1673 2039 1719 tur.
2066 1665 2239 1735 Quod,
2270 1666 2379 1720 dux
2406 1666 2688 1731 bonorum,
2721 1676 2867 1721 recte
2896 1665 3086 1722 Petrus
3124 1665 3375 1723 admonet
3397 1671 3512 1735 ,di-

1931 1748 2057 1789 cens
2101 1753 2114 1787 :
2164 1733 2332 1788 Nemo
2374 1746 2593 1788 vestrum
2630 1736 2858 1803 patiatur
2903 1738 3048 1801 quasi
3096 1733 3513 1803 homicida,vaut

1933 1805 2036 1883 fur,
2055 1812 2156 1886 _aut
2181 1805 2483 1886 maledicus.
2514 1804 2808 1886 blaledicus
2829 1806 3231 1886 enim.pa.titur,
3257 1809 3345 1872 qui
3383 1824 3510 1877 pas-

1865 1870 1905 1927 ll
1931 1870 2234 1944 sionissum
2263 1880 2502 1942 tempore
2527 1872 2580 1925 in
2609 1872 2688 1926 sui
2713 1874 2901 1928 saltem
2925 1870 3170 1943 injurium
3202 1870 3512 1944 persecuto-

1937 1942 2011 1996 ris
2037 1942 2343 1996 ell'renatur.

1934 2030 2065 2106 Cap.
2107 2031 2170 2087 V.
2224 2031 2692 2106 -—__Unusquisque
2745 2035 2877 2087 sicut
2924 2037 3117 2106 accepit
3145 2038 3418 2106 gratiam,
3457 2043 3508 2095 iu

1969 2102 2269 2156 alterutrum
2292 2101 2437 2156 illam
2465 2101 2902 2171 administrant“,
2931 2101 3109 2175 etc.'(l
3134 2101 3275 2161 Petr.
3299 2124 3371 2175 tv,
3400 2110 3511 2181 l0).

2008 2192 2087 2273 (In
2120 2193 2349 2273 exposit.
2383 2193 2442 2246 Β.
2484 2191 2604 2259 Job,
2647 2194 2741 2248 lib.
2772 2211 2965 2273 axvru,
2999 2212 3144 2273 num.
3176 2196 3290 2273 22.)
3337 2198 3508 2273 Unus-

1939 2264 2165 2336 quisque
2195 2264 2416 2336 virtutes
2441 2280 2513 2336 qu
2529 2265 3005 2336 ts_ac_cepit_debet
3031 2267 3148 2321 aliis
3193 2264 3467 2335 impartire
3490 2289 3506 2336 ;

1936 2342 1993 2418 et
2020 2332 2230 2418 bunum
2254 2332 2395 2418 quod
2423 2332 2767 2418 alterlhubeu
2789 2334 2943 2389 alteri
2972 2334 3131 2418 debet
3156 2332 3510 2418 impeuilere_i

1938 2410 1997 2454 ut
2040 2402 2453 2475 qui_terreuam
2506 2402 2873 2475 substantiam
2915 2406 3159 2472 accepit,
3228 2402 3513 2475 indigentis

1937 2470 2168 2539 proximi
2217 2470 2448 2546 inopiam
2477 2471 2718 2546 sublevet
2732 2488 2753 2546 ;_
2786 2472 2877 2546 qui
2915 2470 3169 2546 doctrinae
3196 2470 3364 2546 gratia
3393 2478 3512 2546 ple—

1939 2556 2038 2593 nus
2080 2548 2200 2602 est,
2252 2540 2544 2607 ignorantis
2604 2540 2831 2608 proximi
2891 2542 3138 2596 tenebras
3188 2540 3349 2599 verbo
3396 2540 3514 2600 sua!

1937 2608 2331 2677 prmdicationis
2358 2608 2624 2661 illustret:
2654 2610 2743 2679 qui
2776 2611 3055 2679 temporali
3087 2620 3350 2679 potestate
3386 2617 3513 2669 sub-

1939 2679 2096 2732 nixus
2115 2686 2215 2751 e.-_t,
2247 2693 2533 2751 oppressos
2558 2692 2587 2730 a
2616 2678 2873 2751 molestiis
2894 2678 3133 2751 ’releuet;
3163 2683 3252 2751 qui
3276 2685 3509 2750 prophe-

1939 2757 2024 2800 ta:
2051 2747 2240 2817 spiritu
2270 2748 2463 2817 plenus
2482 2755 2583 2811 est,
2615 2761 2644 2799 a
2675 2748 2781 2801 vita
2810 2748 3037 2816 proximi
3067 2747 3204 2803 mata
3232 2747 3514 2808 imtninen-

1942 2826 2034 2880 t'a,
2065 2817 2205 2871 bona
2234 2816 2528 2879 suadendo,
2561 2817 2829 2877 declinet;
2860 2818 2949 2884 qui
2972 2819 3195 2885 gratiam
3219 2823 3512 2877 curationis

1936 2886 2144 2960 accepit
2162 2925 2200 2960 ,__
2222 2885 2608 2960 inte‘cessioue
2634 2900 2727 2939 sua
2755 2886 2979 2960 salutem
3020 2888 3395 2960 inﬁrmantium
3427 2893 3515 2960 pie

1937 2954 2291 3026 ethumiliter
2336 2954 2648 3026 impendat:
2679 2957 2767 3023 qui
2796 2970 2845 3026 _a
2868 2957 3112 3026 terrenis
3139 2958 3345 3013 actibus
3372 2954 3509 3015 liber

1935 3025 2036 3079 soli
2060 3025 2169 3079 Deo
2198 3039 2388 3097 :acare
2411 3023 2623 3089 iteruit,
2653 3039 2751 3092 pro
2776 3024 3208 3097 delinquentibus
3247 3030 3508 3097 proximis

1936 3102 2145 3148 exoret.
2197 3092 2281 3147 Fit
2320 3102 2500 3147 autem
2551 3108 2694 3161 saepe
2743 3102 2799 3146 ut
2839 3092 3171 3161 quiterrena
3211 3092 3504 3155 substantia

1937 3164 2096 3218 nimis
2122 3172 2413 3231 occupatur
2438 3203 2452 3225 ,
2499 3162 2725 3217 orationi
2753 3171 3011 3230 quantum
3039 3164 3198 3220 debet
3236 3182 3341 3221 non
3372 3168 3508 3222 invi-

1858 3223 1901 3282 C
1932 3233 2093 3312 gilet;
2144 3238 2198 3286 ct
2227 3223 2283 3285 lit
2311 3223 2623 3312 plerumque
2663 3239 2721 3285 ut
2749 3223 2806 3312 ,ἴε
2832 3234 2921 3299 qui
2951 3233 3016 3312 ad
3046 3236 3375 3290 exorandum
3407 3238 3512 3290 Dn-

1932 3302 2132 3356 tuinum
2156 3301 2363 3356 cunctis
2386 3302 2566 3355 mundi
2595 3301 2845 3355 onertbus
2873 3311 3065 3355 exutus
3089 3312 3261 3367 vacat,
3292 3315 3507 3360 susten-

1931 3371 2186 3425 tationem
2214 3370 2422 3424 vivendi
2456 3387 2560 3423 nun
2586 3370 2797 3423 habeat.
2831 3369 2986 3425 Dives
3017 3371 3174 3436 igitur
3198 3375 3506 3430 alimentnn

1931 3450 1986 3494 et
2011 3441 2387 3511 vestimentum
2417 3440 2642 3511 pauperi
2666 3439 2939 3511 porrigat,
2986 3449 3039 3494 et
3062 3456 3282 3511 pauper
3307 3443 3511 3497 oratiu-

1932 3525 2057 3563 nem
2083 3524 2235 3563 suam
2282 3510 2471 3562 anima:
2496 3508 2675 3577 divitis
2704 3508 2994 3577 impendat.
3044 3508 3201 3564 Alius
3233 3511 3358 3565 mihi
3389 3528 3509 3567 vc"-

1932 3579 2058 3634 bum
2089 3578 2479 3647 pr.edicatiunis
2513 3576 2793 3643 exliibet,’
2817 3585 2872 3631 et
2927 3578 3126 3632 lumine
3177 3581 3415 3635 veritatis
3442 3598 3509 3636 ex

1931 3648 2094 3702 corde
2133 3662 2255 3701 meo
2285 3647 2598 3714 ignorantia:
2627 3649 2875 3715 t--uebras
2913 3648 3161 3715 expellit;
3200 3662 3300 3715 ego
3328 3658 3507 3703 autem

1932 3717 2029 3797 illi,
2057 3717 2181 3797 quia
2211 3715 2494 3797 fortasse}
2525 3714 2708 3795 mundi
2726 3716 3145 3797 .lltlju~-P0l€llie-
3166 3714 3507 3797 Opprimitur,

1933 3783 2182 3840 solatium
2213 3799 2345 3837 meae.
2373 3783 2697 3837 delensionis
2725 3784 2881 3850 impaz
2899 3784 3024 3850 tior,
3050 3794 3105 3838 et
3132 3783 3273 3840 hunc
3292 3786 3359 3841 de
3389 3787 3505 3841 vio-

1932 3854 2089 3909 lentis
2118 3854 2361 3907 manibus
2388 3853 2581 3923 evello.
2616 3850 2941 3923 Undebene
2967 3854 3168 3921 primus
3204 3870 3268 3923 pa
3298 3863 3385 3909 tor
3409 3858 3503 3909 a=l-

1933 3931 2116 3977 monet
2138 3960 2154 3984 ,
2186 3923 2369 3977 dicens
2400 3940 2412 3973 :
2454 3920 2633 3975 Estote
2657 3920 3035 3992 prudentes._et
3063 3920 3271 3992 vigildte
3297 3926 3351 3977 in
3385 3942 3508 3978 ora-

1932 3994 2174 4053 tionibus,
2206 4001 2326 4044 ante
2349 3992 2521 4045 omnia
2552 4000 2778 4043 mutuam
2798 3991 2851 4042 in
2879 3990 3249 4059 vobismet—ipsis
3276 3994 3508 4046 durita-

1935 4073 2034 4137 tem
2059 4063 2355 4137 continuam
2385 4060 2627 4137 habentes
2642 4061 2801 4137 ,_quia
2827 4060 3053 4137 charitas
3083 4063 3247 4137 operit
3274 4062 3510 4114 multitu-

1934 4132 2104 4200 dinem
2120 4128 2494 4200 peccatorum:
2527 4128 2801 4200 hospitales
2827 4129 3040 4200 invicem
3074 4128 3185 4183 sine
3226 4147 3510 4183 murmura-

1934 4198 2181 4257 tionibus.
2211 4199 2556 4269 unusquisque
2592 4198 2722 4251 sicut
2778 4199 3226 4269 uccepitgratiam
3271 4200 3323 4251 in
3354 4200 3511 4252 alter-

1931 4280 2101 4322 utrunt
2140 4269 2283 4322 illam
2312 4267 2750 4321 administrantes.
2780 4267 2870 4321 Sic
2912 4268 3053 4320 enim
3084 4267 3307 4322 Creator
3325 4278 3507 4323 noster

1930 4353 1995 4392 ac
2041 4339 2331 4408 dispositor
2376 4346 2570 4408 comta
2617 4335 2742 4408 ιιιυὰ
2777 4344 2960 4408 ratur,
3012 4344 3070 4390 ut
3094 4338 3268 4408 dum;
3299 4338 3506 4408 singula

1930 4404 2157 4476 quaeque
2184 4418 2305 4461 sunt
2333 4406 2591 4476 omniun,
2620 4404 2934 4476 interposita
2965 4406 3193 4474 quadam
3224 4406 3505 4461 cltaritatis

1933 4472 2346 4547 necessitudine,
2388 4472 2723 4547 liautpmuia
2751 4472 3075 4541 singulorum
3093 4492 3121 4547 ;_
3138 4486 3193 4547 et
3220 4476 3508 4547 unusquis-

1932 4561 2037 4613 que
2064 4546 2143 4599 sic
2168 4544 2310 4613 quod
2334 4560 2439 4599 non
2468 4543 2675 4613 accepit
2702 4545 2753 4596 in
2782 4547 2952 4613 altero
2979 4544 3280 4613 po-sitleat,
3310 4554 3370 4597 ut
3396 4546 3511 4613 ipse

1938 4612 2092 4668 alteri
2116 4612 2653 4683 possidendumun
2682 4614 2889 4683 acc_epit
2913 4612 3187 4683 humiliter
3213 4612 3506 4683 impendat.

1941 4682 2076 4738 llinc
2107 4680 2202 4751 per
2231 4681 2459 4751 Paulum,
2477 4680 2707 4751 deeiyr:
2759 4680 2871 4734 Per
2894 4682 3196 4751 charitatem
3223 4682 3405 4735 servile
3430 4684 3514 4736 in-

1940 4748 2324 4873 vicem'atia'at.
2356 4768 2407 4815 v,
2442 4750 2550 4812 l3).
2582 4748 2730 4804 Tune
2754 4751 2896 4803 enim
2928 4765 3023 4803 nos
3044 4750 3281 4805 charitas
3309 4766 3341 4804 a
3381 4751 3510 4819 jugo

1940 4821 2108 4873 culpa:
2157 4821 2331 4873 ibcros
2359 4819 2563 4873 reddit.
2598 4833 2718 4873 cum
2747 4818 2977 4873 vicissim
3006 4834 3104 4873 nos
3134 4829 3317 4873 nostro
3342 4822 3510 4873 servi-

1939 4821 2108 4890 eulpa:
2137 4818 2331 4874 liberos
2359 4819 2570 4890 reddit,
2598 4833 2718 4890 eum
2747 4818 2977 4873 vicissim
2995 4834 3104 4890 nos
3134 4829 3317 4890 nostro
3342 4818 3513 4874 servi-

1943 4887 2142 4958 tio'per
2168 4903 2407 4943 amorem
2438 4888 2677 4958 subjicit,
2704 4903 2823 4958 cum
2844 4896 2919 4958 Aet
2954 4889 3125 4958 aliena
3154 4887 3296 4943 bona
3328 4898 3511 4943 nostra

1941 4955 2206 5012 credimus
2225 4997 2241 5021 ,
2279 4964 2336 5011 et
2364 4955 2549 5012 nostra
2574 4956 2725 5025 quasi
2766 4955 2885 5010 aliis
2922 4972 3017 5011 sua
3047 4955 3333 5013 oll‘ereutes
3358 4959 3515 5013 exlti-

1942 5028 2149 5082 bemus.
2174 5026 2308 5092 Quia
2337 5027 2478 5081 enim
2501 5028 2639 5081 bona
2665 5036 2844 5081 nostra
2870 5041 2975 5078 non
3005 5041 3036 5081 a
3066 5027 3219 5081 nobis
3244 5034 3386 5089 sunt,
3414 5027 3510 5079 sed

1942 5098 2010 5151 ab
2039 5111 2106 5150 eo
2133 5096 2247 5149 lucc
2271 5097 2572 5164 accepimus
2593 5109 2628 5164 a
2660 5109 2768 5163 quo
2796 5093 2994 5148 factum
3023 5103 3104 5148 est
3140 5104 3197 5148 ut
3224 5110 3466 5150 esseruus
3492 5134 3507 5154 .

1943 5174 2092 5219 tanto
2116 5165 2268 5219 nobis
2296 5180 2357 5217 ea
2387 5163 2493 5217 non
2520 5163 2775 5218 debemus
2800 5164 3031 5217 retinere
3057 5166 3281 5232 privata,
3306 5173 3509 5231 quanto

1940 5234 2095 5288 nobis
2120 5248 2184 5287 ea
2215 5234 2571 5301 conspicimus
2598 5234 2666 5286 ab
2695 5234 2929 5286 Auctore
2957 5240 3140 5286 nostro
3170 5234 3236 5285 ad
3265 5247 3507 5287 commu-

1940 5318 2061 5358 nem
2092 5301 2375 5357 utilitatem
2398 5302 2543 5356 data.
2576 5301 2726 5357 Unde
2770 5311 2920 5355 recte
2945 5301 3135 5356 Petrus
3172 5302 3223 5355 in
3254 5303 3509 5357 exhorta-

1941 5373 2088 5426 tione
2124 5372 2283 5437 hujus
2317 5372 2395 5425 rei
2422 5371 2676 5433 subdidit,
2707 5370 2926 5425 diecns:
2977 5370 3123 5425 Sicut
3150 5369 3271 5423 boni
3297 5370 3381 5423 dis
3446 5387 3511 5423 n-

1941 5450 2135 5493 satores
2172 5441 2499 5493 multiformis
2538 5442 2718 5493 aratiw
2755 5437 2872 5493 Dei.
2904 5437 3054 5493 Tune
3097 5454 3327 5493 namque
3372 5385 3511 5493 {duo

1939 5450 2135 5512 satur-ea
2172 5441 2522 5512 multiformis‘
2536 5442 2718 5512 gratia:
2755 5437 2872 5493 Dei.
2904 5437 3054 5494 Tunc
3097 5454 3327 5512 namque
3372 5437 3513 5493 bene

1942 5508 2280 5563 multiformis
2299 5507 2468 5575 gratia
2494 5507 2587 5563 Dei
2612 5509 2971 5577 dispensatur,
2996 5511 3209 5576 quando
3229 5507 3508 5576 acceptum

1942 5577 2139 5632 donum
2165 5587 2221 5632 et
2247 5577 2365 5647 ejus
2390 5579 2481 5646 qui
2525 5579 2625 5632 hoc
2650 5593 2757 5647 non
2788 5577 2946 5647 habet
2986 5578 3252 5641 creditur,
3293 5577 3509 5645 quando

1944 5654 2165 5770 Bro‘pter
2208 5646 2329 5700 eum
2376 5648 2462 5705 cui
2513 5646 2837 5727 impenditur
2878 5646 3003 5728 sibi
3032 5649 3214 5729 datum
3268 5654 3510 5728 putatur:

1995 5730 2029 5770 tt
2067 5730 2099 5770 e
2126 5714 2297 5770 adhuc
2342 5714 2529 5770 Petrus
2557 5722 2753 5770 ειιίιθοιι
2782 5733 2795 5769 :
2828 5714 2889 5770 St
2917 5733 3029 5770 auis
3074 5718 3316 5770 lonuttttr.
3360 5730 3510 5770 quasi

1995 5714 2099 5770 nde
2126 5714 2297 5771 adhuc
2342 5714 2529 5773 Petrus
2557 5714 2753 5785 adjecit
2782 5733 2795 5769 :
2828 5714 2889 5777 Si
2917 5716 3029 5787 quis
3074 5714 3316 5787 loquitur,
3360 5717 3511 5789 quasi

3118 5812 3194 5870 Ut»
