3982 6306
446 297 579 355 1595

1368 294 1703 353 APPENDIX
1743 297 1835 351 AD
1874 297 1931 353 ὃ.
1972 292 2298 350 αιιεοοιιιι
2338 296 2567 352 υΡΕιιΑ
2606 296 2840 352 ΟΜΝΗ.

3552 297 3721 354 1336

437 414 697 468 visionem
727 408 869 464 nulla
903 408 1079 479 imago
1105 418 1285 479 creata
1316 412 1676 479 corporaliter
1723 412 2024 464 interesset.
2063 412 2105 470 Λ
2135 409 2219 463 hia
2240 410 2443 475 elevet,
2482 418 2539 464 et
2565 425 2736 479 usque
2763 409 2829 462 ad
2868 408 3176 476 despéctum
3220 410 3450 478 proximi
3479 412 3721 469 animum

435 482 504 537 Et
520 480 768 537 viderunt
788 493 916 545 ergo
937 478 1125 533 Patres
1142 477 1350 534 Veteris
1371 477 1698 535 Testamenti
1721 480 2026 543 Dominum,

436 560 494 606 et
522 560 702 604 tamen
737 548 885 616 juxta
912 547 1134 602 Joannis
1168 564 1354 603 vocem
1388 550 1552 605 Deum
1587 566 1744 603 nemo
1773 549 1903 602 vidit
1933 565 2030 603 un-

436 637 631 690 quam,
661 619 785 690 quia
816 619 868 671 in
898 618 997 671 hac
1027 619 1236 690 mortali
1285 634 1447 674 carne
1491 621 1937 690 consistentibus,
1978 625 2034 670 et

439 687 604 745 videri
634 687 807 758 potuit
846 702 942 756 per
969 687 1228 758 quasdam
1270 690 1702 757 circumscriptas
1742 689 2031 753 imagines,

438 767 493 813 et
539 759 706 813 videri
760 774 867 811 non
918 757 1091 824 potuit
1140 760 1236 826 per
1288 758 1802 825 incircumscriptum
1854 758 2030 826 Ιιιςιιοιι

439 828 773 883 aeternitatis.
796 826 890 882 Sin
915 841 1046 881 vero
1067 842 1094 879 a
1117 825 1433 894 quibusvlain
1460 837 1632 896 potest
1662 828 1714 880 in
1737 828 1837 879 hac
1858 825 2032 896 adhuc

442 897 776 967 corruptibili
809 912 968 952 carne
993 896 1323 967 viventibus,
1346 896 1440 950 sed
1461 894 1649 950 tamen
1678 894 2031 967 ἰιιιῐξςιιιιιιιιιὶιί

440 965 640 1023 νίιιιιιό
677 967 1073 1033 crescentibus,
1112 965 1345 1032 quodam
1400 965 2028 1034 contemp'ationisacin

444 1038 607 1097 mine.
637 1044 837 1091 teterna
870 1036 961 1088 Dei
992 1036 1208 1088 claritas
1230 1035 1349 1088 vide
1380 1035 1417 1099 i,
1457 1035 1556 1089 hoc
1580 1033 1799 1102 quotue
1829 1049 1857 1085 a
1890 1033 2031 1087 beati

428 1106 661 1162 Joannis
682 1105 946 1160 sententia
982 1120 1086 1157 non
1119 1103 1392 1160 abhorret.
1419 1106 1508 1171 qui
1540 1106 1608 1157 ait
1639 1120 1653 1157 :
1688 1102 1853 1156 Deum
1884 1102 2031 1155 nemo

442 1178 568 1231 ridit
619 1191 881 1246 unquam;
933 1174 1185 1246 quoniam
1230 1172 1471 1246 quisquis
1519 1174 1870 1246 sapientiam,
1913 1186 2031 1246 quae

430 1247 587 1301 'Deus
614 1242 716 1311 est,
746 1244 908 1307 viilet,
941 1243 1065 1297 huic
1103 1242 1226 1295 vitae
1269 1243 1503 1296 funditus
1533 1243 1779 1301 motitur.
1814 1258 1879 1296 ne
1918 1244 2028 1310 jam

442 1315 560 1381 ejus
586 1329 771 1368 amore
802 1321 1065 1367 teneatur.
1113 1312 1298 1366 Nullus
1344 1313 1541 1382 quippe
1583 1327 1705 1366 eum
1736 1313 1909 1375 vitet,
1940 1312 2029 1382 qui

444 1385 620 1439 adhuc
662 1383 950 1438 carnaliter
978 1383 1140 1446 vivit,
1184 1382 1308 1450 quia
1353 1381 1511 1436 nemo
1556 1390 1732 1451 potest
1781 1381 2031 1450 amplicti

446 1455 612 1508 Deum
655 1453 812 1507 simul
857 1466 910 1506 et
953 1453 1223 1507 smculum.
1253 1451 1354 1517 Qui
1402 1453 1543 1506 enim
1575 1451 1739 1504 Deum
1772 1452 1934 1512 videt,
1966 1466 2033 1504 eo

444 1524 562 1589 ipso
590 1523 836 1586 moritur,
867 1538 974 1591 quo
1014 1523 1097 1575 vcl
1144 1522 1439 1576 intentione
1485 1521 1688 1582 cordis.
1721 1521 1805 1574 vel
1840 1520 1917 1574 all
1943 1530 2033 1574 ctu

443 1594 651 1663 operis,
704 1591 1639 1663 abuhujusvitzedelectationibus
1694 1598 2033 1663 tot-tumente

442 1660 743 1731 separatur.
773 1660 921 1716 Unde
941 1662 1006 1714 ad
1032 1660 1280 1716 eumdem
1306 1677 1520 1731 qunque
1548 1661 1779 1731 Moysen
1797 1660 1991 1731 dicitur
2016 1677 2028 1731 ς

445 1728 571 1786 Non
615 1733 753 1786 enim
797 1732 982 1785 videbit
1021 1749 1099 1785 me
1129 1728 1388 1795 ltomofet
1430 1728 1555 1785 viret
1603 1729 1811 1800 (Ibid.).
1867 1729 1951 1800 Ae
1989 1728 2030 1800 si

448 1810 631 1871 aperte
654 1802 921 1856 diceretur
950 1819 963 1853 :
996 1802 1180 1855 Nullus
1207 1816 1440 1869 unquam
1483 1798 1646 1855 Deum
1692 1800 1837 1853 videt
1874 1798 2032 1869 spiri-

448 1872 681 1937 tualiter,
710 1879 766 1925 et
795 1871 996 1925 mundo
1027 1871 1160 1925 vivit
1188 1871 1496 1925 carnaliter.

446 1959 576 2015 CAP.
608 1958 674 2013 X.
702 1992 774 2007 -—-
803 1960 906 2032 Qui
935 1978 1034 2014 non
1068 1960 1233 2032 diligit
1261 1961 1477 2032 fratrem
1507 1978 1673 2032 etcum,
1716 1977 1863 2032 quem
1898 1958 2033 2013 videt

578 2032 831 2098 quomodo
854 2031 1032 2102 di.’iget
1058 2029 1380 2097 Deu'tn,‘ctc.
1417 2029 1469 2101 (I
1499 2030 1657 2084 Joan.
1690 2029 1764 2097 tv,
1785 2029 1900 2100 ‘20).

521 2120 600 2192 (In
626 2121 861 2192 exposit.
889 2120 951 2174 Β.
972 2119 1093 2192 Job,
1123 2121 1214 2174 lib.
1244 2138 1335 2183 vn,
1364 2136 1510 2175 num.
1543 2119 1658 2192 28.)
1686 2120 1851 2174 Deum
1873 2134 2031 2189 quem

452 2207 561 2245 nan
593 2191 735 2245 videt
765 2191 1039 2260 quomodo
1063 2200 1239 2260 potest
1263 2192 1392 2258 diiig
1414 2194 1523 2244 -re?
1553 2191 1668 2244 Duo
1689 2197 1814 2243 sunt
1836 2204 2036 2258 pta‘ce-

453 2270 542 2326 pta
586 2261 904 2315 charitatis:
939 2259 1032 2312 Dei
1067 2259 1232 2314 amor
1259 2272 1312 2313 et
1342 2260 1607 2328 proximi;
1653 2274 1751 2329 per
1793 2274 2032 2313 amorem

453 2330 568 2397 Dei,
599 2346 752 2400 ainor
778 2330 1005 2400 proximi
1028 2330 1278 2400 gignitur,
1306 2340 1364 2384 et.
1393 2346 1485 2397 per
1511 2344 1749 2383 amorem
1780 2329 2031 2400 proximi,

451 2414 604 2468 amor
632 2399 726 2454 Dei
765 2398 1016 2454 nutritur.
1067 2399 1200 2453 Nam
1230 2400 1320 2468 qui
1353 2400 1516 2452 Deum
1563 2413 1746 2452 amare
1792 2398 2031 2465 negl9git,

474 2467 699 2523 irol'ecto
726 2469 947 2536 diligere
977 2467 1276 2536 proximum
1300 2468 1488 2523 nescit.
1522 2468 1587 2521 Et
1610 2476 1737 2522 tunc
1754 2468 1962 2536 plenius
1982 2468 2034 2521 in

501 2538 550 2592 ci
579 2538 866 2609 dilectione
904 2538 1266 2609 proﬁcimus,
1291 2540 1335 2592 si
1370 2538 1427 2609 in_
1456 2537 1695 2609 ejusdem
1734 2536 2036 2609 dilectizrnis

454 2608 660 2678 gremid
695 2608 839 2678 prius
865 2604 1095 2677 proximi
1124 2608 1385 2678 charitate
1418 2604 1699 2678 laetamur.
1728 2604 1861 2671 Quia
1892 2608 2035 2678 enim

456 2693 611 2730 amor
640 2676 732 2730 Dei
759 2676 995 2733 amarem
1038 2677 1271 2744 proximi
1294 2685 1533 2741 generat,
1567 2676 1809 2730 dicturus
1836 2690 1930 2743 per
1953 2676 2035 2731 lc-

454 2759 574 2869 gem
604 2746 862 2829 Dominus
887 2764 901 2800 :
934 2746 1133 2816 Diliges
1163 2747 1478 2816 proximum,
1511 2745 1784 2814 prmtnisit,
1812 2746 2032 2826 dicens:

508 2819 655 2869 tltaes
686 2814 965 2869 Dominum
994 2815 1159 2869 Deum
1190 2826 1328 2869 tuum
1358 2815 1533 2869 (Deut.
1566 2832 1616 2869 νι
1636 2853 1651 2869 .
1680 2814 1766 2869 5):
1798 2823 1856 2868 ut
1887 2815 2032 2869 setlt-

508 2817 655 2886 iliges
686 2814 965 2870 Dominum
994 2814 1171 2870 Deum’
1190 2826 1328 2869 tuum
1358 2815 1533 2880 (Deut.
1566 2832 1616 2869 νι
1636 2853 1651 2878 ,
1680 2814 1766 2883 5);
1798 2823 1856 2868 ut
1878 2815 2035 2886 scili-

457 2897 543 2957 eet
570 2884 623 2939 in
651 2894 790 2939 terra
816 2887 1050 2957 pectoris
1080 2887 1249 2939 nostri
1280 2887 1427 2955 prius
1455 2886 1654 2957 amoris
1682 2886 1763 2957 sui
1796 2884 2035 2957 radicem

457 2952 666 3022 ﬁgeret,
692 2952 956 3023 quatenus
986 2971 1084 3026 per
1112 2952 1297 3010 ramos
1320 2955 1657 3026 postmodum
1686 2955 1901 3026 dilectio
1931 2955 2037 3008 l‘ra-

460 3034 606 3079 terna
632 3024 1070 3094 geuminaretjlit
1095 3041 1303 3080 rursum
1321 3065 1336 3089 ,
1370 3025 1493 3091 quia
1516 3039 1667 3078 amor
1690 3024 1783 3078 Dei
1811 3039 1874 3079 ex
1906 3039 2034 3093 pro-

460 3096 586 3148 ximi
617 3111 802 3149 amore
840 3096 1061 3150 calescit
1097 3104 1131 3148 ιι
1152 3103 1323 3149 statur
1357 3094 1621 3158 Joannes,
1651 3094 1740 3162 qui
1772 3094 2029 3164 increpat,

458 3164 667 3218 dicens:
695 3164 794 3228 Qui
814 3180 916 3218 non
937 3165 1103 3235 diligit
1121 3167 1335 3235 fratrem
1355 3180 1671 3235 suumquemr
1687 3164 1849 3235 videt:
1877 3164 2039 3217 Deunt

458 3249 604 3354 quem
634 3250 739 3287 non
763 3236 916 3297 videt,
948 3231 1200 3304 quomodo
1224 3244 1389 3302 potest
1417 3231 1632 3303 diligere
1655 3234 1679 3287 2’
1704 3231 1834 3298 ane
1861 3241 2041 3287 tamen

458 3322 475 3354 t
497 3303 636 3354 ivina
666 3303 753 3354 dil-
775 3305 882 3354 ctio
915 3319 1011 3354 per
1033 3304 1277 3354 timorem
1308 3303 1562 3354 nascitur.
1593 3304 1685 3354 sed
1717 3306 1767 3354 ιιι
1790 3302 2041 3354 allectum

458 3302 636 3356 divina
666 3303 753 3355 dil-
775 3305 882 3357 ctio
915 3302 1011 3371 per
1033 3304 1277 3357 timorem
1308 3302 1562 3365 nascitur,
1593 3304 1685 3356 sed
1717 3306 1767 3355 in
1790 3302 2042 3358 allectum

458 3372 753 3427 crtscendo
782 3379 1137 3441 perinutatur.

458 3480 588 3537 Car.
618 3479 710 3536 XI.
735 3515 807 3525 -——
837 3480 937 3547 0.ιὶ
967 3485 1136 3558 diligit
1167 3486 1346 3550 Deum,
1382 3487 1547 3558 dligit
1577 3494 1623 3539 et
1655 3487 1870 3557 fratrem
1897 3504 2041 3541 suum

1013 3555 1253 3626 (ΙΙοαιι.
1283 3572 1356 3623 ιν,
1388 3555 1499 3625 2|).

532 3642 610 3714 (In
630 3646 859 3715 expo~it.
886 3645 945 3701 Β.
967 3645 1090 3712 Job,
1116 3648 1204 3701 lib.
1237 3665 1290 3714 ιι,
1315 3664 1458 3703 num.
1485 3648 1548 3712 8;
1574 3649 1664 3703 lib.
1692 3666 1728 3704 ιι
1750 3649 1800 3703 in
1820 3650 2039 3715 Ezerlt.,

460 3713 605 3785 hom.
635 3714 691 3779 9,
716 3731 865 3770 num.
897 3715 984 3785 ﬂ.)
1023 3713 1281 3772 Charitas,
1300 3720 1363 3770 ad
1395 3727 1584 3773 cuncta
1617 3722 1871 3773 virtutum
1904 3713 2039 3774 facta

461 3782 736 3859 di'atatur,
760 3800 879 3854 qua:
898 3801 928 3839 a
955 3782 1163 3859 duobus
1182 3787 1395 3859 quidem
1420 3804 1543 3858 plaga
1563 3790 1701 3857 eptis
1722 3791 1924 3859 incipit,
1948 3790 2042 3843 sed

460 3854 608 3927 sead
626 3854 918 3927 Δἱιιιιιιιιιιτδ
943 3854 1213 3910 extendit;
1238 3856 1402 3925 Hujus
1422 3854 1655 3927 namque
1678 3859 1808 3927 legis
1830 3854 2039 3913 initium

459 3922 676 3997 dilectio
706 3923 799 3997 Dei
816 3936 1018 3997 eest,_ac
1034 3926 1248 3983 dilectio
1266 3922 1525 3995 proximi;
1552 3922 1618 3982 de
1632 3922 2043 3997 qua'dileclionc

459 3989 696 4062 luas-nes
724 3994 890 4049 dicit:
915 3989 992 4048 Et
1017 3997 1112 4049 hoc
1140 3989 1443 4051 mandatum
1469 3989 1709 4051 habemus
1753 4015 1785 4049 a
1815 3998 1955 4062 Deo,
1987 4007 2044 4051 ut

460 4060 548 4137 qui
573 4062 745 4137 diligit
774 4063 959 4137 Deum,
990 4067 1174 4136 diligat
1198 4076 1246 4120 et
1276 4071 1491 4137 fratrem
1517 4084 1685 4121 suum.
1717 4067 1822 4122 Sed
1853 4060 1950 4122 Dei
1969 4068 2044 4122 di-

464 4130 624 4214 lectio
672 4130 770 4214 per
801 4135 900 4214 tria
928 4130 1298 4214 distinguitur;
1326 4139 1552 4214 quiaex
1585 4145 1715 4214 toto
1745 4137 2042 4214 eordc_,_cx

462 4208 577 4253 tota
604 4204 801 4275 anima,
822 4212 878 4258 et
897 4220 965 4258 ex
989 4213 1097 4259 tota
1123 4206 1431 4259 fortitudine
1452 4206 1596 4274 diligi
1622 4204 1879 4262 Conditor
1896 4206 2045 4275 jube-

465 4278 570 4322 tur.
620 4271 733 4343 Qua
782 4275 942 4343 iure
973 4275 1262 4329 notandum
1292 4284 1376 4328 est
1402 4271 1570 4343 quod'
1592 4275 1802 4331 divinus
1840 4271 2040 4343 sermo,

463 4354 589 4414 cum
618 4338 783 4414 Deum
813 4342 957 4414 diligi
990 4345 1248 4413 praecipit.
1280 4361 1386 4399 non
1410 4338 1584 4401 solum
1614 4353 1796 4399 narrat
1822 4361 1888 4400 ex
1911 4338 2038 4414 quo,

460 4409 557 4463 sed
584 4410 746 4483 etiam
770 4409 1019 4483 informat
1036 4428 1103 4467 ex
1123 4409 1344 4480 quanto,
1368 4429 1487 4469 cum
1510 4413 1664 4479 subth
1688 4415 1798 4483 igit,
1819 4433 1884 4469 ea:
1904 4409 2041 4471 tota}

463 4486 524 4553 ut
552 4479 797 4553 videlicet
824 4482 915 4553 qui
955 4483 1192 4553 perfecte
1218 4484 1328 4539 Deo
1361 4486 1571 4553 placere
1598 4479 1902 4551 desiderat,
1938 4487 2037 4540 sibi

461 4548 531 4603 de
556 4563 615 4603 se
638 4548 1078 4623 nihilrelinq'uat.
1108 4552 1342 4607 Proximi
1362 4548 1553 4607 autem
1596 4553 1809 4608 dilectio
1836 4548 1903 4609 ad
1932 4556 2040 4610 duo

464 4627 733 4692 priccepta
759 4622 1050 4692 derivatur,
1080 4639 1199 4677 cum
1228 4632 1285 4678 et
1308 4640 1402 4689 per
1420 4624 1704 4690 quemdam
1731 4624 1932 4692 justum
1957 4628 2039 4679 di-

461 4688 605 4762 ditur
629 4688 845 4762 {Quod
870 4690 952 4762 ab
978 4694 1082 4746 alio
1112 4692 1202 4747 tibi
1245 4688 1358 4748 adis
1386 4688 1522 4762 ﬁeri,
1566 4693 1677 4746 ride
1714 4688 1776 4747 ne
1805 4704 1858 4747 tu
1887 4695 2039 4750 alteri

461 4758 627 4844 feciet
653 4758 805 4844 (τρι.
838 4761 956 4844 ιη]
968 4762 1043 4844 t5).
1072 4762 1136 4844 Et
1162 4779 1258 4844 per
1276 4758 1627 4844 setii'etipsam
1641 4762 1853 4844 Veritas
1874 4765 2034 4844 dicit:

464 4826 803 4902 Quweultis,
830 4826 1106 4902 ut'faeiant
1130 4826 1269 4886 vobis
1295 4826 1557 4895 homines,
1589 4834 1662 4885 ita
1683 4842 1731 4885 et
1768 4850 1854 4887 vos
1885 4836 2040 4900 facile

458 4897 568 4949 illis
592 4896 806 5021 ςιρΙαηΙι.
838 4896 932 4967 τιι,
965 4900 1052 4971 12)
1078 4919 1093 4967 ;
1124 4902 1316 4972 quibus
1343 4904 1581 4968 duobus,
1608 4903 1813 4957 scilicet
1839 4896 2038 4960 utrius-

460 4980 567 5021 nuc
638 4971 921 5021 estamenti
951 4972 1235 5021 mandatis.
1268 4988 1363 5021 ner
1388 4988 1549 5021 unum
1586 4972 1787 5021 malitia
1826 4989 2038 5021 mmne-

460 4980 567 5046 que
592 4971 921 5046 Testamenti
948 4971 1235 5046 mandatis,
1268 4988 1363 5042 per
1388 4988 1549 5025 unum
1586 4972 1789 5027 malitia
1826 4989 2044 5046 compe-

460 5041 647 5112 scitur,
681 5054 777 5112 per
819 5041 963 5094 aliud
984 5042 1291 5112 benignitas
1331 5049 1687 5112 praerogatur,
1734 5054 1792 5095 ut
1837 5041 2035 5099 malum

458 5105 615 5186 quod.
631 5105 737 5176 pati
769 5125 899 5186 nonL
909 5110 1039 5175 vult,
1067 5105 1293 5186 quisque
1322 5105 1429 5165 ἠπιιι
1455 5105 1680 5186 faciens,
1696 5121 1868 5186 cesset
1894 5128 1923 5166 a
1948 5130 2042 5168 no-

460 5175 618 5254 cendi
635 5175 831 5254 opere.
857 5179 925 5234 Et
944 5175 1152 5254 rursiim
1177 5175 1375 5236 bonum
1404 5181 1548 5254 quod
1572 5182 1671 5235 sibi
1696 5182 1806 5235 lieri
1832 5194 1993 5252 appet
2017 5192 2038 5238 t

460 5246 795 5325 impendens,
836 5264 962 5325 erga
993 5251 1292 5325 utilitatem
1326 5246 1574 5325 proximi
1596 5266 1655 5305 se
1690 5246 2031 5325 exerceatcx

459 5313 810 5383 benignitate.
858 5313 963 5374 sed
992 5319 1106 5375 haec
1134 5313 1382 5374 nimirum
1411 5322 1517 5375 duo
1545 5320 1670 5373 dum
1697 5322 1921 5375 sollicita
1953 5323 2035 5376 in—

463 5386 704 5463 tentione
745 5390 1076 5463 cogitantur,
1105 5405 1201 5463 cor
1222 5390 1289 5463 ad
1314 5393 1617 5463 innumera
1648 5391 1909 5463 virtutum
1934 5394 2037 5463 mi-

459 5455 986 5536 disteriatenditur;
1017 5475 1085 5514 ne
1109 5460 1195 5515 vel
1217 5459 1287 5536 ad
1311 5457 1584 5536 inferenda
1611 5475 1731 5529 qua:
1751 5460 2040 5536 nontlebgt

459 5522 741 5597 desideriis
768 5522 1003 5596 inquieta
1033 5544 1185 5584 mens
1214 5532 1435 5597 ferveat,
1464 5530 1547 5584 vel
1584 5522 1708 5597 erga
1739 5531 2038 5585 exhibenda

460 5605 584 5669 qua:
607 5596 770 5669 debet
795 5600 909 5653 alio
949 5599 1183 5669 resoluta
1210 5608 1502 5669 torpeseat.
1550 5596 1682 5669 Nam
1726 5615 1846 5653 cum
1886 5609 2041 5655 cavet

462 5663 619 5739 alteri
646 5664 826 5739 facere
850 5668 994 5739 quod
1017 5663 1354 5739 nequaquam
1387 5671 1500 5721 vult
1523 5666 1591 5722 ab
1618 5668 1790 5739 altero
1812 5670 1925 5739 ipsa
1956 5680 2039 5725 to-

466 5728 664 5799 lerare,
691 5728 921 5790 sollicita
946 5752 1004 5792 se
1028 5728 1327 5798 intentione
1350 5738 1729 5807 circumspicit,
1757 5728 2038 5810 nc'super-

2135 479 2393 545 dejiciens
2438 480 2671 545 exaltct;
2707 495 2773 532 ne
2820 479 3043 532 ambitio
3082 479 3467 546 cogitationem
3510 482 3721 547 laniet;

2133 563 2363 618 cumque
2388 549 2525 603 hanc
2552 548 2617 601 ad
2648 548 2820 601 aliena
2849 548 3148 618 appetenda
3178 549 3396 607 dilatat.
3422 560 3678 617 angustet
3707 572 3723 616 ;

2133 633 2203 688 nc
2239 617 2334 671 cor
2370 618 2576 672 luxuria
2612 618 2851 684 polluat,
2884 628 2939 671 et
2977 617 3274 684 subjectum
3311 619 3599 673 desileriis
3632 637 3728 688 per

2134 687 2319 740 illicita
2368 694 2709 755 corrumpat;
2756 702 2824 740 ne
2874 687 2950 740 ira
2995 696 3300 755 exasperet,
3344 696 3399 742 et
3440 687 3726 756 usquead

2140 755 2513 821 proferendam
2570 756 2947 810 contumeliam
3006 756 3332 822 inﬂammet;
3386 773 3457 812 ne
3512 755 3725 813 invidia

2135 826 2381 895 mordeat
2402 866 2415 885 .
2447 835 2500 879 et
2530 826 2719 880 alienis
2744 825 3083 881 felicitatibus
3111 827 3301 879 :cznula
3323 866 3339 890 ,
3388 843 3484 881 sua
3510 844 3577 883 se
3609 829 3729 883 face

2135 909 2237 947 con
2272 902 2448 960 nmat;
2495 911 2562 949 ne
2598 895 2948 948 immoderate
2987 896 3217 961 linguam
3264 896 3566 963 loquacitas
3599 910 3727 962 per-

2136 966 2334 1035 trahat,
2377 980 2603 1032 eamque
2653 979 2820 1035 usque
2860 964 2935 1035 ad
2986 964 3255 1018 lasciviam
3306 967 3729 1021 obtrectationis

2134 1034 2421 1104 extendit;
2456 1049 2522 1087 ne
2548 1032 2750 1104 odinmi
2768 1032 2968 1104 malitia
3014 1035 3243 1100 excitet,
3272 1042 3327 1087 et
3358 1051 3420 1088 os
3451 1051 3629 1104 usque
3661 1038 3727 1089 ad

2129 1101 2367 1169 jaculum
2391 1104 2716 1158 maledictim
2741 1103 2784 1156 is
2810 1103 3000 1157 irritet.
3031 1104 3349 1172 EtArutsum.
3369 1119 3494 1158 cum
3518 1101 3730 1172 cogitat

2135 1182 2193 1225 ut
2223 1188 2283 1225 ea
2308 1173 2463 1226 alteri
2494 1174 2654 1226 laciat
2681 1189 2797 1243 que
2820 1173 2932 1241 ipsa
2964 1172 3061 1226 sibi
3086 1170 3198 1226 ﬁeri
3230 1188 3296 1225 ex
3322 1174 3500 1226 altero
3528 1170 3730 1243 exspe-

2134 1250 2267 1305 Clnl,
2300 1252 2489 1311 pensat
2511 1244 2759 1296 nimirum
2783 1250 2840 1295 ut
2866 1243 3018 1295 malis
3047 1243 3209 1307 bona,
3235 1250 3287 1294 et
3310 1244 3469 1295 bonis
3497 1246 3726 1297 meliora

2134 1315 2490 1381 respondeat;
2526 1320 2582 1365 ut
2609 1327 2733 1379 erga
2764 1326 3021 1381 procaces
3048 1312 3512 1365 mansuetudinem
3534 1312 3730 1381 longa-

2136 1380 2391 1434 nimitatis
2439 1382 2722 1445 exhib-at,
2768 1380 2832 1434 ut
2864 1380 3092 1433 'malitite
3142 1389 3291 1445 peste
3341 1382 3730 1449 languentibus

2134 1451 2360 1514 gr..tiam
2404 1450 3108 1521 benigiiitatisximpendat,
3161 1459 3219 1503 ut
3263 1451 3542 1521 discordes
3591 1468 3730 1521 pace

2138 1521 2304 1580 Itttial,
2353 1530 2408 1574 et
2436 1524 2734 1575 concorles
2779 1520 2843 1572 ad
2871 1520 3365 1589 concupiscentiam
3400 1536 3547 1574 verte
3575 1520 3728 1589 pacis

2138 1591 2398 1656 accingat,
2425 1599 2481 1643 ut
2508 1590 2863 1657 indigentibus
2886 1588 3189 1643 necessaria
3211 1590 3428 1654 tribuat,
3455 1599 3515 1642 ut
3535 1606 3732 1644 emin-

2139 1659 2280 1712 tibus
2308 1660 2448 1711 viam
2480 1659 2814 1713 rectitudinis
2840 1660 3107 1719 ostentat,
3138 1667 3194 1710 ut
3223 1659 3451 1713 afﬂictos
3478 1661 3653 1712 verbo
3674 1671 3729 1713 et

2139 1729 2512 1796 compassimze
2535 1730 2782 1792 mulceat,
2808 1739 2869 1782 ut
2889 1742 3144 1781 accensos
3167 1727 3217 1780 in
3242 1727 3401 1795 hujus
3422 1730 3609 1783 mundi
3633 1730 3729 1783 de-

2138 1798 2350 1852 sideriis
2381 1799 2747 1867 increpatione
2788 1797 3103 1866 restringat,
3134 1805 3189 1849 nt
3218 1797 3390 1851 minus
3422 1800 3726 1865 potentium

2136 1868 2547 1921 ratiocinatione
2603 1868 2845 1934 mitiget,
2904 1875 2962 1920 ιιι
3016 1882 3397 1937 oppressorum
3447 1871 3727 1935 angustias

2136 1945 2333 2007 quanta
2366 1937 2654 2004 prtevalcat
2682 1952 2783 2006 ope
2804 1938 2965 2001 levet,
2997 1945 3055 1989 ιιι
3080 1936 3604 2007 Ιοτῑςνρείειρηιίῑιιιε
3630 1955 3728 2007 τψ-

2128 2006 2302 2074 ponat
2332 2008 2642 2076 patienti.un
2663 2047 2678 2068 ,
2722 2016 2780 2060 ut
2808 2008 2949 2060 intus
2987 2006 3421 2073 superbientibus
3466 2006 3727 2061 exhibeat

2137 2091 2259 2129 cum
2288 2076 2539 2145 patientia
2571 2076 2925 2145 disciplinam,
2954 2084 3013 2128 ιιι
3033 2089 3157 2143 erga
3187 2085 3363 2129 errata
3386 2091 3429 2129 s:
3452 2077 3724 2131 bditornm

2136 2147 2214 2199 sic
2244 2147 2596 2199 mansuetudo
2624 2147 2796 2199 zelum
2830 2155 3090 2215 temperet
3130 2153 3415 2215 quatenus
3442 2160 3473 2197 a
3506 2145 3723 2212 iustitia:

2136 2216 2314 2270 studio
2344 2232 2452 2269 non
2481 2222 2720 2282 enervet,
2752 2215 2830 2270 sic
2850 2214 2914 2267 ad
2945 2214 3200 2269 ultionem
3228 2214 3377 2269 zelus
3399 2214 3625 2276 ferveat,
3653 2232 3720 2270 ne

2138 2294 2316 2338 tamen
2345 2286 2558 2354 p'etatis
2588 2285 2807 2338 limitem
2849 2283 3105 2338 terrendo
3136 2284 3518 2346 transcendat;
3553 2296 3609 2339 ιιι
3639 2287 3723 2339 in-

2136 2362 2318 2423 gratos
2341 2355 2614 2409 benelieiis
2638 2354 2713 2416 ad
2732 2368 2972 2408 amarem
3003 2354 3098 2407 Dei
3130 2364 3421 2422 provocet,
3454 2364 3513 2406 ut
3539 2365 3725 2422 gntes

2137 2438 2384 2491 quosque
2412 2424 2720 2478 miristcriis
2750 2424 2801 2477 in
2833 2438 3016 2476 amore
3040 2433 3241 2489 servet,
3270 2433 3329 2476 ut
3350 2424 3721 2493 proximorum

2122 2493 2278 2562 'mala
2308 2508 2431 2546 cum
2450 2494 2719 2560 ceirigere
2743 2508 2847 2546 non
2878 2492 3022 2546 valet
3052 2500 3243 2554 taceat,
3286 2492 3491 2547 etcum
3522 2496 3722 2562 corr'gi

2139 2561 2409 2630 loquendo
2448 2571 2698 2632 possunt,
2731 2563 3001 2617 si'entium
3041 2576 3361 2632 consensum
3393 2577 3515 2616 esse
3554 2561 3721 2632 perti-

2139 2640 2371 2697 mescat;
2402 2631 2459 2685 ut
2483 2632 2560 2687 sic
2590 2648 2650 2687 ea
2678 2647 2794 2701 qua:
2827 2640 2969 2686 tacet
2997 2631 3189 2686 toleret
3215 2648 3280 2685 ne
3315 2642 3496 2685 tamen
3527 2631 3577 2686 in
3606 2635 3724 2687 ani-

2141 2717 2230 2755 tno
2278 2702 2418 2755 virus
2458 2703 2661 2756 doloris
2698 2700 2956 2766 ’occultet,
3003 2700 3167 2756 utsic
3197 2700 3480 2755 malevolis
3531 2718 3722 2757 munus

2140 2770 2482 2838 benignitatis
2526 2771 2779 2825 exhibeat
2823 2786 2890 2825 ne
2937 2780 3113 2825 tamen
3152 2785 3248 2839 per
3271 2771 3501 2839 gratiam
3532 2786 3562 2824 a
3603 2771 3723 2839 juzc

2140 2842 2475 2895 rectitudinis
2502 2842 2759 2905 excedat,
2790 2849 2847 2894 ut
2874 2853 3064 2895 cuneta
3096 2840 3353 2909 proximis
3376 2855 3497 2909 quae
3524 2858 3724 2909 ιιτευινςιη

2132 2910 2157 2963 λι
2197 2919 2216 2963 ι
2259 2911 2550 2979 impendat,
2593 2912 2686 2965 sed
2729 2912 2841 2964 hrc
2868 2910 3225 2977 impendetiilo
3265 2927 3371 2963 non
3407 2910 3624 2970 timeat;
3667 2925 3723 2964 ιιι

2140 2982 2217 3035 sic
2248 2981 2298 3033 in
2325 2982 2478 3035 bonis
2497 2996 2617 3048 qua:
2646 2981 2861 3034 exhibet
2889 2982 3113 3034 tumoris
3135 2980 3487 3049 prmcipitiuin
3512 2992 3720 3049 paveat,

2142 3065 2217 3119 ne
2232 3058 2410 3105 tamen
2442 3066 2472 3104 a
2499 3050 2626 3106 boni
2652 3051 2911 3105 exercltio
2939 3057 3235 3118 torpesmt;
3269 3058 3328 3103 ut
3354 3050 3434 3104 sic
3462 3065 3579 3118 qua:
3600 3067 3725 3119 pos-

2063 3131 2111 3192 c
2145 3118 2285 3192 sidet
2315 3122 2545 3192 tribuat,
2574 3129 2839 3189 quatenus
2876 3128 3075 3188 quanta
3102 3120 3170 3192 sit
3213 3120 3434 3192 largitas
3474 3118 3723 3192 remune-

2144 3190 2313 3244 rantis
2339 3189 2614 3255 attendat;
2642 3204 2711 3244 ne
2737 3206 2856 3244 cum
2888 3197 3097 3243 terrena
3127 3189 3370 3257 largitur,
3394 3204 3546 3243 suam
3577 3190 3722 3258 plus-

2146 3274 2307 3328 quam
2354 3275 2571 3315 neccsse
2618 3268 2699 3314 et
2745 3258 2977 3328 inopiam
3027 3259 3245 3326 cogitet,
3278 3259 3417 3313 etin
3458 3259 3724 3313 oblatione

2147 3345 2237 3384 mu
2262 3331 2383 3384 ιρι-ἰ»
2413 3330 2696 3383 hilaritatis
2725 3328 2903 3382 lumen
2936 3329 3147 3382 tristitia
3177 3330 3453 3383 obscuret.
3484 3328 3722 3383 Chaiitas

2146 3400 2307 3468 igitur
2358 3401 2400 3454 si
2433 3409 2665 3454 mentem
2697 3400 2852 3468 plene
2897 3400 3119 3468 ceperit,
3154 3398 3293 3452 hanc
3332 3400 3400 3451 ad
3450 3399 3721 3452 innumera

2146 3467 2308 3537 opera
2339 3467 2738 3524 multiformiter
2756 3469 3016 3537 accendit.
3042 3467 3135 3522 Est
3158 3468 3340 3537 itaque
3366 3468 3418 3520 in
3442 3468 3722 3521 dilectione

2147 3536 2239 3593 Dei
2270 3539 2574 3595 necessario
2624 3540 2850 3592 teucnla
2899 3536 3029 3592 lites
3073 3548 3127 3592 ct
3174 3536 3318 3604 vita;
3360 3540 3412 3590 in
3446 3538 3727 3591 dilectione

2148 3625 2277 3663 vero
2307 3609 2536 3677 proximi
2561 3607 2717 3662 debet
2746 3622 3088 3676 summopere
3116 3609 3465 3677 pat'cntiaet
3491 3607 3541 3659 b;
3563 3609 3722 3674 uigui-

2146 3687 2228 3730 tas
2258 3676 2535 3732 custodiri.
2585 3677 2625 3730 E
2659 3687 2677 3731 t
2720 3679 2863 3732 enim
2896 3680 2946 3731 in
2978 3676 3268 3732 dilectione
3300 3676 3396 3731 Dei
3428 3677 3723 3731 necessaria

2148 3746 2278 3801 lidcs
2308 3756 2362 3801 et
2392 3746 2521 3813 vita,
2557 3748 2681 3816 quia
2712 3747 2957 3801 videlicet
2987 3747 3241 3816 scriptum
3266 3756 3351 3801 est
3376 3763 3391 3798 ε
3440 3744 3600 3799 Fides
3626 3750 3728 3799 sine

2145 3816 2381 3889 operibus
2402 3829 2603 3889 mortua
2633 3827 2707 3889 (st
2739 3816 2921 3889 (Iacob
2974 3833 3029 3889 ιι,
3055 3818 3149 3889 Ξβ)
3177 3834 3191 3880 ;
3223 3818 3478 3889 pr_oha:io
3500 3832 3630 3889 ergo
3653 3818 3726 3889 d5-

2146 3884 2395 3942 lcctiouis
2424 3886 2683 3956 exhibitio
2713 3884 2795 3940 cit
2839 3888 3037 3956 aperis.
3090 3884 3234 3941 lline
3264 3884 3506 3956 Joannes
3534 3886 3586 3939 in
3614 3886 3726 3953 cpio

2145 3956 2283 4027 stula
2313 3971 2411 4011 sua
2439 3956 2566 4025 dicit
2591 3973 2603 4008 :
2637 3954 2739 4019 Qui
2760 3954 2902 4027 dicit,
2929 3958 3051 4027 quia
3079 3957 3241 4026 diligo
3277 3955 3487 4027 ‘Deum,
3518 3965 3568 4009 et
3588 3973 3728 4027 matt-

2145 4026 2409 4096 dataﬂejus
2451 4024 2554 4080 non
2585 4025 2830 4093 custodit,
2872 4024 3097 4080 mendax
3123 4024 3200 4080 est
3241 4024 3294 4094 (I
3323 4024 3490 4096 Jaau.
3540 4042 3615 4090 tv,
3642 4024 3724 4092 ΞΩ,

2146 4095 2220 4165 4).
2270 4095 2409 4150 vere
2438 4096 2580 4151 enim
2609 4096 2896 4165 diligimus,
2946 4097 2990 4150 si
3019 4098 3084 4149 ad
3117 4098 3369 4149 mandata
3410 4095 3532 4163 ejus
3560 4112 3658 4149 nos
3692 4111 3723 4151 ea

2148 4167 2345 4220 nostris
2375 4166 2736 4231 voluptatibus
2767 4174 3121 4220 coaiclamus.
3154 4165 3288 4218 Nam
3316 4165 3411 4233 qui
3438 4167 3615 4219 adhuc
3640 4180 3730 4233 per

2146 4236 2329 4290 illicita
2371 4236 2634 4290 desideria
2684 4234 2890 4301 deﬂuit,
2934 4235 3176 4305 profecto
3223 4234 3392 4305 Dedin
3424 4251 3534 4289 non
3563 4242 3722 4305 amat,

2184 4306 2268 4357 uia
2300 4306 2347 4361 ei
2392 4308 2443 4359 in
2487 4320 2579 4358 HI'I
2613 4305 2887 4373 voluptate
2934 4303 3272 4360 contradicit.
3320 4303 3419 4357 Et
3473 4315 3651 4358 autem
3678 4304 3728 4357 ia

2182 4375 2432 4431 i'eetione
2461 4374 2689 4443 proxi-ni
2722 4375 2876 4429 nobis
2903 4375 3158 4443 patientia
3193 4384 3247 4428 et
3273 4374 3580 4441 benignitas
3600 4388 3725 4428 con-

2146 4445 2429 4510 servanda,
2460 4444 2583 4511 quia
2627 4443 2695 4498 de
2739 4444 2925 4498 eadem
2958 4444 3249 4512 dilcCtione
3292 4446 3554 4512 scriptum
3602 4453 3725 4497 est:

2074 4505 2119 4563 D
2147 4505 2733 4594 Qharitaspa'tiettsiest,
2762 4512 2979 4594 benigna
3006 4523 3081 4594 est
3110 4512 3166 4594 (ι
3197 4511 3320 4594 Cor.
3349 4505 3467 4578 xui,
3494 4514 3585 4594 at);
3630 4529 3729 4592 pa-

2147 4585 2283 4638 tiens
2312 4584 2550 4654 scdicct,
2582 4593 2644 4641 ut
2666 4585 2811 4638 illata
2840 4582 3153 4654 a'proximis
3183 4582 3325 4636 mala
3357 4582 3730 4654 aquanitniter

2142 4663 2356 4722 ponet;
2387 4653 2613 4721 benigna
2642 4666 2845 4720 autem,
2875 4653 2931 4707 ut
2957 4668 3050 4708 sua
3076 4653 3219 4709 bona
3239 4653 3506 4723 proximis
3526 4653 3728 4707 deside.

2143 4723 2384 4777 rabiliter
2413 4724 2706 4793 impendat.

2142 4811 2270 4867 CAP.
2303 4811 2491 4866 Xll.—-
2512 4811 2609 4866 Est
2638 4822 2901 4881 peccatum
2922 4812 2995 4867 ad
3018 4823 3231 4868 mortem
3260 4812 3315 4884 (Ι
3336 4811 3500 4867 Joau.
3531 4827 3587 4881 v,
3620 4810 3726 4879 {6).

2217 4902 2297 4973 (In
2324 4919 2449 4973 exp.
2479 4903 2537 4957 Β.
2569 4902 2691 4963 ιλιι),
2715 4903 2748 4956 ι.
2783 4919 2889 4965 xvt,
2914 4920 3061 4958 num.
3091 4903 3161 4956 δὲ
3181 4920 3195 4969 ;
3218 4904 3310 4958 lib.
3336 4919 3395 4964 tt,
3422 4904 3473 4957 in
3503 4902 3727 4968 Ezech.,

2144 4972 2291 5042 hom.
2344 4972 2405 5037 9,
2447 4989 2594 5026 num.
2625 4975 2701 5041 5.)
2745 4973 3030 5028 Peccatum
3072 4974 3202 5028 illud
3231 4989 3401 5042 usque
3430 4974 3497 5026 ad
3532 4972 3727 5026 inferos

2145 5041 2293 5096 ducit
2325 5042 2467 5111 quod
2498 5052 2623 5098 ante
2662 5044 2819 5097 linem
2850 5046 2969 5097 vita:
3000 5045 3276 5112 prmscntis
3305 5041 3403 5111 per
3430 5043 3728 5110 correptio-

2144 5127 2267 5165 nem
2291 5122 2345 5166 et
2367 5113 2736 5181 pmnitentiam
2760 5128 2865 5167 non
2888 5114 3203 5167 emendatur
3226 5130 3240 5179 ;
3271 5113 3337 5166 de
3354 5128 3463 5180 quo
3481 5113 3727 5165 vilelicet

2142 5191 2367 5249 peccato
2398 5199 2492 5251 per
2516 5181 2776 5237 Joannem
2805 5183 3000 5236 dicitur
3029 5201 3042 5235 :
3073 5182 3168 5236 Est
3194 5192 3457 5252 peccatum
3486 5182 3559 5235 ad
3586 5198 3723 5235 mor-

2144 5260 2267 5319 tem,
2295 5270 2398 5305 non
2421 5269 2513 5320 pro
2538 5252 2627 5305 illo
2649 5254 2786 5320 dico,
2815 5264 2870 5304 ut
2896 5263 3037 5323 roget
3061 5251 3200 5324 quis.
3242 5251 3529 5306 Peccatum
3573 5266 3724 5324 nam-

2141 5334 2248 5388 que
2275 5325 2342 5376 ad
2369 5330 2596 5375 mortem
2618 5330 2700 5376 est
2726 5321 3003 5391 peccatum
3031 5321 3199 5392 uéque
3222 5324 3289 5375 ad
3313 5331 3577 5392 mortem;
3600 5321 3724 5389 quia

2143 5392 2352 5461 scilicet
2376 5401 2658 5459 peccatum
2686 5390 2829 5461 quod
2855 5393 2941 5447 hic
2972 5409 3076 5447 non
3096 5390 3402 5461 corrigitur,
3431 5390 3549 5456 ejus
3572 5392 3723 5443 venia

2137 5460 2338 5531 {rustra
2368 5462 2688 5529 postulatur.
2721 5460 2835 5515 Hoc
2859 5472 3037 5517 autem
3068 5463 3208 5516 inter
3236 5460 3516 5531 peccatum
3544 5470 3600 5514 et
3632 5461 3728 5531 de-

2144 5528 2329 5585 lictum
2356 5528 2551 5594 distat,
2582 5531 2724 5600 quod
2755 5541 3034 5601 peccatum
3061 5541 3147 5587 εει
3170 5528 3310 5585 mala
3349 5530 3559 5593 facere,
3592 5530 3724 5583 deli-

2143 5608 2289 5654 ctum
2319 5602 2631 5672 verobona
2659 5600 3034 5671 derelinquere
3062 5617 3187 5672 qua;
3221 5614 3568 5672 summepere
3600 5605 3728 5653 sum

2146 5672 2397 5751 tenenda.
2433 5670 2546 5751 γει
2575 5680 2722 5727 certe
2751 5669 3029 5741 peccatum
3058 5669 3141 5730 est
3175 5670 3230 5726 in
3261 5684 3449 5742 opere,
3471 5669 3725 5726 delictum

2146 5756 2197 5794 ιιι
2228 5752 2573 5812 cogitatione.
3327 5788 3331 5792 .
3646 5772 3649 5775 ν

3739 4706 3755 4778 ἰ

3924 6144 3931 6185 l
