3982 6344
243 348 378 403 ιδση
932 345 1178 402 ALULFI
1219 343 1575 402 EXPOSITIO
1613 343 1769 400 NOVI
1808 343 2004 399 resr.
2046 373 2117 387 -
2155 344 2302 401 sur.
2348 344 2845 403 srocmpsnt.
3365 326 3518 398 'tsos

917 579 1281 639 EXI’USI'UO
1317 581 1541 636 SUPER
1579 579 1963 638 EPISTULAM
2003 578 2067 634 Ill
2107 579 2169 636 Β.
2209 579 2492 636 JOANNIS
2530 555 2882 636 APOSTOLI.
3538 587 3548 636 ,'

3537 643 3544 666 δ

235 700 423 754 Carur
452 695 684 752 Palmm.
718 729 790 738 —
823 692 933 749 Nos
969 710 1092 764 ergo
1120 695 1378 762 suscipere
1417 691 1652 764 debemus
1682 693 1836 764 _ejus-
1865 695 1910 753 Α
1942 706 2132 764 eorum
2155 689 2247 762 qui
2271 689 2456 746 audire
2486 691 2676 764 nqsad
2693 691 2838 746 bona
2859 699 3125 764 poterant,
3157 691 3520 764 innocentium

314 769 472 834 modi,
523 777 578 820 ut
625 775 984 836 cooperatores
1028 761 1188 817 simus
1231 761 1455 817 ueritatis
1497 761 1632 834 (ῌΙ
1668 761 1830 818 Ιοαιι.

315 857 352 904 ι,
378 839 459 907 7).

314 925 535 993 (llomil.
567 923 659 988 20,
693 924 744 978 in
770 921 994 991 Evang.,
1029 919 1542 993 n.12.)S:eculares
1567 921 1663 976 viri
1694 922 1832 976 intra

239 991 486 1051 sanctam
537 993 834 1062 Ecclesiam
886 992 1130 1062 quamvis
1175 991 1532 1062 Spiritualium
1560 995 1832 1062 (virtutum

240 1067 382 1120 dona
411 1079 516 1118 non
541 1064 762 1124 habent,
786 1061 913 1116 dum
941 1071 1116 1115 tamen
1139 1069 1355 1116 sanctos
1377 1061 1522 1116 viros
1541 1061 1695 1115 donis
1722 1063 1832 1127 spi-

240 1135 526 1188 ritualibus
556 1133 742 1202 plenos
767 1147 866 1186 sua
888 1131 1133 1198 largitate
1158 1138 1481 1202 sustentant,
1505 1130 1556 1184 in
1579 1131 1835 1202 spirituag

241 1207 378 1258 libus
406 1199 592 1258 eorum
621 1203 776 1257 donis
801 1211 1186 1270 cooperatores
1231 1199 1396 1270 liunt;
1435 1201 1540 1255 hoc
1583 1209 1709 1255 ante
1738 1201 1830 1254 Dei

239 1275 431 1328 oculos
450 1271 784 1335 exhibentes,
808 1269 948 1338 quod
972 1270 1254 1339 adjuvant.
1275 1269 1409 1322 llinc
1428 1278 1510 1322 est
1525 1269 1666 1339 enim
1689 1270 1833 1339 quod

237 1345 308 1398 de
353 1341 672 1411 quibusdam
723 1337 1186 1411 peregrinantibus
1238 1338 1523 1411 fratribus,
1563 1337 1834 1411 Gaio‘pcr

235 1407 501 1467 Joannem
547 1407 783 1466 dicitur:
832 1407 941 1464 Pro
991 1411 1196 1464 nomine
1242 1409 1382 1479 enim
1404 1407 1594 1462 Christi
1614 1411 1832 1479 profecti

237 1493 382 1543 siml,
415 1482 546 1534 nihil
572 1481 879 1549 accipientes
906 1496 938 1532 a
967 1479 1264 1548 gentilibus.
1298 1476 1411 1549 os
1442 1494 1564 1548 ergo
1593 1476 1832 1549 debemus

235 1554 497 1620 suscipere
525 1547 801 1621 ejusmodi,
829 1547 1264 1621 utcooperatores
1291 1547 1450 1600 simus
1466 1547 1712 1621 ueritatis.
1730 1548 1833 1621 Qui

234 1617 387 1674 enim
407 1617 699 1688 spiritantia
721 1619 861 1688 dona
888 1617 1229 1688 habentibus,
1254 1617 1574 1686 temporalia
1596 1619 1831 1672 subsitia

238 1687 448 1753 tribuit,
477 1689 530 1744 in
563 1689 691 1758 ipsis
717 1687 874 1742 donis
895 1687 1265 1758 spiritualibus
1281 1694 1606 1758 cooperator
1627 1688 1829 1758 existit.

235 1759 370 1812 Nam
395 1775 516 1813 cum
548 1756 704 1827 pauci
734 1766 860 1811 sunt
893 1756 984 1826 qui
1008 1757 1304 1827 spiritualia
1335 1757 1476 1827 dona
1507 1756 1832 1827 percipiunt,

237 1838 290 1899 et
324 1829 478 1883 multi
505 1826 596 1899 qui
622 1827 786 1882 rebus
809 1826 1192 1899 temporalibus
1212 1826 1508 1890 abundant,
1533 1840 1629 1894 per
1652 1826 1754 1899 hoc
1773 1841 1834 1880 se

235 1898 433 1952 divites
480 1896 776 1966 pauperum
827 1896 1113 1966 virtutibus
1149 1897 1431 1966 inserunt
1467 1909 1575 1964 quo
1631 1896 1832 1951 eislem

235 1968 441 2023 sanctis
468 1964 790 2038 pauperibus
818 1964 886 2020 de
910 1966 1024 2022 suis
1053 1965 1252 2020 divitiis
1277 1964 1614 2019 solatiantur.

235 2057 369 2112 Car.
401 2055 849 2127 ll.—Diotrepbes
875 2073 978 2111 non
1004 2056 1183 2124 recipit
1210 2071 1302 2110 nos
1336 2053 1458 2125 (111
1486 2055 1643 2110 Joan.
1680 2071 1718 2119 ι,
1750 2053 1828 2124 9).
1867 2059 1904 2118 Β

311 2145 452 2215 (Lib.
481 2162 518 2208 ι,
547 2145 600 2199 in
630 2143 847 2209 Ezech.,
872 2145 1056 2200 homil.
1090 2143 1143 2208 9,
1171 2159 1317 2215 num.
1358 2143 1420 2196 l7
1439 2184 1455 2209 ,
1484 2141 1598 2215 i8.)
1638 2142 1829 2211 Magna

236 2213 444 2281 indiget
467 2215 833 2284 inquisitione,
857 2230 978 2270 cum
1009 2215 1142 2284 recti
1179 2213 1320 2284 viam
1349 2213 1542 2284 operis
1563 2221 1827 2284 tenemus,

239 2295 422 2337 utrum
451 2281 666 2353 semper
700 2283 992 2340 debeamus
1030 2281 1404 2353 derogantium
1435 2283 1598 2336 verba
1644 2281 1828 2353 despi-

235 2370 390 2418 cere,
405 2369 473 2407 au
490 2351 638 2408 certe
659 2354 942 2423 aliquando
959 2351 1327 2423 compescere.
1355 2351 1430 2407 De
1450 2366 1557 2421 qua
1578 2367 1637 2406 re
1651 2352 1830 2406 scien-

236 2424 368 2492 tium
397 2431 481 2479 est
501 2423 624 2492 quia
658 2424 864 2490 linguas
889 2422 1305 2487 detrahentium,
1334 2423 1473 2478 sicut
1502 2430 1686 2492 nostro
1713 2430 1826 2476 stu-

240 2491 336 2546 dio
365 2509 473 2546 non
503 2491 757 2562 debemus
786 2492 1052 2562 excitare,
1094 2507 1161 2547 ne
1191 2493 1291 2562 ipsi
1336 2499 1601 2562 pereant,
1631 2491 1703 2545 ita
1733 2506 1834 2562 per

235 2577 394 2616 suam
424 2561 680 2616 malitiam
709 2561 972 2616 excitatas
1001 2561 1259 2617 debemus
1294 2561 1668 2631 aequanimiter
1694 2561 1832 2631 tole-

238 2646 386 2698 rare,
436 2641 494 2686 ut
538 2631 692 2685 nobis
736 2631 988 2685 meritum
1034 2640 1262 2686 crescat.
1319 2629 1621 2699 Aliquando
1661 2629 1829 2699 etiam

236 2716 625 2772 compescere,
676 2715 774 2766 ne,
805 2701 932 2755 dum
961 2700 1030 2756 de
1075 2701 1234 2756 nobis
1273 2698 1832 2767 mala’disseminant,

1938 761 2101 816 corda
2131 759 2497 828 corrumpant.
2539 759 2676 816 Hinc
2701 770 2786 815 est
2813 759 2955 816 enim
2984 761 3128 828 quod
3165 759 3400 816 Joannes
3427 767 3526 817 ob-

1938 830 2246 885 trectatoris
2269 829 2351 884 sui
2377 829 2611 897 linguam
2638 830 2930 900 redarguit,
2951 829 3164 885 dicens:
3190 829 3247 884 1s
3267 831 3356 900 qui
3383 841 3526 885 amnt

1934 902 2213 970 primatum
2242 915 2420 969 gerere
2465 901 2519 954 in
2561 900 2659 967 eis,
2712 898 3018 970 Diotrepltet
3057 915 3162 953 non
3198 898 3376 966 recipit
3406 917 3521 954 nos.

1939 968 2159 1038 Propter
2181 968 2277 1022 hoc
2296 970 2341 1024 si
2362 986 2566 1036 venero,
2585 968 2912 1038 commonebo
2932 969 3047 1038 ejus
3064 985 3222 1038 opera
3243 987 3355 1038 qua:
3375 971 3521 1038 facit,

1935 1037 2098 1093 verbis
2127 1039 2369 1109 malignis
2398 1040 2630 1109 garriens
2651 1039 2704 1092 in
2726 1055 2842 1109 nos.
2867 1037 3002 1109 [ling
3027 1037 3222 1109 Paulus
3241 1037 3528 1109 detrahe-ua

1937 1110 2078 1162 tibus
2108 1107 2414 1163 Corinthiis
2430 1109 2682 1176 loquitur,
2707 1108 2928 1163 dicens:
2958 1107 3229 1175 Epistolaz,
3255 1107 3522 1176 inquiunt,

1936 1195 2116 1246 graves
2132 1186 2271 1242 sunt,
2291 1187 2338 1230 ct
2359 1180 2539 1248 fortes,
2557 1179 2834 1248 prtesentia
2857 1187 3026 1230 autent
3047 1179 3277 1247 corporis
3292 1177 3524 1246 inﬁrma,

1935 1245 1984 1301 et
2007 1264 2172 1301 sermo
2201 1245 2614 1317 contemptibilis.
2647 1245 2762 1302 Hoc
2792 1249 2998 1316 cogitet.
3025 1247 3110 1316 qui
3127 1245 3390 1317 ejusmodi
3425 1256 3526 1310 est,

1934 1318 2055 1387 quia
2081 1335 2112 1387 q
2133 1317 2258 1370 tales
2296 1334 2470 1388 sumus
2512 1316 2661 1371 verba
2692 1315 3055 1388 penepistolas
3084 1315 3354 1388 absentes,
3396 1317 3526 1388 tales

1935 1385 2111 1440 sumus
2136 1397 2413 1456 pra’senles
2440 1387 2491 1438 in
2537 1385 2806 1454 opere'(II
2851 1386 2971 1456 (θον.
3017 1401 3069 1450 x,
3104 1386 3215 1454 10).
3267 1385 3526 1456 Ηίνθιίὶιη

1935 1470 2162 1522 quorum
2193 1455 2374 1526 vitain
2402 1456 2649 1526 exemplo
2675 1455 2988 1510 imitationis
3008 1463 3090 1510 est
3107 1457 3302 1526 posita,
3328 1455 3527 1510 debent

1934 1526 1980 1578 si
2012 1535 2238 1595 possunt
2286 1524 2680 1580 detrahentium
2709 1526 2811 1580 sibi
2853 1527 3016 1580 verba
3045 1524 3410 1595 compescere,
3457 1541 3528 1580 ne

1936 1594 2368 1676 przcdieationcm
2397 1609 2584 1674 eorum
2615 1611 2722 1676 non
2749 1595 3000 1662 audiant,
3031 1595 3125 1664 qui
3147 1594 3333 1676 audire
3373 1605 3526 1676 pote-

1935 1671 2090 1728 rant;
2122 1672 2177 1717 et
2204 1664 2256 1718 in
2297 1664 2475 1733 pravis
2505 1665 2746 1720 moribus
2773 1673 3147 1732 remanentes,
3179 1665 3316 1719 bene
3342 1664 3526 1720 vivere

1935 1732 2310 1788 Contemnunt.
2351 1732 2459 1787 Sed
2505 1735 2604 1789 hac
2635 1735 2688 1789 in
2719 1750 2780 1788 re
2805 1733 2987 1788 subtili
3034 1735 3384 1803 inquisitione
3429 1749 3528 1789 no-

1935 1817 2088 1858 cesse
2113 1811 2197 1856 est
2226 1812 2284 1874 u_t
2323 1803 2670 1874 semetipsum
2699 1804 2909 1858 animus
2953 1803 3257 1874 investiget,
3303 1819 3372 1858 ne
3417 1803 3527 1858 for-

1938 1879 2080 1926 Iasse
2118 1886 2230 1925 sua:
2257 1871 2429 1926 laudis
2456 1875 2682 1953 gloriam
2713 1880 2938 1954 quati-at,
2958 1883 3019 1954 et
3044 1871 3355 1954 animarum.
3373 1874 3520 1953 lucra

1935 1956 1995 1996 se
2021 1956 2263 2013 quaerere
2296 1949 2478 2013 nostra
2526 1942 2784 2013 cogi'atio
2813 1942 3052 1998 simulet.
3093 1943 3250 2013 Saepe
3271 1943 3413 1997 enim
3443 1945 3525 1998 sui

1936 2010 2170 2084 nominis
2195 2010 2362 2084 laude
2381 2010 2881 2084 ani_t_nuspascitur,
2911 2021 2968 2068 et
2994 2014 3149 2084 quasi
3176 2010 3283 2084 sub
3303 2014 3527 2067 obtentu

1935 2079 2205 2151 lucrorum
2237 2081 2591 2151 spiritpalium
2615 2079 2639 2148 ,“
2661 2097 2783 2137 cum
2822 2083 2890 2137 de
2925 2097 2985 2137 se
3010 2079 3153 2138 bona
3179 2081 3290 2136 dici
3316 2097 3522 2151 cogno-

1933 2151 2089 2216 verit,
2122 2149 2351 2205 laetatur.
2382 2149 2446 2203 Et
2474 2165 2617 2220 saepe
2649 2152 2833 2219 gloria:
2855 2167 2966 2206 suae
2993 2151 3309 2208 defensione
3334 2149 3525 2207 contra

1933 2220 2280 2291 detrahentes
2305 2220 2593 2291 irascitur,
2623 2229 2679 2276 et
2720 2221 2868 2291 lingit
2895 2221 3113 2278 sibimet
3149 2221 3295 2291 quod
3321 2222 3425 2277 hoc
3453 2236 3522 2275 ex

1934 2305 2122 2360 eorum
2150 2290 2268 2360 zelo
2293 2289 2454 2344 faciat
2479 2306 2708 2360 quorum
2743 2289 2906 2346 corda
2937 2307 2966 2346 a
3003 2291 3148 2347 bono
3170 2289 3391 2346 fervore
3421 2291 3518 2346 de-

1935 2359 2197 2413 trahentis
2233 2374 2413 2415 sermo
2450 2359 2746 2430 perturbat.
2780 2360 2858 2414 llli
2901 2374 3032 2430 ergo
3058 2361 3258 2417 debent
3300 2374 3523 2428 magno-

1935 2443 2064 2500 pere
2091 2443 2312 2500 curare,
2343 2445 2414 2484 ne
2451 2438 2639 2500 contra
2665 2444 2852 2485 eorum
2882 2431 3192 2500 opinionem
3237 2431 3526 2484 detrahen-

1937 2497 2093 2568 tium
2126 2499 2287 2568 verba
2343 2499 2712 2568 praevaleant,
2777 2501 2871 2568 qui
2919 2497 3078 2554 suam
3140 2500 3524 2555 conscientiam

1937 2567 2206 2622 subtiliter
2242 2567 2620 2632 discutientes,
2661 2582 2720 2622 se
2746 2567 2810 2624 in
2830 2583 2895 2624 ea
2924 2568 3207 2625 inveniunt
3239 2569 3308 2624 de
3334 2584 3525 2624 amore

1938 2636 2158 2706 privatae
2180 2637 2365 2706 gloria:
2395 2637 2525 2692 nihil
2554 2636 2780 2695 habere.

935 2917 1299 2994 EXPOSITIO
1336 2935 1562 2992 SUPER
1599 2933 2073 2992 APOCALYPSIM
2110 2934 2173 2990 Β.
2195 2934 2472 2992 JOANNIS
2510 2933 2860 2992 APOS’I‘OLI.

238 3052 426 3108 Cum
455 3047 685 3104 Paruum.
713 3081 782 3119 έ-
803 3046 1033 3119 Joannes
1065 3057 1270 3119 septem
1290 3045 1532 3103 Ecclesiis
1563 3062 1677 3119 quas
1711 3055 1832 3101 sunt

702 3118 759 3171 in
802 3117 931 3172 Asia
961 3118 1148 3189 (Apoc.
1185 3134 1222 3184 ι,
1253 3117 1368 3188 ll).

316 3211 397 3284 (In
417 3209 645 3284 exposit.
673 3207 1002 3284 B._Job,_lib.
1026 3225 1192 3284 μω.
1219 3225 1372 3284 num.
1399 3207 1478 3284 6.)
1508 3207 1839 3284 Septenaria

240 3277 647 3340 numero—solet
667 3278 992 3334 universitas
1011 3279 1296 3347 designari.
1330 3277 1482 3334 Unde
1510 3277 1744 3335 Joannes
1775 3280 1828 3334 in

241 3355 347 3408 hac
377 3349 697 3420 Apocalypsi
729 3359 933 3420 septem
964 3347 1221 3420 Ecclesiis
1247 3349 1458 3420 scribit.
1482 3348 1587 3405 Sed
1612 3364 1708 3420 per
1733 3364 1829 3404 eas

237 3421 370 3490 quid
401 3417 544 3490 aliud
570 3417 729 3490 quam
761 3417 1117 3490 universalem
1150 3417 1831 3490 Eccksiamiintelligivo-

239 3467 384 3545 ἰῖἐίἶὶ
402 3467 556 3555 “QG-.1:
573 3467 852 3542 “ainant;
868 3467 877 3472 ⁷
894 3467 1222 3558 sanasse;
1231 3467 1624 3558 Ἑὲὲῖἐέῑέζύι
1651 3467 1829 3558 ⁰ριθιῖει
1853 3467 1905 3525 C

238 3557 570 3630 scptiformis
601 3558 787 3625 gratia:
824 3557 1011 3630 spiritu
1043 3559 1364 3630 signaretur,
1406 3555 1630 3630 Elismus
1667 3555 1833 3630 super

241 3625 470 3700 puerum
493 3636 759 3700 m_orluum
791 3625 992 3700 septies
1033 3625 1295 3700 oscitasse
1326 3627 1648 3700 describitur
1681 3626 1750 3700 (_I
1765 3625 1833 3692 V,

248 3695 377 3770 Reg.
405 3697 500 3766 tv).
532 3696 705 3770 Super
726 3698 1048 3770 exstinctum
1070 3697 1271 3767 quippe
1291 3698 1550 3770 populum
1576 3695 1833 3770 Dominus

242 3765 647 3839 veniensquasi
672 3767 874 3839 septies
901 3767 1120 3839 oscitat,
1151 3765 1406 3839 quoniam
1437 3767 1486 3839 ei
1506 3765 1646 3839 dona
1674 3765 1833 3839 spiri-

241 3847 328 3892 tu.
353 3836 678 3906 septiformis
700 3836 1333 3906 gratimrmiscricorditer
1361 3837 1585 3906 aspirat.
1608 3836 1832 3906 Septem

240 3909 419 3976 igitur,
447 3905 699 3960 Ecclesiis
726 3905 936 3976 scribit
965 3907 1240 3975 apostolus
1266 3905 1534 3968 Joannes.
1581 3913 1641 3960 ut
1669 3905 1831 3976 unam

240 3974 566 4045 catholicam
599 3974 925 4045 septiformis
970 3974 1156 4044 gratiae
1199 3976 1409 4044 plenam
1453 3976 1644 4045 spiritu
1688 3974 1833 4030 desi-

239 4054 456 4115 gnaret.
479 4044 553 4115 (Et
581 4044 906 4115 de'Domino
935 4045 1183 4100 novimus
1207 4045 1407 4101 dixisse
1439 4044 1786 4115 salomouem
1815 4062 1828 4096 :

243 4113 520 4184 Sapientia
561 4114 837 4183 wdiﬁcavit
885 4116 981 4168 sibi
1027 4116 1272 4184 domum,
1324 4115 1519 4168 excidit
1565 4113 1833 4184 columnas

237 4182 436 4264 sepiem
470 4182 735 4264 (Promis
762 4223 778 4248 ,
802 4184 877 4264 li).
923 4185 1023 4252 Qui
1054 4193 1112 4239 ut
1141 4182 1286 4264 idde
1333 4193 1539 4254 septem
1581 4182 1835 4264 Ecclesiis

239 4255 447 4308 dixisse
477 4254 872 4324 innotesceret',
905 4263 1121 4310 secutus
1137 4255 1310 4324 etiam
1352 4262 1691 4310 sacramenta
1720 4254 1835 4324 ipsa

240 4324 537 4391 diligenter
584 4323 810 4377 inseruit
855 4324 1038 4378 dicens
1071 4342 1084 4377 :
1120 4323 1416 4378 Intmolaoit
1471 4323 1749 4392 victimas,
1785 4334 1835 4377 et

241 4394 452 4464 miscuit
473 4393 665 4460 vinum,
687 4401 735 4446 et
755 4395 1019 4464 proposuit
1040 4411 1289 4448 mensam.
1314 4393 1419 4449 Per
1445 4393 1838 4464 septemrquip-

243 4478 316 4533 pe
365 4463 644 4533 columnas
690 4463 877 4518 omnes
925 4463 1194 4518 Ecclesias
1240 4478 1344 4518 non
1395 4463 1839 4518 inconvenienter

242 4532 562 4601 accipimus,
587 4546 704 4600 quae
727 4547 886 4587 unam
908 4533 1226 4590 catholicam
1279 4533 1474 4588 faciunt
1517 4541 1631 4588 toto
1665 4540 1840 4588 terra~

244 4600 376 4656 rum
395 4601 528 4656 orbe
555 4600 821 4656 diﬂusam.

239 4713 380 4784 (Sag.
432 4711 494 4784 ll.
523 4745 593 4756 —
617 4711 732 4784 Ego
751 4712 983 4784 Joannes
1009 4715 1084 4784 fui
1110 4714 1172 4784 in
1195 4713 1365 4769 insula
1404 4726 1517 4784 qua:
1546 4714 1840 4784 appellatur

321 4781 592 4852 Rathmos.
617 4781 826 4852 prapter
853 4781 1058 4838 uerbum
1092 4783 1190 4852 Dei
1212 4799 1248 4850 ,‘
1270 4794 1320 4838 et
1342 4781 1687 4839 testimonium
1709 4783 1834 4838 Jesu

320 4851 536 4907 Citrile
569 4851 672 4907 Fui
704 4851 760 4906 in
797 4854 985 4922 spiritu
1026 4854 1080 4908 in
1109 4851 1385 4908 Dominica
1414 4854 1500 4907 die
1520 4893 1538 4918 ,
1577 4863 1629 4907 et
1655 4855 1830 4908 audiui

317 4931 438 4994 post
471 4939 765 4994 (merocem
800 4939 1061 4994 magnam
1103 4931 1348 4993 tanquam
1383 4922 1516 4978 tuba:
1566 4923 1827 4994 dicentis:

325 4987 480 5058 Quod
508 4993 665 5056 vides,
692 4987 859 5046 scribe
879 4987 931 5062 in
955 4991 1105 5062 libro,
1129 5001 1177 5047 et
1199 4987 1340 5046 mitte
1365 5003 1556 5062 septem
1583 4991 1833 5056 Ecclesiis

320 5077 440 5134 qum
465 5063 660 5134 suntin
681 5061 832 5134 Asia,
869 5061 1100 5134 Epheso:
1124 5061 1464 5134 etsmyrna',
1483 5072 1532 5116 et
1553 5062 1836 5134 Pergamo,

319 5139 377 5202 e_t_
399 5130 682 5198 Tltgutt'rw,
703 5139 749 5184 et
774 5130 983 5197 Sardis,
1004 5140 1051 5202 et
1066 5130 1460 5202 Philadelphiw,
1478 5140 1527 5188 et
1545 5130 1836 5190 Laodicea.

329 5199 400 5252 Et
427 5216 696 5273 conueisus
726 5217 838 5254 sunt
876 5211 931 5254 ut
961 5201 1182 5273 viderem
1210 5199 1379 5256 vocem
1407 5217 1520 5273 qua?
1540 5203 1842 5273 loquebatur

323 5286 538 5323 mecum.
576 5270 638 5323 Et
665 5287 956 5334 conversus,
978 5272 1083 5324 vidi
1106 5280 1295 5340 septem
1318 5270 1630 5326 candelabra
1657 5288 1840 5339 aurea,

322 5348 374 5393 et
398 5340 452 5394 in
471 5341 637 5394 medio
657 5350 852 5410 septem
877 5340 1324 5408 candelabrorum,
1341 5341 1559 5400 similem
1580 5341 1720 5396 Filio
1749 5341 1842 5396 bo-

324 5411 482 5463 minis
525 5409 758 5464 vestitum
805 5411 1014 5479 podere,
1037 5421 1086 5463 et
1108 5413 1450 5480 praecinctum
1471 5411 1540 5464 ad
1583 5411 1842 5470 mamillas

219 5479 224 5481 ’
323 5494 459 5534 sonu
487 5495 644 5533 aurea
675 5482 856 5550 (Apoc.
888 5496 943 5546 ι,
978 5481 1039 5536 11
1072 5479 1229 5552 sem),

322 5570 650 5645 (lnexposit.
671 5569 732 5627 Β.
772 5569 893 5628 Job.
933 5572 1027 5645 lib.
1059 5589 1170 5645 nt,
1196 5571 1330 5638 n.,5;
1364 5573 1455 5627 lib.
1483 5589 1628 5640 xxiv.
1650 5570 1840 5645 n.26.)

245 5642 450 5713 malum
474 5642 718 5713 lusoriae,
740 5651 835 5703 aut
854 5643 1179 5712 cogitatione
1197 5651 1560 5713 perpetratur,
1583 5651 1677 5698 aut
1702 5642 1837 5712 ope-

245 5726 336 5773 re.
375 5710 477 5766 Per
500 5711 718 5781 Moysen
741 5728 875 5767 vero
915 5710 1122 5768 luxuria
1150 5710 1484 5782 perpetrata,
1526 5729 1624 5782 per
1647 5710 1835 5769 aucto-

247 5797 377 5841 γεω
403 5796 529 5840 vero
559 5783 832 5844 munditia:
867 5783 1077 5841 luxuria
1106 5782 1391 5842 damnatur
1417 5784 1670 5856 cogitata,
1696 5782 1833 5839 sicut

1929 3048 2046 3171 ipse
2073 3047 2206 3129 dicit
2230 3065 2242 3099 :
2270 3047 2533 3130 Scriptum
2559 3058 2637 3130 est
2659 3066 2677 3102 :
2704 3048 2824 3132 b'on
2847 3047 3182 3131 adulter-abis.
3209 3048 3326 3120 Ego
3353 3057 3525 3105 autem

1967 3134 2046 3171 tco
2068 3115 2208 3171 vobis
2229 3134 2246 3171 :
2271 3117 2405 3171 Outa
2435 3135 2602 3171 omnts
2629 3136 2714 3171 aut
2742 3119 2922 3171 vident
2946 3119 3209 3171 multarent
3237 3119 3308 3171 ad
3332 3136 3524 3171 concu-

1967 3121 2046 3189 ico
2068 3115 2208 3189 vobis
2229 3134 2246 3171 :
2271 3115 2405 3181 Quia
2435 3120 2602 3189 omnis
2629 3121 2715 3189 qui
2742 3119 2922 3174 uiderit
2946 3119 3209 3172 mulierem
3237 3115 3308 3172 eid
3332 3136 3524 3174 concu-

1928 3187 2228 3257 piscendum
2253 3204 2388 3257 eam,
2406 3188 2531 3257 jam
2571 3187 2852 3243 moechatus
2898 3196 2973 3242 est
3000 3203 3116 3242 eam
3142 3190 3196 3243 in
3235 3189 3391 3243 corde
3431 3206 3524 3245 suo

1930 3255 2146 3381 gauli.
2177 3273 2227 3321 v,
2260 3256 2372 3327 27).
2401 3255 2740 3328 Redemptor.
2760 3259 2960 3328 quippe
2990 3267 3176 3313 noster
3210 3260 3433 3314 veniens
3461 3270 3521 3315 et

2005 3327 2084 3381 uis
2111 3337 2382 3381 nnccenta
2411 3327 2800 3381 transcendens
2822 3368 2838 3381 .
2869 3335 2928 3381 ut
2957 3327 3026 3381 ab
3055 3327 3242 3381 electis
3271 3329 3383 3381 suis
3412 3344 3521 3381 non

2005 3327 2084 3394 gis
2111 3337 2382 3396 praecepta
2411 3327 2800 3383 transcendens
2822 3368 2838 3394 ,
2869 3335 2928 3381 ut
2957 3327 3026 3382 ab
3055 3327 3242 3382 electis
3271 3329 3383 3384 suis
3412 3344 3523 3384 non

1931 3396 2106 3450 solum
2153 3395 2422 3450 luxuriam
2470 3399 2648 3452 carnis
2682 3398 2776 3452 sed
2807 3397 2972 3451 etiam
3021 3397 3200 3452 cordis
3245 3398 3522 3460 aboleret,

1939 3465 2089 3521 ‘ussit
2141 3481 2250 3520 non
2301 3473 2510 3521 tantum
2561 3468 2772 3522 lumbos
2819 3467 2996 3522 carnis
3040 3468 3312 3536 succingi,
3346 3469 3397 3522 id
3439 3478 3526 3523 est

1929 3482 2196 3592 iuxuriam
2236 3535 2305 3590 ab
2354 3535 2552 3592 effectu
2596 3537 2898 3592 refrenari.
2947 3539 3042 3591 sed
3091 3537 3256 3592 etiam
3309 3537 3524 3592 lumbos

1954 3536 2196 3591 uxuriam
2236 3535 2305 3590 ab
2354 3535 2552 3592 effectu
2596 3537 2898 3604 refrenari,
2947 3539 3042 3591 sed
3091 3535 3256 3592 etiam
3309 3537 3524 3592 lumbos

1931 3606 2129 3675 mentis
2150 3605 2402 3675 praecepit
2422 3607 2679 3675 succingi,
2710 3607 2761 3661 il
2793 3615 2876 3661 est
2904 3606 3044 3660 hanc
3069 3606 3230 3661 etiam
3257 3621 3288 3675 a
3319 3607 3528 3675 cogita-

1932 3674 2079 3744 tione
2117 3674 2386 3744 restriugi.
2419 3674 2558 3744 Hinc
2597 3675 2850 3744 estquod
2879 3675 3229 3744 angelusqui
3255 3674 3519 3730 Joannem

1933 3743 2002 3797 in.
2021 3743 2481 3814 Pathmosinsula
2527 3743 2822 3814 relegatum
2847 3743 3168 3814 alloquitur,
3188 3759 3353 3799 aurea
3382 3761 3523 3799 zona

1933 3759 2002 3797 ιη.
2021 3759 2274 3798 ratnmos
2303 3759 2481 3799 insula
2527 3759 2822 3814 relegatum
2847 3759 2917 3799 au
2995 3759 3160 3813 uitur,
3188 3759 3353 3799 aurea
3382 3761 3523 3799 zona

1931 3826 2098 3892 super
2136 3812 2400 3892 mam_illa_s
2427 3813 2636 3870 cinctus
2655 3829 2774 3892 esse
2797 3759 3332 3892 .perltiiietur._so‘|e_t
3377 3814 3524 3870 enim

1933 3882 2153 3937 nomine
2173 3882 2290 3954 auri
2317 3883 2638 3954 plerumque
2664 3882 2900 3954 chariias
2942 3883 3196 3954 intimari.
3223 3882 3360 3954 Quia
3392 3898 3524 3954 ergo

1937 3950 2241 4006 testamenti
2272 3951 2532 4006 munditia
2547 3950 2724 4008 etiam
2747 3953 2932 4009 cordis
2955 3953 3223 4008 luxuriam
3248 3950 3487 4008 refrenat
3503 3995 3525 4020 ,

1935 4022 2157 4093 angelus
2196 4021 2289 4089 qui
2331 4022 2387 4075 in
2432 4035 2500 4076 ω
2545 4023 2796 4093 apparuit
2842 4023 3305 4093 pectorecinctus
3354 4023 3524 4078 venit.

1935 4090 2107 4156 Quem
2141 4090 2281 4162 bene
2307 4105 2470 4162 aurea
2500 4090 2635 4147 zona
2663 4090 2968 4162 restringit,
2999 4092 3125 4160 quia
3164 4093 3406 4162 quisquis
3427 4107 3524 4147 su—

1935 4174 2118 4229 perna:
2147 4161 2334 4230 patria:
2361 4161 2495 4216 civis
2517 4169 2626 4230 est,
2653 4178 2760 4216 non
2788 4161 2898 4229 jam
2923 4161 3114 4230 timore
3143 4161 3390 4230 supplicii
3423 4163 3520 4216 sed

1935 4177 2118 4229 perna:
2147 4177 2334 4230 patrue
2361 4177 2495 4216 cms
2517 4177 2626 4230 est,
2653 4178 2760 4216 non
2788 4177 2898 4229 tam
2923 4177 3114 4216 umore
3143 4177 3204 4216 su
3286 4177 3390 4217 neu
3423 4177 3520 4216 seu

1935 4243 2121 4284 amore
2149 4229 2426 4286 charitatis
2466 4231 2858 4287 immunditiam
2910 4229 3132 4286 deserit.
3177 4177 3424 4286 ideo
3456 4231 3526 4284 ad

1937 4298 2201 4372 mamillas
2229 4315 2363 4354 zona
2384 4301 2778 4372 aureaicinctus
2796 4299 2990 4372 Joanui
3011 4301 3235 4369 angelus
3255 4301 3525 4372 apparuit,
3595 4337 3619 4353 ς

1937 4369 2062 4438 quia
2083 4384 2438 4442 supernorum
2459 4369 2654 4442 civium
2673 4379 2910 4441 pectora,
2925 4371 3052 4426 dum
3076 4372 3272 4442 pmuali
3291 4369 3406 4440 'jam
3429 4385 3525 4442 ne-

1936 4453 2207 4506 quaquam
2238 4439 2417 4494 timori
2444 4439 2687 4509 subjecta
2715 4449 2861 4508 sunt,
2889 4449 2946 4496 ct
2968 4457 2999 4496 a
3027 4439 3091 4496 se
3115 4441 3345 4496 vicissim
3375 4439 3523 4494 nulla

1939 4509 2198 4578 scissione
2222 4509 2524 4574 solvuntur,
2548 4525 2614 4565 ex
2641 4511 2760 4566 sola
2783 4511 3050 4566 charitatc
3064 4513 3525 4578 constringuntur.

1941 4577 2141 4631 Zonam
2187 4578 2384 4647 quippe
2430 4593 2651 4633 auream
2700 4580 2844 4634 circa
2889 4579 3154 4634 mamillas
3196 4577 3396 4635 habere
3443 4587 3529 4634 est

1940 4656 2166 4720 cunctos
2213 4647 2550 4720 mutabilium
2599 4649 2986 4717 cogitationum
3029 4658 3208 4704 motus
3236 4664 3334 4720 per
3358 4648 3530 4706 solius

1935 4715 2047 4785 jam
2073 4717 2274 4771 amoris
2299 4717 2508 4772 vincu‘a
2531 4715 2878 4788 restringere.
3237 4715 3256 4720 “
3487 4729 3498 4739 ”

1866 4823 1913 4880 ο
2012 4806 2142 4864 CAP.
2184 4805 2271 4861 Ill.
2304 4839 2374 4851 —
2395 4806 2466 4861 Et
2501 4809 2686 4880 angelo
2739 4808 2983 4880 Pergami
3017 4806 3268 4864 Ecclesia:
3293 4808 3460 4865 scribe

2535 4877 2722 4950 (Apoc.
2770 4877 2935 4950 n,'t).

2007 4967 2413 5044 (lnexposit._B.
2435 4967 2558 5039 Job,
2579 4970 2674 5044 ΙΨ.
2691 4987 2806 5044 xlv,
2827 4970 3263 5044 num.lb.)Szepe_
3279 4971 3528 5043 Scriptu-

1937 5055 1996 5094 ra
2020 5039 2183 5113 sacra’
2202 5040 2581 5113 praedicatores
2605 5039 2879 5113 Ecclesiae,
2907 5058 3006 5113 pro
3033 5039 3100 5098 eo
3125 5039 3269 5113 quod
3295 5039 3525 5113 gloriam

1939 5108 2128 5181 patriae
2161 5109 2399 5181 caelestis
2427 5111 2787 5181 annuntiant,
2805 5108 3122 5181 angelorum
3143 5108 3367 5167 nomine
3385 5112 3528 5167 solet

1941 5177 2243 5253 designare.
2290 5177 2429 5253 Hinc
2465 5188 2548 5253 esi
2576 5181 2722 5253 quod
2758 5177 2994 5253 Joannes
3021 5191 3233 5253 septem
3275 5181 3525 5237 Ecclesiis

1942 5249 2217 5320 scribens,
2257 5249 2462 5320 angelis
2508 5249 2869 5320 Ecclesiarum
2897 5249 3152 5320 loquitur,
3184 5250 3240 5306 id
3268 5260 3351 5305 est
3380 5264 3520 5318 prte-

1943 5316 2635 5392 d_icatoribus_p_opulo[um.
2663 5319 2798 5376 lline
2817 5316 3079 5392 pgoplieta
3104 5316 3205 5375 ait:
3220 5316 3404 5392 Angeti
3422 5335 3492 5391 pa
3506 5349 3524 5360 -

1939 5388 2014 5441 cis
2042 5403 2220 5442 amare
2247 5385 2439 5458 ﬂebunt
2463 5387 2598 5455 (Isa.
2623 5385 2925 5461 xxxnt,’7).'

1977 5479 2103 5532 Car.
2135 5475 2226 5533 IV.
2264 5489 2338 5520 -‘—
2365 5477 2488 5532 Scio
2509 5477 2596 5531 ubi
2624 5477 2856 5541 habitas,
2888 5477 2975 5534 ubi
3001 5480 3151 5535 sedes
3173 5491 3225 5536 et
3265 5487 3520 5538 satanas.

2515 5547 2698 5618 (Apoc.
2736 5563 2802 5615 tt,
2845 5547 2958 5620 15).

2015 5640 2095 5712 (In
2124 5641 2354 5712 exposit.
2379 5641 2441 5696 B.
2463 5641 2584 5708 Job,
2610 5643 2701 5697 lib.
2724 5657 2997 5711 ulmum.
3025 5641 3138 5712 10.)
3158 5641 3248 5698 Sic
3268 5641 3567 5699 Dominum.

1945 5710 2088 5792 Deus
2110 5710 2224 5767 vias
2261 5712 2500 5766 omnium
2545 5710 2946 5792 examinatione
2971 5710 3148 5770 subtili
3175 5711 3486 5768 considerat
3505 5753 3522 5777 ,

1938 5788 1994 5836 ut
2041 5788 2100 5839 in
2145 5795 2468 5852 unoquoque
2509 5791 2784 5850 nostrum,
2833 5797 2932 5840 nec
2959 5797 3023 5842 ea
3065 5797 3186 5854 qua
3216 5793 3552 5840 rcmuucrat.
