3982 6302
155 305 283 364 lit-5

816 306 1082 363 ALULFl
1106 288 1466 367 s’xrosmo
1502 310 1662 367 non
1704 313 1902 370 resr.
1938 298 2007 358 ς
2044 318 2191 375 sur.
2236 322 2729 381 Apocvarsm.

3264 331 3400 391 “03

151 427 277 507 gum
298 439 424 507 ergo
478 423 982 507 nominatisurebus
1016 429 1394 507 tam_-abjec_t_is_
1421 438 1477 485 et
1518 430 1714 507 vilibus
1748 434 1793 493 Λ
1823 432 2117 507 rectionem
2170 453 2454 507 corporum
2512 441 2807 495 clamantes
2852 453 3157 502 sanctorum
3202 451 3412 507 animas

152 498 415 561 ﬁguratur,
468 495 595 569 quid
638 495 707 549 de
756 496 853 569 illo
876 495 1487 569 continueliosedicitur
1514 500 1581 554 de
1606 517 1716 569 quo

150 574 350 621 constat
400 566 544 639 quod
600 566 929 639 proprieluil
977 566 1217 639 dicatur?
1248 568 1484 623 Vocatur
1537 566 1719 639 itaque

150 651 327 701 agatis,
375 636 469 690 sed
514 644 736 703 propter
783 637 1187 703 innocentiam;
1219 648 1442 693 vocatur
1486 639 1593 703 leo,
1625 636 1717 693 sed

148 716 357 773 propter
384 705 683 776 p0'cutiam
714 722 727 757 :
774 705 1063 773 aliquando
1101 708 1264 762 etiam
1294 709 1530 776 serpenti
1568 724 1717 763 com-

148 774 501 847 paratur,sed
544 782 768 847 propter
796 784 1023 847 mortem
1055 777 1135 831 vel
1166 774 1523 846 sapientiam;
1555 787 1717 847 atque

146 846 214 916 de
241 860 303 899 eo
338 860 434 916 per
455 844 567 897 haec
596 844 922 916 omniadici
954 844 1246 913 ﬁguraliter
1264 856 1465 916 potest,
1494 844 1716 916 qnia'de

146 913 228 985 [is
256 930 317 985 on
340 914 498 968 nibus
549 914 695 985 credi
728 914 953 985 aliquid
978 913 1339 970 essentialiter
1375 932 1481 971 non
1513 913 1712 985 potest.

145 984 202 1037 Si
230 984 363 1037 enim
388 998 553 1037 unum
582 983 775 1037 horum
813 983 1092 1052 quodlibet
1122 986 1481 1040 essentialiter
1509 983 1713 1041 existe-

140 1062 244 1117 ret,
264 1054 482 1125 alterum
508 1054 619 1120 jam
646 1053 753 1125 dici
780 1070 887 1125 non
915 1064 1117 1122 posset.
1150 1054 1284 1109 Nam
1318 1056 1362 1108 si
1391 1070 1560 1125 agnus
1590 1071 1718 1124 pro-

143 1126 256 1189 prie
301 1124 587 1189 diceretur,
645 1121 731 1176 leo
774 1122 887 1190 jam
918 1121 1103 1177 vocari
1153 1139 1258 1178 non
1294 1121 1510 1193 posset;
1545 1121 1605 1179 εἴ
1631 1126 1714 1179 leo

141 1193 349 1263 proprie
395 1193 687 1263 diceretur,
719 1201 969 1263 serpente
996 1193 1196 1261 signari
1224 1208 1330 1248 non
1373 1202 1573 1263 posset.
1609 1194 1715 1248 Sed

140 1260 254 1317 luce
298 1263 346 1316 in
391 1262 481 1316 illo
510 1262 691 1333 omnia
740 1260 967 1333 dicimus
1013 1260 1167 1319 tanto
1214 1260 1387 1319 latius
1420 1265 1471 1319 in
1522 1264 1712 1333 ligula,

137 1342 337 1398 quanto
368 1333 579 1400 longius
608 1331 676 1385 ab
706 1332 959 1386 essentia.

134 1420 265 1475 Car.
310 1420 511 1496 XXIII._
540 1449 625 1496 ——_
660 1422 863 1496 Etvidi
900 1430 947 1475 ct
983 1424 1157 1496 audiri
1198 1440 1367 1478 cocem
1411 1427 1710 1496 angelorum

205 1498 475 1545 multorum
497 1494 549 1545 in
581 1493 796 1544 circuitu
821 1493 1014 1558 throni,
1045 1503 1095 1547 ct
1120 1493 1507 1556 animalium,et
1533 1499 1711 1551 senio-

206 1579 331 1624 rum,
362 1569 409 1613 ιι
451 1570 564 1614 erat
614 1578 854 1615 numerus
891 1579 1067 1616 eorum
1114 1565 1279 1617 millia
1312 1564 1550 1629 millium,
1592 1583 1712 1620 voce

206 1648 388 1702 magna
414 1630 693 1703 dicentium
722 1648 739 1684 :
766 1630 966 1703 Dignus
988 1642 1067 1703 est
1101 1649 1266 1703 agnus
1288 1634 1376 1703 qui
1403 1636 1599 1687 occisus
1631 1647 1707 1688 est

202 1700 429 1772 accipere
468 1700 722 1772 cirtutem,
750 1708 799 1754 et
836 1700 1177 1765 divinitatem,
1221 1713 1269 1755 et
1296 1700 1626 1772 sapientiam,
1659 1716 1708 1758 et

1827 502 1981 568 vidit,
2014 518 2105 582 eas
2160 502 2431 582 accepisse
2482 510 2672 582 stolas_
2702 510 2938 582 singulas
2991 502 3412 582 aspexitiﬁnant‘e

1823 574 2267 652 resurrectionem
2289 574 2485 698 quippe
2503 579 2673 632 sancti
2696 574 2860 633 stolas
2887 574 3120 650 singulas
3137 574 3411 657 accepisse

1823 640 2088 698 dicuntur.
2122 645 2215 698 nui
2244 660 2302 698 so
2328 661 2355 697 a
2387 647 2563 698 adhuc
2596 647 2894 698 animarum
2939 661 2993 698 et
3018 655 3209 698 mpmis
3241 658 3411 698 ιιρειιῖ-

1820 640 2088 707 dicuntur,
2122 645 2215 711 qui
2244 640 2355 698 sola
2385 640 2563 700 adhuc
2596 647 2894 702 animarum
2939 640 3001 704 εἴ
3018 655 3209 707 mentis
3239 640 3413 711 beati:

1824 711 2005 791 tudine
2044 714 2409 791 perfruuntur.
2440 714 2498 768 lu
2539 716 2803 791 line_vero
2832 720 3013 791 mundi
3041 721 3191 776 binas
3220 740 3413 791 accep-

1821 780 1921 851 turi
1942 790 2074 851 sunt
2101 783 2224 851 quia
2256 800 2375 838 cum
2430 785 2628 839 mentis
2660 786 2989 843 beatitudine
3037 791 3197 843 etiam
3231 780 3409 849 carnis

1818 850 2041 927 gloriam
2093 850 2477 927 possidebunt;
2526 864 2582 908 et
2631 870 2752 927 cum
2811 855 3110 911 animarum
3168 860 3409 927 perfecto

1818 920 2014 995 gaudio
2070 923 2231 976 e;iam
2289 938 2577 995 corporum
2636 924 3039 995 incorruptione
3087 920 3401 989 vestientur.

1821 987 1973 1060 Unde
1999 991 2133 1045 bene
2164 1008 2259 1058 per
2287 987 2601 1060 prophetam
2654 987 2877 1048 dicitur?
2928 995 2992 1050 In
3025 1006 3164 1051 terra
3190 1016 3285 1052 sua
3316 987 3412 1053 du;

1816 1058 1975 1125 plicia
1996 1058 2334 1136 possidebunt
2376 1058 2517 1136 (lsa.
2564 1063 2816 1136 th,_:7).
2878 1065 3061 1136 Sancti
3112 1068 3310 1136 quippe
3359 1070 3411 1123 in

1820 1139 1971 1202 terra
1994 1130 2281 1184 viventium
2304 1130 2534 1200 duplicia
2564 1130 2859 1201 possident,
2881 1134 2969 1202 qui
3002 1130 3257 1190 nimirum
3284 1140 3413 1192 bea-

1816 1196 2045 1271 titudine
2092 1203 2285 1271 mentis
2332 1196 2488 1254 simul
2541 1196 2595 1256 et
2624 1196 2869 1270 corporis
2898 1196 3181 1271 gaudent,
3218 1216 3271 1259 et
3304 1224 3411 1260 nou

1814 1266 1986 1339 solum
2036 1269 2331 1323 animarum
2380 1271 2651 1339 gaudium,
2694 1266 2786 1328 sed
2819 1266 2981 1327 etiam
3014 1266 3401 1330 beatitudinem

1816 1334 2091 1391 habebunt
2112 1334 2425 1409 corporum.

1814 1422 1946 1477 Car.
1981 1424 2273 1504 XX\'l._A—
2304 1427 2370 1481 Et
2398 1429 2590 1504 dictum
2633 1438 2709 1504 est
2759 1429 2885 1504 illis,
2942 1442 2997 1504 ut
3036 1436 3407 1504 requiescerent

1886 1504 2081 1565 tempus
2105 1499 2272 1549 adhuc
2318 1500 2591 1563 modicum,
2642 1501 2799 1553 donec
2825 1499 3123 1570 impleretur
3169 1522 3410 1560 numerus

1890 1580 2253 1619 consertarum
2281 1576 2331 1621 et
2356 1571 2577 1639 fratrum
2606 1586 2783 1623 eorum
2813 1571 3013 1641 (Apoc.
3046 1590 3117 1636 vt,
3153 1574 3208 1625 il
3231 1576 3272 1643 ).

1884 1652 1973 1725 (lu
2004 1656 2232 1724 exposit.
2260 1656 2321 1711 Β.
2346 1655 2468 1718 Job,
2515 1658 2607 1711 lib.
2642 1674 2699 1720 tl,
2734 1675 2879 1712 num.
2930 1661 3054 1721 il.)
3087 1662 3141 1714 D.
3163 1663 3409 1716 sideran-

1812 1722 1961 1797 tibus
1993 1722 2271 1797 animabus
2320 1729 2641 1794 requiescite
2689 1729 2863 1782 adhuc
2912 1731 3178 1785 modicum
3208 1733 3406 1797 dicere,

204 1770 579 1840 fortitudinem,
618 1779 667 1824 et
703 1771 982 1839 honorem,
1028 1780 1077 1826 et
1106 1770 1431 1843 gloriam,'et
1471 1773 1702 1829 benedic-

204 1842 576 1879 linnpmlAnnr
628 1857 661 1879 ν
714 1840 822 1879 ‘IL

1819 1800 1901 1873 est
1949 1794 2089 1847 inter
2115 1794 2362 1879 ardorem
2390 1770 2637 1877 desiderii
2667 1812 2731 1852 ex
2774 1800 2885 1865 ipsa
2938 1802 3219 1879 prtesentia
3265 1773 3410 1879 sola:

202 1844 387 1894 tionem
409 1842 595 1913 (Apoc.
628 1857 684 1908 v,
714 1840 825 1907 Η).

203 1932 280 2002 (In
303 1933 530 2001 exposit.
566 1932 627 1985 Β.
655 1930 777 1997 Job,
811 1931 906 1986 lib.
938 1947 994 1995 ιι,
1040 1948 1189 1988 num.
1234 1932 1268 1987 8
1300 1942 1355 1989 et
1398 1934 1511 2001 10.)
1541 1935 1712 1990 Aliter

126 2002 361 2070 loquitur
394 2003 533 2056 Deus
559 2002 625 2055 ad
656 2002 911 2068 angelos,
942 2012 996 2057 et
1028 2003 1187 2057 aliter
1214 2004 1389 2071 angeli
1419 2004 1485 2058 ad
1518 2005 1704 2059 Deu-n.

127 2072 274 2125 Deus
300 2072 513 2141 Angelis
547 2071 805 2139 loquitur,
839 2088 964 2125 cum
994 2072 1072 2126 eis
1101 2072 1348 2130 voluntas
1376 2072 1492 2141 ejus
1521 2074 1707 2129 intima

126 2140 356 2195 Vi\8ﬂd0
401 2141 792 2195 manifestatur.
842 2142 1030 2211 Angeli
1076 2149 1254 2195 autem
1286 2140 1576 2211 loquuntur
1605 2144 1708 2199 Do-

123 2211 311 2283 mino,
348 2226 467 2264 cum
512 2225 607 2280 per
652 2212 756 2283 lioe
802 2211 951 2283 quod
986 2227 1148 2279 super
1186 2215 1506 2281 semetipsos
1536 2217 1708 2283 reSpi-

122 2281 273 2350 ciunt
300 2280 352 2333 in
380 2279 582 2333 motum
614 2279 985 2350 admirationis
1030 2292 1279 2349 surgunt,
1316 2279 1606 2350 loquuntur
1629 2279 1704 2338 ad

126 2349 475 2423 Deum,‘sicut
500 2349 872 2423 pet-Joannem
902 2351 1098 2405 dicitur
1132 2369 1143 2403 :
1169 2350 1373 2423 Dignus
1392 2349 1468 2405 est
1514 2370 1702 2423 agnus,

118 2420 209 2484 qui
228 2420 425 2474 oct’isus
448 2428 545 2485 est,
576 2420 809 2487 accipere
828 2422 1085 2487 virtutem,
1108 2429 1156 2474 et
1182 2420 1525 2488 diuinitatem,
1549 2420 1597 2475 et
1617 2420 1706 2477 sa;

118 2492 388 2557 pientiam.
418 2488 533 2544 Vox
564 2504 797 2556 namque
830 2490 1144 2558 angelorum
1175 2499 1256 2545 est
1295 2492 1347 2545 in
1379 2493 1536 2545 laude
1560 2492 1705 2546 Con-

117 2559 317 2629 nitoris
349 2560 458 2628 ipsa
502 2558 788 2613 admiratio
815 2560 1014 2614 intima:
1048 2561 1521 2629 contemplationis
1550 2580 1563 2616 :
1589 2563 1701 2616 vir-

120 2628 261 2701 tutis
291 2628 481 2701 divinte
519 2630 775 2683 miracula
820 2629 1162 2701 obstupuisse
1206 2628 1417 2701 diiisse
1451 2640 1535 2685 est
1562 2647 1701 2701 quo-

116 2698 263 2751 niam
303 2699 564 2753 excitatus
592 2715 715 2769 cum
746 2700 1045 2754 reverentia
1074 2708 1249 2769 motus
1275 2700 1452 2755 cordis
1478 2698 1703 2769 magnus

116 2778 203 2819 est
231 2771 297 2821 ad
352 2783 513 2822 aures
558 2768 999 2837 incircumscripti
1040 2768 1258 2838 spiritus
1293 2770 1500 2825 clamor
1527 2768 1697 2826 vocis.

117 2838 251 2901 Quae
297 2852 399 2891 vos
447 2839 711 2910 sequasi
774 2853 869 2908 per
914 2838 1164 2910 distincta
1201 2839 1387 2910 (verba
1440 2840 1699 2910 esplicat,

113 2920 244 2959 num
259 2922 378 2961 sese
399 2922 496 2977 per
522 2907 844 2963 innumeros
860 2907 1048 2963 modos
1068 2909 1445 2967 admirationis
1476 2907 1697 2964 format.

112 2997 250 3051 Car.
294 2995 481 3068 XXIV.
505 3024 577 3035 —-
601 2996 664 3050 Et
705 3015 818 3051 cum
847 3000 1127 3068 aperuisset
1170 2998 1396 3068 sigil'um
1443 3001 1696 3065 quintum,

188 3068 293 3139 uidi
320 3066 493 3139 subtus
516 3069 680 3121 altare
700 3066 904 3122 aui-nas
940 3066 1327 3138 interfectorum
1348 3080 1558 3139 propter
1584 3087 1698 3125 rer-

184 3138 308 3190 bum
341 3136 569 3208 Domini,
600 3146 649 3191 et
671 3149 879 3208 propttr
902 3136 1240 3193 testimonium
1262 3136 1398 3208 quod
1418 3136 1692 3205 habebant,

185 3156 308 3190 oum
341 3156 569 3199 uanum,
600 3156 649 3191 et
671 3156 879 3208 propur
902 3156 1240 3193 testimonium
1297 3156 1395 3193 uoa
1418 3156 1692 3205 naoevant,

185 3217 232 3260 et
265 3207 559 3261 clamabant
587 3224 705 3261 voce
729 3210 1191 3280 magna,rdiceutes
1216 3225 1233 3261 :
1262 3156 1554 3280 llsquequo,
1590 3210 1695 3264 Do-

183 3280 342 3341 mine,
372 3292 513 3329 sanc.’
521 3296 579 3331 us
591 3288 639 3352 et
657 3294 805 3352 uerus
821 3295 923 3352 non
931 3279 1161 3352 judicas,
1175 3286 1222 3331 et
1246 3279 1471 3352 vindicas
1484 3281 1697 3352 sangui-

180 3364 300 3420 nem
322 3357 553 3420 nostrum
571 3349 632 3420 cie
646 3349 724 3420 Iris
746 3348 1074 3420 qui/inbuant
1096 3349 1151 3402 in
1167 3351 1496 3420 terrampoc.
1517 3348 1599 3411 v1;
1613 3351 1696 3420 9,?

185 3417 267 3481 (lu
294 3419 526 3489 exposit.
574 3417 631 3470 Β.
661 3417 804 3483 Job,
831 3418 921 3471 lib.
956 3433 1008 3480 ιι,
1038 3434 1184 3489 num.
1217 3419 1324 3489 ll.)
1357 3419 1525 3474 Aliter
1556 3417 1697 3476 Deus

108 3487 178 3540 ad
227 3487 439 3540 animas
476 3496 803 3551 sanctorum,
837 3489 996 3542 aliter
1029 3488 1223 3542 aninue
1272 3487 1580 3543 sanctorum
1619 3491 1698 3544 lo-

102 3566 354 3625 quuntur
394 3555 460 3611 ad
489 3556 675 3613 Deum.
707 3557 841 3623 Quid
884 3566 967 3613 est
1011 3559 1155 3613 enim
1197 3559 1407 3614 animas
1448 3560 1697 3614 vindictae

104 3627 434 3696 petitionem
461 3628 660 3690 dicere,
696 3629 795 3682 nisi
825 3628 966 3682 diem
988 3628 1214 3682 extremi
1233 3627 1422 3697 judicii
1452 3636 1505 3682 et
1528 3644 1698 3683 resur-

103 3698 414 3750 rectionem
452 3698 836 3768 exstincturum
876 3713 1165 3768 corporum
1213 3699 1555 3753 desiderare?
1586 3698 1697 3752 Ma-

100 3780 247 3831 gnus
280 3768 477 3837 quippe
504 3767 707 3821 clamor
734 3782 918 3822 earum
957 3767 1209 3837 magnum
1236 3779 1319 3822 est
1346 3768 1691 3823 desiderium.

100 3836 472 3891 'l'auto’enim
520 3840 746 3905 quisque
798 3838 971 3893 minus
1018 3836 1232 3903 clamat,
1278 3848 1481 3906 quanto
1521 3839 1696 3893 minus

98 3907 419 3972 desiderat;
463 3921 516 3961 et
545 3914 695 3961 tanto
725 3908 985 3974 majorem
1030 3924 1219 3964 vocem
1254 3909 1305 3962 in
1335 3923 1493 3962 aures
1530 3908 1693 3961 incir~

98 3991 331 4048 cumscr
354 3984 427 4048 pti
464 3977 684 4048 spiritus
712 3976 982 4048 exprimit,
1014 3987 1217 4048 quanto
1245 3993 1305 4033 se
1334 3979 1388 4033 iu
1410 3977 1525 4045 ejus
1554 3978 1695 4031 desi-

98 4047 323 4100 dcrium
371 4046 816 4117 plClllUSdl'tlndll.
850 4046 1161 4101 Animarum
1191 4048 1353 4117 igitur
1387 4048 1550 4102 veuba
1580 4051 1694 4116 ipsa

95 4127 235 4169 sunt
266 4114 555 4170 desideria.
588 4114 720 4169 Nam
756 4117 799 4170 si
828 4117 1150 4170 desiderium
1180 4114 1359 4171 sermo
1390 4134 1495 4171 non
1526 4114 1691 4183 esset,

93 4183 385 4255 Propheta
419 4202 523 4239 non
555 4184 759 4255 diceret
788 4204 800 4238 :
836 4185 1160 4240 Desiderium
1195 4188 1366 4241 cordis
1394 4204 1569 4241 eorum
1607 4204 1695 4239 au-

91 4254 232 4328 diuit
264 4257 410 4309 auris
448 4264 537 4307 tua
568 4254 737 4325 (l’sal.
772 4272 844 4317 ix,
866 4256 962 4328 >17)
993 4274 1004 4309 :
1039 4256 1133 4311 sed
1155 4272 1273 4310 cum
1304 4258 1463 4312 aliter
1490 4257 1695 4311 moveri

90 4327 286 4380 Soleat
316 4340 471 4379 mens
498 4340 617 4394 quae
648 4327 798 4394 petit,
829 4326 984 4380 aliter
1011 4342 1131 4395 qua:
1158 4328 1379 4395 petitur,
1409 4335 1464 4381 et
1486 4334 1695 4381 sancto-

90 4412 222 4449 rum
255 4397 453 4449 anim-.1:
482 4396 532 4449 iu
566 4396 760 4449 interni
787 4397 980 4450 secreti
1007 4399 1125 4451 sinu
1156 4396 1267 4451 Deo
1298 4398 1611 4463 inhaereant,
1637 4405 1697 4451 ut

89 4467 425 4536 inhmrendo
470 4466 838 4534 requiescant,
876 4469 1151 4536 quomodo
1205 4467 1452 4522 dicuntur
1508 4476 1693 4536 petere

86 4551 241 4604 quas
264 4535 335 4588 ab
366 4536 455 4591 int'
480 4552 575 4589 rna
603 4536 879 4590 voluntate
897 4535 1117 4590 constat
1154 4536 1456 4591 nullatenus
1490 4535 1691 4592 discre-
1722 4535 1770 4594 D

86 4606 277 4675 pare?
305 4604 592 4671 Quomodo
621 4605 870 4660 dicuntur
896 4606 1181 4661 vindictam
1223 4606 1531 4662 desiderare
1556 4622 1692 4675 quas

85 4674 149 4730 et
189 4674 532 4729 voluntatem
564 4676 655 4729 Dei
692 4686 900 4730 certum
925 4684 1010 4731 est
1036 4684 1092 4730 et
1119 4692 1183 4732 ea
1212 4692 1331 4746 quae
1358 4677 1535 4730 futura
1566 4674 1693 4732 sunt

83 4761 210 4801 non
256 4746 548 4812 ignorare?
580 4746 687 4800 Sed
728 4747 782 4800 in
830 4748 946 4816 ipso
977 4746 1185 4817 positae,
1231 4747 1299 4800 ab
1341 4746 1457 4817 ipso
1493 4748 1692 4815 aliquil

82 4817 622 4887 petet-edicuntur,
680 4832 787 4869 non
843 4818 985 4887 quod
1033 4816 1693 4887 iquidquam’desidereut

80 4884 249 4954 quod
278 4884 351 4938 ab
380 4884 496 4954 ejus
524 4900 683 4954 quem
710 4884 937 4941 cernunt
958 4884 1235 4940 volontate
1271 4885 1567 4949 discordat,
1597 4888 1691 4940 sed

80 4972 207 5023 quo
245 4955 367 5009 Deo
394 4970 573 5009 mente
602 4955 879 5011 ardentius
904 4958 1181 5020 inhmreut,
1206 4970 1272 5009 eo
1299 4956 1458 5010 etiam
1487 4956 1553 5009 de
1576 4957 1692 5025 ipso

77 5026 407 5094 accipiunt,
444 5035 501 5095 ut
535 5027 602 5079 ab
638 5026 754 5094 ipso
793 5035 983 5095 petant
1009 5028 1151 5093 quod
1181 5042 1303 5080 eum
1353 5026 1530 5080 facere
1559 5030 1699 5080 velte

79 5106 408 5148 noverunt.
442 5094 515 5165 De
556 5096 670 5165 ipso
700 5094 828 5164 ergo
858 5098 1046 5151 bibunt
1072 5096 1215 5164 quod
1244 5098 1311 5149 ab
1342 5096 1459 5164 ipso
1488 5096 1697 5162 sitiunt,

76 5177 140 5218 et
177 5168 361 5235 molo
391 5164 544 5219 nobis
572 5164 746 5219 a.;huc
775 5166 1307 5235 incon‘iprehensibili
1339 5167 1391 5219 in
1423 5168 1527 5219 hoc
1552 5174 1697 5235 quod

76 5234 350 5306 petendo
379 5236 623 5289 esuriuut
652 5234 980 5305 praesciendo
1004 5236 1290 5290 satiantur.
1328 5236 1703 5306 Discordarent

76 5305 273 5375 igitur
321 5319 352 5357 a
387 5306 666 5359 voluntate
714 5307 1039 5371 conditoris,
1084 5307 1128 5359 si
1179 5321 1298 5374 qua:
1351 5305 1536 5358 vident
1577 5320 1700 5358 cum

72 5376 244 5429 velle
264 5389 392 5445 non
416 5383 685 5445 peterent,
708 5378 865 5445 eique
885 5375 1058 5429 minus
1082 5376 1424 5439 inhaererent,
1447 5376 1490 5427 si
1518 5376 1704 5429 volen-

76 5454 203 5498 tem
238 5444 384 5498 dare
407 5444 678 5499 desiderio
708 5444 926 5513 pigriori
955 5446 1248 5515 pulsarent.

69 5536 229 5593 CAP.
280 5533 454 5591 XXV.
494 5533 822 5590 —Etdatw
872 5536 1121 5662 sunitiqlis
1171 5536 1319 5590 stolae
1346 5532 1478 5589 alba:
1504 5534 1701 5605 (Apoc.

854 5622 927 5662 Vl.
1061 5646 1076 5661 .

159 5698 270 5770 (In
305 5698 561 5770 ferxposit.
623 5695 686 5752 Β.
729 5606 1168 5770 ιιᾳίςῖἶὺνιζζῃ.
1218 5693 1304 5757 Η,
1332 5701 1387 5748 et
1412 5692 1507 5748 lib.
1540 5709 1703 5755 xxxv,

74 5766 255 5826 nuin.
291 5766 423 5841 ‘25.)
446 5766 679 5825 Joannes
699 5767 789 5835 qui
816 5768 866 5820 in
898 5766 1233 5823 revelatione
1254 5780 1355 5820 sua
1376 5773 1502 5820 ante
1531 5779 1708 5820 resur-

1816 1864 1945 1935 tiutn
1974 1863 2361 1935 consolationis
2400 1866 2658 1935 aspirare,
2706 1876 2765 1920 ut
2787 1863 2842 1922 et
2868 1863 3167 1923 animarum
3210 1886 3310 1924 vox
3338 1872 3409 1924 sit

1813 1932 1920 1987 hoc
1959 1934 2376 2007 quodamantes
2405 1932 2731 2001 desiderant,
2774 1946 2829 1991 et
2882 1940 3260 2007 respondentis
3308 1939 3402 1993 Dei

1812 2018 1989 2076 sermo
2018 2006 2089 2076 sit
2114 2003 2380 2076 liocquod
2408 2020 2502 2060 eas
2528 2007 2897 2063 retributionis
2925 2003 3407 2067 certitudineintcv

1811 2072 1996 2148 deside
2017 2072 2077 2148 _ia
2107 2072 2412 2148 conﬁrmat.
2470 2076 2822 2148 Respondere
2869 2093 2997 2148 ergo
3054 2081 3171 2148 ejus
3225 2091 3308 2136 est
3351 2090 3408 2136 ut

1814 2142 2192 2217 collee_tio:.em
2262 2145 2485 2199 fratrum
2540 2142 2857 2217 eispcctare
2932 2142 3166 2204 debeant
3216 2167 3405 2206 eorum

1810 2213 2349 2288 mentibus_libenter
2388 2213 2679 2283 exspecta}:
2701 2219 2735 2271 li
2790 2234 2973 2274 moras
3002 2220 3321 2288 infundere;
3350 2231 3407 2276 et

1808 2296 1929 2357 cum
1959 2283 2136 2357 carnis
2185 2288 2635 2357 resurrectionem
2665 2297 2946 2357 appetunt,
2978 2290 3141 2343 etiam
3193 2307 3263 2345 ex
3288 2283 3405 2346 eol-

1807 2349 2141 2418 ligendorum
2173 2364 2466 2423 augmento
2495 2349 2718 2410 fratrum
2740 2349 3115 2428 "gratulentur.

1807 2440 1937 2495 CAP.
1982 2440 2192 2497 XXVII.
2231 2444 2562 2519 -—__Etrcum
2593 2450 2877 2517 aperuiss't
2914 2450 3142 2519 sigillum
3180 2460 3405 2519 sextum,

1875 2527 1991 2564 ecce
2018 2524 2170 2588 terra:
2206 2516 2384 2568 radius
2412 2518 2579 2586 [actus
2628 2528 2703 2570 est
2747 2516 3020 2588 magnus:
3052 2530 3102 2573 et
3122 2524 3201 2574 sol
3232 2516 3402 2588 [actus

1874 2590 1951 2635 est
1980 2584 2126 2653 niger
2155 2584 2617 2653 tanquam‘saccus
2662 2584 2899 2641 ciliciuus
2948 2589 2967 2655 (
2992 2591 3150 2659 Apoc.
3185 2584 3256 2655 vi,
3292 2590 3404 2659 η).

1877 2671 1966 2743 (In
1994 2673 2227 2750 exposit.
2262 2674 2347 2750 _B.
2381 2674 2501 2750 Job,
2535 2675 2644 2750 lib._
2669 2693 2744 2743 ix,
2800 2694 2947 2733 num.
2974 2678 3067 2747 8.)
3102 2679 3405 2750 Aliquando

1808 2742 1862 2817 i_n
1889 2742 2065 2817 sacro
2095 2744 2313 2817 eloquio
2340 2746 2473 2799 solis
2503 2746 2721 2817 nomine
2773 2742 3143 2817 prtedicatoris
3188 2742 3406 2806 claritas

1802 2812 2130 2888 designatur.
2162 2812 2239 2888 _ln
2289 2824 2533 2888 extremo
2573 2812 2790 2887 qnippe'
2824 2826 3068 2888 tempore
3118 2819 3198 2872 sol
3246 2822 3401 2888 quasi

1801 2896 2003 2957 saccus
2036 2883 2279 2937 cilicinus
2327 2883 2819 2957 ostenditu'r,_quia
2865 2883 3077 2957 lulgens
3127 2890 3237 2941 vita
3263 2883 3403 2957 pra!-

1802 2950 2097 3005 dicantium
2150 2963 2274 3006 ante
2303 2956 2656 3023 reproborum
2702 2950 2892 3011 oculos
2947 2950 3138 3027 aspera
3182 2968 3237 3012 et
3265 2950 3401 3014 'des-

1800 3029 1957 3090 pecta
1988 3031 2336 3077 mons'ratur.
2470 3040 2477 3043 ·

1799 3111 1930 3193 Clin.
1955 3111 2187 3167 XXVIII.
2211 3146 2283 3156 —
2306 3114 2429 3170 l-‘ost
2452 3116 2562 3170 Itmc
2588 3118 2693 3171 vidi
2714 3116 2918 3171 turbam
2934 3136 3202 3193 (magnam,
3222 3192 3225 3193 ν
3244 3139 3397 3193 quam

1827 3250 1830 3254 λ
1877 3182 2206 3260 dinumerare
2253 3202 2419 3260 nemo
2440 3196 2664 3256 poterat,
2691 3205 2769 3260 ea;
2804 3182 3046 3242 omnibus
3071 3182 3325 3260 gentibus,
3350 3202 3402 3246 et

1874 3253 2124 3319 tribubus,
2180 3263 2227 3307 ct
2256 3253 2468 3325 linguis,
2517 3266 2565 3309 et
2595 3258 2821 3325 populis,
2854 3269 3051 3312 stantes
3071 3253 3218 3313 'aute
3251 3253 3397 3315 thro-

1872 3339 2017 3400 num,
2048 3332 2095 3376 et
2126 3326 2177 3375 in
2201 3336 2473 3400 conspectu
2505 3328 2637 3400 agni
2657 3329 2831 3380 amicti
2864 3330 3010 3381 stolis
3039 3328 3193 3396 albis,
3218 3340 3266 3383 et
3286 3332 3403 3400 pal-

1874 3409 1973 3446 nue
2000 3394 2053 3446 in
2085 3394 2321 3447 manibus
2366 3411 2541 3448 corum
2573 3396 2766 3465 (Apoc.
2798 3411 2893 3463 vn,
2924 3400 3012 3465 9).

1872 3483 2026 3559 (Lib.
2059 3500 2124 3559 tl,
2167 3485 2219 3538 in
2269 3483 2495 3559 Bacch”
2544 3486 2730 3559 homil.
2762 3487 2816 3551 5,
2847 3504 2898 3541 η.
2933 3487 3022 3541 εξ.
3067 3488 3101 3559 )γ
3135 3489 3273 3555 Quid
3303 3506 3400 3559 per

1800 3556 2007 3630 palmas
2028 3556 2128 3630 nisi
2161 3556 2378 3630 praemia
2410 3556 3216 3630 νίς-ιονίω-ᾀεδῑευειηιιιι·Πρωὶ
3246 3556 3399 3630 quip-

1800 3622 1871 3697 pe
1892 3622 2008 3677 dari
2058 3622 2390 3697 vincentibus
2425 3626 2620 3680 solent.
2653 3622 2987 3693 Illos'itaque
3010 3622 3184 3697 qui'in
3215 3622 3398 3685 certa-

1799 3694 1945 3764 mine
1970 3696 2209 3764 martyrii
2233 3695 2510 3762 antiquum
2541 3698 2747 3749 hostem
2782 3694 3042 3760 vicerant,
3076 3708 3132 3751 et
3162 3699 3397 3754 victores

1798 3762 1852 3815 iu
1874 3765 2045 3831 patria
2096 3762 2417 3831 gaudebant,
2451 3766 2654 3832 palmas
2684 3766 2734 3817 in
2767 3767 3015 3821 manibus
3063 3766 3284 3831 habere,
3313 3778 3399 3823 est

1801 3832 2067 3905 victorias
2090 3835 2143 3886 in
2174 3834 2795 3905 operationetenuisse.
2837 3833 3005 3903 Cujus
3058 3838 3395 3905 operationis

1798 3902 1974 3971 palma
2001 3903 2071 3957 ibi
2095 3903 2418 3956 retribuetur
2436 3903 2522 3957 ubi
2539 3905 2649 3971 jam
2666 3904 2781 3958 sine
2798 3902 3395 3973 certamine—gandetum

1796 3990 1927 4046 CAP.
1960 3989 2148 4045 XXIX.
2180 3990 2348 4064 -—§_Et
2373 4008 2490 4064 cum
2513 3992 2799 4064 aperuisset
2829 3992 3055 4064 sigillum
3102 3997 3395 4064 septimum,

1870 4067 2066 4134 factum
2112 4072 2189 4114 est
2211 4061 2470 4134 silentium
2524 4063 2577 4115 in
2627 4062 2753 4116 cwlo
2818 4061 2967 4134 quasi
3038 4061 3208 4117 media
3266 4066 3396 4120 liora

1872 4132 2069 4203 (Apoc.
2095 4147 2210 4198 vui,
2236 4131 2259 4184 l
2283 4134 2324 4202 ).
2448 4142 2451 4145 '

1871 4230 1960 4301 (in
1986 4229 2217 4301 exposit.
2246 4231 2303 4301 Β,
2334 4227 2460 4293 Job,
2490 4228 2584 4301 lib.
2629 4245 2766 4301 Διωᾳ,
2793 4246 2846 4283 n.
2882 4229 2969 4295 59.,
3005 4229 3092 4294 5'5,
3126 4238 3180 4284 et
3211 4230 3304 4285 lib.
3336 4248 3396 4298 ll,

1797 4301 1852 4356 in
1878 4298 2102 4365 Ezeclil,
2134 4300 2318 4355 homil.
2351 4300 2404 4370 3,
2438 4298 2646 4370 κλμ.)
2696 4299 2836 4354 Nihil
2888 4301 3109 4370 prodest
3163 4301 3398 4357 solitudo

1797 4372 2065 4441 corporis,
2094 4370 2138 4424 si
2167 4368 2399 4441 solitudo
2428 4368 2659 4423 deluerit
2704 4368 2908 4441 cordis.
2958 4368 3060 4437 Qui
3111 4371 3252 4426 enim
3280 4387 3399 4426 cor-

1838 4438 1933 4497 ore
1984 4450 2225 4495 remotus
2273 4438 2424 4506 vivit,
2479 4442 2573 4495 sed
2606 4440 2917 4494 tumultibus
2961 4441 3399 4496 conversationis

1841 4525 2047 4565 umanze
2077 4519 2415 4564 terrenorum
2440 4509 2828 4563 desideriorum
2858 4510 3190 4575 cogitatione
3221 4526 3280 4565 se
3310 4511 3396 4565 in-

1797 4580 1954 4647 serit,
1983 4596 2090 4633 nou
2121 4587 2204 4633 est
2224 4579 2277 4632 in
2299 4578 2608 4633 solitudine.
2635 4577 2691 4632 Si
2722 4593 2853 4632 vero
2880 4587 3159 4647 prematur
3204 4580 3398 4647 aliquis

1796 4650 2152 4728 corporaliter
2172 4648 2524 4728 popularibus
2546 4648 2739 4728 turbis,
2763 4656 2817 4728 et
2840 4654 3020 4728 tamen
3044 4648 3222 4728 nullos
3247 4664 3400 4728 cura-7

1796 4715 1914 4773 rum
1944 4715 2280 4773 saeularium
2314 4717 2568 4771 tumultus
2604 4717 2657 4770 in
2688 4715 2850 4771 corde
2891 4716 3148 4786 patiatur,
3179 4733 3283 4772 non
3314 4727 3399 4772 est

1796 4789 1851 4843 in
1893 4790 2044 4843 urbe.
2076 4787 2260 4855 Itaque
2300 4787 2437 4841 bene
2466 4785 2912 4841 conversantibus
2944 4785 3171 4853 primum
3201 4789 3395 4843 solitu-

1795 4859 1866 4913 do
1895 4859 2088 4912 "lculi"
2121 4858 2389 4921 tribuitur,
2420 4864 2478 4910 ut
2500 4865 2877 4924 exsurgentem
2902 4855 3228 4912 intrinsecus
3248 4866 3391 4912 stre~

1796 4930 1965 4998 pitum
1994 4941 2325 4998 terrenarum
2371 4926 2758 4998 desideriorum
2801 4934 3069 4996 premant,
3121 4936 3182 4998 ut
3236 4927 3392 4980 ebul-

1803 4996 1996 5052 liemes
2048 4998 2115 5052 ab
2154 4996 2349 5051 inlimis
2379 5012 2535 5050 curas
2564 4996 2742 5051 cordis
2765 5011 2862 5066 per
2915 4997 3131 5063 superni
3164 4998 3392 5063 gratiam

1804 5068 2132 5134 restringant
2153 5067 2385 5120 amoris:
2417 5081 2712 5135 omnesque
2760 5074 2937 5121 motus
2980 5067 3286 5133 importune
3332 5082 3394 5121 se

1806 5138 2144 5201 ollerentium
2218 5137 2415 5192 levium
2464 5138 2873 5205 cogitationum,
2925 5137 3079 5205 quasi
3131 5137 3391 5205 quasdam

1805 5206 2251 5262 circumvolantes
2304 5222 2534 5273 muscas,
2585 5207 2652 5261 ab
2705 5206 2877 5261 oculis
2928 5206 3122 5259 mentis
3177 5208 3394 5273 abigant

1806 5292 1966 5331 manu
1996 5277 2302 5345 gravitatis:
2330 5284 2387 5330 et
2414 5277 2685 5345 quoddam
2713 5276 2812 5329 sibi
2842 5290 2963 5330 cum
2999 5274 3224 5329 Domino
3256 5276 3394 5328 intra

1805 5363 1865 5401 se
1908 5356 2174 5401 secretum
2225 5355 2485 5415 quaarant,
2541 5346 2630 5399 ubi
2660 5361 2783 5399 cum
2816 5346 2930 5412 illo,
2961 5346 3231 5415 exteriore
3268 5359 3391 5398 ces-

1812 5425 1966 5472 sante
1991 5414 2365 5483 strepitu,’per
2395 5415 2600 5468 interna
2628 5415 2890 5469 desideria
2917 5414 3138 5468 sileutcr
3166 5414 3393 5482 loquan-

1813 5495 1920 5541 tur.
1951 5486 2025 5540 De
2052 5488 2155 5539 hoc
2202 5493 2411 5539 secreto
2438 5485 2615 5538 cordis
2655 5484 2853 5538 dictum
2884 5493 2995 5541 est:
3047 5483 3271 5537 Factum
3317 5494 3394 5537 est

1811 5557 2070 5609 silenium
2114 5557 2167 5608 in
2207 5555 2349 5625 cwlo,
2380 5554 2529 5625 quasi
2557 5554 2903 5625 media/rora.
2954 5555 3159 5609 Curium
3196 5556 3394 5625 quippe

1813 5635 1895 5679 est
1924 5625 2102 5678 anima
2128 5625 2278 5693 justi,
2310 5623 2449 5679 sicut
2478 5639 2573 5694 per
2602 5623 2918 5694 prophetam
2946 5625 3200 5694 Dominus
3227 5624 3390 5681 dicit:

1814 5695 2005 5748 Cwlum
2034 5692 2155 5748 mihi
2186 5696 2332 5747 sedes
2359 5703 2435 5747 est
2479 5692 2623 5763 (lsa.
2653 5709 2798 5762 1.3m,
2829 5693 2915 5762 ι).
2951 5694 3046 5749 Et:
3080 5693 3206 5748 Cwli
3235 5710 3379 5747 enar-

1816 5777 1934 5819 runt
1956 5765 2174 5834 gloriam
2207 5764 2300 5818 Dei
2326 5767 2342 5835 (
2371 5763 2515 5817 l'sal.
2542 5779 2691 5833 xuii,
2724 5763 2803 5836 1).
2838 5765 3227 5835 Λυίιιιιιὶωψιθ
3240 5765 3386 5834 justi,
