4134 6328
227 295 298 357 Ξῦ
1407 306 1702 363 ΝΟἸἸΤΙΑ
1736 308 1815 364 ΙΝ
1843 308 1911 392 .S.
1950 310 2207 369 NlLUM.
3304 313 3377 374 26

252 446 3384 471 .__.__.__._________,_________________________________________

1261 605 1752 690 ΝΟΤΙΤΙᾹ

1882 608 2365 689 ALTERA.

892 788 1019 848 ‘(Leo
1048 789 1295 848 Αιιιτιυε,
1328 787 1542 839 Diatribu
1563 792 1620 843 de
1647 788 1791 846 Nilis,
1809 792 1865 839 ad
1888 792 2069 838 calcem
2091 790 2409 851 Epistolarum
2431 789 2547 851 Nili,
2569 805 2615 852 ρ.
2639 793 2709 852 7.)

529 1072 685 1127 Nilus
700 1077 955 1149 eparchus
984 1077 1602 1144 Constantiuopolitanus,
1625 1094 1687 1130 ea:
1715 1078 1935 1144 eparcho
1953 1074 2233 1128 monachus
2266 1084 2310 1127 et
2335 1082 2507 1127 asceta
2527 1089 2641 1126 cum
2677 1071 2934 1127 Theodulo
2959 1075 3088 1140 filio.

296 1204 397 1259 Sed
428 1206 582 1259 adest
626 1208 735 1275 jam
770 1206 925 1262 Nilus
974 1218 1158 1262 noster
1197 1213 1389 1264 Asccta
1412 1251 1427 1275 ,
1465 1212 1621 1279 eujns
1653 1226 1764 1263 me-

225 1296 384 1347 minit
445 1293 785 1363 Nicephorus
849 1296 1111 1351 Callistus
1172 1297 1314 1351 Hist.
1385 1300 1741 1353 ecclesiastica:

226 1384 264 1435 Ι.
293 1400 413 1449 xiv,
452 1398 503 1438 c.
542 1384 630 1446 54,
666 1385 897 1451 virtute,
947 1386 1231 1449 doctrina,
1268 1398 1428 1456 atque
1465 1389 1766 1456 eloquentia

224 1474 693 1538 prastantissimi,
728 1490 886 1544 quem
922 1475 1148 1530 Michael
1189 1476 1437 1531 Neander
1466 1479 1618 1546 quasi
1652 1477 1768 1531 nul—

225 1562 335 1616 lius
362 1563 521 1630 pretii
558 1563 830 1616 hominem
870 1566 1143 1632 quemdam
1180 1574 1356 1619 vocat.
1407 1564 1765 1633 Menologium

224 1648 557 1702 Basilianum
623 1650 963 1705 bibliotheca:
1022 1650 1295 1718 Vaticana:
1358 1654 1425 1705 14
1484 1652 1764 1705 Januarii:

228 1738 487 1806 Ἀθλησις
537 1739 643 1791 τῶν
696 1739 855 1792 ὁσίων
892 1740 1145 1809 Πατέρων
1180 1742 1333 1809 ἡμῶν
1376 1741 1481 1793 τῶν
1537 1742 1593 1791 ὲν
1642 1742 1768 1808 Σινᾷ

223 1826 343 1894 δρει
365 1827 780 1882 τελειωθέντων.
825 1828 957 1880 Ἀπὸ
1001 1829 1272 1899 διαφόρων
1309 1830 1485 1899 τόπων
1531 1831 1624 1881 καὶ
1665 1850 1767 1897 χω-

226 1915 360 1984 ρίων
396 1917 445 1967 οἱ
474 1917 617 1982 ἅγιοι
640 1911 781 1968 οὗτοι
808 1917 1139 1985 ὑπάρχοντες
1178 1919 1392 1987 ἀφῆκαν
1424 1919 1511 1970 τὸν
1549 1920 1767 1985 κόσμον,

224 2003 325 2057 καὶ
351 2008 649 2071 συγγενεῖς,
680 2005 774 2056 καὶ
805 2004 1044 2065 πλοῦτον,
1071 2006 1163 2057 καὶ
1187 2008 1426 2071 ἀπῆλθον
1467 2009 1523 2057 ὲν
1552 2006 1627 2072 τῷ
1656 2006 1768 2073 ὄρει

223 2090 304 2157 τῷ
345 2091 470 2157 Σινᾷ
493 2129 506 2149 ,
544 2092 635 2141 καὶ
681 2091 921 2156 ἐγένοντο
955 2092 1207 2159 μοναχοὶ,
1257 2092 1590 2153 δουλεύοντες
1626 2092 1767 2159 μόνῳ

225 2179 305 2245 τῷ
331 2178 467 2245 Θεῷ,
500 2179 592 2230 καὶ
612 2180 929 2247 τρεφόμενοι
960 2180 1060 2231 ὑπὸ
1092 2180 1323 2248 βοτανῶν
1350 2182 1572 2251 ἀγρίων.
1620 2183 1769 2234 Μετὰ

224 2265 435 2317 τούτων
461 2266 517 2317 δὲ
548 2266 716 2331 ἁγίων
742 2263 807 2333 ἦν
832 2268 924 2319 καὶ
955 2270 981 2318 ό
1015 2268 1167 2333 ἅγιος
1195 2268 1401 2331 Νείλος,
1429 2272 1457 2321 ό
1489 2272 1771 2340 γενόμενος

227 2354 470 2421 ἔπαρχος
522 2355 1133 2417 Κωνσταντινουπόλεως
1161 2396 1176 2420 ,
1231 2358 1364 2426 ἀνὴρ
1432 2362 1622 2427 σοφὸς,
1680 2363 1770 2411 καὶ

227 2444 501 2511 εὐλαϐής·
546 2444 680 2496 ἀλλὰ
724 2444 815 2496 καὶ
860 2444 1017 2506 αὐτὸς
1064 2446 1150 2497 διὰ
1188 2449 1276 2497 τὸν
1324 2448 1551 2516 Χριστὸν
1599 2451 1774 2517 ἀφῆκε

227 2531 329 2583 καὶ
358 2533 457 2601 τὴν
499 2532 684 2596 δόξαν,
722 2533 814 2583 καὶ
858 2533 949 2583 τὸν
988 2534 1245 2593 πλοῦτον.
1297 2537 1386 2587 καὶ
1432 2538 1645 2604 ἐγένετο
1699 2534 1776 2600 εἷς

226 2620 342 2669 τῶν
377 2619 605 2687 πτωχῶν
652 2619 915 2687 μοναχῶν.
976 2620 1111 2671 Ἀλλ’
1152 2623 1179 2671 ό
1224 2621 1465 2685 διάϐολος
1512 2624 1775 2693 φθονήσας

222 2708 477 2777 διήγειρε
516 2706 575 2758 τὸ
618 2707 806 2775 ἄγριον
837 2706 987 2767 ἔθνος
1026 2707 1131 2760 τῶν
1171 2707 1470 2777 Βλεμμύων
1505 2709 1643 2763 κατὰ
1670 2713 1777 2765 τῶν

231 2795 405 2861 ἁγίων
436 2794 709 2869 Ᾰῌατέρων
737 2811 750 2825 ·
798 2790 941 2848 οὗτοι
990 2796 1045 2847 δέ
1092 2798 1226 2849 εἰσιν
1284 2799 1332 2850 οἱ
1380 2799 1485 2851 ἀπὸ
1528 2799 1778 2870 Ἀραὸίας

228 2888 340 2946 ἕως
361 2883 634 2950 Αἰγύπτου
660 2886 1036 2947 κατοικοῦντες
1059 2887 1156 2954 τὴν
1190 2886 1460 2941 Θάλασσαν
1493 2888 1777 2960 Ἐρυθρὰν,

229 2975 328 3026 καὶ
373 2972 679 3036 ἐλπίζοντες
721 2976 900 3044 εὑρεῖν
956 2974 1179 3027 πλοῦτον
1230 2973 1390 3043 ἦλθον
1454 2978 1778 3046 κουρσεῦσαι

228 3060 359 3119 τοὺς
401 3059 697 3127 Μοναχούς.
746 3060 832 3119 Ὠς
878 3060 933 3111 δὲ
986 3061 1135 3113 οὐδὲν
1171 3056 1358 3131 εὖρον,
1408 3067 1453 3116 εἰ
1487 3066 1561 3135 μὴ
1590 3065 1779 3133 ψιάθια

235 3148 399 3211 μόνα,
429 3146 523 3197 καὶ
553 3149 675 3208 τοὺς
704 3148 888 3215 ἁγίους
917 3150 1127 3219 τρίχινα
1153 3152 1466 3219 φοροῦντας,
1498 3156 1587 3206 καὶ
1613 3155 1780 3218 οὕτως

231 3235 931 3304 ἐτελειώθησανᾯενεαηιεη
982 3250 1284 3292 sanctorum
1316 3242 1539 3295 Patrum
1576 3253 1781 3298 nostro-

230 3341 374 3385 rum,
413 3326 502 3390 qui
529 3326 581 3375 in
613 3332 784 3378 mante
808 3325 937 3379 Sina
968 3328 1121 3393 finem
1157 3346 1263 3381 sua:
1290 3330 1405 3382 vita:
1435 3332 1608 3384 sortiti
1640 3343 1778 3386 sunt.

236 3419 319 3465 Ea:
346 3414 564 3466 diversis
591 3416 806 3466 urbibus
836 3425 883 3466 et
913 3418 1112 3483 oppidis
1140 3433 1255 3470 cum
1279 3430 1445 3473 essent
1469 3421 1545 3485 hi,
1566 3423 1779 3487 mundo,

230 3502 565 3566 parentibus,
618 3511 667 3553 et
696 3502 893 3555 divitiis
926 3506 1259 3571 renuntiatis,
1292 3524 1408 3559 cum
1436 3512 1783 3575 pervenissent

233 3592 303 3641 ad
337 3601 562 3641 montem
606 3588 780 3654 Sinai,
812 3594 1052 3644 monachi
1089 3595 1255 3661 effecti
1278 3606 1422 3658 sunt,
1459 3607 1505 3649 et
1546 3599 1645 3649 soli
1679 3599 1781 3653 Deo

232 3678 626 3741 inserviebam,
680 3679 848 3734 herbis
881 3682 1204 3735 silvestribus
1252 3687 1410 3737 vitam
1446 3691 1778 3741 sustinentes.

232 3771 371 3821 Cum
403 3769 485 3821 his
517 3771 713 3821 sanctis
739 3770 899 3822 vitam
931 3772 1146 3825 ducebat
1175 3774 1352 3826 beatus
1388 3775 1547 3828 Nilus
1578 3778 1629 3829 in
1661 3779 1784 3830 urbe

235 3856 823 3923 Constantinopolitano
850 3858 1111 3928 quandam
1158 3862 1431 3926 eparchus,
1468 3865 1545 3914 vir
1575 3866 1779 3929 doctus,

231 3959 281 3997 et
307 3948 364 3998 in
396 3946 562 3999 Deum
591 3947 877 4013 piissimus.
912 3943 1044 4009 Quin
1070 3959 1114 3998 et
1140 3951 1244 4013 ipse
1265 3960 1471 4017 propter
1493 3952 1779 4017 Christum,

232 4046 280 4086 et
318 4036 514 4102 gloria,
552 4047 599 4088 et
634 4037 833 4123 divitiis
870 4038 1104 4090 dimissis
1133 4010 1569 4107 pauper-culorum
1601 4061 1782 4098 mona-

232 4126 452 4175 chorum
474 4125 709 4177 habitum
741 4126 931 4180 induit.
980 4128 1338 4183 Verumtamen
1385 4134 1626 4188 diabolus
1654 4137 1785 4189 invi-
1842 4124 1845 4125 ν

232 4212 417 4264 dentia
469 4220 635 4263 tortus
663 4215 941 4263 immanem
984 4216 1344 4283 Blemmydum
1374 4232 1574 4285 gentem
1603 4225 1781 4273 conci-

236 4302 366 4353 mrit
412 4312 595 4352 contra
648 4309 855 4353 sanctos
903 4301 1107 4353 Patres.
1170 4302 1496 4375 Blemmydes
1547 4318 1667 4361 sunt
1720 4312 1782 4363 ab

234 4392 439 4442 .trabia
477 4406 633 4458 usque
667 4390 955 4460 At‘gyptnm
986 4394 1152 4445 maris
1198 4393 1362 4447 Rubri
1416 4398 1606 4451 accola?
1635 4439 1650 4463 ,
1698 4418 1782 4469 qut

230 4483 546 4534 divitiarum
598 4485 978 4547 exspectatione
1021 4485 1177 4536 erecti
1229 4491 1294 4535 ad
1326 4487 1644 4553 diripiendos
1676 4506 1760 4541 mo

234 4571 432 4622 melius
463 4572 880 4638 progressisunt.
920 4571 1050 4622 Cum
1086 4589 1200 4624 vero
1232 4573 1360 4624 nihil
1384 4578 1606 4642 amplius
1641 4594 1783 4629 com-

230 4661 685 4725 perissenl,quam
715 4660 988 4725 tegeticula
1016 4675 1078 4710 ea;
1098 4660 1280 4724 junco,
1313 4675 1620 4732 sanctosque
1645 4666 1784 4734 ipsos

231 4761 297 4797 ex
353 4746 479 4811 pilis
528 4745 781 4812 confectis
842 4744 1158 4823 indumentis
1233 4749 1676 4817 circumrestitos,
1732 4756 1785 4806 in

231 4834 441 4887 rabiem
488 4836 619 4887 versi
650 4836 735 4887 e'os
767 4834 932 4901 culpte
978 4846 1207 4890 exsortes
1234 4842 1687 4898 contrucidarunt.
1716 4844 1781 4897 Et

230 4932 309 4980 sic
362 4927 485 4980 vita:
524 4927 678 4993 finem
722 4942 955 4993 posuere.
1006 4926 1180 4996 Supra
1232 4930 1480 4985 laudatus
1517 4932 1781 4990 Callixtus

234 5022 359 5071 loco
400 5016 583 5070 dicto:
624 5016 712 5085 Τῷ
742 5016 798 5067 δὲ
839 5015 1105 5087 θεσπεσίῳ
1158 5019 1331 5089 Νείλῳ
1367 5025 1557 5092 πατρὶς
1609 5027 1640 5095 ἡ
1686 5028 1783 5095 τῆς

236 5103 646 5158 Κωνσταντίνου
680 5104 936 5172 ἐτύγχανε
967 5106 1116 5167 πόλις
1144 5145 1156 5167 ,
1204 5103 1269 5177 ἧς
1307 5110 1383 5178 τῷ
1423 5114 1656 5181 περιόντι
1687 5118 1782 5184 τῆς

234 5192 555 5262 εὐγενείας,
619 5195 711 5243 καὶ
773 5193 1003 5264 ἔπαρχος
1070 5197 1418 5265 ἐχρημάτισε.
1462 5202 1679 5273 Πλούτῳ
1729 5207 1782 5258 δὲ

234 5286 427 5355 βαθεῖ,
462 5283 554 5334 καὶ
585 5281 865 5353 δυναστείᾳ
896 5287 1305 5355 περιρρεόμενος
1326 5289 1626 5362 ἀσκητικὴν
1654 5296 1777 5346 ἀντ-

241 5377 527 5437 ηλλάττετο
576 5372 816 5436 ἀγωγήν.
868 5374 1192 5429 Admiranda
1250 5378 1372 5430 Nilo
1411 5385 1585 5445 patria
1638 5382 1780 5439 Con-

236 5462 609 5529 stantinopolis
655 5459 795 5527 fuit,
856 5463 1001 5527 cujus
1054 5466 1209 5517 etiam
1256 5480 1459 5535 propter
1516 5476 1776 5541 egregiam

236 5556 436 5626 generis
474 5550 793 5605 nobilitatem
821 5551 1093 5616 pra’ft‘clus
1124 5555 1242 5619 fuit.
1287 5558 1543 5622 Potentia,
1577 5570 1624 5613 et
1660 5565 1771 5631 cpi.

1864 1209 1956 1262 bus
1986 1210 2216 1278 affluens,
2246 1209 2525 1261 asceticam
2546 1208 2652 1260 illis
2673 1208 2903 1275 prwtulit
2932 1206 3114 1260 vitam.
3145 1206 3210 1259 Et
3244 1204 3390 1258 Grat-

1863 1314 2049 1353 corum
2092 1297 2479 1366 Menologium:
2528 1289 2691 1357 Οὗτος
2724 1296 2887 1356 πολὺς
2915 1290 2983 1364 ἦν
3011 1296 3069 1345 ὲν
3098 1294 3271 1360 λόγοις
3301 1293 3392 1344 ἐπὶ

1871 1390 1968 1457 τῆς
2014 1387 2284 1455 βασιλείας
2334 1386 2636 1441 Μαυοικίου
2703 1386 2938 1453 ἔπαρχος
2990 1383 3393 1436 Κωνσταντίνου

1866 1478 2068 1539 πόλεως
2099 1477 2511 1547 γνωριζόμενος,
2541 1477 2706 1543 σεμνῇ
2731 1473 2785 1524 δὲ
2822 1471 3038 1537 γυναικὶ
3068 1470 3395 1539 συζευχθεὶς,

1867 1567 1958 1619 καὶ
1984 1566 2074 1619 δύο
2106 1567 2287 1629 τέκνα,
2336 1564 2498 1633 ἄρρεν
2543 1580 2599 1613 τε
2648 1563 2738 1614 καὶ
2784 1562 2934 1630 θῆλυ,
2967 1560 3266 1624 ἁποτεκὼν,
3298 1560 3396 1628 τὴν

1868 1656 2057 1708 ἑαυτοῦ
2104 1656 2330 1707 πέπεικε
2379 1653 2604 1719 σύζυγον
2650 1652 2745 1719 τὴν
2798 1648 3197 1702 Κωνσταντίνου
3244 1651 3397 1701 πόλιν

1871 1741 2207 1801 καταλιπεῖν,
2262 1742 2354 1793 καὶ
2399 1742 2510 1801 τοῖς
2559 1741 2657 1804 τῆς
2709 1736 2979 1804 Αἰγύπτου
3021 1737 3397 1806 μοναστηρίοις

1870 1829 2319 1897 κατασκηνῶσαι,
2363 1825 2680 1896 μερίσασθαι
2723 1842 2781 1877 τε
2826 1824 2895 1876 τὰ
2936 1824 3135 1885 τέκνα,
3177 1825 3268 1874 καὶ
3308 1824 3397 1874 τὸν

1875 1918 1970 1984 μὲν
1999 1917 2324 1986 παραλαϐεῖν
2349 1916 2438 1966 τὸν
2469 1916 2581 1965 υἱὸν
2610 1914 2913 1973 Θεόδουλον,
2938 1912 3034 1979 τὴν
3062 1912 3115 1962 δὲ
3149 1911 3243 1978 τὴν
3271 1908 3395 1960 ἔαυ-

1869 2006 1964 2071 τῆς
2002 2006 2273 2070 θυγατέρα
2297 2041 2309 2063 ,
2345 2005 2432 2053 καὶ
2479 2002 2616 2053 οὕτω
2635 2002 2951 2068 ποιήσαντες
2991 1997 3275 2064 διέστησαν
3309 1999 3399 2049 ἀπ’

1871 2092 2130 2159 ἀλλήλων,
2175 2092 2265 2141 καὶ
2297 2091 2415 2141 ἐπεὶ
2444 2092 2469 2139 ὁ
2502 2089 2764 2157 μακάριος
2801 2086 2989 2148 Νεῖλος
3017 2085 3077 2137 τδ
3105 2086 3231 2154 ὅρος
3268 2088 3403 2153 μετὰ

1869 2180 1963 2231 τοῦ
2014 2178 2128 2230 υἱοῦ
2168 2177 2500 2245 κατειληφὼς
2528 2179 2686 2245 συνῆν
2736 2177 2845 2238 τοῖς
2890 2175 3183 2244 Πατρὰσιν,
3214 2176 3308 2226 καὶ
3338 2175 3403 2225 τὰ

1873 2269 2014 2338 ἑξῆς.
2042 2269 2252 2323 Celcber
2281 2269 2363 2320 hic
2394 2268 2495 2335 fuit
2524 2268 2787 2319 hominum
2830 2265 3150 2318 sermonibus
3179 2302 3193 2326 ,
3245 2266 3405 2332 impe-

1872 2370 2020 2413 rante
2075 2360 2349 2422 Mauritio,
2400 2358 2542 2410 urbis
2590 2355 3183 2421 Canstautinopolitanw
3229 2354 3407 2420 pra'fe-

1873 2459 2023 2503 ctura
2059 2450 2255 2502 clarus.
2318 2448 2421 2513 Qui
2466 2447 2842 2500 honestissimas
2888 2452 3146 2496 matrona:
3193 2441 3407 2510 junctus

1874 2541 2231 2602 ntatrimonio,
2260 2538 2460 2590 duobus
2498 2551 2561 2589 ea:
2613 2536 2706 2587 illa
2747 2533 3000 2602 susceptis
3040 2532 3220 2585 liberis
3266 2546 3407 2583 mare

1873 2640 1920 2681 et
1948 2629 2175 2695 femina,
2227 2629 2380 2680 uxori
2412 2627 2705 2693 persuasit,
2746 2633 2801 2676 ut
2844 2622 3299 2688 Constantinopoli
3330 2636 3408 2672 re-

1876 2715 1999 2766 licta
2034 2716 2087 2765 in
2116 2714 2333 2782 /Egypti
2379 2713 2694 2766 monasteria
2728 2711 3049 2777 immigraret
3082 2725 3100 2760 :
3131 2710 3409 2775 partitiquu

1875 2804 2007 2856 inter
2034 2819 2087 2856 se
2138 2803 2361 2865 liberos,
2420 2802 2529 2869 ipse
2580 2798 2783 2869 quidem
2835 2796 3157 2851 Theodulum
3216 2795 3418 2863 ﬁlium;

1874 2896 1970 2948 illa
2015 2894 2179 2963 filiam
2218 2908 2367 2946 suam
2394 2891 2727 2943 abducerent.
2763 2886 2878 2952 Quo
2922 2886 3061 2955 facto
3096 2884 3159 2937 ab
3195 2885 3410 2937 invicem

1876 3000 1985 3036 sese
2027 2984 2413 3050 disiunxerant.
2447 2979 2585 3032 Hinc
2620 2995 2734 3030 cum
2764 2977 2944 3029 beatus
2975 2975 3128 3028 Nilus
3160 2981 3408 3037 occupato

1877 3081 2047 3125 monte
2084 3087 2198 3123 cum
2248 3071 2358 3138 [ilio
2413 3079 2711 3121 sanctorum
2774 3065 2993 3117 Patrum
3044 3062 3411 3114 consuetudine

1879 3164 2178 3231 frueretur,
2225 3160 2439 3229 quidam
2490 3159 2717 3226 ferarum
2770 3157 2939 3207 instar
2990 3162 3217 3220 repentes
3261 3161 3411 3217 atque

1878 3254 2127 3303 irruentes
2159 3248 2403 3312 Barbari,
2433 3248 2541 3314 ejus
2566 3246 2731 3313 ﬁlium
2755 3242 3073 3296 Theodulum
3103 3258 3216 3292 cum
3238 3242 3411 3290 multis

1880 3342 1999 3393 aliis
2029 3340 2286 3406 captivum
2334 3340 2680 3387 abduxerunt.
2721 3332 2785 3384 Et
2834 3331 3271 3400 Martyrologium
3306 3328 3413 3380 Ro-

1879 3445 2140 3482 manum:
2190 3426 2370 3478 Pridie
2421 3425 2542 3476 ldus
2600 3423 2927 3488 Novembris,
2963 3417 3415 3485 Constantinopoli

1883 3518 1938 3571 S.
1980 3516 2092 3569 Nili
2120 3517 2344 3576 abbatis,
2382 3515 2469 3583 qui
2498 3529 2563 3565 e1:
2588 3510 2827 3579 praefecto
2866 3509 3007 3561 urbis
3030 3510 3202 3577 factus
3238 3523 3407 3559 mona-

1884 3609 2006 3659 chus
2057 3606 2148 3658 sub
2192 3604 2473 3657 Theodosio
2500 3600 2719 3653 Juniore
2747 3599 3010 3657 doctrina,
3056 3608 3103 3651 et
3143 3598 3415 3649 sanctitate

1881 3696 2079 3762 ﬂoruit.
2121 3692 2185 3745 Et
2212 3693 2423 3746 tandem
2470 3689 2826 3758 Menologium
2875 3686 3055 3739 Sit-leti
3086 3686 3173 3738 die
3213 3702 3282 3737 χιι
3311 3684 3421 3755 Νο-¹

1883 3783 2318 3839 vetnb.:Natalis
2368 3781 2423 3834 S.
2471 3780 2645 3833 Patris
2681 3778 2844 3830 nostri
2888 3775 3018 3830 Nili.
3055 3776 3153 3827 llic
3196 3776 3295 3841 fuit
3324 3774 3415 3824 sub

1884 3876 2191 3941 imperatore
2236 3874 2486 3925 Mauritio
2529 3879 2825 3922 sanctarum
2872 3868 3188 3918 Litterarum
3247 3862 3412 3915 erudi-

1885 3965 2020 4014 tione
2048 3971 2095 4014 et
2146 3963 2425 4014 sanctitate
2463 3973 2660 4009 morum
2692 3957 2932 4023 insignis,
2964 3956 3050 4023 qui
3074 3970 3187 4004 cum
3218 3956 3415 4005 oratio-

1887 4054 1966 4123 nis
2028 4051 2280 4118 facultate
2310 4059 2355 4101 et
2397 4057 2548 4100 recta:
2599 4048 2716 4098 vita:
2766 4044 2995 4109 exemplo
3052 4043 3301 4109 plurimos
3354 4049 3418 4093 ad

1885 4143 2093 4195 virtutis
2129 4140 2357 4192 studium
2388 4137 2690 4197 excitasset,
2725 4134 2777 4185 in
2807 4148 2931 4199 pace
2964 4132 3175 4202 quievit.

1952 4227 2049 4279 llic
2098 4236 2152 4278 ut
2200 4226 2349 4278 virus
2396 4239 2575 4293 prava.-
2622 4223 2929 4291 religionis,
2981 4231 3035 4273 et
3068 4219 3421 4287 petulantiam

1885 4318 2239 4373 sectariorum
2272 4316 2324 4368 in
2368 4330 2500 4383 pura
2534 4316 2786 4381 claraqtte
2814 4309 3174 4365 exulceranda
3201 4310 3421 4361 veritat:

1889 4410 2150 4463 catholica
2199 4408 2435 4459 animum
2468 4404 2730 4459 infrenem
2762 4401 3085 4471 prospicias,
3135 4398 3273 4453 etin
3300 4398 3420 4452 Cal-

1885 4497 2119 4549 .iuiana:
2166 4493 2411 4547 Historia:
2460 4494 2637 4548 verbis
2667 4492 2919 4560 superius
2966 4488 3221 4543 adductis
3256 4489 3429 4539 inter-

1885 4586 2159 4654 pretandis
2200 4584 2476 4645 malitiam,
2511 4597 2632 4638 cum
2667 4583 2732 4637 de
2758 4591 2944 4637 nostro
2969 4579 3087 4634 Nilo
3117 4592 3419 4633 sermonem

1886 4675 2068 4733 habet,
2117 4681 2298 4741 repeto
2339 4673 2433 4726 tibi
2467 4673 2628 4727 verba
2664 4671 2951 4741 Nicephori
2994 4688 3008 4723 :
3041 4669 3128 4738 Τῷ
3150 4668 3204 4720 δὲ
3233 4666 3415 4717 θεσπε-

1886 4762 1982 4831 σίῳ
2016 4760 2190 4829 Νείλῳ
2218 4762 2411 4830 πατρὶς
2441 4763 2473 4830 ἡ
2507 4761 2910 4814 Κωνσταντίνου
2938 4759 3229 4826 ἐτύγχανεν
3254 4756 3427 4821 πόλις,

1888 4846 1949 4920 ἧς
1984 4850 2061 4919 τῷ
2086 4851 2321 4919 περιόντι
2360 4854 2455 4919 τῆς
2496 4852 2767 4919 εὐγενείας
2792 4851 2883 4903 καὶ
2906 4849 3145 4917 ἔπαρχος
3178 4845 3428 4915 ἐχρημά-

1884 4960 2023 5003 τισε,
2055 4927 2345 5013 πλούτιρδὲ
2378 4943 2550 5012 βαθεῖ,
2583 4942 2676 4993 καὶ
2700 4939 2983 5009 δυναστείᾳ
3008 4935 3422 5006 περιρῤεόμενοε

1885 5032 1982 5098 τὴν
2026 5033 2323 5101 ἀσκητικὴν
2373 5031 2753 5100 ἀντηλλάττετο
2810 5030 3050 5096 ἀγωγήν.
3099 5023 3429 5079 Admiranda

1900 5122 2026 5175 Nilo
2080 5124 2254 5189 patria
2317 5114 2798 5188 Constantinopolis
2848 5112 2999 5187 fuit,
3056 5118 3206 5184 cujus
3266 5117 3421 5168 etiam

1890 5222 2100 5280 propter
2134 5213 2387 5281 egregiam
2421 5213 2586 5280 gentis
2628 5210 2951 5265 nobilitatem
2997 5207 3273 5275 prtvfectus
3304 5204 3420 5268 fuit.

1892 5301 2136 5355 Potentia
2174 5314 2221 5355 et
2264 5302 2443 5368 opibus
2477 5302 2721 5371 afﬂuens,
2754 5302 3029 5355 asceticam
3060 5299 3167 5349 illis
3199 5294 3427 5360 pratuli:

1892 5392 2066 5445 vitam.
2100 5390 2338 5454 Quorum
2371 5391 2459 5443 illa
2498 5389 2763 5443 sententia
2806 5398 2919 5451 est;
2964 5388 3089 5438 licet
3120 5383 3423 5439 nobilitata,

1889 5480 2164 5548 dignitate;
2208 5480 2405 5548 opibus
2436 5488 2487 5531 et
2519 5479 2683 5532 rebus
2733 5479 2853 5531 aliis
2885 5474 3252 5531 clarissimus,
3287 5478 3338 5523 ct
3371 5471 3421 5522 in

1908 5568 2034 5622 urbe
2051 5569 2285 5623 omnium
2304 5569 2588 5637 praecipua,
2610 5568 2808 5622 viribus
2834 5565 3219 5635 prrcentincrct,
3242 5562 3435 5615 nihilo-
