4134 6328
731 293 798 356 ²τ
1907 295 2203 357 NOTITIA
2248 295 2266 352 ι

2366 295 2424 354 s.
2465 296 2726 357 Ntwu.
3833 275 3901 336 93

733 407 912 458 mimis
980 417 1162 456 amore
1238 401 1437 456 Christi
1491 402 1744 456 omnibus
1791 403 2154 470 renuntiavit,
2205 408 2258 452 ct

735 494 1020 543 asceticam
1055 492 1412 558 amplexatus,
1453 491 1505 544 in
1541 492 1644 544 Deo
1671 507 1770 544 Stto
1797 502 1848 544 et
1879 489 2090 542 Christo
2115 503 2259 555 spem

731 577 1036 629 collocavit.
1079 577 1229 641 Quod
1278 579 1330 629 in
1383 577 1514 629 tanti
1549 579 1646 630 viri
1683 578 1866 631 laudes
1897 575 2260 644 reponendum

731 672 835 725 est,
858 680 1058 731 easque
1087 667 1334 726 eximias,
1362 677 1626 717 assertore
1653 664 2052 730 Callisto.Quid
2086 673 2261 714 autem

733 757 825 823 qui
860 757 1008 808 carni
1032 765 1082 808 ct
1110 758 1308 809 mundo
1342 758 1668 816 deserviunt,
1693 766 1744 808 et
1777 758 1965 806 bonum
1999 753 2257 807 Christia-

737 857 926 896 norum
983 842 1390 904 educationem,
1443 851 1495 895 et
1552 843 1732 895 carnis
1806 841 2261 892 exerueiationem

675 937 682 943 ’
733 932 1016 1000 dissipant,
1046 948 1112 985 ex
1143 934 1318 985 verbis
1363 933 1480 986 istis
1511 932 1730 986 Callisti
1778 929 2266 999 Magdeburgenses

731 1023 1092 1076 convertunt?
1134 1021 1290 1075 Nilus
1337 1025 1415 1076 vir
1443 1021 1644 1090 generis
1676 1020 1947 1074 nobilitate
1971 1059 1985 1082 ,
2019 1028 2067 1072 et
2101 1021 2266 1072 virtu-

731 1120 840 1162 tum
892 1118 1200 1162 ornamento
1246 1111 1532 1176 pra'clarus
1579 1110 1888 1170 monachus,
1947 1109 2088 1160 urbis
2127 1106 2267 1160 Con-

732 1197 1217 1262 stantinopolitanae
1266 1195 1538 1264 indigena,
1594 1205 1641 1247 et
1691 1196 1964 1262 prtrfectus
1997 1196 2264 1262 postremis

728 1282 969 1336 Junioris
1015 1282 1286 1335 Theodosii
1318 1285 1648 1348 temporibus.
1696 1283 1923 1351 Cumque
1954 1287 2187 1351 potentia
2218 1295 2268 1336 et

732 1372 914 1438 opibus
950 1373 1196 1440 afﬂueret,
1228 1381 1381 1440 atque
1411 1374 1567 1424 etiam
1603 1375 1706 1426 alio
1758 1374 1907 1426 modo
1945 1374 2192 1427 Ecclesiw
2219 1383 2268 1427 et

734 1460 1030 1526 reipublica:
1084 1472 1219 1514 recte
1275 1472 1323 1514 et
1380 1465 1599 1514 multum
1655 1465 1877 1526 servire,
1932 1466 2269 1532 prodesseque

733 1549 1002 1616 potuisset,
1036 1561 1203 1603 tamen
1232 1566 1294 1603 ea:
1325 1553 1542 1605 sinistro
1561 1539 1951 1620 Scripturarum
1981 1553 2268 1614 intellectu,

731 1650 778 1692 ct
812 1656 1047 1706 perversa
1085 1640 1294 1693 illorum
1347 1651 1631 1708 temporum
1667 1643 2053 1711 superstitione,
2089 1642 2270 1695 relicta

735 1725 964 1797 legitima
1006 1745 1102 1781 sua
1151 1746 1272 1797 erga
1316 1731 1572 1798 praclara
1613 1733 1911 1794 vocatione,
1950 1733 2268 1785 ntonasticen

729 1828 805 1870 est
844 1819 1129 1883 amplexus.
1171 1821 1232 1872 Et
1268 1821 1380 1873 [nec
1421 1823 1638 1887 quidem
1673 1825 1716 1875 si
1748 1823 1824 1874 ιιιί
1868 1837 1964 1874 sua
1999 1829 2270 1875 testaren-

730 1912 855 1968 tur,
901 1908 1176 1960 molerate
1227 1908 1444 1960 ferenda
1491 1927 1517 1960 a
1552 1900 1846 1963 Catholieis
1900 1919 2116 1971 essent,
2179 1910 2266 1978 qui

729 1991 1105 2045 lucreticoruat
1154 1995 1503 2061 petulantiam
1541 2005 1873 2063 perspectam
1909 1998 2105 2050 habent
2137 2017 2148 2049 :
2183 2016 2269 2052 ve-

729 2096 849 2134 rum
901 2097 1023 2134 cum
1072 2082 1275 2134 addunt
1341 2100 1400 2135 ea
1453 2085 1642 2150 referre
1682 2097 1892 2138 auctore
1949 2086 2265 2153 Nicephoro,

730 2169 824 2223 lib.
863 2186 972 2225 stv.
1014 2184 1134 2238 cap.
1177 2171 1262 2230 58.
1295 2172 1418 2240 quis
1459 2172 1588 2225 bene
1627 2173 1978 2226 toleraverit?
2009 2174 2268 2243 Scriplori

731 2258 948 2312 crimini
976 2258 1118 2312 haud
1152 2261 1384 2312 obnoxio
1408 2259 1612 2313 crimen
1646 2272 1749 2313 tam
1781 2270 1932 2315 atrox
1965 2264 2124 2316 etiam
2148 2281 2269 2317 cmn

729 2342 1048 2408 mendacio,
1088 2354 1144 2396 ut
1186 2346 1488 2400 obcaecatos
1519 2355 1729 2409 mente,
1773 2359 1824 2401 et
1876 2351 2039 2405 rudes
2088 2350 2271 2406 fallere

729 2432 960 2499 possint,
1002 2435 1316 2502 appingere,
1361 2438 1484 2504 quis
1514 2438 1865 2491 tolerabiliter
1911 2440 2138 2493 tulerit?
2167 2442 2268 2494 Sed

730 2522 832 2574 hoc
853 2521 1090 2604 dandum
1116 2532 1200 2578 est
1230 2525 1520 2590 haereticis,
1550 2528 1640 2596 qui
1673 2542 1737 2580 ex
1783 2543 1841 2583 se
1881 2530 2045 2585 veluti
2091 2535 2269 2588 aranei

728 2610 834 2663 tela
863 2608 1094 2680 fingunt.

796 2699 873 2752 Ad
906 2701 1018 2753 haec
1046 2701 1307 2768 adjiciunt
1341 2705 1524 2757 eadem
1556 2708 1796 2761 centuria
1856 2726 1971 2778 cap.
2034 2713 2114 2771 l0,
2150 2721 2271 2778 post

728 2788 816 2838 illa
849 2788 1052 2842 insulsa
1089 2790 1156 2843 de
1185 2789 1304 2844 Nilo
1326 2796 1579 2860 episcopo
1607 2806 1659 2848 et
1686 2808 1934 2865 martyre,
1960 2816 2076 2865 qua:
2097 2809 2273 2867 poste-

730 2878 841 2928 rius
869 2876 1186 2942 videbimus,
1218 2879 1285 2931 de
1335 2883 1586 2948 capitulis
1626 2886 1794 2934 sancti
1831 2884 1934 2937 Nili
1971 2900 1989 2935 :
2021 2886 2096 2939 De
2125 2887 2270 2940 bonis

728 2965 962 3028 operibus
981 2977 1231 3034 pra'ceplu
1265 2973 1502 3032 exposita
1541 2973 1823 3025 secundum
1874 2977 2059 3028 seriem
2107 2977 2272 3030 Deca-

728 3054 850 3121 lngi,
882 3054 1065 3120 quibus
1098 3056 1305 3108 inserta:
1332 3068 1450 3110 sunt
1483 3063 1751 3113 sententia,-
1780 3063 1841 3114 de
1857 3066 2083 3130 pra'miis
2111 3067 2272 3120 bono~

729 3158 841 3193 rum
866 3158 1093 3207 operum,
1126 3154 1172 3196 et
1203 3147 1363 3212 pomis
1387 3148 1667 3200 malorum.
1702 3153 1829 3215 Qua:
1856 3155 2014 3206 etiam
2047 3156 2099 3206 in
2147 3173 2274 3223 gno-

729 3230 1020 3296 mographis
1053 3231 1357 3298 quibusdam
1388 3232 1580 3285 (Συ-ανεξδ
1626 3240 1970 3291 continentur.
2016 3241 2273 3296 Cri-terum

726 3318 791 3369 de
812 3318 931 3384 (ide,
965 3331 1052 3369 aut
1088 3321 1209 3372 aliis
1238 3320 1489 3374 doctrina:
1524 3325 1758 3388 partibus
1802 3329 1932 3379 nihil
1965 3331 2110 3383 dicit.
2168 3334 2268 3386 Sed

729 3408 1046 3460 incommode
1079 3409 1478 3477 loquitur.potu
1527 3430 1674 3479 aqute
1731 3416 1936 3484 frigidm
1982 3421 2273 3488 jttstiftcari

730 3496 1135 3548 misericordem.
1177 3496 1309 3560 Quis
1345 3516 1491 3568 nunc
1532 3518 1660 3556 voce
1722 3521 1824 3558 non
1885 3515 2275 3566 contenderet?

730 3588 773 3637 υ
800 3587 1042 3639 homines
1075 3587 1278 3642 feneos.
1325 3589 1592 3651 infelices,
1633 3604 1685 3646 et
1722 3593 1864 3649 fricti
1915 3601 2107 3652 ciceris
2159 3617 2272 3653 em-

735 3680 933 3739 ptores,
964 3677 1053 3741 qui
1091 3692 1184 3729 nec
1215 3679 1415 3745 scripta
1444 3680 1638 3748 legere,
1670 3699 1765 3736 nec
1796 3686 1930 3739 lecta
1960 3689 2268 3759 intelligere,

734 3777 906 3829 neque
950 3764 1260 3818 discernere
1298 3768 1503 3822 valetis.
1539 3769 1789 3839 Destituti
1845 3779 2038 3841 ventis,
2096 3796 2271 3837 remos

729 3851 915 3904 saltem
963 3853 1218 3908 adhibere
1269 3858 1391 3923 quis
1448 3861 1637 3912 vetat?
1692 3861 1824 3925 Quis
1883 3873 2273 3923 asseveraverit

728 3939 900 3994 Nilum
947 3941 1012 3998 de
1067 3945 1189 4008 fide,
1252 3956 1304 3998 et
1354 3946 1474 4002 aliis
1528 3949 1784 4006 doctrinm
1847 3956 2089 4022 partibus
2139 3961 2272 4014 nihil

727 4031 951 4085 dicere?
974 4031 1104 4096 Ouis
1132 4032 1250 4087 Nilo
1279 4036 1409 4090 vitio
1443 4037 1670 4103 dederit,
1729 4044 1872 4109 quod
1927 4044 1992 4098 de
2040 4050 2273 4112 praemiis

730 4121 992 4174 bonorum
1044 4138 1265 4189 operum
1308 4136 1362 4178 et
1424 4132 1601 4195 poenis
1640 4135 1903 4187 malorum
1950 4139 2274 4205 scripserit?

732 4209 865 4274 Quis
895 4208 1014 4262 Nilo
1032 4211 1631 4282 Constantinopolitano
1651 4225 1956 4277 attribuerit
1976 4228 2182 4282 dictum
2206 4232 2272 4286 de

733 4309 859 4366 potu
897 4313 1048 4368 aqua;
1079 4300 1326 4370 frigidae?
1360 4305 1524 4357 Adeat
1563 4308 1785 4373 scripta.
1831 4309 1886 4363 in
1922 4313 2024 4366 illis
2055 4319 2274 4382 prazcla-

732 4388 948 4442 rissima
984 4398 1036 4442 et
1060 4394 1504 4458 prazstantissima
1541 4396 1606 4449 de
1659 4398 1781 4460 fide,
1828 4409 1879 4453 et
1926 4401 1992 4456 de
2026 4403 2271 4457 doctrina

733 4479 1096 4544 catholica,-si
1136 4496 1309 4537 caecus
1342 4499 1446 4536 non
1490 4495 1592 4548 est,
1661 4492 1932 4556 reperiet:
1978 4507 2077 4546 nec
2125 4496 2271 4548 illmu

733 4573 1068 4625 arersabitur
1113 4573 1336 4641 judicio,
1398 4577 1539 4644 quod
1603 4577 1669 4632 de
1727 4582 1961 4647 prtemiis
2009 4583 2272 4638 bonorum

733 4675 1065 4731 operum,et
1113 4665 1178 4719 de
1229 4669 1404 4734 ptenis
1471 4669 1732 4721 malorum
1800 4670 2101 4725 dictaverit.
2169 4673 2270 4727 Sed

735 4753 852 4806 istis
876 4756 1237 4822 apertissimis
1258 4756 1474 4809 infamia
1506 4759 1705 4812 criticis
1732 4763 2118 4823 concedamus,
2147 4764 2272 4816 dum

736 4844 839 4894 alia
870 4852 1029 4910 atque
1075 4847 1178 4898 alia
1237 4847 1496 4901 scriberet
1549 4847 1721 4915 Nilus,
1790 4851 1842 4903 in
1888 4854 2161 4908 nonnullis
2209 4855 2276 4909 de

737 4931 982 4998 dogmate
1005 4933 1237 5011 siluisse.
1278 4934 1413 4988 Tum
1445 4936 1828 4992 advertendum
1855 4950 1934 4993 est
1989 4957 2110 4994 eum
2135 4960 2274 5011 sa-pc

739 5022 934 5087 smpius
968 5038 1088 5074 cum
1119 5024 1377 5089 plumbeis
1432 5026 1735 5082 hominibus
1762 5030 1959 5098 egisse.
1989 5037 2043 5083 et
2085 5033 2147 5085 ad
2173 5034 2264 5085 do-

739 5116 915 5174 gntata
971 5106 1311 5174 intelligenda
1370 5109 1842 5176 ineptissimis,et
1903 5120 2273 5170 tantummodo

741 5196 984 5264 corporis
1005 5198 1491 5253 exercitationibus
1515 5209 1570 5252 ut
1598 5201 1762 5255 Deum
1790 5203 1890 5257 sibi
1921 5205 2275 5260 conciliarent

741 5285 1142 5341 deditissimis:
1189 5304 1356 5356 quare
1399 5292 1678 5357 superiora
1729 5301 1780 5344 et
1835 5295 2128 5348 elevatiora
2185 5298 2272 5349 illa

743 5375 994 5440 mysteria
1043 5377 1337 5431 evolvenda
1392 5394 1496 5431 non
1551 5389 1722 5434 erant.
1782 5381 1914 5436 Dum
1971 5400 2097 5440 vero
2155 5402 2272 5438 cum

745 5466 1121 5528 prmstantibus
1179 5468 1391 5537 ingenio
1446 5469 1760 5531 tractabat,
1807 5479 1917 5524 tum
1967 5477 2274 5544 expurgatis

745 5552 1003 5616 dissidiis,
1037 5563 1088 5609 ct
1125 5557 1386 5614 discussis
1424 5557 1736 5613 nebularum
1780 5561 1957 5617 dubiis
2017 5566 2267 5621 secundis

2371 402 2542 456 ventis
2573 402 2626 453 in
2670 399 2867 452 aethera
2922 399 3094 450 elatus
3143 396 3394 466 mysteria
3447 397 3566 448 ﬁdei
3624 396 3904 450 fundebat.

2366 488 2478 541 Non
2509 489 2722 542 credis?
2752 487 3011 540 Perrin-re
3040 487 3225 547 libros,
3281 497 3333 538 et
3374 486 3721 539 admiraberis
3758 486 3900 554 genii

2364 578 2733 631 dexteritatem
2763 578 2813 630 in
2852 577 3010 629 rebus
3037 574 3352 629 tractandis.
3385 573 3448 626 Et
3479 585 3536 625 ut
3572 577 3730 627 linem
3775 589 3901 627 ora-

2367 666 2496 718 tumi
2580 654 2887 733 imponam,
2945 665 3032 716 cui
3120 663 3321 728 lidens,
3395 679 3513 730 quae
3578 662 3903 716 Rossancnsi

2367 754 2485 807 Nilo
2505 755 2726 807 historia
2787 753 2976 811 defert.
3027 763 3079 804 tu
3135 753 3198 804 ad
3245 751 3906 818 Constantinopolitanum

2366 844 2734 912 (Ihrysostomi
2764 843 3089 910 discipulum
3117 843 3354 895 detrahis
3383 842 3404 891 ?
3436 840 3645 893 Dictum
3676 841 3742 892 de
3767 853 3904 906 aqua
3965 905 3968 908 π

2366 932 2582 1000 frigida,
2638 933 3000 986 Rossancnsis
3059 931 3361 998 discipulus
3414 929 3740 983 Rossanensi
3802 945 3907 981 non

2369 1023 2554 1075 invitis
2582 1021 2831 1074 manibus
2864 1013 2976 1072 dat.
3012 1018 3089 1070 Tu
3131 1021 3436 1088 quingentis
3489 1019 3644 1071 annis
3686 1018 3910 1070 millesi-

2368 1127 2510 1163 mmn
2537 1110 2768 1171 mutilas,
2791 1125 2889 1162 nec
2913 1116 2989 1159 tot
3020 1123 3282 1160 armorum
3307 1108 3541 1176 spatium
3571 1109 3906 1160 decurtatum

2349 1197 2707 1294 ’xhorrescis
2734 1197 2757 1247 ?
2781 1195 2918 1247 Audi
2948 1197 3090 1248 illius
3130 1195 3474 1260 discipulum,
3508 1211 3572 1246 ex
3606 1210 3713 1261 quo
3751 1193 3910 1244 Baro-

2369 1280 2489 1340 nius
2522 1301 2619 1338 sua
2665 1286 2848 1339 habet.
2907 1285 3037 1336 Dicit
3092 1283 3221 1337 Nilo
3280 1280 3593 1337 Rossaneusi
3652 1282 3908 1335 Nicotaus

2365 1388 2479 1442 prot
2499 1376 2838 1441 vspatharius.
2881 1375 3037 1426 Pater
3066 1391 3224 1442 quare
3244 1374 3368 1428 dicit
3387 1373 3749 1443 Evangelium,
3771 1373 3910 1441 quod

2369 1466 2482 1531 quic
2505 1480 2654 1531 mque
2677 1480 2892 1531 parvum
2946 1465 3156 1516 calicem
3221 1481 3368 1532 aqua:
3419 1464 3629 1532 frigida:
3683 1463 3906 1527 dederit,

2369 1570 2467 1606 non
2510 1556 2702 1606 rmittct
2754 1555 3032 1607 mercedem
3063 1572 3208 1607 suam
3234 1557 3259 1608 ?
3291 1553 3568 1619 Respondit
3605 1554 3692 1605 ille
3715 1568 3733 1604 :
3778 1551 3909 1604 Pro-

2368 1653 2450 1707 pte
2513 1643 2604 1694 hoc
2629 1643 2820 1694 dictum
2855 1655 2927 1694 est
2966 1643 3096 1704 illis,
3124 1645 3212 1710 qui
3243 1642 3372 1695 nihil
3405 1641 3611 1712 habent,
3645 1651 3698 1692 ut
3730 1639 3907 1693 nullus

2367 1743 2658 1795 excusetur,
2705 1735 2794 1802 qui
2841 1751 2929 1785 nec
2976 1715 3126 1784 habet
3165 1732 3327 1799 ligna,
3389 1733 3572 1798 quibus
3630 1730 3911 1796 calefaciat

2369 1837 2578 1887 aquam.
2607 1820 2745 1884 Quid
2776 1835 2892 1872 vero
2911 1820 3113 1887 facietis
3167 1835 3273 1880 vos,
3313 1818 3404 1884 qui
3453 1815 3760 1885 pauperibus
3811 1814 3910 1881 [ri-

2368 1909 2543 1978 gidam
2577 1922 2767 1976 aquam
2801 1908 3064 1976 aufertis.’
3092 1908 3336 1960 ChristtIs
3357 1906 3543 1960 eadem
3576 1906 3907 1973 pronuntiat,

2370 1998 2776 2054 utostenderct.
2809 1997 2890 2050 sic
2944 1997 3088 2050 enim
3147 1995 3422 2055 doctores,
3487 1993 3630 2060 iique
3685 1991 3910 2046 maximi

2369 2085 2630 2148 tradunt,
2681 2086 2933 2152 exiguum
2992 2093 3045 2135 ct
3098 2081 3252 2135 facile
3303 2081 3643 2144 beneficium,
3694 2089 3750 2136 et
3800 2081 3916 2136 fere

2371 2174 2570 2226 nullius
2603 2173 2970 2225 aestimationis
3002 2173 3138 2239 apud
3173 2156 3436 2229 homines,
3485 2179 3659 2222 tamen
3713 2171 3915 2225 habere

2369 2264 2716 2338 constitutam
2737 2263 3034 2316 mercedem
3057 2277 3084 2313 a
3113 2262 3240 2323 Deo,
3256 2276 3479 2328 eamque
3497 2276 3602 2312 non
3624 2261 3866 2330 exiguam
3892 2277 3911 2326 ;

2371 2371 2490 2424 quas
2519 2355 2661 2408 enim
2689 2352 2830 2406 Deus
2863 2353 3130 2420 promisit,
3162 2367 3324 2420 parva
3357 2367 3474 2405 esse
3497 2367 3603 2403 non
3637 2358 3860 2419 possunt
3892 2367 3911 2414 ;

2370 2445 2572 2511 majora
2605 2452 2754 2507 sunt,
2783 2457 2942 2510 quant
2979 2441 3238 2493 aestimari
3286 2450 3512 2508 possent
3563 2441 3630 2492 ab
3692 2441 3756 2491 iis
3820 2438 3913 2505 qui

2369 2534 2631 2599 recepturi
2659 2541 2802 2584 sunt.
2837 2532 2984 2598 Aqua
3019 2528 3211 2597 frigida
3257 2530 3390 2580 satis
3426 2528 3627 2581 indicat
3673 2526 3911 2580 sttnlium

2368 2631 2419 2676 cl
2476 2621 2803 2690 diligentiam
2875 2621 2925 2671 in
2985 2618 3243 2671 beneficio
3289 2618 3611 2680 cxiiibendo,
3665 2615 3914 2685 quamvis

2368 2715 2581 2781 exiguo.
2615 2711 3020 2764 Aistimatenim
3053 2707 3191 2761 Deus
3215 2723 3376 2777 opera
3409 2710 3575 2778 magis
3603 2724 3665 2761 ex
3709 2708 3911 2768 studio,

2369 2812 2419 2856 et
2455 2801 2635 2853 divina
2665 2799 2856 2852 mentis
2889 2797 3221 2862 incitatione,
3260 2812 3419 2865 quam
3448 2813 3512 2850 es
3541 2799 3616 2851 rei
3645 2798 3914 2865 magnitu-

2370 2889 2660 2962 dini-ulline
2680 2886 2801 2940 dit-it
2825 2886 3108 2948 Christus;
3142 2892 3194 2935 et
3221 2883 3370 2937 Nilus
3393 2885 3678 2938 identidem
3725 2884 3912 2937 eadem

2371 2977 2676 3031 revocando
2703 2975 3032 3042 pronuntiat.
3067 2974 3148 3028 An
3182 2973 3345 3026 videri
3388 2982 3563 3040 potest
3578 2972 3913 3026 commodius

2370 3073 2423 3118 et
2460 3063 2682 3129 aptius?
2714 3060 2960 3116 Christus
2996 3063 3251 3130 loquitur,
3287 3061 3378 3128 qui
3409 3061 3566 3127 pleno
3623 3069 3837 3127 pectore
3860 3069 3914 3111 et

2371 3166 2540 3220 perse
2569 3150 2730 3218 sapit.
2769 3149 2938 3202 Dicito
2967 3157 3022 3202 tu
3084 3147 3442 3208 commodius,
3509 3147 3602 3214 qui
3661 3146 3913 3199 diviniori

2371 3247 2568 3302 mente,
2599 3252 2648 3293 et
2667 3240 2892 3294 consilio
2923 3240 3085 3307 sapis.
3112 3237 3263 3291 Nilus
3284 3236 3482 3290 Christi
3507 3237 3668 3290 verba
3698 3237 3911 3305 repetit;

2371 3341 2419 3384 ct
2445 3341 2500 3384 tu
2532 3331 2706 3384 Nilum
2735 3329 3072 3384 incommode
3096 3329 3237 3396 loqui
3279 3342 3383 3379 non
3411 3326 3612 3380 vereris
3642 3339 3911 3389 asserere,

2371 3420 2497 3472 dum
2541 3421 2614 3471 ait
2650 3428 2832 3489 potum
2867 3433 3018 3486 aqua:
3048 3416 3252 3485 frigidas
3287 3415 3585 3484 justificare
3609 3415 3914 3470 misericor-

2371 3511 2490 3562 dem
2527 3527 2540 3562 :
2571 3517 2623 3563 et
2672 3508 2812 3577 vulgi
2844 3507 3316 3576 reprehensionem
3371 3518 3478 3557 non
3531 3501 3851 3557 reformidas
3885 3500 3915 3553 ἲ

2370 3599 2442 3650 ita
2475 3597 2688 3651 tandem
2709 3609 2760 3650 et
2788 3596 3156 3664 Evangelium,
3188 3603 3240 3647 et
3271 3593 3470 3646 Christi
3495 3593 3656 3647 verba
3682 3590 3750 3645 ad
3781 3591 3910 3646 libi-

2371 3698 2482 3753 tum
2501 3694 2648 3741 tuum
2672 3684 2983 3753 confingito.
3010 3683 3325 3752 redditaque
3347 3683 3528 3736 incudi
3553 3696 3745 3751 versus
3770 3681 3913 3735 male

2371 3747 2629 3836 toi-natos,
2669 3782 2727 3827 ut
2763 3747 3142 3839 incommodis,
3177 3747 3297 3844 qua:
3323 3780 3554 3827 mentem
3599 3747 3743 3827 tuam
3776 3770 3912 3824 dila-

2367 3874 2573 3925 ευτςιιιι.
2615 3865 2814 3918 mederi
2844 3865 3043 3919 valeas.

2441 3955 2791 4010 Doctissimus
2823 3955 3081 4010 Pessinus
3109 3957 3162 4012 in
3182 3957 3461 4028 Menologii
3506 3955 3676 4011 δι’κοί
3730 3955 3912 4008 verbis

2369 4046 2677 4099 Mauritium
2733 4047 2785 4100 in
2847 4045 3179 4100 Marcianum
3238 4049 3525 4110 demutat;
3586 4045 3729 4115 quod
3789 4051 3912 4113 apte

2368 4135 2512 4189 cadit
2535 4137 2586 4188 in
2613 4152 2745 4188 rem.
2773 4137 2874 4201 Qui
2935 4138 3075 4190 enim
3121 4139 3293 4207 potuit
3336 4138 3439 4191 sub
3485 4136 3754 4200 Mauritio,
3809 4137 3907 4203 qui

2369 4225 2652 4294 imperium
2691 4225 2808 4278 iniit
2833 4241 2975 4281 anno
3006 4227 3210 4280 Domini
3247 4228 3353 4282 583
3393 4228 3664 4281 communi
3714 4226 3911 4293 spiritu

2369 4312 2493 4372 frui,
2524 4315 2614 4379 qui
2635 4312 2858 4364 Joannis
2880 4315 3245 4380 Chrysostomi
3271 4314 3584 4381 discipulus,
3617 4322 3670 4367 et
3688 4313 3914 4382 aequalis

2373 4400 2536 4452 fuisse
2563 4398 2843 4461 asscritur,
2876 4399 3029 4463 cujus
3063 4399 3243 4452 obitus
3261 4414 3401 4452 anno
3427 4401 3526 4452 407
3551 4403 3619 4453 ab
3639 4401 3912 4454 historicis

2371 4486 2614 4555 partitur?
2638 4483 2868 4538 Vixisset
2896 4485 3076 4551 utique
3098 4485 3376 4537 minimum
3404 4501 3575 4539 annos
3603 4485 3722 4547 175,
3757 4487 3910 4538 dem-

2373 4578 2478 4644 ptis
2506 4577 2665 4628 etiam
2700 4575 2874 4635 annis,
2907 4574 3110 4642 quibus
3141 4573 3204 4626 ad
3229 4575 3550 4628 obtinendas
3584 4576 3903 4643 disciplinas

2322 4708 2328 4715 .
2363 4657 2756 4736 ‘.hrysostomo
2786 4665 3078 4718 adlucsisse
3107 4664 3401 4734 negandum
3443 4672 3663 4718 nonest.
3700 4665 3764 4717 Et
3789 4667 3910 4732 quis

2371 4758 2614 4810 crederet
2645 4753 2869 4807 Niliante
2890 4756 3062 4808 aetatis
3089 4756 3219 4807 adeo
3241 4754 3510 4806 diuturna:
3566 4755 3782 4820 spatia?
3816 4753 3912 4806 llic

2373 4847 2512 4899 idem
2538 4843 2792 4897 Possiuus
2823 4843 2871 4894 in
2895 4845 3204 4910 prtefatioue
3251 4858 3347 4897 sua
3397 4844 3448 4894 in
3496 4843 3758 4910 Epistolas
3806 4842 3907 4895 Nili

2372 4936 2435 4988 ad
2457 4934 2950 4986 Eminentissimum
2993 4931 3338 4987 Barberinum
3367 4935 3523 4984 aliam
3544 4942 3692 4986 notat
3710 4935 3776 4986 de
3805 4935 3907 4986 Nili

2370 5032 2523 5076 atate
2552 5021 2852 5090 Caryophili
2887 5020 3355 5073 hallucinationcm
3381 5039 3391 5072 :
3416 5023 3649 5085 Quarum
3678 5025 3900 5086 primunt

2373 5115 2656 5182 ansiquitas
2685 5130 2744 5164 ea
2778 5122 2873 5171 est,
2907 5113 2989 5162 cui
3025 5114 3111 5179 qui
3139 5112 3278 5163 mille
3305 5129 3466 5164 annos
3499 5113 3752 5185 imputare
3777 5113 3908 5163 satis

2372 5203 2624 5265 habuerit,
2653 5201 2940 5254 detraxisse
2990 5201 3051 5251 de
3085 5217 3203 5252 vera
3257 5216 3457 5252 summa
3518 5199 3909 5267 deprehenditur

2373 5308 2535 5344 annos
2550 5293 2941 5359 feretreccntos,
2970 5300 3130 5341 totum
3161 5290 3407 5340 nimirum
3439 5289 3790 5348 intervallum,
3809 5304 3907 5353 quo

2374 5383 2586 5435 Arcadii
2614 5384 2956 5447 principatus,
2991 5397 3106 5431 vera
3131 5390 3179 5432 ct
3208 5391 3347 5432 certa
3399 5390 3526 5432 tetas
3583 5378 3694 5428 Nili
3745 5376 3908 5426 nostri

2374 5471 2625 5524 antecedit
2654 5471 2958 5523 Mauritium
2990 5471 3296 5538 Augustum,
3319 5488 3417 5540 quo
3438 5480 3602 5521 tamen
3628 5469 3908 5531 imperante

2379 5564 2615 5632 ﬂoruisse
2671 5564 3034 5629 scripsisseque
3092 5560 3269 5614 Nilum
3323 5563 3398 5614 rir
3442 5558 3667 5627 alioquin
3724 5561 3907 5608 doctus
