4134 6328
675 357 746 458 at
952 363 954 366 ’
1518 447 1523 451 .
1845 395 2144 454 NOTITlA
2196 393 2276 453 IN

2322 394 2379 452 S.
2416 393 2660 454 NILUM
3783 392 3854 454 32

686 511 780 554 νει
824 498 1032 551 Domini
1086 495 1648 565 quadringentesimus
1704 498 1948 565 quartus.
2003 496 2218 551 Arcadii

687 588 1029 660 fmperatoris
1086 585 1370 650 decimus,
1436 584 1726 638 Innocentii
1802 601 1950 654 papa:
2010 586 2220 640 tertius.

689 681 829 748 Ergo
862 677 907 731 si
934 675 1206 730 scribebat
1246 674 1333 728 hic
1382 672 1536 728 Nilus
1585 672 1789 728 Joanne
1844 674 2224 745 Chrysostomo

689 765 925 820 nondum
957 771 1188 827 mortuo,
1227 772 1283 816 ut
1307 763 1556 833 superius
1591 762 1843 824 vidimus,
1902 769 2039 827 erat,
2102 777 2222 816 cum

690 855 805 907 haec
834 853 1133 922 posteriora
1160 853 1698 907 scriberetannorum
1725 852 2016 920 nonaginta
2038 851 2223 911 trium,

692 942 889 1010 quibus
911 944 956 997 si
985 941 1242 1010 appingas
1269 957 1442 996 annos
1465 942 1747 995 minimum
1768 942 2005 1011 triginta,
2024 941 2229 1009 quibus

694 1032 797 1085 sub
835 1033 1091 1101 magistro
1153 1031 1560 1101 Chrysostomo,
1614 1046 1790 1086 mores
1844 1030 1908 1083 ad
1958 1029 2229 1085 mollitiem

696 1117 916 1172 idoneos
937 1119 1102 1182 exuit,
1133 1127 1186 1170 et
1214 1118 1419 1172 artibus
1445 1117 1694 1186 ingenuis
1723 1120 2018 1172 instructus
2049 1127 2231 1170 aucto-

698 1208 931 1269 ritatem,
957 1213 1008 1260 et
1034 1206 1246 1260 dicendi
1278 1206 1578 1260 libertatem
1609 1213 1955 1268 consecutus,
1999 1206 2231 1273 impera-

699 1305 871 1348 torum
911 1295 1056 1347 labes
1103 1305 1156 1348 et
1210 1296 1586 1349 maculasnon
1643 1297 1913 1348 communi
1965 1294 2234 1362 vitupera-

701 1386 872 1446 tione,
904 1383 998 1436 Sed
1045 1383 1372 1451 ingenuitate
1420 1382 1584 1437 libera
1620 1384 2007 1453 reprehendere
2032 1390 2231 1451 posset,

699 1487 870 1524 annos
901 1481 1010 1522 tum
1031 1480 1244 1525 centum
1273 1471 1458 1540 viginti
1514 1478 1627 1527 tres
1660 1473 2009 1526 numerabat:
2054 1471 2232 1526 forsan

705 1563 805 1614 hoc
834 1575 941 1613 non
964 1558 1230 1613 videbitur
1255 1559 1572 1612 absurdum.
1619 1558 1776 1612 Forte
1806 1559 1948 1613 enim
1996 1559 2066 1611 ita
2114 1558 2237 1610 tulit
2272 1542 2280 1549 ’

703 1658 895 1702 natura
927 1649 1189 1713 locorum,
1222 1648 1574 1714 continentia,
1600 1655 1654 1702 et
1674 1647 1884 1702 affectio
1911 1646 2093 1711 animi,
2124 1660 2242 1715 qua:

704 1725 918 1790 sanitati
942 1736 1182 1805 corporis
1214 1748 1555 1803 nequaquam
1593 1740 1808 1787 nocent.

775 1823 881 1892 Ego
905 1837 1026 1876 cum
1057 1823 1108 1874 in
1135 1821 1275 1874 Bene
1305 1828 1429 1874 nata
1466 1820 1614 1888 regni
1653 1817 1987 1887 Neapolitani
2025 1817 2241 1887 provin-

704 1911 808 1976 cia,
851 1910 1135 1964 Basilicata
1176 1909 1412 1976 sequiori
1442 1909 1674 1962 nomine
1715 1907 1877 1970 dicta,
1908 1907 2240 1967 immOrarer,

703 1999 927 2067 cognovi
955 1999 1020 2052 de
1050 1998 1250 2066 plebeia
1277 1997 1422 2060 fasce,
1441 2003 1626 2051 auctos
1655 2004 1829 2050 tamen
1855 1994 2057 2049 divitiis
2085 1992 2240 2053 duos,

703 2096 759 2139 et
790 2102 911 2140 cum
943 2088 1008 2141 iis
1052 2087 1254 2154 pariter
1293 2084 1551 2138 habitari.
1601 2084 1765 2137 Erant
1809 2082 1882 2137 illi
1929 2082 2245 2134 duramento

704 2173 945 2240 corporis
992 2171 1297 2238 pnevalidi,
1350 2170 1646 2235 compactis
1703 2167 1882 2221 nervis
1931 2164 2240 2224 firmissimi,

705 2259 958 2311 dentibus
999 2256 1106 2309 fere
1135 2255 1384 2308 omnibus
1416 2253 1725 2320 constipati,
1759 2259 1832 2313 et,
1869 2258 1928 2304 ut
1955 2254 2118 2312 verbo
2149 2264 2243 2301 ex-

707 2347 937 2414 pediam,
975 2345 1186 2399 athletis
1221 2344 1355 2411 ipsis
1386 2343 1740 2396 robustiores.
1768 2341 1831 2394 Hi
1864 2348 1990 2393 ante
2019 2338 2243 2406 primam

710 2437 881 2487 lucem
923 2441 1031 2489 tres
1060 2433 1143 2486 vel
1188 2438 1419 2500 quatuor
1460 2431 1642 2496 horas,
1681 2429 1904 2482 hiberno
1934 2426 2094 2481 etiam
2127 2435 2249 2478 tem-

709 2521 860 2592 pere,
900 2510 1020 2576 cu'm
1052 2529 1329 2574 ventorum
1375 2520 1665 2589 algoribus,
1696 2525 1748 2571 et
1786 2517 1983 2569 nivium
2030 2514 2248 2568 tumulis

710 2613 890 2663 omnia
928 2611 1333 2676 congelascunt,
1367 2595 1686 2675 experrecti,
1735 2607 1914 2657 subito
1958 2604 2121 2656 cubili
2155 2618 2248 2654 ex-

712 2701 977 2752 sultantes
999 2713 1114 2766 prae
1141 2698 1326 2750 lmtitia
1364 2696 1779 2763 egrediebantur
1810 2711 1824 2746 :
1856 2700 1908 2745 et
1933 2699 2051 2758 post
2083 2691 2251 2759 agita-

715 2798 890 2840 torum
933 2786 1281 2840 brachiorum
1317 2787 1554 2839 motibus
1601 2793 1788 2850 pectus
1841 2789 1894 2835 et
1927 2781 2089 2833 latera
2140 2788 2254 2832 tun-

715 2877 911 2929 debant
959 2877 1010 2928 in
1051 2875 1232 2929 orbem
1279 2883 1544 2936 contusa;
1594 2881 1645 2925 et
1678 2870 1880 2924 ductim
1925 2871 1975 2921 in
2022 2884 2079 2921 se
2121 2869 2250 2927 vini,

715 2963 857 3031 quod
906 2966 956 3015 in
993 2962 1079 3015 illa
1126 2963 1343 3029 regione
1388 2969 1441 3014 et
1477 2964 1758 3023 suavitate,
1811 2969 1864 3012 et
1915 2958 2173 3019 iubentia,
2204 2967 2255 3009 et

719 3054 888 3119 gratia
917 3052 1143 3103 aliorum
1175 3051 1416 3104 omnium
1449 3053 1603 3118 longe
1628 3049 2127 3118 praestantissimum
2152 3057 2252 3111 est,

721 3143 925 3210 liquore
960 3142 1194 3201 inverso,
1218 3148 1431 3207 arrepta
1473 3141 1659 3207 perula
1700 3147 1766 3192 ea'
1794 3153 1982 3206 panem
2021 3139 2254 3197 niveum,

720 3232 1038 3298 quandoque
1070 3229 1231 3282 etiam
1273 3229 1567 3291 sordidum,
1603 3225 1684 3281 vel
1724 3229 1996 3288 rubidam,
2044 3235 2100 3279 ut
2138 3242 2257 3280 sors

724 3319 937 3380 tulerat,
964 3330 1137 3386 neque
1162 3317 1302 3370 enim
1350 3317 1611 3369 lenocinia
1645 3316 1953 3382 quzerebant
1991 3314 2258 3380 cupidita-

723 3417 863 3467 tum,
896 3405 1216 3460 inferebant.
1268 3405 1507 3458 Tandem
1559 3405 1694 3457 falce
1738 3404 2134 3467 stramentaria,
2176 3404 2258 3454 vel

725 3496 900 3563 ligone
927 3495 1164 3547 humeris
1190 3495 1551 3561 superposita,
1584 3494 1786 3546 aedibus
1816 3491 2165 3552 facescentes,
2206 3491 2259 3542 in

728 3597 910 3649 agrum
938 3583 1256 3636 devolabant
1294 3599 1308 3634 :
1351 3591 1512 3648 atque
1548 3597 1641 3649 per
1685 3588 1854 3632 totum
1882 3581 1989 3633 diei
2023 3579 2253 3646 spatium

729 3669 1170 3721 consummabant
1199 3669 1423 3720 multum
1455 3682 1647 3734 opene,
1678 3679 2087 3735 exercentesque
2117 3665 2274 3718 fran-.

731 3760 924 3824 gebant
964 3771 1021 3811 se
1072 3758 1375 3820 laboribus,
1429 3757 1640 3824 dempta
1690 3756 2057 3810 taiuummodo
2105 3756 2259 3816 hora,

730 3858 837 3912 qua
875 3844 1044 3909 epulis
1075 3844 1233 3896 domo
1276 3843 1521 3896 abductis
1557 3845 1632 3895 uti
1678 3843 1839 3897 lautis
1895 3843 2158 3896 conviviis
2211 3850 2264 3895 ct

735 3933 1064 4000 sumptuosis
1099 3931 1397 3993 vacabant,
1455 3930 1624 3983 donec
1679 3930 1940 3982 inclinato
1995 3946 2106 3983 sete
2164 3932 2265 3984 sub

737 4031 943 4074 noctem
983 4021 1197 4073 domum
1227 4020 1478 4089 regressi,
1516 4029 1569 4073 et
1598 4020 1814 4081 cinnati,
1843 4028 1892 4072 et
1927 4019 2035 4086 jam
2065 4019 2268 4072 dormi-

739 4119 913 4164 tantes
941 4126 1100 4178 super
1127 4111 1323 4164 lectum
1355 4112 1798 4180 procumbebant,
1838 4111 1904 4163 de
1936 4111 2088 4162 novis
2117 4110 2272 4162 labo-
2299 4116 2302 4121 '

742 4202 888 4252 ribus
919 4201 1152 4252 solliciti.
1187 4199 1250 4250 Et
1294 4200 1483 4253 horum
1520 4200 1654 4253 alter
1679 4207 1893 4252 centum
1927 4197 2264 4265 quindecim;

745 4288 878 4341 alter
907 4294 1119 4340 centum
1148 4295 1199 4340 et
1228 4288 1414 4353 viginti
1446 4290 1565 4340 vitae
1607 4303 1715 4341 sua:
1755 4302 1925 4341 annos
1971 4287 2272 4354 compleve-

745 4388 883 4429 rant.
935 4379 1073 4441 Quot
1116 4383 1292 4428 autem
1341 4377 1464 4428 anni
1518 4383 1638 4443 post
1695 4389 1866 4449 meum
1916 4389 1945 4426 e
1983 4375 2270 4426 Basilicata

749 4470 1054 4520 abscessum
1089 4466 1210 4521 vitae
1242 4466 1347 4520 illis
1396 4465 1607 4519 adaucti
1657 4465 1797 4529 sint,
1845 4462 2080 4516 norfdum
2128 4476 2274 4515 com-

751 4556 862 4623 peri
886 4541 915 4608 ἐ’
935 4556 1079 4607 nulla
1109 4555 1351 4622 equidem
1399 4569 1482 4608 me
1511 4555 1670 4621 hujus
1699 4553 1963 4622 cupiditas
1998 4551 2183 4604 tenuit.
2215 4550 2269 4602 ld

752 4659 895 4701 wro.
925 4643 1065 4710 quod
1094 4654 1410 4695 narraturus
1440 4657 1578 4706 sum,
1609 4656 1691 4696 me
1724 4642 1850 4694 mihi
1892 4656 2026 4710 pene
2057 4639 2273 4706 eripuit.
2301 4642 2304 4647 ’

756 4734 1012 4787 l‘nerulus
1041 4748 1101 4784 ex
1126 4733 1301 4786 insula
1330 4733 1463 4785 Chio
1483 4730 1703 4785 Romam
1742 4745 1866 4784 cum
1907 4737 2146 4781 materno
2179 4739 2278 4778 aro

756 4824 1006 4876 Michaele
1039 4807 1269 4875 Neurida
1298 4819 1647 4883 contendens,
1681 4835 1799 4872 cum
1832 4818 1901 4869 ob
1927 4816 2116 4868 exilem
2151 4822 2278 4867 asta-

758 4922 861 4961 lem
890 4910 1069 4962 Roma:
1103 4910 1157 4964 in
1187 4907 1471 4978 collegium
1497 4906 1802 4960 Grecorum
1830 4902 2010 4955 aditus
2040 4913 2278 4952 remora-

761 5011 921 5063 retur,
946 4999 1308 5054 sanctionibus
1332 4999 1385 5052 id
1416 4997 1623 5066 collegii
1648 4992 2081 5064 pernegantibus,
2106 4987 2282 5039 Paulae

759 5088 1019 5140 Calabriae
1056 5087 1194 5153 apud
1241 5081 1940 5142 illustrissimum‘Marium
1992 5075 2281 5144 Spinellum

761 5177 999 5239 constiti,
1030 5175 1120 5245 qui
1152 5189 1235 5229 me
1275 5175 1468 5229 eximia
1506 5174 1767 5227 cliaritate
1798 5168 2126 5236 complexus,
2157 5179 2284 5217 ocu-

764 5269 890 5320 litus
917 5265 1136 5328 amavit,
1166 5273 1216 5320 et
1246 5263 1661 5334 prmeeptoribus
1706 5256 2110 5332 humanioribus
2154 5252 2285 5304 arti-

767 5357 867 5410 bus
898 5356 1098 5419 tinctis,
1132 5362 1190 5410 ut
1237 5354 1440 5409 ferebat
1470 5353 1559 5405 illa
1599 5358 1749 5412 tetas,
1785 5343 2288 5402 instruendum-tra-

771 5445 924 5498 didit.
949 5445 1080 5498 Dum
1111 5445 1252 5498 circa
1280 5441 1437 5496 trivia
1471 5439 1630 5492 animi
1658 5435 1929 5490 relaxandi
1967 5432 2133 5501 gratia
2167 5442 2287 5482 cum

777 5533 940 5587 sociis
956 5533 1174 5588 annexis
1200 5543 1440 5601 pererro,
1462 5527 1697 5581 occurrit
1719 5522 2025 5593 properanti
2056 5519 2291 5572 anilitate

776 5637 909 5677 cana
933 5620 1199 5690 desipiens
1224 5615 1769 5679 senex,‘cadaverosa
1816 5611 2010 5676 facies,
2054 5617 2103 5662 et
2137 5607 2288 5675 plane

2328 496 2709 550 morticinium.
2751 493 2899 548 illius
2923 494 2985 547 ad
3013 493 3150 547 latus
3183 492 3354 561 pueri,
3388 508 3541 549 senes
3562 535 3578 560 ,
3605 494 3854 564 juvenesr

2325 591 2376 636 et
2407 598 2472 636 ex
2500 584 2591 635 vili
2638 581 2767 636 faece
2809 582 3086 634 hominum
3134 581 3334 649 plures,
3384 583 3474 649 qui
3513 585 3854 652 perridiculis

2326 672 2469 724 illius
2494 671 2679 738 gestis,
2725 669 2989 737 dictisque
3032 670 3282 724 oblectati
3329 655 3850 728 concomitabantur.

2325 759 2543 828 Inquiro
2573 759 2701 828 quid
2727 759 2830 811 hoe
2875 759 2947 812 rei
2976 767 3136 814 esset.
3178 758 3374 812 Omnes
3398 766 3450 812 et
3475 761 3702 815 maxime
3728 777 3857 831 pru-

2327 850 2596 903 dentiores
2646 847 2969 916 respondent
3019 848 3166 900 illum
3242 848 3656 902 Acheronticnm
3733 864 3856 905 esse

2329 950 2536 1003 senem,
2559 936 2784 1003 ideoque
2812 945 3079 994 truncum,
3104 943 3156 989 et
3179 935 3355 989 album
3379 937 3612 990 colorem
3643 937 3711 989 ab
3737 946 3855 990 atro

2331 1039 2435 1077 non
2478 1025 2613 1077 ultra
2651 1023 2977 1076 discernere.
3008 1021 3403 1092 Prop'tereaque
3435 1038 3499 1076 ex
3538 1025 3690 1078 malis
3712 1025 3857 1077 illius

2331 1119 2567 1166 astantes
2598 1111 2754 1166 ludos
2785 1112 2885 1166 sibi
2926 1110 3101 1164 facere
3139 1132 3150 1166 :
3183 1111 3291 1179 jam
3326 1113 3467 1166 enim
3494 1114 3858 1182 compleverat

2331 1215 2500 1255 annos
2528 1209 2740 1256 centum
2781 1209 2834 1254 et
2865 1199 3100 1268 triginta.
3150 1200 3258 1270 Ego
3293 1197 3548 1271 puer'ulus
3573 1204 3708 1258 nihil
3734 1218 3856 1257 cum

2332 1291 2513 1360 animo
2542 1301 2650 1342 tum
2682 1290 2897 1358 agitavi.
2929 1291 2996 1341 At
3034 1291 3365 1359 subgrandes
3398 1302 3452 1345 et
3490 1300 3664 1346 mente
3701 1306 3860 1346 senes

2334 1379 2574 1439 aderant,
2603 1379 2655 1430 in
2683 1378 2834 1445 jocos
2867 1377 3124 1432 transfusi
3165 1397 3177 1430 :
3216 1378 3356 1432 Bene
3399 1394 3519 1433 sese
3548 1394 3635 1432 res
3676 1380 3860 1441 habet,

2335 1465 2628 1519 clamitant.
2659 1465 2724 1518 Et
2768 1469 2889 1534 quis
2935 1474 3068 1521 teste
3103 1469 3315 1521 oculato
3359 1468 3460 1520 hoc
3495 1469 3567 1519 ita
3605 1483 3726 1522 esse
3755 1484 3863 1522 non

2336 1551 2664 1605 convicerit?
2691 1553 2813 1615 Alii,
2848 1552 2961 1604 Non
2999 1553 3060 1606 ad
3101 1561 3286 1617 testes,
3309 1553 3399 1622 qui
3432 1554 3561 1606 nulli
3588 1561 3737 1614 sunt,
3767 1554 3862 1607 sed

2340 1639 2406 1692 ad
2457 1647 2800 1693 monumenta
2838 1641 3200 1695 ecclesiastica
3245 1655 3619 1708 provocamus.
3670 1641 3868 1696 Arrisit

2348 1727 2540 1796 lictum
2575 1730 2846 1791 omnibus,
2904 1732 3266 1799 continuoque
3311 1730 3377 1784 ad
3417 1730 3696 1784 ecclesiam
3739 1743 3868 1800 pro-

2339 1818 2525 1886 gressi,
2557 1819 2815 1872 advocato
2844 1821 3099 1886 parocho,
3130 1819 3345 1882 librum,
3378 1820 3429 1872 in
3467 1821 3583 1888 quo'
3605 1833 3762 1875 sacro
3785 1820 3866 1873 la-

2341 1921 2499 1961 vacro
2543 1907 2890 1960 intinctorum
2941 1909 3156 1961 nomina
3200 1908 3603 1978 consignantur,
3655 1907 3869 1963 curiose

2341 1997 2664 2059 examinant,
2694 2003 2749 2048 et
2784 2010 2923 2048 anno
2959 1996 3093 2049 H62
3133 2010 3322 2048 nomen
3361 2009 3731 2062 agnomenque
3773 1994 3874 2047 bo-
3905 2031 3913 2036 .

2344 2082 2523 2145 minis,
2553 2083 2620 2137 de
2655 2083 2809 2152 cujus
2844 2091 2999 2137 aetate
3045 2083 3416 2151 ambigebatur
3441 2121 3455 2143 ,
3489 2082 3721 2135 dilucide
3775 2097 3873 2135 ex-

2345 2184 2639 2239 presseque
2699 2173 2991 2239 reperiunt,
3046 2171 3274 2238 indeque
3319 2171 3674 2239 colligebatur
3727 2183 3872 2222 anno

2350 2256 2516 2320 1520,
2583 2256 2666 2308 vel
2719 2258 2899 2318 circa,
2951 2268 3140 2310 sancto
3200 2254 3488 2309 Francisco
3560 2255 3871 2308 familiaris~

2349 2347 2480 2399 sime
2515 2360 2691 2411 usum,
2739 2348 3041 2415 multasque
3090 2363 3173 2401 rcs
3223 2346 3561 2400 sermonibus
3595 2360 3698 2398 una
3735 2347 3880 2398 inter-

2349 2454 2406 2487 se
2456 2435 2706 2504 agitasse.
2765 2435 2829 2487 Et
2880 2436 2925 2489 is
2980 2435 3189 2488 tandem
3241 2448 3402 2488 senex
3467 2433 3667 2487 delirus
3710 2433 3878 2487 celeri

2350 2523 2513 2584 prada
2549 2537 2641 2590 per
2669 2514 2842 2596 scalas
2871 2523 3062 2576 aedium
3095 2537 3406 2589 properans,
3454 2529 3736 2589 antequam
3774 2535 3875 2589 ego

2353 2609 2511 2659 P.mla
2537 2608 2898 2669 abscederem,
2940 2625 3172 2677 praeceps
3201 2610 3252 2660 in
3289 2617 3449 2676 caput
3477 2609 3714 2675 dejectus
3753 2607 3872 2660 ani-

2353 2710 2489 2745 mam
2517 2694 2726 2748 effudit.
2755 2695 2817 2746 Et
2851 2696 2960 2748 [nec
2989 2695 3053 2748 de
3086 2695 3375 2747 macrobiis
3403 2710 3502 2747 usu
3533 2708 3651 2746 meo
3690 2693 3880 2761 explo‘

2353 2785 2481 2837 ratis
2505 2783 2719 2844 adduxi,
2746 2791 2805 2836 ut
2831 2783 3284 2850 quingentesimum
3312 2789 3662 2833 memoratum
3696 2794 3725 2830 a
3757 2777 3880 2830 Nilo

2354 2875 2404 2924 in
2437 2873 2538 2924 hac
2560 2873 2785 2938 epistola
2817 2870 3126 2939 eonjectur'a
3167 2870 3300 2923 satis
3331 2869 3616 2938 probabili,
3648 2876 3702 2922 et
3728 2867 3876 2921 dein-

2353 2974 2478 3026 ceps
2501 2959 2660 3010 vitam
2682 2957 2918 3025 ejusdem
2950 2954 3361 3014 diuturniorem,
3392 2953 3459 3006 de
3486 2952 3639 3020 cujus
3669 2950 3880 3018 longin-

2354 3051 2558 3116 quitate
2587 3046 2720 3099 nihil
2757 3053 2958 3098 certum
3007 3041 3259 3104 refertur,
3312 3042 3551 3108 proxime
3580 3037 3646 3090 ad
3693 3049 3882 3090 verum

2356 3138 2608 3191 accedere
2655 3136 3043 3204 colligeremus.
3100 3133 3250 3198 Quod
3297 3135 3342 3185 si
3395 3129 3730 3183 commodum
3769 3140 3882 3179 non

2356 3228 2639 3293 videbitur,
2662 3227 2902 3280 dicemus
2944 3227 2996 3278 in
3036 3240 3097 3278 ea
3129 3223 3354 3293 epistola
3385 3220 3558 3274 Nilum
3593 3231 3877 3271 numerum

2357 3315 2620 3382 integrum
2672 3324 2726 3367 et
2779 3313 3098 3380 completum
3159 3325 3255 3377 pro
3323 3306 3643 3372 incompleto
3710 3309 3880 3371 atque

2358 3413 2604 3456 truncato
2635 3417 2941 3469 usurpasse.
2986 3412 3042 3451 ut
3092 3397 3433 3464 adjunctione
3482 3392 3642 3446 simili
3700 3390 3882 3444 incre-

2359 3499 2594 3544 mentum
2621 3503 2731 3542 suae
2759 3485 3201 3540 demonstrationi
3230 3488 3416 3534 contra
3445 3471 3661 3531 Iudaeos
3690 3479 3879 3530 conci-

2359 3581 2547 3644 liaret;
2574 3578 2728 3646 cujus
2751 3576 2990 3642 exempla
3016 3574 3065 3624 in
3090 3571 3259 3625 sacris
3288 3583 3499 3637 quoque
3527 3566 3746 3621 Litteris
3777 3565 3885 3621 fre-

2360 3669 2580 3738 quentia
2619 3674 2744 3720 sunt
2787 3685 2799 3720 :
2845 3665 2931 3717 sed
2983 3678 3182 3715 summa
3215 3675 3395 3726 sequor
3436 3658 3646 3726 fastigia
3689 3672 3881 3714 rerum.

2363 3758 2464 3812 Sed
2494 3756 2725 3810 Mauritii
2752 3755 2876 3807 anni
2907 3766 3155 3820 perquam
3180 3750 3486 3817 longissime
3520 3748 3705 3800 remoti
3731 3754 3879 3799 sunt.

2362 3848 2494 3901 Tum
2545 3847 2683 3900 enim
2745 3844 2895 3897 Nilus
2951 3846 3287 3908 prorogassm
3341 3839 3599 3891 terminos
3653 3836 3773 3886 vita:
3810 3835 3876 3884 ad

2363 3953 2560 3992 annum
2595 3937 2711 3989 176.
2758 3934 2863 4002 Ego
2896 3932 3108 4001 quidem
3143 3931 3243 3982 hoc
3295 3927 3523 3980 formido
3564 3924 3801 3985 credere,
3834 3931 3888 3974 ct

2363 4027 2517 4094 cujus
2569 4023 2671 4076 ﬁde
2711 4019 2967 4074 credam?
3011 4017 3182 4070 Credo
3215 4015 3374 4069 Deum
3433 4013 3532 4064 hoc
3585 4025 3748 4078 posse
3777 4027 3789 4062 :
3818 4023 3885 4060 an

2369 4115 2576 4175 fecerit,
2621 4127 2681 4165 ex
2715 4109 2928 4178 ingenio
2970 4107 3194 4174 quisque
3243 4117 3342 4157 suo
3387 4100 3547 4154 addat
3602 4099 3682 4151 vel
3711 4099 3889 4153 demat

2371 4200 2547 4251 fidem.

2439 4285 2539 4337 Sed
2569 4282 2924 4336 hallucinatus
2954 4286 3031 4330 est
3053 4275 3423 4346 Caryophilus.
3456 4275 3604 4329 Esto.
3641 4271 3744 4325 Sed
3769 4284 3892 4323 cum

2371 4376 2568 4428 Graecis
2595 4375 2648 4425 in
2697 4371 2987 4436 Menologio
3007 4367 3331 4426 Graecorum,
3357 4379 3498 4417 nunc
3523 4374 3731 4430 quoque
3761 4359 3895 4411 adde

2375 4460 2832 4515 accuratissimum
2855 4455 3125 4515 Sirletum,
3151 4454 3263 4520 qui,
3279 4460 3336 4503 ut
3350 4450 3652 4503 vcrosimile
3667 4456 3768 4510 est,
3788 4463 3894 4499 non

2373 4565 2434 4602 ex
2465 4543 2715 4617 propriis’,
2753 4542 2844 4596 sed
2872 4557 2934 4594 ex
2962 4539 3233 4594 codicibus
3262 4535 3480 4599 Graecis,
3518 4535 3730 4602 illisque
3761 4535 3895 4586 forte

2376 4635 2782 4704 antiquissimis,
2817 4646 2937 4685 cum
2980 4629 3172 4699 quibus
3225 4623 3540 4704 hallucinari
3604 4623 3792 4675 maluit
3828 4622 3898 4687 in

2355 4739 2473 4792 sua
2501 4719 2953 4788 luterpretalione,
2989 4731 3146 4784 quam
3201 4713 3464 4766 demendo
3506 4720 3697 4762 nomen
3751 4707 3894 4758 Mau—

2380 4813 2506 4868 ritii.
2537 4810 2604 4864 de
2634 4809 2768 4861 mala
2804 4808 2902 4859 fide
2935 4821 3042 4859 suae
3090 4800 3545 4869 Interpretationis
3595 4799 3647 4849 in
3691 4797 3894 4848 crimen

2381 4900 2580 4959 vocari,
2599 4906 2652 4950 et
2680 4897 2968 4950 accersitus
2991 4893 3191 4960 judicio
3213 4890 3278 4945 de
3305 4890 3387 4943 sui
3421 4887 3734 4956 purgatione
3751 4902 3898 4941 com-

2383 4987 2645 5042 mentaria
2673 4984 2924 5038 scribere.
2956 4982 3093 5045 Quid
3127 4980 3171 5033 si
3198 4979 3400 5031 diceret
3426 4976 3586 5027 alium
3610 4989 3731 5028 esse
3755 4976 3898 5027 hunc

2383 5077 2575 5139 Nilum,
2601 5082 2652 5129 et
2678 5089 2780 5127 non
2811 5066 3496 5138 Constantinopolitanum‘!
3535 5065 3589 5118 Id
3631 5081 3805 5133 neque
3834 5079 3896 5116 ex

2385 5165 2690 5216 Graecorum
2731 5161 3044 5227 Menologio,
3094 5175 3263 5224 neque
3291 5172 3353 5209 ex
3386 5154 3579 5206 Sit‘lcto
3611 5154 3898 5211 evincitur,

2387 5269 2505 5304 cum
2533 5247 3101 5318 Constantinopolitani
3146 5246 3344 5311 scripta
3375 5252 3426 5296 et
3461 5259 3546 5297 res
3597 5253 3753 5311 gestat
3787 5256 3900 5293 ma-

2385 5344 2485 5406 jori
2514 5355 2606 5392 sua
2635 5347 2782 5406 parte
2811 5336 3073 5402 descripta
3104 5333 3288 5387 eodem
3313 5334 3396 5385 die
3426 5333 3635 5400 utrique
3655 5331 3902 5396 tribuan-

2393 5434 2494 5478 tur.
3165 5490 3167 5493 τ

2467 5513 2698 5565 Fuerunt
2726 5511 2811 5562 alii
2853 5523 3062 5576 quoque
3099 5508 3150 5559 in
3182 5506 3341 5573 hujus
3369 5506 3468 5559 Nili
3502 5503 3745 5559 laudibus
3775 5499 3897 5554 eﬂn-

2404 5604 2592 5654 sinrcs.
2639 5599 2955 5652 Franciscus
2988 5595 3150 5649 Zinus
3193 5595 3415 5663 cpistola
3453 5595 3514 5645 ad
3550 5589 3905 5651 Augustinum
