4134 6328
235 316 302 377 33
412 319 416 321 ‘
1388 317 1693 380 NOTITIA
1745 318 1826 381 IN
1877 321 1936 381 s.
1970 288 2232 382 NILUM.
2367 303 2372 306 ’
2525 290 2555 399 ξ
3154 324 3221 399 κθ
3331 311 3402 398 at

238 416 506 483 Valeriam
553 429 867 498 episc0pum
895 428 1257 485 Veronensem
1297 432 1364 488 de
1405 433 1464 487 S.
1497 434 1764 504 Ephraam,

235 517 373 583 Nilo,
405 516 588 572 Marco
618 527 670 572 et
709 519 850 572 Isaia
888 538 902 576 :
939 519 1114 590 Neque
1173 524 1274 590 ipsi
1328 525 1648 593 episcopatui
1679 535 1768 579 tuo

233 617 397 662 essent
439 609 724 661 indecores.
759 608 894 662 Sunt
939 611 1073 662 enim
1115 612 1348 666 homines
1392 614 1552 684 frugi,
1594 616 1767 685 exigui

233 706 490 765 sumptus,
527 705 577 748 ct
619 712 819 765 magnae
846 698 1116 750 utilitatis.
1145 698 1335 754 Tacere
1357 702 1526 755 sciunt
1553 705 1604 755 in
1633 705 1766 764 loco,

231 797 302 846 et,
337 801 455 838 cum
488 799 614 851 opus
642 796 740 849 est,
775 786 934 855 loqui.
976 788 1156 842 Valent
1189 791 1410 860 ingenio.
1437 784 1630 862 Magno
1647 802 1784 847 sunt.

234 886 401 924 rerum
435 887 555 934 usu,
590 872 832 925 doctrina
860 883 908 927 et
941 875 1218 941 prudentia
1250 879 1462 945 prtediti
1490 880 1766 950 singulari,

232 961 362 1015 Cum
391 961 688 1014 domesticis
713 963 816 1014 tuis
841 974 1047 1032 propter
1072 975 1279 1020 sanctos
1307 983 1586 1038 suavesque
1603 985 1766 1022 mores

225 1048 452 1116 jucunde
481 1050 842 1105 versabantur.
881 1051 939 1106 Si
969 1054 1252 1108 invisenda:
1280 1057 1373 1109 tibi
1408 1067 1561 1111 erunt
1595 1058 1770 1112 Eccle-

231 1140 323 1189 site
366 1147 490 1197 tua.
543 1139 619 1191 uel
670 1142 724 1192 in
762 1141 988 1204 civitate,
1033 1142 1111 1194 uel
1153 1144 1209 1196 in
1250 1153 1361 1198 tota
1409 1147 1635 1212 dioecesi,
1669 1163 1768 1216 quo

230 1228 434 1295 quidem
463 1231 779 1283 uisitationis
831 1247 1037 1284 munere
1086 1234 1316 1294 omnium
1360 1236 1685 1303 grauissimo,
1719 1246 1767 1292 et

233 1318 642 1372 laboriosissimo
687 1321 1077 1389 diligentissime
1119 1323 1350 1392 fungeris
1379 1340 1397 1377 :
1431 1325 1478 1378 si
1509 1337 1769 1380 monaste-

232 1408 312 1459 ria
336 1401 594 1476 uirginum
624 1419 713 1461 aut
744 1412 1130 1474 monachorum,
1168 1415 1214 1467 si
1243 1415 1525 1468 seminaria
1563 1415 1767 1477 tua,vel

233 1498 501 1563 antiquum
533 1498 889 1566 acolythorunt
911 1501 974 1551 ab
1011 1501 1237 1571 Eugenio
1266 1502 1368 1567 IV,
1402 1520 1603 1558 summo
1628 1504 1778 1560 Pon-

234 1582 368 1647 tiﬁce
409 1583 726 1647 institutum,
756 1594 804 1638 et
837 1602 869 1638 a
907 1590 1256 1654 superioribus
1288 1592 1560 1658 episcopis,
1599 1602 1647 1646 et
1680 1608 1769 1645 σας

231 1671 533 1723 nonicorum
563 1672 791 1740 capitulo
816 1674 936 1727 bene
960 1691 1160 1744 semper
1190 1679 1642 1741 administratum.
1663 1698 1692 1732 a
1722 1690 1769 1733 te

230 1757 346 1808 'cero
381 1758 599 1825 miriﬁce
637 1768 868 1826 auctum,
903 1773 1057 1829 atque
1091 1775 1421 1828 exornatum,
1465 1768 1543 1819 vel
1582 1783 1769 1820 novum

230 1842 524 1896 incredibili
579 1847 772 1907 studio,
797 1863 946 1909 cura,
970 1859 1020 1902 et
1050 1851 1319 1921 diligentia
1348 1863 1439 1906 tua
1473 1869 1538 1907 ea;
1566 1855 1768 1909 decreto

227 1941 275 1984 et
311 1933 565 1985 institutis
596 1937 764 1986 sancti
795 1936 1085 1992 Tridentini
1111 1943 1319 1994 concilii
1349 1952 1576 1997 erectum
1609 1953 1659 1998 et
1689 1945 1790 1998 ίο-Δ

228 2021 551 2086 cupletatum
591 2037 608 2071 :
643 2025 691 2076 si
726 2024 1110 2092 derelictorum,
1143 2039 1192 2083 et
1228 2032 1594 2086 derelictarum
1631 2030 1766 2100 loca,

230 2113 282 2161 in
309 2125 428 2178 quin
459 2127 660 2163 summo
696 2129 812 2165 cum
846 2115 940 2170 Dei
985 2117 1200 2181 honore,
1236 2130 1284 2172 et
1334 2122 1496 2174 totius
1541 2124 1768 2177 civitatis

229 2201 523 2257 commodo.
547 2212 591 2250 et
627 2202 811 2253 laetitia
835 2219 1008 2255 onmes
1037 2207 1305 2273 utriusque
1324 2223 1475 2273 sexus
1499 2223 1768 2274 pauperes,

229 2272 432 2350 passim
486 2295 639 2338 antea
697 2298 944 2356 vagantes
993 2292 1070 2342 ita
1107 2272 1440 2361 congessisti,
1497 2272 1550 2347 ut
1595 2272 1769 2348 nullus

231 2374 460 2441 amplius
493 2375 639 2441 inops
667 2385 717 2430 et
751 2379 1012 2434 mendicus
1043 2381 1096 2433 in
1120 2383 1246 2436 urbe
1274 2385 1454 2452 vagari
1487 2387 1771 2452 comperia-

231 2472 337 2525 tur;
360 2463 412 2515 si
429 2463 735 2532 hospitalia,
757 2482 973 2535 quorum
1001 2472 1315 2537 pra'cipuam
1341 2481 1395 2524 tu
1415 2490 1593 2526 curam
1613 2478 1771 2544 geris;

228 2551 275 2604 si
318 2552 462 2613 lites,
501 2553 798 2618 discordiae,
851 2557 1143 2613 inimicitia:
1181 2560 1520 2628 dirimendas;
1575 2566 1622 2617 si
1665 2579 1771 2632 pas:

231 2642 370 2694 inter
398 2642 528 2694 ciues
557 2645 885 2697 concilianda
915 2649 1118 2716 ubique,
1154 2666 1352 2718 semper
1379 2653 1522 2705 dulci
1545 2654 1769 2720 quadam

229 2730 495 2783 suauitate
533 2743 581 2784 et
615 2736 907 2800 eloquentia
957 2737 1054 2789 illa
1086 2737 1407 2804 Christiana,
1440 2757 1598 2809 quam
1631 2753 1684 2794 tu
1717 2745 1771 2795 in

227 2819 492 2884 prteclara
508 2820 605 2872 illa
631 2831 726 2874 tua
739 2822 992 2880 rhetorica
1013 2825 1367 2880 ecclesiastica
1386 2838 1493 2882 tam
1513 2831 1771 2898 eleganter

229 2909 476 2976 docteque
511 2910 698 2974 tradis,
727 2919 830 2964 etc.
864 2912 924 2965 Et
953 2915 1178 2981 epistola
1211 2917 1278 2969 ad
1306 2918 1582 2986 Aloysium
1613 2919 1772 2989 Lipa-

230 3009 454 3048 mauum
486 2995 778 3064 Opusculis
805 2997 908 3051 Nili
940 3007 992 3053 et
1021 3000 1182 3055 Marci
1205 3003 1421 3070 praeﬁxa
1453 3024 1466 3059 :
1497 3005 1627 3059 Sunt
1653 3003 1772 3076 pro-

226 3080 362 3146 facta
390 3082 599 3137 abbates
629 3085 719 3138 isti
743 3088 1059 3142 auctoritate
1099 3107 1300 3158 graves,
1329 3094 1558 3159 plurimo
1597 3111 1768 3149 rerum

227 3182 365 3232 usa,
419 3180 467 3223 et
511 3173 764 3228 doctrinis
811 3164 1097 3232 cte'lestibus
1149 3181 1359 3236 eruditi.
1414 3185 1770 3240 Admiraberis

225 3273 404 3311 acrem
425 3277 599 3314 eorum
615 3264 666 3315 in
683 3267 998 3334 corrigendis
1019 3270 1153 3323 vitiis
1178 3274 1508 3340 gravitatem,
1522 3276 1768 3328 eximiam

226 3347 280 3400 iu
307 3338 558 3405 docendis
580 3355 882 3418 virtutibus,
915 3365 963 3409 et
993 3359 1136 3412 bonis
1177 3338 1406 3417 moribus
1427 3364 1764 3433 diligentiam,

223 3435 549 3508 singularem
597 3442 650 3495 in
695 3445 1011 3511 exponendis
1066 3447 1351 3515 Scripturis
1405 3453 1764 3526 eruditionem,

229 3526 510 3582 Perversas
534 3531 687 3598 hujus
713 3535 884 3587 wtatis
914 3535 966 3588 in
995 3538 1239 3605 religione
1259 3539 1322 3593 de
1352 3541 1475 3609 ﬁde,
1498 3552 1547 3596 et
1574 3547 1765 3613 gratia,

223 3626 270 3669 et
302 3619 544 3684 operibus
566 3622 849 3689 opiniones,
872 3613 1024 3694 atque
1045 3627 1176 3681 alios
1197 3645 1416 3694 errores.
1433 3641 1482 3686 et
1505 3633 1767 3687 hominum

222 3703 436 3772 flagitia
469 3706 543 3758 ita
569 3716 777 3772 norunt,
808 3711 884 3762 sic
910 3712 1249 3780 insectantur,
1283 3717 1448 3787 atque'
1479 3731 1768 3791 coarguunt

224 3803 278 3842 ut
309 3808 419 3844 non
450 3794 625 3847 multis
655 3798 861 3850 sarculis
881 3803 1066 3868 procul
1095 3804 1161 3854 ab
1201 3807 1465 3860 hominum
1491 3821 1764 3863 consuetu-

223 3879 345 3930 dine
369 3881 426 3931 in
452 3881 671 3934 tenebris
699 3899 854 3951 prope
878 3887 1067 3950 sepulti
1097 3889 1354 3956 jacuisse,
1385 3894 1474 3946 sed
1499 3896 1767 3948 nobiscum

223 3969 440 4020 assidue
472 3973 662 4024 versati
686 3988 796 4026 esse
837 3976 1130 4030 rideantur.
1184 3979 1407 4036 Pliotius
1454 3983 1507 4036 iu
1564 3984 1766 4038 Biblio-

222 4055 399 4123 theca,
424 4058 544 4112 cod.
565 4059 686 4127 201,
715 4072 768 4116 ct
801 4064 912 4123 alii.
932 4074 1068 4134 Quos
1100 4068 1240 4122 infra
1271 4071 1589 4128 videbimus.
1615 4074 1768 4132 Nunc

223 4160 352 4201 vero
375 4163 486 4201 non
525 4149 622 4204 abs
657 4167 714 4206 re
740 4152 899 4208 fuerit
928 4157 1038 4210 duo
1071 4157 1125 4210 iu
1155 4159 1298 4214 liuuc
1325 4171 1574 4216 sanctum
1605 4164 1767 4221 Disti-

222 4233 324 4286 clia
364 4249 434 4287 ex
466 4236 624 4288 codd.
664 4253 766 4293 ms.
803 4244 1146 4308 praemittere.

221 4340 573 4421 ρξεξξοςηᾴν
596 4342 758 4421 ἆρδςι
785 4345 893 4421 τῇς
918 4349 1175 4421 ἀνύδρου
1215 4353 1314 4418 τὰς
1342 4355 1554 4421 νάπας,

221 4408 435 4485 ιδςεξυξος
470 4409 538 4485 διξ
560 4408 785 4464 πιστῶν
806 4408 1089 4485 enecta/rei
1122 4408 1387 4485 καρδίας.

219 4477 443 4552 [χερου
469 4478 610 4552 per;
629 4482 905 4552 ποταμοῖο
928 4485 1070 4549 ῥόος
1109 4477 1293 4551 χθόνα
1324 4477 1442 4543 έῖδε
1491 4492 1760 4552 ποτίζειν.

217 4543 443 4595 Νείλου
462 4542 515 4595 δ’
535 4542 610 4599 αὖ
631 4542 914 4616 μονᾰχοῖο
928 4542 1340 4621 ξλότοξξρρένας
1359 4542 1523 4612 εἶδεν-ί

219 4649 443 4706 Necnon
475 4661 526 4707 et
559 4655 646 4708 illa
684 4672 746 4710 ex
788 4656 1083 4729 Menologio
1121 4661 1427 4720 Grmcorum
1461 4686 1474 4719 :

283 4763 593 4833 Αἷγυπτον
628 4765 786 4833 ἄρδει
817 4768 1047 4833 Νεῖλος,
1078 4773 1234 4824 ἀλλὰ
1271 4775 1364 4827 καί
1393 4777 1590 4830 κτίσιν

289 4831 460 4896 Λόγῳ
490 4832 761 4899 κατάρδει
788 4836 882 4887 καί
913 4831 1104 4888 (laudm
1147 4840 1357 4907 Νεῖλος
1382 4845 1584 4912 μέγας.

221 4935 616 5005 interpretatus
646 4952 729 4996 est
769 4942 1114 5001 doctissimus
1152 4948 1412 5005 Posslnus
1439 4967 1452 5000 :

289 5027 453 5104 Nilus
489 5029 776 5104 Canopum,
802 5035 970 5098 maior
990 5036 1070 5088 hic
1100 5038 1237 5101 fonte
1272 5041 1444 5104 ingens

283 5095 476 5148 Orbem
514 5095 805 5152 unircrsum
839 5095 895 5153 etv
919 5095 1148 5156 mortuus
1182 5095 1347 5158 Nilus
1365 5112 1519 5177 rigat.

219 5205 625 5262 llouestissiuue
680 5224 935 5265 matrona:
989 5217 1326 5271 matrimonio
1366 5233 1587 5287 iunctus
1621 5225 1754 5279 duos

216 5309 276 5345 ex
334 5296 426 5348 illa
466 5300 707 5366 suscepit
758 5303 928 5365 lilios,
988 5320 1187 5357 marem
1220 5317 1268 5359 et
1303 5309 1572 5364 lcmi:.:uu.
1607 5312 1754 5367 Uxor

215 5378 278 5426 ab
305 5380 495 5431 eodem
535 5382 751 5434 inducta
795 5403 892 5438 Ima
930 5405 1043 5439 (‘lllll
1079 5391 1181 5442 lilia
1227 5393 1279 5444 in
1305 5394 1518 5464 jligypti
1563 5415 1747 5453 mona-

217 5467 381 5517 steria
429 5469 721 5537 Emungi-at.
766 5473 881 5541 lpsc
904 5491 1025 5529 Cum
1063 5478 1338 5534 Tlicodulo
1377 5485 1484 5537 lilio
1517 5486 1747 5542 Sittaatim

215 5567 449 5611 montem
478 5571 704 5627 oceuiput
725 5603 738 5625 ,
778 5572 832 5615 ct
863 5575 1168 5621 sanctorum
1212 5571 1426 5625 Patrum
1455 5588 1746 5632 consuetu-

1863 435 1993 490 dine
2047 433 2339 490 frueretur.
2396 395 2709 490 Theodulus
2770 427 2817 489 a‘
2854 433 3106 494 Barbaris
3157 441 3407 509 captivus

1864 517 2040 574 factus
2064 528 2186 588 post
2213 520 2379 573 multa
2408 520 2532 589 vita
2557 520 2800 598 pericula,
2820 535 2886 577 ac
2903 521 3161 598 laniatus,
3188 525 3407 583 tandem

1868 608 1938 662 ab
1969 608 2225 678 episcopo
2252 609 2556 678 redimitur,
2589 595 2646 665 et
2689 595 2879 666 saneta
2915 619 2972 666 et
3007 595 3259 682 religiosa
3297 617 3406 671 vita

1838 694 2189 767 'perl‘unctus‘
2206 699 2441 753 animam
2475 698 2588 754 Deo
2616 699 2868 758 reddidit.
2905 699 3063 756 Hunc
3115 701 3283 758 Graeci
3331 705 3409 759 uti

1866 785 2099 854 reliquos
2138 789 2427 844 sanctitate
2477 789 2707 845 eximios
2743 792 2932 855 viros,
2972 799 3312 846 ‘vcuerantur
3353 798 3449 866 σι,-

1866 875 2052 928 colunt
2080 876 2170 932 die
2225 878 2430 933 decima
2475 887 2670 949 quarta
2711 878 2983 946 Januarii.
3043 881 3406 955 Menologium

1865 961 2191 1018 Basilianum
2217 983 2230 1020 :
2264 967 2341 1036 Τῇ
2372 967 2510 1039 αὐτῇ
2540 969 2720 1042 ἡμέρᾳ
2755 971 2939 1040 μνήμη
2979 970 3074 1024 τοῦ
3103 971 3250 1024 ὁσίου
3289 971 3407 1022 Πα-

1865 1051 1989 1120 τρὸς
2031 1052 2188 1121 ἡμῶν
2233 1053 2538 1110 Θεοδούὶου.
2569 1048 2740 1118 Οὗτος
2780 1058 3022 1129 ὑπῆρχεν
3059 1059 3176 1122 υἱὸς
3211 1060 3405 1112 Νείλου

1856 1138 1958 1193 ,τοῦ
1999 1141 2159 1208 σοφοῦ
2195 1141 2288 1195 τοῦ
2324 1145 2606 1211 γεγονότος
2642 1147 2739 1215 μὲν
2777 1149 3028 1218 ἐπάρχου
3061 1151 3398 1203 Κωνσταντι·

1864 1228 2162 1291 νουπόλεως
2193 1246 2206 1262 ·
2241 1231 2624 1296 καταλιπόντος
2659 1234 2716 1309 οὲ
2739 1235 2836 1304 τὴν
2868 1236 3021 1300 δόξαν
3052 1237 3146 1290 τοῦ
3175 1239 3402 1309 κόσμου,

1866 1317 1959 1370 καί⁸
2008 1316 2327 1381 ἀπελθόντος
2369 1320 2428 1371 ιν
2463 1319 2538 1389 τῷ
2573 1307 2687 1390 ὅροι
2729 1322 2856 1392 Σινᾷ
2880 1364 2898 1388 ,ς
2936 1325 3029 1376 καὶ
3077 1307 3406 1394 μονάσαντος

1870 1403 2006 1473 μετὰ
2049 1403 2142 1457 τοῦ
2178 1405 2295 1458 υἱοῦ
2316 1423 2330 1438 ·
2364 1408 2474 1460 τῶν
2511 1408 2607 1462 δύο
2636 1409 2692 1462 δὲ
2730 1399 3084 1482 ὑπαρχόντων
3116 1416 3266 1481 ἐκεῖ,
3315 1420 3408 1471 καὶ

1863 1494 1962 1564 τὴν
1998 1495 2300 1567 ἀσκητικὴν
2336 1496 2608 1551 πολιτείαν
2635 1499 2974 1566 διανυόντων,
3013 1503 3271 1572 ἐξαίφνης
3293 1507 3410 1558 ἐπι-

1865 1581 2134 1637 πεσόντων
2186 1584 2293 1638 τῶν
2329 1585 2626 1657 Βαρϐάρων
2644 1628 2661 1655 ,
2722 1589 2818 1643 καὶ
2847 1591 3190 1662 ’ἀρξαμένων
3245 1611 3408 1661 κατα-

1867 1669 2086 1738 σφάξειν
2108 1671 2233 1736 τοὺς
2252 1673 2436 1742 ἁγίους
2462 1675 2729 1745 Πατέρας.
2764 1678 2823 1731 '0
2846 1682 2943 1749 μὲν
2960 1679 3148 1744 Νεῖλος
3171 1683 3406 1757 ἠδυνήθη

1866 1763 2075 1827 φυγεῖν,
2100 1761 2130 1813 ὁ
2160 1759 2217 1814 δὲ
2253 1762 2366 1825 υίὸς
2393 1763 2556 1817 αὐτοῦ
2588 1765 2873 1831 Θεόδουλος
2911 1770 3183 1842 ἐκρατήθη
3207 1773 3407 1844 αίχμάο

1863 1847 2029 1910 λωτος
2065 1844 2395 1934 μετᾲνᾰλλου
2433 1852 2550 1914 ἑνὸς
2576 1853 2719 1915 νέου,
2752 1857 2846 1908 καὶ
2867 1857 3106 1924 δεθέντες
3129 1861 3404 1934 ἐσύροντο.

1877 1929 2251 2008 Ἢπλήκευσαν
2277 1939 2333 1992 δὲ
2370 1941 2419 1993 οἱ
2449 1942 2738 2013 Βάρϐαροι,
2776 1946 2868 1999 καὶ
2895 1947 3171 2002 ἐϐούλοντο
3209 1929 3406 2020 σφάξαι

1864 2025 1986 2088 τοὺς
2027 2027 2177 2088 νέους
2201 2068 2216 2091 ,
2269 2029 2362 2081 καὶ
2406 2028 2676 2100 θῦσαι-τῷ
2712 2034 2818 2104 πρὸ
2856 2033 2948 2086 τοῦ
2995 2036 3144 2107 ήλίου
3182 2041 3406 2104 ἀνατέλ-

1864 2113 2003 2166 λοντι
2037 2114 2217 2185 ἄστρῳ
2235 2129 2250 2145 ·
2286 2117 2377 2169 καὶ
2413 2119 2442 2170 ό
2470 2119 2566 2186 μὲν
2593 2112 2673 2180 εἷς
2701 2121 2896 2187 ἔφυγεν
2914 2141 2929 2154 ο
2967 2124 3017 2175 οί
3043 2125 3101 2176 δὲ
3127 2127 3400 2198 Βάρϐαροι

1866 2203 2232 2271 κοιμηθέντες,
2259 2204 2350 2256 τοῦ
2375 2206 2526 2273 ἡλίου
2553 2207 2947 2273 ἀνατείλαντος,
2975 2213 3066 2264 καὶ
3089 2213 3182 2267 τοῦ
3209 2214 3406 2286 ἄστρου

1865 2289 2182 2358 κρυϐέντος,
2233 2291 2332 2343 οὐκ
2372 2291 2607 2361 ἔσφαξαν
2633 2296 2723 2348 τὸν
2754 2296 3057 2354 Θεόδουλον.
3088 2301 3407 2374 Βουλόμενοι

1864 2375 1920 2428 δὲ
1951 2377 2253 2446 πωλῆσαι,
2277 2378 2370 2431 δύο
2411 2380 2602 2449 μόνους
2635 2384 2918 2452 χρυσίνους
2947 2387 3278 2456 ἐλάμϐανον,
3312 2390 3406 2444 καὶ

1865 2465 2155 2535 γυμνώσας
2190 2470 2217 2519 ὁ
2246 2463 2324 2530 εἷς
2362 2469 2423 2521 τὸ
2467 2468 2634 2536 ξίφος,
2667 2471 2824 2542 {illch
2855 2476 3052 2542 σφάξαι
3074 2490 3092 2509 ⁶
3120 2477 3239 2531 τότε
3278 2480 3407 2547 ἠγό-

1870 2571 2030 2623 ρασεν
2062 2558 2221 2608 αὑτὸν
2254 2560 2281 2610 ὁ
2314 2559 2626 2624 ἐπίσκοπος,
2666 2563 2759 2615 καὶ
2790 2565 3048 2632 ἀπέλυσε,
3098 2568 3189 2619 καὶ
3226 2568 3406 2631 itaitth
3480 2635 3486 2642 .

1868 2641 2066 2710 βιώσας
2112 2647 2572 2716 ὲκοιμήθη..Ηοο
2617 2649 2794 2704 eodem
2849 2654 2933 2707 die
2984 2660 3402 2711 commemoratio

1867 2730 1924 2785 S.
1963 2730 2142 2786 Patris
2167 2736 2331 2787 nostri
2372 2735 2642 2790 Theoduli.
2669 2739 2768 2793 Hic
2808 2752 2920 2793 erat
2969 2744 3110 2811 ﬁlius
3156 2748 3402 2812 sapientis

1868 2819 1984 2874 Nili
2010 2824 2221 2889 eparchi
2249 2823 2836 2895 Constantinopblitani,
2862 2834 2969 2900 qui,
2997 2835 3262 2887 mundana
3285 2835 3401 2904 glo-

1866 2909 2003 2964 riola
2051 2916 2392 2978 renuntiata,
2438 2917 2490 2968 in
2543 2927 2765 2971 montem
2813 2919 3042 2974 Sinwum
3077 2910 3399 2992 progressus,

1866 3015 1971 3053 una
2001 3016 2116 3054 cum
2155 3004 2269 3071 ﬁlio
2300 3006 2611 3058 monachum
2657 3008 2847 3062 induit.
2893 3010 3024 3063 Dum
3051 3014 3118 3066 ibi
3151 3016 3404 3069 immora-

1865 3098 2046 3142 rentur
2072 3092 2124 3143 in
2154 3093 2380 3146 ascetica
2420 3093 2700 3160 disciplina
2733 3097 3081 3176 elaborantes,
3135 3101 3402 3169 derepente

1866 3178 2116 3235 Barbaris
2141 3183 2477 3245 irruentibus,
2510 3193 2561 3236 et
2597 3196 2807 3239 sanctos
2830 3188 2951 3240 illos
2979 3188 3165 3243 Patres
3187 3200 3399 3244 contru-

1865 3271 2182 3336 cidantibus,
2216 3272 2372 3326 Nilus
2417 3275 2469 3327 in
2502 3276 2679 3345 fugam
2714 3292 2768 3329 se
2805 3278 2968 3342 dedit,
2995 3280 3139 3347 ﬁlius
3168 3280 3401 3335 Theodu—

1866 3362 1965 3425 lus,
1995 3372 2043 3415 et
2071 3364 2211 3416 alius
2227 3363 2459 3431 ejusdem
2476 3380 2593 3417 cum
2613 3365 2706 3418 illo
2728 3369 2901 3420 atatis
2928 3368 3094 3432 ducti,
3119 3372 3401 3439 erinctiquc

1863 3451 2219 3517 ducebantur;
2267 3452 2357 3505 sed
2383 3470 2501 3507 cum
2539 3464 2735 3508 certum
2787 3457 2840 3508 in
2889 3457 3059 3510 locum
3107 3474 3170 3511 ex
3216 3460 3401 3514 itinere

1864 3542 2091 3594 Barbari
2145 3543 2508 3610 divertissent,
2553 3554 2847 3599 statuerunt
2903 3547 3115 3616 jurenes
3149 3561 3397 3618 mactare,

1841 3647 2046 3704 eosque
2102 3631 2269 3685 stella:
2314 3633 2433 3686 ante
2468 3634 2629 3687 solem
2670 3637 2922 3690 exorienti
2965 3639 3166 3693 hostias
3216 3643 3402 3717 immo-

1862 3722 2014 3777 lare:
2045 3723 2134 3775 se‘d
2162 3738 2296 3776 unus
2327 3724 2535 3792 quidem
2576 3741 2643 3779 ex
2670 3727 2752 3781 his
2796 3728 2922 3796 fuga
2961 3730 3183 3785 salutem
3230 3734 3395 3800 petiit.

1864 3812 2091 3865 Barbari
2130 3829 2246 3865 vero
2272 3815 2417 3881 graui
2465 3831 2651 3883 sopore
2693 3820 2902 3885 sepulti,
2936 3835 3051 3873 cum
3079 3832 3258 3875 exorto
3291 3822 3400 3876 sols
3440 3845 3441 3849 π

1865 3900 2018 3954 stella
2049 3903 2366 3968 euanuisset,
2393 3904 2456 3954 ab
2486 3905 2760 3958 occidendo
2794 3906 3050 3960 Theodulo
3074 3925 3256 3962 manus
3275 3910 3396 3963 abs-

1866 3993 2166 4054 tinuerunt;
2205 4005 2321 4044 cum
2382 3992 2710 4056 postmodum
2744 3994 2806 4047 de
2832 4011 2891 4048 eo
2924 3998 3139 4062 pecunia
3169 4013 3399 4049 commu-

1865 4081 2023 4133 tando
2053 4080 2412 4145 decrevissent,
2432 4097 2521 4135 nec
2555 4081 2696 4135 ultra
2721 4081 2824 4135 duo
2856 4085 3051 4152 solique
3067 4088 3212 4138 aurei
3239 4087 3395 4154 oﬂ'er-

1865 4177 2065 4231 rentur,
2109 4183 2242 4221 unus
2281 4183 2345 4221 ea:
2384 4168 2492 4223 illis
2534 4169 2732 4224 nudato
2771 4172 2945 4241 gladio
2981 4189 3097 4224 eum
3147 4177 3399 4242 conﬁcere

1867 4257 2096 4310 tentabat
2121 4273 2139 4310 :
2181 4265 2285 4308 tum
2321 4258 2588 4325 episcopus
2632 4276 2748 4311 eum
2785 4277 2817 4311 a
2853 4259 3093 4315 Barbara
3118 4276 3396 4330 mercatus,

1865 4346 1920 4396 in
1950 4345 2469 4411 libertatemeaemit,
2498 4348 2586 4414 qui
2616 4363 2732 4418 cum
2752 4364 2996 4416 perquam
3028 4354 3217 4419 optime
3240 4356 3398 4408 vitam

1862 4431 2130 4495 duxisset,
2172 4430 2479 4486 obdormiuit
2539 4435 2594 4486 in
2637 4435 2878 4489 Domino.
2943 4438 3008 4492 Et
3061 4439 3293 4498 Sirletus
3341 4447 3395 4499 in

1862 4521 2160 4587 Menolo’gio
2233 4521 2540 4576 Graecorum
2603 4540 2617 4574 :
2667 4524 2860 4578 Eodem
2906 4528 2989 4581 die
3037 4529 3103 4583 M
3149 4530 3398 4588 Januarii

1865 4609 1921 4663 S.
1961 4610 2229 4663 Theoduli.
2260 4612 2362 4665 Hic
2404 4613 2503 4680 [uit
2550 4615 2693 4681 ﬁlius
2734 4614 2850 4668 Nili
2883 4618 2978 4671 viri
3009 4621 3274 4687 sapientis,
3309 4625 3398 4692 qui

1862 4699 2041 4751 relicto
2092 4698 2301 4760 sa'culo,
2354 4701 2406 4750 in
2437 4709 2661 4753 montem
2702 4699 2884 4754 Sinam
2923 4720 2975 4757 se
3022 4707 3261 4769 contulit,
3308 4709 3397 4762 ubi

1863 4804 1979 4839 cum
2037 4788 2149 4854 ﬁlio
2189 4787 2344 4840 vitam
2405 4788 2644 4840 monachi
2690 4794 2939 4845 exercuit.
2975 4792 3138 4856 Multa
3195 4796 3395 4865 ingenii

1860 4876 1944 4929 sui
1991 4884 2334 4928 monumenta
2384 4877 2616 4943 posteris
2657 4878 2936 4947 reliquisse
2982 4890 3187 4936 certum
3237 4895 3397 4955 atque

1859 4962 2213 5015 indubitatum
2239 4973 2339 5025 est,
2371 4981 2602 5031 quorum
2636 4980 2760 5033 pars
2793 4984 2900 5021 non
2927 4969 3119 5038 exigua
3147 4979 3393 5041 typorum

1858 5052 2108 5118 praesidio
2139 5053 2308 5104 lucem
2347 5054 2490 5108 videt
2514 5092 2528 5117 ,
2581 5069 2704 5122 pars
2745 5056 2797 5108 in
2829 5061 3209 5128 manuscriptis
3254 5064 3393 5132 apud

1857 5127 2319 5196 decantatissimas
2391 5143 2740 5199 bibliothecas
2817 5150 3184 5216 manuscripta
3241 5151 3388 5214 latet,

1856 5243 1981 5296 pars
2009 5230 2166 5282 etiam
2199 5239 2504 5298 temporum
2531 5232 2746 5299 injuriis
2775 5235 3044 5303 deperdita
3075 5246 3175 5292 est.
3207 5237 3390 5305 Neque

1854 5319 1994 5370 enim
2031 5319 2106 5370 illi
2142 5319 2360 5388 copiose
2404 5322 2627 5389 loquens
2658 5324 2955 5392 sapientia,
2997 5340 3167 5394 neque
3207 5342 3384 5380 rerum

1853 5408 1908 5460 in
1943 5405 2237 5473 Scripturis
2269 5410 2619 5465 obscurarum
2659 5415 2986 5482 explanatio,
3020 5429 3191 5482 neque
3220 5420 3388 5468 bonas

1851 5511 1992 5549 arzes
2022 5512 2308 5565 mori-sque
2345 5500 2664 5554 subserendi
2714 5503 2984 5562 studium.
3021 5503 3258 5572 illudque
3291 5521 3381 5556 si:—

1851 5605 1896 5654 p'
1913 5602 2088 5640 cuium
2112 5586 2300 5640 deluit.
2327 5587 2660 5657 Niccpliorus
2683 5590 2935 5645 Callistus
2960 5592 3054 5643 lili.
3076 5606 3161 5646 ειν
3185 5593 3375 5659 εΛόγου
