4134 6328
227 322 281 381 37
1383 322 1682 382 NOTiTlA
1726 323 1801 380 IN
1845 324 1901 382 S.
1943 327 2184 388 NILUM

288 433 350 480 iie
378 430 530 478 nimis
553 429 802 477 diuturna
829 426 1136 493 pra'fertura
1169 469 1180 480 .
1207 426 1264 480 Ρ.
1305 431 1541 483 Tradunt
1565 447 1734 483 rerum

226 519 522 572 naturalium
555 517 928 569 observatores.

282 608 330 660 In
369 607 697 660 Bibliotheca
733 605 950 658 Patrum
975 605 1248 671 Veterum,
1292 609 1528 662 Coloniae
1556 611 1732 662 edita:

281 697 346 747 Ex
401 695 634 762 quodam
695 693 1017 746 Para'netiro
1064 695 1195 747 libro
1242 696 1621 766 fragmentum.
1675 697 1735 750 Ρ.

227 783 450 850 Nunquid
482 785 714 851 angelos,
749 784 822 835 vel
849 793 1144 847 potestates,
1172 795 1274 839 etc.

281 875 344 924 Ile
364 884 477 925 octo
504 874 702 925 vitiosis
735 874 1150 941 cogitationibus.

282 959 346 1013 De
377 963 514 1031 gula.
557 961 615 1017 P.
660 961 735 1014 De
773 973 885 1013 octo
923 962 1118 1014 vitiosis
1162 963 1588 1029 cogitationibus,
1647 984 1734 1018 seu

218 1053 486 1119 affectibus.

274 1142 341 1194 De
361 1141 718 1208 fornicatione.
735 1137 1187 1192 P.Fornicationis
1205 1142 1419 1208 spiritus
1439 1159 1526 1209 per
1542 1159 1734 1195 carnis.

279 1232 342 1283 De
371 1231 630 1282 Avaritia.
662 1228 721 1282 P.
765 1228 1047 1282 Externum
1077 1239 1154 1281 cst
1186 1232 1420 1282 avaritia?
1456 1232 1662 1284 bellum.

277 1320 340 1370 De
367 1321 468 1370 ira.
498 1318 554 1371 P.
600 1317 695 1370 Ira
729 1335 844 1370 cum
877 1319 1031 1371 semel
1060 1328 1232 1383 pectus
1267 1319 1539 1371 obsederit.

276 1409 340 1460 De
373 1409 607 1460 tristitia.
644 1407 703 1461 P.
736 1407 866 1461 Cum
891 1409 1149 1473 improbus
1180 1409 1405 1460 tristitia:
1430 1411 1661 1475 spiritus.

272 1500 341 1553 De
371 1500 576 1551 accdia.
612 1498 674 1551 P.
714 1498 919 1551 Acedite
945 1498 1158 1564 spiritus
1203 1500 1433 1549 ma’roris
1471 1501 1732 1563 spiritum.

273 1591 340 1641 De
377 1591 525 1641 inani
553 1589 743 1657 gloria.
772 1588 830 1640 P.
870 1587 1052 1640 Inanis
1086 1589 1267 1656 gloria:
1301 1589 1518 1655 affectus
1558 1591 1736 1640 multi-

209 1679 313 1740 plex
335 1686 429 1729 est.

269 1766 338 1819 De
364 1765 626 1830 superbia.
662 1763 719 1815 P.
751 1763 1124 1826 Cravissimus,
1173 1773 1326 1830 atque
1358 1763 1585 1815 omnium
1625 1773 1734 1814 tru-

212 1855 605 1907 culentissimus.

273 1943 337 1994 De
362 1944 598 1995 oratione
628 1943 801 2007 capita
837 1941 951 2004 150,
987 1952 1119 1995 sect.
1157 1940 1277 1995 N7.
1306 1939 1493 1994 Latine
1524 1949 1731 1995 tantum

211 2035 488 2101 interprete
519 2031 814 2086 Francisco
841 2031 1131 2089 'l‘urriano,
1172 2031 1262 2098 qui
1306 2047 1427 2082 cum
1477 2030 1730 2083 Diadoclii

211 2120 716 2190 l’liotices.episcopi
751 2119 1020 2187 capitibus
1045 2117 1116 2168 De
1137 2118 1449 2184 perfectione
1469 2119 1732 2185 spirituali

207 2211 392 2262 edenda
433 2211 644 2263 curavit
686 2207 996 2276 Antuerpite
1034 2207 1178 2276 typis
1222 2203 1601 2268 Plantinianis,
1635 2222 1734 2259 an-

205 2316 264 2354 no
295 2301 450 2362 1575,
489 2301 662 2353 iii-l2.
695 2300 848 2354 Unde
889 2301 940 2352 in
974 2295 1322 2350 Bibliothecis
1348 2294 1596 2352 Veterum
1630 2295 1733 2351 Pa-

204 2402 332 2445 trmn
356 2407 383 2443 a
416 2391 723 2460 Margarino
755 2391 968 2459 Bignaro
1000 2384 1250 2440 deducta.

264 2482 408 2535 Liber
437 2485 715 2535 asceticus.

267 2571 539 2626 Institutio
574 2573 643 2624 ad
682 2576 981 2628 monachos.

266 2661 544 2715 Orationes
578 2670 694 2714 octo
731 2663 975 2715 adrersus
1001 2663 1257 2728 primaria
1284 2663 1429 2714 vitia.

262 2749 436 2801 Brevis
467 2748 829 2822 institutio’ad
845 2751 1082 2818 juniores
1115 2748 1411 2800 monachos.

261 2837 502 2903 Epistola
530 2837 598 2889 ad
631 2838 972 2892 Anastasium
1001 2841 1356 2907 presbyterum
1385 2852 1500 2888 cum
1535 2833 1732 2884 duobus

203 2930 519 2997 fragmentis.

264 3018 541 3071 Tractatus
591 3019 652 3071 de
691 3029 806 3072 octo
845 3020 1046 3073 vitiosis
1083 3016 1504 3088 cogitationibus,
1546 3015 1733 3067 Latine

203 3117 486 3176 interprete
534 3107 736 3162 Iacobo
781 3110 934 3163 Billio
967 3107 1198 3162 Prunaeo
1248 3106 1304 3159 S.
1359 3105 1635 3159 Michaelis
1679 3104 1732 3155 in

203 3211 371 3250 eremo
403 3198 810 3261 cmnobiarcha,
833 3197 926 3266 qui
954 3197 1101 3250 illum
1139 3211 1261 3250 cum
1291 3194 1512 3248 Joannis
1541 3192 1732 3243 Dama-

201 3288 333 3338 sceui
357 3286 618 3354 Operibus
644 3286 809 3338 edidit
841 3284 1081 3346 Parisiis,
1109 3297 1251 3336 anno
1280 3282 1433 3334 1577.
1466 3279 1733 3348 Subjecit-

204 3391 292 3442 que
320 3375 550 3444 Eugenii
579 3376 860 3441 opuscula,
898 3374 960 3426 de
985 3373 1160 3426 eodem
1185 3379 1491 3441 argumento
1521 3387 1538 3422 :

259 3467 438 3520 Graece
480 3482 604 3520 vero
632 3475 684 3518 et
717 3466 902 3518 Latine
946 3465 1091 3518 edita
1136 3471 1284 3518 sunt.
1333 3449 1596 3530 Ejusdem
1627 3462 1734 3512 Ks-

202 3556 407 3617 ;i}tata,
438 3556 483 3622 ’ἢ
532 3556 894 3622 παραινέσεις,
948 3552 1168 3620 Capita,
1220 3568 1314 3606 seu
1359 3552 1732 3617 I’ra’ccptioncs

197 3646 542 3704 sententiosa',
615 3643 906 3696 Francisco
961 3640 1235 3694 Turriano
1297 3641 1622 3708 interprete.
1682 3649 1736 3692 et

203 3736 385 3800 prioris
435 3735 901 3802 interpretationis
943 3743 1268 3796 correctore,
1317 3733 1525 3785 collatis
1563 3732 1734 3782 trilms

201 3826 524 3889 pervetustis
584 3825 1002 3890 exemplaribus,
1052 3829 1107 3874 et
1161 3822 1385 3875 scholiis
1451 3822 1730 3888 appositis.

203 3912 478 3966 Florentiae
546 3914 683 3980 apud
764 3913 1208 3963 Bartholommum
1276 3909 1732 3960 Serniaretellium

204 4005 344 4064 1578,
378 4006 521 4055 in-S.
558 4001 671 4054 Una
698 4017 823 4052 cum
855 4000 1110 4052 Diadochi
1136 4000 1376 4066 episcopi
1409 3999 1646 4050 I’Itoticcs
1680 4000 1728 4048 in

201 4103 348 4145 retere
386 4095 549 4157 Epiro
579 4093 777 4159 Illyrici
802 4090 1060 4157 capitibus
1088 4099 1290 4140 centum
1333 4087 1395 4140 de
1420 4089 1736 4154 perfectione

202 4184 474 4249 spirituali.
511 4181 573 4233 Et
605 4185 713 4234 luce
745 4181 949 4239 Grzece.
985 4179 1174 4233 Latine
1206 4195 1331 4232 vero
1359 4179 1600 4246 Lugduni
1631 4180 1732 4230 lla-

203 4287 431 4326 tavnrum
469 4288 536 4325 ex
571 4271 775 4322 oﬂicina
805 4270 1166 4327 Plantiuiana,
1200 4270 1350 4326 1300,
1379 4271 1523 4328 ill-8;
1555 4278 1605 4319 et
1635 4270 1732 4317 Ba-

202 4366 330 4417 sileae
363 4362 512 4431 apud
555 4359 843 4412 Robertnm
896 4357 1140 4418 Winter;
1196 4367 1247 4409 et
1291 4357 1527 4406 tlolonire
1595 4356 1731 4422 apud

198 4454 536 4522 Gyiuuicum.
576 4451 704 4504 Item
739 4449 922 4503 Graece.
961 4457 1012 4500 ct
1051 4448 1239 4500 Latine
1287 4447 1339 4498 in
1370 4447 1606 4512 linguam
1641 4447 1728 4497 l.:i~

199 4546 350 4597 tinam
407 4545 707 4604 traductae,
750 4552 800 4592 et
850 4540 1173 4593 testimoniis
1227 4548 1336 4588 tum
1398 4538 1567 4589 sacris
1622 4545 1732 4586 tum

200 4635 429 4701 profanis
465 4633 772 4690 illustratie,
805 4644 963 4696 opera
986 4636 1036 4680 et
1063 4629 1246 4678 labore
1276 4625 1531 4692 Stephani
1565 4625 1735 4674 Scho-

200 4724 406 4789 ningii:
462 4718 788 4774 Francherm
849 4717 1150 4769 escudebat
1205 4713 1448 4780 IEgidius
1507 4714 1732 4765 Budaeus

196 4812 438 4864 ordinum
499 4809 687 4861 Frisia!
744 4806 1109 4876 typographus
1165 4804 1298 4855 l608
1357 4803 1492 4854 iii—8.
1544 4801 1733 4852 Addita

199 4911 313 4952 sunt
345 4901 569 4969 Agapeti
596 4898 781 4964 Capita
804 4896 1135 4962 parirnetica,
1174 4903 1225 4945 et
1263 4892 1565 4943 Aristotelis
1599 4891 1735 4943 liber

201 4990 264 5040 De
290 4989 572 5041 virtutibus
610 4997 658 5038 et
695 4987 854 5044 vitiis,
904 4983 1092 5036 eodem
1131 4981 1402 5049 Stephano
1443 4981 1736 5047 interprete

200 5087 245 5130 et
273 5077 604 5154 expositore.
649 5075 857 5126 Eaedem
891 5089 920 5125 a
951 5071 1208 5124 Michaele
1260 5069 1449 5136 'I‘nxita
1497 5071 1737 5123 carmine

202 5167 410 5219 redditae
436 5172 653 5218 escuste
694 5173 820 5216 sunt
859 5161 1200 5230 Argentorati
1232 5177 1257 5210 a
1285 5159 1517 5212 Cratone
1557 5158 1732 5227 Mylio.

203 5256 528 5323 Epitomator
578 5249 941 5304 Gesnerianus
981 5269 992 5303 :
1042 5251 1132 5318 qui
1181 5258 1358 5302 tamen
1402 5250 1454 5302 in
1508 5249 1738 5316 epitome

205 5345 393 5395 nullam
434 5342 601 5407 hujus
631 5340 898 5391 versionis
923 5340 1248 5391 mentionem
1279 5337 1423 5399 facit,
1453 5337 1610 5389 sicuti
1641 5350 1736 5388 nec

203 5430 465 5484 Gesnerns
498 5430 550 5480 in
585 5427 799 5480 Toxita.

266 5521 452 5590 Χρυσᾶ
485 5517 676 5570 Νείλου
719 5515 1008 5567 ἐπισκόπου
1045 5517 1134 5570 καὶ
1178 5518 1476 5586 μάρτυρος·
1529 5516 1712 5583 Capita

201 5628 281 5664 seu
315 5610 691 5677 Prae-cptiones
726 5608 1051 5672 sententiast;
1104 5608 1438 5677 κεφὰλαιπ,ἢ
1480 5609 1704 5677 παραινέ

3308 294 3376 354 33

1843 450 1956 496 σεις
1991 436 2234 505 Lugduni
2283 437 2604 491 Batavorum
2655 451 2716 489 ex
2771 436 2980 490 ollicina
3029 435 3372 490 l'lantiuiana

1839 529 1978 590 apud
2012 527 2360 580 From-iscum
2383 525 2805 596 Raphelcngium
2837 527 2992 584 1590.
3017 528 3149 581 iit-8.
3174 530 3368 582 Eadem

1837 613 1939 664 sub
1967 615 2167 666 titulo:
2204 617 2373 667 Aurea
2413 616 2524 667 Nili
2561 617 2780 682 episcopi
2832 626 2879 668 et
2916 618 3159 685 martyris
3190 620 3372 669 Parim

1838 704 2024 765 nctica,
2051 703 2345 770 interprete
2382 703 2601 755 Nicolao
2628 702 2901 766 Glassero,
2949 703 3238 773 Hamburgi
3277 719 3370 757 es-

1838 790 2066 842 cudebat
2111 791 2304 843 Paulus
2348 790 2600 858 Langius.
2648 793 2803 844 Anno
2845 791 3004 853 16H,
3045 792 3182 845 in-8.
3209 791 3371 860 ’Λρχὴ

1840 878 2152 946 σωτηρίαεή
2177 878 2336 929 αὑτοῦ
2356 896 2449 929 κατ
2461 878 2705 944 ἀγνωσις.
2739 878 2807 931 De
2833 879 2899 932 iis
2921 881 3185 946 interpres
3211 898 3222 932 :
3251 877 3374 932 δια.

1839 984 1951 1018 rum
1976 977 2052 1018 est
2083 968 2213 1018 illud
2249 967 2571 1034 I’hocglidis,
2625 967 2769 1017 παῖδ’
2799 968 2876 1018 ἔτι
2914 969 3067 1018 ἐόντα
3101 969 3272 1036 χρεὼν
3309 968 3371 1035 δὴ

1837 1057 1973 1107 καλὰ
1999 1057 2312 1123 διδασκέμεν
2339 1057 2488 1124 ἔργα.
2517 1055 2650 1107 IIinc
2673 1067 2719 1106 et
2747 1052 3018 1121 Agesilaus
3044 1072 3104 1106 eu
3128 1057 3372 1107 discenda

1835 1164 1944 1198 esse
1982 1148 2152 1214 pueris
2194 1148 2346 1208 dixit,
2395 1148 2575 1214 quibus
2616 1147 2917 1213 grandiores
2957 1145 3086 1211 facti
3135 1147 3211 1196 uti
3251 1161 3372 1211 pos-

1836 1242 1958 1287 sint.
1991 1236 2121 1289 Sunt
2181 1237 2337 1304 igitur
2372 1237 2465 1287 illa
2498 1235 2823 1302 potissimum
2881 1233 3137 1301 eligenda,
3187 1234 3370 1301 quibus

1831 1326 2070 1390 juventus
2096 1325 2216 1376 etin
2259 1325 2444 1375 litteris
2481 1325 2704 1390 proﬁcit,
2746 1331 2793 1374 et
2833 1339 2996 1376 mores
3022 1325 3207 1389 pietate
3251 1338 3371 1374 con-

1834 1412 2070 1462 diuntur.
2111 1412 2183 1462 De
2230 1410 2343 1463 Nili
2397 1413 2568 1464 libello
2625 1428 2724 1464 non
2752 1419 2827 1463 est
2867 1410 3002 1480 quod
3042 1411 3368 1474 dubitemus,

1835 1518 1984 1569 quam
2009 1501 2077 1551 ad
2115 1505 2287 1552 omnia
2319 1502 2425 1552 ha'c
2446 1503 2606 1568 possit
2643 1503 2946 1566 plurimum.
2983 1497 3074 1552 Est
3101 1503 3234 1552 enim
3265 1499 3369 1551 ele-

1833 1593 2040 1658 gantius
2077 1592 2294 1654 politus,
2323 1593 2576 1642 virtutum
2620 1593 2885 1656 praceptis
2921 1592 3113 1658 gravis,
3146 1591 3374 1656 antiqui-

1837 1681 1958 1730 tatis
1998 1680 2308 1731 aucturitate
2350 1681 2465 1746 pius
2492 1718 2506 1742 ,
2553 1696 2864 1747 prorsusquc
2902 1697 3110 1732 aureus.
3156 1678 3373 1732 Constat

1836 1787 1951 1821 vero
2009 1786 2124 1821 eum
2183 1771 2234 1820 in
2284 1771 2632 1821 vetustissima
2677 1771 2902 1836 quadam
2958 1769 3262 1820 bibliotheca
3320 1769 3372 1838 in

1835 1857 2108 1908 Walachia
2145 1857 2534 1924 Transylrania:
2579 1857 2802 1924 finitima
2847 1873 2877 1908 a
2913 1857 3210 1909 doctissimo
3265 1871 3372 1907 viro

1833 1945 2036 1998 Joanne
2065 1945 2292 1997 IIontero
2318 1946 2600 1998 Coronensi
2631 1947 2906 2004 inventum,
2934 1956 2981 1996 et
3029 1945 3096 1995 ad
3131 1944 3369 1995 clarissi—

1836 2051 1973 2084 mum
2024 2033 2306 2084 Nicolaum
2362 2032 2667 2082 Neandrum
2710 2031 2771 2082 a’e
2810 2033 3137 2098 antiquitatis
3184 2029 3370 2082 studiis

1834 2123 2021 2186 optime
2044 2122 2302 2184 meritum,
2332 2132 2385 2171 ut
2407 2122 2457 2171 in
2481 2122 2643 2171 lucem
2672 2120 2922 2186 prodiret,
2953 2120 3165 2171 missum
3189 2119 3370 2187 fuisse,

1834 2229 1862 2262 a
1897 2228 1996 2280 quo
2039 2210 2342 2268 emendatus
2381 2210 2664 2279 integritati
2696 2222 2741 2263 et
2769 2213 2924 2262 nitori
2951 2212 3237 2270 restitutus,
3266 2209 3372 2277 pri-

1837 2316 2073 2366 mumque
2104 2316 2221 2351 cum
2260 2300 2380 2352 aliis
2418 2305 2586 2352 editus
2620 2301 2721 2366 fuit
2750 2299 3048 2366 Opusculis.
3086 2297 3214 2362 Quis
3257 2313 3372 2349 rere

1833 2389 1987 2452 hujus
2013 2389 2175 2440 libelli
2194 2392 2260 2442 sit
2295 2401 2500 2449 auctor,
2541 2407 2656 2441 cum
2686 2390 2915 2456 plurium
2946 2387 3176 2454 ejusdem
3205 2386 3345 2439 nomi

1833 2481 1911 2531 nis
1948 2481 2326 2546 episcoporum,
2364 2491 2673 2547 martyrum,
2719 2479 3057 2544 doctrinaque
3106 2486 3370 2542 prrrstan-

1834 2569 1962 2619 tium
1984 2570 2208 2621 virorum
2237 2571 2289 2621 in
2325 2570 2544 2621 historia
2564 2571 2750 2620 mentio
2764 2569 2856 2634 ﬁat
2877 2566 3248 2627 ecclesiastica,
3271 2579 3369 2616 non

1831 2660 2031 2727 liquido
2061 2670 2295 2725 apparet.
2342 2660 2450 2711 Duo
2479 2660 2611 2711 enim
2662 2656 2776 2708 Nili
2823 2667 3038 2707 auctore
3079 2653 3406 2720 Nicephoro,

1830 2749 2040 2813 fuerunt
2087 2748 2339 2814 .IEgyptii.
2390 2747 2537 2798 Alius
2581 2743 3084 2804 Thessalonicensis,
3128 2745 3216 2810 qui
3257 2753 3372 2808 post

1833 2835 2011 2889 Caroli
2047 2835 2226 2902 Magni
2262 2837 2388 2885 uia-it
2422 2845 2671 2899 tempora.
2703 2832 2829 2882 Fuit
2867 2843 2916 2882 et
2958 2831 3115 2883 Nilus
3159 2830 3371 2898 quidam

1831 2924 2192 2976 scholasticus.
2224 2919 2381 2972 Istius
2406 2936 2540 2980 vero,
2563 2919 2644 2970 cui
2674 2918 2980 2985 opusculum
3007 2918 3101 2967 hoc
3129 2914 3373 2968 Neander

1833 3011 2191 3064 ascribendum
2254 3018 2451 3073 putat,
2523 3009 2826 3059 mentionem
2878 3007 3002 3072 facit
3049 3003 3370 3070 Nicephorus

1833 3106 1923 3157 lib.
1964 3120 2034 3163 Iv,
2070 3119 2185 3168 cap.
2220 3101 2396 3154 551$;
2427 3116 2524 3167 quo
2559 3109 2760 3150 constat
2784 3097 3096 3148 admirando
3115 3096 3204 3147 isti
3243 3093 3370 3145 Nilo

1832 3195 2053 3260 patriam
2079 3192 2238 3258 fuisse
2261 3187 2789 3252 Consxantinopolim,
2819 3185 2968 3252 cujus
2986 3185 3144 3235 etiam
3167 3193 3372 3249 propter

1832 3285 2088 3352 egregiam
2141 3280 2362 3332 nominis
2417 3278 2738 3328 nobilitatem
2778 3275 3054 3342 praefectus
3098 3273 3214 3338 fuit.
3269 3271 3371 3324 Sed

1835 3375 2013 3426 relicto
2045 3373 2141 3422 tali
2169 3380 2310 3422 statu
2339 3367 2405 3418 ad
2445 3371 2598 3420 vitam
2645 3383 2697 3417 se
2746 3365 2964 3417 contulit
3004 3364 3369 3415 monasticam.

1835 3467 2050 3517 Dicendi
2113 3477 2309 3528 quoque
2357 3453 2638 3524 facultati,
2692 3454 3060 3520 praclarisque
3126 3452 3374 3503 doctrina:

1833 3555 2039 3605 dotibus
2117 3553 2400 3602 instructus
2488 3561 2602 3596 cum
2679 3544 2872 3610 fuerit,
2951 3541 3108 3593 variis
3186 3539 3374 3605 ingenii

1835 3641 2180 3695 monumentis
2223 3638 2446 3689 nominis
2506 3637 2588 3685 sui
2634 3631 2934 3684 memoriam
2993 3628 3059 3679 ad
3096 3627 3375 3694 posterita-

1836 3744 1933 3783 tem
1961 3725 2285 3799 propagavit.
2321 3725 2413 3777 llic
2452 3725 2680 3776 observa
2727 3721 2910 3782 verba,
2958 3717 3071 3770 Duo
3123 3716 3235 3769 Nili
3279 3732 3374 3767 au-

1837 3834 1976 3874 ctare
2037 3819 2329 3885 Nicephoro
2390 3817 2594 3883 fuerunt
2644 3810 2900 3877 iEgyptii.
2965 3806 3116 3860 Unus
3163 3815 3369 3858 tantum

1841 3913 2141 3979 Nicephoro
2173 3909 2459 3976 JEgyptms
2489 3912 2592 3955 est.

1907 4002 2013 4052 llas
2051 3999 2264 4052 easdem
2318 3995 2624 4044 Para'neses
2672 3987 2842 4039 edidit
2883 3984 3067 4036 Grzece
3099 3993 3150 4036 et
3185 3982 3374 4038 Latine

1840 4090 2041 4142 Paulus
2070 4086 2304 4137 Minerva
2330 4076 2576 4130 Barensis
2603 4073 3008 4129 Dominicanus.
3045 4086 3166 4121 cum
3202 4071 3372 4122 Scho-

1839 4181 1922 4233 liis
1949 4193 2042 4231 seu
2081 4170 2518 4228 Commentariis;
2550 4163 2768 4230 Neapoli
2796 4159 2935 4228 apud
2962 4159 3372 4212 Constantinum

1840 4267 2065 4316 Vitalem
2103 4260 2259 4319 1604,
2296 4257 2434 4308 ili-4.
2466 4255 2606 4317 Quid
2646 4255 2697 4304 in
2747 4252 2853 4304 illis
2889 4250 3225 4301 illustrandis
3254 4264 3374 4315 ege-

1839 4359 1927 4414 rit,
1964 4357 2078 4422 ipse
2122 4358 2339 4404 enarrat
2378 4349 2440 4398 ad
2484 4350 2732 4397 let-torem
2765 4362 2774 4393 :
2820 4340 3080 4406 Quidquid
3136 4340 3290 4405 igitur
3320 4339 3371 4389 in

1840 4446 1945 4495 illis
1971 4421 2210 4507 reperies,
2241 4453 2303 4487 es:
2333 4443 2630 4486 sanctorum
2677 4431 2892 4480 Patrum
2915 4430 3153 4480 doctrina
3181 4429 3374 4481 exhau-
3408 4421 3415 4428 ’

1838 4546 1973 4586 stum
2018 4545 2126 4582 esse
2166 4528 2404 4593 judiscs;
2432 4524 2542 4572 ideo
2571 4532 2618 4571 et
2652 4529 2858 4570 cunctos
2882 4520 3152 4570 citarimus
3185 4535 3200 4570 :
3233 4536 3374 4570 cum-

1836 4638 1930 4689 que
1955 4621 2019 4670 ad
2047 4617 2312 4685 politicam
2345 4623 2389 4664 et
2420 4610 2666 4662 moralem
2703 4611 2858 4659 vitam
2884 4625 3127 4676 perquam
3155 4611 3374 4658 maxime

1839 4715 2243 4766 ordinarentur;
2300 4705 2365 4756 ad
2408 4704 2526 4754 illas
2566 4700 2918 4762 roborandus,
2964 4699 3370 4764 firmandasque,

1838 4804 2159 4855 ethnicorum
2220 4813 2416 4866 quoque
2469 4792 2886 4861 philosophorum
2946 4790 3210 4840 amiamata
3261 4802 3375 4851 per-

1837 4889 2168 4944 strinximus,
2210 4894 2262 4934 ut
2298 4884 2486 4942 sciant,
2512 4881 2596 4947 qui
2633 4879 2819 4928 laxatis
2849 4878 2962 4926 vita:
2994 4875 3203 4925 habenis
3227 4873 3372 4923 illaut

1837 4979 2159 5047 provinciam
2194 4977 2407 5035 ducunt,
2459 4974 2612 5038 legem
2649 4967 3038 5024 Christianam,
3071 4965 3228 5031 legem
3268 4979 3377 5015 esse

1839 5072 2104 5125 virtutum,
2157 5079 2310 5131 quant
2340 5078 2401 5113 ex
2445 5061 2658 5112 ethnicis
2698 5057 2924 5123 plerique
2965 5054 3199 5106 naturali
3253 5054 3374 5103 illa.

1839 5159 1994 5211 strati
2033 5156 2224 5206 lumine
2265 5151 2542 5218 prosecuti,
2572 5148 2718 5200 miris
2761 5146 3052 5198 extulerunt
3107 5144 3369 5194 encomiis.

1843 5247 1981 5312 Quid
2015 5246 2059 5297 si
2090 5241 2375 5296 Christiani
2402 5239 2511 5290 nati
2551 5237 2806 5303 fuissent?
2844 5233 3129 5286 Sanctitate
3169 5227 3371 5292 quidem

1841 5339 2002 5389 nimia
2049 5332 2314 5400 pollerent.
2371 5329 2464 5380 llic
2511 5338 2687 5380 tamen
2716 5324 2840 5376 talis
2872 5329 3159 5384 tantusque
3199 5317 3275 5365 vir
3307 5313 3372 5366 de

1845 5424 2030 5476 barum
2066 5421 2414 5472 Parmneseon
2451 5427 2672 5469 auctore
2706 5413 3008 5479 disputans,
3053 5405 3158 5456 illis
3195 5401 3369 5466 Nilum

1845 5523 2079 5565 asectam
2108 5553 2119 5570 ,
2156 5518 2204 5562 et
2232 5504 2884 5572 Cou~tantinopolitanum
2919 5496 3086 5557 exuit,
3128 5500 3370 5558 acceptas

1846 5604 2014 5657 defert
2043 5601 2158 5655 Nilo
2191 5599 2445 5668 episeopo
2475 5605 2524 5649 tt
2550 5592 2787 5661 zzui'tyri.
2820 5591 3082 5642 Incertum
3113 5583 3374 5650 siquidem
