4134 6328
765 321 832 380 39
1910 297 2207 383 NOTITIA
2254 293 2331 353 IN
2376 291 2435 350 s.
2479 287 2737 348 NlLUM.
3843 255 3911 315 40

765 433 868 485 est,
901 430 956 473 ιιι
984 425 1205 473 notatur
1271 418 1324 472 in
1357 415 1685 470 Bibliotheca:
1735 420 2029 464 sanctorum
2073 406 2286 458 Patrum

767 521 910 563 tonio
938 506 1276 569 lll,‘Basilea:
1299 506 1589 572 impresso,
1625 518 1691 554 an
1723 501 1808 553 hic
1833 497 1978 550 Nilus
2004 495 2290 562 episcopus

765 593 1048 661 .Egyptius
1078 590 1258 653 fuerit,
1295 591 1454 656 cujus
1480 587 1722 641 meminit
1753 583 2015 636 Eusebius
2048 579 2140 630 lib.
2172 591 2288 637 VIII,

769 694 892 747 cap.
921 680 1007 733 ιι.
1041 678 1107 731 Et
1169 694 1289 733 esse
1337 679 1482 730 illum
1535 673 1836 743 Egyptium
1880 677 2022 739 patet
2064 683 2127 721 ex
2178 667 2293 733 ipsa

771 769 1161 836 inscriptione:
1194 767 1384 819 Νείλου
1420 765 1728 832 ἑπιᾳκόπου,
1763 761 1856 813 καὶ
1899 759 2167 829 μάρτυρος
2205 771 2295 806 κε-

775 856 1045 924 φάλαια,ἧ
1077 857 1433 924 παραινέσεις·
1471 851 1582 904 Nili
1607 851 1830 917 episcopi
1857 856 1906 902 et
1935 847 2183 915 martyris
2215 859 2296 895 ca-

775 947 919 1012 pita,
950 945 1052 995 sive
1091 942 1414 994 Parwneses.
1456 938 1606 992 Licet
1640 937 1972 1004 Margarinus
2028 931 2095 986 de
2125 932 2174 982 la
2208 929 2296 982 Bi-

738 1075 746 1082 .
774 1048 876 1100 gne
921 1031 1097 1083 Nilum
1153 1029 1462 1097 episcopum
1527 1024 1818 1086 abraserit,
1864 1022 2042 1075 Nilum
2106 1032 2297 1072 mona-

775 1118 998 1172 chorum
1054 1123 1257 1183 patrem
1304 1110 1644 1180 inscripserit
1668 1147 1683 1171 ,
1719 1123 1878 1176 quem
1914 1105 2298 1159 sententiarum

775 1207 966 1260 harum
997 1213 1270 1257 auctorem
1297 1201 1447 1263 facit,
1474 1199 1588 1253 solo
1613 1196 1896 1264 Nicephori
1924 1194 2127 1248 Callisti
2150 1194 2300 1245 testi-

776 1291 960 1344 monio
986 1289 1176 1343 fultus.
1213 1289 1316 1340 hoc
1349 1287 1429 1341 vel
1460 1285 1575 1338 solo
1607 1289 1938 1350 argumento.
1972 1280 2169 1332 Scribit
2208 1277 2301 1330 Ni-

778 1379 1068 1446 cephorus,
1125 1374 1308 1426 Nilum
1336 1371 1642 1424 monac/mm
1680 1368 1866 1432 Capita
1896 1365 2178 1433 collegisse,
2204 1364 2304 1415 ali-

780 1483 882 1534 qua
944 1465 1144 1532 quidem
1203 1462 1393 1530 fusius,
1453 1459 1617 1511 multa
1672 1465 1843 1508 autem
1901 1453 2304 1521 compendiosius

781 1561 1025 1604 tractata.
1083 1551 1222 1618 Ergo
1263 1548 1355 1616 qui
1403 1547 1516 1599 haec
1562 1543 1749 1611 Capita
1788 1541 2022 1607 scripsit,
2073 1537 2308 1591 nonfuit

783 1641 932 1693 Nilus
964 1638 1246 1707 Egyptius
1272 1636 1580 1704 episcopus.
1608 1633 1718 1685 Non
1746 1638 1923 1684 tamen
1947 1629 2070 1682 inde
2099 1626 2308 1695 pcrvin-
2352 1642 2361 1650 ·

782 1730 876 1796 cit,
909 1728 1096 1794 Capita
1155 1727 1268 1778 haec
1325 1739 1432 1778 non
1483 1738 1604 1777 esse
1651 1721 1891 1791 episcopi
1939 1727 1992 1772 et
2037 1714 2306 1783 martyris.

745 1829 750 1833 ·
784 1814 926 1868 Fieri
960 1814 1102 1867 enim
1135 1819 1309 1881 potest
1363 1818 1421 1863 ut
1452 1818 1677 1877 uterque
1717 1809 1904 1876 Capita
1951 1801 2308 1861 concionarit,

783 1918 954 1971 eaque
983 1902 1225 1963 diverse;
1262 1899 1401 1966 quod
1438 1902 1490 1949 et
1529 1897 1650 1948 aliis
1681 1897 1808 1947 viris
1854 1889 2233 1950 sanctissimis.
2258 1894 2314 1939 et

784 1991 985 2046 Graecis
1014 1988 1368 2057 scriptoribus
1397 1984 1498 2038 fuit
1530 1984 1791 2038 solemne.
1827 1983 1889 2035 Et
1912 1979 2176 2034 Antonius
2202 1989 2314 2028 mo-

788 2081 990 2132 nachus
1021 2079 1076 2129 in
1097 2077 1306 2128 Melissa
1327 2076 1507 2142 plures
1527 2087 1593 2124 ex
1614 2071 1735 2123 Nilo
1755 2073 1957 2138 absque
1983 2067 2088 2120 alio
2120 2079 2315 2133 cogno-

789 2170 928 2220 mine
956 2166 1268 2224 sententias,
1287 2162 1420 2213 alias
1449 2175 1514 2213 ex
1539 2157 1658 2210 Nilo
1689 2150 1939 2224 episeopo
1971 2153 2165 2219 signat.
2180 2148 2317 2214 Ergo

788 2240 953 2307 erunt
980 2253 1097 2307 ista:
1125 2249 1232 2302 Nili
1264 2248 1499 2316 episcopi
1537 2252 1589 2298 et
1627 2241 1897 2312 martyris,
1932 2253 2040 2293 non
2061 2234 2314 2290 alterius:

790 2339 1215 2409 quandoquidem
1280 2334 1386 2388 Nili
1455 2331 1688 2400 episcopi
1730 2328 2005 2400 sententiae
2067 2324 2321 2377 ordinatae

791 2435 1103 2489 cernuntur,
1123 2432 1181 2478 ut
1212 2424 1267 2476 in
1283 2421 1587 2476 earumdem
1616 2415 2015 2486 paraphrastica
2036 2413 2232 2466 Catena
2256 2412 2321 2463 ab

792 2515 974 2568 eodem
997 2511 1160 2562 Paulo
1178 2510 1383 2577 digesta
1409 2505 1725 2560 ostenditur.
1743 2501 1896 2566 Quod
1918 2507 2093 2552 autem
2124 2497 2324 2564 absque

794 2602 949 2654 titulo
965 2597 1364 2651 Nilo‘attributa:
1381 2603 1526 2658 sunt,
1546 2593 1598 2644 id
1619 2604 1802 2646 errore
1823 2597 2101 2643 auctorum
2125 2584 2322 2637 factum

794 2703 932 2749 esse,
959 2686 1050 2754 qui
1078 2683 1180 2736 Nili
1205 2697 1310 2735 non
1336 2681 1571 2750 episcopi
1592 2693 1683 2733 eas
1707 2693 1825 2732 esse
1849 2674 2205 2728 crediderunt.
2238 2670 2327 2724 Sic

795 2791 922 2844 ergo
954 2785 1004 2827 et
1027 2774 1182 2829 titulo
1205 2771 1439 2840 episc0pi
1469 2779 1521 2823 et
1541 2767 1787 2835 martyris
1837 2780 1898 2818 ex
1925 2764 2107 2816 Graeca
2138 2761 2330 2814 inscri-

797 2861 1183 2930 ptione,Nilum
1222 2860 1470 2926 Capitum
1494 2856 1805 2922 scriptorem
1830 2865 1948 2906 esse
1973 2849 2330 2908 Nilum,eum-

795 2966 905 3019 que
926 2950 1236 3016 episcopum
1285 2951 1678 3011 etmartyrem.
1711 2940 1898 3007 Neque
1929 2936 2218 2989 dicendum
2247 2941 2332 2988 est

801 3036 1204 3102 inscriptionem
1235 3045 1354 3085 esse
1391 3031 1674 3097 conﬁctam
1699 3036 1845 3079 :tum
1874 3025 2017 3078 enim
2045 3021 2176 3074 nulli
2210 3019 2331 3073 libri

804 3122 958 3176 titulo
997 3109 1323 3174 credendum
1374 3126 1532 3172 esset.
1590 3117 1737 3168 Adde
1775 3115 1983 3166 Sixtum
2022 3109 2332 3170 Senenscm,

806 3213 893 3279 qui
922 3213 1124 3263 nullum
1155 3210 1220 3263 de
1245 3207 1547 3274 huiusmodi
1575 3204 1856 3258 sententiis
1884 3201 2102 3256 verbum
2131 3198 2186 3250 in
2215 3196 2335 3250 Nilo

807 3297 1010 3357 iecerit,
1045 3311 1165 3348 cum
1205 3297 1347 3347 illius
1375 3296 1426 3346 in
1455 3293 1553 3345 Job
1581 3291 2105 3345 Commentariorum
2148 3285 2334 3338 memi-

808 3388 968 3449 nerit;
997 3386 1120 3437 licet
1144 3386 1252 3436 hac
1281 3385 1414 3435 ratio
1430 3397 1534 3460 non
1559 3383 1798 3434 videatur
1832 3381 1968 3431 tanti
1996 3376 2268 3437 momenti,
2290 3375 2336 3427 si

811 3477 931 3542 quis
962 3473 1293 3540 responderit
1331 3472 1539 3523 Sixtum
1577 3471 1864 3523 Senensem
1923 3481 2028 3519 non
2077 3479 2193 3517 eam
2228 3462 2330 3516 sibi

813 3563 1107 3627 sumpsisse
1144 3559 1470 3631 provinciam
1513 3543 1689 3610 omnia
1721 3556 1920 3623 scripta
1949 3552 2054 3605 Nili
2100 3563 2335 3604 comme-

815 3651 1076 3710 tnorandi,
1096 3648 1189 3701 sed
1209 3662 1269 3700 ea
1294 3646 1679 3704 tantummodo.
1706 3660 1822 3712 qum
1847 3657 2119 3698 sacrorum
2150 3640 2336 3691 Libro-

816 3754 933 3790 rum
965 3736 1376 3803 explicationcm
1403 3735 1757 3786 continerent.
1791 3721 1989 3783 Petrus.
2017 3732 2178 3781 etiam
2210 3725 2337 3777 Ric-

817 3824 1064 3875 cordatus
1093 3824 1144 3873 in
1176 3836 1270 3872 sua
1303 3820 1538 3872 Historia
1564 3819 1872 3870 scholastica
1919 3818 1984 3869 de
2010 3815 2132 3866 Nilo
2159 3822 2336 3867 ascela

819 3920 870 3962 et
887 3913 1002 3977 ejus
1032 3910 1251 3976 scriptis
1271 3922 1572 3962 sermonem
1602 3907 1824 3966 habens,
1850 3905 1918 3957 de
1951 3905 2068 3956 istis
2094 3902 2338 3954 Paraane-

820 4000 968 4051 sibus
989 4013 1053 4050 ne
1077 3999 1298 4050 verbum
1324 3996 1558 4063 quidem.
1581 3992 1815 4045 Tandem
1839 3993 1914 4044 uti
1957 3988 2336 4042 validissimam

821 4085 1079 4136 rationem
1111 4098 1179 4134 ex
1207 4083 1352 4132 Mutii
1376 4080 1811 4148 Justinopolitani
1841 4077 2075 4145 episcopi
2107 4076 2340 4128 Historia

822 4170 1186 4222 testimonium
1217 4167 1449 4228 adducit,
1475 4171 1563 4231 qui
1589 4167 1760 4217 Nilum
1786 4168 2098 4232 episcopum
2127 4173 2180 4216 et
2205 4178 2339 4216 mar-

825 4267 991 4325 tyrem
1021 4256 1204 4306 barum
1234 4253 1579 4306 Parmneseon
1611 4251 1735 4302 facit
1777 4258 2068 4311 auctorem,
2093 4265 2213 4301 cum
2241 4252 2340 4302 sub

828 4343 1167 4396 nomineNili
1202 4343 1273 4392 uti
1305 4342 1526 4408 legitimi
1571 4339 1807 4390 auctoris
1853 4336 2139 4388 nonnullas
2180 4337 2342 4402 parti-

827 4433 972 4485 culas
998 4446 1060 4484 ex
1088 4431 1188 4482 hoc
1210 4443 1369 4496 opere
1395 4429 1736 4493 depromptas
1761 4424 1965 4475 recitat.
1999 4421 2130 4476 Hinc
2147 4410 2343 4489 Paulus

826 4534 992 4573 ovans
1015 4517 1257 4572 ascendit
1290 4517 1339 4568 in
1369 4515 1692 4582 Capitolium
1718 4531 1730 4565 :
1767 4511 1894 4575 Quis
1925 4519 2095 4562 autem
2127 4510 2340 4562 alterius

829 4607 964 4674 Nili,
1002 4624 1103 4660 non
1160 4616 1330 4659 autem
1378 4605 1599 4670 episcopi
1646 4611 1692 4654 et
1745 4602 1989 4667 martyris
2036 4599 2340 4667 alﬁrmubit,

827 4715 942 4750 cum
967 4697 1312 4750 testimonium
1346 4695 1440 4746 hoc
1484 4695 1553 4746 sit
1589 4690 2114 4760 prastantissimum?
2142 4699 2230 4741 aut
2259 4688 2342 4738 di-

829 4803 908 4838 ces
929 4785 1147 4837 Mutium
1185 4784 1473 4837 inconsulto
1506 4783 1808 4850 scripsisse?
1836 4790 1924 4834 aut
1957 4777 2081 4831 Nilo
2109 4768 2363 4843 episcopo

831 4871 1142 4932 attribuisse,
1171 4869 1297 4920 Nilo
1313 4879 1483 4921 autem
1506 4883 1607 4920 non
1635 4872 1869 4936 episcopo
1895 4865 2196 4919 abstulisse?
2225 4863 2344 4914 Nisi

830 4961 962 5011 enim
1001 4957 1092 5009 sub
1156 4957 1270 5008 Nili
1318 4958 1540 5024 episcopi
1569 4966 1616 5010 et
1658 4957 1902 5024 martyris
1941 4955 2088 5006 titulo
2119 4954 2341 5020 legisset,
2371 4974 2393 4982 ο

832 5048 1002 5116 utique
1041 5061 1140 5097 non
1174 5045 1451 5111 aﬁirmaret
1482 5061 1592 5098 esse
1632 5046 1745 5097 Nili
1773 5045 2015 5112 episcopi.
2047 5042 2181 5104 Quid
2211 5043 2344 5093 enim

831 5134 1020 5185 eratin
1045 5147 1226 5195 causa,
1266 5121 1556 5185 ut'Mutius
1601 5129 1726 5183 Nilo
1759 5134 1989 5198 episcopo
2020 5130 2340 5189 attribueret,

836 5211 958 5272 Nilo
986 5230 1157 5272 autem
1184 5235 1284 5272 non
1303 5220 1533 5287 episcopo
1563 5217 1829 5286 auferret?
1853 5219 1955 5273 Sed
1978 5217 2342 5286 postmodum,

838 5307 1111 5362 remissius
1148 5307 1424 5370 enuntiat,
1465 5307 1626 5373 objici
1663 5320 1840 5374 posse.
1892 5306 2188 5359 sententias
2237 5321 2343 5357 non

834 5404 953 5442 esse
975 5389 1079 5442 Nili
1103 5395 1338 5464 episcopi
1367 5401 1421 5447 et
1445 5393 1720 5461 martyris,
1750 5394 1903 5446 sicuti
1936 5394 2036 5446 sibi
2064 5408 2091 5444 a
2117 5395 2346 5445 nonnul-

835 5474 902 5531 lis
955 5476 1218 5544 obiectum
1257 5481 1443 5550 pluisse
1489 5488 1719 5536 testatur
1752 5498 1764 5534 :
1801 5481 1899 5535 sub
1967 5483 2365 5549 persecutione

2398 398 2571 465 posito
2596 406 2847 463 episcopo
2875 397 3085 457 tempus
3117 399 3222 438 non
3261 380 3499 436 adfuisse
3525 376 3715 434 edendi
3749 375 3868 428 libri
3889 413 3905 428 .

2394 485 2444 537 in
2470 486 2586 551 ejus
2608 483 2741 536 actis
2771 481 2967 534 nullam
2993 478 3182 530 harum
3209 472 3556 526 Parmneseon
3585 465 3906 520 mentionem

2395 574 2609 626 lactant.
2670 569 2974 638 Respondet
3037 562 3348 631 martyrium
3393 566 3445 612 et
3488 554 3908 625 persecutionem

2393 678 2500 715 non
2527 661 2882 728 interpolasse
2929 642 3272 721 scripiionem
3303 649 3558 702 librorum
3584 683 3598 707 ,
3631 640 3910 706 exemplis-

2395 766 2499 819 que
2537 750 2782 818 pluribus
2804 744 3054 798 ostendit.
3079 741 3213 794 ilinc
3235 737 3508 792 concludit
3554 731 3911 800 Margarinum

2396 840 2462 893 de
2495 840 2542 890 Ia
2587 837 2750 904 Bigne
2787 850 2893 888 non
2935 841 3082 886 recte
3129 830 3248 884 Nilo
3293 829 3545 896 episcopo
3593 832 3646 876 et
3692 819 3914 888 martyri

2397 920 2537 990 quod
2563 935 2716 973 suum
2757 929 2870 972 erat
2900 915 3205 976 abstulisse,
3233 914 3351 965 Nilo
3383 926 3506 965 vero
3530 925 3637 962 non
3665 908 3918 975 episcopo

2401 1008 2674 1060 tribuisse.
2711 1003 2861 1069 Quod
2882 1004 2928 1055 si
2957 1001 3188 1054 attulerit
3218 1009 3548 1066 postremum,
3583 1009 3756 1060 nempe
3781 991 3916 1060 quod

2375 1082 2622 1163 .plerique
2648 1095 2742 1145 uiri
2772 1092 2869 1144 hac
2898 1096 3195 1157 tempestate
3220 1086 3510 1139 doctissimi
3542 1093 3708 1136 tenent
3763 1096 3920 1148 oppo-

2402 1184 2576 1244 situm,
2600 1181 2794 1234 scilicet
2809 1179 2938 1245 quod
2961 1193 3061 1230 non
3085 1178 3186 1228 sint
3213 1174 3324 1226 Nili
3346 1174 3568 1241 episcopi
3583 1182 3630 1224 et
3654 1170 3918 1238 martyris,

2404 1271 2489 1323 sed
2527 1270 2740 1321 alterius
2788 1265 2925 1328 Nili,
2963 1264 3326 1329 respondemus
3378 1262 3512 1328 quod
3551 1277 3613 1313 ea:
3645 1259 3752 1310 alia
3775 1266 3924 1324 parte

2406 1356 2596 1408 adsunt
2633 1364 2835 1407 centum
2877 1354 2971 1406 alii
3000 1353 3095 1405 uiri
3125 1350 3545 1417 praestantissimi
3571 1357 3923 1409 autumantes,

2410 1445 2591 1499 Nilum
2629 1446 2918 1512 episcopum
2943 1451 2990 1494 et
3019 1451 3296 1509 martyrem
3324 1441 3508 1490 harum
3552 1435 3955 1492 sententiarum,

2411 1533 2848 1587 Parwneticarum
2880 1539 3160 1582 auctorem.

2478 1624 2579 1676 Sed
2608 1630 2664 1674 ut
2696 1621 2835 1675 unde
2862 1619 3058 1672 Paulus
3093 1619 3265 1688 exegit
3304 1615 3633 1685 Apologiam,
3683 1613 3805 1667 inde
3827 1626 3928 1681 ego

2409 1711 2676 1772 exordiar,
2716 1726 2822 1765 non
2853 1724 2971 1763 esse
3007 1704 3110 1760 Nili
3155 1707 3415 1775 episcopi,
3442 1705 3532 1758 sed
3563 1703 3807 1762 alterius,
3847 1709 3932 1755 te-

2410 1811 2535 1849 nere
2568 1795 2910 1848 doctissimos
2951 1793 3117 1855 viros,
3155 1789 3470 1858 respondet,
3510 1805 3577 1842 ex
3623 1789 3728 1840 alia
3779 1795 3934 1854 parte

2411 1893 2626 1938 centum
2673 1883 2807 1935 alios
2856 1880 3333 1948 praestantissimos
3375 1879 3521 1930 viros
3548 1886 3728 1930 tenere
3753 1875 3933 1929 Nilum

2413 1970 2723 2036 episcopum
2779 1982 2916 2021 esse.
2955 1969 3019 2020 Et
3059 1975 3236 2019 tamen
3290 1951 3396 2019 non
3436 1965 3602 2017 multo
3650 1974 3770 2016 ante
3809 1976 3934 2027 cum

2412 2057 2700 2109 illustrium
2741 2053 3076 2123 Scriptorum
3099 2053 3408 2107 testimonio
3434 2053 3484 2105 id
3523 2053 3686 2104 tutari
3711 2065 3938 2105 conare-

2414 2151 2523 2206 tur,
2560 2157 2664 2195 non
2689 2143 2828 2193 ultra
2865 2149 2972 2193 tres
2999 2141 3270 2209 produxit,
3301 2142 3586 2193 Antonium
3618 2141 3936 2193 monachum

2418 2231 2471 2280 in
2509 2227 2747 2290 Melissa,
2774 2225 2990 2280 Petrum
3026 2226 3426 2291 Riccordatum,
3461 2236 3515 2279 et
3561 2225 3782 2279 Muiium
3841 2225 3940 2278 Ju-

2423 2315 2863 2384 stinopolitanum
2892 2354 2906 2379 ,
2942 2316 3031 2384 qui
3097 2316 3163 2370 de
3221 2317 3530 2383 episcopatu
3591 2314 3694 2368 Nili
3728 2316 3939 2367 harum

2423 2401 2770 2457 Paraeneseon
2823 2401 3102 2471 scriptoris
3148 2417 3216 2454 ne
3250 2403 3470 2454 verbum
3518 2400 3732 2468 quidem
3771 2399 3944 2452 obdu-

2424 2500 2571 2546 cunt.
2603 2492 2668 2544 Et
2692 2492 2803 2560 jam
2861 2491 3143 2557 derepente
3182 2491 3236 2542 in
3275 2492 3604 2543 cantrarium
3640 2489 3947 2558 perducun-

2425 2592 2534 2640 tur.
2567 2583 2670 2637 Sed
2711 2590 2845 2643 esto,
2891 2595 2984 2634 cas
3015 2579 3134 2632 Nilo
3165 2583 3415 2648 episcopo
3445 2579 3833 2633 concesserint.
3860 2577 3948 2632 An

2425 2682 2707 2742 propterea
2739 2670 2860 2722 Nilo
2907 2676 3104 2721 ascetaa
3143 2669 3227 2720 vel
3283 2669 3544 2721 monacho
3576 2667 3950 2736 denegarunt?

2427 2760 2569 2812 Nibil
2627 2760 2826 2812 minus.
2870 2759 3060 2810 Ascela
3105 2757 3206 2809 sub
3247 2758 3367 2810 aliis
3410 2765 3569 2824 atque
3604 2757 3724 2810 aliis
3776 2757 3950 2808 titulis

2431 2849 2679 2909 innotuit,
2734 2847 2928 2912 quibus
2968 2847 3035 2897 ab
3079 2845 3500 2912 exscriptoribus
3552 2847 3752 2913 scripta
3802 2846 3951 2898 illius

2391 2981 2393 2984 ι
2431 2941 2775 2990 cohonestata
2799 2945 2946 3010 sunt.
2999 2933 3132 2984 Hinc
3155 2934 3211 2984 in
3251 2933 3438 2987 multis
3466 2934 3567 2986 sub
3601 2935 3820 2989 nomine
3845 2932 3953 2986 Nili

2434 3024 2647 3092 praeﬁxo
2672 3024 2984 3090 designatur
3021 3021 3202 3074 nullus
3247 3022 3406 3080 alius.
3440 3035 3599 3088 quam
3645 3019 3956 3074 Constanti-

2433 3113 2778 3180 nopolitanus
2829 3112 2948 3171 iste,
3001 3110 3074 3161 uti
3127 3109 3228 3163 hoc
3267 3111 3480 3162 nomine.
3517 3111 3796 3178 insrgnior.
3821 3110 3956 3163 Aliis

2435 3199 2732 3252 monachus
2779 3206 2881 3258 est,
2924 3198 3043 3249 aliis
3085 3206 3284 3256 asceta,
3313 3198 3431 3250 aliis
3466 3198 3654 3258 abbas,
3679 3197 3797 3250 aliis
3839 3199 3958 3265 epi—

2437 3300 2650 3352 scopus,
2677 3284 2797 3337 aliis
2831 3285 3293 3351 archiepiscopus,
3326 3293 3380 3337 et
3407 3284 3553 3352 quod
3587 3285 3959 3337 admirabilius

2435 3381 2537 3434 est,
2576 3373 3222 3440 Constantinopolitanus,
3262 3373 3380 3425 aliis
3435 3382 3652 3443 martyr.
3694 3372 3871 3438 Quare
3911 3376 3958 3426 si

2437 3475 2502 3513 ex
2536 3459 2946 3527 inscriptionum
2975 3463 3148 3512 titulis
3191 3460 3271 3513 las
3303 3469 3382 3512 est
3414 3463 3569 3515 nobis
3599 3462 3772 3515 varios
3822 3477 3960 3529 quo-

2439 3564 2542 3616 quc
2586 3557 2833 3601 auctores
2882 3546 3100 3617 lingére,
3143 3561 3272 3618 quot
3298 3551 3451 3604 nobis
3486 3551 3589 3602 Nili
3637 3551 3958 3618 assurgentl

2440 3639 2532 3692 Vel
2572 3639 2624 3690 in
2677 3646 2808 3705 quot
2854 3638 2998 3693 Nilos
3050 3655 3190 3694 unus
3234 3649 3416 3693 noster
3462 3639 3613 3693 Nilus
3649 3641 3842 3695 misere
3869 3641 3961 3693 di-

2442 3735 2684 3793 scerptus
2732 3729 3132 3794 congemiscct!
3177 3727 3248 3778 Ex
3299 3729 3464 3780 variis
3495 3728 3703 3790 ciliciis,
3731 3728 3964 3796 dignita-

2443 3815 2606 3878 tibus,
2649 3806 3100 3882 professionibus,
3145 3816 3312 3876 curis,
3366 3817 3601 3868 sortibus
3631 3817 3794 3867 varize
3821 3830 3966 3883 quo-

2441 3920 2544 3972 que
2570 3919 2810 3972 persona:
2841 3906 2931 3957 uni
2959 3906 3239 3972 eidemque
3276 3905 3475 3957 homini
3509 3907 3874 3974 imponuntur,
3906 3913 3966 3955 et

2442 3993 2604 4046 variis
2651 3993 2890 4047 inductis
2943 3994 3269 4056 rationibus,
3302 3996 3449 4047 varie
3481 4009 3694 4062 quoque
3734 3995 3966 4061 perscri-

2443 4080 2641 4132 buntur
2679 4081 2730 4132 in
2761 4080 3146 4143 monumentis,
3172 4095 3346 4148 neque
3376 4091 3652 4149 propterea
3679 4097 3706 4134 a
3739 4097 3797 4136 se
3831 4083 3967 4148 ipsis

2441 4165 2664 4230 distant,
2694 4171 2774 4221 vel
2804 4169 3082 4221 minimum
3115 4177 3405 4222 mutantur.
3431 4168 3491 4222 E'.
3516 4169 3688 4222 Nilum
3717 4177 3965 4223 nostrum

2443 4253 2610 4306 fuisse
2663 4263 2899 4307 ascetam
2954 4269 3043 4307 res
3089 4255 3205 4321 ipsa
3249 4257 3442 4318 docet;
3473 4257 3803 4309 sacerdotem
3837 4270 3966 4308 cum

2444 4334 2716 4386 Theodulo
2747 4334 2876 4397 tilio,
2926 4335 2978 4384 in
3009 4335 3110 4386 hoc
3143 4336 3211 4387 de
3258 4337 3392 4389 Nilis
3441 4341 3722 4393 tractatulo
3772 4341 3972 4406 proba-

2444 4438 2602 4487 mus;
2646 4431 2699 4476 et
2734 4430 3020 4490 martyrem
3067 4438 3298 4491 quoque.
3341 4433 3394 4478 et
3434 4427 3743 4494 episcopum
3774 4427 3967 4481 fuisse.

2445 4522 2496 4565 et
2540 4516 2582 4564 si
2617 4512 2696 4563 vis
2737 4510 2896 4562 etiam
2925 4511 3408 4579 archiepisc0pum,
3459 4514 3586 4580 quid
3635 4515 3817 4567 vetat?
3861 4515 3971 4569 Sed

2447 4601 2548 4674 hoc
2588 4614 2694 4651 non
2729 4607 2810 4650 est
2843 4599 3059 4667 scriptis
3084 4600 3334 4653 relatum.
3368 4600 3503 4664 Quid
3533 4609 3641 4654 tum
3665 4603 3699 4658 ?,
3720 4602 3846 4666 Quae
3879 4604 3974 4655 lit-

2450 4689 2576 4741 teris
2611 4686 2880 4738 —mandata
2923 4702 3027 4739 non
3084 4697 3228 4753 sunt,
3274 4700 3324 4741 et
3373 4697 3549 4741 tamen
3592 4691 3881 4754 credimus,
3913 4702 3974 4746 et

2447 4777 2564 4830 sine
2615 4775 2722 4827 ullo
2773 4774 2939 4827 dubio
2987 4787 3230 4830 tenemus
3255 4779 3328 4828 ita
3356 4776 3562 4831 fuisse?
3587 4777 3651 4829 Et
3686 4778 3819 4832 forte
3852 4780 3974 4833 haec

2449 4865 2627 4916 omnia
2674 4865 2726 4916 in
2762 4862 2881 4916 Nilo
2921 4875 3106 4919 nostro
3154 4868 3538 4934 reperiremus,
3579 4869 3621 4921 si
3664 4857 3750 4923 res
3789 4880 3974 4938 gestas

2447 4953 2590 5006 illius
2614 4961 2823 5021 tempus
2853 4952 2987 5006 edax
3020 4955 3175 5007 nobis
3207 4957 3444 5023 reliquas
3480 4956 3712 5011 fecisset.
3744 4958 3806 5009 Et
3833 4958 3975 5012 forte

2446 5044 2604 5098 etiam
2640 5042 2730 5111 qui
2781 5043 2946 5108 futuri
2998 5052 3124 5096 sunt
3157 5045 3495 5105 obtinebunt.
3543 5062 3662 5099 cum
3693 5048 3974 5101 videamus

2447 5134 2502 5186 in
2530 5134 2644 5186 dies
2669 5124 2908 5200 singulos
2941 5132 3136 5185 similia
3162 5149 3191 5186 e
3212 5135 3430 5188 latebris
3457 5127 3707 5190 inlucem
3742 5137 3971 5202 suscipi,

2447 5231 2497 5276 et
2521 5224 2745 5291 publica:
2779 5223 3140 5276 commoditati
3172 5224 3662 5292 procrescere.Non
3697 5241 3757 5278 ex
3777 5225 3973 5278 alienis

2449 5312 2719 5364 advocabo
2762 5322 3089 5378 argumenta.
3132 5311 3206 5364 Ex
3244 5312 3361 5365 Vita
3399 5312 3455 5368 S.
3496 5313 3596 5365 Nili
3635 5314 3870 5380 episcopi
3915 5322 3971 5365 et

2449 5402 2737 5470 martyris,
2777 5417 2936 5468 quam
2982 5417 3044 5454 ex
3082 5400 3305 5456 Joannis
3347 5402 3765 5456 Christolorsoni
3797 5401 3971 5460 inter-

2448 5490 2746 5556 pretatione
2791 5490 3005 5554 recitas,
3038 5491 3104 5546 de
3134 5493 3349 5560 scriptis
3385 5491 3512 5544 dicti
3553 5490 3742 5551 sancti,
3792 5488 3973 5544 minus
