4134 6328
263 261 324 322 tt
1442 265 1746 353 norma
1793 264 1819 321 I

1914 264 1974 322 δ.
2011 229 2274 321 NILUit.
2732 344 2738 350 ι
3372 242 3441 303 42

265 389 426 443 quam
460 373 594 426 nihil
625 381 730 431 est,
766 379 819 423 et
857 378 1037 425 tamen
1077 385 1168 426 tua
1214 374 1465 442 largitate
1498 382 1694 425 auctor
1726 381 1809 425 est

267 463 646 516 Psraeueseon.
693 459 846 514 Unde
880 461 931 513 id
971 463 1270 530 expiscaris
1312 479 1434 516 Cum
1491 453 1610 514 illas
1663 462 1803 516 scri-

268 550 479 618 psisse!
520 547 702 600 Potuit
752 547 1013 601 scribere.
1075 531 1354 616 Scripsere
1409 549 1497 601 alii
1567 547 1808 616 ejusdem

265 640 441 692 atatis
477 647 531 691 et
571 621 853 705 dignitatis
895 639 1018 690 viri.
1049 637 1301 692 Concedo
1345 656 1444 692 nec
1490 640 1712 692 invitus.
1743 641 1810 689 At

266 724 577 789 scripsisse.
627 723 729 774 nisi
776 723 997 775 meliora
1041 724 1242 777 indicia
1287 725 1650 793 proferantur,
1700 740 1808 778 non

265 811 463 864 dicam.
490 811 557 862 Et
583 812 743 863 etiam
786 812 829 862 si
871 810 1025 865 Nilus
1053 814 1339 882 episcopus
1377 815 1659 895 scripserit
1694 831 1709 867 :
1743 829 1810 867 an

266 902 558 967 episcopus
585 910 639 953 et
666 908 870 968 martyr
895 901 979 954 hic
1003 909 1130 956 tuus
1153 903 1240 957 ille
1265 904 1404 957 idem
1430 905 1552 957 est?
1574 904 1724 957 Nilcs
1747 918 1813 957 eo

266 995 516 1053 tempore
556 989 737 1055 plures
784 989 972 1050 fuisse,
1017 998 1072 1042 ct
1120 991 1258 1043 inter
1305 1007 1398 1045 eos
1445 994 1728 1060 episcopos
1759 1001 1813 1046 et

269 1087 558 1146 martyres,
596 1086 652 1129 et
680 1076 968 1144 scripsisse
988 1079 1149 1130 etiam
1176 1080 1240 1132 ad
1270 1083 1636 1147 posteritatem
1661 1097 1811 1133 eom-

269 1167 589 1228 mentarios,
637 1181 795 1219 nemo
863 1168 1105 1235 prudens
1153 1171 1448 1238 negaverit.
1496 1173 1686 1222 Annon
1729 1170 1811 1222 in-

269 1256 418 1309 sulse
474 1258 616 1329 quis“
661 1258 1010 1311 concluderet
1063 1260 1155 1329 (sit
1215 1275 1313 1327 pro
1361 1262 1605 1328 exemplo
1658 1261 1810 1316 Nilus

227 1394 232 1398 ,
267 1343 558 1399 Patrarum
600 1348 894 1415 episcOpus
922 1358 974 1401 et
1013 1350 1258 1419 martyr).
1289 1349 1424 1405 lluic
1458 1352 1615 1418 Operi
1643 1353 1813 1420 praeli-

268 1438 409 1505 gitut
440 1438 631 1490 titulus
665 1458 678 1491 :
712 1438 1015 1492 Paratueses
1051 1439 1165 1492 Nili
1190 1443 1415 1508 episcopi
1455 1451 1503 1495 et
1545 1444 1810 1511 martyris.

271 1525 416 1596 Ergo
461 1526 615 1580 Nilus
659 1528 746 1582 hic
776 1530 959 1583 nullus
995 1530 1132 1583 alios
1171 1541 1274 1594 est,
1326 1548 1485 1598 quam
1527 1534 1811 1585 Patrarum

270 1619 582 1682 episcopus.
616 1616 753 1667 Nam
778 1617 823 1668 si
848 1615 963 1668 Nili
989 1627 1177 1670 asceta:
1209 1627 1396 1682 essent,
1424 1635 1524 1671 non
1563 1628 1694 1671 esset
1721 1619 1812 1670 ad-

269 1704 425 1766 ditio,
448 1705 803 1769 expressioque
822 1705 1144 1769 episcopatus
1182 1715 1232 1757 et
1257 1709 1522 1775 martyrii.
1549 1706 1607 1759 Si
1635 1705 1816 1758 (ἔνατα

269 1791 632 1859 interpretatio
671 1791 865 1859 absque
906 1792 1058 1845 titulo
1109 1802 1158 1845 et
1189 1795 1819 1861 agneminationelegere-

272 1882 384 1933 tur,
422 1872 537 1925 Nili
566 1873 740 1941 utique
770 1889 871 1925 non
909 1874 1132 1941 episcopi
1173 1884 1341 1926 essent
1369 1876 1651 1940 sententiis.
1694 1873 1744 1926 Ν
1752 1892 1818 1928 οη

270 1964 413 2016 enim
438 1973 513 2015 est
546 1962 891 2030 iutelligibile,
929 1975 983 2014 ut
1019 1962 1130 2014 Nili
1166 1978 1267 2016 non
1309 1965 1536 2030 episcopi
1597 1964 1810 2030 fuerint,

275 2041 472 2118 Ecquis
526 2050 651 2102 Nilo
675 2055 909 2117 episcopo
931 2062 976 2102 et
1004 2051 1224 2120 martyri
1244 2054 1534 2106 attribuat?
1555 2051 1618 2103 Et
1639 2061 1814 2105 tamen

273 2143 480 2194 similia
507 2141 559 2192 in
586 2141 689 2194 hoc
710 2141 896 2193 eodem
922 2139 1044 2193 Nilo
1061 2149 1240 2194 asceta
1267 2151 1390 2194 ante
1414 2144 1599 2195 oculos
1622 2143 1813 2195 obver-

274 2240 491 2284 santur.
534 2230 590 2283 In
639 2231 914 2283 nonnullis
946 2230 1186 2297 ejusdem
1233 2233 1552 2285 tractatibus
1595 2232 1819 2300 praeﬁgi-

276 2334 392 2385 tur,
443 2320 558 2373 Nili
597 2321 966 2387 archiepiscopi
1015 2320 1596 2386 Cettstantinopolitani.
1635 2321 1816 2390 Repu-

273 2411 512 2464 diandus
545 2413 727 2479 itaque
764 2421 845 2464 est
889 2410 1038 2463 t‘iilus
1085 2422 1283 2474 asceta,
1330 2409 1580 2466 etiNilus
1637 2412 1816 2465 archi-

273 2503 567 2570 episcopus
615 2498 1242 2568 Coustautitwp.ditantis
1291 2503 1714 2570 investigandos.
1759 2500 1816 2553 ln

275 2587 574 2646 nonnullis,
594 2587 700 2638 Nili
724 2588 957 2650 abbatis;
981 2590 1299 2654 rrjicicndus
1321 2592 1500 2657 itaque
1518 2600 1598 2644 est
1617 2601 1814 2652 asceta,

273 2686 335 2733 et
356 2678 506 2731 Nilus
535 2677 700 2729 abbas
732 2677 1167 2744 perscrtttandus.
1204 2679 1305 2730 Sed
1339 2678 1488 2729 Niitts
1511 2689 1686 2729 ast-cla
1710 2692 1814 2728 non

275 2772 383 2824 fuit
440 2758 612 2836 nﬁfne
662 2768 984 2833 episropus,
1047 2781 1219 2834 neque
1275 2776 1496 2834 martyr.
1559 2765 1713 2820 Unde
1763 2763 1812 2816 id

273 2859 481 2914 habes?
531 2859 638 2911 Nec
669 2859 830 2910 etiam
865 2859 965 2911 sub
998 2859 1214 2910 nomine
1262 2857 1555 2910 sacerdotis
1606 2857 1815 2907 innote-

274 2949 403 3006 scit.
431 2957 484 2999 et
503 2958 676 2999 tamen
707 2947 1008 3000 sacerdotio
1038 2947 1316 3015 prteditum
1342 2947 1508 2999 fuisse
1535 2962 1595 2998 ex
1628 2946 1812 2997 eodem

277 3039 548 3108 pertlisco.
581 3037 680 3091 Sed
710 3037 892 3091 Sixtus
929 3035 1168 3090 Senensis
1198 3037 1396 3089 nullam
1427 3039 1488 3086 tle
1515 3033 1814 3102 hujusmcdi

190 3169 200 3184 .
277 3131 544 3184 sententiis
583 3127 890 3180 mentionem
934 3127 1073 3193 fecit.
1125 3128 1270 3187 Esto,
1318 3140 1503 3179 verum
1548 3136 1649 3185 ρει,
1699 3139 1816 3174 cum

277 3234 372 3270 nec
409 3218 471 3268 de
498 3217 619 3268 aliis
653 3216 962 3268 tractatibus
1003 3216 1202 3282 fecerit,
1253 3216 1342 3268 sed
1391 3215 1454 3264 de
1489 3215 1552 3265 iis
1588 3223 1813 3272 tantum,

277 3322 397 3372 qua:
434 3306 488 3357 itt
525 3322 792 3357 sacrorum
831 3304 1098 3356 Librorum
1140 3306 1482 3370 explicatione
1525 3312 1814 3354 versantur.

277 3392 460 3457 Quare
494 3395 672 3460 itaque
823 3392 994 3459 ipsius
1031 3392 1083 3442 in
1116 3391 1334 3443 Cantica
1366 3392 1723 3446 canticorum,
1765 3387 1814 3436 in

279 3482 631 3547 Evangeliunt
675 3481 851 3543 Larte,
888 3484 938 3532 itt
983 3480 1244 3540 Psalmos,
1275 3490 1325 3532 et
1371 3482 1420 3529 iu
1467 3480 1599 3530 alios
1648 3491 1816 3529 saera:

279 3569 578 3638 Scriptura:
615 3571 778 3621 libros
811 3571 1198 3636 explicationes
1224 3584 1325 3620 non
1355 3566 1815 3625 commemoravit,

278 3673 418 3724 quas
443 3659 505 3708 ad
534 3659 643 3710 lucc
667 3668 908 3725 tempora
935 3658 1285 3724 manttseripti
1311 3657 1525 3709 codices
1556 3654 1819 3708 retinent?

275 3747 400 3800 Non
431 3749 537 3800 diei
566 3756 739 3816 potest
796 3748 899 3800 Nili
944 3749 994 3800 in
1033 3747 1133 3800 Job
1172 3747 1568 3801 Commentaria
1613 3746 1818 3814 prolixa

278 3837 473 3896 fuisse.
509 3839 561 3890 in
593 3839 710 3890 aliis
743 3839 864 3889 hinc
894 3839 1015 3889 inde
1048 3853 1108 3889 ex
1144 3839 1316 3904 ipsius
1351 3837 1608 3904 operibus
1651 3835 1819 3886 recol-

277 3926 455 3979 lectas
481 3927 845 3994 expositiones
893 3943 904 3978 :
942 3941 1062 3976 cum
1108 3927 1158 3976 in
1196 3925 1298 3977 Joh
1341 3927 1526 3977 eodem
1563 3924 1720 3974 modo
1763 3938 1820 3974 se

276 4015 497 4075 habeat,
531 4024 583 4066 et
628 4017 679 4066 iu
713 4015 995 4067 Canticum
1037 4017 1372 4068 canticorum
1425 4015 1495 4067 sit
1541 4027 1820 4065 commen-

276 4103 456 4155 tarius
481 4103 704 4169 integer.

353 4190 456 4244 Nili
492 4195 735 4244 monachi
760 4196 996 4246 errtnitze
1041 4195 1348 4258 Historiam,
1385 4197 1496 4248 sive
1539 4195 1821 4246 Narratio-

274 4296 393 4340 nes.
440 4282 624 4350 quibus
677 4282 838 4332 ctu/es
894 4283 1262 4333 monachorum
1318 4285 1506 4335 montis
1556 4283 1716 4346 Since,
1772 4294 1820 4336 et

273 4373 556 4439 captivitas
601 4371 842 4423 Theoduli
893 4369 1003 4437 ejus
1054 4372 1154 4438 ﬁlii
1199 4372 1508 4424 describitur
1539 4391 1552 4425 :
1589 4372 1678 4434 Ei;
1726 4373 1821 4442 τὴν

273 4462 554 4532 ἀναίρεσιν
591 4461 696 4513 τῶν
739 4462 796 4513 ἐν
850 4461 926 4530 τῷ
982 4462 1093 4529 ὄρει
1132 4463 1258 4530 Σινᾷ
1291 4461 1569 4529 Μοναχῶν,
1613 4466 1704 4512 καὶ
1744 4465 1820 4521 εἰς

268 4555 380 4622 τὴν
461 4553 827 4620 αἰχμαλωσίαν
897 4552 988 4602 τοῦ
1063 4552 1176 4601 υἱοῦ
1245 4550 1404 4601 αὑτοῦ
1486 4548 1768 4601 Θεοδούλου
1804 4590 1818 4610 ,

271 4652 578 4695 extractam
630 4656 694 4693 ex
740 4640 926 4692 Codice
959 4640 1024 4690 74
1073 4655 1172 4691 ms.
1225 4637 1404 4690 Caroli
1458 4638 1523 4690 de
1575 4639 1820 4690 Monchal

272 4731 678 4799 archiepisc0pi
705 4729 980 4790 Tolosani,
1014 4737 1066 4781 et
1104 4729 1277 4782 eidem
1310 4740 1671 4794 nuncupatam
1699 4746 1818 4781 cum

272 4835 422 4871 nova
457 4836 552 4873 sua
581 4820 1022 4888 interpretatione
1055 4829 1107 4871 et
1142 4819 1304 4877 notis.
1341 4819 1443 4870 sub
1472 4818 1630 4869 titulo
1668 4838 1679 4872 :
1708 4819 1824 4872 Nili

269 4923 434 4974 opera
478 4909 714 4974 qutctlam
763 4907 988 4959 nondum
1045 4907 1204 4968 edita,
1258 4907 1480 4959 Parisiis
1529 4907 1821 4973 publicavit

268 4998 629 5052 doctissimus
689 5000 878 5051 Petrus
937 4998 1193 5051 Pessinus
1251 4998 1388 5065 apud
1444 4999 1821 5051 Sebastianum

267 5087 554 5156 Cremoysi
586 5090 974 5156 typographum
999 5090 1223 5157 regium,
1260 5089 1396 5157 iit-4.
1432 5088 1652 5140 Addidit
1681 5091 1824 5156 ejus-

267 5181 400 5233 dem
430 5177 532 5230 Nili
590 5178 952 5232 laudationem
984 5179 1042 5231 in
1084 5181 1371 5231 Albianum
1412 5179 1595 5232 Grzece
1631 5189 1682 5232 et
1723 5181 1822 5233 La-

271 5276 412 5325 tine.
437 5271 512 5323 De
547 5269 648 5321 hac
672 5271 891 5322 historia
922 5273 1274 5340 Menologium
1306 5271 1614 5324 Grazcorum
1642 5273 1704 5322 12
1729 5273 1824 5325 No-

270 5362 552 5416 vembris:
584 5359 692 5410 Kal
728 5362 850 5411 ἐπεὶ
881 5366 907 5413 ὁ
933 5362 1194 5431 μακάριος
1232 5362 1415 5423 Νεῖλος
1444 5363 1500 5413 τὸ
1539 5364 1660 5430 ὄρος
1687 5365 1821 5431 μετὰ

265 5450 366 5504 τοῦ
397 5450 514 5503 υἱοῦ
564 5449 899 5515 κατειληφὼς
933 5453 1092 5517 συνῆν
1120 5454 1229 5513 τοῖς
1277 5450 1568 5520 Πατράσιν,
1613 5453 1816 5522 βάρϐα-

265 5541 354 5610 ροί
395 5556 539 5601 τινες
599 5538 852 5605 ἐξαίφνης
886 5540 1218 5600 ἐπελθόντες,
1245 5541 1318 5602 ὡς
1357 5541 1518 5609 θῆρες
1567 5542 1656 5592 τὸν
1708 5545 1818 5594 υἱὸν

596 5629 859 5689 Parnm“
900 5631 1012 5690 Gn.
1059 5631 1307 5694 ιιΧΧΙΧι

1909 369 2188 422 Θεόδουλον
2229 370 2322 421 σὺν
2358 367 2532 428 ἄλλοις
2569 344 2835 424 πλεὶσέτοις
2863 358 3196 430 αἰχμάλωτον
3224 355 3436 410 ἔλαϐον·

1907 455 1964 506 ὃν
1999 455 2072 516 ὡς
2122 455 2461 523 αἰχμάλωτον
2511 451 2694 520 θρηνεῖ
2736 449 2914 523 ¹πλέειν
2952 444 3045 499 τοῦ
3091 443 3433 515 καθήκοντος,

1909 542 2086 604 καθὼς
2114 546 2170 595 ἐν
2204 543 2279 612 τῷ
2320 545 2448 611 παρ’
2487 541 2648 593 αὑτοῦ
2697 519 2998 591 σῦντεθέντι
3064 533 3443 604 συγγράμματι

1909 633 2218 701 ἐμφέρεται*
2266 630 2401 682 Hinc
2451 647 2563 682 cum
2595 631 2771 680 beatus
2805 625 2964 678 Nilus
3003 633 3252 690 occupato
3280 633 3447 675 monte

1910 739 2021 774 cum
2046 723 2158 787 filio
2180 734 2478 773 sanctorum
2517 720 2733 770 Patrum
2756 715 3130 770 consuetudine
3169 714 3446 781 frueretur,

1909 809 2117 878 quidam
2178 809 2407 875 ferarum
2459 810 2628 857 instar
2683 818 2884 871 repente
2935 806 3188 856 irruentes
3241 802 3450 854 barbari

1910 898 2020 964 ejus
2061 898 2228 964 ﬁlium
2280 896 2601 948 Theodotum
2642 909 2758 945 cum
2808 894 2987 946 multis
3034 893 3154 944 aliis
3195 893 3452 958 captivum

1910 988 2268 1056 abduxerunt;
2293 987 2440 1052 cujus
2459 1001 2633 1036 casum
2661 982 2978 1035 lamentatur
2997 991 3164 1049 pater,
3182 981 3452 1050 plusquam

1909 1077 2109 1128 deceret
2139 1075 2296 1128 talem
2319 1077 2502 1135 virum,
2527 1071 2958 1137 quemadmodum
2989 1072 3044 1122 in
3068 1068 3452 1124 Commentario

1911 1169 2007 1219 hac
2040 1167 2100 1219 de
2132 1183 2184 1218 rc
2222 1168 2415 1232 scripto
2456 1178 2661 1217 cernere
2704 1172 2799 1214 est.
2837 1156 3172 1228 Nieephorus
3195 1160 3454 1212 Callistus

1911 1256 2055 1308 dicto
2083 1257 2200 1307 loco
2240 1273 2251 1307 :
2287 1255 2417 1307 Μεθ’
2456 1247 2528 1306 ὧν
2559 1253 2649 1305 καὶ
2685 1253 2744 1304 τδ
2772 1254 2828 1304 ὲν
2863 1249 2941 1321 τῷ
2972 1250 3162 1318 Σιναίῳ
3189 1249 3303 1318 ὄρει
3345 1248 3450 1299 τῶν

1894 1345 2065 1397 ςοεέων
2110 1346 2361 1414 Πατέρων
2405 1344 2700 1413 μαρτύριον
2731 1343 3097 1412 ἀναγράφεται
3146 1339 3288 1392 οὕτω
3318 1339 3454 1406 λαμ-

1913 1446 2061 1512 πρῶς
2087 1463 2142 1496 τε
2177 1445 2290 1512 ἅμα
2313 1447 2403 1496 καὶ
2426 1439 2759 1513 περιπαθῶς,
2789 1441 2863 1502 ὡς
2897 1438 3078 1492 ἱκανὸν
3105 1433 3240 1490 εἶναι
3276 1435 3442 1489 ἐντεῦ-

1925 1533 2014 1587 θεν
2045 1532 2294 1602 θηρᾶσαι,
2331 1527 2438 1594 οἷος
2469 1536 2558 1585 καὶ
2595 1531 2710 1582 κατ’
2741 1531 2903 1597 ἄμφω
2932 1529 3151 1595 γέγονεν
3177 1527 3205 1578 6
3229 1527 3362 1595 ἀνὴρ
3401 1526 3453 1577 ἓν

1919 1641 1976 1676 τε
2007 1625 2175 1689 λόγων
2214 1623 2305 1674 καὶ
2337 1623 2536 1689 ἀρετῆς
2569 1619 2849 1690 περιουσίᾳ
2869 1635 2882 1647 ο
2906 1620 3019 1670 ἐκεῖ
3041 1618 3095 1669 δὲ
3124 1617 3304 1669 καὶτὰ
3337 1617 3456 1668 κατ’

1919 1716 2075 1767 αὑτὸν
2109 1712 2200 1764 καὶ
2239 1713 2362 1772 τοὺς
2399 1713 2586 1772 παῖδας
2633 1709 2859 1779 μετρίως
2901 1707 3144 1771 διέξεισιν
3187 1707 3456 1775 ἐκτραγῳ-

1915 1804 2018 1855 δῶν
2060 1802 2178 1853 λίαν
2209 1801 2520 1869 περιπαοῶς
2552 1799 2646 1868 τὴν
2679 1797 3045 1866 αἰχμαλωσίαν
3087 1794 3261 1848 αὐτῶν
3282 1833 3295 1854 .
3331 1793 3458 1864 βαρ-

1917 1891 2095 1961 ϐάρων
2124 1891 2592 1959 καταδραμόντων,
2628 1889 2676 1940 οἳ
2708 1887 2986 1955 Βλέμμυες
3019 1885 3299 1936 ἐκαλοῦντο
3320 1923 3333 1944 ,
3368 1886 3457 1936 καὶ

1919 1981 2074 2044 φόνον
2117 1981 2213 2031 οὐκ
2245 1979 2517 2045 ἐλάχιστον
2553 1976 2912 2043 δεδρακότων·
2946 1974 2973 2024 ὃ
3014 1975 3106 2024 καὶ
3148 1973 3361 2042 ἥδυσμᾶ
3407 1989 3458 2023 τι

1917 2069 2272 2134 πνευματικὶν
2303 2071 2410 2127 τοῖς
2450 2064 2761 2133 φιλομαθέσι
2806 2062 3202 2116 καταλέλοιπεν.
3237 2061 3459 2129 Scripsit

1917 2172 2114 2225 quoque
2161 2157 2454 2208 divinorum
2495 2154 2715 2207 Patrum
2742 2154 2792 2205 itt
2826 2162 2996 2206 monte
3023 2151 3150 2205 Sina
3181 2151 3377 2203 obitum
3410 2162 3458 2202 et

1919 2249 2225 2316 martyrium
2267 2246 2512 2306 facundia
2547 2254 2592 2296 et
2641 2244 2800 2310 eﬂ'atu
2853 2251 3017 2303 tanta,
3063 2250 3140 2292 nt‘
3169 2239 3304 2292 sati!
3343 2238 3460 2290 inde

1919 2340 2158 2407 colligere
2192 2340 2363 2400 liceat,
2397 2354 2550 2404 quam
2575 2336 2767 2388 eximia
2806 2335 3046 2385 doctrina
3075 2333 3234 2399 juxta
3271 2339 3320 2383 et
3356 2332 3460 2383 vir-

1920 2440 2026 2483 tute
2069 2434 2169 2484 t'ir‘
2205 2433 2246 2483 is
2287 2431 2464 2496 fuerit,
2519 2430 2605 2480 ubi
2653 2429 2807 2480 etiam
2845 2443 2968 2478 snas
3011 2434 3058 2478 et
3103 2425 3334 2491 filiorum
3381 2439 3459 2475 res

1918 2522 2095 2590 paucis
2130 2529 2494 2573 commemorat
2543 2517 2931 2577 miserabiliter,
2986 2514 3140 2568 τρικιὶ
3185 2514 3238 2566 in
3274 2525 3462 2581 tragor-

1919 2613 2028 2675 dia,
2047 2614 2396 2679 captivitatem
2419 2612 2576 2663 etiam
2596 2610 2898 2676 deplorans,
2922 2623 3038 2659 cum
3059 2605 3272 2657 barbari
3295 2604 3463 2656 Blem~

1921 2719 2056 2769 mycs
2113 2703 2418 2752 excursione
2447 2717 2541 2751 sua
2572 2700 2763 2750 ca'dem
2800 2701 3050 2764 ingentem
3089 2696 3253 2762 fecere
3287 2694 3460 2761 :quod

1919 2790 2216 2853 Opusculum
2249 2798 2493 2854 tanquam
2532 2787 2805 2852 spirituale
2833 2785 3093 2851 quoddam
3114 2783 3459 2835 oblectamen-

1917 2890 2025 2930 tum
2046 2878 2298 2939 studiosis
2332 2877 2558 2942 rcliquit.
2586 2876 2718 2927 Cum
2764 2874 2946 2926 eree
2988 2874 3255 2940 legeretur
3279 2869 3460 2940 διηγή-

1919 2987 2081 3037 ματα.
2115 2969 2459 3021 occasionem
2494 2966 2719 3033 arripuit
2751 2965 3156 3017 eruditissimus
3198 2962 3457 3014 Possinus

1915 3057 2281 3124 distinguendi
2337 3057 2529 3108 librum
2574 3057 2624 3108 in
2680 3064 2880 3122 septem
2927 3053 3291 3114 Narrationes,
3335 3066 3456 3102 cum

1916 3143 2016 3196 hoc
2063 3141 2422 3193 arbitraretur
2468 3143 2649 3208 aliquo
2690 3142 2911 3196 lectoris
2954 3139 3261 3199 commodo,
3305 3140 3455 3191 nullo

1917 3233 2157 3285 auctoris
2191 3238 2283 3281 aut
2314 3231 2491 3297 operis
2514 3231 2833 3283 detrimento
2867 3230 2978 3282 ﬁeri
3005 3245 3182 3296 posse.

1986 3322 2058 3376 De
2089 3338 2172 3383 ea,
2195 3337 2312 3390 quia
2345 3323 2481 3388 apud
2515 3321 2865 3388 Lipomanum
2898 3322 3041 3372 edita
3063 3329 3165 3378 est.
3198 3321 3460 3387 interpre-

1918 3413 2140 3476 tatione,
2185 3413 2310 3464 illud
2346 3420 2424 3464 est
2457 3411 2886 3476 przestantissimi
2934 3408 3079 3468 Petri
3116 3409 3323 3461 l’ossini
3379 3409 3460 3460 in-

1919 3502 2322 3567 terpretationis
2380 3514 2491 3552 sua:
2546 3499 2828 3550 arbitrium
2874 3516 2886 3550 :
2940 3497 3052 3548 Hoc
3100 3513 3257 3547 unum
3311 3498 3458 3547 modo

1918 3591 2062 3641 initio
2096 3603 2380 3655 receperam
2412 3607 2428 3640 .'
2459 3591 2649 3654 hocque
2679 3588 2778 3647 illi,
2815 3603 2912 3654 quo
2944 3604 3127 3653 magno
3158 3589 3339 3639 merito
3377 3587 3458 3638 ni-

1917 3680 1992 3731 hil
2013 3696 2112 3731 non
2142 3679 2277 3746 apud
2320 3695 2398 3731 me
2425 3687 2662 3744 possunt,
2704 3694 2898 3729 mecum
2926 3677 3187 3729 duntaxat
3213 3688 3419 3744 egerant
3443 3696 3458 3729 .-

1919 3782 1972 3822 ut
1997 3780 2228 3832 veterem,
2254 3786 2368 3838 qua:
2395 3770 2589 3837 pridem
2617 3786 2647 3821 a
2680 3769 2961 3835 Lipomarto
2990 3778 3065 3820 est
3106 3770 3266 3828 edita,
3307 3769 3458 3831 hujus

1921 3860 2153 3924 opusculi
2187 3859 2656 3924 interpretationem
2689 3874 3023 3916 recenserem,
3049 3867 3096 3906 et
3132 3874 3245 3906 cum
3275 3855 3457 3907 Cratca

1920 3964 2292 4013 compararent.
2326 3946 2427 3998 Sed
2461 3963 2577 3997 cum
2627 3947 2826 4010 aliquot
2863 3945 2974 4012 jam
3017 3945 3220 4011 paginis
3267 3947 3460 4012 passim

1921 4038 2310 4105 interpolatum,
2347 4054 2406 4089 ac
2440 4046 2765 4088 recantatam
2802 4054 2830 4087 a
2863 4053 2940 4086 me
2974 4036 3120 4086 illam
3155 4037 3461 4100 interpreta-

1923 4132 2108 4180 tionem
2145 4129 2326 4178 amicis
2356 4129 2407 4178 in
2437 4128 2688 4190 specimen
2710 4125 3035 4188 obtulissem,
3061 4124 3195 4191 quod
3220 4124 3464 4177 scribenti

1920 4221 2060 4284 prius
2093 4217 2236 4278 mihi,
2265 4216 2358 4266 hoc
2386 4215 2670 4283 legentibus
2705 4215 2837 4267 idem
2871 4216 2998 4281 ipsis
3033 4216 3198 4266 visunt
3236 4215 3460 4277 fuisset:

1922 4323 2018 4367 me,
2040 4309 2083 4358 si
2105 4323 2359 4374 pergerent
2391 4316 2445 4357 ut
2468 4322 2736 4371 coeperam.
2758 4303 3122 4356 exhaurisndis
3144 4304 3248 4354 illis
3272 4304 3464 4357 laboris

1921 4397 2316 4448 illiberalissimi
2363 4396 2619 4461 fastidiis,
2671 4411 2855 4460 magno
2896 4410 3006 4444 meo
3060 4394 3213 4444 ttedio
3265 4394 3462 4445 nullam

1923 4495 2090 4535 tamen
2110 4485 2334 4534 alienam
2365 4484 2587 4550 gratiam
2619 4484 2925 4534 relaturum.
2965 4481 3027 4533 Ει
3051 4491 3205 4544 certe,
3230 4492 3284 4534 ut
3311 4499 3462 4549 quam

1921 4575 2156 4625 omittere
2191 4590 2290 4625 non
2319 4589 2551 4639 possunt,
2604 4575 2869 4625 celerrime
2911 4572 3120 4634 saltem,
3152 4574 3288 4639 quod
3328 4589 3463 4625 vere-

1923 4660 2125 4713 cundia:
2164 4677 2324 4712 unum
2367 4670 2616 4727 superest,
2672 4663 2959 4729 transigam
3024 4663 3464 4725 reprehensionem

1925 4750 2118 4802 laboris
2149 4751 2329 4812 alieni,
2363 4752 2412 4800 it!
2438 4766 2590 4816 quant
2635 4749 2871 4811 breviter,
2909 4759 3013 4800 tant
3041 4766 3151 4800 vere
3190 4749 3302 4799 licet
3331 4739 3461 4816 nﬁir-

1925 4857 2066 4890 tnare
2096 4841 2291 4890 nullum
2321 4841 2523 4890 omnino
2558 4840 2689 4891 labis
2740 4841 2989 4906 ﬂagitiive
3029 4856 3206 4906 genus,
3234 4841 3371 4906 quod
3408 4843 3457 4890 in

1922 4946 1978 4980 co
2008 4946 2185 4998 genere
2219 4930 2384 4980 caveri
2424 4929 2622 4987 debeat.
2655 4932 2704 4980 in
2751 4933 2852 4980 ista
2905 4945 3016 4981 esse
3063 4932 3309 4983 versionis
3349 4947 3465 4995 per-

1924 5018 2230 5069 vcrsissimw
2265 5017 2326 5067 de
2368 5019 2720 5082 properatione
2773 5019 3200 5082 prtuterntissttnt.
3251 5018 3386 5069 Nam
3418 5027 3465 5067 et

1923 5105 2196 5156 obscurata
2229 5106 2421 5168 possint
2453 5114 2526 5155 est
2561 5107 2789 5157 auctoris
2824 5108 3099 5169 sententia,
3127 5117 3174 5158 et
3207 5123 3304 5159 non
3345 5123 3464 5157 raro

1924 5194 1991 5244 ad
2044 5194 2305 5244 libidinem
2361 5194 2657 5260 interpretis
2686 5197 2808 5262 [icta
2844 5207 2890 5248 et
2922 5197 3144 5248 detorta.
3181 5196 3301 5247 lam
3351 5212 3463 5245 on:-

1925 5281 2072 5329 nibus
2113 5279 2215 5343 fere
2243 5279 2442 5344 paginis
2479 5281 2820 5331 miserrimum
2859 5281 2908 5331 in
2955 5281 3159 5332 modum
3202 5295 3289 5343 per
3318 5296 3461 5330 sum-

1925 5385 2062 5418 ntam
2137 5367 2392 5418 licentiam
2446 5369 2676 5419 lacerata
2748 5369 3056 5435 fwdissinte,
3126 5370 3464 5432 mutilataque

1922 5459 2089 5509 oratio
2120 5457 2386 5523 scriptoris
2421 5472 2436 5507 :
2475 5468 2582 5512 tum
2606 5475 2635 5508 a
2671 5460 2837 5525 capite
2861 5459 2930 5511 ad
2961 5457 3154 5509 calcem
3184 5458 3328 5509 nullo
3363 5444 3464 5508 non

1920 5549 2031 5600 loco
2074 5549 2147 5598 ita
2197 5556 2462 5614 comperta
2505 5551 2957 5617 contaminatath
2986 5549 3201 5601 maculis
3230 5547 3465 5600 barbara:

3101 5639 3140 5696 2
