4134 6328
721 250 790 311 43
1922 255 2223 314 ΝΟΤΙΤΙΛ
2262 254 2283 310 I

2384 254 2440 314 S.
2465 255 2728 316 NlLUM.
3849 259 3921 322 M

722 358 992 427 cujusdam
1029 357 1295 424 infantia’,
1337 367 1389 410 ut
1451 377 1576 428 opus
1630 372 1856 416 veterum
1896 365 2118 431 judiciis
2149 379 2268 415 arce

723 452 953 518 dignum,
985 464 1073 499 rus
1105 448 1256 501 Iiodie
1291 465 1508 513 uterum,
1541 468 1757 521 ruraque
1792 454 2049 520 inficetius
2097 454 2268 505 ridea-

722 555 820 594 tur.
858 541 987 606 Quir
1017 541 1058 591 si
1086 542 1201 609 quis
1246 559 1276 592 a
1307 560 1382 594 me
1419 544 1559 595 dicta
1608 546 1943 598 criminosius
1980 546 2265 606 existimet,

721 649 819 682 non
842 647 932 699 ego
964 642 1132 682 tamen
1162 633 1299 699 apud
1327 650 1442 685 eum
1471 636 1685 700 perdam
1714 652 1901 703 aquant
1932 636 2140 702 prolixa
2174 652 2268 702 ap-

700 722 1017 782 probatione
1047 739 1220 775 causa:
1256 740 1378 776 mea!
1405 727 1558 778 certis
1593 742 1898 795 unaquaque
1934 728 1997 778 de
2035 743 2091 780 re
2125 727 2272 779 testi-

723 808 904 858 moniis
952 807 1292 874 proferendis.
1354 808 1456 863 Sed
1489 814 1535 863 si
1581 816 1716 864 tanti
1777 823 1919 881 putet
1964 831 2071 866 rem
2109 824 2270 867 totam

723 914 1054 965 cognoscere.
1108 910 1155 951 et
1212 898 1404 953 Latina
1450 903 1544 956 illa
1587 905 1769 957 veteris
1817 906 2115 972 interpretis
2153 922 2270 956 cum

724 985 902 1038 (ἐι-ατη
931 989 1161 1039 auctoris
1189 989 1441 1056 conferre,
1468 999 1522 1042 ut
1549 992 1616 1044 ad
1642 993 1753 1044 alia
1790 995 2081 1055 conniveat,
2109 1009 2188 1045 na:
2225 993 2269 1045 is

722 1089 908 1139 tamen,
949 1079 992 1127 si
1021 1094 1175 1145 quant
1205 1081 1354 1132 habet
1401 1083 1718 1150 a'quitatent,
1760 1098 1880 1135 cum
1924 1099 2025 1135 non
2064 1090 2270 1135 tantum

719 1178 994 1230 commata,
1043 1178 1134 1221 aut
1170 1173 1646 1238 comprehensiones
1675 1182 1834 1235 totas,
1889 1174 1978 1226 sed
2025 1175 2269 1242 paginas,

717 1266 868 1325 atque
896 1257 1025 1309 adeo
1051 1262 1392 1314 tractationes
1415 1263 1643 1332 integras
1668 1265 1874 1316 conscio
1901 1265 2108 1317 silentio
2135 1279 2273 1330 pra:-

718 1346 898 1396 teritas
947 1355 1056 1398 toto
1101 1351 1304 1414 passim
1336 1353 1388 1402 in
1445 1368 1595 1418 opere
1642 1353 1944 1419 perspiciet,
2003 1364 2050 1407 et
2100 1354 2270 1417 illum,

715 1441 946 1508 quisquis
970 1451 1066 1501 est,
1099 1441 1426 1508 interpretem
1454 1444 1723 1509 scripsisse
1757 1446 2090 1515 festinanter,
2114 1454 2162 1497 et
2197 1459 2274 1496 me

718 1545 816 1580 non
849 1531 1170 1584 caluinuiose
1199 1550 1475 1586 accusasse
1501 1536 1784 1604 judicabit.
1813 1541 1977 1605 Atque
1998 1538 2116 1589 hinc
2143 1536 2272 1588 satis

719 1621 985 1690 intelligis,
1021 1624 1180 1676 lector
1229 1625 1443 1692 optime,
1497 1642 1653 1694 quam
1687 1645 1788 1680 non
1821 1627 2019 1688 leviter,
2061 1635 2151 1677 aut
2186 1641 2275 1676 cu—

717 1713 830 1777 pide
868 1715 1144 1766 consilium
1185 1716 1639 1783 interpretationis
1692 1718 1956 1771 ordienda:
1991 1733 2154 1776 nocte.
2186 1715 2274 1768 sed

719 1803 1004 1853 necessario
1061 1806 1392 1872 susceperim.
1437 1806 1561 1857 ll:ec
1614 1820 1735 1858 eum
1798 1805 2275 1858 animadvertisset

721 1891 902 1941 nescio
927 1894 1050 1960 quis
1085 1894 1137 1945 in
1176 1895 1326 1947 calce
1355 1894 1562 1949 codicis
1594 1896 1725 1948 editi
1771 1894 2053 1948 Barberini
2087 1894 2276 1962 appiu-

721 1981 837 2035 xit:
881 1983 1004 2036 Tres
1052 1985 1141 2036 isti
1189 1986 1535 2050 munuscripti
1587 1986 1785 2038 codices
1821 1987 1894 2036 ita
1924 1984 2266 2046 concordant,

719 2082 774 2123 ut
806 2087 870 2123 ex
895 2090 999 2125 uno
1031 2077 1317 2140 exemplari
1363 2076 1516 2141 quasi
1568 2074 1814 2141 descripti
1861 2091 1973 2127 esse
2001 2074 2276 2126 videantur

722 2182 915 2222 omnes,
947 2164 1180 2232 alioquin
1211 2165 1274 2214 ab
1304 2163 1443 2216 edito
1489 2163 1635 2231 longe
1668 2163 2025 2230 discrepantes
2051 2181 2069 2216 :
2108 2165 2273 2215 multa

720 2257 852 2306 enim
891 2263 1114 2313 mutant,
1143 2254 1393 2305 nonnulla
1434 2253 1654 2313 addunt,
1688 2255 1916 2318 plurima
1941 2253 2195 2315 recidunt,
2224 2253 2275 2304 in

722 2347 904 2412 quiius
940 2342 1203 2396 Simeonis
1233 2342 1598 2409 Metaplirasta:
1620 2360 1828 2394 manum
1854 2342 2011 2410 facile
2034 2358 2277 2410 agnosces

722 2436 810 2501 qui
848 2437 1040 2502 scripta
1083 2435 1343 2500 ejusmodi
1397 2435 1459 2486 de
1513 2436 1739 2486 virorum
1793 2445 2096 2486 sanctorum
2130 2433 2276 2485 rebus

725 2527 876 2587 uestis
907 2527 1120 2592 antiqua
1157 2536 1204 2577 et
1236 2526 1365 2577 satis
1409 2525 1567 2592 longa
1601 2525 1938 2590 interpolare.
1977 2538 2127 2592 atque
2162 2541 2274 2575 mu-

727 2627 835 2666 tare
873 2616 1085 2666 amarit.
1133 2614 1297 2667 Porro
1333 2616 1487 2666 istaut
1516 2615 1628 2682 ejus
1667 2615 1965 2677 editionem,
1992 2633 2148 2683 quam
2189 2632 2277 2666 co-

723 2707 860 2758 dices
889 2707 964 2756 illi
990 2716 1383 2785 repra-seu‘taut,
1414 2719 1594 2760 secuta
1618 2721 1693 2761 est
1745 2721 1886 2762 retas
1919 2711 2278 2775 interpretatio

726 2796 906 2848 Latine
942 2814 972 2848 tt
1013 2796 1301 2862 Lipontano
1350 2799 1578 2864 primunt
1624 2801 1884 2868 evulgato,
1927 2818 2081 2868 quam
2122 2800 2281 2852 Pater

729 2887 975 2939 Pessinus
999 2888 1051 2938 in
1093 2886 1411 2953 Prwfatione
1439 2889 1514 2939 ita
1548 2892 1804 2955 exagitat.
1841 2891 2022 2941 utilius
2053 2891 2282 2956 fortasse

724 2977 980 3041 facturus,
1011 2976 1055 3027 si
1099 2975 1505 3042 discrepuntias,
1554 2986 1707 3042 atque
1732 2979 1889 3030 etiaut
1941 2993 2142 3029 errores
2181 2993 2282 3028 non

725 3066 787 3110 ab
816 3063 1110 3129 interprete,
1143 3063 1228 3114 sed
1257 3079 1289 3113 a
1318 3060 1555 3116 Simeone
1600 3062 1952 3123 Metaphruste
1989 3064 2280 3131 interpola-

728 3162 835 3202 tore
860 3149 1142 3223 proﬁcisci.
1168 3151 1245 3201 uti
1286 3149 1485 3218 factum
1517 3153 1764 3216 oportuit,
1805 3152 2279 3220 animadvertisset.

729 3241 850 3295 Ilaec
881 3242 931 3293 in
969 3239 1275 3300 Possinum,
1301 3241 1580 3308 Lipomani
1604 3241 1957 3304 additioncm,
1989 3251 2042 3294 et
2075 3240 2284 3293 Simeo-

730 3332 812 3382 nis
857 3328 1233 3397 Metaphrasta:
1268 3345 1460 3383 nomen
1498 3345 1590 3397 per
1626 3346 1718 3382 ora
1751 3331 2031 3382 hominum
2079 3331 2286 3398 magni-

730 3421 830 3473 tice
879 3421 1134 3490 incedens
1191 3422 1499 3474 trailuntur.
1561 3421 1666 3474 Sed
1726 3423 2151 3475 condonaudum
2203 3433 2287 3475 νει

733 3511 870 3573 viro,
898 3511 988 3577 qui
1012 3519 1278 3578 quantum
1305 3511 1478 3563 valeat
1517 3509 1731 3564 Possini
1765 3512 2057 3578 judicium,
2090 3521 2145 3566 et
2178 3512 2286 3565 Me-

735 3604 1023 3670 taphrasta:
1060 3601 1298 3670 dignitas
1332 3603 1382 3653 in
1425 3602 1588 3658 rebus
1623 3602 2020 3656 ecclesiasticis
2069 3618 2286 3671 promo-

736 3693 921 3746 vendis
952 3709 1014 3746 ex
1083 3694 1427 3762 publicarum
1474 3695 1920 3761 privatarumque
1962 3711 2142 3748 rerum
2191 3697 2288 3748 ad-

735 3784 1170 3844 ministratione,
1223 3784 1525 3851 peritiaque
1575 3784 1753 3853 plena,
1801 3794 1856 3838 et
1895 3800 1962 3837 an
2022 3787 2178 3838 albus
2209 3787 2286 3840 vel

734 3866 848 3926 ater
877 3872 1058 3934 fuerit,
1095 3875 1330 3940 ignorat.
1361 3875 1496 3937 Quis
1552 3875 1720 3934 enim,
1783 3875 1890 3928 nisi
1939 3891 2110 3944 nugas
2140 3892 2287 3929 som-

735 3962 883 4016 niare
915 3964 1164 4026 voluerit,
1207 3966 1438 4033 aliisque
1475 3967 1684 4033 garrire
1717 3967 2033 4029 tentaverit,
2079 3967 2288 4021 Simeo-

735 4065 853 4104 nem
869 4051 1280 4120 Metaphrastem
1302 4055 1465 4107 nobili
1490 4057 1846 4125 equestrique
1862 4073 2062 4124 genere
2082 4067 2286 4121 natum,

736 4142 1039 4192 ministrum
1071 4143 1215 4194 inter
1253 4146 1541 4206 primarios
1575 4146 1780 4198 militia:
1828 4139 2286 4215 Constantinopo-

737 4229 932 4285 litantc.
963 4229 1028 4280 ab
1061 4229 1308 4296 epistolis
1331 4237 1384 4281 et
1408 4233 2027 4298 secretis-imperatoris,
2047 4235 2291 4287 oratione

737 4321 907 4373 soluta
940 4328 991 4372 et
1027 4321 1202 4372 vincta
1235 4334 1338 4371 non
1367 4321 1570 4386 absque
1603 4320 1936 4387 eloquentia,
1969 4330 2022 4372 et
2054 4323 2291 4372 dexteri-

738 4418 844 4462 tate
869 4411 1194 4477 pr:ccipuum
1223 4409 1449 4473 jactahit
1486 4429 1496 4461 :
1551 4424 1766 4462 errores
1799 4417 1854 4460 ct
1890 4409 2293 4476 discrepantias

737 4517 765 4554 a
810 4502 896 4554 tali
941 4509 1199 4567 tantoque
1233 4501 1347 4551 viro
1375 4500 1649 4566 profectas
1682 4499 1870 4561 fuisse,
1898 4506 1951 4550 et
1989 4499 2130 4551 vitas
2154 4501 2294 4550 anti.

735 4606 962 4658 quorum
1006 4595 1318 4641 sanctorum
1385 4587 1748 4655 interpolasse
1797 4586 2190 4648 contendenti,
2244 4595 2294 4638 et

737 4691 946 4735 tantum
980 4695 1175 4734 nomen
1218 4679 1454 4740 laedenti,
1495 4679 1709 4730 veniam
1747 4676 2027 4736 concedet,
2062 4676 2152 4730 sed
2189 4692 2293 4727 non

741 4758 1212 4837 prosperandam?
1242 4770 1341 4822 Sed
1370 4783 1556 4835 parum
1587 4769 1776 4837 peritis
1816 4759 1936 4828 usu,
1975 4773 2028 4818 et
2061 4765 2126 4817 de
2152 4767 2292 4818 facili

743 4862 1220 4929 promuntiantibus
1248 4860 1428 4911 omnia
1467 4874 1574 4910 non
1619 4857 1800 4908 invitis
1835 4855 2084 4908 manibus
2121 4856 2294 4907 danda

745 4961 885 5003 Sllnl.

814 5040 1050 5093 Dicimus
1090 5053 1243 5107 ergo,
1295 5047 1348 5092 et
1397 5039 1625 5091 ﬁrmiter
1661 5050 2068 5094 asseveramus,
2129 5033 2296 5084 Mota-

747 5133 998 5201 phrasteu
1034 5128 1180 5180 nullo
1205 5127 1363 5180 modo
1395 5127 1534 5180 vitas
1561 5135 1879 5181 sanctorum
1913 5125 2292 5192 interpolasse.

747 5224 841 5281 sic,
875 5231 928 5271 ut
954 5219 1119 5270 multa
1155 5217 1545 5277 immutaverit,
1580 5217 1809 5282 plurima
1873 5214 2163 5274 addiderit,
2195 5215 2297 5264 alia

749 5310 1021 5362 reciderit.
1051 5307 1156 5366 Sed
1190 5305 1494 5358 immutavit
1524 5306 1738 5357 cautior
1780 5305 1980 5366 factus,
2009 5317 2127 5370 quae
2168 5303 2301 5354 alio-

751 5412 865 5448 rum
902 5399 1230 5466 scriptorum
1265 5394 1626 5448 monumentis
1660 5394 1765 5444 alio
1791 5407 2018 5460 prorsus
2059 5392 2217 5444 modo
2243 5408 2301 5445 se

750 5485 1024 5544 habuisse.
1073 5495 1126 5541 et
1170 5495 1361 5540 contra
1414 5483 1505 5550 jus
1557 5481 1747 5549 fasque
1808 5481 1983 5535 fuisse
2032 5480 2295 5549 dignovit.

750 5573 968 5626 Addidit
1003 5575 1221 5629 alr-aliis
1259 5575 1486 5629 edoctus
1512 5572 1676 5640 digna
1706 5572 1866 5637 scitu,
1911 5573 2184 5640 prieterita
2220 5580 2299 5624 ta-

2378 379 2495 417 men
2528 365 2596 417 ab
2626 365 2867 432 antiquis
2888 364 3126 416 Vitarum
3159 364 3533 433 scriptoribus.
3561 366 3768 421 Recidit
3788 369 3922 422 alio-

2379 469 2496 506 rum
2525 455 2747 522 scriptis
2773 454 2963 514 relata,
3011 455 3102 507 sed
3142 455 3326 517 nimia,
3371 457 3462 509 sed
3500 473 3919 525 snpervacauea,

2377 545 2468 599 sed
2494 546 2760 606 fabulosa,
2780 545 2874 599 sed
2896 545 3144 606 ridicula,
3166 553 3219 595 et
3242 555 3618 610 perversorum
3639 547 3919 600 hominum

2379 636 2598 688 malitia.
2626 636 3032 706 superinducta.
3070 635 3136 689 Et
3171 637 3293 696 hoc,
3336 636 3407 688 mi
3459 637 3561 700 vir,
3594 637 3922 704 interpolare

2380 724 2529 781 Vitas
2571 738 2884 781 sanctorum
2930 715 3050 781 est?
3100 726 3162 777 lit
3195 727 3366 780 hocne
3448 728 3568 788 erit,
3604 725 3753 782 Vitas
3788 730 3923 782 locis

2377 816 2701 884 quihusdam
2741 818 3084 877 immutasse,
3119 813 3485 876 intercidisse,
3512 815 3724 882 illisque
3758 815 3922 868 addi-

2376 905 2558 959 disse?
2582 905 2972 973 tletaphrasles
2998 903 3149 956 Vitas
3186 912 3331 957 recte
3357 903 3736 971 sapienterque
3755 905 3924 957 dieta-

2379 1003 2481 1058 tas,
2511 997 2742 1049 intactas
2765 995 3005 1064 reliquit,
3024 1011 3089 1050 ex
3112 995 3339 1047 aliorum
3357 993 3554 1047 studiis
3571 1009 3632 1046 ac
3648 995 3925 1046 laborilms

2378 1086 2578 1139 nullam
2622 1087 2726 1140 sibi
2775 1086 2972 1138 famam
3029 1085 3398 1148 emendicans,
3447 1085 3540 1139 sed
3582 1099 3608 1134 a
3649 1087 3824 1153 capite
3855 1083 3924 1136 ad

2377 1176 2578 1230 calcem
2608 1190 2786 1228 rerum
2809 1184 3104 1243 gestarum,
3137 1175 3212 1227 uti
3245 1183 3410 1244 gestat
3441 1182 3590 1237 sunt,
3630 1174 3926 1242 expositio-

2378 1282 2522 1330 nem,
2545 1249 2770 1334 proprio
2811 1266 2947 1334 stylo
2979 1279 3281 1334 genereque
3309 1264 3525 1318 dicendi
3563 1265 3635 1317 ita
3660 1263 3921 1331 expediit,

2379 1365 2439 1410 ut
2477 1357 2640 1410 nullis
2669 1355 2898 1409 aliorum
2937 1354 3263 1422 scriptorum
3314 1353 3572 1422 periodis,
3625 1353 3762 1406 addo
3806 1351 3926 1406 for-

2381 1447 2542 1500 mulis
2570 1456 2623 1500 et
2664 1447 2829 1508 netis,
2860 1461 3018 1499 usum
3048 1445 3214 1498 fuisse
3237 1443 3306 1497 ab
3337 1454 3449 1496 arte
3472 1443 3708 1496 oratoria
3727 1444 3927 1497 instru-

2378 1543 2500 1588 ctus
2527 1535 2844 1603 dignoscere
2862 1535 3049 1602 possit.
3083 1532 3158 1586 Ita
3190 1541 3292 1588 est.
3324 1533 3575 1586 Prostant
3607 1541 3924 1586 sanetormn

2381 1625 2731 1698 antiquorum
2756 1626 2879 1677 vita:
2905 1625 2972 1678 ab
3008 1624 3128 1677 aliis
3162 1633 3285 1677 ante
3320 1624 3717 1692 Metaphrasten
3749 1623 3930 1692 publi—

2381 1725 2534 1779 catae,
2572 1732 2691 1784 ante
2721 1716 3060 1784 postmodum
3095 1715 3164 1768 ab
3196 1715 3386 1768 eodem
3419 1713 3677 1769 facultate
3707 1713 3925 1768 dicendi
3957 1783 3967 1792 _

2380 1808 2640 1876 singulari
2675 1807 2728 1860 in
2767 1803 3044 1860 meliOrem
3084 1813 3247 1872 atque
3267 1806 3658 1858 accuratiorem
3680 1811 3926 1858 tenorem

2381 1899 2539 1952 editae
2577 1908 2728 1961 sunt,
2764 1897 2951 1966 quales
2982 1896 3180 1949 multas
3230 1893 3282 1947 in
3319 1909 3435 1947 mea
3466 1894 3533 1948 de
3580 1895 3930 1949 Sitneonibus

2381 1987 2620 2040 Diatriba
2681 1987 2986 2039 luculenter
3036 1984 3335 2053 designavi.
3379 1982 3545 2036 Sume
3598 1985 3651 2036 in
3709 1999 3927 2053 manus,

2381 2078 2640 2130 attentius
2671 2077 2872 2137 lectita.
2895 2090 3048 2144 teque
3097 2051 3338 2142 beneque
3377 2075 3675 2142 judicatum
3710 2051 3928 2126 demum

2383 2166 2706 2220 sententiam
2744 2163 2946 2231 profer.
2979 2161 3181 2216 Planus
3217 2162 3408 2226 fueris,
3450 2164 3495 2214 si
3524 2160 3930 2230 Metapbrasten

2383 2257 2621 2308 virorum
2655 2262 2968 2306 sanctorum
3002 2267 3090 2306 res
3139 2258 3320 2319 gestas
3366 2251 3648 2318 antiquas,
3705 2260 3758 2305 et
3794 2253 3933 2305 satis

2385 2348 2572 2414 longas
2604 2343 2979 2412 iuterpolasse,
3009 2351 3169 2410 atque
3193 2342 3509 2396 immutasse
3531 2342 3929 2403 enuntiaveris.

2383 2449 2436 2492 ct
2475 2437 2775 2491 doctissimi
2810 2433 3026 2488 Possini
3057 2433 3124 2486 de
3167 2433 3267 2485 hac
3308 2431 3537 2486 historia
3589 2431 3690 2485 Nili
3739 2433 3933 2487 Latine

2385 2529 2522 2595 apud
2557 2526 2911 2594 Lipomanum
2942 2533 3144 2576 rectum
3173 2539 3281 2576 non
3307 2539 3426 2578 esse
3451 2524 3772 2594 intelligens,
3797 2539 3932 2592 pru-

2383 2620 2626 2687 densque
2665 2615 2953 2684 judicium,
3000 2621 3090 2666 aut
3137 2614 3336 2681 injuria
3373 2613 3517 2666 illam
3553 2629 3793 2668 vexasse.
3827 2613 3931 2666 Cui

2386 2707 2653 2777 siquidem
2693 2719 2800 2757 non
2825 2712 2929 2763 est,
2960 2704 3014 2755 in
3042 2702 3418 2756 exseribendis
3449 2703 3791 2770 antiquorum
3841 2718 3934 2755 vo-

2387 2798 2682 2852 luminibus
2699 2794 3091 2860 exscriptorum
3131 2791 3415 2854 incuriam,
3450 2807 3623 2860 neque
3651 2794 3702 2845 in
3725 2793 3934 2846 doctri-

2387 2901 2477 2947 na,
2509 2898 2684 2951 neque
2707 2883 2759 2934 in
2789 2881 3097 2934 eruditione
3116 2881 3513 2943 excellentiam,
3541 2889 3595 2934 et
3615 2883 3660 2937 si
3691 2883 3934 2949 codices,

2388 2976 2586 3042 quibus
2631 2970 2983 3034 innitebatur,
3076 2970 3351 3038 depravati
3403 2970 3649 3024 distortis
3707 2973 3932 3037 litteris,

2392 3066 2504 3119 sive
2530 3061 2798 3130 ambiguis
2833 3059 3070 3121 confusi,
3107 3059 3265 3112 verba
3298 3059 3657 3113 similitudine
3696 3061 3932 3129 syllaba-

2394 3169 2509 3207 rum
2543 3153 2756 3212 vitiosa,
2805 3151 2969 3202 multa
3003 3149 3166 3202 etiam
3208 3148 3289 3202 vel
3343 3148 3671 3216 malignitate
3726 3150 3932 3213 addita,

2390 3241 2474 3293 vel
2503 3239 2680 3307 spatio
2723 3239 2987 3305 temporis
3020 3236 3300 3304 fugientia,
3337 3236 3659 3290 intrusisse?
3688 3235 3933 3304 Iniquum

2391 3339 2473 3384 est
2523 3328 2717 3382 similia
2763 3325 3135 3393 Metaphrastze
3173 3325 3487 3378 attribuere.
3531 3325 3592 3376 Et
3626 3341 3692 3379 ne
3725 3327 3931 3378 nimius

2394 3421 2516 3478 sim,
2555 3419 2676 3470 vide
2707 3432 2827 3484 qua:
2853 3413 2919 3468 de
2961 3413 3325 3482 Metaphrastc
3377 3413 3431 3466 in
3470 3415 3743 3477 dictando,
3773 3423 3938 3482 atque

2394 3511 2572 3562 verbis
2613 3507 2888 3561 Struendis
2927 3505 3109 3558 studio
3156 3505 3399 3572 apposite
3445 3504 3496 3556 in
3545 3503 3733 3572 Elogio
3765 3506 3937 3572 ipsius

2394 3601 2663 3654 construit
2708 3597 2935 3658 l’sellus,
2969 3595 3207 3648 Diatriba
3229 3603 3416 3647 nostra
3463 3594 3526 3647 de
3573 3595 3938 3656 Simeonibus,

2394 3700 2445 3744 et
2485 3705 2670 3741 eorum
2705 3687 2949 3754 scriptis,
2975 3686 3052 3738 'in
3084 3700 3189 3752 qua
3216 3685 3385 3736 multa
3423 3683 3488 3736 de
3529 3683 3628 3736 hac
3665 3684 3849 3736 eadem
3881 3701 3941 3737 re

2396 3792 2459 3829 ex
2501 3778 2618 3829 aliis
2687 3785 2851 3842 atque
2896 3772 3016 3826 aliis
3067 3770 3378 3854 apetoribus
3409 3770 3740 3837 collegimus.
3777 3771 3838 3822 Et
3875 3787 3943 3825 ne

2398 3885 2494 3922 nos
2530 3868 2726 3920 similia
2755 3876 2941 3918 nostra
2974 3862 3360 3931 imaginatione
3391 3861 3597 3930 agitare
3639 3859 3822 3912 belluli
3879 3875 3944 3913 ac

2399 3958 2574 4012 festivi
2622 3956 2861 4024 saperdas
2927 3952 3293 4020 suspicentur,
3323 3949 3540 4001 ‘habeto
3593 3949 3712 4012 tibi,
3751 3949 3941 4008 lector,

2398 4061 2518 4114 qua:
2569 4060 2666 4112 pro
2714 4043 2900 4095 eodem
2951 4039 3310 4106 Metaphraste
3345 4034 3677 4103 Lipomauus
3727 4035 3945 4104 scriptis

2399 4136 2668 4189 memoria)
2697 4129 2950 4200 prodidit.
2976 4129 3052 4180 De
3076 4126 3430 4193 Metaphraste
3461 4135 3631 4177 autem
3659 4127 3945 4177 communis

2397 4227 2686 4293 priscorum
2741 4223 2968 4272 virorum
3024 4216 3274 4269 Ecclesia:
3331 4215 3618 4269 Orientalis
3668 4216 3943 4277 sententia,

2411 4316 2554 4366 Vitas
2586 4323 2886 4366 sanctorum
2913 4325 2978 4362 ea:
3007 4309 3225 4362 diversis
3260 4315 3532 4358 auctorum
3575 4306 3720 4356 libris
3747 4320 3859 4356 eunt
3892 4305 3946 4356 in

2349 4389 2357 4394 ’
2402 4416 2560 4451 unum
2587 4399 2821 4449 volumen
2852 4396 3125 4459 redegisse,
3164 4404 3212 4444 et
3245 4410 3360 4460 quia
3404 4393 3628 4460 alicujus
3669 4394 3765 4444 viri
3797 4401 3948 4444 erant

2403 4489 2687 4552 inscriptio,
2710 4484 2802 4536 sub
2837 4475 2930 4534 hoc
2954 4481 3106 4532 titulo
3137 4482 3438 4548 reliquisse;
3468 4497 3580 4548 qua:
3601 4497 3714 4532 vero
3741 4482 3801 4531 ab
3830 4483 3948 4534 aliis

2403 4578 2674 4641 descripta:
2722 4581 2891 4632 erant,
2925 4571 3043 4622 rudi
3084 4581 3273 4632 tamen,
3312 4581 3359 4621 et
3412 4571 3612 4622 insulso
3659 4573 3814 4638 ctylo,
3861 4588 3949 4624 eas

2405 4669 2571 4730 ipsum
2607 4663 2785 4713 multis
2827 4659 3116 4719 laboribus,
3154 4667 3204 4711 et
3247 4659 3527 4710 sudoribus
3567 4675 3864 4724 exornasse,
3901 4671 3949 4713 et

2404 4754 2691 4807 eruditione
2710 4767 2806 4802 sua
2821 4751 3139 4814 exposuisse.
3157 4760 3308 4814 prout
3324 4749 3622 4800 Theodorus
3644 4749 3948 4812 Balsamon,

2404 4855 2452 4898 et
2482 4842 2994 4908 Psellus,ideoqueet
3014 4837 3390 4904 Metapltrasta'
3424 4855 3607 4891 nomen
3638 4842 3800 4907 fuisse
3826 4843 3950 4893 ade-

2406 4946 2582 5004 ptum,
2617 4931 2979 5004 μεταφράζειν
3008 4932 3142 4982 enim
3179 4929 3372 4985 Gra'ce.
3399 4929 3581 4983 Latine
3603 4942 3699 4994 est,
3732 4934 3952 4999 scriptu-

2401 5029 2520 5079 ram
2555 5026 2786 5092 aliquam
2827 5019 3229 5073 dilucidioribus
3271 5021 3440 5072 verbis
3464 5062 3476 5085 ,
3513 5038 3664 5074 sensu
3693 5031 3864 5074 tamen
3901 5030 3951 5073 et

2410 5120 2628 5173 materia
2677 5114 2890 5167 retentis
2934 5111 3293 5178 interpretari.
3339 5111 3466 5174 Qutc
3501 5121 3672 5162 autem
3699 5128 3728 5162 a
3755 5111 3953 5162 nemine

2403 5214 2578 5285 pdltuc
2633 5188 2839 5274 scripta:
2893 5203 3098 5268 fuerant
3126 5245 3138 5260 .
3197 5201 3286 5254 sed
3321 5203 3471 5270 quasi
3521 5217 3610 5269 per
3642 5217 3872 5263 manuni,
3903 5209 3953 5252 et

2411 5302 2743 5356 traditionem
2779 5313 2810 5348 a
2839 5292 3085 5368 Putribus
3115 5300 3358 5357 acceptm,
3391 5301 3437 5343 et
3462 5307 3554 5357 pro
3583 5292 3714 5343 ueris
3741 5289 3950 5350 habitae,

2410 5395 2503 5444 llas
2533 5394 2634 5457 ipse
2656 5386 2876 5455 eleganti
2909 5393 2956 5436 et
2990 5381 3196 5435 condito
3234 5375 3367 5450 style
3393 5383 3680 5447 descripsit.
3707 5389 3752 5430 et
3784 5381 3952 5446 legen-

2411 5484 2504 5533 das
2548 5478 2792 5531 Ecclesia:
2831 5474 3122 5540 proposuit,
3181 5482 3427 5539 tantaque
3471 5471 3786 5522 auctoritate
3826 5468 3958 5519 liber

2412 5572 2492 5622 hic
2515 5571 2568 5621 in
2606 5569 2764 5619 lucem
2791 5564 3005 5630 prodiit,
3043 5570 3099 5615 ut
3133 5563 3269 5630 apud
3303 5558 3618 5615 Orientalem
3645 5556 3954 5621 Ecclesium,
