4134 6328
195 232 262 300 ts
1404 228 1707 288 NOTITIA
1747 226 1826 286 IN
1862 225 1920 283 s.
1954 225 2217 285 NILUM.
3124 298 3127 300 η
3334 212 3401 276 to

195 344 284 411 qui
311 349 614 394 sanctorum
656 339 801 391 Vitas
833 345 1023 405 praeter
1054 350 1215 389 unum
1248 334 1536 390 Simeonem
1572 333 1743 387 Meta-

196 432 459 499 pltrastem
510 430 798 495 scripserit,
835 444 926 481 nec
958 440 1245 498 quatratur,
1297 443 1386 480 nec
1439 427 1745 493 rrptriatur.

199 523 441 585 Quiuimo
472 523 526 573 in
551 521 661 571 suis
690 517 931 581 Mentvis,
964 527 1013 571 et
1037 517 1214 571 Sacris
1239 526 1563 577 sanctorum,
1606 517 1748 568 l’itas

199 612 405 669 recitat,
428 623 533 661 non
558 608 694 659 alias
717 623 873 675 quant
901 621 964 659 ex
993 606 1107 659 istis
1126 606 1426 672 desumptas
1453 604 1591 671 legit,
1622 603 1751 653 adeo

200 718 290 768 pro
338 698 521 771 certis,
557 698 691 750 veris
725 706 773 751 et
808 697 1143 759 aut/tenticis,
1175 696 1238 747 ab
1271 694 1531 755 omnibus,
1566 702 1615 745 et
1642 708 1751 743 om-

198 791 340 842 nium
366 791 682 841 auctoritate
701 790 1041 856 conﬁrmatis.
1082 786 1195 841 lino
1216 803 1305 840 nec
1325 785 1556 839 Ecclesia
1571 784 1753 837 (ἐνεῖσα

200 895 395 945 preces,
443 880 807 945 orationesque
848 877 1239 944 Metapltrasta',
1296 887 1414 945 post
1472 874 1662 928 Basilii
1705 879 1753 923 et

200 967 565 1037 Chrysostomi
592 970 995 1035 supplicationes
1026 969 1207 1021 statim
1233 969 1474 1029 locasset,
1499 969 1543 1020 si
1578 981 1756 1018 recens

201 1059 267 1109 tis
306 1058 551 1123 temporis
583 1059 816 1111 auctoris
845 1069 996 1110 esset.
1034 1055 1145 1120 Nec
1189 1073 1220 1108 a
1267 1056 1579 1108 Balsamone
1624 1050 1756 1106 alleé

199 1162 438 1217 garetur,
469 1149 559 1216 qui
604 1148 747 1201 ultra
780 1149 885 1202 400
927 1164 1093 1201 annos
1147 1148 1349 1215 ﬂoruit,
1382 1157 1429 1199 et
1463 1144 1637 1199 Psello
1670 1145 1759 1211 qui

204 1238 347 1289 ultra
379 1238 703 1306 quingentos.
734 1238 966 1307 Denique
999 1255 1089 1291 nec
1115 1239 1167 1290 in
1199 1238 1419 1290 concilio
1455 1234 1760 1298 Florentino

203 1326 272 1376 ad
293 1326 715 1394 conﬁrmandum
738 1326 924 1395 dogma
943 1327 1067 1396 fidei
1094 1329 1228 1380 inter
1251 1327 1488 1379 doctores
1515 1324 1761 1379 Ecclesia:

203 1416 475 1467 citaretur.
509 1414 637 1469 Ha’c
671 1416 879 1482 fuerant
912 1416 1130 1486 reliqua,
1167 1432 1281 1487 qua
1311 1417 1374 1469 de
1412 1417 1507 1469 ltoc
1534 1416 1643 1468 viro
1672 1431 1763 1468 no-

206 1492 369 1559 tanda
391 1516 564 1560 erant.
596 1507 661 1560 Et
686 1508 741 1562 in
775 1506 1092 1563 Pratl‘atione
1120 1517 1251 1562 tom.
1276 1509 1320 1562 V
1350 1527 1367 1564 :
1395 1507 1538 1563 Illud
1556 1507 1764 1576 quidem

202 1597 433 1664 primum
449 1604 548 1660 est,
567 1612 742 1651 omnes
763 1598 859 1651 ltas
885 1594 1029 1650 Vitas
1043 1596 1106 1652 de
1125 1594 1308 1651 Gnaeo
1325 1598 1379 1648 in
1402 1594 1648 1649 Latinum
1666 1611 1763 1649 no-

206 1695 321 1738 stra
348 1684 583 1749 hortatu,
606 1688 902 1756 nostrisque
927 1687 1175 1754 suppetiis
1198 1704 1231 1741 a
1252 1685 1523 1755 Gentiano;
1541 1688 1765 1741 llerveto

206 1774 363 1829 Gallo
416 1777 528 1830 uiro
581 1777 735 1831 docto
788 1793 964 1831 recens
998 1778 1163 1847 fuisse
1211 1779 1529 1837 translatas.
1573 1791 1767 1847 easque

206 1881 346 1919 nunc
362 1867 588 1934 primum
614 1867 1001 1924 Occidentalem
1032 1867 1323 1924 Ecclesium
1343 1869 1620 1937 suscipere,
1652 1883 1769 1937 qute

206 1956 354 2024 quali
388 1966 683 2026 quantoque
723 1958 968 2020 thesauro
1006 1959 1266 2029 hucusque
1300 1959 1364 2013 ob
1400 1974 1581 2011 earum
1622 1958 1769 2026 igno-

208 2047 468 2098 rationem
518 2048 729 2113 privata
771 2047 969 2114 fuerit,
1008 2056 1285 2119 postquam
1338 2056 1501 2101 totum
1527 2048 1768 2101 volumen

205 2131 549 2201 percurreris,
592 2146 649 2186 tu
685 2139 773 2203 ips:
828 2138 922 2203 iud
954 2151 991 2187 ,ε
1020 2139 1246 2205 optimus
1274 2153 1388 2190 esse
1412 2138 1629 2205 poteris.

279 2221 348 2275 Et
378 2222 481 2276 hoc
507 2222 727 2291 quidem
751 2224 867 2293 L29».
893 2238 1105 2290 atauus,
1136 2224 1185 2279 si
1218 2226 1399 2294 priora
1421 2227 1612 2280 alteris
1640 2239 1773 2279 ocu-

209 2310 355 2365 latus
382 2327 420 2365 τι
450 2311 631 2369 fronte
673 2317 867 2378 simul,
914 2324 969 2370 et
1011 2316 1306 2385 occipitio,
1360 2318 1406 2371 si
1467 2318 1771 2388 posteriora

207 2402 581 2472 quinti'tomi,
623 2405 744 2474 plus
767 2407 1014 2460 cimicem
1048 2405 1351 2477 sanguinis,
1384 2416 1445 2460 ut
1475 2407 1548 2459 ita
1566 2405 1770 2471 dicam,

209 2507 377 2561 quam
414 2494 563 2549 illum
586 2498 813 2553 rationis
845 2497 1103 2552 habuisse
1143 2497 1314 2552 dices.
1341 2497 1482 2564 Quid
1504 2499 1649 2553 enim
1688 2499 1773 2552 in-

212 2584 640 2648 consideratius,
665 2594 759 2639 aut
804 2586 1172 2642 inconsultius
1215 2586 1327 2640 ﬁeri
1360 2589 1555 2657 potuit,
1610 2603 1772 2657 quam

210 2675 370 2730 Vitas
392 2683 711 2731 sanctorum
740 2677 1050 2741 universas,
1088 2692 1211 2746 quae
1232 2678 1439 2731 nullum
1492 2689 1773 2733 auctorem

211 2767 377 2820 titulo
422 2767 818 2835 praeferebant,
867 2767 1016 2821 nulla
1064 2767 1132 2821 ad
1187 2768 1449 2836 liquidum
1494 2769 1773 2837 explorata

210 2852 471 2915 veritate,
526 2851 767 2933 Simeoni
818 2853 1197 2922 Metaphrastae
1239 2855 1570 2923 appingere?
1617 2854 1800 2915 Unde,

212 2945 565 3014 postmodum
615 2953 696 3000 tot
750 2942 908 2998 larua:
956 2945 1203 3010 vulnera,
1257 2953 1309 2998 et
1352 2954 1511 3000 notas
1552 2946 1773 2999 innoxio

213 3036 448 3097 homini,
470 3044 524 3089 et
556 3036 624 3090 ab
656 3036 807 3090 omni
838 3037 995 3105 culpa
1027 3036 1412 3098 remotissima,
1443 3038 1775 3106 pravissimi,

210 3135 265 3177 et
291 3126 530 3193 pessime
558 3124 823 3180 dill'amati
854 3126 1118 3189 heretici,
1149 3137 1203 3181 et
1234 3126 1446 3182 fabulas
1498 3126 1777 3182 fabuloso-

213 3231 339 3269 rum
373 3231 673 3285 mangones
703 3217 1085 3271 concriminati
1118 3219 1289 3271 sunt?
1340 3217 1413 3272 De
1446 3220 1646 3287 quibus
1678 3236 1777 3275 nos

209 3304 349 3358 alibi
394 3305 593 3360 fusius.
647 3304 804 3360 Nunc
838 3289 1226 3362 'tantumwillls
1272 3306 1465 3361 addam
1512 3309 1578 3361 tle
1631 3308 1779 3365 illius

211 3402 405 3455 :etate,
433 3393 575 3462 quod
608 3392 834 3463 Nicepb.
860 3393 1129 3463 Gregoras
1152 3396 1203 3450 in
1230 3394 1347 3450 Vita
1380 3406 1581 3450 sancta:
1604 3395 1779 3450 Tbeo-

212 3484 494 3551 phanonis
528 3482 727 3537 Leonis
760 3485 853 3539 lilii
875 3483 1059 3538 Basilii
1089 3484 1401 3540 Macedonis
1435 3487 1781 3555 imperatoris

210 3572 814 3642 Caristantinopolitani
860 3575 1066 3637 uxoris,
1128 3574 1197 3629 de
1260 3576 1457 3633 studiis
1515 3576 1782 3631 restitutis

222 3664 295 3716 ab
364 3651 556 3717 eodem
625 3661 809 3719 Leone
868 3666 923 3719 in
989 3666 1123 3719 urbe
1196 3667 1496 3743 Byzantina
1562 3681 1779 3736 agens:

212 3755 289 3809 Τό
320 3771 389 3823 γε
413 3754 519 3826 μὴν
551 3755 661 3809 τῶν
691 3756 863 3824 λόγων
891 3757 1109 3827 κράτος,
1134 3759 1289 3827 είπερ
1314 3758 1446 3827 δήτι
1472 3757 1580 3810 τῶν
1614 3758 1785 3811 ἀπάν-

208 3860 328 3897 των
369 3843 564 3907 ἄλλων,
598 3846 706 3905 ,καὶ
755 3846 876 3898 τότε
930 3846 1150 3915 μᾶλλον,
1193 3846 1349 3915 εἴπερ
1389 3845 1575 3900 ἄλλοτέ
1628 3862 1781 3909 ποτε,

215 3933 469 4002 μεγάλην
483 3932 606 4003 ἔσχε
641 3933 739 4003 τὴν
758 3933 959 4004 ἀκμὴν,
996 3936 1195 4003 ἀμφοῖν
1211 3938 1321 3987 τοῖν
1350 3934 1615 4003 βασιλέοιν
1642 3934 1784 4004 μάλα

207 4042 297 4076 τοι
328 4024 587 4093 πλείστην
621 4024 928 4078 δεδωκότων
946 4026 1125 4087 αὐτοῖς
1150 4025 1246 4094 τὴν
1269 4026 1440 4095 ῥοπὴν
1489 4026 1583 4079 καὶ
1598 4028 1781 4097 τιμήν.

211 4117 331 4168 Καὶ
360 4111 427 4185 ἦν
458 4116 590 4184 όρᾷν
613 4116 775 4168 ὁσίων
830 4116 1037 4185 ἀνδρῶν
1071 4115 1428 4183 συναλλαγὰς,
1461 4119 1554 4170 καὶ
1608 4118 1786 4185 σοφῶν

212 4207 472 4279 ῥητόρων
494 4208 715 4276 Θέατρα,
750 4208 843 4259 καὶ
878 4210 1056 4260 πᾶσαν
1076 4207 1248 4273 λόγων
1279 4208 1479 4277 ἀρετῆς
1507 4209 1783 4272 ἐπίδειξιν,

209 4296 623 4368 ἀθροιζομένων
655 4298 1023 4366 ἁπανταχόθεν
1066 4296 1293 4359 πολλῶν,
1348 4297 1442 4349 καὶ
1492 4297 1787 4350 ποιούντων

212 4391 399 4457 ἄλλην
436 4389 789 4458 Σωκρατικὴν
825 4404 884 4439 τε
944 4388 1037 4440 καὶ
1088 4388 1437 4455 Πλατωνικὴν
1488 4388 1655 4439 Στοὰν
1696 4389 1788 4441 καὶ

226 4481 572 4550 Ἀκαδημίαν
609 4483 702 4534 καὶ
732 4481 961 4535 Λύκειον
990 4482 1057 4532 τὰ
1095 4480 1355 4551 βασίλεια.
1391 4480 1488 4532 Διὰ
1520 4482 1582 4548 δὴ
1618 4481 1789 4533 ταῦτα

211 4574 316 4625 καὶ
340 4571 543 4641 πολλὴν
568 4572 665 4641 τὴν
727 4574 964 4624 ἐπίδοσιν
998 4573 1183 4642 εἴληφε
1233 4573 1352 4624 τότε
1390 4573 1537 4642 καὶὴ
1569 4573 1665 4641 τῆς
1695 4572 1787 4624 τοῦ

210 4662 363 4716 θεοῦ
403 4663 726 4732 Ἐκκλησίας
754 4664 1071 4731 εὐπρέπεια.
1108 4665 1181 4715 Or)
1240 4665 1347 4733 γὰρ
1394 4663 1549 4731 μόνον
1580 4664 1606 4715 ὁ
1640 4662 1789 4731 βασι-

209 4754 351 4813 λεὺς
393 4751 593 4814 πολλὰς
628 4752 738 4803 τῶν
778 4753 1006 4819 ἐτησίων
1060 4752 1260 4821 ἑορτῶν
1294 4754 1387 4803 καὶ
1429 4751 1789 4820 πανηγύρεων

181 4842 446 4903 “οίκείοις
480 4843 752 4912 ἐκόσμησε
786 4843 962 4909 λόγοις
1012 4846 1104 4896 καὶ
1146 4844 1328 4913 ᾠδαῖς,
1362 4843 1495 4895 ἁλλά
1524 4845 1615 4895 καὶ
1664 4844 1804 4895 πολ-⁸

210 4937 346 4997 λοὺς
387 4935 494 4985 τῶν
530 4936 650 4986 τότε
698 4936 998 5005 ἐλλογίμων
1053 4935 1119 4985 τὰ
1170 4937 1329 5002 ὅμοια
1378 4937 1634 5005 πράττειν
1664 4934 1787 4987 ἐκέ-

209 5027 435 5078 λευσεν.
468 5018 566 5076 Ὧν
600 5021 679 5086 εἷς
731 5021 799 5095 ἦν
850 5028 943 5078 καὶ
999 5027 1055 5087 ὃς
1101 5027 1217 5077 τότε
1286 5025 1417 5078 ἄλλα
1485 5028 1789 5096 μετέφρασε

209 5120 361 5189 πρὸς
390 5117 449 5167 τὸ
473 5116 899 5186 εύφραδέστερον
919 5160 931 5181 ,
964 5119 1055 5169 καὶ
1090 5119 1214 5180 τοὺς
1249 5118 1460 5181 πλείους
1486 5118 1590 5169 τῶν
1613 5136 1669 5170 τε
1696 5119 1790 5187 τῆς

207 5208 425 5277 ἀρετῆς
468 5205 721 5273 ἀσκητῶν
768 5208 861 5259 καὶ
909 5206 1156 5274 ἀθλητῶν
1207 5206 1578 5277 συνεγράψατο
1622 5206 1785 5273 βίους.

212 5300 285 5353 Et
322 5299 575 5350 dictionis
600 5297 808 5362 quidem
858 5299 1105 5350 oratorirv
1164 5297 1339 5358 robur,
1372 5306 1417 5349 et
1449 5297 1622 5349 eodem
1664 5307 1790 5349 tem-

211 5408 363 5455 pore,
399 5391 446 5442 si
471 5388 759 5456 quidquam
807 5388 963 5451 alias,
993 5400 1099 5440 tum
1139 5390 1303 5456 magis
1332 5405 1392 5439 ac
1420 5390 1581 5457 magis
1613 5391 1788 5455 ingen-

212 5494 321 5536 tem
386 5484 735 5533 accessionem
803 5479 1015 5546 fecerat,
1067 5496 1181 5531 cum
1236 5477 1386 5531 ambo
1457 5479 1792 5545 imperatores

216 5576 517 5628 maximum
566 5572 647 5625 illi
705 5574 923 5644 rigorem
989 5572 1333 5629 honoremque
1407 5570 1789 5626 attribuissent.

1855 330 2028 396 Quare
2049 331 2164 399 jam
2188 329 2321 383 obvii
2341 328 2624 395 cuicunque
2639 336 2786 379 erant
2812 334 3112 378 sanctorum
3141 326 3405 379 hominum

1851 438 2188 488 congressus,
2242 418 2705 471 scientissimornm
2758 427 3027 469 oratorum
3070 414 3298 480 'tlteatra,
3357 427 3406 469 et

1852 514 2015 564 omnis
2045 512 2275 579 facultas
2323 508 2529 561 dicendi
2567 509 2870 577 singularis,
2914 518 2959 559 et
2993 507 3161 575 copia,
3198 524 3312 559 cum
3345 525 3407 561 ea:

1856 602 1979 655 locis
2003 605 2237 655 omnibus
2271 601 2501 670 plerique
2530 610 2880 661 occurrerent,
2912 609 2958 651 et
2994 592 3175 652 novam
3219 598 3410 652 Socra-

1854 693 2028 756 licunt,
2055 702 2205 759 atque
2242 692 2571 744 Platonicam
2599 691 2778 744 Stoam
2804 690 3118 753 eahibercnt,
3151 700 3198 742 et
3218 690 3412 757 regions

1853 785 2023 851 ipsam
2048 800 2230 838 novam
2261 784 2620 845 Academiam,
2662 793 2709 835 et
2740 781 3005 851 Lyca'um,
3056 780 3415 835 l’ritantt'um-

1855 891 1970 942 que.
2012 874 2142 929 Inde
2168 890 2283 929 vero
2348 876 2512 928 multo
2562 886 2671 926 tum
2708 882 2983 941 augmento
3036 881 3158 923 tunc
3196 871 3419 924 invaluit

1857 968 2048 1021 divina:
2082 966 2330 1021 Ecclesia:
2367 967 2583 1034 species,
2619 974 2666 1018 et
2720 965 2879 1016 nitor.
2921 960 3100 1030 Neque
3138 963 3275 1014 enim
3302 970 3417 1013 tan-

1858 1056 2124 1110 tummodo
2157 1058 2442 1125 imperator
2469 1055 2737 1122 plerosque
2784 1054 2837 1105 in
2867 1069 3030 1106 annos
3052 1051 3283 1121 singulos
3308 1052 3418 1104 dies

1860 1148 2019 1216 {cstas
2067 1165 2132 1201 ac
2182 1146 2537 1202 solemnitates
2579 1146 2807 1213 propriis
2842 1145 3165 1198 orationibus
3196 1143 3419 1197 cohone-

1859 1240 2034 1303 stavit,
2061 1247 2108 1292 et
2137 1238 2377 1301 canticis,
2426 1237 2514 1290 sed
2572 1243 2623 1288 et
2666 1234 3001 1299 multosalios
3017 1237 3231 1301 quitum
3261 1234 3421 1285 vitam

1861 1331 2079 1399 agebant
2110 1337 2419 1397 prtestantes
2471 1328 2607 1381 viros
2633 1324 2829 1379 similia
2852 1340 3094 1393 peragere
3127 1324 3420 1391 imperarit,

1859 1432 2238 1485 quorumunus
2302 1426 2437 1480 erat,
2487 1416 2576 1484 qui
2605 1416 2653 1468 et
2693 1416 2804 1467 alia
2840 1414 3120 1481 {acundius
3160 1413 3215 1466 in
3260 1413 3424 1467 aliam

1862 1506 2071 1561 dicendi
2103 1507 2651 1576 copiamcunscripsit,
2674 1517 2724 1558 et
2751 1498 2907 1574 quam
2932 1505 3199 1573 plurimas
3217 1503 3423 1557 virtutis

1866 1605 2160 1652 ascetarum
2207 1605 2257 1651 et
2290 1597 2605 1650 athletarum
2631 1598 2763 1649 vitas
2795 1597 3139 1650 monumentis
3164 1611 3426 1649 commen-

1868 1688 2038 1751 davit,
2060 1687 2197 1755 unde
2228 1697 2276 1742 et
2307 1686 2680 1755 Metupltrastte
2714 1702 2898 1740 nomen
2931 1687 3175 1740 obtinuit.
3226 1684 3425 1754 Eadem

1868 1777 1938 1832 ad
1971 1778 2198 1832 verbum
2239 1776 2509 1846 expressit
2550 1776 2689 1831 idem
2745 1773 3035 1846 Gregoras-
3066 1776 3120 1828 in
3162 1774 3282 1828 Vita
3324 1772 3429 1828 Mi-

1866 1865 2075 1923 chaelis
2140 1867 2361 1922 Sincelli
2414 1867 2686 1934 exposita,
2725 1881 2846 1935 qua:
2910 1864 3056 1919 facili
3114 1866 3335 1936 negotio
3372 1866 3430 1920 in

1868 1969 2031 2009 manu
2061 1954 2262 2009 fuerint.
2285 1953 2526 2008 eamdem
2558 1955 2721 2008 vitam
2754 1955 3117 2024 percurrenti,
3149 1969 3216 2010 ne
3262 1958 3429 2010 semel

1868 2061 1931 2099 ea
1954 2060 2143 2115 parum
2164 2055 2377 2107 cautus,
2412 2053 2466 2097 et
2491 2044 2599 2097 alia
2630 2046 2811 2098 animo
2837 2044 3135 2101 observans
3163 2046 3434 2103 excidisse

1871 2136 2143 2203 malignus
2199 2134 2581 2204 Metapbraslaa
2660 2135 2881 2189 laudum
2943 2136 3320 2204 obtrectator,
3376 2137 3432 2192 in

1870 2224 2240 2293 suspicionem
2279 2224 2480 2278 veniat.
2537 2224 2601 2277 Et
2652 2222 3043 2280 Constantinus
3100 2225 3433 2282 Meliteniota

1872 2323 2012 2367 orat.
2038 2313 2095 2378 2,
2131 2313 2204 2367 De
2227 2313 2575 2382 proccssione
2620 2311 2857 2381 Spiritus
2914 2316 3085 2368 sancti
3115 2331 3131 2368 :
3177 2316 3433 2386 Ἐπείπερ

1872 2402 1991 2456 κατ’
2032 2403 2509 2457 οὐδὲνλείπονται
2562 2403 2670 2456 τῶν
2729 2404 2925 2471 λογίων
2976 2405 3218 2473 ἀνδρῶν.
3272 2406 3324 2461 εί
3371 2424 3433 2475 γε

1875 2492 2105 2545 συνιδεῖν
2129 2490 2416 2562 ἠϐούλοντο
2448 2492 2637 2545 τούτου
2663 2494 2762 2562 τὴν
2786 2492 3010 2546 ἔννοιαν.
3048 2494 3157 2547 Καὶ
3179 2494 3351 2562 ἄλλως
3377 2497 3435 2548 δὲ

1873 2584 1978 2637 κᾶν
2012 2577 2226 2645 ὤκλαζε
2254 2600 2305 2635 τι
2334 2581 2470 2653 πρὸς
2521 2581 2653 2636 αὐτὸ
2699 2583 2909 2647 τούτοις
2929 2586 2957 2637 ὁ
2984 2577 3436 2657 λογισμὸςδεϊχον

1876 2673 2174 2744 σκέψασθαι
2236 2674 2452 2736 πάντως
2496 2674 2619 2727 καθ’
2649 2674 2873 2738 ἑαυτοὺς
2907 2675 3000 2729 καὶ
3015 2676 3107 2728 τὸν
3122 2678 3435 2745 συγγραψά-

1878 2782 2058 2835 μενον,
2094 2766 2174 2818 ὃτι
2205 2765 2345 2818 κατά
2398 2764 2489 2816 τὸν
2522 2763 2714 2833 καιρὸν
2760 2763 2859 2833 τοῆ
2890 2765 3106 2835 πρώτου
3140 2767 3435 2837 σχίσματος

1877 2856 1974 2921 ὢν,
2012 2857 2104 2909 καὶ
2124 2855 2223 2925 τὴν
2261 2852 2564 2923 ἀντιλογίαν
2592 2854 2876 2921 γινώσκων
2910 2853 3002 2906 τοῦ
3039 2856 3439 2924 δόγματος,οὺκ

1878 2949 1942 3000 ἂν
1971 2945 2112 3000 οὕτω
2148 2944 2407 2998 συνετίθει
2450 2946 2542 2998 καὶ
2575 2945 2861 2997 συνέταττε
2890 2945 2950 2997 τὸ
2979 2947 3214 2999 τοιοῦτον
3244 2949 3426 3017 ῥητὸν,

1877 3041 1924 3091 el
1956 3037 2091 3107 πρὸς
2110 3039 2235 3099 τοὺς
2264 3036 2525 3097 Λατίνους
2550 3038 2645 3089 καὶ
2671 3036 2831 3098 αὐτὸς
2869 3032 3063 3106 ἐπίσης
3097 3038 3205 3099 τοῖς
3229 3038 3440 3101 πολλοῖς

1877 3127 2152 3198 διεφέρετο
2174 3142 2187 3155 ⁸
2230 3126 2361 3182 Cum
2387 3144 2490 3180 non
2520 3126 2742 3179 multum
2784 3127 2930 3197 longe
2952 3128 3015 3181 ab
3047 3130 3271 3184 eruditis
3312 3132 3437 3185 viris

1878 3220 2103 3283 abirent,
2136 3220 2182 3272 si
2212 3219 2368 3273 modo
2399 3218 2543 3272 illius
2576 3220 2880 3272 sententiam
2918 3236 3101 3288 capere
3128 3221 3335 3274 vellent.
3370 3222 3439 3274 Et

1880 3312 1988 3364 alia
2018 3327 2213 3379 quoque
2245 3310 2446 3363 ratione
2467 3311 2586 3363 licet
2639 3310 2883 3379 cogitatio
2923 3310 3156 3377 ipsorum
3179 3314 3318 3364 circa
3345 3314 3440 3365 hoc

1880 3403 1957 3456 vel
1984 3403 2259 3454 minimum
2298 3401 2644 3462 claudicaret,
2691 3411 2930 3469 poterunt
2962 3406 3015 3456 in
3047 3422 3100 3457 se
3130 3406 3439 3472 scriptorem

1880 3491 2231 3551 considerare,
2260 3491 2349 3559 qui
2378 3507 2495 3543 cum
2519 3492 2574 3544 in
2603 3492 2715 3558 ipso
2741 3494 2911 3559 primo
2938 3494 3235 3549 scltismatis
3255 3508 3439 3549 exortu

1882 3583 2089 3645 viveret,
2133 3590 2183 3633 et
2223 3580 2483 3650 dogmatis
2529 3582 2990 3637 contradictionem
3043 3585 3276 3650 calleret,
3310 3603 3443 3639 nun-

1881 3688 2037 3738 quam
2058 3673 2151 3725 ltoc
2174 3671 2324 3723 modo
2341 3672 2697 3726 concinnasset
2738 3676 2815 3729 vel
2837 3675 3032 3727 dictum
3049 3678 3439 3743 composuisset,

1884 3765 1931 3817 si
1961 3779 2079 3816 cum
2098 3761 2302 3816 Latinis
2320 3773 2369 3816 et
2397 3764 2503 3830 ipse
2528 3780 2669 3832 atque
2691 3773 2844 3833 atque
2864 3766 2955 3818 alii
2979 3767 3272 3822 simultates
3296 3784 3445 3823 exer-

1884 3855 2053 3908 cebat.
2094 3854 2159 3906 Et
2200 3855 2285 3907 hic
2307 3856 2428 3908 vitae
2456 3854 2695 3925 Dionysii
2717 3856 3054 3925 AreOpugitae
3082 3855 3318 3927 scriptor
3350 3876 3444 3930 per

1885 3946 2137 4002 eumdem
2177 3955 2458 4001 auctorem
2483 3946 2869 4000 Meliteniotam
2898 3956 2981 4001 est
3014 3947 3232 4002 Simeon
3279 3949 3447 4004 Metth

1886 4036 2162 4104 plu-astes.
2191 4036 2328 4088 Audi
2363 4052 2374 4085 :
2405 4034 2571 4088 Καῖὸ
2609 4034 2706 4097 τὰς
2732 4034 2837 4087 τῶν
2880 4034 3049 4101 ἁγίων
3082 4035 3137 4088 δὲ
3176 4036 3445 4101 πολιτείας

1887 4124 2097 4183 καὶτὰς
2120 4124 2295 4177 αὐτῶν
2324 4120 2576 4190 ἁθλήσεις
2606 4123 3028 4192 ἀφηγησάμενος
3081 4140 3447 4195 uera-opacat-

1888 4210 2018 4272 κῶς,
2050 4213 2131 4272 είς
2174 4211 2235 4262 τὸ
2275 4210 2367 4262 τοῦ
2402 4210 2788 4279 Ἀρεοπαγίτου
2820 4212 3115 4283 μαρτύριον
3151 4212 3444 4278 Διονυσίου,

1890 4299 2031 4369 φημὶ
2058 4299 2150 4351 τοῦ
2182 4300 2291 4351 τῶν
2316 4299 2642 4368 ἅποῤῥήτων
2675 4300 3036 4367 ὲκφάντορος·
3064 4300 3134 4354 Et
3181 4305 3270 4372 qui
3314 4306 3447 4358 vitas

1888 4398 1939 4441 et
1968 4405 2047 4442 res
2079 4398 2249 4457 968(08
2310 4398 2634 4450 sanctorum,
2692 4403 2969 4457 eorumque
3017 4394 3311 4445 certamina
3362 4410 3451 4447 va-

1889 4481 2028 4531 riato
2063 4480 2197 4548 style
2214 4481 2475 4532 enarravit
2489 4479 2542 4531 in
2561 4478 2803 4547 Dionysii
2821 4480 2858 4532 Α
2875 4483 3152 4550 reopagitte
3171 4486 3447 4553 martyrio,

1889 4570 2006 4623 dico
2033 4579 2346 4623 secretorum
2382 4571 2705 4624 revelatoris.
2742 4573 2944 4641 Collige
2970 4562 3124 4642 longe
3161 4574 3345 4642 procul
3384 4577 3451 4629 ab

1890 4660 2038 4713 omni
2069 4659 2253 4716 dubio.
2285 4659 2676 4730 Metaphrastes
2704 4678 2767 4716 eo
2791 4670 3031 4732 tempore
3057 4665 3290 4733 vigebat,
3328 4681 3450 4719 cum

1891 4753 2125 4820 primum
2159 4752 2390 4805 schisma
2427 4753 2567 4807 inter
2633 4751 2847 4807 Graecos
2878 4762 2932 4807 et
2978 4753 3198 4808 Latinos
3232 4754 3299 4809 dc
3325 4770 3453 4823 pro-

1891 4845 2144 4895 cessiouc
2204 4842 2441 4913 Spiritus
2487 4844 2655 4898 sancti
2704 4860 2767 4897 ex
2828 4844 2944 4898 solo
2986 4843 3145 4898 Patre
3176 4861 3456 4915 emergens

1890 4933 2200 4988 Graecorum
2236 4948 2357 4987 cum
2388 4932 2592 4987 Latinis
2610 4934 2968 4988 arctissimam
2999 4916 3453 4991 necessitudinem

1893 5026 2226 5094 perturbavit
2257 5045 2269 5078 ε
2304 5025 2437 5078 adeo
2468 5034 2525 5077 ut
2558 5026 2624 5078 de
2652 5025 2839 5080 eadem
2871 5028 3217 5095 processione
3246 5044 3308 5081 ex
3338 5030 3454 5083 solo

1893 5116 2048 5169 Patre
2079 5116 2189 5169 Leo
2221 5116 2335 5185 ipse
2370 5117 2684 5185 imperator,
2722 5116 2788 5171 ile
2822 5118 3006 5173 sobola
3043 5118 3213 5171 l’botii
3270 5120 3452 5183 homo,

1893 5207 1945 5259 in
1982 5210 2208 5275 gratiam
2251 5207 2333 5260 sui
2360 5207 2537 5259 Pbotii
2570 5196 2766 5278 stylum
2797 5210 3119 5263 exercuerit.
3155 5209 3214 5260 Et
3239 5216 3452 5263 aetatem

1895 5299 2270 5366 Mctnpbrasla:
2306 5300 2484 5359 anxie.
2522 5312 2568 5353 et
2620 5301 2853 5369 amplius
2900 5302 3213 5370 qumrimus,
3244 5310 3299 5355 et
3329 5318 3452 5355 eum

1897 5391 2351 5453 reccutissinnuu,
2384 5398 2436 5443 ct
2477 5392 2587 5444 ludi
2650 5393 2987 5461 magistrum,
3042 5402 3093 5443 ct
3152 5392 3453 5445 fabulamur

1898 5483 2120 5535 anilium
2170 5484 2613 5539 conciunatot'cm
2662 5485 2844 5540 verbis
2904 5483 3223 5538 clarissimis
3284 5482 3455 5552 perbi-

1898 5573 2170 5627 bcbnnus.
