4134 6328
664 392 729 457 t't
1685 364 1689 370 ’
1741 370 1747 386 τ
1835 324 2136 425 Nort'rta
2190 338 2265 418 1N
2316 357 2357 415 s
2416 350 2679 414 NILUM.

738 498 880 561 Nos,
932 496 1006 543 ait
1063 485 1396 546 Salmasius,
1441 481 1686 549 διήγησιν
1757 474 1903 529 illam
1971 475 2199 542 (nempe

666 593 733 645 de
764 587 908 643 caede
936 581 1213 636 seniorum
1259 567 1516 632 Patrum)
1558 568 1612 620 in
1666 563 1987 618 Praefatione
2026 557 2091 611 ad
2133 558 2208 609 le-

666 644 873 736 ctorem
911 673 977 726 ad
1005 666 1279 737 Opuscula
1328 660 1433 714 Nili
1466 659 1533 712 de
1570 656 1799 725 primatu
1846 663 2028 719 papae,
2059 644 2207 697 Lari-
2258 680 2261 681 ν

670 785 788 823 nam
821 766 1012 834 factam
1048 758 1206 819 brevi,
1236 747 1286 808 si
1316 753 1452 804 Deus
1479 747 1702 809 dederit,
1740 741 1929 796 edituri
1956 752 2156 790 sumus.

741 823 831 910 De.
862 851 1178 912 Albiniano,
1217 857 1377 914 quem
1416 837 1672 892 laudibus
1722 828 2071 902 prosequitur
2121 823 2216 878 Ni-

676 952 782 1012 lus,
824 944 1187 1013 suspicionem
1229 930 1473 995 Possini,
1517 929 1633 997 lege
1656 924 1795 994 apud
1838 921 2056 990 ipsum:
2103 916 2217 969 sive

676 1003 818 1093 enim
867 1003 1016 1102 legas
1066 1026 1368 1086 Albianum,
1421 1019 1539 1073 sive
1570 1014 1838 1074 Albinum,
1884 1009 2001 1062 sive
2058 1003 2220 1057 Alba-

678 1145 800 1183 num
820 1168 833 1189 ,
862 1137 1050 1193 parum
1078 1117 1265 1174 refert.
1814 1104 1821 1109 ’

752 1185 993 1267 llisloria
1020 1212 1083 1263 de
1128 1201 1450 1270 interemptis
1480 1199 1537 1251 in
1569 1195 1703 1249 Sina
1744 1198 1915 1245 monte
1959 1185 2223 1240 monachis

682 1298 962 1373 legebatur
1021 1293 1395 1362 manuscripta
1456 1290 1513 1341 in
1571 1281 1905 1364 bibliotheca
1952 1277 2223 1329 Sirletana

681 1359 807 1447 οᾶι.
837 1389 905 1444 39
951 1403 1076 1445 ms.,
1128 1392 1183 1439 et
1237 1359 1384 1434 nunc
1412 1377 1607 1447 legitur
1635 1359 1691 1426 in
1738 1367 2011 1423 Vaticanis
2063 1364 2224 1420 codd.

689 1485 810 1545 H7,
846 1470 969 1542 HS,
1001 1474 1157 1537 1790,
1212 1471 1372 1533 1806,
1407 1474 1462 1522 et
1493 1465 1739 1520 Palatino
1766 1461 1892 1515 55f.
1932 1454 2230 1511 Bollandus

690 1578 756 1632 ad
821 1576 963 1629 diem
1023 1570 1088 1623 14
1118 1565 1376 1633 Januarii
1444 1567 1760 1617 sanctorum
1827 1560 2124 1621 martyrum
2177 1548 2234 1600 in

692 1674 872 1722 monte
904 1664 1035 1717 Sina
1064 1676 1093 1712 a
1131 1658 1378 1713 barbaris
1403 1652 1711 1708 occisorum
1752 1636 2029 1699 certamen
2067 1637 2236 1693 refert

692 1775 721 1811 a
767 1757 823 1811 S.
859 1756 982 1811 Nilo
1034 1750 1400 1818 conscriptum
1456 1743 1674 1801 Graece,
1732 1744 1783 1790 ct
1819 1749 1849 1786 a
1884 1748 1963 1797 se,
2016 1730 2099 1782 vel
2130 1726 2237 1780 alio

693 1844 945 1913 quopiam
980 1814 1321 1893 innomina'to
1348 1831 1538 1883 Latine
1567 1823 1861 1882 redditum,
1896 1829 1948 1871 et
1982 1814 2239 1869 brevibus

694 1943 793 2004 pro
828 1946 977 1984 more
1006 1928 1151 1993 netis
1195 1923 1549 1977 illustratum.

770 2022 1019 2092 Ejusdem
1049 2016 1220 2071 sancti
1260 2011 1375 2065 Nili
1412 2005 1659 2077 epistolas
1690 1996 1905 2055 CCCLV
1943 2010 2011 2049 ex
2054 1991 2245 2047 biblio-

703 2081 858 2169 theca
886 2110 1134 2165 Mcdicma
1168 2104 1309 2159 idem
1350 2100 1547 2153 Petrus
1576 2093 1838 2148 Pessinus
1868 2087 2031 2150 eruit,
2063 2092 2117 2137 et
2144 2081 2248 2134 La-

703 2205 814 2256 tine
843 2210 1030 2252 versas
1064 2194 1250 2248 Griece
1294 2198 1348 2242 et
1374 2185 1564 2239 Latine
1590 2178 1888 2250 publicavit
1918 2191 2043 2227 cum
2078 2171 2245 2231 notis,

705 2287 1144 2357 nuncupavitque
1205 2275 1634 2333 eminentissimo
1687 2266 1918 2339 principi
1961 2261 2252 2317 Francisco

706 2353 1024 2441 Barberino;
1053 2382 1105 2428 ct
1137 2370 1345 2441 Didymi
1392 2365 1769 2434 Fragmentum
1813 2353 2018 2410 addidit
2070 2359 2254 2403 contra

711 2470 1032 2525 Manicha'os
1054 2477 1083 2528 ,'
1114 2471 1161 2515 et
1191 2436 1450 2515 Simeonis
1497 2450 1701 2506 abbatis
1743 2443 1927 2501 Sancti
1964 2436 2253 2521 Martiantis

711 2562 762 2612 in
834 2556 1117 2608 Xerocerco
1188 2544 1620 2599 Dissertationem
1693 2536 1757 2588 de
1831 2513 2256 2586 altercationibus

714 2645 876 2699 animi
911 2651 961 2696 et
1011 2639 1242 2703 corporis
1297 2633 1481 2689 Graece
1532 2635 1588 2683 et
1633 2625 1827 2679 Latine
1881 2636 1910 2673 a
1963 2632 2023 2673 se
2069 2627 2257 2676 versa,

719 2719 941 2790 Parisiis
972 2745 1036 2786 es
1084 2701 1442 2797 typographia
1492 2716 1657 2785 Regia
1708 2711 1865 2773 ιθςτ,
1902 2707 2041 2761 ἰπὶ-4.
2066 2704 2143 2758 De
2172 2701 2261 2755 his
2300 2729 2305 2734 ν

718 2824 984 2896 epistolis,
1025 2792 1197 2886 deque
1227 2792 1427 2885 eorum
1464 2809 1758 2874 interprete
1806 2798 2034 2855 Possino
2079 2792 2262 2861 suspi-

721 2884 817 2972 cor
850 2884 1258 2979 intelligendum
1296 2884 1435 2957 esse
1487 2896 1800 2955 Labbteum,
1846 2902 1969 2943 cum
2024 2884 2262 2939 scribit:

727 3006 841 3060 Nili
872 2974 1240 3066 archiepiscopi
1273 2981 1835 3051 Coustantinopolitani
1865 2977 2042 3029 multa:
2070 2974 2264 3026 haben-

727 3110 812 3149 tur
848 3095 901 3146 in
942 3064 1092 3144 codd.
1128 3083 1249 3147 ηιξ..
1302 3096 1431 3151 quas
1474 3074 1631 3130 audio
1671 3072 1801 3141 typis
1834 3068 2016 3136 parari
2059 3064 2120 3117 ab
2153 3078 2269 3116 eru-

732 3182 841 3233 dito
873 3178 1171 3242 interprete.
1221 3148 1341 3236 lpse
1373 3176 1503 3217 vero
1555 3174 1668 3213 rem
1723 3152 2150 3223 indignissimam
2190 3148 2271 3199 fa-

731 3266 990 3332 cercnusi
1030 3270 1223 3317 conatu
1248 3255 1383 3310 tanti
1410 3249 1673 3323 principis
1719 3244 2001 3300 fecundam
2030 3247 2270 3307 quastu-

737 3377 849 3414 ram
890 3359 1259 3413 subsecutam,
1313 3344 1488 3398 ventis
1544 3336 1916 3406 abripieudam
1980 3347 2088 3385 non
2130 3328 2273 3380 invi-

738 3454 810 3505 tis
843 3446 1095 3502 manibus
1140 3433 1529 3493 concesserim.
1580 3428 1841 3493 Princeps
1886 3425 1933 3476 is
1964 3430 2275 3487 magnarum

738 3541 933 3594 artium
985 3528 1294 3600 disciplinis
1346 3517 1825 3577 instructissimus,
1874 3518 2145 3564 tantorum
2175 3505 2279 3557 Pa-

742 3642 882 3682 trum
910 3627 1249 3688 aliorumque
1283 3609 1787 3680 antiquissimorum
1822 3596 2278 3656 Cortimentarios,

747 3720 860 3769 sive
884 3714 959 3767 illi
992 3686 1178 3765 Graeca
1199 3694 1321 3759 sive
1340 3699 1531 3753 Latina
1560 3694 1715 3762 copia
1746 3689 1957 3745 dicendi
1988 3686 2282 3744 emineant,

750 3821 853 3858 non
887 3800 1051 3862 semel
1081 3804 1242 3862 atque
1265 3793 1482 3850 iterum,
1534 3782 1629 3837 sed
1656 3780 1871 3846 saepius,
1904 3778 2028 3826 dum
2066 3787 2159 3839 per
2186 3786 2284 3838 pu-

752 3860 973 3949 blica/et
994 3860 1362 3941 ecclesiastica
1392 3873 1603 3943 negotia
1648 3870 1794 3927 licet,
1825 3874 2035 3917 maturo
2056 3860 2283 3929 judicio,

755 4001 814 4037 ac
842 3979 1184 4034 considerate
1224 3983 1332 4041 prae
1372 3964 1623 4020 manibus
1674 3967 1870 4019 terere,
1920 3968 1982 4007 ac
2038 3953 2287 4007 lectitare

754 4071 951 4144 gaudet
983 4086 995 4120 :
1024 4064 1260 4129 indeque
1293 4057 1469 4110 factus
1496 4048 1838 4109 instructior,
1868 4058 2044 4096 mores
2070 4049 2124 4094 et
2156 4055 2288 4091 con-

759 4159 1075 4217 suetudines
1100 4152 1431 4208 moderatur,
1471 4139 1847 4208 antiquitatem
1874 4132 2287 4186 ecclesiasticam

761 4257 994 4318 reparat,
1028 4244 1094 4294 de
1130 4238 1229 4290 title
1273 4234 1557 4302 opiniones
1604 4224 1897 4285 examinat,
1945 4230 1997 4274 et
2022 4235 2141 4288 qua:
2173 4217 2291 4269 novi

763 4339 1139 4394 reformatores
1173 4328 1313 4379 inter
1352 4321 1604 4373 incautos
1638 4314 2016 4369 disseminant,
2047 4308 2294 4360 oculatus

762 4434 824 4484 all
860 4426 1040 4480 omnia
1076 4416 1316 4475 discidit.
1367 4409 1509 4464 \nter
1552 4413 1631 4460 tot
1664 4403 1798 4455 alios
1838 4398 2045 4453 Patres,
2094 4410 2295 4459 eosque

765 4513 1143 4571 sanctissimos
1194 4518 1336 4558 unus
1383 4500 1430 4551 is
1482 4495 1654 4553 Nilus,
1712 4504 1870 4558 quem
1928 4496 2298 4552 saepenumero

769 4621 861 4675 per
892 4609 1122 4657 mentem
1148 4595 1482 4647 versaverat,
1519 4584 1714 4650 dignus
1768 4578 1917 4629 visus
1974 4580 2076 4633 est,
2112 4572 2201 4638 qui
2234 4570 2296 4620 ad

769 4684 1158 4759 compescenda
1190 4676 1569 4731 haereticorum
1605 4685 1720 4730 ora,
1768 4666 2008 4729 maleque
2046 4672 2298 4713 sanorum

774 4786 1048 4838 hominum
1086 4776 1248 4827 vitam
1285 4765 1516 4836 pessime
1549 4767 1815 4813 tornatam
1854 4753 2035 4806 incudi
2071 4751 2300 4802 redden-

773 4876 891 4927 dam
927 4884 1033 4921 non
1069 4864 1185 4918 sine
1218 4868 1382 4910 succo
1431 4848 1625 4907 Attico,
1679 4852 1732 4896 et
1779 4841 2083 4908 eloquentia
2114 4838 2302 4903 singu-

779 4962 874 5014 lari
905 4957 1045 5027 typis
1089 4952 1272 5005 Graace
1319 4952 1371 4998 et
1406 4928 1593 4993 Latine
1635 4932 2001 4986 mandaretur.
2047 4925 2209 4991 lt’lquc
2251 4932 2306 4973 ut

778 5041 1115 5104 cotnmodius
1160 5040 1325 5095 ﬁeret,
1380 5031 1539 5098 elegit
1574 5027 1745 5078 virum
1790 5019 2149 5072 clarissimum
2202 5014 2307 5065 Lu-

780 5155 897 5194 cam
930 5129 1287 5187 llelstcnittm,
1324 5132 1436 5174 tum
1480 5116 1822 5171 bibliotheca:
1872 5106 2141 5158 Vaticana:
2175 5119 2308 5171 pra:-

784 5232 1004 5286 fectum,
1038 5229 1091 5272 ct
1122 5232 1204 5271 me
1252 5214 1372 5265 licet
1414 5206 1774 5259 llolstenianm
1822 5197 2001 5251 virtuti
2033 5196 2308 5262 imparem,

783 5318 915 5371 tanti
943 5310 1143 5367 laboris
1173 5304 1446 5357 comitem,
1481 5304 1536 5346 ut
1568 5293 1729 5346 simili
1764 5290 1932 5355 opella
1966 5286 2027 5336 ad
2059 5282 2308 5356 templum

786 5407 1005 5463 honoris
1043 5399 1338 5456 induceret,
1390 5386 1717 5455 'nttpertitttt‘.
1770 5376 2043 5433 Sententia
2076 5392 2312 5443 promin-

788 5501 938 5555 tiata,
996 5492 1185 5545 sortito
1234 5477 1547 5536 Holsttuius
1608 5474 1725 5539 ejus
1772 5468 2025 5537 opuscula
2086 5465 2312 5531 reliqua,

790 5602 889 5657 ego
943 5580 1199 5651 epistolas
1245 5573 1398 5641 capio
1469 5564 1657 5619 Studia
1698 5558 1968 5639 'Ilolstenii
2004 5569 2259 5608 excessus
2289 5568 2318 5605 ο

792 5653 899 5729 vita
926 5669 1099 5725 fatalis
1127 5660 1431 5729 disrumpit,
1480 5669 1566 5709 1ec
1599 5653 1704 5723 vita
1744 5658 2016 5716 superstes
2045 5658 2305 5713 propaga-

3767 324 3837 387 48

2308 463 2405 515 vit.
2436 461 2571 514 Cum
2618 470 2726 510 non
2766 463 2954 504 omnes
2994 446 3046 500 in
3082 456 3189 497 uno
3233 440 3421 494 codice
3451 433 3713 506 epistolae,
3749 430 3848 487 sed

2310 553 2365 605 in
2423 548 2674 618 pluribus
2719 555 2851 611 vage
2892 538 3151 605 dispersae
3203 532 3552 588 haberentur,
3601 522 3851 580 collatis.

2311 612 2440 693 nlui
2497 635 2681 704 potui,
2736 626 2997 682 Romanis
3080 618 3485 676 voluminibus.
3543 613 3743 666 fascem
3799 612 3855 661 in

2316 742 2483 806 unum
2504 764 2520 788 ,
2562 723 2777 777 obviam
2828 717 2999 770 factas
3025 712 3175 781 coegi
3197 748 3213 773 ,
3245 704 3516 762 adnotatis
3546 714 3732 755 earum
3762 711 3857 749 va-

2983 804 3013 806 ί-
3390 797 3421 806 ν·
3653 804 3695 806 η
3730 785 3857 806 μευ

2316 785 2763 872 riis\lectionihus
2794 808 2847 862 in
2874 804 3247 861 studiosorum
3285 797 3541 868 gratiam,
3570 804 3705 858 quas
3729 785 3861 840 mihi

2318 906 2405 961 alii
2459 912 2620 972 atque
2669 899 2763 953 alii
2818 896 3036 952 codices
3091 889 3428 946 obtulerunt.
3478 883 3616 935 Tum
3666 892 3752 931 me
3803 876 3863 928 in

2321 1010 2507 1053 earum
2539 993 2661 1048 dedi
2702 988 3006 1045 versionem
3026 1023 3043 1048 ,
3093 981 3255 1050 cujus
3281 990 3431 1032 nunc
3479 968 3758 1038 utcunque
3788 965 3869 1019 fa-

2323 1084 2425 1141 cta:
2451 1126 2467 1151 ,
2495 1085 2636 1139 idem
2662 1078 2948 1141 muniﬁcus
2968 1077 3024 1127 in
3062 1070 3274 1140 publica
3302 1062 3584 1121 commoda
3614 1058 3871 1128 princeps

2323 1147 2615 1232 editionem
2653 1165 2967 1227 demandat.
3025 1162 3091 1216 Et
3146 1175 3236 1214 res
3293 1158 3407 1211 haec
3463 1168 3562 1222 per
3609 1147 3873 1204 indicium

2324 1242 2606 1321 enuntiata
2634 1260 2848 1315 videtur
2890 1255 2959 1308 ab
2990 1249 3362 1307 eruditissimo
3389 1241 3684 1298 Francisco
3712 1236 3874 1290 Com-

2326 1357 2481 1421 bclis,
2502 1355 2558 1407 in
2587 1348 2877 1405 recensitis
2920 1341 3238 1398 auctoribus
3267 1334 3620 1391 Bibliotheca:
3654 1328 3879 1381 Patrum

2327 1419 2749 1498 concionatoria:
2800 1436 2855 1488 in
2882 1431 3007 1486 Nilo
3039 1449 3054 1484 :
3104 1425 3358 1495 Epistula:
3405 1421 3523 1476 Nili
3553 1419 3675 1472 dari
3702 1425 3885 1484 potue-

2332 1542 2450 1587 rant
2488 1549 2519 1583 a
2556 1526 2857 1582 «laetissimo
2910 1521 3080 1575 Leone
3121 1517 3357 1580 Allatio,
3406 1514 3455 1567 si
3506 1510 3706 1577 factum
3747 1500 3884 1558 satis

2328 1630 2463 1690 esset
2484 1620 2617 1674 votis
2640 1612 3038 1671 eminentissimi
3064 1604 3356 1663 cardinalis
3380 1599 3657 1656 Francisci
3690 1595 3889 1649 Barba-

2335 1713 2460 1773 rini,
2496 1709 2622 1762 mihi
2664 1708 2771 1775 ipse
2812 1703 2880 1757 ad
2921 1701 3122 1772 prelum
3191 1695 3478 1765 offerentis.
3512 1706 3631 1743 cum
3658 1702 3775 1742 eum
3799 1699 3889 1736 re-

2337 1803 2423 1873 gia
2448 1770 2660 1855 iutetia
2684 1770 2968 1863 thospiten‘t'
2987 1790 3194 1843 haberet
3241 1800 3260 1840 :
3304 1785 3488 1854 quippe
3518 1782 3665 1847 longe
3690 1770 3891 1844 plures.

2338 1902 2553 1960 excepta
2602 1890 2700 1943 viri
2736 1902 2911 1954 opera,
2963 1882 3262 1936 Graecarum
3307 1890 3481 1929 rerum
3535 1870 3795 1939 indagine,
3839 1872 3894 1919 et

2342 1982 2533 2051 peritia
2570 1989 2749 2032 nostra
2780 1990 2886 2029 amo
2914 1968 3373 2047 facile,principis.

2413 2070 2711 2136 Antequam
2759 2066 2826 2119 ad
2860 2063 2983 2116 alia
3026 2042 3379 2130 progrediar,
3438 2049 3569 2103 illud
3632 2042 3893 2101 oblivioni

2348 2164 2477 2216 dare
2503 2132 2921 2214 consentaneum
2950 2150 3097 2205 nullo
3129 2146 3286 2200 modo
3318 2142 3449 2197 mihi
3480 2139 3713 2196 videtur,
3748 2132 3896 2203 quod

2354 2247 2837 2320 prarstantissimus
2893 2241 3014 2304 vir,
3065 2246 3118 2291 et
3171 2239 3225 2288 in
3275 2231 3492 2298 scriptis
3544 2228 3894 2293 antiquorum

2352 2338 2665 2397 evolvendis
2703 2335 3091 2405 sagacissimus
3140 2326 3419 2380 Emericus
3456 2319 3700 2390 Bigotius
3754 2329 3899 2382 saepe

2354 2430 2663 2492 admonuit,
2696 2415 2979 2494 epistolam
3014 2419 3071 2474 S.
3115 2417 3222 2470 Nili
3257 2416 3322 2468 ad
3364 2412 3640 2465 Xenonem
3696 2405 3901 2459 Memo-

2357 2522 2569 2577 rialium
2600 2534 2630 2571 a
2650 2516 2877 2570 Possino
2901 2512 3124 2569 editam,
3147 2505 3384 2561 editione
3402 2497 3717 2559 Parisiensi,
3746 2509 3898 2547 num.

2356 2611 2481 2673 260,
2517 2615 2809 2663 extractam
2851 2602 3016 2655 fuisse
3045 2613 3109 2652 ex
3146 2597 3203 2649 S.
3251 2592 3433 2647 Basilii
3463 2588 3798 2656 expositione
3843 2582 3901 2635 in

2360 2701 2554 2771 psalm.
2604 2710 2773 2750 xsxu.
2821 2693 2895 2745 Ea
2940 2691 2994 2744 in
3028 2688 3161 2741 meis
3213 2693 3294 2738 est
3344 2683 3378 2733 Ι.
3423 2696 3460 2743 ι,
3511 2677 3669 2746 epist.
3718 2672 3908 2735 56,et

2362 2763 2599 2860 incipit:
2662 2787 2722 2840 '0
2773 2784 2905 2844 Θεὸς
2958 2779 3110 2849 ἡμῶν
3165 2776 3349 2843 ἀγαπᾷ
3396 2766 3756 2839 ἐλεημοσύνην
3812 2763 3910 2815 καὶ

2365 2883 2564 2953 κρίσιν.
2606 2860 2921 2930 Examinavi
2967 2871 3253 2937 diligenter
3274 2905 3289 2929 ,
3320 2874 3370 2919 et
3402 2878 3513 2917 rem
3548 2872 3749 2914 meram
3785 2867 3911 2909 esse

2366 2969 2624 3039 comperi.
2659 2963 2935 3019 Sententia
2968 2961 3153 3013 cazlem
3195 2965 3322 3018 est,
3356 2953 3532 3017 ,verba
3584 2961 3799 3019 quoque
3848 2952 3911 2996 ut

2367 3037 2653 3131 plurimum
2707 3054 2915 3110 eadem.
2956 3050 3111 3102 Nilus
3162 3057 3340 3101 tamen
3401 3050 3583 3095 noster
3637 3037 3913 3105 plerisque

2370 3122 2663 3203 immutatis
2701 3153 2754 3197 et
2782 3140 2983 3194 additis
3018 3137 3145 3189 fecit
3178 3149 3350 3188 suam.
3387 3128 3538 3194 Quod
3574 3128 3626 3178 in
3659 3122 3914 3178 Patribus

2372 3251 2568 3289 novum
2620 3248 2725 3285 non
2779 3237 2882 3284 est.
2930 3227 3153 3293 Semper
3202 3221 3401 3275 etenim
3459 3218 3512 3269 in
3561 3228 3623 3268 ea
3670 3208 3917 3263 Ecclesia

2373 3324 2701 3380 recentiores
2731 3320 2917 3371 Patres
2936 3356 2952 3379 ,
2998 3314 3334 3381 antiquiores
3362 3309 3436 3361 uti
3469 3299 3915 3361 venerabundos,

2376 3421 2429 3466 et
2450 3410 2763 3480 augustiora
2793 3407 2969 3474 capita
3008 3401 3233 3456 assiduo
3269 3399 3359 3451 die
3391 3403 3659 3462 noctuque
3692 3404 3919 3460 percur-

2376 3511 2589 3565 rentes,
2636 3496 2900 3568 quidquid
2935 3494 3000 3548 ad
3040 3506 3219 3546 mores
3246 3486 3643 3548 instituendos,
3674 3491 3728 3537 et
3762 3493 3921 3536 sacra

2378 3593 2550 3662 elogia
2581 3586 2947 3660 patefacienda
2984 3591 3378 3654 Opportunum.
3420 3586 3472 3632 et
3512 3576 3723 3629 obviam
3760 3571 3918 3640 cupi-

2380 3685 2533 3740 ditati
2593 3682 2939 3749 irrepsisset,
3009 3674 3335 3728 adnotabant
3390 3671 3443 3721 in
3497 3666 3747 3726 schcdis,
3806 3670 3922 3715 tum

2382 3775 2598 3829 demum
2649 3770 2863 3823 fortuna
2899 3767 3077 3819 ablata
3119 3762 3298 3815 studia
3338 3774 3456 3813 sese
3502 3752 3921 3808 exercitantium

2385 3866 2764 3931 promoventes
2812 3856 2931 3909 aliis
2979 3867 3195 3922 quoque
3248 3844 3737 3923 communicahant.
3768 3840 3926 3903 Quod

2385 3950 2563 4003 Nilum
2615 3947 2809 4001 iecisse
2851 3960 2956 3998 non
2991 3946 3043 3995 in
3074 3943 3174 3994 hac
3206 3938 3433 4006 epistola
3468 3916 3674 3986 tantum
3700 3973 3714 3997 ,
3748 3930 3837 3985 sed
3868 3930 3927 3983 in
3958 3954 3961 3955 ν

2389 4040 2511 4093 aliis
2574 4036 2895 4105 permultis,
2950 4046 3071 4100 qum
3129 4026 3528 4081 curiosioribus
3588 4020 3928 4082 constabant,

2391 4128 2683 4182 verisimile
2713 4134 2813 4177 est.
2857 4122 2925 4175 Ut
2967 4136 3093 4174 vero
3134 4118 3349 4171 modum
3402 4115 3615 4177 discas,
3653 4122 3707 4167 et
3752 4112 3935 4180 possis

2392 4215 2655 4271 imitando
2710 4210 3011 4265 consectari
3066 4216 3185 4275 post
3241 4208 3435 4259 lectam
3486 4204 3590 4257 Nili
3647 4203 3931 4270 epistolam

2396 4307 2591 4361 habeto
2644 4304 2737 4357 tibi
2784 4301 2962 4354 Basilii
3018 4299 3194 4367 ipsius
3229 4298 3428 4356 verba,
3472 4304 3527 4348 et
3567 4309 3688 4347 cum
3724 4292 3937 4346 Nilanis

2395 4407 2646 4460 compara
2685 4409 2697 4441 :
2737 4391 2947 4455 Ἀγαπᾷ
2980 4391 3008 4437 ὁ
3037 4387 3164 4446 Θεὸς
3196 4384 3556 4453 ἐλεημοσύνην
3606 4384 3699 4434 καὶ
3732 4382 3935 4457 κρίσιν’,

2397 4482 2556 4532 οἱονεὶ
2606 4476 2874 4547 πάρεδρον
2928 4473 3100 4541 ἐαυτῷ
3151 4472 3245 4538 τὴν
3301 4450 3661 4539 ἐλεημοσύνην
3712 4450 3942 4538 ποιησᾶ-

2403 4578 2556 4639 μενος
2576 4607 2590 4631 ,
2619 4568 2711 4620 καὶ
2741 4563 3127 4635 προϐληθεῖσαν
3155 4562 3231 4631 τῷ
3262 4559 3520 4630 βασιλικῷ
3561 4559 3658 4629 τῆς
3703 4562 3938 4629 κρίσεως

2401 4660 2607 4729 ορόνω,
2658 4655 2794 4725 οὖτῳ
2840 4654 3071 4722 παράγει
3116 4653 3193 4712 εἰς
3242 4650 3418 4720 κρίσιν
3470 4651 3714 4701 ἕκαστον.
3757 4668 3775 4697 ι
3815 4649 3942 4700 Ἐὰν

2402 4748 2624 4815 ἀνομίας
2661 4743 3071 4810 παρατηρήσῃς,
3114 4739 3303 4808 Κύριε,
3339 4738 3529 4805 Κύριε,
3574 4736 3657 4796 τίς
3704 4737 3944 4806 ὑποστή-

2379 4853 2589 4900 ,σεται;
2616 4854 2633 4883 ι
2679 4831 2814 4883 υῦτε
2844 4834 2875 4899 ἡ
2909 4829 3238 4899 ἐλεημοσύνη
3276 4828 3512 4896 ἄκριτος,
3547 4823 3665 4875 οὔτε
3700 4827 3730 4892 ἡ
3764 4825 3965 4894 κρίσις,

2404 4926 2734 4993 ἀνελεήμων.
2770 4921 2879 4990 Πρό
2907 4922 3002 4989 τῆς
3033 4920 3260 4988 κρίσεως
3286 4914 3375 4968 οὖν
3422 4916 3619 4983 ἀγαπᾷ
3646 4916 3943 4999 ἐλεημοσύ-

2407 5035 2525 5085 νην,
2582 4992 2673 5068 καὶ
2726 5014 2859 5083 μετὰ
2903 5013 2997 5081 τὴν
3030 5009 3391 5079 ἐλεημοσύνην
3444 5008 3658 5075 ἔρχεται
3843 5008 3949 5076 τὴν

2411 5106 2607 5175 κρίσιν.
2650 5102 2832 5153 Ταῦτα
2885 5101 2940 5151 δὲ
2998 5100 3241 5166 ἀλλήλοις
3294 5095 3680 5161 συνέζευκται,
3728 5099 3755 5148 ὁ
3800 5095 3949 5158 ἕλεος

2413 5195 2547 5264 μετὰ
2590 5192 2687 5261 τῆς
2718 5190 2943 5259 κρίσεως
2968 5207 2980 5219 ·
3028 5191 3112 5239 ἵνα
3154 5190 3284 5255 μήτε
3313 5185 3340 5234 ὁ
3380 5184 3519 5246 ἕλεος
3557 5185 3713 5253 μόνος
3745 5182 3955 5251 ’χαυνό-

2410 5301 2547 5353 τητα
2594 5281 2903 5349 ἐμποιήσῃ,
2968 5280 3107 5347 μήτε
3166 5277 3297 5344 μόνη
3348 5276 3589 5345 ήκρίσις
3641 5274 3955 5339 ἀπόγνωσιν

2429 5370 2803 5439 ἐνεργάσηται.
2842 5367 3091 5418 Βούλεταί
3122 5382 3179 5415 σε
3208 5364 3453 5432 ἐλεῆσαι,
3492 5366 3584 5415 καὶ
3619 5363 3725 5413 τῶν
3756 5363 3953 5415 ἑαυτοῦ

2428 5459 2721 5527 οἰκτιρμῶν
2769 5455 3081 5524 μεταδοῦναι
3126 5456 3151 5503 ὁ
3182 5454 3367 5521 κριτής
3393 5474 3405 5485 ·
3450 5454 3561 5505 ἀλλ’
3600 5455 3691 5503 ἐὰν
3731 5453 3860 5523 ε’ύρῃ
3895 5472 3957 5506 σε

2421 5550 2559 5619 μετὰ
2585 5548 2679 5615 τὴν
2706 5546 2974 5615 ἁμαρτίαν
2998 5547 3266 5604 ταπεινὸν,
3292 5544 3761 5611 συντετριμμένον,
3786 5544 3960 5598 πολλὰ

2424 5639 2858 5710 μετακλαύσαντα
2901 5637 2989 5689 ἐπὶ
3031 5640 3137 5699 τοῖς
3185 5637 3431 5704 πονηροῖς
3463 5633 3658 5703 ἔργοις,
3701 5633 3765 5686 τὰ
3802 5638 3959 5701 γενό-
