4134 6328
320 290 385 353 to
960 281 963 283 ’
1481 274 1783 345 Νοτινιίετ
1829 281 1904 338 IN
1949 292 1952 337 :

1870 281 1904 338 ἵ
1949 285 2006 340 S.
2050 284 2310 341 NII.U\I.
2839 284 2842 286 ⁷
3436 276 3502 337 50

319 418 452 465 μενα
467 402 668 469 κρυςςῆ,
688 398 1114 466 ἁνεπαισχύντως
1133 396 1194 462 δη
1203 412 1351 461 μοσιε
1363 394 1579 455 ύσαντα,
1599 393 1860 461 δεηθέντα

317 489 554 553 αόελφῶν
586 490 882 553 συγκαμεῖν
914 503 993 537 σοι
1036 485 1169 553 πρὸς
1216 484 1313 552 τὴν
1350 484 1515 544 ἴασιν,
1550 484 1667 535 ὅλον
1700 483 1863 533 ἐλεει-

318 580 405 630 νόν
441 597 499 629 σε
544 580 837 645 γενόμενον
879 577 970 627 ὲάν
1012 575 1125 643 ἴδῃ,
1156 574 1381 639 ἄφθονόν
1412 590 1490 623 σοι
1526 572 1622 640 τὴν
1666 566 1863 622 ἑαυτοῦ

318 667 683 735 ζλεημοσύνην
732 668 1062 733 ἐπιχορηγεῖ.
1115 665 1238 716 Ἐὰν
1289 664 1344 714 δὲ
1388 663 1607 731 καρδίαν
1655 664 1864 729 suam-

322 758 528 825 νόητον,
561 756 812 824 φρόνημα
850 756 1210 824 ὑπερήφανον,
1242 754 1495 807 ἀπιστίαν
1533 752 1624 803 τοῦ
1666 750 1858 810 αἰῶνος

318 845 415 896 τοῦ
449 844 734 912 μέλλοντος
761 887 775 907 ,
804 844 1029 910 ἀφοϐίαν
1074 844 1171 911 τῆς
1218 843 1449 913 κρίσεως
1475 881 1488 903 ,
1521 841 1641 892 τότε
1669 841 1859 908 ἀγαπᾷ

316 930 411 980 ἐπὶ
441 930 523 980 σοὶ
568 931 667 998 τὴν
712 931 908 999 κρίσιν.
955 930 1040 989 Ὡς
1084 930 1190 998 γὰρ
1242 929 1420 998 ἰατρὸς
1471 925 1709 995 ἐμμελὴς
1763 926 1858 977 καὶ

321 1018 718 1086 φιλάνθρωπος,
750 1020 1154 1086 καταντλήμασι
1184 1018 1442 1086 πρότερον
1466 1017 1560 1069 καὶ
1586 1014 1855 1084 περιπλά-

317 1119 515 1170 σμασιν
562 1104 784 1165 ἁπαλοῖς
828 1107 1077 1172 πειρᾶται
1126 1104 1467 1155 καταστεῖλαι
1510 1104 1571 1154 τὸ
1616 1104 1846 1171 οίδημα⁶

316 1192 454 1243 ὲπάν
486 1192 542 1243 δὲ
590 1194 671 1262 ῖδῃ
718 1194 1006 1253 ἀνενδότως
1059 1193 1152 1245 καὶ
1184 1192 1427 1259 σκληρῶς
1470 1192 1858 1244 ἀντιτυποῦντα

316 1281 407 1334 τὺν
427 1282 615 1349 ὄγκον,
640 1283 797 1351 ῥίψας
817 1284 905 1334 τὸν
928 1282 1092 1343 ἔλεον,
1116 1281 1209 1332 καὶ
1228 1282 1323 1349 τὴν
1350 1280 1593 1349 μαλακὴν
1616 1282 1856 1349 ἀγωγὴν,

315 1371 553 1437 αἱρεῖται
603 1369 786 1421 λοιπὸν
836 1369 934 1437 τὴν
981 1368 1074 1419 τοῦ
1127 1367 1341 1435 σιδήρου
1392 1368 1604 1435 χρῆσιν.
1648 1368 1860 1436 ’Δγαπᾷ

313 1453 411 1509 οὗν
449 1458 814 1527 ἐλεημοσύνην
860 1460 952 1511 ἐπὶ
981 1458 1087 1509 τῶν
1131 1456 1550 1525 μετανοούντων,
1584 1458 1771 1526 ἀγαπᾷ
1803 1458 1858 1508 δὲ

323 1548 423 1598 καὶ
455 1548 633 1618 κρίσιν
668 1549 758 1599 ἐπὶ
802 1549 909 1599 τῶν
947 1547 1255 1599 ἀνενδότων.
1290 1546 1539 1598 Τοιοῦτόν
1587 1564 1639 1597 τι
1690 1548 1785 1599 καὶ
1828 1549 1857 1599 ὁ

326 1636 557 1697 Ἡσαΐας
606 1633 751 1702 λέγει
780 1637 855 1706 τῷ
885 1636 1039 1705 Θεῷ,
1089 1637 1169 1687 ὄτι
1203 1654 1221 1685 ι
1269 1635 1332 1687 Ἦ
1373 1635 1708 1703 ἐλεημοσύνη
1764 1652 1857 1691 σου

320 1726 399 1785 είς
429 1726 683 1792 σταθμόν.
726 1745 745 1777 υ
780 1728 887 1779 Καὶ
927 1727 1033 1793 γὰρ
1063 1727 1308 1789 κάκεῖνος
1339 1726 1435 1795 τὴν
1467 1726 1599 1793 μετά
1628 1725 1858 1793 κρίσεως

320 1814 692 1883 ἐλεημοσύνην
751 1817 1077 1884 παρίστησι,
1124 1815 1292 1883 ζυγῷ,
1327 1818 1417 1868 καὶ
1456 1816 1672 1885 ἀριθμῷ
1699 1853 1713 1873 .
1765 1819 1879 1894 καὶ⁹

327 1900 549 1970 σταθμῷ
591 1903 733 1955 κατά
777 1905 875 1971 τὴν
926 1904 1153 1955 ἑκάστου
1206 1905 1359 1968 ἀξίαν
1390 1906 1855 1975 ἀντιμετροῦντος.

322 1986 445 2042 ιιοο
506 1992 669 2043 etiam
721 1991 1113 2059 antiquissimis
1167 1995 1571 2062 scriptoribus,
1634 2004 1686 2047 et
1736 2002 1860 2046 ante

318 2078 596 2131 Christum
652 2082 796 2134 natis
828 2084 881 2134 in
928 2097 1075 2135 more
1106 2082 1273 2138 fuisse
1310 2085 1544 2152 positum
1571 2123 1585 2143 .
1642 2099 1703 2136 ex
1740 2083 1859 2135 Cle-

321 2176 502 2219 mente
530 2169 916 2231 Alexandrino,
948 2180 1000 2223 et
1035 2174 1158 2226 aliis
1200 2174 1333 2226 satis
1369 2174 1488 2227 fuse
1535 2175 1759 2240 probav-i
1804 2175 1857 2226 in

317 2264 554 2309 tractatu
592 2272 710 2309 meo
742 2258 814 2311 De
853 2261 1238 2314 conscribendis
1272 2264 1526 2330 epistolis.
1560 2262 1739 2326 Quare
1773 2262 1861 2319 hic

319 2348 472 2411 plura
510 2346 693 2400 dicere
727 2350 1066 2416 supersedeo.

388 2432 640 2498 Ejusdem
668 2442 887 2487 exstant
926 2436 1267 2502 expositiones
1297 2437 1352 2499 in
1381 2424 1859 2494 Canticumcanti-

314 2536 515 2583 corum,
553 2538 659 2574 una
706 2538 826 2574 cum
862 2522 1095 2592 Nysseni
1145 2524 1409 2594 Gregorii,
1462 2527 1677 2583 Maximi
1710 2546 1864 2584 com-'

317 2611 637 2674 melllal‘IlS,
690 2615 1017 2668 carminibus
1086 2615 1321 2681 politicis
1374 2615 1652 2673 Michaelis
1697 2618 1858 2674 Pselli

316 2695 501 2749 Graece
549 2706 602 2750 et
633 2699 821 2751 Latine
859 2702 1045 2753 eodem
1089 2700 1225 2754 Zino
1269 2702 1579 2771 interprete,
1628 2714 1775 2759 tonio
1814 2707 1858 2760 II

321 2786 565 2837 Actuarii
608 2786 951 2841 Bibliothecae
989 2789 1237 2842 Veterum
1279 2790 1493 2843 Patrum
1536 2789 1856 2859 Graeco-La-

317 2872 453 2933 tini,
492 2886 636 2925 anno
669 2873 804 2925 1624
863 2890 876 2924 :
927 2886 978 2929 et
1031 2885 1162 2931 tom.
1208 2877 1321 2931 XIII
1372 2877 1697 2937 Moi-ellianm
1744 2886 1857 2939 edi-

311 2962 498 3012 tionis.

384 3046 442 3098 In
488 3048 826 3101 bibliothecae
879 3048 1256 3106 Scoriacensis
1315 3052 1532 3120 Indice,
1590 3074 1753 3127 opera
1804 3072 1856 3115 et

310 3135 499 3190 studio
541 3138 830 3191 Alexandri
862 3139 1107 3193 Baruarii
1139 3140 1285 3195 facto
1335 3152 1514 3199 exstat
1568 3146 1765 3202 Catena
1799 3152 1855 3204 in

311 3224 538 3278 Cantica
575 3228 923 3293 canticorum,
954 3239 1001 3281 et
1040 3231 1094 3281 in
1129 3246 1243 3282 eam
1276 3231 1650 3290 Enarrationes
1685 3239 1853 3294 Tlteo-

311 3313 483 3366 doreti
527 3318 840 3381 prwsertim,
882 3316 1119 3383 Gregorii
1160 3318 1393 3387 Nisseni,
1438 3323 1575 3392 Nili,
1620 3327 1852 3395 Eusebii,

314 3401 566 3467 Maximi,
606 3414 653 3456 et
690 3404 851 3458 Pselli
884 3407 1111 3461 rersibus
1142 3410 1390 3478 politicis,
1420 3413 1681 3472 Labbaus
1711 3420 1851 3486 I77;

311 3489 482 3553 IJcm,
519 3507 639 3560 pag.
667 3495 791 3547 274.

383 3580 759 3637 Enarrationes
784 3586 836 3637 in
855 3587 1073 3642 Cantica
1102 3594 1423 3647 canticorum
1446 3596 1563 3650 Nili
1592 3599 1646 3651 in
1669 3601 1856 3656 biblio-

312 3668 475 3720 theca
508 3669 693 3738 Regia,
726 3675 847 3728 cod.
880 3676 1007 3730 278.
1040 3679 1185 3734 Idem
1225 3698 1347 3754 pag.
1379 3685 1484 3739 506
1516 3704 1531 3739 :
1562 3687 1679 3741 Nili
1734 3708 1856 3745 non.

312 3758 468 3811 nulla
512 3762 761 3826 opuscula
788 3766 1125 3821 Enchiridion
1169 3770 1525 3829 Christianum
1550 3794 1668 3831 cum
1695 3782 1856 3834 inter-

308 3851 603 3913 pretatione
632 3853 683 3904 in
714 3854 904 3909 codice
932 3856 1098 3927 Regio
1128 3860 1288 3914 22l8.

383 3936 562 3994 Josias
596 3940 859 3998 Simlerus
898 3946 951 3999 in
985 3947 1603 4016 Epitome‘Gesneriana
1666 3961 1854 4015 scribit

309 4024 495 4078 Nilum
562 4032 875 4099 episcopum
931 4035 1591 4109 Constantiuopolitanum
1652 4047 1851 4104 Iibrttm

310 4116 605 4185 scripsisse
664 4122 928 4176 Adversus
979 4116 1175 4181 Grarctc
1236 4136 1625 4198 superstitionis
1686 4151 1853 4194 secta-

312 4215 331 4254 ι
340 4222 469 4258 ures.

381 4292 753 4367 Notanturque
803 4300 930 4353 alibi
975 4302 1257 4360 Sententia:
1302 4308 1534 4363 Morales
1582 4330 1645 4365 ex
1675 4316 1853 4373 (ἔνωοο

310 4384 368 4434 in
388 4382 642 4474 Latinum
672 4403 833 4441 versa:
863 4406 897 4441 α
934 4390 1199 4447 Bilibaldo
1239 4396 1612 4467 Pircheimero,
1650 4406 1853 4474 Argen-

310 4471 461 4536 Iinar,
494 4473 651 4526 1416.

382 4558 695 4647 Etitiandem
725 4565 1009 4632 Labhaaus,
1040 4586 1159 4639 pag.
1195 4572 1318 4637 382,
1359 4576 1448 4629 ubi
1482 4580 1592 4647 agit
1620 4583 1686 4635 de
1727 4587 1855 4638 scri-

307 4646 419 4714 ptis
461 4646 668 4705 Nicolai
698 4652 993 4721 Cabasilae,
1029 4658 1132 4710 Nili
1168 4676 1232 4713 ex
1283 4646 1539 4729 praelecto
1594 4670 1852 4727 Constan-

311 4734 675 4802 tinopolitano
734 4745 1002 4797 monacho
1061 4746 1403 4804 Enchiridian
1457 4758 1848 4822 pmuitentiale.

310 4822 503 4919 Incipit
556 4844 570 4879 :
632 4829 692 4883 '0
756 4831 1017 4896 ἑκουσίως
1074 4839 1337 4902 φονεύσας
1388 4843 1497 4911 ἔχει
1556 4849 1846 4919 ἐπιτίμιον.

309 4912 563 5008 Desinit:
604 4918 995 4989 Περιπίπτουσι
1022 4926 1478 4998 πλημμελήματα.
1506 4912 1849 5008 Ηονοιορὶιιηι

310 5006 679 5059 monasticam.
709 5010 899 5079 Incipit
927 5032 938 5065 :
982 5014 1148 5066 Ἐπάν
1176 5018 1421 5081 παιδείας
1448 5025 1496 5073 οί
1532 5026 1675 5093 ἅγιοι
1704 5006 1851 5097 γεγό·

308 5110 454 5144 vast.
492 5093 701 5149 Desinit
731 5114 746 5149 :
790 5101 949 5153 Ἀλλά
988 5106 1077 5156 καὶ
1108 5106 1226 5163 λίαν
1263 5108 1617 5178 ἐνοχλεῖσθαι.
1650 5093 1849 5173 Instru-

450 5187 744 5281 ntonastica
769 5188 871 5243 hoc
908 5195 1175 5263 principio
1202 5208 1391 5252 exorta
1428 5217 1441 5251 :
1478 5204 1585 5256 Ποῦ
1617 5210 1741 5271 τοὺς
1772 5213 1846 5281 μὴ

304 5270 535 5332 εἰδότας.
574 5272 818 5331 Desinit:
851 5281 968 5333 Κᾶν
1008 5282 1194 5349 ὕμνοις
1232 5288 1542 5354 καὶ-αὐτοῖς
1567 5270 1847 5363 ἀναγκαῖοί

302 5366 433 5457 ε-ίσι.
559 5381 677 5443 pag.
716 5369 836 5433 IOI,
870 5388 988 5434 cap.
1030 5378 1097 5430 55
1123 5419 1137 5443 ,
1199 5381 1252 5433 in
1302 5384 1421 5436 cod.
1473 5385 1640 5457 Regio
1691 5392 1844 5449 I788.

303 5454 403 5507 Est
435 5453 578 5507 edita
616 5458 759 5511 inter
785 5458 1072 5529 Epistolas.

376 5543 485 5599 Sed
518 5546 674 5611 longe
716 5548 982 5614 longeque
1021 5557 1274 5623 plurima,
1305 5569 1355 5617 ct
1378 5569 1652 5634 permulto
1682 5572 1838 5624 etiam

1969 391 2197 441 clariora
2236 398 2528 456 supersunt
2564 386 2764 438 edenda
2820 386 2978 453 hujus
3028 385 3364 439 sanctissimi
3403 385 3499 436 viri

1967 480 2266 545 opuscula.
2326 494 2443 545 qua:
2498 477 2625 526 faxit
2696 474 2869 534 Deus,
2925 486 2981 526 ut
3034 474 3245 525 tandem
3303 474 3502 540 aliquo-

1969 582 2083 617 rum
2118 566 2298 619 studio
2342 573 2393 617 cl
2441 563 2717 630 diligentia
2767 562 2819 613 iu
2869 561 3039 613 lucem
3095 559 3339 621 veniant,
3385 574 3504 626 qua:

1969 657 2069 706 hac
2130 653 2375 720 subjecta
2439 653 2659 705 notione
2712 656 2906 703 testata
2970 648 3022 700 in
3087 662 3248 700 omne
3293 655 3501 715 tempus

1969 745 2202 796 venient.

2040 832 2217 895 Duas,
2274 847 2408 901 quas
2472 843 2776 900 postremas
2846 831 3077 883 Vidimus
3124 829 3382 896 epistolas
3438 831 3501 879 ad

1967 922 2340 983 Heliodorum,
2374 931 2427 975 et
2451 921 2919 991 Olympiodorunt,
2952 921 3004 971 iu
3039 919 3261 987 septima
3298 918 3504 987 synodo

1964 1011 2221 1079 generali,
2271 1018 2373 1064 act.
2406 1011 2566 1074 -I,,uti
2595 1010 2701 1062 Nili
2729 1023 3020 1077 germanus
3068 1000 3255 1075 partus
3300 1006 3502 1075 scriptu

1961 1101 2184 1157 redditae
2216 1109 2379 1161 sunt,
2436 1100 2501 1152 ad
2544 1115 2731 1152 eorum
2780 1113 3019 1151 errorem
3073 1096 3497 1163 reprimendum,

1959 1192 2056 1261 qui
2098 1191 2413 1244 asserebant
2444 1188 2621 1241 Nilum
2652 1196 2842 1241 contra
2890 1187 3149 1255 imagines
3194 1186 3497 1255 scripsisse.

1959 1282 2029 1335 Et
2061 1290 2380 1347 postremam
2421 1278 2488 1331 ad
2533 1276 2977 1345 Olympiodorum
3004 1316 3018 1337 ,
3054 1276 3121 1329 ab
3168 1275 3373 1330 eisdem
3412 1277 3478 1329 de

1958 1375 2244 1438 pravatum
2302 1367 2472 1422 fuisse
2520 1366 2930 1419 corroboratur.
2977 1364 3084 1433 Ipsi
3131 1364 3272 1444 enim
3310 1380 3406 1432 pro
3438 1380 3501 1417 eo

1957 1458 2105 1527 quod
2145 1457 2279 1510 dixit
2304 1455 2459 1511 Nilus
2489 1473 2502 1507 :
2538 1456 2679 1509 Hinc
2726 1465 2775 1508 et
2824 1455 2944 1508 inde
2976 1456 3147 1523 pinge,
3191 1454 3387 1507 Dealba
3416 1469 3501 1522 po-

1958 1555 2206 1602 suerunt.
2241 1544 2304 1597 Et
2329 1560 2395 1601 ex
2424 1545 2636 1599 duabus
2659 1545 3022 1598 convincitur.
3058 1543 3194 1597 Ecce
3224 1554 3498 1596 ostensum

1958 1645 2041 1691 est
2099 1635 2337 1703 liquido,
2377 1636 2504 1703 quia
2535 1637 2652 1704 ipse
2690 1645 2914 1691 sanctus
2939 1674 2951 1693 .
2987 1643 3041 1686 et
3075 1634 3322 1703 egregius
3350 1640 3501 1701 pater

1958 1728 2116 1782 Nilus
2169 1734 2389 1781 sanctas
2446 1728 2633 1781 icones
2689 1726 3016 1794 suscipiebat
3050 1742 3068 1776 :
3098 1730 3384 1777 accusatus
3416 1732 3497 1776 est

1961 1825 2141 1869 autem
2187 1831 2214 1866 a
2244 1814 2663 1885 pseudosyllogo
2711 1814 2799 1868 illo
2826 1853 2840 1875 ,
2896 1814 3037 1882 quod
3090 1823 3275 1867 contra
3315 1813 3498 1865 icones

1960 1906 2177 1958 locutus
2208 1901 2388 1956 fuerit.

2029 1992 2213 2046 Tract.
2259 1992 2377 2044 ’Ότι
2421 1991 2731 2062 διαφέρουσι
2788 1992 2893 2044 τῶν
2945 1992 3003 2044 ὲν
3048 1992 3265 2044 πόλεσιν
3304 1992 3496 2043 ἀσκου-

1962 2083 2131 2150 μένων
2170 2082 2227 2131 of
2258 2082 2315 2131 ὲν
2346 2080 2533 2149 ἐρήμῳ
2562 2082 2922 2149 ἡσυχάζοντες
2947 2120 2961 2144 ,
3011 2080 3112 2133 κᾶν
3142 2079 3355 2140 πολλοῖς
3383 2079 3493 2130 τῶν

1957 2171 2197 2238 ἀπείρων
2243 2170 2300 2219 τὸ
2341 2170 2578 2221 ἐναντίον
2619 2169 2791 2237 δοκῇ·
2834 2169 2934 2233 Qui
2971 2168 3023 2221 in
3071 2165 3253 2221 eremis
3288 2171 3495 2237 acquie-

1960 2269 2143 2324 scunt,
2186 2259 2348 2312 multo
2390 2258 2504 2313 illis
2552 2275 2663 2312 esse
2699 2260 3091 2324 prwslantiores
3115 2299 3129 2323 ,
3171 2261 3258 2328 qui
3290 2260 3340 2311 in
3373 2259 3497 2310 ciri-

1961 2350 2502 2428 tatibusurecoluntur,
2537 2353 2654 2404 licet
2687 2350 2841 2405 multi
2884 2351 3147 2420 inexperti
3174 2351 3495 2403 contrarium

1962 2450 2202 2503 teneant,
2235 2440 2295 2492 Ρ.
2332 2441 2535 2509 Τέχνης
2572 2442 2668 2511 μὲν
2714 2442 2930 2513 ἀπάσης
2980 2441 3045 2495 τὰ
3096 2442 3326 2511 τεχνητὰ
3377 2437 3495 2511 κρί-

1958 2547 2155 2593 νοντες,
2188 2532 2417 2600 ἄπειροι.

2028 2621 2162 2690 Περὶ
2214 2620 2591 2689 ἀκτημοσύνης
2638 2621 2782 2692 πρὸς
2817 2622 3033 2688 Μάγνον
3083 2621 3323 2674 διάκονον
3370 2623 3494 2687 Ἀγρ

1960 2710 2149 2779 κύρας.
2212 2708 2289 2762 Ita
2349 2710 2536 2779 legunt
2586 2712 2831 2763 nonnulli
2866 2711 3097 2765 codices.
3156 2710 3262 2763 Alii
3314 2712 3495 2779 legunt

1958 2799 2096 2865 Πρὸς
2127 2800 2349 2865 Μάγναν
2374 2815 2388 2828 ·
2426 2800 2517 2852 alii
2548 2801 2683 2869 πρὸς
2729 2801 3076 2868 Μαγνησίλαν
3114 2801 3203 2853 τὸν
3246 2801 3482 2853 διάκονον

1971 2886 2259 2959 Ἀγκύρας.
2291 2888 2394 2939 Alii
2420 2928 2435 2950 ,
2467 2887 2662 2957 Πρὼην
2692 2888 2791 2956 μὲν
2820 2890 2950 2956 πρὸς
2992 2890 3113 2951 τοὺς
3142 2890 3495 2959 ἀμελέστερον

1963 2976 2239 3044 μετιόντας
2289 2975 2378 3026 τὸν
2420 2976 2699 3043 μοναδικὸν
2754 2976 2886 3044 βίον.
2921 2976 2994 3031 De
3028 2978 3129 3031 hoc
3157 2978 3343 3046 Magna
3389 2979 3497 3031 dia-

1958 3081 2094 3119 cono
2128 3064 2247 3117 vide
2285 3063 2580 3118 I’alladium
2616 3066 2669 3117 in
2703 3066 2981 3123 Lausiacis
3013 3086 3025 3120 :
3062 3069 3322 3135 Ἀσκητοῦ
3355 3086 3494 3136 παρα

1958 3154 2177 3216 αίνεσις.
2220 3151 2281 3209 Ρ.
2312 3152 2464 3208 Μάθε
2488 3152 2552 3206 σὺ
2581 3155 2608 3205 ὁ
2641 3155 2885 3223 μονάζων
2931 3157 3023 3209 καὶ
3066 3157 3493 3227 πιστὸςάνθρω-

1955 3261 2072 3306 πος.
3154 3230 3161 3237 Ν

2025 3332 2195 3399 Λόγος
2262 3330 2556 3401 ἀσκητικὸς
2598 3333 2725 3402 περὶ
2768 3334 2864 3401 τῆς
2917 3336 2973 3386 ὲν
3022 3336 3235 3406 Χριστῷ
3284 3337 3491 3403 φιλοσο-

1955 3420 2101 3486 φίας.
2134 3420 2191 3471 Ρ.
2231 3419 2537 3488 Φιλοσοφείν
2567 3421 2929 3491 ἐπετήδευσαν
2975 3421 3069 3490 μὲν
3100 3423 3190 3474 καὶ
3232 3422 3492 3491 Ἑλλήνων

1955 3510 2157 3562 πολλοί.
2914 3570 2920 3578 _

2024 3601 2163 3669 Πρὸς
2201 3601 2488 3669 νεωτέρους
2535 3601 2797 3671 μοναχοὺς
2825 3601 3153 3656 διδασκαλία.
3193 3602 3251 3655 Ρ.
3282 3603 3370 3653 Δεῖ
3405 3601 3492 3652 τὸν

1955 3689 2074 3741 νέον
2100 3692 2283 3742 ἀσκεῖν
2317 3688 2564 3759 σώματος
2589 3692 2836 3761 ἡσυχίαν.

2026 3780 2305 3847 Κεφάλαια
2339 3780 2590 3849 διάφορα.
2636 3780 2695 3833 Ρ.
2740 3782 2877 3835 ⁹Αλλ*
2919 3783 3091 3852 ὑμᾶς,
3129 3778 3191 3835 ὧν
3218 3784 3492 3853 μακαριώ-

1954 3887 2122 3931 τατοι,
2162 3871 2295 3938 μετά
2332 3870 2442 3923 τῶν
2472 3870 2666 3924 ἄλλων.

2026 3961 2167 4030 Πρὸς
2216 3960 2493 4028 Εύλόγιον.
2542 3961 2601 4015 Ρ.
2652 3964 2713 4015 οι
2755 3964 2845 4016 τὸν
2892 3964 3134 4034 οὐράνιον
3167 3966 3337 4037 χῶρον
3384 3970 3489 4028 τοῖς

1955 4050 2133 4111 πόνοις
2164 4050 2469 4121 νεμόμενοι.
2932 4076 2935 4077 ν

2022 4140 2167 4210 Πρὸς
2209 4143 2457 4208 Ἀγάθιον
2510 4127 2826 4212 μονάζοντα.
2867 4144 2929 4199 Ρ.
2966 4148 3126 4209 Ἐθος
3176 4148 3347 4217 ἔχοντί
3398 4168 3486 4215 μοι

1952 4232 2021 4282 τά
2058 4231 2224 4282 πολλά
2256 4233 2353 4293 τὰς
2383 4233 2639 4301 ἀκαίρους
2665 4234 2770 4287 τῶν
2811 4235 3092 4304 Ἑλλήνων.

2036 4325 2319 4391 Ἐπιστολὴ
2348 4324 2543 4393 ἔχουσα
2574 4327 2861 4394 κεφάλαια.
2887 4326 2947 4381 Ρ.
2994 4329 3117 4380 Ἐὰν
3154 4332 3336 4398 μηδεὶς
3369 4333 3487 4386 διώ-

1954 4431 2039 4465 κει
2080 4431 2138 4467 σε
2162 4415 2418 4483 τύραννος
2450 4416 2668 4485 Ἕλλην.
2708 4418 2847 4471 Sunt
2873 4426 3085 4473 attextte
3119 4422 3183 4473 ad
3220 4423 3354 4477 alias
3378 4399 3490 4493 cpi:

1956 4504 2142 4565 stolas,
2174 4504 2308 4572 Quas
2336 4504 2445 4571 jam
2474 4505 2638 4558 edidi.

2028 4593 2158 4661 Περὶ
2191 4594 2515 4662 προσευχῆς.
2555 4593 2617 4646 Ρ.
2649 4594 2812 4657 Τέλος
2846 4595 3031 4648 πασῶν
3071 4598 3294 4651 ἐντολῶν
3338 4618 3493 4669 προσ-

1953 4686 2105 4753 ευχή.
2788 4686 2791 4689 ’

2024 4772 2241 4840 Γνῶμαι
2288 4772 2594 4838 ἀπάγουσαι
2630 4773 2736 4824 τῶν
2787 4774 3038 4844 φθαρτῶν
3090 4780 3180 4828 καὶ
3230 4782 3491 4845 προσκολ-

1952 4860 2122 4912 λῶσαι
2156 4862 2265 4920 τοῖς
2294 4860 2589 4929 ἁφθάρτοις
2622 4862 2711 4913 τὸν
2737 4864 3345 4934 ἄνθρωπον..Κεφᾶλαια
3374 4876 3466 4922 σιε⁹

1952 4950 2009 5001 Ρ.
2064 4950 2211 5012 Ὀδὺς
2241 4952 2319 5011 εἰς
2351 4952 2551 5020 ἀρετὴν
2581 4954 2614 5020 ἡ
2644 4951 2737 5004 τοῦ
2766 4952 2882 5019 βίου
2910 4958 3074 5025 φυγή.

2024 5041 2230 5092 Ἀλλαι.
2264 5039 2323 5093 Ρ.
2353 5040 2519 5092 Φόδον
2544 5040 2633 5107 ἔχε
2671 5041 2803 5092 Θεοῦ
2844 5044 2937 5094 καὶ⁵
2966 5044 3144 5099 πόθον.

2017 5131 2320 5195 Κεφάλαια.
2353 5129 2412 5181 Ρ.
2466 5130 2587 5181 Ἐὰν
2625 5130 2912 5204 ὡφελήσῃς
2939 5137 3076 5188 τινά.

2030 5218 2346 5286 ’Δσκητικά.
2379 5218 2437 5271 Ρ.
2466 5220 2527 5270 Οἱ
2556 5219 2665 5289 γὰρ
2687 5222 3059 5295 «μετριώτερον
3089 5228 3178 5278 ἐπὶ
3211 5232 3327 5291 ταῖς
3355 5249 3490 5302 συμ-

1948 5312 2138 5376 φοραῖς
2168 5307 2501 5376 ἀτυχοῦντες.

2002 5392 2300 5466 ’Κεφάλαια
2326 5400 2577 5467 νηπτικά.
2608 5400 2667 5453 Ρ.
2705 5404 2882 5456 Πάντα
2916 5406 3012 5473 μὲν
3037 5409 3135 5477 ὁρᾷ
3161 5412 3187 5461 ὁ
3211 5410 3359 5473 Θεός.

2016 5485 2152 5555 Περὶ
2185 5486 2442 5554 ἐργασίας
2465 5489 2600 5550 νοός.
2627 5490 2685 5547 Ρ.
2720 5492 2828 5562 Τὴν
2861 5495 3027 5565 ἀρχὴν
3054 5498 3149 5567 τῆς
3179 5502 3317 5555 κατά
3358 5506 3501 5559 Θεὸν.

1950 5576 2209 5641 ὡφελείας
2243 5571 2503 5631 ποιεῖσθαι
2531 5579 2741 5648 ἔχομεν.
