4134 6328
771 337 837 403 51

813 453 905 507 -Ει
951 453 1056 506 alia
1104 453 1433 521 minutinra,
1490 454 1713 525 ῥήσεις,
1765 452 1858 519 καὶ
1902 452 2120 522 χρήσεις
2158 452 2300 517 apud

1989 338 2289 401 NOTITIA
2321 338 2403 398 IN
2433 339 2495 401 S.
2533 341 2796 407 NILUM.

3872 334 3939 399 52

2404 449 2682 505 intervallo
2706 453 2967 521 ejusmodi
3005 466 3178 506 amore
3205 451 3579 519 corripiuntur,
3614 449 3769 518 facile
3798 468 3955 507 comm

774 543 949 596 varios
1003 550 1292 606 auctores,
1324 557 1461 611 quas
1491 542 1742 612 colligere
1798 541 2003 610 poteris
2047 554 2110 593 ex
2155 539 2304 591 rebus
2403 540 2645 607 prehendi
2676 550 2883 609 potest,
2933 558 3050 594 cum
3098 541 3240 594 illico
3287 550 3487 594 tantum
3532 541 3943 595 immutationem

772 632 936 685 sacris
968 629 1215 695 Leontii,
1250 639 1303 685 et
1335 630 1562 686 Joannis
1594 632 2026 702 presbyterorum
2068 643 2132 682 ex
2158 628 2304 681 Ana-

770 722 939 775 stasio
967 719 1192 783 Sinaita,
1224 735 1288 774 ex
1320 705 1482 773 rariis
1522 718 1928 787 quaestionibus,
1959 731 2024 770 ex
2069 714 2309 783 Melissa.

839 809 1103 864 Locorum
1128 824 1297 865 sacrae
1322 808 1617 877 Scriptura:
1640 805 2103 875 interpretationes
2129 803 2308 857 varias

772 916 833 953 ex
864 899 1077 953 Catenis
1112 898 1164 951 in
1209 897 1537 951 Exaemeron
1560 934 1574 956 ,
1616 896 1669 949 in
1700 894 2167 949 Deuteronomium
2190 931 2204 955 ,
2254 891 2307 944 in

773 987 988 1052 .lobnm,
1022 988 1076 1041 in
1116 986 1379 1050 Psalmos,
1432 986 1484 1039 in
1516 984 1736 1040 Cantica
1784 985 2117 1038 canticorum
2166 983 2308 1052 apud

773 1077 1117 1143 Procopium,
1159 1078 1212 1129 in
1251 1075 1621 1144 Evangelium,
1658 1081 1711 1129 et
1745 1072 1969 1139 Lucam,
2009 1082 2061 1127 et
2089 1070 2311 1140 potissi-

775 1180 916 1216 mum
954 1164 1007 1216 in
1038 1178 1099 1217 ea
1124 1202 1139 1228 ,
1183 1176 1301 1231 quin
1338 1170 1422 1217 est
1457 1169 1708 1216 contexta
1743 1176 1773 1214 a
1805 1159 2038 1214 Macario
2078 1160 2312 1229 Chryso-

774 1254 998 1323 ceplialo
1048 1254 1303 1322 episcopo
1338 1251 1741 1320 Philadelphia,
1770 1258 1824 1305 et
1859 1249 2046 1305 Niceta
2082 1250 2313 1304 diacono

774 1342 975 1413 Magna:
1005 1343 1281 1398 Ecclesiae.

847 1432 1117 1487 Praeterea
1146 1432 1302 1503 plura
1326 1426 1564 1499 ejusdem
1592 1431 1740 1502 legas
1765 1431 1818 1486 in
1840 1429 2066 1486 Joannis
2088 1429 2317 1484 Climaci

778 1522 959 1586 Scala,
1008 1522 1067 1576 in
1100 1521 1301 1593 Eulogo
1336 1521 1563 1578 Patrum
1603 1519 1732 1593 περὶ
1765 1521 1975 1593 νήψεως
2005 1520 2102 1574 καὶ
2147 1535 2313 1591 προσο

720 1676 727 1683 ν
776 1610 1080 1680 οχῆςΊιιιθτ
1113 1610 1247 1664 alios
1301 1606 1634 1664 memoratur
1674 1609 1835 1664 etiam
1879 1608 2031 1664 Nilus
2074 1622 2139 1663 ex
2186 1606 2317 1676 Epi-

736 1698 739 1699 ⁷
778 1693 958 1760 stolis,
994 1694 1048 1747 in
1089 1694 1271 1750 dubiis
1300 1702 1353 1749 et
1394 1695 1758 1751 solutionibus
1785 1697 1853 1750 de
1889 1696 2054 1749 variis
2085 1693 2346 1750 Theoloé-

778 1780 918 1849 gicis
939 1781 1329 1849 questionibus
1360 1797 1424 1836 ex
1464 1783 1669 1838 sanctis
1701 1781 1974 1837 Patribus.
2009 1782 2069 1836 lii
2103 1781 2317 1851 Eclogis

778 1871 1052 1940 parallelis
1074 1870 1299 1927 Joannis
1334 1870 1677 1933 Damasceni,
1709 1871 1857 1925 addit
1901 1869 2165 1926 Labbaius
2194 1885 2315 1939 pag.

779 1959 885 2014 283
905 1978 917 2013 :
941 1955 1075 2015 Cum
1099 1960 1241 2013 dicta
1269 1956 1493 2013 Patrum
1531 1959 1838 2023 laudantur,
1868 1959 2026 2012 etiam
2056 1958 2321 2012 sententiae

784 2047 901 2103 Nili
920 2042 1075 2102 suum
1096 2049 1265 2103 locum
1298 2048 1504 2102 habent.
1538 2047 1600 2100 Et
1631 2048 2005 2117 Bonaventura
2028 2046 2321 2101 Vulcanius

785 2138 851 2193 ad
889 2140 1141 2193 lectorem
1199 2140 1257 2193 in
1312 2136 1417 2192 Nili
1470 2135 1972 2193 Thessalonicensis
2033 2144 2322 2208 tractatum

787 2227 864 2284 De
890 2230 1122 2298 primatu
1166 2222 1338 2297 μαριυς
1362 2255 1430 2268 -—
1465 2224 1816 2296 InCotalogo
1868 2226 2185 2283 bibliotheca
2220 2218 2327 2282 Pa-

790 2318 1039 2373 triarcha
1064 2315 1652 2391 Constantinopolitani,
1682 2316 1915 2371 citantur
1943 2316 2063 2372 Nili
2087 2317 2329 2373 monachi

790 2408 1055 2463 orationes
1085 2407 1258 2462 decem
1284 2418 1470 2462 contra
1504 2407 1799 2462 Maliomed.

858 2497 923 2551 In
952 2496 1186 2567 Philippi
1214 2496 1454 2553 Solitarii
1486 2498 1704 2568 Dioptra
1749 2496 2035 2551 Latinitate
2076 2496 2273 2551 donata
2300 2512 2330 2550 a

790 2584 991 2642 Iacobo
1012 2586 1282 2655 Pontano,
1304 2595 1359 2643 et
1375 2586 1683 2660 lngolstadii
1708 2588 1991 2657 impressa,
2008 2601 2149 2640 anno
2171 2586 2328 2651 1604,

792 2672 934 2742 ἱιι-ι,
959 2676 1098 2730 inter
1117 2677 1254 2733 alios
1274 2676 1462 2735 Patres
1484 2676 1747 2733 adductos
1766 2678 1941 2731 locum
1964 2691 2121 2731 suum
2145 2675 2331 2741 habet,

791 2774 848 2820 et
881 2764 1056 2821 Nilus.
1832 2776 1833 2779 ‘
2136 2815 2141 2821 .
2331 2764 2335 2768 ’

863 2855 1103 2911 Tandem
1128 2854 1286 2912 Nilus
1322 2855 1439 2925 ipse
1468 2852 1563 2910 lib.
1595 2869 1717 2919 xm,
1753 2855 1909 2923 epist.
1942 2854 2027 2919 11,
2058 2853 2137 2908 Ad
2167 2852 2332 2925 Poly-

797 2946 1070 3019 slzronium
1092 2945 1372 3000 diaconum
1416 2928 1582 2999 refert
1607 2959 1687 3007 se.
1720 2942 2109 3013 coeﬂlagitante
2136 2943 2334 2998 librum

797 3038 934 3093 satis
964 3035 1198 3106 amplum
1228 3034 1361 3101 περὶ
1396 3024 1791 3097 κατανύξεως.
1843 3030 1918 3106 De
1946 3032 2337 3099 compunctione

799 3125 1178 3179 concinnasse.
1206 3100 1328 3177 Non
1353 3121 1557 3176 dolebit
1579 3121 1727 3175 cordi
1750 3100 1877 3174 meo’
1896 3120 2134 3189 epistolae
2159 3119 2336 3182 lectio,

801 3213 851 3271 si
884 3215 1019 3269 bene
1054 3214 1203 3284 prius
1234 3200 1589 3283 expurgatus,
1617 3210 1887 3279 rebusque
1917 3208 2207 3264 mundanis
2248 3225 2341 3265 su-

803 3305 987 3376 perior
1018 3303 1193 3359 [actus
1220 3317 1303 3359 es.
1338 3302 1516 3369 Quare
1544 3302 1632 3355 hic
1660 3314 1780 3355 eam
1809 3298 1907 3353 tibi
1936 3298 2074 3353 dabo
2103 3315 2117 3351 :
2146 3299 2341 3353 Μακα-

807 3393 940 3466 ρίζω
979 3411 1041 3448 σε
1069 3396 1167 3465 τῆς
1198 3394 1334 3465 πρὸς
1356 3393 1489 3446 Θεὸν
1516 3390 1719 3461 φιλίας,
1770 3392 1865 3443 καὶ
1894 3388 1987 3442 τοῦ
2024 3388 2220 3458 ἔρωτος
2249 3385 2343 3440 τοῦ

807 3483 1082 3555 ἀφθάρτου
1122 3485 1216 3538 καὶ
1251 3482 1540 3553 οὐρανίου,1
1569 3480 1755 3534 καθότι
1778 3478 1912 3541 τοὺς
1948 3479 2076 3544 περὶ
2111 3476 2344 3529 κατανύ-

810 3573 942 3639 ξεως
965 3573 1142 3643 ψυχῆς
1177 3574 1421 3633 ἀπαιτεῖς
1451 3571 1597 3641 ἡμᾶς
1626 3569 1836 3636 λόγους.
1878 3568 2109 3635 Σημαῖον
2145 3565 2202 3618 δέ
2237 3565 2348 3618 ἐστί

809 3679 865 3717 τι
900 3665 1139 3719 τοιοῦτον
1162 3665 1374 3733 αἴτημα
1409 3661 1510 3729 τῆς
1553 3662 1619 3713 ἐν.
1657 3659 1803 3729 ψυχῇ
1844 3655 2208 3727 καθαρότητος
2236 3670 2250 3685 ⁶
2289 3656 2348 3707 οὐ

822 3755 930 3825 γάρ
945 3756 1059 3809 ἐστι
1074 3753 1320 3816 δυνατὸν,
1336 3752 1409 3821 μὴ
1434 3748 1695 3820 πρότερον
1725 3744 2127 3815 ἑκκαθαρθέντα
2153 3742 2348 3805 καλῶς,

812 3846 907 3899 καὶ
939 3826 1047 3897 τῶν
1076 3842 1335 3913 βιωτικῶν
1352 3842 1353 3845 “
1370 3841 1619 3894 ἁπάντων
1645 3836 1909 3913 ἀνώτερον
1932 3835 2241 3903 γενόμενον,
2268 3835 2349 3894 εἰς

812 3934 1016 4007 ταύτην
1038 3926 1155 3992 ¹τῶν
1186 3933 1357 4000 λόγων
1388 3931 1485 4000 τὴν
1521 3927 1811 3994 ἐπιθυμίαν
1840 3924 2030 3981 ἐλθεῖν.
2065 3924 2174 3982 Καὶ
2201 3922 2353 3975 τοῦτο

821 4023 998 4095 ῥᾴδιον
1032 4022 1259 4079 συνιδεῖν
1286 4022 1351 4077 ὲκ
1386 4018 1492 4071 τῶν
1518 4016 1614 4074 καὶ
1644 4014 1777 4086 πρὸς
1811 4013 1985 4079 ὀλίγον
2025 4012 2197 4080 τούτῳ
2234 4026 2358 4069 κατα

721 4147 725 4149 -
824 4110 1206 4183 εχομένων-τῷ
1254 4109 1416 4181 ἔρωτι
1441 4121 1456 4136 ⁸
1495 4107 1545 4163 οἳ
1593 4104 1861 4173 τοσαύτην
1888 4100 2081 4171 ἀθρόον
2117 4100 2358 4169 δέχονται

820 4202 915 4270 τὴν
947 4198 1264 4269 μεταϐολὴν,
1291 4196 1365 4259 ὼς
1381 4195 1574 4257 εὐθέως
1610 4192 1744 4262 πρὸς
1764 4190 1986 4263 οὐρανὸν
2011 4190 2359 4257 μεταστῆναι,

823 4291 917 4343 καὶ
961 4287 1323 4357 αἰθεροϐατεϊν
1370 4286 1436 4351 τῇ
1481 4283 1726 4351 μακαρίᾳ
1763 4279 1972 4351 γνώμῃ.
2014 4278 2175 4330 Ὅθεν
2226 4293 2360 4345 crpo-

826 4380 1011 4449 θύμως
1049 4359 1156 4445 ἐγὼ
1184 4376 1480 4444 δεξάμενος
1492 4373 1553 4425 τὸ
1586 4371 1861 4439 ἐπίταγμα
1884 4371 1982 4436 τῆς
2008 4369 2105 4435 σῆς
2140 4368 2364 4435 είλικρι⁸

829 4468 948 4531 νοῦς
993 4467 1246 4536 ἀγάπης,
1302 4462 1502 4534 βιϐλίον
1536 4459 1829 4529 ὁλόκληρον
1859 4456 1985 4526 περὶ
2023 4451 2363 4515 κατανύξεως

721 4547 728 4555 ’
842 4558 1100 4627 συντάξας
1148 4553 1460 4615 ἀπέσταλκα
1516 4552 1642 4621 ὑμῖν
1690 4566 1747 4603 τε
1800 4546 1895 4601 καὶ
1943 4546 2052 4607 τοῖς
2098 4543 2192 4595 σὺν
2242 4542 2369 4610 ὑμῖν

831 4649 1162 4719 διατρίϐουσι
1191 4646 1362 4714 φίλοις
1390 4642 1685 4704 θεοσεϐἑσι,
1709 4636 1967 4693 δυσωπῶν
2001 4634 2093 4688 καὶ
2124 4648 2371 4703 napum-

833 4743 939 4793 λῶν
961 4742 1131 4809 ὑμᾶς,
1162 4734 1468 4808 παρρησίαν
1508 4733 1641 4803 πρὸς
1676 4730 1764 4782 τὸν
1799 4728 1934 4781 Θεὸν
1972 4725 2215 4795 ἔχοντας,
2250 4724 2368 4783 ταῖς

835 4828 1005 4891 ὁσίαις
1035 4828 1187 4897 ὑμῶν
1226 4823 1561 4894 ἀμείψασθαι
1595 4811 1933 4889 προσευχαῖς.
1970 4813 2205 4867 Δύνασθε
2242 4811 2371 4881 γὰρ,

838 4918 896 4973 εὖ
934 4916 1069 4983 οῖδα,
1096 4919 1231 4986 ὑπὲρ
1260 4914 1416 4991 ἡμῶν
1447 4910 1777 4979 ἐξιλεοῦσθαι
1814 4907 1874 4960 τὸ
1906 4907 2056 4957 Θεῖον
2084 4918 2100 4937 ο
2131 4903 2209 4962 0b
2241 4903 2375 4963 ami-

2408 623 2725 684 admittant,
2767 639 2823 679 ut
2851 628 3030 679 statim
3085 627 3137 678 in
3185 627 3368 680 ctelum
3412 627 3844 693 transrehantur,
3894 639 3944 679 et

2407 709 2558 763 beata
2584 722 2752 768 mente
2794 697 3105 783 gradiantur
3149 716 3200 767 in
3244 716 3447 769 wtliere.
3478 717 3613 770 Hinc
3651 716 3752 782 ipsi
3796 718 3943 769 avide

2407 802 2625 856 sincera
2654 815 2761 856 tua:
2813 804 3054 857 dictionis
3096 803 3367 869 imperium
3418 805 3707 871 arripiens,
3751 804 3940 857 librum

2407 888 2758 957 integrum-dc
2800 890 3188 957 compunctione
3214 891 3580 943 concinnatum
3616 892 3780 954 vobis,
3811 893 3949 945 illis-

2408 993 2524 1045 que,
2573 978 2664 1047 qui
2711 995 2816 1031 una
2868 983 2983 1031 cum
3033 977 3172 1031 vobis
3211 988 3622 1044 commorantur,
3672 980 3738 1033 iis
3765 981 3948 1035 amicis

2411 1069 2701 1134 transmisi,
2736 1069 2988 1122 instanter
3018 1079 3216 1131 petens,
3247 1085 3533 1138 rogansque
3560 1085 3668 1131 uos,
3696 1071 3786 1139 qui
3813 1071 3950 1136 apud

2408 1158 2575 1213 Deum
2618 1159 2674 1213 in
2719 1158 2900 1229 aliqua
2945 1161 3065 1213 estis
3111 1160 3458 1223 auctoritate,
3507 1160 3673 1213 sacris
3715 1159 3951 1225 precibus

2371 1271 2376 1274 ·
2410 1247 2694 1302 mercedem
2733 1236 3025 1316 rependere.
3060 1246 3281 1301 Potestis
3310 1248 3445 1301 enim
3466 1286 3481 1312 ,
3511 1247 3648 1317 quod
3678 1246 3802 1300 bene
3831 1246 3975 1308 novi,

2409 1339 2612 1392 Numen
2638 1338 2787 1394 nobis
2826 1339 3106 1406 propitium
3134 1336 3363 1390 reddere.

2482 1425 2547 1478 Et
2577 1425 2646 1479 de
2677 1426 2901 1495 scriptis
2927 1425 3153 1494 hujusce
3180 1425 3281 1478 viri
3310 1433 3570 1491 praeterea
3590 1421 3802 1484 addam,
3832 1434 3955 1489 quae

2411 1510 2748 1582 Nicephor‘us
2796 1513 3091 1568 Historiar.
3138 1514 3231 1569 lib.
3264 1528 3376 1577 xiv,
3414 1502 3537 1582 cap.
3591 1512 3681 1579 δι,
3710 1509 3903 1567 scribit
3936 1527 3952 1561 :

2417 1601 2659 1678 'AptﬂOt
2680 1603 2737 1655 δὲ
2755 1603 2916 1657 αὐτοῦ
2938 1604 3030 1657 καὶ
3054 1603 3228 1673 ἕτεροι
3245 1602 3392 1671 λόγοι
3422 1601 3763 1672 πεποίηνται,
3792 1615 3957 1652 πνευσ-

2418 1693 2651 1762 ματικῆς
2682 1694 2781 1746 οὐκ
2811 1693 3024 1763 ἄμοιροι
3056 1692 3306 1763 χάριτος·
3353 1687 3428 1747 ὧν
3457 1687 3610 1762 οἶμαι
3647 1692 3861 1744 πάντων
3888 1687 3975 1760 τά,

2416 1780 2606 1851 πρῶτα
2644 1782 2896 1852 φέρεσθαι
2930 1782 2991 1855 χόν
3036 1782 3173 1853 πρὸς
3196 1781 3460 1851 Ἕλληνας
3495 1780 3783 1850 ἐπιγράφει
3804 1816 3821 1843 ,
3861 1779 3957 1832 καὶ

2421 1870 2489 1922 τὰ
2522 1870 2657 1939 πρὸς
2695 1869 2969 1938 Εὑλόγιον.
3019 1869 3299 1938 Κεφάλαια
3348 1870 3406 1922 δὲ
3458 1869 3772 1944 σοντάττει,
3822 1865 3959 1919 ἄλλα

2419 1961 2517 2030 μὲν
2539 1961 2617 2024 είς
2636 1960 2834 2023 πλάτος
2856 1961 3169 2031 ἠπλωμένα,
3189 1960 3354 2015 πολλὰ
3372 1961 3429 2013 δὲ
3447 1957 3745 2027 συντεμὼν,
3766 1954 3960 2010 εὐσύν-

2417 2064 2576 2100 οπτον
2625 2042 2735 2102 οἷον
2785 2048 2878 2100 καὶ
2915 2050 3199 2119 πρόχειρον
3254 2050 3347 2102 τὸν
3398 2047 3765 2118 πνευματικὸν
3818 2034 3953 2113 καρ-

2417 2137 2517 2191 πδν
2550 2176 2565 2201 ,
2623 2133 2733 2192 οἷόν
2782 2156 2836 2192 τι
2884 2139 3080 2208 νέκταρ
3121 2139 3154 2208 ἢ
3204 2137 3503 2207 ἀμϐροσίαν
3556 2134 3914 2209 προϐάλλεται
3938 2148 3958 2166 ο

2419 2225 2570 2283 Alios
2597 2228 2736 2285 item
2771 2226 2932 2283 libros
2961 2214 3204 2297 optimos,
3246 2226 3411 2281 edidit
3450 2224 3743 2295 spiritualis
3774 2223 3962 2294 gratia:

2422 2332 2528 2370 non
2574 2327 2826 2385 expertes.
2861 2316 3012 2371 Inter
3067 2333 3194 2386 quos
3243 2317 3440 2383 primas
3483 2315 3781 2382 eumJerre
3812 2321 3961 2382 puto,

2422 2419 2574 2472 quem
2609 2404 2858 2459 adversus
2902 2406 3115 2475 gentiles
3148 2400 3401 2471 scripsit,
3450 2414 3497 2457 et
3531 2419 3743 2458 rursum
3770 2402 3858 2472 qui
3897 2401 3964 2454 ab

2423 2509 2481 2546 eo
2511 2494 2579 2547 ad
2608 2493 2889 2564 Eulogium
2929 2494 3201 2563 compositi
3245 2500 3383 2547 sunt.
3420 2491 3610 2559 Capita
3651 2500 3823 2545 autem
3856 2491 3967 2543 col-

2426 2583 2579 2653 legit,
2625 2585 2805 2655 aliqua
2848 2584 3052 2655 quidem
3105 2583 3309 2652 fusius,
3348 2581 3516 2635 multa
3553 2577 3968 2649 compendiosius

2429 2683 2659 2728 tractatu
2691 2688 2710 2725 :
2744 2675 2798 2725 in
2844 2672 3027 2743 quibus
3079 2672 3408 2739 spiritualem
3459 2672 3689 2739 fructum
3710 2709 3725 2733 ,
3757 2668 3971 2736 perinde

2429 2772 2581 2830 atque
2633 2771 2830 2830 nectar,
2877 2769 2970 2814 aut
2997 2761 3314 2814 ambrosiam
3357 2761 3613 2829 aliquant,
3646 2759 3811 2813 oculis
3841 2758 3967 2812 sub-

2421 2853 2637 2924 jectum,
2677 2855 2751 2907 ita
2782 2860 2842 2905 ut
2869 2852 3027 2921 facile
3055 2853 3251 2919 percipi
3290 2852 3486 2921 possit,
3519 2851 3809 2918 proposuit.

2497 2942 2643 2998 Inter
2675 2942 2878 3013 scripta
2950 2944 3120 2997 nostri
3152 2940 3281 3002 Nili,
3327 2941 3545 3008 quidam
3588 2940 3715 2993 illu‘d
3756 2952 3977 3007 quoque

2432 3035 2685 3089 videntur
2741 3046 3040 3093 recensere,
3074 3030 3215 3099 quod
3261 3029 3363 3084 sub
3392 3028 3620 3098 Epicteti
3669 3027 3971 3097 philos0plii

2436 3123 2653 3180 nomine
2678 3122 2871 3191 saepius
2903 3108 3105 3174 editum
3130 3126 3247 3179 est,
3294 3117 3824 3187 praenominaturque
3862 3115 3976 3169 En-

2437 3214 2713 3277 chiridion,
2742 3219 2796 3265 et
2830 3225 2861 3264 a
2897 3209 3149 3279 plurimis
3200 3207 3534 3262 doctissimis
3577 3206 3729 3270 viris,
3776 3206 3979 3276 Angelo

2432 3303 2729 3377 ,Politiano,
2775 3298 2981 3353 Thoma
3032 3296 3357 3368 Nogiorgio,
3418 3295 3743 3366 Hieronymo
3781 3293 3981 3348 Wolﬁo

2439 3394 2682 3452 eGraaco
2710 3392 2763 3445 in
2824 3387 3076 3444 Latinum
3129 3401 3446 3441 conversum
3502 3393 3557 3440 et
3610 3384 3808 3454 saepius
3853 3399 3980 3453 pro-

2443 3485 2762 3553 mulgatum,
2797 3490 2851 3536 et
2880 3478 3097 3533 tandem
3129 3492 3252 3531 cum
3295 3476 3494 3553 Gebetis
3525 3474 3751 3538 Tabula,
3776 3481 3833 3553 et
3861 3474 3983 3527 aliis

2444 3549 2693 3625 una'cum
2732 3568 2855 3623 Vita
2898 3566 3231 3637 Pythagoras,
3279 3549 3550 3617 sententiis
3585 3561 3653 3615 ad
3680 3552 3988 3630 intelligibi-

2448 3662 2519 3715 lia
2542 3659 2866 3721 ducentibus,
2900 3666 2951 3711 ct
2981 3654 3134 3711 antro
3164 3653 3548 3731 Nympharum,
3572 3646 3708 3721 quod
3735 3652 3789 3704 in
3818 3648 3987 3718 Odys-

2447 3765 2535 3802 sea
2582 3747 2914 3813 describitur,
2961 3745 3173 3805 studio,
3223 3749 3278 3797 et
3338 3741 3616 3810 diligentia
3663 3739 3988 3803 clarissimi,

2449 3839 2912 3906 eruditissimlque
2969 3836 3125 3891 Lucae
3168 3822 3469 3896 Holstenil,
3513 3828 3872 3900 Cantabrigitn
3902 3835 3989 3898 ty-

2449 3929 2536 3998 pis
2578 3925 2879 4001 academiae
2937 3922 3197 3991 impensis
3259 3919 3487 3987 Joannis
3550 3916 3802 3979 Norden.
3848 3928 3996 3969 anno

2453 3999 2610 4076 1655,
2649 4011 2788 4065 ins.
2817 4009 2882 4069 Et
2907 4010 3032 4074 quia
3059 4007 3307 4061 Politiani
3345 4002 3585 4069 codices,
3618 4001 3820 4071 quibus
3846 3999 3991 4053 idem

2453 4103 2724 4171 interpres
2772 4115 2904 4160 usus
2950 4093 3527 4160 luerat.-,videbantur
3562 4105 3683 4157 esse
3720 4088 3995 4156 corrupti,

2458 4201 2518 4247 ut
2549 4206 2689 4245 verae
2724 4188 3011 4256 sententia:
3056 4185 3144 4239 vir
3187 4185 3320 4238 alias
3382 4182 3436 4236 in
3487 4179 3746 4235 vertendo
3784 4177 3912 4231 felix
3948 4185 4002 4229 et

2459 4280 2834 4339 doctissimus,
2876 4276 2965 4327 vix
2994 4268 3266 4326 umbram
3313 4269 3385 4325 sit
3428 4274 3834 4342 assecutus,‘ex
3866 4264 4002 4316 alte~

2458 4372 2575 4424 rius
2622 4364 3069 4435 interpretatione
3122 4373 3292 4429 pauca
3335 4358 3425 4413 illa
3456 4355 3709 4410 Politiani
3755 4352 4003 4421 suppleta

2464 4463 2590 4508 sunt
2629 4455 2855 4509 Genava:
2916 4450 3055 4517 apud
3114 4447 3356 4500 haeredes
3418 4442 3697 4498 Eustachii
3760 4439 4004 4509 Vignon,

2467 4540 2622 4601 1594.
2658 4539 2793 4593 in-8.

2538 4633 2653 4684 Hoc
2717 4627 3083 4691 Enchiridion,
3152 4621 3385 4695 demptis
3448 4629 3630 4675 tamen
3694 4616 4007 4678 nonnullis,

2470 4737 2589 4792 quin
2640 4719 3006 4788 gentilismum
3062 4721 3349 4783 saperent,
3399 4712 3620 4765 deorum
3668 4722 3859 4775 nempe
3904 4714 4010 4759 no-

2473 4812 2743 4870 minibus.
2793 4808 2976 4871 lovis,
3010 4805 3165 4867 Fati,
3200 4802 3483 4866 Fortuna,
3532 4808 3584 4853 et
3619 4798 3846 4851 aliorum
3889 4796 4010 4863 plii-

2472 4902 2819 4969 lOSOpliorum
2868 4894 3169 4965 gentilium,
3208 4899 3344 4950 etc..
3396 4897 3451 4941 et
3496 4884 3774 4940 nonnullis
3816 4883 4009 4933 immu-

839 5014 1017 5067 citiam
1073 4972 1444 5077 erga-Ducum,
1504 5014 1829 5068 amoremque
1876 4996 2009 5051 nulli
2056 4992 2375 5061 corruptioni
2478 4992 2605 5045 tatis
2662 4990 2727 5043 ad
2775 4985 3094 5042 sententiam
3144 4979 3535 5041 honestiorem,
3571 4982 3624 5075 et
3668 4972 4008 5077 probiorem,

843 5060 1153 5157 obnoxium:
1178 5116 1239 5152 ac
1260 5097 1535 5159 ccelestem,
1569 5092 1898 5161 fortunatum
1923 5096 1968 5139 te
1987 5085 2169 5153 judico
2200 5099 2217 5135 :
2244 5082 2378 5151 quod
2478 5089 2531 5133 et
2569 5076 2899 5130 Christianis
2936 5069 3202 5124 institutis
3252 5064 3747 5121 convenientiorem
3797 5060 4008 5127 legitur.

842 5212 873 5245 α
908 5190 1051 5244 nobis
1085 5188 1147 5241 de
1186 5184 1576 5251 compunctione
1621 5172 1783 5235 animi
1827 5175 2075 5229 sermonis
2120 5172 2377 5238 exposcis.

845 5288 969 5339 Ηιιτ
999 5291 1170 5333 autem
1194 5274 1493 5346 eﬁlagitatio
1518 5270 1821 5339 puritatem,
1858 5281 1971 5344 quia
2001 5266 2051 5316 in
2078 5264 2252 5315 animo
2283 5268 2378 5325 est,

2480 5171 2580 5223 Sed
2613 5170 2654 5221 si
2687 5167 2911 5220 molem.
2934 5163 3054 5215 libri
3104 5159 3353 5212 conferas
3400 5171 3521 5208 cum
3554 5153 3832 5214 alteratis,
3883 5164 4014 5215 pau-

2482 5260 2603 5313 cula
2654 5258 2983 5314 indicantur,
3038 5250 3146 5301 imo
3189 5248 3428 5301 colorem
3484 5246 3644 5297 etiam
3689 5250 3741 5293 et
3782 5239 4012 5305 speciem

850 5375 1067 5427 indicat.
1120 5326 1296 5437 h'eqite
1341 5364 1477 5416 enim
1532 5360 1646 5429 ﬁeri
1681 5345 1878 5426 potest,
1918 5337 1975 5407 ut
2028 5355 2107 5417 is,
2156 5352 2245 5419 qui
2283 5366 2385 5403 non
2485 5350 2801 5420 pristinam,
2839 5359 2998 5414 quam
3039 5343 3145 5395 illis
3174 5341 3320 5393 dedit
3368 5338 3573 5405 primus
3599 5342 3840 5437 antenor],
3884 5326 4015 5437 rent-il:

849 5465 990 5530 prius
1020 5414 1335 5528 erpurgjatus
1370 5453 1518 5517 bene,
1570 5449 1815 5515 rebusque
1844 5443 2079 5497 omnibus
2108 5440 2384 5493 mundanis
2488 5447 2649 5501 nent,
2683 5445 2743 5489 ut
2780 5451 2885 5488 non
2920 5432 3061 5486 aliud
3097 5447 3217 5484 esse
3259 5429 3618 5483 existimetur.
3660 5419 3882 5530 Quod'a
3915 5414 4015 5467 Nili

854 5555 1086 5621 superior
1115 5551 1282 5618 [actus
1314 5554 1426 5610 est,
1458 5544 1513 5596 in
1561 5553 1854 5594 sermonum
1905 5533 2155 5586 similium
2188 5529 2388 5581 deside-

2489 5528 2661 5583 nostri
2720 5524 2969 5594 genuinis
3043 5522 3238 5575 ictibus
3306 5519 3539 5569 alienum
3599 5524 3714 5573 ρει,
3793 5506 4019 5570 ideoque

953 5592 1073 5605 ......
1315 5592 1386 5599 ---
1413 5592 1426 5610 ,
1566 5592 1605 5594 η
2730 5592 2739 5594 ἡ
3966 5592 3975 5602 ο

856 5592 983 5701 mini
1021 5592 1233 5700 incidat.
1278 5637 1433 5707 quue
1467 5649 1527 5687 ex
1556 5633 1639 5697 iis,
1674 5630 1759 5697 qui
1790 5625 1862 5681 vel
1898 5624 2107 5675 minimo
2147 5619 2387 5684 temporis
2495 5618 2802 5690 ambiguum
2851 5613 3097 5667 habetur.
3151 5612 3220 5665 Ut
3272 5608 3534 5679 siquidem
3570 5616 3678 5656 rem
3730 5598 3923 5659 fatear,
3967 5605 4017 5643 in
