4134 6328
237 336 310 393 53
895 335 898 340 ’
1431 335 1728 393 ΝΟΤΙΤΙΛ
1764 335 1786 391 Ι

1887 335 1938 392 S.
1970 333 2234 392 NILUM.
3352 329 3416 388 5i

246 440 545 494 immutatis
579 455 750 507 neque
779 454 1022 502 succum,
1053 454 1223 507 neque
1248 441 1485 493 colorem
1521 441 1781 493 dictionis

244 528 486 590 Nilanm,
523 545 695 597 neque
743 534 977 598 speciem
1032 532 1325 584 intuemur.
1369 532 1429 583 lit
1472 530 1624 584 Nilus
1653 532 1783 584 alias

244 618 762 682 elmluentissimus,
809 627 860 670 ct
908 620 1228 673 Christiana
1267 622 1620 689 philosophiae
1660 636 1782 689 pro-

247 720 372 757 mus
402 706 614 758 condns
642 746 656 769 ,
693 717 748 759 ιιι
775 723 840 760 ex
871 709 993 760 aliis
1025 709 1137 762 suis
1181 711 1401 777 scriptis
1428 710 1784 776 deprehendi-

248 806 358 854 tur,
391 809 495 846 non
551 797 763 848 videtur
819 798 1122 849 verosimile
1151 814 1178 849 a
1227 800 1407 852 Stoica
1446 800 1785 867 philosophia

249 884 504 948 prursidia
537 886 658 937 vita:
683 885 1003 937 Christiana:
1041 890 1377 941 emendasse.
1422 890 1484 940 Et
1517 891 1787 955 quomodo

246 973 300 1022 id
364 988 522 1040 agere
577 974 927 1026 sustinuisset
995 976 1076 1026 vir
1136 976 1452 1029 Christianae
1515 979 1788 1045 religionis

243 1061 526 1126 exemplar
590 1049 938 1126 ipsissimum.
1000 1063 1192 1116 Annon
1262 1066 1316 1117 in
1377 1067 1555 1118 alieno
1619 1067 1787 1119 choro

249 1151 444 1214 pedem
499 1151 805 1216 posuisset,
867 1153 908 1202 si
945 1167 1004 1203 ex
1077 1153 1355 1218 gentilium
1411 1156 1680 1216 moribus,
1735 1165 1788 1209 et

249 1237 436 1288 Stoica
471 1239 812 1306 philosophia
845 1243 1056 1294 Ascetis
1103 1243 1317 1295 modum
1352 1246 1624 1311 imponere
1653 1261 1786 1298 con-

251 1327 561 1378 stituisset?
603 1327 665 1377 Et
706 1332 973 1393 quomodo
1007 1330 1098 1396 (ιυί
1155 1331 1206 1382 in
1264 1334 1363 1385 hoc
1410 1341 1641 1386 tractatu
1694 1349 1787 1386 uo-

252 1413 404 1462 mina
443 1415 789 1478 antiquorum
852 1417 1290 1483 philosophorum
1347 1421 1419 1471 ita
1469 1428 1786 1489 aspernatus

249 1509 378 1563 est,
427 1512 586 1570 atque
635 1505 946 1568 abhorruit,
1001 1518 1057 1557 ut
1109 1522 1170 1560 ea
1216 1510 1338 1560 data
1377 1526 1538 1577 opera
1581 1527 1642 1563 ex
1688 1512 1788 1563 hoc

253 1599 495 1643 tractatu
540 1594 833 1659 deleverit,
887 1596 953 1646 ab
1017 1596 1206 1649 iisdem
1259 1611 1517 1665 prmeepta
1578 1601 1785 1652 vivendi

249 1681 508 1734 omnibus
537 1682 756 1734 virtutis
787 1686 1023 1738 numeris
1053 1687 1484 1748 absolutissima.
1517 1699 1567 1742 et
1594 1691 1789 1757 quibus

252 1766 398 1817 nihil
446 1775 688 1834 poterat,
738 1770 818 1822 vel
855 1771 976 1822 addi
1005 1809 1019 1832 ,
1057 1773 1136 1824 vel
1168 1773 1327 1834 demi,
1361 1777 1600 1841 petiisset
1627 1777 1649 1826 ?
1678 1779 1788 1829 An-

252 1870 364 1906 non
418 1857 466 1908 id
523 1858 708 1910 l'uisset
745 1860 1036 1926 callidum,
1088 1873 1141 1915 et
1183 1863 1434 1931 frigidum
1487 1880 1550 1917 ex
1601 1865 1787 1917 eodem

248 1958 350 1993 ore
373 1944 590 1996 emare?
620 1944 735 1998 Vidi
769 1945 884 2014 ipse
911 1950 1334 2016 manuscriptum
1368 1950 1606 2004 codicem
1641 1950 1790 2004 Cra:-

250 2044 412 2093 cum,
443 2032 701 2100 illumque
748 2036 1173 2088 vetustissimum
1237 2037 1336 2088 Nili
1379 2041 1580 2104 scripta
1628 2055 1786 2104 opera

249 2120 627 2171 continentem
659 2141 669 2172 :
709 2122 761 2173 in
790 2138 854 2174 eo
903 2125 1102 2191 singuli
1151 2132 1413 2176 tractatus
1440 2161 1453 2185 ,
1495 2129 1654 2178 etiam
1689 2109 1789 2177 mi-

252 2205 745 2259 nutioresintixum
798 2209 994 2263 habent
1047 2226 1238 2264 nomen
1290 2212 1428 2276 Nili,
1475 2215 1578 2265 alia
1625 2217 1786 2267 etiam

247 2294 389 2346 etin
425 2295 530 2347 line
583 2297 963 2364 postpositum.
1016 2299 1072 2352 In
1109 2300 1429 2363 Enchiritlio,
1478 2305 1618 2372 quod
1649 2305 1790 2359 inter

251 2379 379 2432 illos
415 2381 710 2458 legebatur,
761 2399 934 2452 neque
986 2386 1036 2438 in
1071 2385 1268 2451 fronte,
1319 2405 1491 2457 neque
1541 2393 1593 2443 in
1642 2394 1790 2445 calce

209 2545 211 2547 _
248 2482 320 2518 eo
347 2471 565 2522 nomine
598 2471 983 2540 obsignatum,
1013 2479 1382 2529 tantummodo
1427 2480 1553 2532 illud
1595 2483 1791 2535 retere-

253 2557 383 2620 hat,
428 2558 746 2628 Ἐπικτήτου
786 2563 1146 2629 Ἐγχειρίδιον,
1185 2566 1401 2632 Epicteti
1431 2568 1786 2625 Enchiridion.

252 2642 372 2696 Non
404 2661 522 2698 esse
561 2646 666 2700 Nili
714 2649 961 2702 videlicet
987 2690 999 2708 ,
1057 2656 1146 2704 sed
1197 2656 1453 2721 Epicteti,
1483 2676 1509 2708 ιι
1546 2677 1789 2724 quocun-

251 2751 364 2802 que
423 2740 493 2790 sit
532 2739 799 2790 vitiatum.
858 2739 1005 2791 Adde
1058 2740 1162 2792 his.
1205 2740 1278 2792 Ita
1314 2743 1414 2795 hoc
1448 2744 1788 2798 Enchiridion

254 2825 500 2891 Epicteti,
538 2842 660 2879 cum
699 2844 783 2889 co,
833 2830 973 2895 quml
1032 2830 1151 2882 Nilo
1203 2832 1384 2885 nescio
1428 2850 1533 2901 qua
1583 2837 1789 2889 ratione

253 2914 627 2981 adjudicatur,
677 2919 920 2970 eamdem
966 2920 1134 2971 labem
1173 2935 1391 2988 passum
1438 2924 1626 2978 fuisse.
1657 2928 1787 2978 Cum

252 3004 323 3071 die
355 3004 447 3054 illo
493 3021 598 3057 non
642 3007 950 3060 inconsulto
1003 3017 1260 3061 statutum
1329 3013 1639 3082 dictumque
1687 3017 1790 3077 sit,

256 3090 488 3156 Epicteti
521 3111 627 3147 non
680 3113 818 3150 esse.
868 3097 993 3149 Mihi
1048 3099 1117 3151 sit
1175 3115 1281 3167 pra:
1327 3105 1578 3158 omnibus
1631 3110 1790 3159 unius

254 3180 524 3248 Simplicii
587 3187 902 3247 auctoritas,
959 3189 1050 3256 qui
1100 3189 1420 3245 PaL-latione
1470 3193 1526 3245 in
1584 3197 1786 3248 dictum

258 3269 596 3323 Enchiridion
636 3276 713 3326 sic
780 3278 967 3329 scrihit
1001 3295 1013 3329 :
1051 3279 1278 3332 Arianus
1319 3284 1474 3333 vitam
1517 3295 1565 3335 et
1596 3287 1788 3338 obitum

254 3359 484 3424 Epicteti
519 3364 733 3425 prolixis
773 3368 931 3418 verbis
970 3377 1045 3418 est
1086 3380 1398 3432 persecutus.
1436 3371 1578 3424 Unde
1606 3392 1792 3440 cogna-

262 3451 332 3499 tci
361 3461 556 3515 potest,
589 3455 676 3518 qui
705 3455 780 3505 vir
820 3456 908 3506 ille
941 3457 1115 3518 fuerit.
1155 3457 1298 3510 Idem
1328 3460 1556 3513 Arianus
1581 3477 1629 3514 et
1658 3465 1790 3516 hunc

249 3538 518 3601 libellum,
548 3543 681 3607 quod
740 3543 1073 3597 Enchiridion
1118 3549 1434 3611 inscribitur,
1472 3558 1788 3619 composuit:

249 3628 440 3677 deinde
495 3628 644 3680 lectis
695 3647 756 3681 ea:
812 3631 1027 3697 Epicteti
1074 3640 1392 3691 sermonibus
1452 3642 1791 3708 philosophia:

250 3715 382 3765 locis
431 3718 650 3766 maxime
690 3723 991 3771 necessariis
1013 3761 1025 3783 ,
1079 3733 1127 3774 et
1163 3728 1362 3779 animos
1391 3745 1422 3779 a
1448 3734 1788 3794 permanenti-

250 3802 378 3859 bus,
418 3813 468 3852 ut
515 3805 616 3866 ipse
660 3817 879 3858 testatur
918 3811 969 3860 in
1012 3814 1226 3875 epistola
1274 3815 1343 3865 at!
1394 3817 1747 3885 Masgalenum
1773 3862 1786 3881 ,

249 3889 340 3938 cui
397 3906 522 3952 opus
575 3894 740 3959 ipsum
779 3896 1034 3950 dedicarit
1073 3912 1127 3952 ut
1177 3905 1492 3957 amicissimo
1543 3925 1672 3967 suo,
1741 3919 1788 3961 et

251 3978 482 4028 niaxinw
537 3983 700 4043 operis
757 3983 1086 4041 admiratori.
1145 3989 1279 4051 Qua:
1334 3991 1492 4056 ferme
1535 3995 1710 4046 eadem
1740 4009 1787 4048 et

250 4062 433 4111 iisdem
472 4066 729 4118 vocabulis
767 4073 989 4134 sparsim
1015 4060 1087 4124 .in
1119 4076 1305 4127 Ariani
1342 4082 1632 4144 scriptisde
1667 4083 1789 4147 Epi-

249 4147 844 4237 ctetiea'ercitationibus
873 4158 1234 4213 inveniuntur:
1264 4165 1393 4232 Περὶ
1425 4166 1520 4234 μὲν
1548 4169 1638 4219 τοῦ
1672 4171 1784 4237 βίου

246 4249 345 4283 του
387 4236 704 4305 Ἐπικτήτου
739 4245 830 4294 καὶ
865 4248 959 4311 τῆς
994 4249 1152 4298 αὑτοῦ
1209 4251 1456 4320 τελευτῆς
1510 4258 1784 4322 Ἀρριανὸς

250 4325 504 4392 ἔγραψεν,
529 4331 555 4378 ὸ
579 4330 671 4390 τὰς
715 4331 1030 4401 Ἐπικτήτου
1053 4336 1327 4403 διατριϐὰς
1353 4342 1408 4390 ὲν
1447 4343 1782 4412 πολυστίχοις

250 4417 638 4482 συνταξάμενος
659 4419 895 4486 βιϐλίοις.
917 4423 1021 4473 Καὶ
1050 4425 1141 4474 ἀπ’
1171 4427 1374 4479 ἐκείνου
1406 4431 1591 4497 μαθεῖν
1616 4434 1778 4498 ἐστιν,

248 4503 425 4564 ὁποῖος
451 4507 634 4569 γέγονε
663 4510 750 4559 τὸν
780 4511 888 4576 βίον
921 4513 947 4562 ὁ
982 4513 1136 4579 ἁνήρ.
1186 4515 1255 4564 Τὸ
1289 4517 1341 4567 δὲ
1391 4519 1587 4584 βιϐλίον
1627 4524 1781 4576 τοῦτο

245 4592 311 4640 τὸ
367 4591 704 4656 Ἐπικτήτου
746 4599 1113 4664 Έγχειρίδιον
1160 4604 1641 4673 ἐπιγεγραμμένον,
1688 4614 1779 4662 καὶ

248 4678 406 4730 τοῦτο
444 4681 600 4742 αὐτὸς
630 4686 902 4746 συνέταξεν
928 4690 954 4737 ὁ
995 4689 1287 4755 Ἄρρωνος.
1328 4694 1404 4744 Τὰ
1430 4698 1775 4763 καιριώτατα,

249 4767 342 4818 καὶ
393 4768 780 4833 ἀναγκαιότατα
829 4777 882 4823 ὲν
915 4775 1212 4845 φιλοσοφία,
1247 4781 1338 4830 καὶ
1380 4785 1777 4849 κινητικώτατα

247 4854 355 4904 τῶν
391 4855 572 4923 ψυχῶν
591 4859 962 4927 ἐπιλεξάμενος
1000 4865 1060 4914 ἐκ
1093 4865 1198 4914 τῶν
1250 4867 1560 4935 Ἐπικτήτου
1586 4874 1773 4938 λόγων,

243 4943 323 5004 ὡς
355 4946 510 5016 αὐτὸς
539 4951 590 4997 ὲν
621 4953 683 5014 τῇ
712 4950 841 5016 πρὸς
877 4953 1227 5020 Μασγαληνὸν
1256 4958 1504 5026 ἐπιστολῇ
1544 4963 1773 5030 ἔγραψεν

243 5033 274 5084 ὀ
323 5034 613 5102 Ἀρριανὸς,
732 5040 789 5090 τὸ
841 5042 1167 5110 σύγγραμμα
1219 5048 1661 5116 προσεφώνησεν,
1702 5056 1773 5116 ὡς

243 5123 421 5189 ἑαυτῷ
454 5124 550 5190 μὲν
581 5128 831 5195 φιλτάτῳ,
868 5131 1093 5196 μάλιστα
1126 5133 1192 5183 δὲ*
1222 5134 1310 5184 τὸν
1345 5136 1656 5207 Ἐπίκτητον
1690 5162 1772 5194 τε-

243 5213 576 5278 θαυμακάτι·
618 5218 681 5267 τὰ
720 5217 774 5268 δὲ
804 5221 944 5287 αὐτα
979 5221 1161 5287 σχεδὸν
1199 5225 1286 5274 καὶ
1330 5227 1415 5276 ἐπ’
1452 5230 1625 5282 αὐτῶν
1667 5236 1771 5285 τῶν

240 5301 519 5369 ὀνομάτων
566 5306 848 5373 σποράδην
887 5310 941 5359 ὲν
994 5314 1101 5370 τοῖς
1149 5312 1423 5380 Ἀρριανοῦ
1483 5323 1605 5384 περὶ
1668 5327 1770 5375 τῶν

239 5387 563 5456 Ἐπικτήτου
593 5391 873 5458 διατριϐῶν
913 5396 968 5446 ἓν
1013 5402 1116 5457 toi;
1145 5403 1494 5468 γραφομένοις
1527 5410 1767 5474 εὑρίσκε-

237 5495 348 5530 ται.
392 5479 530 5530 Hinc
554 5477 846 5533 Salmasius
876 5482 1022 5537 Notis
1056 5486 1108 5537 in
1144 5486 1475 5553 Simplicium
1518 5497 1716 5562 colligit
1752 5518 1763 5550 :

239 5565 383 5636 Ergo
405 5568 557 5635 hujus
585 5567 870 5622 Enchiridii
899 5583 1094 5633 auctor,
1125 5577 1211 5639 qui
1236 5588 1281 5630 et
1303 5579 1762 5656 Dissertationum,

1889 435 2061 500 nempe
2098 441 2346 492 Arianus.
2394 438 2496 491 Sed
2551 439 2735 488 mirum
2767 447 2818 486 ut
2848 437 2898 487 in
2928 434 3186 486 hctliernis
3217 433 3416 487 Disser-

1887 529 2170 580 tationibas
2211 545 2270 580 ea
2295 545 2394 580 non
2432 528 2776 594 reperiantur,
2818 542 2930 592 qua:
2956 524 3018 577 de
3051 524 3154 576 vita
3183 535 3227 574 et
3257 536 3418 574 mort»

1885 613 2106 679 Epicteti
2158 620 2417 669 memoriw
2465 618 2741 667 mandasse
2783 616 3036 666 Arianum
3084 613 3163 664 hic
3210 610 3414 679 Simpli-

1884 705 1993 757 cius
2017 715 2254 758 testatur.
2279 706 2364 758 Ita
2389 708 2551 757 multa
2570 708 2728 758 etiam
2752 721 2814 756 ex
2846 703 3147 756 Enchiridio
3169 719 3200 754 a
3223 699 3420 754 Stoba'o

1885 797 2060 858 citari,
2089 813 2202 862 quw
2231 807 2320 847 aut
2344 798 2548 847 omnino
2568 799 2615 845 in
2642 796 2737 846 hoc
2762 794 2990 846 manuali
3023 809 3122 844 non
3149 791 3418 845 habentur.

1887 893 1976 936 aut
2007 885 2159 936 aliter
2183 886 2376 949 scripta
2414 885 2683 936 habentur.
2719 885 2781 936 Et
2817 884 3000 935 Daniel
3032 883 3283 935 lleinsins
3306 896 3424 934 con-

1888 973 2016 1024 cinit
2042 973 2268 1039 epistola
2295 973 2359 1025 ad
2384 973 2720 1024 Theodorum
2739 972 3234 1025 Gresuvinckelium
3262 989 3272 1021 :
3297 967 3422 1022 Cum

1888 1063 2079 1130 ingenti
2121 1062 2398 1128 voluptate,
2451 1063 2648 1127 pariter
2696 1072 2741 1113 et
2774 1077 2899 1112 cura
2934 1060 3034 1129 legi
3086 1060 3372 1127 Epictetum
3410 1076 3425 1110 .-

1891 1149 2223 1202 Enchiridion
2257 1152 2308 1202 in
2345 1152 2548 1217 primis,
2576 1151 2710 1219 quod
2745 1151 2806 1201 ab
2841 1149 3036 1200 Ariano
3085 1165 3146 1201 ex
3202 1149 3426 1201 oraculis-

1886 1241 2046 1292 divini
2073 1242 2171 1293 viri
2214 1243 2578 1292 ctmcinnatum
2627 1241 2707 1292 hic
2745 1255 2874 1291 nunc
2900 1239 3073 1290 habes.
3107 1238 3168 1289 Et
3189 1253 3428 1306 comper—
3482 1301 3485 1308 ι

1887 1329 2021 1380 tiora
2053 1329 2118 1382 de
2141 1329 2366 1395 Epicteti
2393 1330 2693 1382 Enchiridio
2719 1328 3173 1396 quaerimusﬂloc
3200 1328 3334 1380 idem
3364 1326 3428 1379 de

1887 1417 2079 1471 Nilano
2112 1420 2492 1472 altirmandum
2524 1429 2755 1473 nonest.
2785 1419 3078 1473 Considera
3109 1434 3218 1472 rem
3260 1425 3427 1470 atten-

1887 1509 2027 1559 tius:
2055 1515 2166 1558 tum
2215 1509 2429 1559 demum
2467 1508 2731 1573 judicium
2780 1508 2876 1570 da;
2911 1493 2975 1559 ad
3015 1507 3127 1560 hch
3173 1513 3362 1566 testes,
3382 1505 3427 1556 si

1888 1604 2054 1663 potes.
2099 1595 2201 1647 Sed
2233 1597 2368 1648 inter
2384 1597 2505 1662 ejus
2539 1598 2736 1663 scripta
2770 1597 2941 1647 locum
2971 1595 3148 1647 habet.
3173 1596 3238 1647 At
3277 1593 3431 1660 cujus

1888 1697 2079 1735 nomen
2103 1682 2367 1749 praeferat,
2401 1684 2622 1736 edicito.
2649 1685 2727 1734 An
2760 1665 2844 1735 hii:
2877 1683 3088 1737 libellus
3118 1691 3324 1735 tantum
3345 1698 3433 1736 ex-

1890 1781 2078 1826 traneo
2107 1774 2315 1826 auctori
2349 1772 2661 1840 suppositus
2687 1772 3070 1842 supposititius
3106 1773 3282 1825 fuerit.

1955 1861 2087 1914 Illud
2121 1877 2336 1930 quoque
2366 1861 2906 1916 animadvertendum
2943 1870 3046 1924 est,
3079 1862 3252 1914 Nilum
3288 1860 3429 1912 hum-

1889 1961 2136 2005 nostrum
2179 1953 2430 2005 Ascetam
2483 1966 2511 2002 a
2565 1951 2839 2018 plerisque
2890 1953 3157 2019 martyris,
3208 1950 3274 2002 ab
3311 1949 3431 1999 aliis

1885 2039 2108 2102 episcopi
2141 2037 2299 2088 titulo
2329 2035 2600 2102 insigniri.
2638 2035 2800 2086 Notat
2829 2034 3082 2087 Nicolaus
3105 2035 3384 2085 Classerus
3415 2052 3424 2082 :

1891 2123 2025 2175 Etsi
2056 2126 2117 2176 de
2145 2123 2261 2175 Nili
2284 2123 2542 2190 martyrio
2571 2139 2670 2174 non
2705 2132 2928 2183 constat,
2959 2138 3022 2173 ea:
3059 2121 3232 2173 eodem
3263 2131 3430 2173 tamen

1890 2221 2122 2276 auctore,
2150 2220 2204 2264 ut
2235 2214 2395 2265 etiam
2424 2227 2487 2264 ea:
2513 2211 2762 2265 Osiandri
2793 2212 3078 2263 Annalibus
3105 2210 3428 2275 manifestum

1888 2308 1986 2362 cst,
2019 2299 2170 2351 illum
2197 2315 2309 2351 cum
2345 2300 2471 2366 ﬁliis
2501 2299 2639 2366 (lege
2671 2314 2791 2350 cum
2827 2298 2954 2352 lilio)
2988 2314 3018 2348 a
3059 2298 3292 2348 barbaris
3322 2311 3432 2361 per-

1889 2403 2096 2453 pessum
2134 2403 2264 2438 esse.
2300 2385 2445 2437 Inter
2483 2396 2738 2453 martyres
2776 2388 2933 2453 igitur
2969 2386 3062 2436 hoc
3094 2385 3296 2436 nomine
3323 2384 3432 2450 fore

1891 2478 2054 2528 tussis
2100 2476 2343 2542 refertur.
2389 2475 2538 2528 Circa
2577 2491 2768 2525 annum
2815 2474 3009 2527 Christi
3053 2475 3153 2527 δυο
3193 2474 3431 2539 ﬂoruisse

1888 2565 2241 2615 existimatur.
2299 2564 2786 2629 lnterpretationem
2827 2580 2939 2615 rcro
2979 2563 3219 2613 Latinam
3264 2563 3430 2628 atljeri

1891 2655 2024 2703 hanc
2058 2655 2486 2718 qualemcunque,
2533 2663 2585 2703 ut
2642 2669 2756 2702 eain
2801 2669 2912 2702 cum
2955 2653 3045 2703 illa
3093 2650 3343 2712 Neandri,
3384 2656 3426 2701 si

1890 2742 2021 2806 forte
2044 2743 2096 2792 in
2129 2743 2364 2792 manibus
2393 2742 2622 2807 conferre
2660 2744 2828 2800 liceat,
2858 2760 2955 2808 quo
2985 2746 3252 2806 utriusque
3274 2743 3433 2792 colla-

1891 2836 2027 2886 tione
2053 2830 2166 2899 plus
2213 2837 2424 2888 luminis
2463 2837 2692 2887 accedat.
2721 2835 2787 2887 In
2807 2837 3061 2887 decurias.
3088 2852 3284 2904 quoque
3312 2851 3428 2899 pue-

1890 2927 2061 2977 riliter
2103 2925 2377 2977 distinctas
2422 2926 2628 2978 habebis
2674 2926 2976 2983 sententias,
3011 2943 3126 2976 eum
3167 2927 3217 2976 in
3249 2927 3420 2982 ﬁnem,

1890 3028 1956 3072 ut
1977 3021 2141 3072 versio
2174 3019 2364 3071 Latina
2398 3019 2574 3074 Grch
2607 3021 2771 3072 textui
2803 3021 3086 3086 postposita
3117 3020 3429 3072 commodius

1891 3109 2217 3176 respondeat.
2260 3111 2323 3162 Et
2355 3111 2511 3176 plane
2541 3110 2605 3162 de
2639 3109 2916 3177 martyrio,
2965 3111 3086 3160 licet
3123 3124 3283 3177 upch
3317 3110 3429 3175 ipso

1891 3201 2208 3268 martyrium
2243 3214 2348 3251 non
2376 3199 2624 3260 subierit,
2654 3213 2825 3265 neque
2849 3213 2942 3265 pro
2966 3213 3066 3249 una
3111 3200 3208 3249 tide
3233 3197 3429 3249 Christi

1891 3289 2208 3352 Sanguinem
2239 3289 2506 3350 etluderit,
2543 3303 2715 3355 neque
2748 3290 2913 3338 vitam
2943 3287 3282 3355 exposuerit;
3313 3301 3428 3339 cer-

1892 3384 2005 3427 tum
2042 3385 2126 3428 est
2167 3385 2367 3436 tamen,
2407 3384 2460 3428 et
2495 3391 2556 3425 ex
2593 3375 2711 3441 ejus
2757 3374 2960 3441 scripto
2997 3376 3136 3427 satis
3163 3383 3428 3441 apertum.

1891 3479 2012 3516 eum
2054 3465 2104 3516 id
2154 3464 2347 3531 agendi
2399 3478 2610 3530 semper
2659 3463 3073 3530 cupidissimum
3122 3463 3306 3515 fuisse.
3360 3461 3430 3512 lle

1890 3555 2210 3622 episcopatu
2258 3555 2370 3620 ipse
2403 3554 2678 3615 existimo,
2722 3555 2871 3605 illum
2923 3562 3040 3617 post
3089 3561 3167 3605 tot
3211 3553 3428 3604 calami-

1891 3651 2050 3704 tates,
2096 3645 2388 3696 nonnullos
2438 3643 2725 3709 episcopos
2766 3643 3105 3694 considerata
3147 3641 3283 3694 tanti
3327 3642 3428 3693 viri

1889 3735 2086 3784 virtute
2115 3741 2167 3785 ct
2199 3732 2444 3783 doctrina
2479 3733 2668 3783 saltem
2716 3731 2769 3781 in
2813 3729 3022 3798 Egypti
3067 3731 3328 3797 partilms,
3375 3730 3427 3780 in

1889 3821 2089 3886 quibus
2139 3821 2398 3873 similium
2447 3820 2722 3871 hominum
2771 3837 2979 3871 summa
3032 3820 3251 3887 penuria
3291 3830 3460 3872 ωλι..

1888 3911 2116 3961 consilio
2168 3911 2305 3960 inter
2354 3925 2412 3960 se
2462 3909 2595 3959 inito
2647 3912 2695 3959 in
2744 3917 2939 3958 tantam
2991 3910 3323 3971 dignitatem,
3372 3917 3423 3956 et

1889 3999 2097 4060 inerito,
2132 3999 2410 4048 extulisse.
2442 3996 2546 4046 Sed
2571 3997 2680 4045 lia-c
2708 4012 2851 4045 mera
2883 3996 3124 4060 suspicio
3147 4005 3248 4046 est.
3275 3993 3417 4050 Esto.

1886 4087 2044 4138 Certe
2094 4086 2144 4136 id
2177 4085 2362 4152 negari
2395 4099 2496 4135 non
2550 4091 2745 4150 potest,
2790 4084 3003 4148 aliquod
3040 4091 3244 4135 eertum
3278 4083 3420 4135 indi.

1887 4177 2028 4227 cium
2073 4175 2331 4226 habuisse
2364 4189 2478 4233 eos,
2521 4174 2613 4239 qui
2657 4173 2812 4239 primi
2849 4180 2996 4226 tanto
3027 4174 3144 4225 viro
3181 4173 3418 4241 episcom

1887 4266 2101 4316 titulum
2136 4264 2526 4316 attribuerunt.
2555 4262 2668 4315 Non
2700 4265 2980 4318 dissimilis
3008 4274 3154 4317 esset
3184 4266 3422 4330 suspicio

1884 4355 1946 4405 de
1970 4351 2251 4405 Theodqu
2281 4352 2706 4418 illiusdllio,'qui
2744 4353 2902 4403 nullis
2937 4353 3106 4404 sacris
3140 4352 3421 4405 ordinibus

1883 4450 2005 4492 ante
2058 4442 2423 4507 captivitatem
2483 4440 2810 4503 conspicuus
2858 4448 3006 4498 erat,
3072 4440 3116 4491 si
3175 4455 3418 4493 vocarem

1882 4530 2028 4579 illum
2067 4528 2379 4585 diaconum,
2406 4538 2458 4579 et
2493 4512 2782 4579 tamen‘ille
2809 4526 2876 4579 de
2907 4542 2964 4578 se
3009 4528 3157 4586 dicit,
3204 4530 3268 4580 ab
3305 4533 3417 4594 cpi-

1880 4632 2043 4684 scopo
2063 4624 2307 4668 coactum
2328 4615 2557 4668 similem
2578 4615 2824 4668 ordinem
2855 4615 3152 4668 obtinuisse
3181 4635 3190 4666 :
3223 4625 3273 4666 et
3295 4632 3416 4667 ver.-.

1881 4714 2157 4771 promotus
2193 4713 2278 4757 est
2309 4723 2320 4756 :
2373 4703 2459 4764 Ὠς
2500 4705 2554 4754 δὲ
2584 4706 2648 4754 ἂν
2685 4703 2756 4772 μὴ
2805 4704 2946 4767 δόξαι
2982 4706 3096 4771 βεαν
3131 4704 3416 4768 προσάγειν

1879 4795 2100 4862 ὑπονοίᾳ
2143 4794 2242 4861 τῆς
2293 4794 2431 4860 ὑπὲρ
2491 4792 2581 4843 τοῦ
2641 4794 2828 4853 παιδὸς
2884 4793 3165 4859 δεδομένης
3218 4793 3411 4859 τιμῆς,

1882 4883 2011 4948 μηδὲ
2035 4882 2481 4948 δεσποτικώτερον
2500 4883 2741 4932 ἀπαιτεῖν
2760 4881 2853 4946 τὴν
2874 4879 3210 4948 παραμονὴν,
3241 4883 3406 4947 πρατ-

1877 4985 1985 5018 τειν
2019 4970 2278 5037 ἐπέτρεπε
2304 4971 2409 5019 πᾶν
2442 4970 2498 5017 τὸ
2521 4968 2705 5018 δοκοῦν
2748 4968 2881 5018 κατὰ
2910 4967 3150 5036 γνώμην,
3184 4970 3239 5020 ἒν
3259 4971 3414 5022 τοῦτο

1879 5057 2032 5122 μόνον
2062 5060 2393 5126 τυραννήσας
2415 5057 2576 5124 ἡμᾶς,
2608 5056 2665 5105 τὸ
2697 5055 2783 5106 τὸν
2821 5055 2979 5122 ζυγὸν
3040 5058 3299 5110 ἐπιθεῖναι
3324 5059 3410 5108 τὸν

1878 5147 2142 5212 ἱερατικὸν
2176 5147 2248 5214 μὴ
2286 5145 2636 5212 βουλομένοις.
2683 5145 2867 5212 Ἡμεῖς
2900 5146 2995 5212 μὲν
3025 5147 3131 5212 γὰρ
3164 5147 3222 5197 τὸ
3251 5145 3410 5213 βάρος

1873 5241 2198 5306 λογιζόμενοι
2214 5237 2313 5302 τῆς
2326 5237 2675 5302 λειτουργίας,
2705 5237 3049 5304 ἀσχάλλοντες
3065 5237 3368 5303 ὼδυρὸμεθα
3382 5278 3393 5292 ,

1871 5327 1963 5378 καὶ
2001 5326 2096 5376 οὐκ
2134 5321 2346 5390 εἴχομεν
2399 5324 2530 5390 πρὸς
2563 5323 2621 5372 τὸ
2655 5322 2894 5373 ὲπιτεθὲν
2944 5323 3103 5388 ἄχθος
3159 5323 3391 5382 ἀνεκτῶς

1872 5415 2009 5482 ὑπὲρ
2041 5412 2245 5479 imago
2277 5412 2368 5462 καὶ
2396 5412 2543 5478 μόλις
2583 5414 2690 5471 τοῖς
2724 5412 2893 5477 ἁγίοις
2917 5411 3160 5478 ἁρμόζει,
3181 5412 3300 5462 ὅσον
3330 5415 3405 5474 εἰς

1871 5503 2135 5562 πολιτείας
2161 5502 2330 5567 λόγον.
2350 5502 2628 5560 Κάκεὶνοις
2656 5500 2762 5568 γὰρ
2783 5501 2948 5567 ἐφάνη
2973 5500 3130 5568 βαρὺ,
3158 5502 3248 5552 καὶ
3265 5501 3404 5569 ὠμο-

1872 5594 2101 5662 λόγησαν
2132 5591 2464 5659 καλούμενοι,
2495 5590 2835 5661 ὑπερὸαίνειν
2870 5591 3058 5653 αὐτοὺς
3083 5593 3141 5642 τὸ
3172 5591 3396 5659 ἀξίωμα.
