4134 6328
725 339 790 400 55
964 349 969 354 '
1880 322 2182 385 NOTITIA
2217 318 2296 375 IN
2340 317 2399 374 s.
2442 313 2702 375 NILUM.
2753 265 2757 269 1
3686 267 3689 270 ⁴
3809 276 3877 342 53

722 452 814 507 καὶ
835 452 948 521 Θεῷ
971 453 1248 518 ἀντέλεγον
1279 452 1369 503 ἐπὶ
1398 451 1528 503 πολὺ
1569 447 1985 519 προϐαλλόμενοι
2012 441 2072 494 τὸ
2123 438 2250 492 ἀνά-

724 544 848 606 ξιον,
867 543 958 597 καὶ
970 541 1299 611 παρῃτοῦντο
1321 539 1417 608 τὴν
1441 539 1762 609 χειροτονίαν
1782 533 2246 606 προφασιζόμενοι,

723 635 814 688 καὶ
839 633 897 685 τὸ
921 632 1079 683 πλέον
1104 630 1210 683 τῶν
1239 630 1334 682 νῦν
1362 629 1609 681 ἁπάντων
1629 628 1774 688 ὄντες
1797 624 2083 692 ἐπιτήδειοι
2116 620 2251 689 πρὸς

721 721 782 774 τδ
808 720 986 790 ἔργον.
1016 719 1110 771 καὶ
1135 718 1193 778 ἐξ
1228 718 1506 786 ἀσκήσεως
1557 716 1662 768 τῶν
1709 713 1884 768 καλῶν
1938 711 2251 780 παρῤησίαν

723 812 861 879 ἔχειν
880 812 935 862 ὲν
954 811 1015 877 τῇ
1043 807 1259 876 λατρεία
1286 807 1418 875 «pb;
1450 806 1537 858 τὸν
1565 806 1834 873 Δεσπότην
1866 804 2065 872 μᾶλλον
2087 801 2247 854 δυνά-

727 918 889 972 μενοι.
933 901 1161 962 Ἐκεῖνος
1179 899 1234 951 δὲ
1263 898 1486 966 πρέπειν
1531 895 1678 962 ἔλεγε
1725 898 1836 957 τοῖς
1872 896 2049 956 πόνοις
2070 894 2130 946 τὸ
2159 895 2254 959 γέ-

726 1007 842 1061 ρας,
875 987 966 1041 καὶ
1011 987 1122 1049 τοῖς
1153 985 1412 1054 καμάτοις
1464 985 1554 1037 τοῦ
1600 983 1823 1050 ἀγῶνος,
1857 983 1932 1045 ὡς
1982 983 2246 1052 ἐνόμιζεν,

721 1081 889 1134 ἐδίδου
923 1079 1106 1148 μισθὸν
1147 1078 1206 1130 τὺ
1247 1077 1477 1144 ἀξίωμα.
1517 1074 1591 1127 Ex
1632 1076 1884 1128 versione
1931 1073 2074 1128 Petri
2120 1074 2254 1129 Pos-

721 1171 824 1226 sini
859 1189 871 1222 :
910 1169 1054 1244 Idem
1084 1178 1275 1230 tamen,
1308 1174 1365 1218 ut
1395 1165 1528 1244 nolle
1557 1179 1647 1233 nos
1672 1165 1818 1226 vidit,
1845 1163 2053 1218 modum
2079 1166 2254 1232 posuit

722 1263 882 1332 officio
904 1279 922 1326 ;
945 1243 1005 1313 ne
1034 1257 1299 1312 recordari
1320 1257 1473 1323 pretii
1508 1243 1806 1307 redimendo
1827 1269 1984 1320 puero
2015 1256 2249 1321 impensi,

720 1363 769 1409 et
794 1353 946 1406 herili
967 1353 1090 1418 jure
1118 1357 1361 1415 tanquam
1392 1347 1699 1412 mancipium
1728 1347 1946 1400 retinere
1968 1347 2091 1400 uelle
2113 1347 2252 1401 uide-

723 1455 883 1499 retur.
930 1441 1008 1494 Ea
1047 1442 1220 1509 gratia
1259 1438 1477 1490 arbitrio
1531 1445 1724 1496 nostro.
1769 1446 1942 1488 utrum
1990 1437 2250 1502 vellemus,

722 1533 973 1601 permisit.
992 1547 1149 1585 unum
1175 1529 1268 1582 hoc
1297 1537 1493 1582 tantum
1525 1528 1686 1578 amice
1711 1543 2037 1592 perseverans
2060 1527 2254 1581 blanda

724 1625 994 1695 tyrannide
1037 1623 1276 1682 obtinuit.
1304 1629 1370 1681 stt
1412 1620 1557 1674 nobis
1601 1617 1961 1671 recusantibus
2009 1617 2252 1689 sacerdo—

724 1718 845 1770 talis
887 1716 1036 1784 ofﬁcii
1058 1714 1245 1783 jugum
1283 1715 1585 1779 imponeret.
1622 1708 1733 1762 Nos
1768 1713 1904 1760 enim
1940 1723 2071 1760 onus
2103 1721 2254 1773 repu-

727 1813 893 1859 tantes
933 1806 1065 1857 tanti
1104 1808 1385 1861 ministerii
1428 1807 1521 1856 hoc
1551 1803 1663 1871 ejus
1694 1800 1912 1852 consilio
1957 1796 2254 1849 contristati

719 1893 1054 1959 deﬂebamus,
1109 1907 1197 1943 nec
1250 1889 1539 1957 ferebamus
1593 1886 1751 1953 facile
1799 1893 2000 1936 tantam
2061 1880 2255 1946 imponi

720 1981 863 2033 nobis
887 1982 1070 2040 molem
1104 1982 1252 2048 oﬂicii
1273 2021 1290 2046 ,
1329 1979 1460 2047 quod
1495 1988 1599 2029 tam
1633 1983 1982 2036 emendatam,
2013 1981 2060 2020 et
2102 1969 2258 2022 subli-

722 2085 851 2122 mem
881 2071 1097 2124 caelestis
1126 2072 1241 2123 vitta
1269 2070 1519 2121 rationem
1551 2067 1732 2134 exigit,
1751 2063 1953 2132 qualem
1979 2063 2062 2113 vix
2090 2056 2256 2110 sancti

704 2159 819 2221 'ipsi
844 2168 1097 2225 prwstare
1120 2160 1180 2210 de
1199 2173 1254 2210 se
1276 2157 1525 2210 audeant.
1550 2154 1668 2210 Illis
1701 2154 1882 2219 quippe
1915 2151 2040 2214 ipsis
2061 2159 2256 2213 quoque

719 2263 872 2313 grave
902 2248 996 2299 hoc
1026 2263 1208 2300 munus
1237 2247 1401 2300 visum
1427 2253 1525 2297 est.
1560 2242 1733 2315 Neque
1767 2240 1817 2291 id
1851 2236 2257 2289 dissimularunt

721 2352 837 2390 cum
866 2354 924 2392 eo
956 2348 1076 2391 sunt
1109 2340 1295 2400 vocati,
1328 2339 1581 2406 majorem
1609 2350 1719 2387 esse
1749 2331 2054 2401 dignitatem
2085 2324 2253 2385 illam,

723 2442 876 2493 quam
910 2438 961 2479 nt
997 2428 1098 2481 sibi
1126 2429 1449 2489 conveniret;
1485 2425 1539 2478 id
1581 2427 1750 2492 ipsum
1786 2422 1944 2474 etiam
1980 2417 2070 2469 diu
2097 2427 2256 2466 excu-

723 2534 838 2570 sare
882 2519 1000 2571 ausi
1056 2517 1192 2585 apud
1239 2516 1536 2583 offerentem
1588 2513 1722 2563 hunc
1768 2510 2013 2566 honorem
2075 2502 2254 2563 Deum,

724 2608 1049 2674 deprecantes
1097 2607 1476 2672 impositionem
1524 2615 1795 2658 manuum.
1847 2594 2170 2663 indignitatis
2210 2598 2257 2643 et

725 2697 1094 2750 imbecillitatis
1126 2697 1347 2764 propriw
1372 2693 1686 2748 conscientia
1721 2706 1737 2742 :
1773 2689 1977 2742 tametsi
1999 2683 2254 2741 omnibus,

725 2789 811 2854 qui
865 2803 998 2840 nunc
1054 2795 1195 2849 sunt,
1255 2788 1397 2838 haud
1445 2783 1600 2852 paulo
1659 2787 1823 2834 essent
1873 2777 2028 2829 iidem
2079 2774 2145 2825 ad
2199 2769 2255 2822 id

724 2891 908 2928 munus
939 2877 1183 2942 aptiores,
1212 2885 1261 2928 et
1297 2885 1505 2942 propter
1541 2873 1844 2924 diuturnam
1881 2863 2251 2933 professionem

725 2963 997 3019 sanctioris
1029 2964 1166 3026 vitaz,
1199 2963 1546 3029 virtutumque
1574 2972 1724 3010 usum
1758 2952 1947 3022 majori
1974 2949 2164 3016 fiducia
2184 2945 2252 2998 ad

729 3052 1086 3108 tractationem
1121 3051 1515 3119 mysteriorum,
1553 3053 1602 3100 et
1655 3043 1969 3109 {unctionem
2008 3032 2259 3101 sacriﬁcii

729 3149 928 3208 possent
977 3139 1233 3199 accedere.
1277 3138 1474 3202 Quibus
1507 3135 1595 3188 ille
1632 3142 1814 3186 contra
1857 3121 2259 3182 remunerandos

731 3232 825 3286 sibi
859 3232 1020 3284 videri
1064 3231 1234 3284 aiebat
1263 3229 1416 3296 hujus
1457 3225 1730 3294 dignitatis
1771 3219 1922 3274 titulo
1967 3216 2169 3272 labores
2207 3213 2264 3267 in

734 3331 838 3372 tam
867 3320 1063 3388 difﬁcili
1092 3321 1389 3380 certamine,
1424 3317 1573 3383 cujus
1619 3311 1901 3366 victoribus
1931 3309 2026 3360 hoc
2071 3305 2263 3358 addere

731 3411 932 3472 prtemii
973 3408 1084 3462 loco
1127 3407 1228 3461 sibi
1271 3407 1490 3473 placere.
1526 3400 1794 3454 Postremo
1842 3414 1957 3449 cum
2003 3394 2264 3446 discedere

733 3499 898 3562 illinc,
927 3506 977 3552 et
1003 3495 1214 3549 domum
1247 3492 1430 3547 recerti
1451 3489 1847 3542 decrevissemus
1871 3484 2001 3535 idem
2038 3484 2128 3533 ille
2155 3482 2266 3532 uia-

736 3588 833 3645 tico
851 3594 1101 3653 quantum
1129 3582 1184 3635 in
1214 3581 1422 3648 longam
1453 3577 1600 3629 illam
1633 3576 1765 3627 viam
1794 3588 1919 3637 opus
1957 3582 2088 3631 erat,
2134 3571 2264 3620 lihe-

735 3672 919 3726 raliter
947 3672 1246 3732 instructos,
1290 3667 1419 3724 rotis
1471 3666 1678 3731 insuper
1721 3669 1980 3721 oneratos,
2024 3674 2135 3710 cum
2175 3657 2266 3710 ιιλεί

2349 429 2577 497 gratiam
2625 425 2770 479 nobis
2825 419 3024 473 itineris
3073 415 3326 482 comitem.
3379 421 3427 465 et
3477 412 3682 485 longum
3711 410 3873 472 domi,

2348 527 2620 586 postquam
2659 531 2717 566 eo
2760 510 3184 577 peruenissemus,
3216 502 3360 570 pacis
3389 502 3614 568 fructum
3645 513 3874 562 compre-

2350 603 2577 666 caretur,
2611 603 2687 656 sic
2715 600 2918 653 demum
2947 594 3316 663 officiosissime
3357 589 3578 642 dimisit.
3612 587 3758 638 Nihil
3780 586 3874 652 jus

2351 689 2615 748 ostentans
2653 670 2828 750 suum,
2872 697 2918 739 et
2958 683 3254 750 bene/icium
3300 677 3681 744 redemptionis,
3719 687 3876 741 neque

2350 792 2656 852 potestatem
2689 781 2742 850 in
2777 785 2930 844 caput
2971 774 3132 839 pretio
3160 777 3385 831 emptum
3430 766 3528 820 sibi
3569 764 3876 832 acquisitam

2349 849 2641 937 ploriatns;
2692 863 2830 932 quod
2887 861 3058 912 minus
3117 858 3371 907 humanus
3427 851 3561 919 forte
3617 849 3876 917 quispiam

2353 957 2490 1010 alius
2522 955 2713 1023 faceret
2736 965 2762 1002 ξι
2786 952 2889 1004 imo
2923 949 3070 1001 illam
3111 948 3277 1010 ipsam
3303 941 3573 996 videbatur
3602 937 3881 991 calamita-

2354 1053 2453 1095 tem
2495 1021 2824 1100 venditionis,
2868 1032 3221 1087 consolatione
3253 1028 3418 1081 multa
3459 1027 3651 1079 levans.
3684 1026 3759 1075 En
3793 1021 3880 1074 hic

2353 1129 2680 1192 Theodulus,
2722 1135 2796 1188 et,
2836 1122 2978 1192 quod
3007 1119 3178 1187 magis
3205 1126 3308 1179 est,
3336 1117 3491 1169 Nilus
3533 1116 3647 1182 ipse
3689 1111 3744 1164 in
3793 1125 3882 1163 sa-

2352 1219 2626 1273 cerdotem
2659 1223 2780 1285 post
2812 1222 2890 1265 tot
2913 1211 3123 1263 labores
3148 1219 3405 1276 operosos
3435 1210 3599 1284 atque
3627 1201 3882 1252 molestos

2351 1310 2535 1362 laurea
2555 1281 2852 1360 sacerdotis
2883 1302 2950 1355 ab
2974 1301 3248 1368 episcopo.
3277 1306 3330 1350 et
3352 1281 3476 1363 ejus
3498 1301 3612 1346 arte
3637 1299 3691 1345 et
3713 1297 3885 1343 marte

2351 1396 2714 1454 evinciuntur,
2741 1406 2862 1445 cum
2886 1397 3044 1443 antea
3068 1387 3214 1440 nulla
3241 1385 3502 1452 dignitate
3520 1379 3880 1436 ecclesiastica

2353 1484 2688 1552 et'fulgerent.
2739 1479 2915 1544 Quare
2965 1491 3070 1530 non
3120 1475 3358 1530 et.Nilus
3403 1471 3474 1524 ob
3522 1471 3621 1523 has
3668 1468 3883 1520 easdem

2354 1572 2636 1641 speciosae
2674 1568 2838 1622 animi
2885 1565 3063 1628 dotes,
3115 1574 3169 1619 et
3208 1562 3572 1617 doctrinarum
3627 1565 3885 1625 prastan-

2355 1661 2508 1722 tiam,
2532 1665 2585 1712 et
2604 1663 2883 1711 enavatam
2912 1669 3128 1722 Operam
3163 1666 3257 1721 pro
3279 1650 3586 1704 Christiana
3613 1645 3889 1714 republica

2362 1747 2620 1816 consequi
2652 1746 2826 1816 potuit
2873 1745 3147 1812 praemium
3202 1742 3268 1794 ab
3323 1740 3557 1806 antiquas
3600 1733 3882 1802 religionis

2354 1835 2646 1905 exemplari
2682 1834 2980 1902 episcopo?
3011 1831 3120 1900 Ego
3156 1837 3300 1883 certe
3321 1844 3426 1881 non
3456 1826 3664 1884 dubitu,
3687 1824 3808 1875 licet
3834 1821 3890 1873 ἰιι

2356 1928 2410 1979 in
2443 1922 2660 1991 sciiptis
2698 1922 2927 1975 relatum
2977 1933 3082 1973 non
3123 1917 3213 1979 sit,
3257 1921 3561 1969 assecutum
3603 1911 3788 1964 fuisse.
3819 1907 3893 1961 Ut

2357 2014 2479 2080 lijnc
2507 2011 2698 2063 merito
2722 2009 2790 2074 al)
2819 2009 2963 2062 illius
3001 2007 3101 2060 arvi
3125 2003 3505 2072 scriptoribus,
3539 1999 3738 2068 quibus
3762 2011 3889 2065 per-

2357 2105 2688 2173 vulgatiores
2733 2114 2788 2155 et
2835 2099 3318 2170 perceiebratiores
3366 2102 3519 2148 erant
3563 2092 3734 2145 titulis
3780 2104 3891 2142 non

2357 2191 2610 2258 martyris
2640 2197 2872 2252 tantum,
2905 2187 3000 2243 sed
3029 2184 3082 2239 et
3119 2185 3359 2254 episcopi
3390 2182 3679 2249 insignitus
3712 2186 3894 2246 poste-

2357 2277 2501 2330 ritati
2553 2280 2846 2332 accesserit
2895 2274 3051 2341 :jelsi
3095 2286 3212 2343 quas
3264 2270 3330 2324 de
3381 2283 3444 2322 eo
3496 2263 3892 2319 Commentaria

2357 2369 2786 2434 pet-tractabant,
2819 2356 3180 2425 extabuerint,
3211 2367 3263 2414 et
3297 2357 3360 2411 ad
3391 2355 3616 2409 nihilum
3652 2351 3892 2406 funditus

2358 2452 2639 2507 redierint.
2674 2452 2786 2507 Nisi
2836 2450 3104 2522 quispiam
3141 2445 3512 2516 perhorridus,
3544 2452 3598 2497 et
3653 2440 3893 2496 incultus

2359 2541 2413 2595 id
2445 2557 2668 2611 quoque
2714 2543 2893 2596 dicere
2940 2539 3154 2600 audeat,
3201 2537 3594 2604 exscriptorum
3629 2531 3894 2585 incuriam

2357 2630 2538 2687 Nilum
2588 2634 2737 2687 illum
2787 2629 3095 2699 Egyptium
3133 2626 3444 2694 episcOpum
3493 2628 3548 2675 et
3603 2627 3891 2687 martyrem

2358 2734 2488 2775 cum
2539 2722 2645 2775 hoc
2692 2729 2879 2774 nostro
2923 2712 3526 2781 ConstantinOpolitano
3557 2707 3889 2762 confudisse.

2358 2805 2678 2877 Defunctum
2719 2805 2925 2858 tandem
2960 2804 3096 2854 hunc
3129 2799 3310 2852 Nilum
3343 2797 3583 2851 Justinus
3631 2794 3897 2847 Posterior

2357 2893 2481 2948 inde
2528 2891 2842 2944 translatum
2872 2889 2927 2941 in
2971 2889 3306 2955 fundamento
3351 2885 3651 2936 sacratioris
3677 2881 3894 2938 Hense.

2364 2989 2552 3034 narrat
2582 2977 2914 3045 Nicephorus
2945 2974 3039 3028 lib.
3076 2988 3186 3036 11v,
3218 2986 3336 3038 cap.
3361 2970 3449 3033 ει,
3479 2970 3532 3020 in
3559 2984 3638 3026 eo.
3669 2966 3803 3035 quod
3825 2966 3894 3017 ab

2363 3071 2476 3136 ipso
2516 3067 2670 3118 Petro
2725 3072 2775 3117 et
2833 3063 3000 3116 Paulo
3051 3059 3402 3126 apostolorum
3449 3055 3762 3124 principibus
3823 3053 3892 3105 ad

2364 3153 2857 3224 orphanotrophium
2907 3158 3260 3204 constructum
3306 3155 3406 3213 est,
3441 3145 3625 3212 templo
3669 3144 3893 3210 reponit.

2372 3246 2466 3296 Ὃν
2499 3243 2639 3295 τέλει
2665 3241 2758 3294 τοῦ
2806 3241 2920 3309 βίου
2951 3239 3286 3308 χρησαμένον
3327 3238 3599 3296 Ἰουστϊνος
3618 3234 3646 3284 ὁ
3670 3231 3892 3299 ὕστερος

2331 3334 2344 3390 ,’
2368 3330 2570 3383 ἐκεῖθεν
2586 3328 2933 3396 ἀνακομίσας,
2951 3328 3041 3378 ἐπὶ
3055 3325 3131 3394 τῷ
3152 3325 3330 3394 βάθρῳ
3344 3325 3439 3391 τῆς
3456 3323 3605 3391 ἱερᾶς
3622 3322 3896 3390 τραπέζης

2367 3420 2459 3473 τοῦ
2495 3419 2619 3489 παρ’
2658 3420 2725 3470 αὖ
2739 3418 2819 3470 ςοῦ
2850 3417 3165 3486 δομηοέντος
3192 3418 3336 3468 οἱκου
3373 3413 3560 3481 Πέτρῳ
3592 3413 3681 3463 καὶ
3704 3410 3894 3478 Παύλῳ

2365 3513 2476 3572 τοῖς
2531 3508 2841 3579 κορυφαίοις
2879 3506 2984 3559 τῶν
3045 3505 3348 3561 ἀποστόλων
3380 3506 3436 3556 ὲν
3465 3501 3538 3571 τῷ
3574 3502 3895 3572 ὀρφανοτρο-

2367 3601 2501 3667 φείῳ
2538 3598 2812 3650 κατέθετο.
