4134 6328
925 531 1147 616 ΤΟΥ
1218 534 1350 616 ΕΝ
1393 534 1752 617 ΑΓΙΟΙΣ
1826 534 2252 619 ΠΑΤΡΟΣ
2324 532 2648 618 ΗΜΩΝ

1358 718 2207 887 ΝΕΙΛΟΥ

741 977 877 1032 ΤΟΥ
949 977 1271 1032 ΔΣΚΗΤΟΥ
1298 1018 1313 1042 ,
1375 979 1707 1033 ΜΑΘΗΤΟΥ
1777 981 2076 1033 ΙΩΔΝΝΟΥ
2134 982 2269 1034 ΤΟΥ
2335 983 2838 1037 ΧΡΥΣΟΣΤΟΜΟΥ

870 1144 1847 1276 ΕΠΙΣΤΟΑΩΝ
1949 1145 2470 1277 BIBAIA

1170 1144 1847 1276 ΣΤΟΑΩΝ
1949 1145 2470 1277 BIBAIA
2546 1149 2695 1278 A.
2796 1123 2802 1126 '

1043 1623 1045 1625 ι
1161 1519 1330 1692 S.
1440 1525 1629 1690 Ρ.
1723 1523 2433 1701 Ν.,ΝΙ[Ι

386 1826 894 1947 ASCETIE,
972 1825 1562 1913 DISCIPULl
1622 1827 1713 1911 S.
1757 1825 2262 1914 JOANNIS
2333 1826 3169 1919 CHRYSOSTOMI
3234 1824 3237 1829 ί

246 2038 1579 2190 EPlSTOLARUM
1722 2042 2227 2186 LIBRI
2381 1992 3329 2216 QUATUOR.

1365 2300 1715 2376 Interprete
1756 2300 1959 2360 Leone
1998 2297 2245 2359 Allalio.

743 2577 1197 2627 SERENISSIMO
1252 2578 1571 2627 PRINCIPI
1615 2579 1969 2629 RAYNALDO
2015 2582 2305 2631 ESTENSI
2353 2582 2470 2630 LEO
2514 2583 2859 2632 ALLATIUS.

275 2706 589 2767 Praeclara
621 2706 789 2783 genii
819 2707 915 2766 tui
959 2705 1217 2778 indoles,
1248 2707 1547 2782 Princeps
1574 2708 1988 2781 Serenissime,
2019 2711 2085 2769 in
2118 2712 2592 2792 qualutriusque
2614 2712 2840 2785 gentis,
2870 2710 3030 2769 unde
3072 2711 3248 2785 origo
3287 2709 3405 2769 tibi

197 2815 310 2875 est,
341 2803 571 2862 lumina
586 2802 850 2862 ubertim
881 2801 1290 2880 efﬂorescunt,
1331 2804 1444 2862 etsi
1475 2802 1724 2861 Italiam
1752 2804 2102 2862 universam
2136 2803 2469 2871 exhilarat.
2518 2806 2569 2863 ii
2590 2814 2786 2862 tamen
2818 2805 3048 2880 gaudio
3073 2822 3206 2879 pra:
3238 2815 3409 2863 crete-

120 2916 123 2917 '
197 2903 292 2958 ris
339 2896 702 2976 eﬂ‘eruntur,
738 2897 846 2974 qui
877 2898 1339 2956 eminentissimi
1367 2896 1705 2957 cardinalis
1726 2898 2059 2958 Barberini
2090 2897 2385 2959 avunculi
2408 2900 2504 2957 tui
2533 2900 2597 2957 in
2623 2897 3004 2977 famulitium
3031 2897 3269 2957 ascribi
3298 2899 3406 2958 dc-

198 3000 581 3052 meruerunt.
606 2991 691 3051 Et
712 3010 856 3050 sane
883 2992 1065 3051 nimis
1095 2992 1317 3070 injusti
1340 3001 1555 3061 essent,
1601 2993 1657 3050 si
1690 3011 1863 3070 quem
1898 2995 2001 3054 ille
2031 2997 2388 3056 enixissime
2422 2996 2655 3073 diligit,
2699 3006 2753 3054 et
2784 2995 2854 3054 de
2885 3014 3002 3073 quo
3039 3003 3161 3053 tam
3188 3012 3409 3071 magna

200 3089 574 3149 Christiane
602 3085 959 3163 reipublicae
996 3086 1216 3145 decora
1233 3090 1381 3164 jure
1411 3087 1640 3161 optimo
1669 3100 2039 3165 auguratur,
2062 3110 2187 3151 non
2209 3091 2495 3163 colerent,
2528 3092 3051 3169 suspicerentque.
3078 3092 3244 3149 Hinc
3274 3109 3409 3149 cum

199 3182 417 3244 nullus
451 3184 555 3253 sit,
580 3180 1044 3260 quimajoribus
1076 3183 1203 3259 ejus
1232 3181 1597 3240 Eminentia:
1626 3182 1951 3263 beneﬁciis,
1969 3204 2147 3263 quam
2164 3204 2293 3263 ego,
2316 3205 2378 3245 se
2395 3186 2757 3247 obstrictum
2775 3187 3165 3262 proﬁteatur,
3187 3185 3410 3263 majori

200 3296 466 3357 quoque,
496 3296 675 3356 quam
696 3275 830 3348 alii,
860 3272 1161 3351 religione
1188 3276 1381 3335 teneri
1408 3276 1621 3334 videor
1647 3261 2024 3339 observantis
2046 3261 2238 3338 animi
2259 3280 2535 3341 laetitiam
2562 3261 2947 3339 monumento
2979 3277 3187 3357 aliquo
3207 3261 3411 3353 inpo-

200 3382 402 3431 steros
418 3372 719 3431 duratura
744 3370 1099 3429 attestandi.
1127 3369 1352 3445 Accipe
1370 3370 1588 3444 igitur,
1618 3368 1983 3428 Adolescens
2010 3371 2429 3443 Serenissime,
2451 3370 2687 3442 Nilum,
2709 3388 2788 3447 qu
2802 3389 2889 3429 em
2920 3380 3026 3429 tuo
3051 3371 3289 3430 nomini
3316 3367 3382 3427 di
3398 3399 3410 3409 -

202 3483 440 3536 camus,
462 3465 667 3540 egregi
681 3482 782 3522 um
800 3462 1035 3522 scilicet
1060 3461 1681 3533 Ecclesiadoctorem,
1701 3465 1805 3540 qui
1824 3468 2139 3527 nonmodo
2158 3468 2602 3545 Chrysostomi,
2627 3485 2703 3525 ex
2724 3469 2899 3545 cujus
2923 3464 3130 3525 schola
3145 3464 3406 3542 prodiit.

205 3558 554 3618 doctrinam
583 3556 836 3629 redolet,
862 3557 968 3616 sed
993 3559 1280 3633 pietatem
1293 3557 1938 3635 etiamubiquespirat,
1958 3562 2258 3623 Iurreticis
2274 3561 2730 3640 formidandam
2748 3581 2766 3619 :
2787 3559 3021 3630 Nilum,
3053 3561 3326 3637 inquam,
3343 3567 3409 3615 at

202 3670 337 3711 non
359 3649 595 3729 qualem
623 3652 805 3710 annis
808 3652 1101 3727 proxime
1114 3651 1337 3726 elapsi's
1370 3669 1397 3709 e
1422 3651 1705 3720 tenebris,
1733 3653 2028 3729 inquibus
2050 3655 2159 3714 diu
2175 3656 2237 3713 se
2265 3652 2596 3723 occulerat,
2622 3655 2688 3715 in
2717 3653 2909 3713 lucem
2932 3654 3102 3713 exire
3127 3652 3405 3715 vidimus,

203 3747 313 3806 sed
342 3744 753 3821 grandiorem,
793 3756 844 3801 et
868 3743 1012 3805 Nilo
1043 3744 1236 3819 ﬂuvio
1271 3762 1398 3801 non
1428 3763 1456 3801 e
1482 3745 1612 3802 suis
1638 3746 1919 3822 fontibus
1949 3754 2313 3827 erumpenti,
2356 3752 2530 3809 tenui
2555 3749 2812 3820 scilicet,
2853 3758 2931 3811 .et
2987 3750 3211 3824 exiguo
3245 3744 3410 3821 (talis

209 3840 360 3901 olim
389 3848 540 3907 erat,
572 3836 784 3897 illimis
824 3855 965 3896 vero
1029 3837 1557 3911 etnitidissimus),
1589 3837 1692 3895 sed
1718 3838 2239 3898 Mediterraneum
2283 3838 2544 3915 pelagus
2574 3841 2751 3897 ostiis
2781 3836 3263 3913 septemgeminis
3298 3833 3411 3891 im-

204 3934 463 4009 pellenti
488 3950 615 3991 non
642 3929 996 3992 absimilem.
1025 3930 1144 3989 Sed
1174 3931 1396 4008 quaeris
1421 3932 1713 4009 forsitan,
1748 3931 1909 3990 unde
1935 3931 2373 3990 incrementum
2402 3931 2725 3988 accesserit
2748 3950 2767 3996 ;
2803 3938 2857 3988 et
2885 3930 2952 3988 id
2979 3928 3204 4006 quwris
3247 3928 3412 4005 quod
3429 3985 3435 4001 ι

207 4031 379 4103 ipse:
409 4035 463 4084 et
496 4026 552 4085 si
581 4034 651 4084 tu
680 4041 806 4083 non
821 4041 1142 4101 qucereres,
1164 4024 1393 4102 quippe
1428 4024 1641 4103 ingens
1677 4042 1803 4084 meo
1823 4026 2066 4084 muneri
2086 4025 2365 4102 pretium
2389 4023 2588 4095 addit,
2612 4022 2781 4082 ultro
2809 4024 3236 4100 patefacerem.
3268 4021 3409 4077 Jam

209 4121 378 4181 rides
404 4136 575 4196 quem
601 4117 876 4194 designat
913 4121 1139 4202 o‘ratio,
1182 4118 1447 4177 eumdem
1468 4135 1678 4195 nempe
1704 4119 2290 4179 Eminentissimum.
2329 4120 2392 4177 Is
2424 4119 2581 4176 enim
2614 4117 2758 4176 dum
2776 4117 2960 4194 hujus
2990 4115 3193 4174 sancti
3241 4114 3405 4172 scri—

209 4216 423 4291 ptoris
446 4230 521 4272 ea:
552 4211 860 4283 Vaticana,
886 4210 1331 4287 Altempsiana,
1372 4219 1426 4268 et
1454 4230 1568 4268 sua
1589 4211 1977 4286 potissimum
2006 4211 2394 4284 bibliotheca,
2418 4219 2805 4270 monumenta
2825 4208 3089 4286 colligit,
3120 4228 3192 4267 ac
3220 4209 3278 4267 si
3312 4216 3406 4267 tot

213 4324 520 4386 aquarum
572 4302 833 4375 rivulos,
902 4306 1078 4380 longe
1108 4304 1182 4363 ab
1228 4302 1399 4362 alveo
1434 4314 1753 4381 evagantes
1789 4305 1856 4364 in
1899 4305 2137 4366 alveum
2172 4308 2543 4381 reduxisset,
2584 4306 2796 4369 Nilum
2830 4309 2992 4368 hunc
3033 4324 3061 4363 e
3114 4303 3411 4382 populari

209 4402 453 4479 regium
475 4399 692 4479 effecit.
726 4401 888 4459 Hinc
920 4418 1047 4459 non
1066 4417 1267 4477 parva
1287 4418 1421 4477 spes
1458 4402 1688 4471 oritur,
1727 4400 1801 4460 ab
1843 4402 2046 4463 eodem
2077 4405 2251 4480 longe
2275 4402 2510 4481 lateque
2547 4402 2777 4485 diﬂ‘uso
2812 4403 2903 4462 ita
2929 4399 3218 4461 Ecclesiae
3246 4418 3413 4459 cam-

211 4515 329 4573 pos
363 4497 692 4573 irrigatum
718 4496 831 4570 ~iri,
864 4505 936 4555 ut
964 4497 1029 4556 hi
1053 4494 1395 4575 fertiliores
1425 4495 1659 4555 redditi
1691 4494 2203 4557 abundantiorem
2237 4515 2417 4576 quam
2444 4505 2635 4584 antea
2660 4490 2909 4557 Christo
2964 4495 3224 4553 Domino
3260 4511 3410 4550 mes-

213 4613 341 4653 sem
368 4594 705 4671 sufﬁciant,
742 4591 1016 4673 illudque
1034 4595 1321 4655 Davidici
1348 4594 1641 4654 carminis
1663 4591 1983 4652 oraculum
2002 4589 2333 4669 impleatur
2362 4612 2382 4650 :
2415 4613 2442 4645 α
2491 4590 2797 4650 Fluminis
2838 4590 3098 4666 impetus
3126 4586 3409 4662 ‘latiﬁcat

216 4695 530 4754 civitatem
565 4693 673 4753 Dei
703 4691 803 4771 (α).
837 4715 865 4748 ιο
902 4693 1195 4770 Impetum
1216 4695 1283 4754 in
1315 4694 1427 4753 hoc
1455 4692 1708 4769 flumine
1732 4690 1939 4765 regius
1959 4698 2123 4747 vates
2157 4685 2458 4746 desiderat
2487 4702 2506 4740 :
2534 4689 2611 4743 at
2627 4701 2921 4762 quorsum
2945 4686 2975 4743 ?
3007 4681 3410 4741 Hilaritalem

210 4789 432 4863 potius
449 4806 616 4865 aquae
651 4784 877 4854 leniter
905 4784 1163 4863 ﬂuentes
1191 4785 1561 4857 conciliant,
1592 4804 1771 4863 quam
1818 4801 1949 4861 quae
1980 4780 2370 4857 rapidissime
2415 4776 2803 4838 evolvuntur.
2873 4779 3081 4836 Verum
3131 4793 3197 4833 ea
3248 4774 3411 4833 Pro-

208 4885 413 4960 pheta
437 4901 599 4943 mens
624 4893 732 4953 est,
763 4894 830 4944 ut
860 4903 1114 4965 amnem,
1146 4887 1249 4944 cui
1276 4895 1513 4945 tantum
1546 4883 1862 4952 attribuit,
1884 4870 2118 4937 non‘ex
2140 4876 2251 4934 hac
2285 4873 2690 4949 lacrgmarum
2728 4868 2885 4928 valle
2917 4871 3215 4945 originem
3272 4877 3406 4927 tra—

219 4979 383 5047 here,
414 4977 519 5055 sed
544 4997 583 5037 a
612 4976 755 5037 caelo
795 4976 1008 5039 delabi
1024 4964 1459 5054 intelligamus.
1484 4978 1666 5051 Quod
1688 4978 1745 5037 si
1768 4978 1854 5036 ita
1878 4979 1989 5046 est,
2006 4970 2218 5033 Nilum
2249 4970 2411 5028 hunc
2438 4976 2719 5026 nostrum
2748 4965 3095 5042 designasse
3115 4964 3411 5024 audacter

216 5071 570 5141 cesserimus,
602 5074 828 5150 quippe
853 5074 962 5151 qui
981 5092 1155 5133 nona
1177 5074 1481 5141 terrestri,
1506 5084 1573 5133 ut
1604 5066 1959 5150 Egyptius,
1977 5064 2272 5143 paradiso
2305 5060 2573 5133 desilire,
2606 5061 2710 5120 sed
2742 5060 2953 5121 divino
3001 5060 3250 5155 Spiritu
3276 5067 3409 5155 tur-

212 5164 403 5244 gidus
424 5182 469 5221 ea
493 5165 911 5240 supracoelesti
931 5168 1285 5228 descendere
1308 5168 1455 5245 jure
1482 5167 1697 5225 merito
1740 5166 2041 5225 videatur.
2075 5161 2259 5222 Nemo
2292 5160 2491 5234 igitur
2525 5158 2901 5234 insipientia
2940 5154 3409 5234 aliquem‘insi-

214 5263 502 5331 mularet,
536 5262 641 5337 qui
670 5261 1103 5322 beatitudinem
1133 5261 1422 5333 crederet,
1456 5262 1512 5319 si
1538 5260 1671 5321 Nili
1695 5258 2079 5336 principium
2139 5254 2344 5323 sciret,
2371 5251 2692 5313 dummodo
2750 5252 2934 5330 hujus
2983 5252 3246 5328 fontem,
3280 5265 3407 5304 non

218 5356 495 5437 Coptici,
531 5354 851 5429 indagaret
876 5378 895 5415 :
923 5356 1221 5439 siquidem
1260 5373 1384 5415 non
1426 5372 1631 5413 rerum
1659 5351 2042 5412 naturalium
2081 5366 2319 5419 causas,
2337 5348 2459 5418 _sed
2476 5347 2826 5408 divinarum
2869 5352 3378 5422 perscrutaretur

219 5436 520 5513 Adderem
562 5448 746 5525 plura
780 5449 859 5509 ad
891 5436 1428 5527 hujus'scriptoris
1480 5446 1737 5521 laudem,
1774 5447 2093 5521 incmptam
2138 5441 2317 5501 semel
2367 5441 2834 5505 similitudinem
2855 5438 3299 5517 prosequendo,
3334 5436 3406 5494 'si

287 5572 368 5639 (α)
400 5570 539 5627 Psal.
578 5586 697 5632 ην,
730 5568 781 5620 5.
