4134 6328
734 477 804 540 33
2209 495 2270 556 S.
2309 496 2469 554 NILI
3632 531 3636 534 ~
3873 489 3944 554 ει

736 593 974 644 maxime
1008 592 1329 664 efﬂagitans,
1358 605 1649 668 extorques
1688 619 1700 653 :
1744 580 1937 671 neque,
1991 603 2136 658 enim
2175 604 2287 673 ipse

2402 608 2483 677 rip:
2512 605 2649 676 ἐμήν
2674 606 3013 669 ταπείνωσιν,
3042 605 3249 675 οΰνγάρ
3296 604 3360 677 δὴ
3381 604 3490 674 ἐγὼ
3522 605 3656 677 πρὸς
3685 603 3839 657 τοῦτό
3874 618 3936 672 τε

734 683 800 736 ad
831 684 1178 738 scribendum
1220 686 1426 755 segnis,
1458 704 1634 758 neque
1670 691 1946 761 negligens
1978 708 2120 747 sum.
2143 693 2284 748 Dixit

731 773 913 841 itaque
990 776 1177 829 nescio
1230 778 1354 843 quis
1410 788 1537 834 ante
1580 796 1681 835 nos
1712 781 1765 833 in
1806 785 2061 837 memoria
2106 785 2284 837 homi-

735 873 886 927 num,
931 877 1049 931 qute
1078 864 1284 933 scripto
1323 866 1523 921 tradita
1558 884 1668 923 non
1691 879 1796 934 est,
1825 869 2020 924 famam
2051 871 2282 926 similem

728 952 870 1023 apud
919 952 1216 1008 Ecclesiam
1249 959 1564 1012 conservari
1601 977 1613 1013 :
1652 958 1891 1015 Judzeam
1934 977 2128 1032 nempe
2175 965 2285 1030 pri-

728 1058 870 1096 mam
918 1054 1043 1099 ante
1095 1045 1232 1101 alias
1277 1046 1346 1101 ab
1380 1049 1597 1104 homine
1645 1044 1966 1115 habitataui,
2000 1053 2051 1120 2
2078 1052 2285 1106 Adamo

729 1132 965 1201 primum
999 1134 1241 1187 omnium
1277 1135 1516 1199 condito.
1560 1139 1653 1208 qui
1697 1155 1727 1193 e
1768 1140 2021 1210 paradiso
2053 1140 2282 1208 eiectus,

732 1236 886 1275 suam
928 1219 985 1276 in
1015 1238 1074 1277 ea
1109 1225 1289 1281 sedem
1338 1227 1568 1293 locavit,
1609 1234 1676 1283 ut‘
1712 1247 1917 1297 rerum,
1947 1231 2144 1300 quibus
2172 1232 2285 1300 ipse

730 1313 993 1383 spoliatus
1034 1314 1233 1379 fuerat,
1282 1318 1563 1375 vicinitate
1605 1323 2007 1377 consolaretur.
2042 1320 2283 1376 Primum

730 1404 913 1473 itaque
960 1403 1249 1461 Palaestina
1307 1408 1657 1464 demortuum
1715 1412 1987 1466 hominem
2034 1411 2280 1481 excepit,

730 1508 854 1547 cum
906 1496 958 1549 in
1016 1512 1078 1550 ea
1127 1498 1372 1552 Adamus
1424 1502 1649 1557 sceleris
1696 1518 1886 1571 poenas
1944 1504 2283 1573 persolverit.

728 1584 861 1639 Cum
894 1602 1021 1653 ergo
1067 1587 1135 1642 iis
1165 1604 1260 1657 per
1298 1590 1438 1647 idem
1470 1596 1729 1661 temporis
1761 1596 1927 1649 vitam
1975 1598 2281 1665 agentibus,

732 1691 929 1730 novum
970 1692 1035 1731 ac
1103 1678 1349 1736 insolens
1376 1682 1681 1751 videretur,
1720 1686 1917 1755 capitis
1958 1702 2119 1741 carne
2152 1702 2305 1756 spe--

734 1768 924 1821 Iiatam
981 1768 1181 1823 intueri
1230 1772 1546 1836 calvariam,
1592 1776 1648 1828 in
1706 1776 1883 1830 locum
1928 1776 2282 1846 deponentes,

731 1855 991 1911 Calvarire
1030 1873 1223 1914 nomen
1258 1861 1378 1916 loco
1401 1862 1743 1927 indiderunt,
1777 1871 1831 1920 et
1858 1864 2168 1920 verosimile
2203 1869 2286 1917 est

2388 696 2635 767 ὀκνηρός.
2681 696 2883 767 Εἴρηκε
2933 696 3109 749 τοίνυν
3165 713 3249 759 τις
3294 696 3399 766 πρὸ
3446 696 3621 767 ἡμῶν,
3672 694 3754 747 ὅτι
3784 694 3943 760 λόγος

2387 787 2592 840 τοιόσδε
2620 787 2759 841 κατά
2786 786 2884 857 τὴν
2916 786 3161 854 ἄγραφον
3203 785 3420 855 μνήμην
3444 786 3503 836 ἐν
3527 787 3595 853 τῇ
3646 782 3943 853 Ἐκκλησία

2387 875 2724 940 διασώζεται,
2761 874 2836 937 ὠς
2876 875 2984 944 ἄρα
3035 873 3227 945 πρώτη
3268 872 3491 926 Ἰουδαία
3521 872 3598 941 (1)
3658 872 3940 942 ἄνθρωπον

2389 965 2543 1035 ἔσχεν
2568 966 2845 1037 οἰκήτορα,
2893 965 2981 1017 τὸν
3019 964 3442 1034 πρωτόπλαστον
3496 961 3666 1031 Ἀδὰμ
3696 967 3833 1029 μετά
3882 959 3955 1014 τὸν

2390 1054 2714 1125 ἐκϐληθῆναι
2740 1054 2834 1107 τοῦ
2870 1054 3195 1124 παραδείσου
3241 1054 3299 1105 ἐν
3327 1050 3499 1122 ταύτῃ
3527 1049 3943 1119 καθιδρυνθέντα

2390 1147 2526 1217 πρὸς
2552 1143 2899 1216 παραμυθίαν
2937 1138 3011 1196 ὧν
3044 1132 3333 1214 ἐστερήθη.
3369 1142 3590 1215 Πρῶτον
3619 1135 3711 1193 οὖν
3744 1138 3945 1191 Παλαι-

2390 1238 2543 1305 στίνη
2583 1236 2676 1289 καὶ
2696 1234 2888 1307 νεκρὸν
2913 1234 3128 1299 ἐδέξατο
3162 1231 3468 1303 ἄνθρωπον,
3500 1231 3617 1283 ἐκεῖ
3640 1227 3733 1282 τοῦ
3774 1225 3946 1296 Ἀδάμ

2388 1330 2485 1400 τὴν
2510 1327 2807 1397 καταδίκην
2851 1324 3257 1395 πληρώσαντος.
3307 1321 3510 1375 Καινὸν
3552 1317 3731 1372 τοίνυν
3771 1315 3947 1369 ἐδόκει

2388 1414 2525 1472 εἶναι
2560 1419 2671 1481 τοῖς
2700 1416 2820 1469 τότε
2862 1414 3085 1483 θεωρεῖν
3116 1411 3303 1466 ὀστέον
3340 1408 3577 1478 κεφαλῆς
3603 1408 3703 1477 τῆς
3745 1405 3947 1475 σαρκὸς

2387 1507 2701 1577 περιούσης,
2729 1504 2820 1559 καὶ
2839 1502 3161 1572 ἀποθέμενοι
3178 1501 3241 1554 τδ
3277 1501 3497 1572 κρανίον
3528 1501 3584 1552 ἐν
3610 1500 3776 1568 τόπῳ,
3803 1498 3949 1570 Κρα-

2388 1600 2501 1654 νίου
2534 1598 2697 1649 τόπον
2740 1594 3047 1664 ὠνόμασαν·
3079 1592 3222 1653 axe;
3253 1589 3311 1643 δέ
3375 1590 3509 1659 μηδὲ
3545 1590 3634 1641 τὸν
3663 1588 3806 1653 Νῶε,
3845 1585 3944 1638 τοῦ

2390 1686 2632 1758 ἀρχηγοῦ
2658 1687 2872 1738 πάντων
2900 1682 3200 1754 ἀνθρώπων
3230 1680 3493 1749 ἀγνοῆσαι
3514 1680 3605 1732 τὸν
3618 1680 3819 1745 τάφον,
3868 1677 3949 1737 ὡς

2394 1776 2533 1845 μετὰ
2565 1777 2658 1829 τὸν
2704 1773 3089 1843 κατακλυσμὸν
3140 1773 3233 1826 ἀπ’
3272 1769 3433 1825 αὑτοῦ
3471 1767 3795 1836 διασωθῆναι
3847 1766 3950 1835 τὴν

2391 1864 2644 1936 ποίμνην.
2692 1865 2887 1935 Διόπερ
2936 1864 2965 1917 ό
2998 1865 3077 1926 είς
3106 1862 3204 1924 τὰς
3251 1860 3426 1930 ἀρχὰς
3468 1858 3562 1911 τοῦ
3609 1855 3950 1927 ἀνθρωπείου

732 1949 845 2003 Noe
890 1954 1272 2007 universorum
1324 1953 1603 2009 hominum
1652 1957 1895 2024 parentis
1940 1956 2081 2010 haud
2127 1956 2285 2024 igno-

2402 1958 2613 2010 lavdtou
2646 1956 2954 2026 ἐρευνήσας,
2987 1954 3062 2015 είς
3085 1951 3173 2004 τὸν
3203 1951 3491 2018 λεγόμενον
3522 1946 3758 2016 Κρανίου
3784 1943 3951 1999 τόπον

736 2055 891 2094 rasse
942 2044 1277 2111 sepulcrum,
1333 2054 1389 2098 et
1436 2053 1558 2112 post
1588 2045 1915 2098 alluvionem
1949 2045 2095 2098 illam
2127 2044 2194 2099 ab
2226 2059 2290 2098 eo

2402 2046 2443 2099 ιδ
2470 2045 2636 2108 πάθος
2660 2045 2898 2109 ἐδέξατο,
2943 2044 3030 2095 ἵνα
3068 2043 3124 2092 ὲν
3170 2032 3215 2107 ᾧ
3256 2038 3404 2107 τόπῳ
3432 2039 3467 2106 ή
3496 2034 3669 2105 φθορὰ
3711 2033 3819 2085 τῶν
3848 2034 3945 2085 ἀν-

734 2143 950 2197 grcgem
983 2141 1363 2185 conservatum
1401 2131 1587 2187 fuisse.
1621 2133 1967 2203 Quapropter
2011 2133 2103 2202 qui
2143 2134 2294 2201 prin-

735 2221 876 2286 cipia
924 2223 1174 2277 humanae
1229 2225 1421 2278 mortis
1467 2225 1705 2292 peuitius
1763 2225 2182 2296 pervestigavit,
2236 2224 2288 2277 in

736 2308 995 2367 Calva‘riaz
1049 2314 1167 2367 loco
1217 2314 1498 2368 cruciatus
1551 2316 1746 2382 subiit,
1802 2323 1861 2369 ut
1907 2331 2016 2384 quo
2074 2316 2128 2370 in
2170 2314 2291 2369 Ioco

736 2401 962 2454 exitium
994 2402 1273 2456 hominum
1309 2404 1638 2474 principium
1672 2405 1879 2469 habuit,
1920 2406 1973 2457 in
2006 2405 2195 2458 eodem
2238 2412 2292 2458 et

736 2493 887 2561 regni
939 2494 1047 2546 vita
1088 2493 1308 2548 exordia
1345 2494 1707 2563 sui.ponerot,
1755 2505 1809 2550 et
1834 2496 2288 2564 quemadmodum

735 2586 790 2638 in
844 2578 1051 2637 Adamo
1096 2600 1245 2640 mors
1298 2586 1551 2649 invaluit,
1596 2588 1676 2642 sic
1700 2593 1752 2641 et
1782 2587 1835 2639 in
1881 2595 2055 2639 morte
2089 2585 2290 2640 Christi

736 2674 1132 2743 languesceret.
1164 2673 1275 2729 Nec
1310 2675 1470 2729 aliam
1497 2675 1567 2729 ob
1590 2690 1809 2729 causam
1840 2675 2008 2729 Isaias
2036 2675 2292 2744 propheta

735 2764 946 2819 dixerat
984 2783 999 2818 :
1069 2783 1088 2816 ι
1142 2764 1198 2821 1η
1252 2781 1446 2827 cornu,
1495 2765 1550 2820 in
1589 2766 1712 2820 Ioco
1754 2766 1940 2835 pingui
1972 2775 2024 2831 l;
2069 2784 2087 2817 ι
2122 2779 2291 2817 cornu

737 2869 995 2929 tanquam
1047 2862 1189 2929 quod
1235 2862 1498 2917 adversus
1527 2868 1753 2915 mortem
1798 2859 2284 2930 prepugnaCulum,
2325 2870 2541 2911 erucem
2587 2853 2798 2907 Domini
2844 2851 3117 2915 habebat;

2386 2135 2618 2206 θρώπων
2657 2133 2753 2202 τὴν
2783 2132 2957 2202 ἀρχὴν
3001 2129 3211 2190 ἔλαϐεν,
3252 2126 3459 2180 ἐκεῖθεν
3488 2127 3521 2194 ή
3554 2123 3665 2192 ςωὴ
3712 2122 3810 2189 τῆς
3850 2120 3950 2189 βα-

2388 2224 2588 2284 σιλείας
2618 2221 2867 2294 ἄρξηται.
2900 2220 3009 2273 Καὶ
3062 2216 3248 2284 ὥσπερ
3278 2215 3496 2283 ἴσχυσεν
3525 2214 3581 2264 ἐν
3606 2210 3681 2279 τῷ
3716 2208 3882 2275 Ἀδάμ
3921 2208 3952 2259 6

2388 2315 2632 2377 θάνατος,
2692 2312 2861 2374 οὕτως
2896 2310 3166 2379 ἀσθενήσῃ
3210 2308 3267 2358 ἐν
3300 2303 3376 2375 τῷ
3416 2302 3627 2371 θανάτῳ
3680 2297 3774 2350 τοῦ
3817 2298 3953 2366 Χρι-

2392 2404 2537 2458 στοῦ,
2561 2403 2657 2454 Διὰ
2672 2400 2826 2453 τοῦτο
2846 2401 3060 2468 εἴρηκεν
3076 2397 3299 2457 Ἡσαΐας
3322 2398 3348 2446 ὁ
3375 2393 3674 2461 προφήτης·
3705 2409 3722 2440 t
3746 2388 3836 2441 Ἐν
3858 2387 3953 2439 κέ·-

2394 2512 2536 2566 ρατι,
2562 2495 2618 2546 ἐν
2649 2492 2799 2560 τόπῳ
2827 2493 2989 2542 πίονι·
3020 2507 3038 2540 ›
3065 2488 3255 2556 κέρατι
3284 2486 3379 2555 μὲν
3406 2485 3479 2546 ὼς
3500 2481 3638 2534 κατὰ
3665 2478 3758 2532 τοῦ
3788 2478 3954 2531 θανά-

2393 2602 2484 2638 του
2530 2585 2862 2652 ἀμυντήριος
2904 2580 3080 2649 ἔχοντι
3127 2577 3216 2629 τὸν
3262 2574 3490 2643 σταυρὸν
3527 2572 3619 2624 τοῦ
3654 2570 3948 2622 Δεσπότου·

2396 2673 2537 2727 πίονι
2552 2671 2713 2736 δὲ,ὼς
2747 2668 2884 2739 μετὰ
2912 2668 3004 2720 τὸν
3022 2665 3343 2736 παράδεισον
3358 2663 3465 2715 τῶν
3498 2658 3637 2714 κατὰ
3653 2660 3828 2728 πάσης
3852 2658 3954 2726 τῆς

2397 2762 2483 2828 ὑφ’
2515 2760 2648 2829 ἡλίῳ
2677 2756 2955 2827 πρωτείων
2985 2753 3285 2823 ήξιωμένῳ.

3204 2845 3395 2918 pingui
3445 2858 3575 2899 vero
3592 2883 3608 2908 ,
3692 2849 3955 2910 tanquam

737 2952 830 3022 qui
891 2957 1010 3021 post
1052 2951 1366 3021 paradisum
1419 2952 1475 3005 in
1525 2958 1815 3006 terrarum‘
1843 2951 1976 3005 orbe
2038 2950 2294 3006 universo
2335 2949 2571 3017 primatu
2602 2944 2856 3014 dignatus
2886 2942 2979 2999 sit.

1288 3065 1378 3121 III.
1411 3095 1483 3107 —
1523 3066 1732 3121 Eidem.

812 3159 1138 3213 Delictorum
1183 3157 1401 3226 quidem
1449 3157 1573 3219 alia,
1604 3166 1657 3211 et
1683 3166 1813 3212 sunt
1851 3154 2055 3225 gravia,
2090 3162 2144 3207 et
2176 3151 2292 3207 exi-

741 3248 1035 3301 stimantur
1061 3261 1198 3302 esse.
1240 3243 1439 3298 Gravia
1472 3253 1601 3299 sunt
1646 3243 2024 3310 homicidium,
2060 3251 2113 3297 et
2140 3242 2295 3295 adul-

741 3337 940 3391 terium
973 3354 986 3390 :
1012 3352 1247 3404 namque
1276 3344 1403 3391 sunt
1432 3336 1637 3405 gravia,
1661 3345 1714 3390 et
1734 3336 1993 3405 opinione
2017 3320 2295 3388 hominum

745 3428 928 3499 gravia
993 3428 1343 3496 deputantur.
1420 3426 1804 3481 Verumtamen
1875 3425 2295 3496 jusjurandum,

745 3536 908 3590 grave
953 3519 1201 3588 equidem
1257 3526 1364 3583 est,
1406 3517 1764 3572 nihilominus
1828 3531 1991 3584 grave
2022 3531 2141 3571 esse
2186 3529 2297 3567 non

744 3611 1044 3680 iudicatur.
1076 3609 1201 3664 Ideo
1231 3609 1531 3663 cavendum
1589 3610 1749 3662 nobis
1793 3608 2107 3674 diligentius
2138 3607 2205 3659 ab
2236 3620 2300 3659 c0

747 3710 866 3766 est;
899 3703 1011 3757 sive
1044 3702 1174 3756 illud
1202 3701 1370 3771 juste,
1418 3701 1531 3755 sive
1577 3701 1779 3767 injuste
1827 3698 2188 3766 concipiatur,
2234 3712 2301 3749 ne

751 3793 805 3845 in
860 3791 990 3844 illud
1037 3790 1340 3860 prmcipites
1396 3791 1502 3844 acti
1556 3798 1803 3843 extorres
1831 3787 2162 3857 sempiterna
2193 3785 2301 3838 vita

753 3880 889 3949 pclla
900 3895 1037 3934 mur.

944 3987 1014 4056 '3
1044 3986 1133 4039 IV.
1163 4017 1231 4027 —
1263 3986 1699 4040 MARCELLINO
1742 3985 2090 4041 MONACIIO.

822 4096 1118 4159 Oratione,
1176 4108 1229 4150 et
1289 4112 1544 4149 manuum
1597 4096 1918 4149 extensione
1981 4097 2304 4151 Amaleeitas

757 4184 966 4255 Moyses
997 4187 1158 4240 vertit
1208 4188 1261 4240 in
1303 4186 1480 4254 fugam
1513 4189 1553 4239 '.
1588 4186 1643 4240 Si
1686 4188 1847 4256 igitur
1876 4187 2029 4240 fratri
2064 4184 2308 4243 infensus

756 4285 945 4330 contra
982 4274 1203 4328 fratrem
1232 4282 1383 4327 tuum
1418 4289 1522 4326 non
1552 4290 1631 4336 es,
1663 4291 1959 4344 precesque
1991 4291 2089 4344 pro
2122 4276 2306 4344 proxi-

2822 3040 2830 3049 '
2928 3055 3095 3108 r'.-—
3125 3050 3206 3118 Τῷ
3243 3048 3420 3115 αὐτῷ.

2469 3150 2551 3203 Τὰ
2581 3149 2677 3219 μὲν
2708 3147 2840 3201 ἄλλα
2863 3145 2970 3197 τῶν
3005 3144 3433 3215 ἁμαρτημάτων,
3460 3138 3553 3192 καὶ
3578 3137 3690 3189 ἐστι
3720 3132 3956 3204 χαλεπὰ.

2401 3241 2495 3295 καὶ
2529 3238 2806 3309 νομίζεται
2839 3231 2994 3291 εἶναι.
3022 3233 3246 3287 Χαλεπά
3282 3236 3310 3285 ό
3339 3232 3514 3299 φόνος,
3547 3228 3692 3296 καλή
3722 3222 3959 3295 μοιχείαο

2401 3333 2496 3385 καὶ
2528 3330 2635 3400 γάρ
2671 3330 2785 3381 ἐστι
2815 3326 3069 3397 χαλεπὸν,
3102 3325 3195 3377 καὶ
3224 3313 3504 3392 νομίζεται
3531 3313 3667 3369 εἶναι
3699 3314 3962 3400 χαλεπόν.

2414 3420 2472 3473 'o
2501 3398 2557 3473 δὲ
2580 3398 2737 3489 ὅρκος
2766 3417 2879 3469 ἐστὶ
2928 3415 3027 3485 μὲν
3064 3412 3317 3483 χαλεπὸς,
3339 3411 3401 3461 οὐ
3432 3407 3709 3475 νομίζεται
3743 3403 3798 3455 δὲ
3825 3398 3965 3454 εῖναι

2404 3509 2653 3581 χαλεπός.
2683 3509 2879 3577 Διόπερ
2916 3505 3111 3575 μᾶλλον
3149 3502 3307 3555 αὑτὸν
3342 3496 3720 3568 φυλαξώμεθα·
3770 3492 3873 3581 κᾶν
3900 3506 3964 3581 τε

2405 3579 2643 3661 δικαίως,
2661 3599 2761 3652 κᾶν
2780 3614 2837 3650 τε
2860 3598 2920 3648 οὔ
2940 3593 3159 3655 δικαίως
3181 3590 3463 3659 όμνύηται,
3488 3586 3572 3637 ἵνα
3600 3583 3672 3653 μὴ
3694 3584 3771 3643 είς
3800 3579 3966 3634 αὑτὸν

2407 3690 2855 3762 κρημνισθὲντες,
2893 3686 2991 3750 τῆς
3025 3684 3244 3738 αἰωνίου
3272 3680 3415 3749 ζωῆς
3440 3674 3821 3747 ἐξορισοῶμεν.

2692 3972 2763 4023 Αο.
2794 3999 2862 4009 -
2883 3964 3337 4032 ΜΛΡΚΕΛΛΙΝῼ
3378 3959 3684 4027 ΜΟΝΛΧῼ.

2481 4085 2557 4153 Τῇ
2607 4082 2736 4152 εὐχῇ
2778 4081 2868 4132 καὶ
2914 4082 2977 4148 τῇ
3033 4075 3140 4128 τῶν
3187 4071 3383 4143 χειρῶν
3432 4069 3648 4121 ἐκτάσει
3707 4063 3971 4132 ἐτρέψατο

2413 4174 2650 4242 Μωῦσῆς
2688 4172 2777 4223 τὸν
2814 4169 3078 4239 Ἀμαλήκ.
3124 4166 3247 4217 Ἐὰν
3276 4162 3452 4213 τοίνυν
3492 4159 3564 4226 μὴ
3609 4156 3747 4223 ἔχεις
3780 4169 3969 4221 μνησι-

2415 4267 2609 4319 κακίαν
2657 4263 2790 4331 πρδς
2831 4260 3073 4328 ἀδελφὺν,
3122 4256 3215 4308 καὶ
3272 4252 3409 4320 εὔχῃ
3451 4249 3588 4316 ὑπὲρ
3651 4244 3741 4297 τοῦ
3800 4243 3975 4307 πέλας

756 4380 845 4419 mo
879 4374 929 4419 te
982 4364 1268 4423 amictautc
1308 4376 1369 4416 ac
1418 4334 1717 4417 sulfocanie
1767 4334 1884 4413 Deo.
1910 4334 2162 4430 edundis,
2200 4374 2283 4410 ma

2416 4354 2705 4413 θλίϐοντος,
2754 4351 2846 4401 καλ
2892 4344 3181 4405 λυποῦντός
3212 4359 3295 4404 σε,
3328 4339 3587 4410 πρόδηλον
3616 4337 3694 4388 ὅτι
3731 4334 3839 4387 ἄνω
3890 4335 3975 4396 εἱς

762 4452 1011 4509 nifestum
1045 4462 1146 4518 est,
1186 4462 1306 4506 tuas
1352 4453 1461 4518 jam
1500 4469 1693 4507 manus
1716 4452 1781 4505 ad
1818 4451 2015 4506 caelum
2056 4461 2310 4505 extensus

758 4560 900 4606 esse,
946 4543 1149 4611 tibique
1176 4540 1440 4593 auxilium
1484 4554 1588 4592 non
1624 4539 1957 4600 defuturum,
1987 4554 2111 4589 cum
2139 4538 2313 4589 tribu-

760 4635 913 4698 laris,
945 4642 997 4688 et
1036 4648 1064 4688 a
1100 4630 1315 4685 diabolo
1336 4630 1662 4699 opprimeris
1700 4643 1714 4680 :
1744 4627 1789 4681 si
1826 4641 1952 4680 vero
1971 4640 2094 4695 erga
2130 4626 2313 4694 proxio

762 4740 907 4779 mum
945 4723 1286 4777 iracundiam
1322 4723 1491 4780 foves.
1536 4735 1769 4789 cumque
1809 4733 2056 4779 accusas,
2090 4725 2141 4770 et
2173 4717 2316 4768 vitu-

763 4834 955 4885 peras,
998 4815 1375 4881 infamasque,
1440 4812 1665 4865 omnino
1729 4806 2006 4865 interioris
2078 4809 2317 4862 hominis

766 4924 957 4960 manus
1008 4908 1059 4958 in
1107 4905 1328 4958 humum
1385 4902 1748 4970 propendent,
1802 4901 1904 4953 etsi
1958 4898 2189 4952 videaris
2248 4901 2314 4949 ad

768 4998 933 5050 Deum
965 5011 1180 5059 manus,
1215 5003 1268 5049 et
1299 5001 1578 5059 aspectum
1614 4990 1955 5057 protendere,
1990 5004 2163 5056 neque
2196 4997 2317 5039 vota

767 5088 1124 5144 exaudicutur
1150 5094 1277 5139 tua:
1316 5083 1536 5135 (Manus
1557 5082 1757 5135 ctenim
1795 5091 1917 5144 tuae,
1951 5080 2127 5147 inquit
2156 5072 2315 5138 Deus,

770 5178 1031 5244 sanguine
1064 5175 1305 5230 fraterno
1336 5175 1509 5244 pleme
1548 5181 1673 5227 sunt
1703 5172 1740 5224 ³.
1782 5189 1799 5219 ι
1834 5170 1972 5234 Quid
2007 5169 2147 5222 enim
2182 5169 2320 5233 initt-

770 5267 976 5319 riarum
1027 5266 1283 5317 memoria
1339 5262 1667 5317 exitiosius?
1697 5260 1997 5313 Credamus
2038 5265 2317 5325 propterea

772 5342 998 5417 dicenti,
1032 5354 1310 5407 Lavatnini
1352 5368 1446 5421 per
1480 5352 1880 5420 pmniteutiam,
1911 5360 1962 5403 et
1990 5348 2109 5419 puri
2144 5348 2261 5401 sitis
2294 5364 2321 5398 a

775 5448 995 5501 malitiis
1030 5448 1227 5499 vestris
1259 5461 1352 5513 per
1376 5458 1567 5512 puram
1598 5442 2055 5509 deprecationem.

844 5645 859 5674 ι
891 5642 1075 5703 Isa.v,
1103 5646 1148 5697 I.
1206 5641 1250 5671 θ’
1288 5640 1457 5697 Exod.
1496 5656 1623 5705 xvii,
1657 5640 1679 5691 I
1717 5653 1868 5709 seqii.
1941 5639 1959 5667 ³
1989 5638 2091 5690 Isa.
2126 5654 2162 5700 I,
2202 5639 2287 5691 IS.

2411 4443 2501 4496 τὸν
2522 4441 2744 4512 οὐρανὸν
2775 4440 2830 4490 αἱ
2863 4436 3039 4507 χεῖρές
3085 4451 3175 4486 σου
3215 4431 3587 4491 άνατέτανται,
3634 4427 3726 4478 καὶ
3757 4424 3978 4484 πάντως

2418 4534 2664 4603 βοηθείας
2708 4527 3087 4597 ἐπιτυγχάνεις
3130 4526 3188 4577 ἐν
3240 4522 3317 4592 τῷ
3356 4517 3709 4589 πειράζεσοαί
3757 4532 3834 4573 σε,
3878 4512 3980 4563 καὶ

2418 4621 2839 4681 καταπονεῖσθαι
2877 4618 2980 4668 ὑπὸ
3023 4616 3115 4667 τοῦ
3169 4613 3429 4664 διαϐόλου·
3470 4610 3563 4660 ἐὰν
3612 4606 3788 4673 δὲτὴν
3815 4603 3982 4672 μῆνιν

2421 4712 2691 4782 φυλάττῃς
2732 4707 2865 4777 πρὸς
2900 4706 2991 4758 τὸν
3035 4703 3278 4771 πλησίον,
3325 4700 3417 4751 καὶ
3469 4694 3819 4753 καταϐάλλεις
3876 4693 3985 4742 αὑ-

2419 4802 2531 4867 τοῦ,
2565 4801 2655 4853 καὶ
2680 4799 2885 4868 ψέγεις,
2917 4796 3011 4848 καὶ
3047 4790 3346 4851 διαϐάλλεις
3373 4788 3463 4840 τὸν
3509 4784 3811 4853 ἄνθρωπον,
3842 4779 3985 4830 πάν-

2420 4912 2521 4955 τως
2552 4893 2630 4943 ἔτι
2662 4892 2807 4941 κάτω
2846 4888 2986 4956 ἔχεις
3016 4884 3113 4945 τὰς
3176 4884 3361 4950 χεῖρας
3388 4876 3481 4929 τοῦ
3535 4874 3639 4927 ἔσω
3670 4869 3982 4940 ἀνθρώπου,

2421 4984 2523 5035 κᾶν
2573 4983 2652 5042 είς
2687 4981 2745 5032 τὸ
2780 4976 3101 5045 φαινόμενον
3148 4974 3310 5041 δοκῇς
3345 4969 3479 5039 πρὸς
3534 4964 3664 5017 Θεὸν
3708 4959 3987 5013 ἀναπετάο

2426 5074 2533 5135 ζειν
2561 5072 2655 5133 τάς
2698 5072 2903 5139 χεῖρας,
2939 5068 3026 5119 καὶ
3058 5066 3118 5117 τὸ
3172 5064 3347 5131 ὕμμα,
3404 5059 3497 5111 xai.
3519 5058 3578 5108 οὐ
3638 5053 3711 5122 μὴ
3738 5053 3989 5103 εἰσακου-

2426 5162 2556 5230 σθῇς
2589 5162 2858 5228 δεόμενος·
2888 5178 2905 5208 ι
2952 5158 3015 5207 Αἱ
3043 5155 3148 5222 γάρ
3188 5151 3363 5220 χεῖρές
3406 5166 3519 5208 σου,
3553 5143 3713 5212 φησὶν
3759 5144 3785 5193 ὁ
3823 5139 3983 5205 Θεὸς,

2426 5254 2654 5321 αἵματος
2686 5247 2969 5315 ἀδελφικοῦ
3016 5244 3239 5311 πλήρεις
3281 5238 3432 5290 εἰσίν.
3478 5254 3495 5286 ι
3536 5234 3599 5284 Τί
3650 5230 3755 5299 γὰρ
3790 5239 3984 5297 μνησι-

2427 5344 2618 5405 κακίας
2681 5338 3069 5408 φονικώτερον;
3118 5328 3431 5395 Πεισθῶμεν
3479 5322 3570 5377 οὖν
3620 5322 3697 5390 τῷ
3747 5320 3985 5385 λέγοντισ

2434 5432 2734 5486 Λούσασθαι
2773 5428 2859 5481 διά
2912 5421 3264 5495 μεταμελείας
3396 5420 3434 5465 -ὶ
3479 5412 3706 5479 καθαροὶ
3766 5408 3988 5477 γίνεσθε

2417 5523 2522 5577 ἀπὸ
2571 5522 2677 5573 τῶν
2712 5518 2983 5589 πονηριῶν
3022 5513 3172 5582 ὑμῶν
3212 5512 3298 5565 δια
3342 5526 3419 5578 ..λς
3452 5504 3693 5573 καθαρᾶς
3747 5498 3980 5557 ἱκεσίας.

846 5761 920 5827 ii)
953 5761 1081 5825 Quae
1126 5770 1427 5828 sequuntur
1456 5759 1620 5825 huius
1658 5757 2094 5828 epistolailegcre
2121 5763 2203 5828 est
2233 5748 2705 5828 u_i_cqmi_ncut:\rio
2744 5745 2929 5801 Basilii
2968 5739 3144 5810 Magni
3172 5738 3235 5793 ad
3260 5737 3473 5802 Isaiam,
3540 5747 3661 5800 cap.
3734 5744 3781 5787 ν,
3831 5742 3985 5781 Win.

780 5820 915 5888 Hi.’
946 5820 1075 5885 fide
1109 5820 1429 5900 Puirelogia:
1459 5820 1838 5894 nosuteftom.
1874 5824 2039 5891 XXX,
2081 5826 2185 5878 col.
2221 5823 2320 5877 547
2352 5821 2410 5873 D.
2448 5820 2593 5872 Eun.
