4134 6328
218 400 292 460 85

788 513 935 568 Ε’.-
956 515 1038 579 Τῷ
1060 515 1234 578 αὐτῷ.
1688 534 1693 537 ·
1815 513 1860 566 Α

307 602 428 670 Ἐφ’
457 601 633 671 ὕϐρει,
683 603 776 656 καὶ
828 603 1041 672 ἀτιμία,
1099 604 1192 655 καὶ
1239 601 1497 672 ἐπιϐουλῇ
1535 604 1601 670 τῇ
1661 601 1780 653 καθ’

225 694 387 762 ἡμῶν
435 693 520 746 διὰ
553 695 754 757 παντὸς
811 694 1368 764 ἱδρῦσθαικβούλονται
1415 695 1466 746 οἱ
1511 693 1781 759 δαίμονες,

222 780 384 848 ἀλλὰ,
436 783 615 846 καθὼς
659 784 802 850 λέγει
850 783 1208 853 ὁΠροφήτης,
1251 783 1696 852 αἰσχυνθήσονται
1735 781 1782 833 οἱ

220 873 347 925 καθ’
402 874 558 942 ἡμῶν
587 875 673 942 ἐφ’
717 872 893 942 ὕϐρει,
943 873 1036 924 καὶ
1077 873 1254 942 ὑψηλῇ
1295 873 1512 942 καρδίᾳ,
1546 873 1637 926 καὶ
1691 890 1784 924 τα-

220 963 677 1033 πεινωθήσονται.
745 964 904 1031 Ἦμῖν
967 963 1023 1014 δὲ
1084 964 1235 1014 ἔσται
1289 965 1316 1014 δ
1372 963 1632 1030 στέφανος
1685 965 1783 1030 τῆς

217 1054 390 1123 ζωῆς,
428 1058 523 1108 καὶ
555 1054 733 1122 δόξης,
777 1054 868 1105 καὶ
890 1042 1216 1122 ἀφθαρσίας,
1241 1055 1268 1105 δ
1300 1053 1523 1116 πλακεὶς
1555 1056 1666 1116 τοῖς
1692 1054 1782 1106 τὸν

217 1143 432 1218 Κύριον
467 1145 847 1214 ὑπομένουσιν.

525 1238 687 1304 ςκ-
715 1235 1001 1306 ΙΙΦΛΙΣΤ
1028 1236 1481 1306 ΣΧΟΛΛΣἸΊΚῼ.

291 1327 387 1395 Μὴ
409 1325 802 1396 παρρησιάζου,
853 1320 899 1380 ὦ
945 1325 1218 1395 ἄνθρωπε.
1275 1324 1627 1395 Δίοχύνεσθαι
1675 1325 1782 1394 γὰρ

211 1417 456 1483 ὀφείλεις
488 1417 627 1470 κατὰ
653 1419 869 1486 κράτος.
905 1419 1023 1471 καθ’
1047 1420 1126 1471 ὅτι
1158 1419 1255 1482 τὰς
1289 1419 1528 1487 μοιχείας
1546 1420 1780 1480 ἐπαινεῖς

208 1507 326 1558 τῶν
361 1506 502 1559 θεῶν
531 1523 642 1570 σουτ
671 1507 766 1560 καὶ
793 1509 890 1571 τὰς
915 1509 1318 1576 παιδοφθορίας,
1352 1507 1780 1576 καὶίπροσκυνεῖς

208 1597 283 1648 τὰ
331 1597 553 1666 ὀλέθρια
594 1597 740 1669 πάθη
770 1599 869 1668 τῆς
899 1599 1308 1668 αἰσχρουργίας,
1351 1601 1444 1651 καὶ
1477 1596 1625 1649 οὐδὲν
1648 1611 1781 1647 παν-

206 1687 390 1750 τελῶς
415 1687 544 1758 δύνῃ
585 1687 726 1757 ὑπὲρ
749 1688 811 1740 τὺ
839 1689 996 1758 σῶμα
1026 1687 1370 1741 διανοεῖσθαι.

492 1855 566 1908 Z'.
611 1884 673 1897 α·-
717 1857 1171 1928 ΜΛΡΚΕΛΛΙΝῼ
1203 1861 1510 1928 ΜΟΝΛΧῼ.
1809 1824 1850 1878 Β

283 1944 422 1997 Ὅτε
451 1945 674 1997 ἐπέλιπε
711 1947 778 1998 τὰ
814 1949 1082 2014 ἀναγκαῖα
1125 1951 1184 2002 ὲν
1222 1955 1286 2022 τῇ
1322 1955 1592 2026 Σαμαρίᾳ,
1630 1959 1778 2026 βασι-

205 2034 471 2099 λεύοντος
512 2037 710 2108 Ἰωρὰμ
748 2038 838 2091 τοῦ
871 2039 986 2092 υἱοῦ
1052 2041 1275 2109 ’Λχαὰ6,
1306 2044 1394 2096 διὰ
1423 2047 1482 2097 τὸ
1524 2048 1778 2118 ἐπιστρα-

201 2125 410 2178 τεῦσαι
435 2127 772 2195 τὸνβασιλέα
808 2129 916 2181 τῶν
956 2130 1272 2200 Ἀσσυρίων,
1305 2135 1397 2186 καὶ
1440 2137 1648 2206 ἐπράθη
1690 2157 1778 2192 κε-

202 2213 356 2283 φαλὴ
399 2215 522 2266 δνου
545 2218 879 2283 πεντήκοντα
909 2218 1126 2280 σίκλων,
1156 2221 1249 2272 καὶ
1297 2223 1553 2292 τέταρτον
1609 2226 1773 2278 κάϐου

202 2302 424 2368 κόπρου
463 2302 796 2371 περιστερῶν
827 2305 986 2356 πέντε
1017 2305 1212 2359 σίκλων
1239 2310 1521 2379 ἀργυρίου,
1554 2315 1775 2383 προσδο·

202 2389 479 2454 κηθέντος
523 2390 752 2444 θανάτου
791 2393 1082 2458 οίκτίστου,
1122 2397 1350 2468 τοσαύτη
1398 2402 1527 2471 παρ’
1559 2403 1776 2467 ἐλπίδας

201 2481 440 2546 γέγονεν
468 2481 706 2543 εύθυνία.
758 2484 832 2546 ὡς
877 2486 1073 2554 μέτρον
1121 2489 1451 2557 σεμιδάλεως
1501 2493 1773 2564 πραθῆναι

201 2569 428 2632 σίκλου,
463 2573 554 2623 καὶ
580 2572 871 2642 διάμετρον
902 2575 1095 2645 κριθῆς
1123 2579 1322 2644 ὁμοίως
1361 2581 1564 2633 σίκλου·
1607 2603 1624 2633 ι
1663 2584 1772 2636 Κύ-

203 2676 327 2726 ριος
355 2661 467 2728 γὰρ
523 2661 861 2725 διασκεδάζει
906 2661 1101 2732 βουλάς
1133 2667 1319 2732 ἐθνῶν,
1354 2670 1446 2722 καὶ
1476 2672 1770 2740 ἀρχόντωνο

199 2749 235 2815 ἡ
269 2748 325 2798 δὲ
361 2748 528 2816 βουλὴ
575 2749 668 2802 τοῦ
715 2751 916 2820 Κυρίου
975 2755 1054 2815 είς
1088 2756 1175 2807 τὸν
1207 2758 1376 2810 αἰῶνα
1421 2761 1588 2828 μένει.
1629 2781 1647 2813 ι
1682 2764 1772 2832 Μὴ

198 2840 395 2890 τοξφῖν
428 2839 810 2910 άθυμήσωμεν,
831 2843 966 2895 ἀλλὰ
997 2846 1454 2918 προσδοκὴσωμεν
1480 2851 1538 2913 ἐξ
1571 2853 1774 2914 ἐνδείας

201 2930 499 2998 εὐπορίαν,
525 2932 616 2983 καὶ
657 2933 721 2984 ἐκ
750 2931 980 3001 θλίψεως
1013 2936 1212 2990 ἄνεσιν.

432 3199 510 3250 H'.
539 3227 606 3238 —
648 3200 1049 3268 ΠΤΟΛΕΜΑΙῼ
1099 3201 1579 3271 ΣΥΓΚΛΗΊΊΚῼῼ
1800 3127 1845 3188 C

277 3287 393 3340 Καὶ
428 3287 489 3340 τὸ
518 3289 677 3360 μόνον
712 3290 998 3344 πιστεῦσαι
1026 3293 1104 3353 εἰς
1139 3290 1229 3342 τὸν
1265 3292 1489 3361 Σωτῆρα
1518 3293 1770 3362 Χριστὸν,

197 3378 524 3448 δικαιοσύνη
567 3381 706 3444 ἐστὶ,
746 3379 805 3431 τὸ
851 3379 905 3432 δὲ
961 3379 1288 3451 ὁμολογῆσαι
1339 3381 1497 3434 αὑτὸν
1549 3381 1624 3450 τῷ
1657 3384 1773 3435 σιτό-

201 3485 364 3539 ματι,
401 3468 665 3539 παντελὴς
701 3469 960 3538 σωτηρία.

745 3559 893 3612 Θ¹.-ο·
937 3559 1018 3621 Τῷ
1045 3560 1220 3623 αὐτῷ.

272 3649 452 3716 Φησὶν
479 3650 507 3700 ὁ
537 3647 818 3709 θεσπέσιος
863 3648 1106 3709 Ἡσαΐας·
1161 3669 1178 3699 ι
1215 3650 1330 3702 ’Ίνα
1373 3650 1621 3704 εἴπωσιν
1658 3654 1770 3705 Οὐκ

198 3739 356 3788 ἔστιν
408 3736 483 3797 ὡς
519 3736 580 3787 τὸ
627 3737 781 3805 ῥῆμοῖ
819 3735 992 3800 τοῦτο,
1047 3739 1175 3806 περὶ
1208 3732 1270 3790 οὗ
1307 3740 1406 3791 οὐκ
1439 3739 1553 3792 ἔστι
1590 3739 1775 3804 δοῦναι

196 3825 372 3895 δῶρα.
417 3845 434 3874 ι
469 3825 630 3878 Οὐδὲν
681 3825 788 3896 γάρ
843 3825 1091 3891 ἀντάξιον
1146 3829 1496 3898 εὑρεθήσεται
1523 3833 1620 3899 τῆς
1674 3829 1768 3883 τού

197 3916 538 3967 Δεσποτικοῦ
568 3916 826 3986 ὀνόματος
878 3919 1186 3988 ὁμολογίας,
1237 3921 1330 3973 καὶ
1362 3922 1462 3989 τῆς
1495 3938 1770 3990 παρασχε-

199 4006 396 4072 θείσης
431 4007 560 4074 ἡμῖν
599 4008 894 4074 μακαρίας,
937 4008 1030 4058 καὶ
1078 4009 1237 4074 ἁγίας
1258 4009 1531 4075 γνώσεως.
1573 4012 1768 4080 Διόπερ

198 4097 294 4147 ἐπὶ
324 4095 498 4162 τούτῳ
528 4096 730 4148 δίκαιον
765 4095 943 4162 λέγειν
979 4097 1040 4148 τὸ
1087 4099 1366 4151 Δαυῖτικὸν
1410 4100 1608 4166 λόγιον·
1651 4119 1666 4149 ι
1704 4102 1767 4151 Τί

196 4184 566 4237 ἀνταποδώσω
623 4185 699 4252 τῷ
735 4186 923 4256 Κυρίῳ
969 4186 1096 4258 περὶ
1143 4189 1359 4241 πάντων
1411 4181 1484 4240 ὧν
1545 4190 1769 4242 ἀνταπέ-

195 4273 342 4323 δωκέ
384 4291 504 4340 μοι;
546 4294 562 4324 ι
608 4275 787 4328 πίστιν
813 4266 1023 4340 λαϐὼν,
1080 4278 1174 4330 καὶ
1203 4278 1530 4341 άνταποδοὺς
1570 4279 1767 4344 γνῶσιν

197 4364 545 4430 ἐπουράνιον.
593 4365 657 4416 'ﬂ
704 4365 810 4434 γάρ
875 4368 1001 4428 ἁγία
1053 4369 1250 4434 γνῶσις
1303 4369 1508 4438 μυρίων
1548 4369 1767 4436 ἀγαθῶν

196 4457 318 4506 ἐστι
359 4456 699 4524 περιεκτική.

750 4543 791 4599 Ι.
827 4575 893 4584 —
928 4544 1010 4609 Τῷ
1041 4545 1220 4610 αὐτῷ.

228 4695 232 4697 ς
269 4635 433 4697 Τινὲς
458 4635 534 4704 τῷ
565 4635 713 4706 θέρει
756 4638 818 4689 ἐκ
861 4637 1096 4706 λιμένων
1140 4637 1464 4706 ἀναχθέντες
1496 4641 1760 4708 ἐναυάγη-

197 4741 326 4784 σαν,
378 4725 520 4786 τινες
572 4724 629 4776 δὲ
694 4725 752 4776 ὲν
791 4725 1020 4793 χειμῶνι
1086 4723 1415 4779 πλεύσαντες
1466 4726 1758 4787 ἀκινδύνως

197 4813 502 4879 ἐσώθησαν.
559 4811 718 4864 Πόσοι
781 4814 824 4864 δ’
882 4813 1109 4880 ἀθληταὶ
1164 4813 1534 4866 ἀνενδοίαστον
1605 4815 1760 4885 νίκην

196 4902 666 4970 προσδοκήσαντες
722 4902 1063 4970 ἡττήθησανς
1099 4903 1148 4954 oi.
1200 4902 1254 4955 δὲ
1303 4904 1396 4956 καὶ
1445 4904 1760 4975 δευτερείων

197 4992 581 5059 ἀπεγνωκότες
621 4990 688 5043 τὰ
737 4994 976 5060 πρωτεῖα
1009 4993 1553 5063 ἑστεφανηφόρησαν;
1609 4990 1760 5065 Μήτέ

192 5076 291 5131 οὖν
345 5078 796 5148 καταφρονῶμεν,
851 5080 990 5147 μήτε
1037 5080 1448 5150 ἀπελπίζωμεν,
1509 5083 1623 5136 ἀλλ’
1675 5086 1761 5152 ἐφ’

194 5171 372 5223 ἅπασι
399 5169 688 5242 πράγμασι
722 5173 800 5240 τῇ
838 5171 970 5240 εὐχῇ
1005 5171 1371 5241 κολληθῶμεν.

1794 4440 1837 4495 D

512 5408 526 5421 ν,
720 5347 896 5400 ΙΑ’.---
940 5347 1021 5411 Τῷ
1050 5347 1227 5410 αὐτῷ.

260 5438 402 5493 Είά
457 5437 591 5506 πρὸς
627 5440 716 5492 τὸν
749 5439 840 5492 σὸν
888 5440 1120 5508 ἑταῖρον,
1154 5440 1233 5490 ὅτι
1271 5439 1540 5507 θερμότης
1570 5441 1759 5509 ἀχαλί-

193 5545 359 5589 -ιηπος
398 5527 668 5597 μεγίστων
696 5529 878 5582 κακῶν
907 5528 1165 5597 πρόξενος
1203 5529 1313 5590 τοῖς
1339 5528 1642 5597 ἀνθρώποις
1670 5531 1754 5597 γί-

183 5634 362 5673 νεται.

259 5729 286 5762 ⁸
311 5728 461 5784 Psal.
494 5743 680 5795 xxxix,
715 5729 798 5782 15.
825 5730 844 5757 "
874 5727 942 5785 ιγ
979 5729 1185 5800 Regna,

1222 5730 1254 5763 ι)
1263 5732 1288 5763 “;

1431 399 1956 464 EPIS’I‘OLARUM
2017 403 2218 466 LIBJ.

3360 400 3428 462 εδ

2455 515 2520 569 ν.
2553 546 2620 556 -
2652 515 2855 570 Eidem.

1948 603 2007 656 In
2040 603 2354 672 opprobrio,
2385 614 2437 658 et
2459 604 2700 664 infamia.
2731 612 2784 657 et
2814 601 3070 656 adversus
3092 617 3189 656 uos
3214 600 3425 656 insidiis

1880 695 2025 746 omni
2063 703 2304 763 tempore
2335 695 2650 748 confirmari
2687 700 2948 763 appetunt
2991 691 3297 754 tlmmoues;
3334 708 3425 744 ve.-

1883 791 2212 846 rumtamen,
2264 791 2322 835 ut
2373 784 2641 852 Propheta
2689 784 2764 836 ait
2811 783 2853 847 ⁸,
2904 781 3290 837 reverebantur
3333 779 3436 846 qui.

1881 880 2068 926 contra
2108 888 2210 927 nos
2238 885 2385 934 sunt,
2431 877 2483 927 in
2537 875 2852 944 opprobrio,
2882 882 2934 927 et
2959 873 3140 926 animo
3173 872 3334 931 elato.
3374 881 3425 921 et

1884 963 2339 1017 lmmiliabuntur.
2369 966 2435 1017 At
2467 981 2566 1019 nos
2595 973 2647 1030 et
2678 967 2823 1025 vitze,
2859 973 2912 1017 et
2943 964 3148 1033 gloriae,
3179 963 3424 1016 etiucor-

1881 1054 2262 1120 ruptibilitatis
2334 1070 2567 1117 corona,
2637 1054 3082 1123 exspectantibus
3143 1052 3423 1104 Dominqu

1882 1151 2159 1204 contexta,
2193 1152 2496 1212 exspectat.

2089 1230 2177 1284 Vl.
2217 1261 2281 1272 --
2307 1231 2696 1286 ΙΙΕΙῚΙᾸΞΞΤΟ
2729 1229 3254 1285 SCIlOLASTlCOx

1949 1318 2172 1374 Frustra
2211 1329 2414 1391 turges,
2460 1337 2522 1374 ac
2555 1332 2752 1385 tumes,
2795 1322 2868 1374 mi
2902 1323 3096 1372 homo:
3123 1319 3423 1388 pudendum

1882 1415 2062 1482 potius
2114 1415 2258 1467 omni
2307 1415 2362 1485 ᾧ
2405 1425 2600 1468 conatu
2651 1415 2744 1468 tibi
2792 1415 2971 1475 fuerit,
3015 1428 3139 1465 cum
3201 1412 3423 1463 deorum

1883 1513 2100 1557 tuorum
2136 1505 2428 1567 adulteria,
2460 1513 2512 1560 et
2549 1521 2836 1574 puerorum
2885 1513 3070 1572 stupra
3100 1502 3329 1558 extollis.
3376 1511 3425 1552 ct

1881 1593 2202 1648 alTeCIiones
2249 1595 2496 1649 libidinis
2546 1597 2680 1648 satis
2726 1594 3062 1663 perniciosas
3110 1591 3380 1645 veneraris
3412 1631 3424 1651 ,

1882 1699 2058 1751 neque
2095 1684 2374 1751 quidpiam
2421 1684 2515 1736 tibi
2567 1684 2807 1736 occurrit
2855 1683 3100 1746 omnino,
3132 1679 3272 1749 quod
3303 1693 3424 1734 ουτ»

1881 1786 2010 1842 pore
2035 1772 2283 1840 superius
2308 1773 2398 1826 sit.

2123 1859 2237 1916 VH.
2271 1891 2336 1900 —
2367 1859 2803 1914 MARCELLINO
2837 1859 3182 1914 MONACIIO.

1950 1949 2086 2001 Cum
2119 1949 2426 2004 necessaria
2459 1950 2511 2002 in
2546 1948 2790 2002 Samaria
2831 1949 2932 2002 sub
2958 1947 3161 2002 .lorami
3187 1946 3421 2001 Achaabi

1883 2037 1976 2090 ﬁlii
2039 2039 2265 2107 imperio
2295 2038 2335 2104 ⁵,
2371 2053 2495 2108 rege
2536 2038 2876 2107 Assyriorum
2909 2037 3106 2088 bellum
3141 2036 3424 2098 inlerente,

1879 2127 2199 2193 defuissent,
2243 2136 2296 2182 et
2333 2137 2494 2194 caput
2543 2129 2684 2181 asini
2729 2127 3117 2196 quinquaginta
3149 2125 3293 2178 sielis
3333 2140 3424 2177 vc-

1880 2215 2072 2276 nisset,
2128 2224 2181 2268 ct
2230 2222 2425 2282 quarta
2481 2229 2606 2283 pars
2648 2214 2765 2268 cabi
2829 2214 3122 2280 palumbini
3171 2212 3426 2267 stercoris

1876 2306 2117 2375 quinque
2163 2305 2314 2360 sielis
2365 2307 2656 2375 argenteis,
2704 2307 2838 2360 adeo
2877 2316 2935 2360 ut
2985 2321 3131 2360 mors
3153 2306 3425 2359 teterrima

1877 2396 2131 2463 opinione
2182 2396 2423 2450 omnium
2471 2395 2805 2466 impenderet
2852 2413 2865 2450 :
2918 2407 3064 2450 tanta
3101 2412 3275 2450 rerum
3310 2412 3425 2448 om—

1882 2486 2030 2538 nium
2084 2485 2440 2550 abundantia,
2493 2500 2654 2556 atque
2688 2488 2906 2542 ubertas
2941 2502 3192 2556 agrorum
3234 2477 3426 2556 pra'tcr

1877 2576 2122 2630 omnium
2158 2577 2620 2644 exspectationem
2680 2578 2923 2641 invaluit,
2967 2587 3024 2632 ut
3063 2578 3248 2633 simila:
3276 2591 3424 2630 men-

1875 2680 2003 2719 sura
2038 2666 2173 2719 siclo
2209 2665 2482 2720 divendita
2515 2667 2604 2730 sit,
2643 2681 2852 2720 necnon
2888 2675 2941 2719 et
2965 2666 3149 2720 hordei
3180 2666 3426 2720 similiter

1875 2755 2009 2809 siclo
2071 2770 2340 2809 mensura:
2391 2755 2562 2811 dum:
2617 2776 2636 2808 ι
2675 2755 2934 2810 Dominus
2969 2757 3108 2809 enim
3165 2755 3425 2823 disperdit

1875 2846 2102 2898 consilia
2152 2847 2429 2913 gentium,
2495 2855 2550 2909 et
2597 2847 2948 2917 principum;
3001 2847 3247 2900 voluntas
3299 2859 3424 2898 vero

1879 2930 2089 2984 Domini
2117 2933 2168 2984 in
2196 2943 2458 2987 aeternum
2493 2944 2675 2988 manet
2709 2936 2747 2987 ⁸.
2782 2954 2800 2985 ι
2857 2933 2934 2989 Nc
2979 2934 3158 3001 itaque
3191 2934 3430 3002 despui)-

1874 3019 2100 3075 deamus
2126 3021 2400 3082 animum,
2426 3023 2518 3076 sed
2549 3031 2930 3092 exspectemus
2960 3038 3026 3077 ex
3054 3023 3230 3092 in0pia
3265 3023 3426 3075 uber-

1877 3119 2062 3176 tatem,
2092 3118 2146 3164 et
2177 3125 2240 3165 ex
2279 3112 2630 3167 tribulatione
2663 3113 2937 3168 solatium.
3379 3101 3388 3109 ’

2057 3243 2062 3249 .
2089 3197 2226 3252 Vlll.
2253 3231 2320 3243 —
2352 3196 2743 3257 P'I‘OLEM/EO
2766 3200 3207 3258 SYNCLETICO.

1944 3289 2010 3343 Et
2061 3289 2436 3346 tantummodo
2491 3291 2622 3346 fides
2660 3291 2714 3344 in
2758 3291 3036 3346 Christum
3079 3293 3420 3346 Serratorcm

1869 3380 2188 3449 justiﬁeatio
2227 3390 2310 3436 est
2364 3402 2377 3435 :
2419 3393 2470 3434 at
2525 3397 2647 3436 eum
2680 3382 2922 3436 conliteri
2954 3396 3049 3435 ore
3091 3383 3237 3436 salus
3265 3383 3425 3437 abso-

1871 3473 1982 3525 luta
2006 3473 2045 3523 ".

2421 3567 2506 3622 IX.
2549 3595 2616 3608 --
2662 3568 2866 3626 Eidem.
2946 3564 2949 3567 ’

1944 3657 2164 3713 Divinus
2219 3658 2394 3727 inquit
2436 3659 2598 3714 Isaias
2647 3677 2660 3713 :
2715 3679 2733 3711 ι
2783 3661 2851 3716 Ut
2897 3661 3126 3714 dicant:
3171 3658 3288 3712 Non
3339 3665 3422 3711 est

1871 3750 2012 3803 sicut
2054 3751 2276 3804 verbum
2318 3750 2440 3812 hoc,
2477 3765 2574 3818 pro
2615 3766 2724 3819 quo
2763 3753 2904 3806 dona
2953 3751 3133 3804 otl‘erri
3165 3766 3268 3803 non
3300 3764 3422 3817 pos-

1871 3850 1996 3894 sunt
2021 3840 2062 3893 ⁸.
2103 3857 2122 3890 ι
2157 3838 2299 3892 Nihil
2343 3841 2487 3894 enim
2533 3840 2795 3894 Dominici
2841 3841 3076 3896 nominis
3126 3840 3419 3909 professio-

1870 3931 1978 3993 nis,
2033 3939 2086 3982 et
2131 3912 2340 3983 tradita:
2371 3930 2422 3999 5
2453 3931 2610 3986 nobis
2657 3932 2826 3985 beatae
2848 3970 2862 3992 ,
2901 3939 3208 3998 sanetmque
3236 3930 3420 3998 cogni-

1869 4015 2035 4067 tionis
2067 4013 2239 4068 instar
2277 4029 2398 4069 esse
2443 4009 2639 4084 potest.
2673 4015 2849 4080 Quare
2882 4033 2988 4070 non
3047 4019 3142 4068 abs
3177 4032 3230 4067 re
3258 4016 3418 4067 Dari—

1868 4101 2046 4154 dicum
2091 4101 2218 4152 illud
2273 4101 2662 4152 enuntiandum
2707 4111 2829 4153 est:
2865 4118 2882 4149 ι
2925 4101 3062 4164 Quid
3122 4099 3416 4152 retribuam

1871 4189 2098 4242 Domino
2131 4203 2228 4256 pro
2261 4190 2540 4252 omnibus,
2572 4205 2690 4259 quae
2720 4191 2968 4244 retribuit
2998 4191 3128 4242 mihi
3159 4190 3206 4242 ’Υ
3239 4209 3257 4239 ι
3289 4204 3411 4242 cum

1871 4280 2026 4334 [idem
2077 4281 2370 4349 acceperit,
2421 4289 2475 4335 et.
2518 4281 2827 4335 retribucrit
2856 4281 3218 4349 cognitionem
3254 4280 3416 4332 cmic-

1869 4380 2026 4422 stem.
2047 4367 2242 4422 Sancta
2273 4370 2472 4438 quippe
2499 4369 2741 4438 cognitio
2777 4372 3063 4425 innumera
3103 4371 3243 4425 bona
3271 4371 3322 4422 in
3357 4387 3415 4424 se

1866 4459 2132 4511 continet.

2438 4549 2501 4600 Χ.
2542 4579 2607 4589 —
2647 4550 2849 4601 Eidem.
2884 4575 2888 4579 -

1935 4635 2193 4690 Nonnulli
2248 4646 2436 4690 aistate
2488 4639 2762 4691 Solreirtes
2803 4652 2833 4690 e
2885 4647 3040 4707 portu
3078 4641 3413 4708 naul‘rz'.gium

1864 4724 2142 4798 fecerunt;
2178 4726 2268 4779 alii
2307 4727 2484 4780 hieme
2524 4728 2730 4796 absque
2779 4728 2889 4781 ullo
2919 4729 3232 4783 discrimine
3257 4740 3415 4782 vento

1864 4815 2266 4868 secundissimo
2316 4831 2436 4870 sese
2489 4815 2746 4871 ﬂuctibus
2804 4820 3213 4872 commiserunt.
3272 4821 3415 4883 Quot

1865 4904 1992 4958 item
2023 4906 2238 4960 athletae
2261 4907 2624 4960 indubitatam
2659 4908 2939 4961 victoriam
2966 4908 3065 4960 sibi
3097 4911 3413 4975 promitten-

1863 5002 1947 5048 tes
1987 4996 2232 5065 superati
2284 5000 2449 5050 sunt?
2492 5006 2624 5064 quot
2669 5009 2722 5050 et
2770 4998 2836 5049 de
2883 4995 3140 5048 secundis
3182 4997 3412 5064 prtcmiis

1863 5085 2220 5153 desperantes
2245 5089 2478 5156 primam
2502 5089 2742 5141 victoria:
2769 5086 3000 5154 palmam
3033 5087 3410 5140 obtinuerunt?

1859 5175 1976 5229 Non
2007 5177 2191 5246 itaque
2220 5179 2575 5246 negligamns,
2615 5193 2787 5244 neque
2817 5164 3001 5231 Ineunte
3040 5179 3408 5238 concidamus,

1861 5267 1952 5320 sed
1985 5267 2150 5321 rebus
2186 5267 2238 5320 in
2269 5268 2524 5320 orrrnitms
2565 5267 2798 5319 orationi
2842 5267 3216 5321 inhmreamus.

2432 5355 2519 5410 ΧΙ.
2552 5386 2619 5396 -
2643 5356 2847 5410 Eidem.
3013 5358 3019 5364 ’

1929 5444 2106 5498 Etl‘are
2146 5447 2322 5500 amico
2376 5457 2490 5510 tuo,
2533 5449 2742 5514 absque
2772 5447 2998 5499 habenis
3037 5447 3294 5512 impetum
3331 5461 3412 5516 ar—

1863 5536 2162 5603 doremque
2243 5538 2478 5590 maxima
2543 5539 2866 5592 morlalibus
2937 5534 3130 5589 all‘erre
3202 5538 3409 5588 incomc

1862 5623 2039 5678 tnoda.

1259 5724 1373 5785 3.“
1408 5731 1546 5785 l’sal.
1576 5748 1719 5789 sun
1752 5773 1764 5798 ,
1801 5737 1881 5790 tu.
1957 5739 1974 5768 ν
2013 5735 2166 5790 lion).
2211 5755 2262 5801 Χ,
2306 5739 2382 5789 Hi.
2462 5739 2480 5767 ⁸
2521 5739 2616 5792 lsa.
2655 5754 2767 5800 rm,
2810 5737 2897 5789 9.1.).
2974 5740 2993 5768 ’
3036 5735 3175 5791 l'sal.
3208 5749 3326 5797 ειν,
3353 5735 3407 5788 :5.
