4134 6328
696 302 759 362 87

763 502 865 567 Qui
893 505 1098 567 omnia,
1138 507 1311 574 inquit
1352 509 1415 569 ⁸ο,
1460 508 1607 575 facit,
1642 517 1695 562 et
1732 510 1909 563 omnia
1951 511 2240 566 immutans

701 596 966 649 convertit
1023 596 1249 663 primam
1295 598 1467 650 lucem
1517 598 1569 650 in
1629 600 1869 651 umbram
1923 602 2131 665 mortis,
2189 610 2277 655 et»

700 695 907 739 noctem
962 686 1016 737 in
1068 685 1208 738 diem
1263 686 1584 741 obtcncbrat
1614 705 1628 740 :
1660 688 1773 756 ipse
1816 688 1957 741 enim
2006 698 2109 751 est,
2146 692 2236 759 qui

697 775 1057 836 conditiones,
1087 786 1140 829 et
1173 786 1434 846 tempora,
1486 788 1539 832 et
1585 793 1669 833 res
1718 786 2065 834 transmutat.
2098 780 2240 835 Con-

693 866 853 917 vertit
912 880 1042 935 ergo
1091 864 1233 920 Dens
1291 868 1536 921 umbram
1594 869 1810 930 mortis,
1874 871 1927 922 in
1984 871 2236 925 virtutem

692 970 904 1023 nempe.
935 964 989 1008 et
1012 956 1469 1019 consolationem,
1507 966 1563 1011 et
1594 960 1936 1028 splendorem
1970 970 2239 1031 permutat

693 1046 1069 1113 peccatricem,
1110 1054 1163 1099 et
1218 1047 1573 1116 caliginosam
1613 1050 2003 1105 conditionem.
2044 1051 2239 1107 Facul-

692 1145 854 1189 tatcm
891 1152 1107 1206 quoque
1150 1136 1252 1190 sibi
1289 1137 1529 1191 vindicat
1574 1140 1716 1193 diem
1762 1142 1817 1210 6
1863 1142 2038 1195 noctis
2069 1142 2238 1195 instar

688 1228 1100 1293 obtcncbrandi,
1137 1229 1254 1283 lata
1272 1230 1486 1284 scilicet
1516 1241 1571 1285 et
1593 1232 1877 1300 splendida
1907 1233 1961 1286 in
1994 1234 2236 1288 tristiora

687 1325 847 1385 atque
887 1319 1246 1374 inammniora
1280 1321 1692 1375 transvehendi.

1216 1424 1338 1477 XIII
1371 1455 1462 1481 .-—
1493 1425 1698 1479 Eidem.

766 1533 783 1565 ι
826 1515 1105 1584 Quisquis,
1134 1516 1228 1576 ait,
1264 1525 1457 1569 octavo
1504 1517 1592 1571 die
1637 1532 1747 1571 non
1782 1518 2196 1576 circumciditur
2219 1560 2233 1585 ,

687 1608 1133 1661 exterminabitur
1175 1606 1298 1659 ¹⁰’.›
1352 1607 1532 1662 Infans
1587 1610 1717 1663 nulli
1765 1610 1896 1664 vitio
1943 1613 2232 1677 obnoxius,

686 1706 738 1750 et
778 1698 1109 1765 intelligendi
1152 1699 1413 1753 facultate
1466 1700 1616 1751 nullo
1665 1701 1823 1753 modo
1872 1701 2152 1768 praeditus,
2188 1703 2231 1757 si

2338 1714 2455 1750 πιον
2489 1699 2790 1762 κολάζεται,
2847 1701 2919 1769 μὴ
2949 1701 3301 1771 περιτμηθέν·
3338 1702 3537 1772 μᾶλλον
3584 1703 3689 1771 γὰρ
3721 1702 3892 1790 ἐχρῆν

688 1787 1041 1840 circumcisus
1075 1801 1180 1840 non
1230 1786 1418 1851 fuerit,
1448 1803 1556 1841 non
1594 1789 1838 1856 punitur,
1864 1791 1958 1843 sed
1986 1799 2235 1859 parentes

609 1946 619 1957 '
689 1878 868 1945 potius
922 1878 1069 1933 illius
1113 1878 1438 1947 castigandi.
1486 1880 1554 1933 At
1593 1880 1704 1945 ille,
1738 1880 1809 1933 mi
1842 1881 2023 1945 homo,
2059 1881 2231 1950 punit,

689 1967 731 2020 si
760 1983 853 2036 per
886 1968 1044 2021 fidem
1069 1978 1121 2023 et
1152 1970 1456 2024 orationem
1487 1971 1910 2036 circumcidens,
1936 1986 2001 2025 ex
2025 1980 2077 2026 te
2106 1972 2233 2024 vitia

689 2072 793 2109 non
838 2058 1157 2135 depuleris:
1204 2058 1436 2114 infantes
1472 2062 1615 2114 enim
1671 2062 1794 2115 esse
1838 2062 2046 2116 malitia
2083 2063 2234 2131 jubet

690 2148 975 2216 Apostolus
1018 2147 1089 2203 “.
1136 2150 1608 2206 Circumcidamus
1646 2152 1830 2221 itaque
1867 2154 2232 2222 nosmetipsos

688 2237 866 2305 gladio
909 2237 1173 2307 Spiritus,
1221 2239 1363 2293 diem
1395 2248 1675 2303 octavam,
1722 2242 1825 2295 hoc
1868 2253 1951 2296 est
1995 2242 2231 2317 futurum

686 2325 940 2377 saeculum
973 2325 1345 2393 respicientes.
1383 2324 1851 2380 Circumcidamus
1874 2342 1998 2381 vero
2020 2342 2231 2381 omnem

687 2412 871 2465 carnis
920 2412 1332 2479 cogitationem,
1376 2422 1427 2465 et
1467 2427 1793 2479 sermonem,
1838 2422 1891 2468 et
1948 2429 2086 2484 opus
2132 2416 2235 2468 ini-

686 2516 875 2569 quum,
926 2517 993 2554 ne
1029 2501 1431 2570 disperdamur,
1485 2510 1537 2556 et
1568 2504 1867 2558 alienemur
1901 2520 1932 2559 e
1962 2505 2137 2560 medio
2170 2505 2233 2559 il-

687 2592 791 2645 lius
822 2591 1028 2661 populi,
1060 2592 1153 2660 qui
1184 2592 1426 2645 salvatur
1456 2607 1551 2660 per
1580 2592 1882 2649 Christum.

1200 2677 1340 2732 XIV.
1370 2708 1435 2718 —
1466 2679 1670 2734 Eidem.

757 2786 777 2821 ι
818 2767 955 2822 Ecce
987 2767 1129 2822 oculi
1166 2768 1376 2823 Domini
1404 2783 1569 2839 super
1594 2769 1916 2825 timentibus
1945 2787 2089 2835 eum,
2112 2786 2233 2841 spe-

687 2858 936 2912 rantibus
968 2874 1162 2925 nempe
1213 2860 1265 2913 in
1317 2859 1749 2914 misericordiam
1780 2861 2020 2916 illius".
2064 2881 2081 2914 ι
2127 2863 2231 2927 Qui

681 2946 947 3014 justitiam
1007 2949 1268 3017 consequi
1318 2963 1385 3002 ex
1442 2949 1701 3017 operibus
1756 2937 1865 3005 non
1926 2959 2227 3018 exspectat,

2078 291 2091 300 ’
2178 314 2241 375 s.
2279 316 2444 376 NILI

1228 413 1351 467 XII.
1395 446 1460 452 ——-
1497 415 1701 470 Eidem.
2077 458 2081 462 ν
2269 428 2316 485 Α

3818 327 3897 390 88

2852 432 2948 482 IB’.
2986 461 3050 473 ο·-
3091 433 3170 498 Τῷ
3199 436 3374 499 αὐτῷ.

2425 517 2480 568 ’0
2509 518 2693 581 ποιῶν,
2735 524 2887 590 φησὶ,
2942 522 3137 586 πάντα,
3187 525 3279 576 καὶ
3320 528 3751 593 μετασκευάζων,
3792 534 3893 584 καὶ

2341 606 2618 676 ἐκτρέπων
2650 610 2728 671 είς
2757 610 2816 662 τὸ
2854 611 2996 681 πρωῒ
3021 614 3173 665 σκιὰν
3207 613 3454 674 Θανάτου,
3491 619 3582 670 καὶ
3610 619 3774 672 νύκτα
3806 624 3891 685 είς

2340 697 2549 766 ἡμέραν
2601 700 2963 763 συσκοτάζων⁸
3027 703 3186 762 αὐτὸς
3233 703 3339 774 γάρ
3391 707 3535 758 ἐστιν
3585 709 3611 759 6
3663 710 3892 763 ἀλλοιῶν

2339 788 2717 852 καταστάσεις,
2768 792 2860 840 καὶ
2909 790 3152 858 χρόνους,
3197 794 3288 845 καὶ
3333 795 3646 865 πράγματα·
3696 800 3891 868 ὲκτρέ-
3930 796 3935 799 ⁷

2339 893 2427 929 πει
2454 873 2542 929 οὖν
2565 880 2593 930 6
2621 879 2752 941 Θεὸς
2790 880 2887 948 τὴν
2923 884 3078 933 σκιὰν
3112 883 3204 935 τοῦ
3234 884 3481 947 Θανάτου,
3514 890 3781 939 τουτέστιν
3806 894 3890 952 εἰς

2337 967 2555 1038 ἀρετὴν,
2615 971 2707 1022 καὶ
2750 970 3032 1040 εὐθυμίαν,
3080 974 3175 1026 καὶ
3228 976 3521 1045 φαινότητα
3566 980 3893 1046 μεταϐάλλει

2336 1058 2433 1126 τὴν
2467 1060 2864 1131 ἁμαρτητικὴν,
2907 1064 3000 1115 καὶ
3054 1064 3330 1133 σκοτεινὴν
3380 1067 3724 1122 κατάστασιν.
3773 1069 3892 1135 Ἐξ-

2336 1147 2521 1197 ουσῐαν
2571 1148 2626 1198 δὲ
2655 1148 2764 1216 ἔχει
2797 1150 2890 1201 καὶ
2942 1150 3152 1220 ἡμέραν
3196 1153 3275 1214 εἰς
3328 1151 3495 1205 νύκτα
3539 1155 3886 1208 συσκοτάσαιο

2334 1236 2606 1287 τουτέστιν
2638 1237 2705 1287 τὰ
2737 1240 3027 1307 περιχαρῆ,
3053 1240 3145 1291 καὶ
3170 1238 3416 1309 λαμπρὰ,
3439 1242 3530 1292 ἐπὶ
3550 1241 3611 1293 τὸ
3640 1243 3892 1312 σκυθρωο

2335 1326 2556 1393 πότερον
2580 1324 2902 1393 μεταθεῖναι.

2846 1432 3032 1484 ΙΓ’.-
3071 1433 3154 1497 Tt?)
3198 1435 3375 1500 αὐτῷ.

2412 1537 2431 1569 ι
2462 1519 2529 1570 Εἴ
2552 1536 2634 1580 τις
2658 1519 2732 1589 μὴ
2757 1521 3082 1590 περιτμηθῇ,
3114 1523 3267 1591 φησὶ,
3298 1526 3363 1592 τῇ
3385 1524 3541 1594 ὀγδόῃ
3576 1525 3774 1594 ἡμέρᾳ,
3805 1524 3890 1588 ἐξ·

2339 1607 2809 1679 ολοθρευθήσεται.
2849 1628 2868 1660 ›
2898 1611 3031 1681 Οὐχὶ
3056 1611 3115 1663 τὸ
3143 1613 3346 1666 ἄκακον
3403 1613 3493 1665 καὶ
3532 1614 3753 1682 ἀνόητον
3790 1616 3889 1683 νή-

3850 1784 3879 1802 ο

2335 1785 2461 1847 τοὺς
2501 1790 2673 1852 γονεῖς
2721 1788 3094 1858 τιμωρεῖσθαι.
3164 1788 3302 1841 Ἀλλ’
3342 1790 3502 1851 αὐτὸς
3554 1788 3787 1851 κολάζει,
3844 1785 3893 1842 ὦ
3968 1806 3974 1813 ·

2334 1879 2605 1947 ἄνθρωπε,
2640 1876 2733 1928 ἐὰν
2756 1876 2830 1946 μὴ
2863 1877 2950 1929 διὰ
2972 1878 3203 1941 πίστεως
3240 1880 3333 1931 καὶ
3363 1879 3522 1949 εὐχῆς
3553 1879 3892 1949 περιτμηθῇς

2333 1969 2431 2039 τὴν
2447 1969 2660 2022 κακίαν·
2704 1966 2986 2037 νηπιάξειν
3019 1968 3128 2038 γάρ
3160 1970 3224 2038 τῇ
3257 1970 3421 2037 κακία
3442 1968 3646 2021 κελεύει
3683 1969 3890 2022 ὀἈπὸ-

2335 2060 2534 2122 στολος.
2573 2059 2829 2120 Ἑαυτοὺς
2868 2060 3048 2111 τοίνυν
3100 2059 3513 2128 περιτέμνωμεν
3556 2062 3620 2128 τῇ
3649 2061 3892 2129 μαχαίρᾳ

2331 2148 2425 2203 τοῦ
2442 2148 2580 2201 Πνεύ
2589 2165 2776 2218 ματος,
2800 2148 3200 2209 ἀποϐλέποντες
3222 2151 3301 2211 είς
3322 2149 3420 2218 τὴν
3439 2149 3626 2220 ὀγδόην
3656 2149 3887 2220 ἡμέραν,

2332 2239 2605 2290 τουτέστιν
2632 2240 2710 2299 είς
2736 2238 2826 2289 τὸν
2864 2237 3119 2304 μέλλοντα
3144 2237 3333 2291 αίῶνα.
3361 2237 3811 2304 ΙΙεριτεμνὼμεθα
3831 2237 3889 2289 δὲ

2334 2328 2439 2378 πᾶν
2468 2325 2723 2393 σαρκικδν
2772 2324 3045 2393 φρόνημα,
3076 2323 3169 2374 καὶ
3198 2322 3354 2388 λόγον
3394 2322 3487 2374 καί⁵
3524 2321 3683 2391 ἔργον
3720 2323 3891 2392 παρά-

2333 2427 2511 2480 νομον,
2549 2410 2636 2463 ἵνα
2672 2411 2744 2481 μὴ
2778 2409 3265 2479 ἑξολοθρευθῶμεν,
3301 2411 3397 2462 καὶ
3442 2410 3890 2481 ἀλλοτριωθῶμεν

2333 2503 2397 2554 ὲκ
2434 2501 2597 2570 μέσου
2634 2500 2727 2554 τοῦ
2757 2500 2888 2554 λαοῦ
2920 2500 3026 2553 τῶν
3054 2500 3373 2569 σωζομένων
3406 2501 3493 2554 διὰ
3526 2500 3779 2569 Χριστοῦ.

2852 2682 2947 2734 ΙΔ’.
2983 2711 3046 2721 —
3086 2679 3167 2744 Τῷ
3190 2680 3367 2745 αὐτῷ.

2408 2791 2424 2823 ι
2468 2772 2592 2825 Ἰδοὺ
2634 2772 2684 2823 οί
2712 2771 2976 2840 ὀφθαλμοὶ⁵
2998 2769 3203 2840 Κυρίου
3243 2771 3335 2821 ἐπὶ
3368 2769 3493 2831 τοὺς
3528 2768 3890 2839 φοϐουμένους

2331 2862 2512 2922 αὐτὸν,
2543 2863 2669 2923 τοὺς
2700 2860 3014 2922 ἐλπίζοντας
3052 2859 3142 2910 ἐπὶ
3171 2859 3232 2912 τὸ
3265 2858 3408 2921 ἔλεος
3430 2857 3611 2913 αὐτοῦ.
3648 2877 3667 2910 ι
3717 2860 3774 2913 '0
3810 2858 3888 2929 μὴ

2330 2950 2644 3020 προσδοκῶν
2676 2948 2734 3011 ἐξ
2759 2947 2934 3015 ἔργων
2952 2932 3327 3015 δικαιωθῆναι,
3363 2950 3527 3018 μόνην
3555 2948 3665 3017 ἔχει
3700 2948 3889 3001 ἐλπίδα

687 3043 890 3089 tantum
931 3050 1080 3104 spem
1120 3051 1230 3090 suae
1269 3035 1465 3089 salutis
1494 3037 1547 3089 in
1574 3036 1982 3091 misericordias
2009 3038 2223 3091 Domini

2336 3038 2599 3109 σωτηρίας
2624 3037 2748 3099 τοὺς
2776 3036 3125 3105 οίκτειρμοὺς
3153 3034 3243 3089 τοῦ
3271 3035 3425 3088 Θεοῦ·
3450 3036 3694 3106 ὅτανγὰρ
3721 3035 3888 3089 ἀκού-

686 3125 1012 3201 cpllocavit:
1054 3142 1181 3180 cum
1214 3126 1357 3181 enim
1397 3125 1649 3190 audierit,
1686 3127 1850 3180 Deum
1879 3143 2235 3196 unumquem-

688 3229 790 3284 que
834 3214 1134 3268 secundum
1183 3230 1343 3283 opera
1388 3226 1892 3281 remuneraturum,
1946 3220 2237 3285 animoque

690 3316 872 3354 secum
906 3301 1021 3369 ipse
1059 3316 1189 3356 suas
1214 3302 1444 3356 volverit
1470 3303 1617 3356 labes
1650 3310 1704 3356 et
1730 3303 2081 3357 conscientia:
2114 3304 2235 3357 vul-

692 3405 839 3451 nera,
873 3404 1060 3458 poenas
1087 3392 1261 3457 timet,
1294 3400 1347 3445 et
1382 3392 1547 3446 minis
1582 3393 1909 3447 absterritus
1951 3394 2234 3459 formidat;

691 3492 759 3533 ne
799 3493 927 3531 vero
965 3493 995 3531 a
1032 3492 1267 3535 mmrore
1323 3479 1655 3545 suffocetur,
1718 3482 1773 3533 in
1829 3482 2237 3536 misericordias

693 3568 804 3632 Dei,
856 3568 1113 3637 illiusque
1142 3569 1533 3625 humanitatem
1583 3586 1731 3639 spem
1763 3586 1917 3625 suam
1947 3564 2234 3627 convertit.

1232 3656 1349 3711 XV.
1384 3687 1449 3697 —
1484 3658 1690 3712 Eidem.
2264 3718 2267 3721 ,

756 3744 888 3799 Illud
923 3746 1168 3815 Apostoli
1205 3762 1218 3797 :
1268 3764 1284 3796 ι
1316 3744 1375 3800 ln
1410 3756 1589 3799 atomo
1615 3747 1677 3810 “,
1727 3766 1744 3799 ι
1781 3748 1919 3802 idem
1954 3762 2054 3810 est,
2097 3765 2160 3805 ac
2194 3752 2237 3805 si

686 3836 808 3905 quis
834 3835 993 3900 alius,
1015 3835 1347 3892 indivisibile
1376 3846 1705 3893 momentum
1742 3840 2239 3908 temporisdiceret.

1199 4013 1248 4081 7
1270 4011 1404 4067 XVI.
1433 4043 1502 4053 -—
1521 4012 1720 4067 Eidem.

766 4101 1022 4170 Spiritum
1041 4104 1329 4173 accepisti,
1346 4105 1439 4174 qui
1464 4115 1744 4161 scrutatur
1767 4106 1857 4161 Dei
1879 4105 2147 4176 profunda
2176 4108 2237 4173 “,

689 4206 793 4244 non
848 4199 906 4244 ut
962 4191 1053 4245 Dei
1097 4202 1345 4248 naturam
1405 4196 1889 4264 comprehendas,.
1922 4199 2002 4250 uti
2060 4206 2242 4251 mente

555 4292 577 4314 ν
688 4288 877 4347 captus
911 4279 1206 4334 Eunomius
1234 4286 1596 4351 asseverabat,
1631 4286 1724 4340 sed
1765 4297 1821 4340 ut
1864 4288 2134 4356 profunde
2189 4298 2241 4341 et

691 4368 967 4436 sapienter
1016 4368 1245 4436 gloriam
1293 4368 1522 4424 Domino
1558 4374 1817 4427 exhibeas
1849 4395 1863 4428 :
1899 4393 2131 4444 namque
2162 4380 2237 4433 ait

691 4457 982 4524 Apostolus
1005 4474 1019 4511 :
1046 4476 1065 4508 ι
1089 4458 1311 4528 Egomet
1337 4471 1445 4512 non
1466 4457 1704 4512 arbitror
1736 4461 2235 4527 comprehendisse,

692 4562 888 4617 sequor
931 4554 1130 4612 autem,
1169 4547 1214 4601 si
1252 4561 1362 4614 quo
1422 4545 1581 4600 modo
1623 4549 2081 4620 comprehendam
2105 4552 2168 4601 ι’.
2213 4567 2231 4600 ›

1200 4636 1361 4691 XVII.
1407 4664 1482 4681 --
1512 4637 1718 4694 Eidem.

761 4729 1050 4792 Quidillud
1081 4739 1204 4784 cst:
1246 4747 1266 4780 ι
1308 4730 1419 4786 Nos
1452 4730 1787 4786 intellectum
1832 4731 2035 4787 Christi
2078 4731 2241 4786 habe-

694 4834 816 4874 mus
862 4819 947 4873 ⁸⁸2
983 4838 1002 4871 ι
1063 4818 1349 4890 Purgatam
1415 4822 1625 4876 scilicet
1654 4821 1858 4877 habens
1915 4823 2237 4890 prtecipuam

697 4910 858 4963 animi
905 4920 1109 4977 partem
1171 4926 1336 4981 pure,
1391 4920 1446 4968 et
1499 4912 1805 4967 sublimiter
1850 4912 2145 4977 discurro,
2188 4920 2242 4967 et

696 4997 975 5067 Splendide
1003 5000 1163 5053 vitam
1197 5000 1358 5055 duco.

1203 5089 1384 5145 xvnt.
1419 5121 1486 5132 -—
1524 5090 1727 5145 Eidem.
1836 5124 1839 5125 κ
2221 5156 2227 5163 _

773 5178 1032 5247 Spiritum
1088 5181 1431 5249 accepimus,
1463 5182 1663 5236 fatetur
1700 5183 1997 5251 Apostolus
2028 5184 2092 5243 ".
2132 5197 2239 5237 non

2337 3145 2404 3201 σῃ
2422 3129 2503 3180 ὅτι
2529 3128 2557 3178 6
2594 3126 2726 3189 Θεὸς
2755 3125 3022 3179 ἀποδώσει
3043 3125 3255 3194 ἑκάστῳ
3286 3125 3422 3178 κατά
3452 3126 3520 3178 τὰ
3549 3124 3683 3195 ἔργα
3703 3124 3899 3188 αὐτοῦ,’

2334 3218 2429 3270 καὶ
2453 3216 2734 3284 λογίσηται
2761 3214 2952 3267 ἑαυτοῦ
2984 3214 3051 3267 τά
3079 3214 3212 3283 ἔργα
3244 3214 3353 3283 τῆς
3386 3214 3680 3285 ἁμαρτίας,
3710 3214 3892 3281 φοϐεῖ-

2334 3323 2421 3358 ται
2455 3305 2550 3374 μὲν
2576 3304 2673 3372 τὴν
2704 3302 2940 3364 κόλασιν,
2985 3302 3079 3354 καὶ
3114 3302 3452 3370 ὑποπτήσσει
3492 3305 3602 3363 τοίς
3634 3300 3890 3353 ἀπειλου-

2340 3394 2539 3463 μένοις.
2571 3393 2711 3462 Πρὸς
2739 3392 2793 3446 δὲ
2824 3391 2883 3443 τὸ
2934 3389 3009 3459 μὴ
3037 3391 3406 3459 καταποθῆναι
3446 3390 3549 3441 ὑπὸ
3569 3391 3664 3458 τῆς
3692 3387 3887 3457 λύπης.

2340 3483 2557 3542 εὔελπίς
2587 3484 2702 3534 ἐστι
2750 3482 2881 3550 πρὸς
2908 3481 3032 3542 τοὺς
3075 3479 3419 3549 οίκτειρμοὺς
3468 3478 3559 3530 τοῦ
3601 3477 3755 3540 Θεοῦ,
3795 3478 3893 3531 καὶ

2337 3574 2397 3626 τὸ
2420 3555 2795 3645 φιλάνθρωπον
2821 3569 3158 3624 ἀποϐλέπων.

2820 3660 2917 3712 IE'.
2961 3689 3029 3698 —
3052 3658 3135 3723 Τῷ
3156 3657 3333 3722 αὐτῷ.
3860 3715 3873 3719 ,

2409 3754 2481 3805 Τὸ
2509 3750 2791 3823 εἰρημένον
2815 3749 2917 3800 ὑπὸ
2944 3747 3034 3800 τοῦ
3074 3747 3426 3801 Ἀποστόλου·
3459 3764 3478 3798 ι
3511 3746 3598 3799 Ἐν
3628 3746 3829 3815 ἀτόμῳ,
3863 3764 3881 3795 ι

2339 3845 2400 3898 τὸ
2436 3845 2695 3913 ἄτμητον,
2755 3840 2829 3905 ὡς
2867 3840 2930 3894 ἄν
2984 3857 3067 3904 τις
3131 3840 3295 3906 είποι,
3333 3838 3428 3890 καὶ
3479 3838 3758 3907 ἀκαριαῖον
3794 3833 3890 3887 τοῦ

2342 3936 2534 4005 χρόνου
2566 3932 2733 4003 δηλοῖ.

2829 4022 2946 4089 ις’.
2972 4053 3043 4068 -
3082 4020 3167 4086 Τῷ
3185 4018 3362 4085 αὐτῷ.

2413 4120 2486 4172 Τὸ
2518 4117 2747 4187 Πνεῦμα
2786 4115 2996 4179 ἔλαϐες,
3023 4114 3083 4166 τὸ
3112 4111 3362 4183 ὲρευνοῦν
3395 4110 3491 4163 καὶ
3518 4107 3584 4160 τὰ
3625 4104 3758 4174 βάθη
3794 4103 3889 4157 τοῦ

2345 4205 2505 4266 Θεοῦ,
2537 4205 2634 4272 οὐχ
2660 4204 2747 4255 ἵνα
2771 4199 3010 4253 καταλάϐ
3022 4217 3079 4269 τις
3106 4198 3264 4266 φύσιν
3292 4195 3447 4257 Θεοῦ,
3479 4193 3553 4269 ὡς
3587 4191 3734 4260 λέγει
3779 4190 3889 4242 Εὑ-

2344 4298 2526 4366 νόμιος
2552 4296 2578 4348 6
2604 4290 2916 4363 παραπλὴξ,
2939 4285 3049 4342 ἀλλ’
3066 4290 3150 4341 ἵνα
3174 4287 3379 4357 βαθέως
3409 4284 3501 4338 καὶ
3532 4283 3707 4352 σοφῶς
3735 4281 3891 4349 δοξά-

2342 4387 2438 4455 ζῃς
2474 4385 2563 4436 τὸν
2593 4368 2822 4452 Κύριον⁶
2852 4380 2983 4450 φησὶ
3005 4379 3111 4450 γὰρ
3140 4378 3169 4429 6
3204 4375 3547 4438 ’Δπόστολος,
3590 4374 3670 4425 ὅτι
3698 4391 3715 4422 ι
3750 4367 3894 4436 Ἐγὼ

2344 4472 2497 4523 οὔπω
2530 4470 2814 4537 λογίζομαι
2871 4466 3278 4533 κατειληφέναι,
3314 4462 3493 4515 διώκω
3518 4462 3597 4524 δὲ,
3628 4460 3740 4528 εἴγε
3799 4457 3893 4510 καὶ
3934 4512 3937 4515 _

2345 4557 2653 4611 καταλάϐω.
2702 4574 2720 4606 ι

2909 4643 3006 4695 ΙΖ¹.
3037 4641 3120 4705 Τῷ
3166 4640 3345 4705 αὐτῷ.

2417 4738 2482 4789 Τί
2505 4739 2651 4789 ἐστιν
2681 4751 2693 4763 ⁸
2738 4752 2755 4785 ι
2787 4728 2973 4802 Ἡμεῖς
3007 4731 3128 4785 νοῦν
3167 4729 3401 4801 Χριστοῦ
3458 4729 3682 4800 ἔχομενς
3712 4747 3730 4779 ι
3762 4728 3896 4780 Του-

2343 4827 2512 4889 τέστι,
2551 4823 2969 4894 Κεκαθαρμένον
2994 4822 3132 4891 ἔχων
3169 4822 3230 4874 τὸ
3253 4819 3596 4892 ἡγεμονικὸν,
3644 4816 3895 4886 καθαρῶς

2345 4933 2426 4981 τε,
2462 4916 2556 4969 καὶ
2617 4912 2832 4984 ὑψηλῶς
2890 4909 3222 4979 διανοοῦμαι,
3289 4909 3382 4960 καὶ
3430 4903 3695 4976 λαμπρῶς
3745 4903 3895 4957 πολιο

2343 5005 2589 5074 τεύομαι.

2874 5091 2980 5144 IH'.
3004 5121 3072 5130 —
3097 5088 3178 5153 Τῷ
3203 5086 3379 5151 αὐτῷ.

2416 5186 2490 5240 Τὸ
2530 5185 2749 5255 Πνεῦμα
2787 5182 3102 5250 εἰλήφαμεν,
3160 5176 3388 5239 καθὼςό
3435 5175 3764 5236 Ἀπόστολος,
3798 5175 3894 5239 οὐχ

705 5278 763 5324 ut
817 5271 1181 5336 addiscamus,
1243 5286 1489 5339 quamam
1540 5273 1611 5325 sit
1670 5273 1997 5328 adamussim
2063 5274 2242 5327 divina

2346 5280 2433 5332 ἶνα
2460 5274 2796 5344 ἐπιστάμεθα
2819 5272 2899 5333 τίς
2932 5272 3046 5321 ἐστι
3074 5269 3210 5322 κατά
3239 5268 3337 5337 τὴν
3380 5266 3660 5337 ἀκρίϐειαν
3686 5266 3718 5328 ἡ
3736 5261 3890 5330 φύσις

701 5372 909 5425 natura,
939 5360 1033 5416 sed
1089 5370 1147 5414 ut
1190 5360 1545 5430 intelligamus
1594 5363 1799 5416 infinita
1835 5364 1969 5418 bona
2017 5380 2240 5419 munera

2344 5366 2437 5420 τοῦ
2468 5364 2625 5428 Θεοῦ,
2658 5363 2767 5417 ἀλλ’
2802 5362 2887 5414 ἵνα
2916 5360 3191 5430 νοήσωμεν
3222 5355 3288 5410 τὰ
3328 5356 3429 5409 ὑπὸ
3467 5355 3559 5409 τοῦ
3586 5353 3717 5409 Θεοῦ
3742 5365 3897 5421 χαρι-

808 5551 852 5583 ίθ
888 5553 1047 5607 Amos
1078 5571 1130 5613 ν.
1176 5553 1227 5607 8.
1334 5552 1559 5606 “"Gen.
1601 5568 1733 5616 xv",
1798 5554 1883 5609 14.
1999 5557 2037 5587 ¹¹
2095 5557 2262 5610 ICor.
2300 5572 2408 5614 xw,
2471 5555 2558 5608 20'

720 5625 755 5653 “
788 5620 807 5675 Ι
845 5625 972 5679 Con
998 5638 1055 5685 ιι,
1083 5624 1164 5676 10.
1241 5624 1282 5654 ¹⁸
1308 5620 1537 5690 Philipp.
1570 5636 1650 5686 ιιι,
1680 5623 1763 5676 12.
1844 5624 2066 5679 “lCor.
2098 5641 2157 5688 ιι,
2204 5626 2246 5677 it

2336 5627 2374 5657 ’τ
2410 5625 2540 5678 Ibid.
2578 5624 2660 5680 i2.

2675 5554 2714 5585 ¹¹
2740 5552 2885 5608 Psal.
2916 5566 3066 5604 sun
3095 5590 3108 5615 ,
3141 5550 3224 5607 l8.
3336 5550 3379 5581 ”
3420 5549 3438 5602 l
3475 5548 3600 5605 Cor.
3664 5563 3751 5610 xv,
3800 5544 3888 5600 52.
