4134 6328
185 369 258 427 se
970 384 974 385 ί
1403 381 1929 444 EPISTOLARUM
1956 388 2100 448 LIB.
2143 389 2192 448 Ι.
3324 382 3390 444 90

191 503 393 554 σθέντα
423 505 550 571 η’μῖν
583 507 748 574 μυρία
777 509 951 574 ἀγαθὰ
979 510 1292 580 δωρήματα,
1331 510 1473 580 ἀπερ
1508 514 1599 566 καὶ
1626 513 1736 566 δια-

1846 502 2000 554 nobis
2058 517 2088 554 a
2139 503 2246 557 Deo
2301 501 2516 567 tradita,
2559 517 2675 570 qua:
2718 500 3117 555 aduisecntibus
3171 501 3394 569 expaui-

185 594 456 662 λεγόμεθα
512 599 618 657 τοῖς
652 597 1116 667 μαθητευομένοις.

717 686 815 737 ΙΘ’.
847 715 914 724 -
945 686 1026 749 Τῷ
1050 687 1226 751 αὐτῷ.

257 769 385 831 Πῶς
421 771 486 822 ἂν
525 770 614 823 καὶ
652 771 856 841 ὑπέστη
906 775 1021 825 τόδε
1066 775 1125 825 τὸ
1173 775 1336 843 πᾶνῆ
1376 775 1623 842 συνέστη,
1666 776 1740 846 μὴ

183 857 322 910 Θεοῦ
355 860 425 911 τὰ
469 862 644 913 πάντα
690 862 784 921 καὶ
839 862 1214 926 οὐσιώσαντος,
1264 865 1358 917 καὶ
1395 865 1738 933 συνέχοντος;

183 949 319 1000 Οὐδὲ
337 950 447 1017 γὰρ
473 951 699 1026 κιθάραν
727 970 809 1013 τις
837 952 975 1022 ὁρῶν
1003 954 1258 1005 κάλλιστα
1284 955 1617 1023 ἠσκημένην,
1649 956 1740 1006 καὶ

180 1036 284 1106 τήν
319 1037 526 1111 ταύτης
562 1042 943 1110 εὐαρμοστίαν,
975 1044 1067 1093 καὶ
1087 1043 1357 1108 εὐταξίαν,
1389 1044 1420 1113 ἢ
1446 1048 1542 1112 τῆς
1583 1043 1740 1095 κιθα-

183 1124 392 1192 ρῳδίας
444 1129 614 1196 αὐτῆς
665 1130 876 1182 ἀκούων
907 1130 1032 1183 ἄλλο
1069 1149 1141 1193 τι,
1173 1131 1204 1200 ἢ
1235 1133 1323 1184 τὸν
1366 1133 1463 1200 τῆς
1513 1132 1740 1198 κιθάρας

177 1211 515 1282 δημιουργὸν
569 1216 662 1267 καὶ
704 1217 793 1268 τὸν
823 1218 1116 1287 κιθαρῳδὸν
1171 1221 1412 1288 ἐννοήσῃ,
1464 1219 1554 1269 καὶ
1608 1218 1740 1287 πρὸς

178 1300 348 1352 αὐτὸν
404 1304 786 1373 ἀναδραμεϊται
820 1309 884 1374 τῇ
917 1306 1142 1376 διανοίᾳ,
1193 1309 1296 1359 κᾶν
1349 1307 1554 1372 ἀγνοῶν
1606 1305 1740 1375 τύχῃ

175 1390 302 1447 ταῖς
325 1388 533 1455 ὕψεσιν.
572 1390 727 1442 Οὕτω
758 1394 1004 1461 καὶμήμῖν
1029 1394 1089 1444 τὸ
1121 1394 1398 1463 ποιητικὸν
1427 1394 1602 1462 δῆλον,
1651 1396 1740 1445 καὶ

177 1476 236 1525 τὸ
265 1477 474 1540 κινοῦν,
507 1481 599 1531 καὶ
654 1481 965 1550 τηροῦν,τά
1016 1484 1376 1553 πεποιημένα,
1436 1482 1536 1536 κᾶν
1581 1482 1653 1553 μὴ
1674 1486 1739 1552 τῇ

173 1567 390 1638 διανοίᾳ
427 1572 914 1642 περιλαμσάνηται.

712 1832 794 1885 K'.
835 1861 901 1872 ——
923 1831 1009 1896 Τῷ
1026 1830 1202 1895 αὐτῷ.

246 1919 409 1987 Τάχα
437 1921 498 1972 οὐ
532 1921 692 1989 μόνον
723 1923 827 1975 ἀπὸ
857 1922 948 1974 τοῦ
979 1923 1295 1990 νικήσαντος
1328 1919 1611 1991 ἀνθρώπου
1633 1922 1737 1989 ἀφ-

175 2007 434 2061 ίστανται
485 2011 620 2080 πρὸς
667 2011 853 2080 καιρὸν
884 2011 933 2062 οἰ
956 1995 1244 2078 πειρασταὶ
1299 2010 1565 2078 δαίμονες,
1605 2009 1741 2062 ἀλλά

171 2096 273 2146 καὶ
304 2096 418 2148 ἀπὸ
444 2097 538 2148 τοῦ
580 2097 922 2166 ἡττηθέντος,
969 2097 1099 2149 διότι
1128 2095 1165 2148 δ’
1188 2097 1317 2159 Θεὸς
1348 2097 1740 2165 προνοούμενος

168 2185 267 2236 τοῦ
302 2185 436 2236 ἰδίου
482 2187 816 2254 πλάσματος,
867 2186 1075 2238 δίδωσιν
1105 2187 1324 2255 ἀνοχὴν,
1352 2187 1444 2238 καὶ
1475 2185 1738 2253 ἁνάῲυξιν

167 2273 366 2340 ὀλίγην
403 2274 476 2343 τῷ
501 2276 858 2344 νενικημένῳ,
892 2276 978 2327 ἵνα
1017 2274 1216 2344 δυνηθῇ
1258 2275 1607 2338 ἀναπνεῦσαι,
1645 2276 1738 2327 καὶ

169 2365 432 2430 massa;
473 2366 571 2428 τάς
613 2367 814 2428 οἰκείας
842 2366 1116 2434 δυνάμεις,
1161 2367 1256 2419 καὶ
1300 2367 1458 2420 πάλιν
1510 2369 1738 2437 ἀντᾶραι

166 2459 365 2527 χεῖρας
387 2456 526 2510 κατὰ
554 2458 661 2511 τῶν
683 2457 1005 2510 ἀντιπάλων.

710 2550 838 2600 ΚΑ’.
873 2578 909 2587 -
933 2548 1013 2613 Τῷ
1034 2548 1210 2612 αὐτῷ.

261 2658 281 2690 ι
324 2639 393 2690 Ἥ
427 2639 570 2705 ψυχὴ
616 2638 768 2706 ήμῶν
825 2640 1082 2708 ὑπομενεῖ
1119 2637 1192 2705 τῷ
1232 2637 1438 2706 Κυρίῳ,
1489 2637 1570 2690 ὅτι
1613 2635 1740 2704 βοη-

170 2729 300 2791 θὸς,
365 2727 460 2779 καὶ
508 2727 915 2796 ὑπερασπιστὴς
954 2728 1109 2796 ἡμῶν
1135 2731 1267 2779 ἐστι.
1299 2745 1317 2777 ι
1379 2726 1733 2796 Παράκλησιν

170 2817 290 2884 ἔχει
317 2817 456 2885 πρὸς
496 2817 769 2884 ὑπομονὴν
790 2820 817 2868 δ
845 2817 1019 2884 λόγος,
1055 2817 1215 2876 ὥστε,
1250 2816 1350 2868 κάν
1386 2832 1513 2866 ποτε
1563 2831 1734 2866 κατα-

168 2904 484 2972 λειφθῶμεν
521 2905 624 2957 ὐπό
645 2921 784 2963 τινος
817 2907 924 2960 τῶν
953 2906 1321 2968 ὲκθλιὸόντων,
1354 2904 1427 2973 μὴ
1454 2903 1728 2973 χωρισθῆ-

170 3013 260 3047 ναι
286 2996 397 3046 ἀπδ
427 2996 524 3065 τῆς
547 2995 763 3065 ἀγάπης
797 2995 887 3048 τοῦ
932 2996 1085 3059 Θεοῦ,
1117 2996 1214 3064 τῆς
1238 2997 1293 3047 ὲν
1314 2995 1530 3063 Χριστῷ
1562 2994 1735 3064 Ἰησοῦ

175 3084 252 3152 τῷ
277 3084 468 3155 Κυρίῳ
525 3084 703 3154 ήμῶν,
733 3084 845 3138 ἀλλ’
872 3084 967 3156 ὅλῃ
1015 3085 1157 3155 ψυχῇ
1212 3083 1501 3152 ὑπομένειν
1523 3082 1587 3135 τά
1619 3085 1736 3136 ἐπί-ν

171 3190 337 3240 nova,
393 3173 492 3245 τὴν
521 3178 672 3246 παρά
716 3175 851 3228 Θεοῦ
881 3174 1130 3246 βοήθειαν
1166 3176 1551 3243 ἁναμένοντας.

631 3265 757 3324 KB'.
784 3296 852 3308 —
884 3266 1264 3335 ΜΑΡΚΙΑΝῼ.

258 3357 507 3420 ’Δνάξιος
545 3355 640 3418 ὢν,
671 3357 957 3410 πίστευσον
987 3355 1244 3423 σωθῆναι·
1283 3355 1602 3424 ἀναίσθητος
1641 3356 1734 3420 ὢν,

175 3445 252 3513 μὴ
275 3446 651 3515 προσδοκήσῃς
670 3445 925 3514 σωθῆναι.
953 3443 1222 3506 Ἀναξίους
1239 3443 1734 3511 εὐγνωμονοῦντας,

172 3537 270 3589 καὶ
311 3537 408 3589 ἐπὶ
437 3537 583 3606 πάσῃ
617 3535 791 3601 θλίψει
835 3535 1287 3605 εὐχαριστοῦντας
1321 3537 1478 3600 ἐλεεῖ,
1510 3538 1602 3590 καὶ
1633 3538 1736 3589 σώ-

173 3627 255 3689 ζει
287 3628 317 3677 ό
363 3625 740 3695 φιλάνθρωπος
788 3627 937 3691 Θεὸς,
991 3627 1093 3678 κᾶν
1150 3627 1309 3696 μέχρι
1350 3626 1570 3696 βαθείας
1622 3627 1732 3678 τῶν

173 3717 358 3770 καλῶν
393 3717 669 3783 φθάσωσιν
719 3716 1095 3782 ἀπογνώσεως·
1149 3719 1272 3780 τοὺς
1301 3718 1344 3768 δ’
1384 3716 1737 3785 ἀναισθήτους

172 3809 274 3858 οὐκ
309 3807 466 3858 ἐλεεῖ.
499 3807 591 3867 Τίς
610 3807 665 3858 δέ
699 3809 843 3858 ἐστιν
871 3808 898 3857 ὁ
920 3807 1259 3876 ἀναίσθητος,
1297 3809 1341 3859 εί
1383 3807 1506 3876 μὴὸ
1531 3807 1606 3876 μὴ
1646 3807 1752 3876 oe-’

172 3897 283 3949 λων
320 3895 652 3963 ὁμολογῆσαι
695 3895 1048 3962 εὐγνωμόνως
1092 3897 1257 3964 μυρία
1306 3896 1734 3964 εὐεργετεῖσθαι,

174 3987 270 4038 καὶ
325 3984 654 4052 ὠφελεῖσθαι
684 3983 773 4034 τὸν
823 3985 1022 4054 κόσμον
1080 3983 1167 4036 διὰ
1198 3985 1294 4053 τῆς
1334 3984 1424 4036 τοῦ
1461 3986 1734 4037 Δεσπὸτου

172 4075 416 4142 Χριστοῦ
447 4074 764 4143 ὁμολογίας

739 4249 842 4300 Kl"
861 4289 874 4301 .
905 4247 985 4312 Τῷ
1015 4249 1193 4313 αὐτῷ.

243 4337 347 4400 Τὸ,
385 4353 405 4385 ι
437 4334 625 4386 Ἐθετο
655 4335 842 4396 σκότος
890 4337 1208 4406 ἀποκρυφὴν
1249 4340 1438 4401 αὐτοῦ,
1483 4360 1501 4391 ι
1563 4344 1621 4394 ἐν
1660 4341 1735 4409 τῷ

1849 605 1989 644 IDUS.
2086 657 2099 666 '

2385 679 2522 733 XIX.
2548 709 2617 720 —
2645 679 2849 731 Eidem.

1917 769 2162 834 Quanam
2197 770 2405 823 ratione
2436 771 2746 822 universum
2775 769 2874 821 hoc
2899 775 2989 822 aut
3015 765 3276 828 substitit,
3302 774 3394 817 aut

1846 860 2137 913 conﬁatum
2167 869 2285 923 est,
2313 861 2360 912 si
2384 875 2492 913 non
2521 858 2774 911 omnibus
2801 856 2963 917 Deus,
2998 865 3055 908 ut
3082 855 3210 915 sint,
3241 854 3393 906 exiri-

1847 951 2075 1012 buisset,
2138 960 2191 1002 et
2257 949 2599 1017 postmodum
2680 949 2942 1000 continuo
3003 946 3400 998 conservaret?

1844 1039 2028 1105 Neque
2071 1041 2210 1091 enim
2270 1038 2531 1106 quispiam
2588 1037 2852 1105 citharam
2903 1037 3104 1103 optime
3152 1034 3399 1094 substru-

1846 1137 1988 1180 ctam
2018 1127 2383 1195 conspiciens,
2413 1135 2464 1180 et
2489 1127 2634 1180 illius
2657 1133 2975 1178 concentum
3000 1132 3047 1176 et
3073 1125 3400 1177 concinnum

1846 1215 2110 1280 ordinem,
2161 1224 2219 1270 et
2249 1217 2482 1270 musicas
2516 1222 2672 1268 notas
2713 1215 2936 1268 auribus
2977 1213 3035 1280 8
3091 1225 3402 1278 usurpans,

1847 1307 2011 1357 alium
2058 1306 2360 1372 quempiam
2389 1343 2404 1366 ,
2448 1319 2608 1371 quam
2650 1303 2873 1355 citharae
2917 1302 3184 1368 opiﬁcem,
3218 1306 3270 1352 et
3322 1298 3404 1351 ci-

1848 1395 2126 1447 tharistam
2158 1394 2334 1460 ipsum
2371 1392 2475 1445 sibi
2515 1390 2940 1460 repraesentabit,
2973 1398 3030 1448 et
3075 1388 3403 1455 cogitatione

1847 1482 1911 1535 ad
1965 1497 2109 1544 eum,
2166 1481 2290 1533 licet
2333 1477 2507 1535 oculis
2546 1479 2802 1540 invisum,
2852 1476 3091 1529 accedet.
3134 1475 3249 1526 Non
3300 1474 3408 1526 alia

1847 1572 2057 1623 ratione
2100 1569 2279 1629 nobis,
2301 1568 2558 1631 creatrix,
2592 1581 2833 1629 movens,
2859 1573 2911 1619 et
2941 1579 3118 1617 rerum
3150 1561 3401 1614 condita-

1847 1675 1967 1712 rum
1999 1659 2368 1713 conservatrix
2397 1671 2561 1710 causa
2592 1654 2903 1715 inualescit,
2952 1652 3077 1706 licet
3107 1667 3221 1705 eam
3250 1648 3404 1703 intel-

1849 1750 2067 1818 ligentia
2091 1763 2199 1802 non
2231 1746 2772 1815 comprehendamus.

2397 1836 2515 1890 XX.
2549 1865 2618 1878 -
2651 1834 2856 1888 Eidem.

1922 1930 2080 1984 Forte
2112 1945 2218 1983 non
2255 1936 2464 1981 tantum
2502 1927 2570 1980 ab
2613 1926 2853 1982 homine.
2900 1922 2990 1991 qui
3027 1935 3124 1989 pro
3167 1927 3405 1986 tempore

1846 2021 2135 2073 victoriam
2163 2027 2491 2072 consecutus
2518 2025 2600 2070 est
2623 2055 2638 2079 ,
2677 2015 2950 2068 daemones
2985 2017 3255 2064 tentantes
3284 2021 3407 2074 pro-

1846 2111 2155 2178 ripiuutur,
2219 2109 2312 2161 sed
2366 2108 2528 2159 etiam
2575 2119 2604 2156 a
2661 2105 2802 2157 victo
2849 2108 2903 2154 et
2957 2100 3206 2152 subacto.
3262 2094 3406 2148 Deus

1845 2199 2013 2262 enim,
2046 2199 2127 2248 sui
2168 2197 2348 2264 operis
2379 2209 2564 2248 curam
2596 2207 2812 2261 gerens,
2840 2189 3089 2243 concedit
3134 2186 3402 2245 inducias.

1845 2287 2223 2354 modicamque
2256 2286 2395 2337 victo
2423 2281 2942 2349 interspirationem,
2975 2286 3052 2338 ut,
3081 2277 3278 2328 animis
3309 2291 3398 2327 re-

1846 2379 2101 2448 sumptis,
2139 2387 2191 2430 et
2243 2373 2479 2444 propriis
2528 2371 2738 2426 viribus
2786 2369 3092 2424 recollectis
3144 2366 3402 2419 adversus

1847 2472 2032 2525 hostes
2063 2482 2298 2538 pugnam
2337 2480 2599 2519 renovare
2637 2463 2827 2532 possit.

2387 2547 2526 2610 XXI.
2557 2586 2625 2596 —
2655 2552 2858 2606 Eidem.

1921 2671 1938 2704 ι
1988 2651 2175 2705 Anima
2235 2657 2419 2703 nostra
2483 2644 2819 2714 exspectabit
2874 2640 3198 2700 Dominum,
3265 2649 3404 2704 quo-

1844 2745 1986 2797 niam
2031 2743 2246 2809 adjutor
2271 2748 2323 2793 et
2351 2747 2619 2806 protector
2659 2742 2844 2789 noster
2872 2741 2954 2786 est
2981 2730 3043 2780 ".
3083 2747 3100 2778 ι
3149 2725 3404 2778 Hortatur

1843 2848 1944 2886 nos
1973 2832 2040 2883 ad
2073 2829 2414 2884 tolerantiam
2450 2840 2662 2887 sermo,
2697 2824 2769 2875 ita
2821 2831 2898 2884 ut,
2952 2819 2997 2872 si
3060 2814 3281 2885 quando
3336 2814 3403 2863 ab

1844 2921 2027 2989 aliquo
2081 2934 2148 2971 ex
2196 2915 2561 2984 aiﬁigentibus
2612 2926 2710 2964 nos
2759 2910 3141 2967 dcstituamur,
3209 2917 3276 2954 ne
3330 2902 3425 2953 ab‘

1845 3025 2032 3063 amore
2065 3008 2174 3071 Dei,
2209 3006 2300 3075 qui
2327 3011 2411 3058 est
2434 3004 2487 3056 in
2521 3001 2738 3053 Christo
2763 2997 2888 3052 Jesu
2925 2995 3152 3047 Domino
3187 3002 3397 3049 nostro.
3493 2997 3497 3001 ’

1791 3149 1807 3170 ,
1845 3110 2192 3165 separemur;
2224 3091 2318 3146 sed
2362 3099 2473 3142 toto
2503 3087 2669 3140 corde
2706 3083 2974 3137 laboriosa
3020 3077 3353 3134 suﬁ‘emmus
3381 3114 3396 3138 ,

1786 3186 1808 3205 ⁴
1839 3188 2082 3240 divinum
2117 3182 2376 3236 auxilium
2407 3184 2806 3246 exspectantes.

2274 3264 2435 3320 XXII.
2462 3294 2530 3304 —
2559 3256 2931 3314 MAIICIANO.

1898 3359 2160 3428 Indignus
2189 3359 2283 3412 cs?
2336 3356 2493 3410 crede
2533 3362 2586 3406 te
2619 3363 2889 3405 servatum
2922 3348 3010 3400 iri.
3041 3335 3201 3397 Nullo
3231 3355 3394 3395 sensu

1837 3449 1938 3502 es?
1977 3462 2123 3515 spem
2173 3459 2387 3498 omnem
2421 3441 2613 3496 salutis
2646 3439 2836 3505 abjice.
2866 3434 3141 3503 Indignas,
3173 3433 3216 3483 si
3251 3437 3394 3481 recta

1839 3549 2016 3594 mente
2043 3541 2169 3601 sint,
2193 3547 2248 3592 et
2281 3538 2333 3590 in
2372 3536 2518 3589 omni
2553 3531 2848 3585 afﬂictione
2891 3527 3096 3596 gratias
3147 3522 3392 3579 reddant,

1842 3631 2153 3691 miseretur,
2187 3642 2390 3695 eosque
2425 3632 2605 3679 servat
2654 3621 3020 3691 perhuinanus
3058 3615 3226 3676 Deus,
3271 3612 3395 3664 licet

1842 3721 1988 3772 nulla
2017 3734 2196 3773 rerum
2243 3716 2648 3784 exspectatione
2700 3712 2980 3764 meliorum
3035 3712 3385 3772 occupentur.

1838 3810 1893 3877 9
1946 3810 2144 3862 Eorum
2203 3823 2329 3860 vero
2379 3806 2469 3874 qui
2506 3804 2708 3869 absque
2737 3815 2902 3853 sensu
2930 3806 3055 3850 sunt
3085 3793 3391 3846 miseretur.

1840 3900 2010 3961 Quem
2057 3907 2236 3953 autem
2271 3908 2466 3947 sensus
2505 3889 2760 3958 sull‘ugit?
2807 3901 2928 3941 eum
2980 3883 3240 3941 omnino,
3275 3878 3392 3944 ‘qui

1836 3996 2023 4055 gratus
2067 4000 2129 4036 ae
2157 3998 2359 4036 memor
2394 3982 2801 4034 iunuruerorum
2849 3972 3233 4027 beneficiorum
3285 3979 3391 4017 non

1835 4083 1939 4136 est,
1992 4087 2091 4125 nec
2146 4072 2434 4124 conﬁtetur
2496 4079 2708 4120 summa
2774 4061 3058 4114 commoda
3126 4055 3391 4109 mundum

1837 4165 2114 4231 accepisse
2145 4175 2241 4228 per
2267 4156 2468 4212 Christi
2502 4153 2711 4206 Domini
2747 4148 3178 4204 concessionem.

2348 4244 2534 4299 XXIII.
2561 4274 2630 4282 —
2665 4241 2868 4294 Eidem.

1911 4360 1929 4391 ι
1977 4339 2165 4394 Posuit
2195 4338 2447 4392 tenebras
2473 4335 2761 4388 latibulum
2799 4345 2956 4385 suum
2991 4329 3056 4392 ‘9,
3099 4346 3117 4378 ι
3167 4323 3389 4396 quodin

171 4425 622 4494 ἑπτακαιδεκάτῳ
670 4424 868 4493 ψαλμῷ
923 4427 1246 4495 εἰρημένον,
1290 4429 1349 4480 τὸ
1393 4430 1733 4500 δυσκατάλη-

1840 4433 2048 4488 decimo
2075 4431 2306 4501 septimo
2334 4430 2542 4498 psalmo
2578 4425 2794 4494 legitur,
2845 4423 3070 4491 abyssos
3117 4418 3208 4471 Dei
3245 4415 3388 4484 judi-v

169 4535 327 4578 πτον,
364 4516 458 4568 καὶ
486 4516 712 4581 ἀσαφὲς,
753 4517 842 4567 καὶ
879 4516 1287 4588 ἀνεξερεύνητον
1335 4520 1442 4572 τῶν
1487 4520 1734 4574 ἀϐύσσων

167 4606 266 4659 τοῦ
278 4605 417 4659 Θεοῦ
442 4606 731 4682 κριμάτων⁴
758 4606 1103 4677 ὐπεμφαίνει.

691 4696 814 4748 ΚΔ’.
851 4725 920 4735 -
949 4696 1031 4759 Τῷ
1052 4696 1233 4761 aurci);

255 4782 574 4852 Ἡρὼτησάς
635 4798 700 4850 με
731 4820 744 4843 ,
781 4781 924 4833 διατί
986 4783 1196 4852 πρῶτον
1242 4782 1345 4848 ἔξω
1392 4784 1489 4845 τάς
1549 4788 1734 4856 χεῖρας

169 4873 507 4940 νιπτόμενοι,
557 4871 728 4933 οὕτως
783 4872 1140 4941 εἰσερχόμεθα
1211 4875 1286 4935 είς
1335 4868 1482 4926 οἰκον
1529 4875 1731 4945 Κυρίου

172 4961 600 5028 προσεύξασθαι.
641 4960 754 5031 Πρὸ
805 4960 922 5013 τοῦ¹
953 4961 1210 5032 αἰσθητοῦ
1254 4963 1312 5015 τὸ
1359 4963 1543 5032 νοητὸν
1588 4964 1734 5018 διδά-

173 5066 328 5102 σκου.
351 5049 561 5119 Ὠσπερ
591 5049 696 5120 γὰρ
721 5050 797 5119 τῷ
819 5050 966 5104 ῦδατι
999 5052 1208 5104 ἀποπλύ
1220 5070 1299 5105 νει
1323 5055 1446 5115 τοὺς
1498 5070 1732 5122 σωματιο

172 5141 305 5198 κοὺς
331 5136 553 5204 ῥύπους.
590 5135 843 5192 οὕτωδιὰ
866 5144 962 5211 τῆς
983 5141 1147 5218 εὐχῆς
1173 5144 1268 5212 τὴν
1293 5143 1467 5215 ψυχὴν
1523 5146 1731 5216 ἐκλαμ-

171 5229 392 5299 πρύνει.
449 5227 634 5292 Οὐδεὶς
697 5229 802 5300 γὰρ
868 5231 1147 5300 ἄνθρωπος
1211 5233 1445 5304 καθαρὸς
1501 5236 1732 5307 ὑπάρχει

171 5315 578 5386 πλημμελείας,
621 5319 722 5371 κάν
759 5320 962 5391 Μωῦσῇ
1010 5322 1198 5392 ἐκείνῳ
1225 5323 1296 5392 τῷ
1322 5324 1538 5394 μεγάλῳ
1583 5344 1732 5396 νομοο

173 5409 306 5479 θέτῃ
328 5405 600 5476 agones
621 5423 704 5469 τις
722 5407 796 5477 τῷ
818 5408 938 5479 βίῳ.
971 5412 1168 5474 Πάντες
1192 5408 1284 5465 οῦν
1311 5412 1583 5481 ἄνθρωποι
1611 5416 1730 5468 καθ’

1840 4529 2050 4582 ciorum
2110 4522 2420 4578 reconditas
2453 4533 2627 4586 neque
2660 4510 3047 4584 comprehendi
3094 4522 3270 4576 neque
3303 4506 3390 4558 in-

1842 4615 2093 4686 vestigari
2125 4627 2286 4684 posse
2309 4609 2594 4678 signiﬁcat.

2349 4695 2538 4749 XXIV.
2571 4723 2634 4735 ——
2668 4692 2872 4746 Eidem.
3110 4760 3113 4761 ν

1907 4787 2119 4844 Petiisti
2151 4801 2180 4840 a
2223 4801 2344 4849 me,
2395 4797 2688 4854 quamnam
2722 4781 2791 4832 ob
2844 4791 3065 4832 causam
3097 4773 3244 4827 foras
3277 4787 3392 4825 ma—

1838 4896 1944 4934 nus
1972 4879 2246 4933 abluimus
2266 4917 2280 4938 ,
2312 4874 2656 4948 postmodum
2705 4871 2759 4924 in
2786 4870 3005 4936 domum
3038 4863 3128 4917 Dei
3154 4864 3389 4916 adoran-

1838 4971 1966 5025 dum
2008 4968 2324 5022 introimus.
2361 4951 2563 5039 Discito
2592 4977 2688 5032 per
2724 4960 2774 5014 id
2809 4955 2951 5027 quod
2996 4970 3161 5008 sensu
3216 4953 3390 5022 perci-

1838 5063 2003 5129 pitur,
2038 5061 2090 5113 id
2121 5058 2264 5127 quod
2290 5058 2342 5110 in
2375 5057 2707 5109 intellectum
2735 5048 2878 5102 cadit
2909 5046 3160 5099 indicari.
3198 5044 3394 5110 Quem-

1839 5151 2126 5205 admodum
2182 5148 2326 5201 enim
2381 5161 2519 5211 aqua
2549 5156 2823 5211 corporeae
2866 5138 3056 5193 sordes
3082 5150 3389 5206 expurgan-

1827 5248 1950 5300 tur,
1981 5240 2053 5292 ita
2085 5251 2180 5308 per
2203 5237 2502 5290 orationem
2524 5233 2738 5286 animus
2764 5229 3096 5301 splendidior
3126 5225 3386 5279 redditur.

1838 5327 2008 5383 Nemo
2056 5327 2199 5380 enim
2257 5325 2536 5378 hominum
2589 5337 2760 5395 purus
2803 5331 2887 5377 est
2913 5335 2965 5372 ..a
3029 5333 3208 5378 noxa,
3263 5314 3411 5374 licet,

1837 5431 2091 5487 magnum
2119 5417 2268 5468 illum
2301 5415 2476 5484 legum
2503 5416 2727 5469 latorem
2761 5413 2993 5484 Moysem
3026 5409 3149 5473 vitae
3178 5405 3390 5458 ratione

172 5501 418 5566 ἰκάστην
450 5494 719 5566 χρῄζομεν
747 5500 854 5552 τῶν
888 5500 953 5552 δι’
987 5502 1149 5570 εὐχῆς
1177 5503 1486 5572 καθαρσίων
1512 5522 1525 5536 ·
1562 5507 1593 5576 ὴ
1625 5508 1728 5583 γάρ

1840 5509 2137 5565 mmuletur.
2166 5503 2369 5562 Omnes
2399 5508 2584 5576 itaque
2627 5505 2875 5560 homines
2921 5499 3113 5555 diebus
3153 5495 3385 5565 singulis

244 5667 456 5730 "Psal.
499 5687 668 5738 χχιιι,
708 5672 792 5727 20.
870 5675 912 5707 "
948 5675 1088 5732 I’sal.
1122 5692 1248 5745 xm,
1286 5679 1367 5734 l2.
