4134 6328
217 425 300 490 93

1439 432 1770 494 EPISTOIJ

1865 431 1967 493 UM
1999 435 2144 494 LIB.
2183 435 2232 498 Ι.
3007 416 3010 419 ’
3359 437 3425 498 9t

220 533 410 604 ψυχὴν
431 533 630 603 νεκρὰν
656 533 716 588 ιν
739 532 833 614 τῷ.
861 533 1021 598 ζῶντι
1058 535 1267 606 σώματι
1314 536 1670 606 πανολεθρίας
1695 536 1770 586 ὲν⁴

1880 535 2030 600 deas,
2063 536 2191 590 vitae
2219 535 2454 606 spatium
2484 536 2795 591 universum
2828 536 2880 588 in
2903 536 3259 591 somnolentia
3287 557 3420 592 cou-

223 624 498 695 θὲφιντα,
530 625 841 696 καὶμηκὲτι
877 623 1179 694 βλέπειντδ
1199 626 1314 696 φῶς
1336 627 1441 682 τῶν
1459 627 1781 698 ἀνθρώπων,

222 715 367 768 ἀλλὰ
414 715 570 782 δίκην
613 705 963 784 ὲκτρὡματος
1015 717 1122 769 ἀπὸ
1171 715 1396 780 σκότους
1456 719 1534 778 εἰς
1596 717 1784 778 σκότος

222 802 580 873 πορεύεσθαι·
622 803 716 856 καὶ
750 803 966 874 ἀληθῶς
1009 806 1148 860 κατὰ
1176 806 1236 860 τὸ
1259 806 1663 880 γεγραμμένου,
1694 807 1785 861 ἇν-

220 894 448 962 θρωπος
470 893 830 963 τετιμημένος
845 895 912 964 τῇ
928 893 1022 947 τοῦ
1042 895 1174 949 Θεοῦ
1193 897 1358 948 εικόνι
1378 913 1395 946 ι
1421 895 1496 948 Ού
1530 877 1780 963 συνῆκεν,

217 966 674 1051 παρεσῦνεόλήθη
686 984 796 1042 τοῖς
819 983 918 1049 κτή
925 998 979 1034 νε
989 968 1037 1034 τι
1051 985 1162 1045 τοῖς
1176 983 1441 1054 ἀνοήτοις,
1465 985 1556 1037 καὶ
1573 984 1784 1054 ὡμοιὼ-

217 1069 292 1140 θη
325 1072 534 1134 αὐτοῖς.
555 1089 574 1124 ι
602 1061 768 1136 "An;
794 1072 843 1122 εί
877 1071 1042 1144 βούλῃ
1072 1073 1133 1124 τδ
1165 1071 1436 1140 ὠφέλιμον
1458 1067 1658 1141 γνῶναι
1686 1075 1782 1144 τῆς

216 1160 556 1230 ἀγρυπνίας,
584 1159 1130 1230 πολυπραγμόνησον,
1153 1163 1208 1213 τί
1237 1160 1418 1228 ἔλεγεν
1443 1164 1471 1214 ό
1492 1163 1611 1215 καθ’
1656 1163 1782 1216 ἑκά·

219 1261 360 1314 στην
388 1246 559 1299 νύκτα
602 1245 700 1317 τὴν
759 1247 950 1317 κλίνην
993 1247 1169 1318 ἄρδων
1191 1250 1305 1311 τοῖς
1348 1249 1576 1319 δάκρυσι
1604 1265 1616 1278 ο
1644 1251 1781 1319 Προ-

213 1337 440 1404 έφθασα
468 1338 526 1389 ὲν
559 1337 735 1408 ἀωρίίι
780 1339 876 1391 καὶ
926 1339 1212 1414 ⁵ἐκέκραξα
1268 1337 1773 1410 ἐξομολογούμενος,

214 1425 316 1476 καὶ
353 1424 540 1493 ὑμνῶν
577 1441 670 1478 σε·
721 1427 1072 1496 μεσονύκτιον
1127 1427 1521 1498 ὲξεγειρόμην,.
1551 1431 1647 1498 οὐχ
1687 1430 1778 1498 ὑφ’

212 1515 422 1585 ἑτέρου
454 1517 794 1586 νυττόμενος,
827 1519 923 1572 καὶ
950 1519 1041 1590 βίᾳ
1076 1520 1363 1590 ἑλκόμενος
1388 1521 1522 1590 πρὸς
1562 1521 1777 1574 ἐκτινα-

210 1605 362 1673 τμὸν
384 1603 576 1672 ὕπνου,
601 1607 716 1660 ἀλλ’
741 1608 904 1671 αὐτὸς
931 1611 1160 1679 ἐμαυτὸν
1186 1611 1481 1680 προθύμως
1499 1611 1778 1673 διανιστὰς

211 1693 360 1768 πρὸς
411 1696 514 1766 τὴν
547 1696 852 1766 δοξολογίαν
905 1699 1342 1764 τοῦ-κτίσαντος.
1378 1703 1618 1772 Γλυκερὰ
1672 1704 1779 1772 γὰρ

209 1784 358 1854 αὕτη
405 1803 496 1855 μοι
530 1787 622 1839 τοῦ
647 1786 818 1841 ὕπνου
857 1788 1102 1861 [μᾶλλον]
1130 1791 1452 1858 λελόγισται,
1482 1795 1774 1865 ἐπειδήπερ

208 1874 389 1944 πολλὴ
431 1879 464 1944 ἡ
512 1877 575 1930 ὲκ
605 1877 809 1949 ταύτης
862 1879 1128 1947 ὠφέλεια,
1169 1883 1262 1934 καὶ
1303 1883 1509 1935 πολλῶν
1559 1887 1772 1953 ἀγαθῶν

207 1964 456 2016 αἰωνίων
485 1966 740 2036 πρόξενος
762 1971 872 2032 τοῖς
896 1964 1231 2037 ἀγρυπνοῦσι
1256 1971 1593 2026 καθίσταται.
1623 1975 1779 2044 Πρῶ-

204 2070 304 2105 τον
330 2055 436 2122 μὲν
468 2055 576 2123 γὰρ
606 2057 673 2109 τὰ
699 2059 839 2110 κατὰ
871 2058 966 2128 τὴν
1001 2061 1374 2130 προλαϐοὖσαν
1409 2064 1617 2134 ἡμέραν
1649 2067 1778 2134 ἡμῖν

206 2143 603 2214 συμϐεϐηκότα
664 2147 979 2214 πταίσματα
1030 2145 1468 2218 ἔργοιςῆλόγοις
1531 2151 1606 2216 τῷ
1660 2152 1778 2220 Θεῷ

204 2232 670 2298 ὲκκαλύπτοντες,
711 2235 1074 2303 κουφιζόμεθα
1109 2237 1204 2305 τῆς
1249 2237 1539 2308 ἀχθηδόνος
1578 2241 1773 2303 αὐτῶν,

202 2318 284 2379 ὡς
312 2319 538 2387 φορτίου
568 2319 777 2391 βαρέως
807 2327 918 2386 τοῖς
967 2322 1136 2393 ὤμοις
1168 2327 1263 2395 τῆς
1292 2325 1468 2396 ψυχῆς
1506 2328 1778 2398 ἐπικειμέ-

202 2426 326 2470 νου,
359 2411 457 2462 καὶ
490 2411 567 2480 τῷ
592 2414 726 2480 πυρὶ
758 2415 857 2481 τῆς
887 2415 1190 2485 ἀγρυπνίας
1234 2417 1559 2486 τεφροῦμεν,
1589 2419 1775 2488 ὥσπερ

203 2498 459 2563 ἀκάνθας
505 2502 931 2570 καταφλέξαντες
974 2505 1067 2557 τοῦ
1111 2505 1353 2558 διαϐόλου
1392 2507 1480 2559 τὸν
1525 2509 1771 2562 πλοῦτον.

205 2590 448 2643 Πλουτεῖ
474 2592 578 2662 γὰρ
616 2593 739 2646 καθ’
767 2594 977 2664 ἡμέραν
1005 2585 1208 2658 ἐκεῖνος
1251 2601 1362 2660 τοῖς
1395 2599 1546 2667 ἡμῶν
1592 2616 1772 2669 παρα·-

203 2675 494 2746 πτὼμασι.
538 2680 734 2749 Διόπερ
775 2681 1028 2752 δυσφορεῖ
1063 2683 1245 2735 λοιπὸν
1282 2685 1310 2738 ό
1367 2684 1642 2748 διάϐολος.
1681 2689 1773 2740 καὶ

204 2764 512 2836 καθ’νῆῖιῶν
548 2768 830 2837 βρυχᾶται,
853 2771 980 2823 ὅταν
1011 2771 1196 2839 βλέπει
1231 2775 1375 2842 ἡμᾶς
1399 2779 1463 2845 τῇ
1497 2778 1773 2848 ἀγρυπνίᾳ

204 2856 588 2927 σχολάζοντας.
619 2859 921 2930 καὶταύτῃ
975 2860 1253 2924 ποθεινῶς,
1315 2864 1408 2916 καὶ
1457 2866 1762 2931 φιλοπόνως

204 2936 610 3015 προσέχοντας·
637 2947 718 3008 είς
773 2948 1016 3018 μεγάλην
1053 2949 1160 3020 γὰρ
1201 2951 1361 3003 αὑτὸν
1407 2952 1625 3022 ζημίαν,
1680 2958 1771 3007 καὶ

202 3035 418 3104 ⁸τύρῦην
434 3029 768 3106 ἐμϐάλλομεν
783 3036 860 3107 τῷ
884 3037 1002 3091 καθ’
1024 3041 1258 3110 ἑκάστην
1278 3041 1365 3094 διὰ
1389 3042 1498 3094 τῶν
1521 3045 1769 3114 ἁμαρτη-

1838 689 1844 694 ,
1883 639 2102 679 sumere
2123 666 2140 691 ,
2171 639 2271 680 nec
2296 628 2436 679 ultra
2493 626 2766 680 hominem
2793 626 3083 691 viventem,
3111 630 3202 681 sed
3235 630 3424 684 delun-

1880 720 2091 786 etorum
2141 715 2473 781 sepulturam
2523 715 2857 783 nuncupari,
2890 715 3122 767 animam
3161 728 3425 769 Inui-tuam

1881 799 1936 853 in
1966 799 2179 854 vivente
2207 801 2522 869 perditionis
2551 817 2777 871 corpore
2825 804 3180 858 tumulantem
3214 820 3227 855 :
3255 820 3428 872 neque

1880 889 2061 944 lumen
2091 891 2370 945 hominum
2402 895 2743 962 conspicere.
2776 895 2868 948 sed
2905 895 3130 949 abortus
3159 895 3333 950 instar
3362 912 3428 949 ex

1883 981 2122 1036 tenebris
2164 983 2220 1034 in
2267 983 2522 1037 tenebras
2571 983 2798 1051 gradum
2848 983 3029 1038 facere
3060 988 3076 1038 ξ
3107 993 3160 1038 et
3191 1000 3337 1049 vere,
3371 995 3429 1038 ut

1881 1071 2144 1138 scriptum
2174 1078 2277 1136 est,
2308 1071 2469 1125 homo
2499 1072 2733 1140 imagine
2762 1073 2853 1127 Dei
2888 1075 3205 1128 honestatus
3235 1095 3252 1123 ι
3297 1077 3417 1129 Non

1880 1160 2183 1224 intellexit,
2212 1161 2549 1216 assimilatus
2598 1171 2683 1216 est
2725 1163 2991 1230 jumentis
3020 1164 3427 1232 insipientibus,

1880 1257 1934 1304 ct
1978 1250 2174 1304 similis
2219 1249 2395 1304 factus
2432 1257 2517 1304 est
2573 1250 2680 1304 illis
2706 1249 2773 1303 “.
2810 1269 2828 1301 ι
2858 1248 3336 1305 Verumenimvero
3382 1254 3431 1306 si

1881 1337 2143 1409 pervigilii
2178 1339 2389 1393 fructus
2413 1339 2693 1394 addiscere
2725 1341 2901 1408 cupis,
2934 1343 3147 1395 curiose
3181 1358 3431 1409 perscru-

1879 1437 2013 1492 tare,
2046 1430 2176 1498 quid
2214 1429 2443 1500 singulis
2482 1431 2737 1484 noctibus
2771 1431 2968 1484 lectum
3015 1432 3270 1497 lacrymis
3300 1433 3428 1485 irri-

1877 1532 2014 1585 gans
2067 1519 2339 1573 fatebatur
2370 1522 2455 1576 ’δι
2486 1521 2791 1590 Anticipavi
2840 1523 2893 1575 in
2942 1523 3342 1591 intempestate,
3376 1530 3429 1577 ct

1878 1606 2110 1660 clamavi
2146 1610 2435 1675 confitens,
2473 1621 2525 1662 et
2559 1612 2791 1665 laudans
2832 1619 2903 1664 te.
2942 1609 3113 1664 Media
3154 1620 3311 1664 nocte
3343 1629 3430 1664 as-

1878 1697 2188 1765 surgebam,
2220 1713 2328 1751 non
2357 1700 2424 1750 ab
2446 1699 2553 1752 alio
2580 1699 2984 1763 exstimulatus,
3015 1712 3066 1753 et
3092 1701 3138 1752 vi
3164 1709 3430 1754 attractus

1881 1787 1945 1841 ad
1976 1788 2352 1842 excutiendum
2391 1804 2676 1853 sommun,
2726 1790 2818 1842 sed
2872 1790 2988 1858 ipse
3041 1792 3426 1858 memetipsum

1885 1877 1986 1944 12
2004 1877 2250 1932 alacriter
2277 1879 2519 1932 excitans
2547 1881 2612 1932 ad
2643 1879 2884 1933 Factoris
2913 1879 3120 1948 glorias
3139 1880 3430 1933 decantan-

1879 1965 1997 2020 das.
2030 1965 2118 2018 Eae
2143 1967 2286 2021 enim
2340 1967 2470 2020 mihi
2526 1984 2717 2024 somno
2770 1970 2886 2038 ipso
2926 1969 3203 2024 suaviores
3256 1978 3424 2034 sunt,

1878 2055 2317 2124 quandoquidem
2350 2058 2579 2114 afﬂuens
2627 2075 2689 2114 ex
2733 2061 2838 2113 illis
2872 2060 3164 2129 percipitur
3200 2063 3428 2124 utilitas,

1877 2153 1929 2196 et
1963 2146 2250 2198 multorum
2281 2148 2564 2211 bonorum,
2612 2164 2908 2216 eorumque
2953 2153 3427 2216 sempiternorum,

1878 2231 2227 2297 vigilantibus
2254 2246 2419 2285 causa
2465 2241 2608 2287 sunt.
2642 2235 2885 2287 Primum
2915 2237 3112 2289 etenim
3145 2240 3236 2305 qui
3279 2247 3430 2292 ante-

1879 2329 2001 2374 aeto
2030 2321 2118 2374 die
2143 2322 2327 2389 lapsus
2359 2322 2498 2376 inter
2519 2339 2830 2386 sermones,
2867 2335 2958 2378 aut
2993 2341 3156 2395 opera
3188 2330 3428 2396 contige-

1883 2420 2033 2474 runt,
2068 2411 2176 2465 Deo
2205 2413 2530 2482 aperientes.
2560 2416 2626 2466 ab
2671 2430 2855 2468 eorum
2906 2416 3142 2484 pondrrc
3178 2418 3429 2469 subleva-

1875 2515 2044 2565 mur,
2127 2501 2325 2569 quippe
2387 2503 2476 2569 qui
2534 2503 2692 2556 veluti
2767 2504 2946 2570 gravis
3003 2506 3217 2556 sarcina
3270 2521 3431 2573 super

1874 2589 2127 2644 humeros
2179 2583 2369 2644 anima:
2415 2593 2771 2654 incumbunt,
2827 2604 2880 2646 ct
2935 2595 3136 2660 vigilia:
3202 2596 3322 2663 igne
3375 2597 3428 2647 in

1874 2680 2083 2734 cineres
2105 2682 2489 2746 convertimus,
2515 2683 2589 2734 uti
2613 2683 2794 2752 spinas
2825 2683 3022 2736 diaboli
3055 2685 3268 2738 divitias
3303 2701 3428 2737 suc-

1827 2784 1830 2786 ‘
1872 2771 2179 2825 cendentcs.
2200 2770 2288 2824 llle
2305 2773 2447 2824 enim
2469 2772 2706 2840 quotidie
2730 2772 2927 2826 nostris
2954 2773 3192 2841 lapsibus
3211 2776 3272 2824 ad
3293 2790 3424 2841 opes

1870 2852 2448 2928 emergiI.Quapropter
2471 2862 2558 2914 ille
2585 2861 2743 2914 anxie
2760 2860 2877 2922 fert,
2904 2860 3205 2928 indoli-tque
3224 2861 3428 2916 fremit-

1870 2962 1973 3015 que
2005 2946 2262 3000 adversus
2300 2963 2416 3012 nos,
2447 2963 2568 3000 cum
2597 2961 2696 3000 nos
2743 2949 2884 3000 videt
2919 2947 3127 3014 vigilias
3159 2963 3333 3015 agerc,
3366 2950 3430 3002 il-

1873 3037 2042 3104 lisque
2069 3045 2333 3105 prompte,
2362 3044 2522 3103 atque
2542 3035 2804 3089 industrie
2839 3036 3074 3087 animum
3107 3038 3422 3092 advertere:

208 3126 402 3192 μάτων
420 3125 594 3194 ἡμῶν,
628 3129 1062 3199 προσγενομένου
1091 3131 1254 3185 αὑτοῦ
1285 3134 1552 3202 πορισμοῦ
1573 3136 1770 3206 γυμνὸν

1877 3127 1929 3179 in
1972 3129 2200 3179 maxima
2231 3142 2460 3196 namque
2487 3127 2683 3180 damna
2720 3144 2866 3190 eum,
2902 3137 2955 3179 ct
3008 3128 3198 3181 turbas
3251 3129 3427 3196 conji-

203 3215 650 3280 ἀποδεικνύντες,
695 3218 786 3270 καὶ
823 3217 1046 3288 ἔρημον.
1093 3220 1350 3292 Δεύτερον
1384 3223 1440 3274 δὲ
1474 3224 1632 3277 αὐτὸν
1683 3224 1774 3278 τὸν

214 3304 613 3374 πολυκέφαλον,
682 3309 776 3360 καὶ
796 3353 801 3357 .
821 3310 1176 3380 παμπόνηρον
1225 3312 1366 3381 θῆρα
1418 3313 1774 3380 ὲφαλλόμενον

201 3398 344 3464 ἡμῖν
376 3397 642 3466 ἀοράτως,
679 3401 773 3452 καὶ
795 3400 1065 3469 σπαράξαὶ
1090 3401 1474 3472 βουλόμενον,ἢ
1491 3407 1773 3456 καταπιεῖν

199 3487 379 3553 ἡμᾶς,
413 3487 444 3554 ή
471 3487 746 3554 ἄγρυπνος
777 3491 986 3556 χαλινοῖ
1013 3491 1105 3542 καὶ
1135 3491 1454 3558 συμποδίζει
1489 3492 1643 3560 εὐχὴ,
1675 3495 1769 3544 καὶ

197 3577 393 3629 ἐκλύει
415 3577 482 3629 τὰ
515 3576 677 3646 νεῦρα
707 3579 808 3644 τῆς
863 3578 1126 3648 πονηρίας
1159 3577 1354 3652 αὑτοῦ,
1392 3581 1541 3649 ἡμᾶς
1569 3581 1624 3632 δὲ
1661 3581 1762 3650 τῆς

195 3667 462 3736 οὐρανίου
516 3667 824 3736 φιλοτιμίας
867 3670 1140 3737 ἐπιτυχεῖν
1175 3668 1440 3737 προξενεῖ,
1498 3672 1638 3741 ὑπὲρ
1673 3674 1769 3734 τὰς

197 3758 396 3825 πηγὰς
428 3760 559 3828 ἡμῖν
587 3758 998 3830 ἀναϐλυζούσης
1027 3763 1126 3829 τῆς
1156 3751 1398 3830 χάριτος,
1432 3763 1524 3814 καὶ
1544 3762 1684 3831 ὑπὲρ
1712 3763 1771 3816 τὸ

197 3851 444 3916 πέλαγος
467 3851 731 3920 χεομένης
765 3854 845 3913 είς
873 3853 1146 3922 ἡμετέραν
1176 3852 1510 3923 εὐεργεσίαν.
1541 3855 1770 3907 Ἔπειτα

195 3940 258 3992 δὲ
285 3939 384 3992 καὶ
419 3942 579 4008 ἡμεῖς
604 3939 950 4010 ὀκνηρότεροι
973 3942 1064 3993 τοῦ
1097 3941 1285 3994 λοιποῦ
1311 3939 1438 4012 περὶ
1469 3942 1530 3994 τὸ
1559 3945 1768 3996 πταίειν

192 4031 486 4099 γινόμεθα,
519 4030 617 4099 τῆς
645 4031 964 4099 ἀγρυπνίας
1006 4034 1137 4101 ἡμῖν
1177 4032 1468 4100 λογισμοὺς
1498 4033 1768 4101 φιλοθεῖας

193 4119 740 4190 ἑναπαλασσομένης,
767 4118 860 4173 καὶ⁸
887 4123 1092 4191 κόσμου
1128 4124 1481 4190 ματαιότητος
1505 4126 1767 4195 ἀποστρο-

194 4211 310 4276 φὴν
357 4207 714 4280 ἐμποιούσης,
782 4213 876 4265 καὶ
896 4212 1202 4268 διωθεῖσθαι
1230 4215 1298 4268 τὰ
1333 4216 1638 4284 βλάπτοντα
1683 4219 1760 4270 διο

193 4298 532 4364 δασκούσης.
551 4299 612 4352 Ίι
640 4300 748 4372 γὰρ
769 4302 908 4357 κατὰ
923 4303 1053 4357 Θεὸν
1076 4305 1349 4375 ἀγρυπνία
1365 4308 1463 4377 ὲρή
1474 4326 1607 4377 μους
1621 4311 1766 4378 ἡμᾶς

193 4386 423 4452 νύκτωρ
439 4389 846 4457 παραλαόοὖσα.
865 4394 957 4444 καὶ
975 4395 1447 4462 ἀπεστερημένους
1463 4399 1560 4465 τῆς
1575 4415 1632 4448 τε
1653 4398 1760 4449 τῶν

191 4478 374 4546 ὄχλων
446 4479 794 4547 συγχύσεως,
859 4482 946 4532 καὶ
991 4482 1087 4550 τῆς
1141 4482 1246 4532 τῶν
1300 4486 1759 4556 συναλλαγμάτων

195 4565 456 4632 σπουδῆς.
490 4566 710 4636 καὶτῆς
770 4566 873 4620 τῶν
901 4568 1064 4636 φίλων
1086 4571 1392 4641 συντυχίας,
1442 4576 1630 4645 καιρὸν
1669 4578 1760 4630 εύ-

195 4653 397 4723 ροῦσα,
423 4655 497 4716 ὡς
525 4655 706 4726 μήτηρ
729 4657 1094 4727 φιλόστοργος,
1115 4661 1170 4711 ὲν
1195 4661 1612 4731 ἁπερικτυπήτῳ
1637 4668 1759 4727 τινὶ,

193 4744 294 4795 καὶ
325 4744 571 4811 ἡσυχίας,
607 4746 702 4796 καὶ
733 4747 962 4814 νήψεως,
997 4751 1086 4800 καὶ
1114 4750 1370 4818 γαλήνης,
1419 4754 1509 4803 καὶ
1558 4755 1761 4823 μεστῆς

193 4832 427 4901 εἰρήνης
452 4836 858 4912 μεμεστωμένῳ
881 4838 1084 4908 χωρίῳ,
1113 4840 1203 4890 καὶ
1231 4843 1592 4908 παραθήσασα
1614 4840 1759 4913 ἡμεῖς

192 4924 394 4990 ἑαυτῇ,
424 4923 697 4990 ἀνοίγνυσι
724 4924 848 4986 τοὺς
880 4926 1402 4998 ἑαυτῆς-θησαυροὺς
1426 4931 1522 4999 τῆς
1551 4933 1760 5000 σοφίας,

195 5013 291 5062 καὶ
317 5011 430 5062 τῶν
460 5013 667 5065 σεπτῶν
687 5019 1078 5083 παραινέσεων,
1110 5018 1199 5069 καὶ
1229 5019 1333 5071 τῶν
1370 5020 1527 5072 θείων
1555 5025 1756 5093 ἐλλάμ-

196 5100 374 5167 ψεων.
429 5103 535 5153 Καὶ
591 5102 893 5173 λεληθότως
944 5105 1142 5175 πληροῖ
1175 5109 1298 5170 τοὺς
1342 5110 1574 5174 κόλπους
1611 5116 1763 5183 ἡμῶν

197 5192 298 5258 τῆς
320 5189 501 5257 (εἶν’-³χῆς
525 5210 538 5221 ⁶
578 5193 679 5245 κᾶν
715 5194 813 5261 μὲν
844 5193 1018 5248 πάντα
1065 5197 1130 5249 τὰ
1159 5197 1376 5251 δοθέντα
1411 5202 1540 5269 ἡμῖν
1571 5205 1762 5272 νηφόν.

193 5295 309 5341 τως
335 5277 674 5349 φυλάξωμεν,
721 5285 975 5354 μακάριοι
1011 5288 1188 5356 ἡμεῖς,
1214 5289 1304 5340 καὶ
1348 5294 1754 5362 τρισμακάριοι.

199 5367 314 5421 Καὶ
381 5371 636 5436 μυριάκις
690 5373 891 5426 οἴδασιν
924 5377 1060 5444 ὅπερ
1093 5378 1253 5444 λέγω,
1303 5381 1351 5432 0i
1405 5379 1619 5448 μύσται,
1666 5387 1758 5436 καὶ

196 5458 461 5526 τρόῖμιμοι
492 5458 590 5526 τῆς
620 5463 789 5531 καλῆς
823 5467 1147 5533 ἀγρυπνίας,
1181 5470 1228 5519 οἱ
1262 5469 1356 5538 τὴν
1389 5469 1616 5540 κιθάραν
1660 5473 1753 5524 τοῦ

199 5548 370 5602 Δαόὶδ
424 5547 502 5617 τῷ
550 5549 648 5618 τῆς
689 5553 927 5625 γλώττης
983 5557 1186 5609 ἑαυτῶν
1232 5558 1492 5631 πλήκτρῳ
1541 5561 1753 5632 κρούειν

276 5719 326 5750 εδ
356 5716 501 5773 Psal.
537 5733 716 5786 xum,
750 5721 826 5774 l5.
938 5726 983 5756 "
1014 5725 1156 5781 i‘sal.
1201 5743 1266 5792 vi,
1304 5727 1351 5782 7.

1877 3219 2072 3279 cimus,
2121 3232 2242 3270 cum
2282 3233 2402 3270 eum
2439 3218 2684 3286 quotidie
2735 3227 3045 3272 nostrorum
3098 3218 3424 3270 delictorum

1875 3305 2316 3368 substructione,
2376 3307 2577 3374 quibus
2657 3307 2773 3373 ipse
2832 3304 3142 3373 opulentior
3206 3307 3422 3369 evadit,

1875 3399 2074 3452 nmium
2177 3399 2583 3464 desertumque-
2637 3397 3099 3450 demonstranius.
3192 3396 3420 3449 Posthac

1871 3488 2118 3540 eumdem
2169 3487 2530 3553 multicipem,
2568 3502 2630 3538 ac
2664 3488 3131 3553 licrs-ei'sissititaini
3189 3486 3422 3538 bclluatn

1872 3573 2218 3629 invisibiliter
2259 3576 2310 3628 in
2362 3591 2460 3630 nos
2495 3576 2914 3644 irrumpentem,
2959 3585 3012 3628 et
3061 3575 3369 3643 discerpere
3407 3614 3420 3638 ,

1872 3678 1964 3718 aut
2010 3666 2277 3736 deglutire
2333 3667 2586 3720 ardenter
2639 3675 2998 3734 appetentem,
3062 3668 3187 3734 vigil
3247 3669 3423 3719 oratio

1872 3756 2067 3821 frenat,
2099 3766 2151 3810 et
2183 3755 2473 3825 compedit,
2506 3765 2558 3809 et
2591 3753 2789 3810 nervos
2817 3758 3027 3809 astutia:
3052 3756 3199 3808 illius
3229 3755 3424 3808 dissol-

1870 3849 1977 3913 vit;
2005 3863 2102 3900 nos
2139 3862 2263 3900 vero
2293 3846 2592 3900 cmlestium
2625 3847 2887 3898 honorum
2924 3845 3211 3913 participes
3253 3843 3383 3896 facit
3407 3883 3421 3905 ,

1868 3942 2040 4010 gratia
2083 3941 2239 3994 nobis
2273 3939 2402 4008 ipsis
2431 3939 2674 3992 fontibus
2712 3939 2929 3989 uberius
2960 3937 3318 3997 scaturiento,
3367 3946 3420 3987 et

1869 4031 2003 4083 tnari
2029 4031 2146 4098 ipso
2179 4029 2548 4082 abundantius
2581 4029 2631 4079 in
2654 4036 2837 4078 nostra
2863 4025 3118 4077 beneficia
3143 4015 3416 4078 efﬂuenti".

1867 4117 2020 4172 Tunc
2049 4119 2264 4170 demum
2296 4126 2347 4167 et
2389 4132 2486 4168 nos
2520 4116 2570 4165 in
2602 4122 2870 4180 posterum
2903 4113 2966 4164 ad
2997 4113 3417 4179 deiinqucndum

1839 4207 2150 4278 'scguiores
2183 4205 2485 4266 evadimus,
2526 4203 2706 4270 vigiiia
2751 4202 2910 4254 nobis
2945 4202 3299 4268 cogitationes
3331 4204 3417 4254 di-

1866 4298 1975 4352 vini
2007 4297 2208 4351 amoris
2230 4295 2540 4364 efli’ngente,
2567 4306 2618 4346 ct
2645 4292 2931 4344 mundanae
2953 4292 3205 4344 vanitmis
3234 4291 3414 4360 fugam

1866 4387 2198 4447 insinuante,
2232 4398 2296 4438 et.
2340 4377 2624 4438 noxiorum
2672 4385 3084 4437 insectationem
3135 4385 3412 4440 edocento.

1869 4477 2056 4544 \iigilia
2090 4475 2356 4545 siquidem
2390 4477 2688 4532 scentulum
2719 4475 2882 4527 Deum
2919 4487 3078 4527 noctu
3125 4491 3224 4527 uos
3267 4477 3414 4528 Solos

1863 4547 2313 4637 apprehendens,
2384 4576 2532 4619 extra
2613 4566 2888 4616 turbarum
2992 4565 3282 4626 turbines,
3362 4572 3414 4618 ct

1861 4658 2192 4726 negotiorum
2229 4657 2328 4722 13
2351 4656 2545 4715 studia,
2574 4661 2626 4707 et
2662 4654 2954 4706 amicorum
2977 4655 3409 4712 consm-tmliucs.

1859 4755 2070 4813 arrepta
2103 4745 2410 4806 occasione,
2453 4744 2614 4797 veluti
2657 4752 2826 4796 mater
2853 4744 3146 4807 benevola,
3187 4745 3237 4795 iu
3294 4744 3412 4795 loco

1861 4835 1977 4889 sine
2003 4835 2254 4903 strepitu,
2283 4849 2492 4887 necnon
2520 4834 2743 4901 quietis.
2773 4833 3088 4886 sobrietatis
3111 4871 3124 4894 ,
3155 4840 3207 4883 ct
3246 4846 3408 4897 paca-

1860 4926 2082 4979 tissima:
2138 4925 2283 4995 pacis
2329 4927 2528 4994 pleno,
2575 4925 2732 4977 nobis
2775 4922 3094 4989 sibimetipsi
3151 4921 3407 4980 adnexis,

1858 5015 2134 5084 sapientim
2190 5030 2302 5068 sum
2350 5013 2780 5067 \u-nermularum
2844 5009 3303 5071 adhortationum,
3357 5018 3410 5062 et

1857 5108 2311 5160 illuminatimmm
2344 5106 2650 5157 divinarum
2685 5105 2971 5156 thesauros
2996 5109 3223 5160 reserat,
3250 5111 3302 5152 et
3335 5102 3409 5151 la-

1859 5209 2034 5254 tenter
2067 5201 2259 5252 animae
2296 5207 2490 5251 nostra:
2518 5199 2671 5250 sinus
2703 5195 2884 5262 impie:
2916 5213 2926 5246 :
2957 5205 3006 5247 ct
3043 5195 3086 5248 si
3121 5195 3263 5244 illius
3291 5208 3406 5243 mu-

1809 5297 1813 5302 “
1865 5307 1994 5345 nera
2028 5283 2234 5346 sobrie'
2261 5291 2418 5342 nobis
2469 5286 2924 5340 reservavcrimus
2950 5325 2963 5348 ,
3023 5285 3164 5338 beati
3193 5300 3323 5343 nos,
3353 5290 3405 5336 et

1863 5392 1964 5446 ter,
2006 5391 2057 5435 ct
2088 5381 2293 5433 infinite
2324 5378 2606 5431 fortunati.
2643 5378 3095 5444 Cetnpcrtunique
3130 5375 3260 5426 satis
3295 5382 3398 5435 est,

1860 5473 2001 5543 quod
2028 5474 2148 5525 dico
2176 5512 2188 5528 .
2220 5470 2408 5541 mystis
2437 5511 2450 5533 ,
2486 5480 2538 5524 et
2580 5469 2758 5537 proba:
2790 5467 2983 5535 vigilite
3012 5463 3244 5516 alumnis
3265 5504 3276 5522 ,
3309 5464 3405 5530 qui

1860 5564 2124 5618 citharam
2173 5559 2479 5613 Davidicam
2522 5559 2717 5628 lingua:
2783 5571 2892 5608 sua:
2935 5555 3136 5622 plectro
3187 5551 3406 5622 pulsare
