4134 6328
720 311 788 370 95
2195 319 2249 378 S.
2290 321 2445 380 NILI
3841 310 3916 372 96

723 432 1050 491 appetentes,
1117 433 1169 478 et
1227 426 1279 478 in
1340 426 1556 495 proprio
1608 434 1856 495 gutture,
1894 436 1950 481 ut
1989 427 2251 496 PrOpbeta

2357 429 2804 498 προθυμούμενοι,
2859 427 2948 480 καὶ
3000 427 3056 479 ὲν
3097 425 3173 494 τῷ
3211 425 3394 494 οἰκείῳ
3423 415 3678 493 λάρυγγι,
3730 421 3915 481 καθὼς

723 515 799 565 ait
828 515 890 576 ",
923 516 1273 568 excelsitate-5
1299 515 1389 568 Dei
1419 517 1792 570 concinentes.
1842 517 2031 569 Annon
2077 526 2259 583 guttur

725 619 901 654 meum
939 604 1226 657 meditatur
1255 605 1594 672 prudentiam
1627 606 1696 656 ‘7?
1727 613 1780 658 et
1813 605 2258 672 quemadmodum

725 690 1008 752 tenebras,
1057 691 1128 742 ita
1173 699 1221 743 et
1261 692 1436 744 lumen
1480 693 1744 754 ostendo,
1794 693 2016 760 psalmis
2061 692 2260 744 illumi-

723 793 892 839 nans,
926 788 978 831 et
1008 782 1185 834 noctis
1216 782 1492 834 tristitiam
1539 783 1590 835 in
1636 784 1982 850 splendorem
2031 796 2258 834 conver-

724 877 861 930 tens,
892 876 944 922 et
982 871 1272 937 anticipant
1305 872 1445 923 oeuli
1481 873 1580 925 mei
1614 873 1666 924 in
1701 873 1962 924 matutino
1995 872 2060 924 ad
2101 873 2263 924 medi-

725 956 882 1008 tanda
917 958 1124 1025 eloquia
1165 959 1400 1018 Domini.
1434 967 1484 1011 et
1513 975 1673 1012 cocco
1699 961 1988 1026 iguitarum
2045 961 2249 1026 COgita-

723 1045 929 1094 tionum
965 1053 1188 1110 ornatus
1221 1061 1505 1112 supernam
1547 1045 1861 1114 sapientiam
1887 1086 1901 1111 ,
1953 1053 2010 1098 ut
2059 1045 2126 1097 ad
2173 1060 2256 1098 me

722 1132 934 1194 veniat,
998 1136 1282 1186 exstimulo
1329 1152 1340 1186 :
1402 1135 1468 1186 ad
1526 1151 1622 1188 nos
1685 1137 1866 1196 enim,
1923 1135 2014 1203 qui
2069 1135 2256 1204 vigiles

721 1227 908 1272 noctes
939 1220 1205 1281 ducimus,
1242 1221 1418 1274 divina
1449 1224 1616 1290 gratia
1661 1223 2002 1278 ineﬂabiliter
2035 1225 2254 1293 irrepit,

719 1317 767 1360 et
798 1317 1071 1375 comparet
1101 1310 1447 1363 indicibiliter
1472 1350 1485 1372 ,
1514 1319 1565 1364 et
1605 1311 1669 1363 ad
1698 1326 1836 1373 earn,
1870 1327 1987 1379 qua:
2015 1327 2259 1382 compre-

732 1396 888 1449 hendi
927 1407 1120 1464 potest,
1143 1399 1283 1451 illius
1317 1401 1721 1467 spectationem,
1752 1410 1805 1454 et
1824 1403 2254 1466 similitudinem,

722 1500 905 1539 sacras
937 1497 1141 1542 mentes
1171 1491 1424 1550 extendit,
1463 1505 1578 1558 quae
1607 1498 1662 1542 ut
1689 1491 1801 1545 ﬁeri
1849 1499 2019 1559 potest
2048 1499 2099 1544 et
2136 1507 2261 1546 san-

719 1584 835 1627 clos
862 1575 1104 1630 homines
1131 1576 1309 1639 decet,
1343 1577 1413 1628 illi
1449 1593 1567 1631 sese
1593 1579 1882 1646 applicant.

1207 1666 1419 1721 XXVII.
1449 1699 1513 1708 —
1539 1669 1744 1722 Eidem.

2360 519 2498 584 λέγει
2547 521 2572 569 ὁ
2629 519 2928 586 Προφήτης,
2973 517 3067 578 τὰς
3120 514 3349 582 ὑψώσεις
3384 513 3475 566 τοῦ
3509 513 3640 565 Θεοῦ
3685 511 3916 579 ἀναμέλ-

2361 624 2567 667 ποντες.
2600 609 2665 657 Ἥ
2690 607 2805 674 οὐχὶ
2849 604 3099 673 ὀλάρυγξ
3141 617 3240 672 μου
3282 603 3478 672 μελετᾷ
3506 602 3750 665 σύνεσιν;
3798 599 3915 652 Καὶ

2359 695 2542 763 ὥσπερ
2567 697 2626 746 τὸ
2658 696 2866 756 σκότος,
2913 694 3079 755 οὓτως
3106 695 3195 745 καὶ
3221 694 3279 744 τὸ
3306 693 3417 760 φώς
3446 692 3706 759 δείκνυμι,
3736 705 3911 743 κατα-

2362 785 2586 850 φωτίζον
2636 787 2744 845 τοῖς
2781 785 3028 852 ψαλμοῖς,
3058 784 3151 835 καὶ
3197 781 3535 848 καταυγάζον
3577 781 3675 848 τῆς
3716 780 3910 841 νυκτὸς

2359 871 2454 938 τὴν
2489 872 2831 939 στυγνότητα,
2859 871 2951 923 καὶ
2989 870 3383 939 προφθάνουσιν
3423 871 3471 921 οἱ
3501 868 3768 936 ὀφθαλμοί
3801 885 3909 936 μου

2362 958 2493 1026 πρὸς
2517 957 2707 1026 δρθρον
2738 958 2827 1009 τοῦ
2857 958 3084 1026 μελετᾷν
3112 957 3181 1010 τά
3216 957 3366 1023 λόγια
3407 957 3634 1025 Κυρίου,
3688 955 3782 1006 καὶ
3824 953 3910 1021 τῷ

2360 1047 2538 1114 κόκκῳ
2568 1047 2929 1115 κοσμούμενος
2950 1045 3054 1098 τῶν
3072 1045 3344 1114 διαπύρων
3373 1046 3628 1114 νοήσεων,
3649 1044 3744 1113 τὴν
3767 1043 3909 1096 ἀνω-

2361 1133 2450 1184 θεν
2493 1136 2681 1200 σοφίαν
2733 1133 2974 1186 ἐπελθεῖν
3022 1150 3110 1201 μοι
3157 1132 3478 1202 προτρέπω’
3515 1133 3762 1200 ἐπιφοιτᾷ
3797 1129 3910 1199 γάρ

2361 1224 2612 1291 ἀρρήτως
2641 1224 2769 1291 ἡμῖν
2800 1225 2830 1293 ἡ
2858 1224 3014 1292 χάρις
3043 1222 3132 1275 τοῦ
3159 1222 3359 1290 Κυρίου
3388 1223 3496 1284 τοῖς
3521 1219 3904 1292 ἀγρυπνοῦσιν,

2362 1314 2452 1364 καὶ
2483 1312 2820 1377 ἐπιφαίνεται
2861 1313 2998 1380 ὑπὲρ
3028 1312 3213 1378 λόγον,¹
3249 1313 3340 1362 καὶ
3375 1311 3508 1380 πρὸς
3542 1311 3638 1379 τὴν
3679 1312 3908 1380 ὲφικτὴν

2359 1401 2525 1468 αὐτῆς
2557 1400 2803 1467 Θεωρίαν,
2852 1401 2946 1452 καὶ
2990 1402 3242 1466 ὁμοίωσιν
3276 1400 3542 1452 ἀνατείνει
3569 1401 3691 1459 τοὺς
3727 1400 3907 1468 ἱεροὺς

2373 1489 2515 1550 νόας,
2535 1489 2680 1552 τοὺς,
2702 1488 2775 1549 ὡς
2793 1488 3024 1558 θεμιτὸν,
3049 1491 3138 1540 καὶ
3174 1488 3504 1558 ἱεροπρεπῶς
3526 1487 3908 1550 ἐπιϐάλλοντας

2363 1578 2515 1645 αὐτῇ.

2871 1671 2994 1723 KZ'.
3015 1701 3081 1709 —
3106 1669 3185 1734 Τῷ
3217 1670 3392 1733 αὐτῷ.

787 1749 1182 1808 Perbeatissitni
1214 1770 1421 1821 sumus,
1463 1758 1507 1810 si
1536 1773 1654 1826 qua:
1689 1775 1754 1812 ex
1784 1761 2061 1830 pervigilio
2109 1763 2251 1817 ulnis

2430 1759 2934 1829 Μυρισμακάριστοι
2998 1760 3093 1829 μὲν
3154 1729 3496 1828 ύπάρχομεν,
3549 1761 3678 1812 ὅταν
3730 1758 3907 1811 πάντα

718 1843 1243 1910 cxcepimus,omnia
1277 1849 1690 1901 servaverimus.
1726 1848 1929 1912 Quodsi
1962 1860 2164 1919 partem
2192 1868 2252 1905 ex

719 1929 784 1982 iis
813 1930 1056 1998 exiguam
1089 1941 1182 1985 aut
1212 1933 1476 2003 ingentem
1519 1937 1762 1990 amittere
1806 1942 2107 2007 contigerit,
2139 1957 2257 2008 qua:

718 2017 917 2083 reliqua
953 2018 1190 2083 fuerunt,
1229 2023 1563 2077 abundanter
1588 2026 1650 2077 ad
1683 2027 1907 2079 salutem
1940 2030 2040 2099 14
2065 2033 2256 2086 mentis

719 2106 1008 2162 infantibus
1068 2110 1346 2164 sullicient.
1396 2113 1634 2182 Namque
1686 2131 1884 2184 auceps
1943 2114 2252 2186 frequenter

717 2203 930 2244 centum
963 2203 1185 2248 venatus
1220 2206 1457 2251 turtures
1490 2200 1540 2250 in
1573 2215 1732 2267 agro,
1762 2204 1807 2254 si
1862 2204 1964 2256 sibi
2018 2207 2256 2273 gaudens

718 2296 808 2332 cas
839 2284 1149 2344 occluserit,
1181 2288 1524 2351 postmodum
1555 2289 1854 2356 negligens,
1898 2293 2129 2355 tertiam,
2163 2303 2256 2346 attt

719 2369 934 2436 duplam
975 2380 1178 2439 partem
1210 2374 1474 2438 amiserit,
1517 2377 1658 2442 quod
1695 2380 1941 2434 volucres
1983 2381 2085 2434 illa:
2123 2385 2257 2435 clam

717 2469 1055 2526 erumpentes
1085 2463 1137 2514 in
1189 2462 1365 2532 fugam
1403 2481 1460 2518 se
1485 2464 1762 2528 dederint,
1796 2468 1846 2520 in
1883 2470 2101 2538 reliquis
2129 2487 2260 2524 mo:-

718 2561 889 2598 rorem
926 2549 1218 2612 imminuit,
1260 2553 1601 2620 animumque
1645 2568 1799 2606 suum
1842 2558 2067 2624 solatur,
2117 2559 2256 2628 quod

719 2651 822 2688 non
859 2640 1042 2692 vacuis
1074 2641 1320 2694 manibus
1348 2642 1672 2695 domicilium
1709 2654 1943 2713 repetat.
1972 2661 2022 2700 et
2053 2650 2258 2716 copiam

717 2727 839 2777 licet
870 2742 972 2777 non
999 2728 1254 2794 integram
1287 2739 1398 2782 tum
1443 2743 1701 2798 reportat,
1735 2744 1787 2787 et
1835 2751 2026 2791 rursus
2076 2737 2258 2792 l‘uturo

714 2822 953 2882 tempore
1010 2817 1230 2879 utiliter,
1283 2835 1401 2887 quaa
1460 2821 1511 2872 in
1569 2823 1848 2878 venatione
1897 2835 2049 2894 capta
2099 2835 2256 2890 sunt,

715 2904 923 2957 cautius
956 2906 1226 2962 custodire
1256 2911 1526 2975 pet-discit.

1198 2995 1432 3050 XXVIII.
1462 3025 1532 3037 —
1557 2997 1760 3051 Eidem.

789 3077 989 3130 Bonum
1020 3077 1260 3148 illudque
1282 3083 1777 3149 auspicatissimum
1806 3094 1887 3140 est
1922 3089 2257 3156 pervigilium

716 3170 803 3233 iis,
839 3170 930 3235 qui
967 3185 1214 3222 somnum
1257 3173 1445 3223 mortis
1487 3173 1724 3224 vicinum
1774 3175 2043 3230 discutere
2080 3179 2258 3233 animo

718 3267 955 3317 versant,
989 3266 1244 3325 tantoque
1268 3260 1460 3326 majus,
1493 3269 1752 3326 quantum
1785 3273 1838 3315 et
1862 3262 2122 3317 Dominus
2146 3267 2258 3334 ipse

723 3346 771 3394 i-l
803 3345 1062 3404 exercuit,
1100 3347 1311 3414 sibique
1341 3347 1608 3402 familiare
1634 3349 1779 3413 fecit,
1808 3352 1861 3403 in
1907 3352 2261 3419 dispositione

733 3433 1029 3484 secundum
1061 3448 1301 3496 carnem,
1344 3445 1400 3486 ut
1449 3438 1613 3489 tradit
1652 3437 1827 3492 Lucas
1866 3458 1878 3492 :
1936 3458 1952 3489 σ
1996 3439 2122 3494 Erat
2169 3441 2259 3496 Je-

721 3535 814 3571 s-ts
863 3531 1183 3588 pernoctaus
1240 3525 1289 3575 in
1334 3525 1578 3578 oratione
1615 3526 1702 3579 Dei
1735 3528 1800 3589 ⁸⁸,
1845 3547 1862 3577 ι
1926 3545 2088 3597 opere
2143 3532 2257 3598 ipso

724 3620 819 3656 nus
853 3606 1149 3670 instruens,
1184 3608 1424 3676 Magistri
1472 3613 1624 3679 sequi
1669 3614 1912 3682 vestigia.
1944 3614 2260 3684 Propterea-

723 3711 826 3760 que
856 3696 1087 3758 dicebat,
1125 3715 1141 3748 ι
1201 3699 1450 3766 Vigilate,
1505 3713 1558 3756 et
1610 3712 1775 3766 orate,
1821 3721 1886 3759 ne
1941 3708 2154 3763 intretis
2206 3711 2258 3762 in

724 3786 1070 3838 tentationcm
1097 3789 1160 3840 '9.
1203 3807 1220 3838 ι
1260 3789 1358 3853 Qui
1391 3807 1516 3844 vero
1547 3803 1699 3845 erant
1725 3809 1754 3847 e
1791 3798 2044 3848 comitatu
2074 3798 2258 3862 Pauli,

721 3882 774 3924 et
804 3873 946 3936 Silzc,
973 3878 1385 3932 emolumentum
1418 3883 1609 3950 vigilite
1663 3886 2045 3951 percallentes,
2084 3890 2258 3943 media

723 3977 754 4012 n
780 3970 876 4015 ncte
909 3965 1192 4019 laudabant
1225 3967 1386 4023 Deum
1413 3970 1476 4024 ’°.
1510 3972 1572 4025 Et
1609 3973 1771 4026 Da‘vid
1806 3975 1879 4031 ait
1908 3996 1919 4029 :
1949 3995 1966 4026 ι
2009 3977 2256 4048 Vigilavi,

720 4056 771 4099 et
811 4048 983 4104 factus
1019 4067 1136 4105 sum
1184 4055 1322 4107 sicut
1352 4071 1536 4124 passer
1566 4060 1840 4116 solitarius
1878 4064 1931 4116 in
1963 4073 2103 4120 tecto
2136 4068 2201 4132 ³¹,
2232 4086 2250 4118 ι

723 4136 910 4200 pennis
945 4153 1136 4204 nempe
1180 4141 1506 4205 praevalens,
1541 4159 1646 4195 non
1688 4160 1780 4212 per
1811 4157 2006 4201 terram
2043 4166 2254 4218 repens,

723 4221 815 4267 sed
841 4219 895 4268 in
929 4227 1088 4280 tecto,
1120 4228 1172 4270 ct
1210 4221 1262 4270 in
1295 4228 1602 4279 summitate
1647 4233 1862 4285 virtutis
1891 4223 2276 4290 cummorans.‘

2357 1849 2696 1916 φυλάξωμεν,
2761 1840 2902 1918 άπερ
2948 1851 3010 1900 ὲκ
3056 1850 3154 1917 τῆς
3205 1848 3507 1916 ἀγρυπνίας
3558 1848 3908 1900 ὲνεκολπισάο

2359 1937 2512 2003 μεθα.
2573 1936 2633 1987 Et
2669 1936 2724 1986 δὲ
2777 1937 2868 1989 καὶ
2918 1937 3172 1989 ἀπολέσαι
3231 1935 3509 2005 συμϐαίνει
3554 1935 3714 2004 μέρος
3759 1937 3908 2003 ἡμᾶς

2355 2025 2527 2091 ὀλίγον
2565 2025 2596 2094 ἢ
2644 2024 2946 2086 πολλοστὸν,
3003 2025 3156 2076 ίκανά
3196 2025 3288 2075 καὶ
3353 2023 3420 2076 τὰ
3468 2023 3905 2094 παραλειφθέντα

2354 2114 2646 2183 ἐπαρκέσαι
2697 2114 2831 2183 πρὸς
2873 2114 3140 2183 σωτηρίαν
3171 2115 3280 2174 τοῖς
3324 2111 3536 2180 νηπίοις
3565 2111 3665 2182 τὴν
3712 2111 3902 2180 φρένα.

2356 2201 2470 2253 Κᾶν
2521 2201 2627 2268 γὰρ
2682 2200 2887 2267 ίξευτὴς
2923 2201 3177 2260 πολλάκις
3207 2200 3399 2252 ἑκατὸν
3425 2198 3739 2268 τεθηρακὼς
3772 2216 3908 2267 τρυ-

2356 2289 2513 2353 γόνας
2542 2291 2596 2339 ὲν
2624 2287 2701 2356 τῷ
2732 2287 2903 2356 ἀγρῷ,
2935 2289 3027 2338 καὶ
3053 2287 3252 2355 χαίρων
3285 2286 3667 2348 ἐναποκλείσας
3715 2286 3906 2349 αὖτάς,

2358 2375 2453 2426 εἶτ’
2483 2375 2538 2440 ἐξ
2565 2373 2888 2445 ἀπροσεξίας
2913 2373 2971 2426 τὸ
2992 2373 3188 2443 τρίτον,
3213 2374 3244 2443 ἢ
3267 2374 3326 2425 τὸ
3348 2374 3586 2442 δίμοιρον
3613 2373 3904 2434 ἀπολέσας,
3993 2427 4001 2437 ,

2356 2465 2432 2532 τῷ
2469 2461 2854 2514 ὑπεκδεδυκότα
2908 2463 3228 2529 πεφευγέναι
3282 2461 3350 2513 τὰ
3397 2461 3571 2530 πτηνά
3603 2503 3617 2523 ,
3675 2463 3730 2512 ἐν
3791 2463 3908 2522 τοῖς

2361 2550 2726 2618 ὑπολειφθεῖσι
2762 2551 2859 2618 τὴν
2891 2551 3122 2619 ἀθυμίαν
3152 2552 3396 2614 ἀνέλυσε,
3444 2551 3535 2602 καὶ
3585 2550 3907 2620 παρεμυθή-

2361 2657 2489 2692 σατο
2526 2639 2620 2710 τὴν
2652 2641 2840 2693 ἑαυτοῦ
2873 2642 3119 2710 καρδίαν,
3162 2642 3221 2692 οὐ
3252 2644 3432 2702 κεναῖς
3463 2642 3646 2710 χερσὶν
3675 2643 3902 2709 ἐπανερ-

2363 2729 2587 2797 χόμενος
2616 2732 2692 2792 είς
2716 2729 2803 2781 τὸν
2833 2730 2958 2782 ἴδιον
2985 2727 3148 2792 οἷκον,
3186 2730 3318 2782 ἀλλὰ
3370 2731 3595 2799 μερικὴν
3643 2729 3908 2796 εὐπορίαν

2357 2817 2762 2890 ἐπιφερόμενος,
2796 2816 2890 2871 νῦν
2915 2820 3070 2882 τέως,
3094 2820 3182 2872 καὶ
3209 2820 3367 2872 πάλιν
3396 2822 3472 2881 είς
3495 2820 3552 2871 τὸ
3581 2820 3704 2887 ἑξῆς
3736 2820 3910 2884 ἀσφα-

2357 2907 2890 2976 λίζεσθαιχρησίμως
2915 2908 2982 2959 τά
3011 2908 3300 2978 θηρώμενα
3330 2907 3656 2970 παιδευθείς.

2864 2995 2996 3046 ΚΗ’.
3019 3023 3086 3034 --
3112 2994 3192 3058 Τῷ
3219 2994 3397 3057 αὐτῷ.

2428 3082 2694 3148 Μέγιστον
2733 3081 2933 3149 ἀγαθόν
2961 3084 3106 3134 ἐστιν
3136 3083 3168 3151 ή
3198 3083 3469 3152 ἀγρυπνία
3506 3085 3616 3144 τοῖς
3648 3084 3905 3136 ἀποσείε-

2360 3172 2479 3224 σθαι
2506 3173 2596 3224 τὸν
2621 3173 2833 3239 γείτονα
2872 3171 3096 3224 θανάτου
3127 3170 3288 3222 ὕπνον
3317 3173 3784 3241 προαιρουμένοις,
3810 3173 3907 3225 καὶ

2356 3261 2590 3328 τοσούτῳ
2643 3261 2804 3329 μέγα,
2859 3262 2966 3330 ὅσῳ
3022 3260 3112 3312 καὶ
3145 3261 3474 3328 ὁΔεσπότης
3515 3262 3675 3322 αὐτὸς
3740 3260 3903 3312 τοῦτο

2363 3349 2812 3419 μετελήλυθε,κα“ι
2844 3348 3152 3416 ᾠκειώσατο
3185 3350 3240 3400 ἐν
3268 3350 3332 3417 τῇ
3364 3348 3642 3418 οἰκονομία
3669 3351 3732 3417 τῇ
3761 3348 3906 3400 κατά

2361 3441 2554 3508 σάρκα,
2595 3438 2668 3501 ὦς
2713 3456 2842 3508 φησι
2885 3441 3030 3492 καὶὸ
3066 3441 3294 3502 Λουκᾶς,
3351 3440 3431 3491 ὅτι
3489 3455 3506 3488 ι
3537 3434 3643 3490 Ἦν
3698 3438 3905 3507 Ἰησοῦς

2358 3528 2775 3597 διανυκτερεύων
2811 3532 2866 3582 ὲν
2895 3532 2957 3597 τῇ
2986 3533 3255 3599 προσευχῇ
3283 3530 3373 3580 τοῦ
3401 3529 3556 3590 Θεοῦ,
3578 3548 3594 3578 ι
3638 3528 3903 3581 διδάσκων

2360 3618 2502 3685 ἡμᾶς
2530 3617 2594 3667 δι’
2625 3616 2784 3668 αὑτοῦ
2815 3616 2906 3668 τοῦ
2936 3617 3093 3686 ἔργου
3116 3616 3422 3670 ἀκολουθεῖν
3444 3621 3553 3680 τοῖς
3585 3618 3781 3685 ῐχνεσιν
3805 3615 3902 3668 τοῦ

2359 3704 2702 3756 Διδασκάλου.
2759 3706 2951 3772 Διόπερ
3001 3710 3092 3756 καὶ
3142 3705 3354 3771 ἔλεγενο
3403 3707 3763 3776 (Γρηγορεῖτε
3808 3706 3904 3756 καὶ

2360 3792 2744 3862 προσεύχεσθε,
2781 3795 2864 3846 ἵνα
2902 3795 2974 3862 μὴ
3001 3794 3272 3861 είσέλθητε
3303 3797 3380 3857 εὶς
3415 3795 3731 3864 πειρασμόν.
3759 3813 3777 3844 ι
3835 3795 3901 3844 (‘ti

2358 3883 2411 3934 δέ
2432 3900 2493 3950 γε
2517 3901 2581 3934 πε
2593 3885 2643 3952 pi.
2659 3882 2864 3937 Παῦλον
2889 3885 2981 3936 καὶ
2997 3883 3173 3948 Σᾶαν,
3189 3884 3247 3936 τὸ
3261 3884 3445 3954 κέρδος
3462 3885 3558 3936 οὐκ
3584 3881 3905 3950 ἀγνοοῦντες

2359 3973 2454 4040 τῆς
2499 3971 2817 4041 ἀγρυπνίας,
2861 3974 2986 4043 περ).
3018 3972 3075 4026 τὸ
3110 3973 3454 4042 μεσονύκτιον
3511 3971 3756 4035 ἐδόξαζον
3808 3971 3902 4024 τὸν

2359 4061 2508 4112 Θεὸν.
2549 4063 2656 4113 Καὶ
2685 4063 2848 4114 Δαυὶδ
2889 4063 3080 4131 φησίν·
3121 4081 3139 4113 ε
3176 4063 3546 4131 Ἠγρύπνησα,
3604 4063 3696 4114 καὶ
3722 4063 3899 4128 ἐγενό-

2363 4167 2467 4217 μην
2518 4149 2590 4211 ὼς
2636 4150 2909 4219 στρουθίον
2965 4150 3189 4217 μονάζον
3230 4152 3320 4202 ἐπὶ
3377 4149 3684 4219 δώματος,»
3733 4152 3902 4218 ἤγουν

2360 4237 2636 4306 εὔπτερον,
2659 4239 2755 4289 οὐκ
2781 4239 2873 4290 ἐπὶ
2906 4238 3000 4306 τῆς
3037 4239 3138 4307 γῆς
3181 4239 3494 4308 συρόμενον,
3539 4238 3654 4291 ἀλλ’
3686 4239 3775 4289 ἐπὶ
3803 4237 3899 4288 τοῦ

724 4302 924 4372 Lingua
954 4321 1180 4373 namque
1231 4309 1471 4376 supplice
1502 4313 1621 4364 vice
1680 4330 1933 4369 manuum
1996 4337 2254 4386 mearum,

2359 4302 2620 4389 δώματος,
2663 4328 2754 4380 καὶ
2801 4327 2893 4379 τοῦ
2939 4302 3105 4394 ῦψους
3143 4328 3238 4394 τῆς
3297 4302 3491 4395 ἀρετῆς
3529 4325 3899 4394 διαιτώμενον.

724 4395 863 4444 circa
924 4395 1296 4448 humanissimi
1343 4399 1430 4449 Dei
1491 4400 1651 4467 pedes
1705 4405 2090 4470 complicabam
2151 4425 2255 4472 me,

727 4485 1028 4552 Iacrymans
1055 4503 1068 4549 ;
1096 4495 1144 4538 et
1170 4487 1366 4539 luteum
1399 4503 1493 4540 cor
1527 4506 1700 4543 meum
1737 4494 2018 4548 donarium
2058 4496 2254 4552 factum

726 4584 806 4626 est
841 4585 1173 4642 argenteum,
1213 4579 1290 4628 vel
1323 4593 1543 4631 aureum
1574 4598 1585 4632 :
1627 4590 1678 4633 et
1710 4583 1877 4636 altare
1926 4599 2114 4640 rursus
2149 4588 2255 4641 Do-

727 4662 851 4713 mini
885 4663 1056 4715 factus
1088 4679 1206 4717 sum
1254 4665 1472 4720 humilis
1504 4667 1682 4728 homo.
1733 4669 1786 4720 in
1819 4686 1901 4725 me
1933 4675 2103 4740 gratia
2137 4690 2255 4727 car-

726 4756 890 4810 bones
933 4759 1255 4826 cognitionis
1300 4760 1398 4830 15
1452 4760 1767 4826 eﬂ‘odiente,
1823 4772 1876 4818 et
1932 4767 2254 4821 sacriﬁcium

725 4845 968 4913 lragrans
1003 4847 1107 4902 Deo
1137 4858 1402 4918 portante.

1232 5023 1420 5078 XXIX.
1453 5057 1520 5067 --
1555 5027 1752 5082 Eidem.

794 5111 1031 5171 lntueor.
1073 5111 1236 5166 frater
1287 5115 1390 5174 mi.
1431 5125 1481 5167 te
1522 5119 1687 5170 multa
1715 5121 1894 5175 scabie
1954 5127 2248 5179 secundum

729 5201 994 5254 internum
1025 5201 1290 5254 hominem
1321 5202 1552 5255 obsitum
1584 5219 1613 5256 a
1639 5209 1814 5274 capite
1857 5228 2027 5282 usque
2067 5215 2130 5267 ad
2165 5231 2253 5283 pe-

728 5289 842 5353 dca,
871 5306 933 5343 ex
962 5305 1066 5358 qua
1104 5304 1374 5358 nunquam
1405 5292 1650 5345 mundari
1682 5300 1901 5362 poteris,
1953 5304 2056 5357 nisi
2087 5316 2247 5359 noctu

729 5379 907 5443 \igiicl
931 5381 1152 5446 spiritus
1181 5389 1303 5433 tuus
1332 5382 1394 5431 ad
1418 5379 1598 5444 Deum,
1629 5399 1724 5436 nos
1753 5387 1948 5443 divinis
1974 5396 2253 5463 praeceptis

831 5508 876 5536 ’⁸
910 5508 1043 5562 Psal.
1171 5529 1341 5574 (λιιι,
1379 5512 1427 5564 6.
1541 5514 1579 5544 ’⁷
1608 5514 1748 5568 Psal.

1862 5537 2044 5587 aunt,
2081 5526 2132 5578 4.

798 5580 838 5608 ³³
867 5585 1000 5630 l'sal.
1040 5597 1108 5637 CI.
1146 5594 1194 5634 δ.

2238 5527 2280 5556 ³⁸
2319 5526 2447 5582 Luc.
2475 5543 2548 5592 vt,
2577 5526 2656 5578 1‘2.

2359 4412 2573 4479 Γλώττῃ
2606 4411 2712 4478 γὰρ
2735 4413 2991 4478 ίκετηρίῳ
3021 4412 3141 4461 ἀντὶ
3167 4412 3271 4463 τῶν
3304 4413 3500 4478 χειρῶν
3537 4429 3636 4477 μου
3666 4417 3772 4473 τοῖς
3803 4413 3899 4464 τοῦ

2359 4495 2733 4566 φιλανθρώπου
2785 4497 2917 4549 Θεοῦ
2979 4497 3221 4566 ἀοράτοις
3289 4499 3414 4548 ποσὶ
3464 4499 3900 4566 περιεπλεκόμην

2355 4587 2572 4649 κλαίων,
2597 4589 2689 4639 καὶ
2765 4585 3008 4656 πηλώδης
3028 4604 3126 4656 μου
3156 4587 3345 4659 καρδία
3383 4588 3657 4656 κειμήλιον
3679 4589 3902 4655 γέγονεν

2354 4677 2639 4747 ἀργυροῦν,
2671 4678 2701 4746 ἢ
2725 4677 2972 4747 χρυσοῦν,
3000 4677 3482 4747 καὶθυσιαστήριον
3501 4677 3659 4729 πάλιν
3694 4677 3899 4746 Κυρίου

2357 4769 2725 4836 ἀπειργάσθην
2762 4771 2790 4819 ὁ
2821 4767 3067 4830 ταπεινὸς
3091 4767 3389 4840 ἄνθρωπος,
3430 4767 3901 4837 ἀνασκαλευούσης

2360 4860 2451 4924 τῆς
2490 4858 2704 4926 χάριτος
2747 4859 2804 4910 ἐν
2856 4858 2977 4924 ἐμοὶ
3010 4859 3132 4919 τοὺς
3174 4857 3422 4925 γνώσεως
3462 4856 3753 4925 ἄνθρακας,
3802 4859 3900 4910 καὶ

2357 4946 2542 4998 θυσίαν
2573 4946 2740 5016 εὐώδη
2765 4946 2880 5016 Θεῷ
2913 4947 3300 5016 ἀναφερούσης.

2857 5035 2983 5088 ΚΘ.
3000 5065 3066 5074 -—
3089 5035 3169 5099 Τῷ
3197 5033 3372 5098 αὐτῷ.

2426 5121 2610 5176 Βλέπω
2658 5139 2738 5182 σε,
2790 5121 2997 5188 ἀδελφὲ,
3026 5122 3104 5174 ὅτι
3135 5121 3318 5190 ψώρας
3369 5121 3564 5192 πολλῆς
3620 5123 3900 5193 ἐμπεπλη-

2363 5216 2552 5284 σμένος
2578 5215 2838 5282 ὑπάρχεις
2867 5212 3005 5264 κατά
3035 5211 3122 5263 τὸν
3153 5213 3257 5264 ἔσω
3287 5211 3566 5280 ἄνθρωπον
3593 5214 3699 5266 ἀπὸ
3722 5229 3896 5278 κεφα-

2358 5305 2454 5372 λῆς
2479 5306 2581 5365 ἕως
2606 5303 2794 5365 ποδῶν,
2821 5298 2886 5370 ἧς
2918 5303 3014 5354 οὐκ
3041 5301 3105 5354 ἂν
3130 5301 3309 5354 δύναιο
3347 5302 3701 5373 καθαρθῆναι.
3738 5303 3785 5352 εί
3817 5302 3894 5369 μὴ

2355 5395 2417 5445 ὲκ
2445 5393 2630 5454 νυκτὸς
2646 5391 2885 5462 ὀρθρίζει
2915 5391 2974 5442 τὸ
3006 5388 3218 5459 πνεῦμά
3247 5407 3334 5442 σου
3366 5391 3496 5460 πρὸς
3523 5393 3610 5444 τὸν
3649 5390 3778 5440 Θεὸν
3801 5388 3896 5440 τὸν

2769 5525 2811 5555 ’⁸
2849 5523 3031 5578 Matth.
3073 5537 3217 5587 τινι,
3247 5521 3331 5577 Η.
3441 5524 3483 5554 ³ο
3517 5522 3634 5575 Aet.
3667 5533 3772 5580 xvt,
3796 5517 3891 5571 25.
