4134 6328
190 271 242 333 91
447 307 455 314 -
1240 270 1243 271 ⁷
1340 275 1748 336 EPISTOLAR

1766 277 1861 337 um
1899 281 2042 342 LIB.
2083 286 2132 344 Ι.
2477 333 2486 341 .
3248 293 3318 356 93

189 381 444 451 φωτίζοντα
465 381 610 450 ἡμᾶς
633 383 746 445 τοῖς
773 379 934 446 θείοις
979 383 1379 453 προστάγμασι,
1433 385 1528 438 καὶ
1557 388 1688 449 ζωο·
1710 388 1749 444 Ἀ

1788 385 2202 456 illuminantcm,
2237 401 2290 447 et
2324 395 2682 450 vivincantem
2721 397 2774 450 in
2822 398 3069 453 socordia
3103 399 3319 458 demor-

190 467 403 522 ποιοῦντα
417 468 538 529 τοὺς
564 469 624 520 ὲν
649 471 716 539 τῇ
742 469 968 539 ἀμελείᾳ
990 470 1433 540 νενεκρωμένους,
1472 471 1563 524 καὶ⁸
1586 472 1682 540 τῆς

187 557 234 621 ἐξ
273 555 419 624 ὕψους
463 556 654 625 σοφίας
697 555 794 627 τὴν
837 557 1024 628 δρόσον
1081 557 1402 628 παρέχοντα,
1452 559 1682 628 ίωμένην

187 647 332 699 πᾶσαν
357 645 504 698 νόσον
528 645 727 715 ψυχῆς,
752 647 844 700 καὶ
879 649 1057 701 πᾶσαν
1098 646 1393 715 μαλακίαν·
1431 666 1454 700 ι
1485 648 1549 700 Ἦ
1577 647 1680 717 γάρ

185 735 336 804 δρόσος
359 734 505 804 παρὰ
524 734 637 799 σοῦ,
668 736 828 804 φησὶν
854 737 887 805 ἠ
915 735 1122 806 Γραφὴ,
1154 737 1289 806 ῐαμα
1308 737 1486 800 αὐτοῖς
1501 738 1634 790 ἐστι.
1657 755 1675 788 ι

167 823 272 875 ’Καὶ
302 822 450 874 πάλιν
495 822 642 889 λέγει
685 824 714 875 ό
763 822 926 885 Θεός·
989 841 1007 874 ι
1033 826 1139 877 Καὶ
1192 825 1382 894 ἔσομαι
1435 825 1581 895 αὐτῷ
1608 826 1683 888 ὡς

183 911 354 979 δρόσος,
392 910 484 964 καὶ
539 910 760 980 ἀνθήσει
802 912 878 975 ὡς
937 913 1179 983 κρίνον.»
1230 914 1375 984 Δῦτη
1427 915 1602 968 τοίνυν
1647 915 1684 984 ἡ

183 1000 354 1068 δρόσος,
384 997 681 1052 ἐπελθοῦσα
713 999 805 1052 καὶ
829 999 924 1052 νῦν
948 1002 1013 1070 τῇ
1047 1002 1110 1053 ἐκ
1157 1001 1460 1070 φιληδονίας
1494 1003 1684 1072 φλεγο-

186 1089 295 1159 μένῃ
322 1087 508 1156 καρδία
550 1104 664 1152 σου,
700 1088 795 1141 καὶ
824 1089 1174 1160 διασυρίσασα
1207 1090 1471 1160 πνεύματι
1513 1091 1683 1160 γαλη-

182 1180 326 1247 νιαίῳ,
353 1177 448 1229 καὶ⁵
486 1175 628 1248 αὔρᾳ
651 1179 756 1232 τινὶ
784 1180 1049 1250 εἰρηνικῇ,
1081 1180 1174 1234 καὶ
1199 1181 1398 1250 λεπτῆς
1421 1180 1680 1247 ἐκτινάξει

185 1283 256 1319 σου
273 1268 361 1336 τὴν
386 1266 550 1334 φλόγα
583 1266 772 1337 ὥσπερ
793 1269 891 1337 τῆς
918 1269 1258 1332 Βαϐυλωνίας
1279 1270 1407 1323 ποτέ
1436 1270 1678 1338 καμίνου,

184 1358 256 1409 καὶ
272 1353 534 1422 ἀναψύξει,
561 1357 654 1409 καὶ
684 1356 847 1409 σώσει
869 1374 926 1410 σε
943 1358 1114 1427 ἀληθῆ
1133 1359 1415 1427 φιλόσοφον
1443 1361 1681 1426 ἀπεργα-

182 1442 369 1512 ζομένη,
394 1443 484 1496 καὶ
515 1443 776 1519 πείθουσα
831 1447 1024 1515 μηκέτι
1063 1447 1228 1499 πολλά
1253 1445 1545 1509 καθεύδειν,
1572 1446 1682 1499 ἀλλ’

183 1533 440 1603 ἀγρυπνεῖν
467 1533 737 1602 ἐκθύμως.

680 1623 758 1676 Δ’.
780 1653 848 1664 -
867 1623 948 1688 Τῷ
977 1625 1152 1690 αὐτῷ.

1782 479 1925 537 tuos,
1953 485 2006 530 ct
2037 493 2101 532 ex
2124 483 2342 537 excelso
2377 498 2554 537 rorem
2598 484 2898 554 sapientiae,
2931 488 3018 556 qui
3049 501 3319 556 quemque

1783 563 1946 616 animi
1983 568 2252 633 morbum,
2282 579 2336 625 et
2367 580 2615 626 cunctam
2646 573 2925 629 mollitiem
2967 585 3142 639 sanat,
3179 591 3312 646 prae-

1787 652 2022 716 bentem.
2063 675 2081 707 ι
2109 655 2220 712 nos
2249 661 2416 726 enim,
2479 663 2554 715 ait
2584 661 2886 732 Scriptura,
2919 679 2986 717 ex
3011 675 3061 719 te
3088 665 3320 720 medica-

1781 752 2019 796 mentum
2050 745 2157 799 illis
2183 754 2286 800 est.
2345 765 2363 797 ι
2400 749 2747 818 Rursumque
2794 751 2926 804 dicit
2958 751 3136 806 Deus:
3178 772 3196 804 ι
3256 753 3320 806 Ει

1780 843 1875 883 ero
1905 831 2001 899 ipsi
2033 840 2092 884 ut
2125 849 2234 900 ros,
2265 845 2319 889 et
2345 835 2552 891 ﬂorebit
2581 847 2638 892 ut
2671 840 2837 892 lilium
2873 841 2935 893 ³¹.
2968 859 2987 891 ι
3013 840 3109 895 Hic
3141 843 3322 911 itaque

1782 933 1873 974 ros
1902 921 2193 977 adveniens
2215 925 2279 978 ad
2320 940 2414 979 cor
2443 934 2617 989 tuum,
2653 930 2797 996 quod
2845 931 3203 999 intemperiis.
3256 947 3320 985 ac

1780 1011 2146 1079 voluptatibus
2175 1015 2414 1080 exardet,
2446 1025 2498 1070 et
2530 1018 2723 1085 spiritu
2767 1005 3080 1087 tranquillo,
3114 1031 3164 1075 ct
3192 1037 3320 1075 aura

1783 1107 1988 1166 pacata,
2016 1109 2069 1153 et
2099 1100 2200 1154 leni
2229 1101 2477 1166 inﬂuens,
2526 1106 2832 1159 exturbabit
2867 1107 3109 1160 ﬂammas
3176 1118 3318 1172 tuas,

1783 1196 1840 1240 ut
1871 1188 2207 1259 Babylonica:
2222 1194 2494 1261 quondam
2526 1194 2782 1258 fornacis,
2813 1204 2867 1249 et
2895 1197 3233 1258 rel‘ocillabit,
3263 1208 3322 1252 et

1781 1276 2006 1329 salvabit
2039 1286 2122 1341 te,
2154 1295 2338 1333 verum
2366 1281 2601 1335 elliciens
2632 1283 3028 1352 philosophum.
3063 1285 3322 1340 suadens-

1781 1377 1885 1428 que
1926 1366 1979 1416 in
2024 1373 2296 1431 posterum
2339 1383 2446 1422 non
2479 1369 2642 1422 nimis
2666 1383 2855 1423 somno
2884 1370 3189 1441 indulgere,
3223 1372 3318 1425 sed

1782 1453 1920 1507 bono
1951 1455 2129 1508 animo
2162 1456 2373 1524 vigilem
2403 1467 2738 1524 pernoctare.

2294 1629 2459 1684 XXX.
2501 1661 2566 1671 —
2605 1589 2807 1685 Eidem.

235 1712 420 1782 Ὠσπερ
440 1712 545 1784 χρὴ
570 1712 659 1765 τὸν
693 1711 867 1777 ζῶντα
894 1685 982 1767 διὰ
1013 1685 1210 1778 παντὸς
1239 1715 1510 1780 ἀναπνεῖν,
1545 1715 1685 1769 οὓτω
1718 1685 1749 1739 Ε

1855 1702 2315 1780 Quemadmodum
2346 1733 2482 1785 opus
2513 1727 2598 1772 est
2634 1734 2778 1782 eum,
2812 1718 2901 1787 qui
2947 1718 3097 1783 vivit,
3144 1720 3322 1774 conti-

181 1798 266 1868 χρὴ
291 1799 537 1868 διηνεκῶς
573 1799 913 1869 ἐπιτηδεύειν
955 1801 1044 1853 καὶ
1089 1803 1684 1877 μεταχειρίζεσθαιγτὴν

179 1888 322 1958 καλὴν
347 1887 666 1960 ἀγρυπνίαν,
701 1890 796 1942 καὶ
848 1891 1126 1959 μιμεῖσθαι
1186 1895 1296 1955 τοῖς
1322 1893 1552 1962 ψαλμοῖς
1593 1892 1685 1945 καὶ

179 1979 270 2038 τοῖς
304 1976 479 2046 ὕμνοις
513 1977 573 2030 τὸ
597 1976 699 2045 τῆς
742 1978 1100 2047 μελιφθόγγου
1127 1980 1343 2050 ἀηδόνος
1385 1982 1677 2052 ἄγρυπνον,

175 2068 312 2136 ἡνίκα
331 2068 390 2120 ἂν
425 2068 643 2130 ὲπυάζει
680 2067 746 2120 δι’
774 2069 899 2138 ὅλης
921 2069 1110 2131 νυκτὸς
1141 2071 1242 2122 οὐκ
1268 2071 1682 2140 ἀποπαυομένης

175 2155 254 2208 τοῦ
277 2155 529 2225 μελῳδεῖν.
552 2155 721 2208 Τοῦτο
747 2157 855 2224 γάρ
879 2173 970 2210 σου
1005 2157 1292 2222 ποιοῦντος,
1310 2161 1408 2211 οὐκ
1442 2159 1681 2223 ἀνέξεται

174 2246 198 2296 ό
222 2244 390 2314 ἐχθρὸς
417 2245 775 2314 πολυχρονίως
802 2245 1150 2315 παρεδρεύειν
1180 2263 1282 2308 σοι,
1320 2245 1460 2316 όρῶν
1497 2246 1681 2299 ἑαυτὸν

174 2332 564 2404 ύειιοθλιὸόμενὸνΔ
586 2351 644 2386 τε
685 2335 776 2386 καὶ
812 2335 1250 2402 ἐξουθενούμενον
1288 2334 1390 2386 ὑπὸ
1433 2333 1547 2395 σοῦ,
1588 2335 1680 2386 καὶ

173 2423 270 2482 τοῖς
301 2421 392 2489 τῆς
419 2423 693 2501 ἀγρύπνου
732 2426 895 2496 εὐχῆς
934 2422 1300 2494 κεντητηρίοις
1340 2423 1680 2492 καθεκάστην

174 2513 564 2584 τιτρωσκόμενον
594 2515 802 2568 νύκτα.’

655 2607 777 2658 ΛΑν.
794 2635 862 2644 ——
881 2603 961 2668 Τῷ
989 2603 1162 2668 αὐτῷ.

233 2689 395 2744 Καλδν
424 2690 626 2759 μὲΓτδ
649 2696 1030 2765 ἀρεμϐἀστως,
1073 2696 1163 2744 καὶ
1185 2692 1591 2760 ἀμετεωρίστως
1611 2692 1675 2758 τῇ

174 2785 402 2852 νυκτερίῳ
455 2783 583 2851 εὐχῇ
637 2785 1134 2853 προσ-παραμένειν.
1185 2782 1244 2832 Εἰ
1289 2781 1344 2832 δὲ
1387 2779 1525 2831 κατά
1559 2794 1677 2829 τινα

175 2876 440 2944 πειρασμὸν
488 2867 747 2943 συμϐαίη,
811 2875 903 2926 καὶ
954 2873 1194 2940 αἰσχροῖς
1250 2887 1356 2921 τισι
1404 2867 1678 2935 λογισμοῖς

175 2965 633 3036 παρακρουσθῆναι,
677 2963 938 3034 μηδαμῶς
983 2961 1162 3032 παύσῃ
1186 2958 1279 3012 τοῦ
1309 2957 1472 3011 καλοῦ
1500 2957 1676 3046 ὲγχει-
1705 2985 1749 3046 C

175 3055 383 3123 ρήματος
409 3055 504 3123 τῆς
519 3054 838 3123 ἀγρυπνίας,
865 3053 976 3105 ἀλλ’
1000 3050 1290 3118 ἐπίμεινον,
1322 3044 1679 3100 καὶ-παλαιὼ-

175 3145 274 3215 θητι
299 3148 350 3197 ἐν
371 3145 440 3214 τῷ
461 3143 684 3213 τοιούτῳ
709 3143 872 3213 ἔργῳ,
911 3142 1001 3194 καὶ
1027 3141 1233 3201 πάντως
1268 3143 1325 3191 ἐν
1357 3137 1432 3206 τῷ
1477 3135 1681 3206 προσή-

175 3253 296 3288 κοντι
329 3234 490 3304 καιρῷ
518 3236 805 3304 τρυγήσεις
822 3233 944 3294 τοὺς
981 3231 1221 3300 καρποὺς
1250 3229 1345 3296 τῆς
1383 3227 1590 3294 σοφίας.
1620 3227 1680 3277 Εἰ

181 3329 226 3381 δέ
248 3343 320 3386 τις
347 3323 574 3392 βούλοιτο
596 3323 778 3390 ἀργῶν
799 3323 1027 3389 τρυφᾷν,
1053 3321 1139 3371 καὶ
1173 3316 1559 3385 μεθύσκεσθαι,
1590 3314 1681 3366 καὶ

175 3413 448 3466 κολακεύειν
485 3414 579 3482 τὴν
603 3413 788 3480 κοίτην
813 3409 1000 3461 ἑαυτοῦ
1033 3406 1378 3474 χαριζόμενος
1408 3403 1558 3471 ὕπνῳ
1589 3403 1681 3454 καὶ

173 3503 362 3571 οὖΘεῷ,
397 3504 630 3573 βλεπέτω
657 3501 783 3561 τοὺς
822 3501 884 3551 ὲκ
927 3497 1024 3565 τῆς
1060 3495 1359 3563 παχύτητος
1392 3492 1680 3545 ἐπανατέλ-

173 3591 334 3654 λοντας
376 3597 439 3661 τῇ
489 3593 684 3663 καρδία
726 3587 943 3659 λοιμούς
988 3604 1048 3640 τε
1095 3587 1184 3639 καὶ
1231 3587 1501 3654 μυσαροὺς
1540 3583 1682 3649 λογι-

176 3680 331 3743 σμοὺς,
364 3682 450 3731 καὶ
473 3680 872 3750 ὀνειροπολείτω
891 3677 1090 3739 λοιπὸν,
1110 3676 1200 3746 καὶ
1225 3673 1568 3744 προσδοκάτω
1585 3675 1680 3741 τὴν

173 3768 345 3820 οίκείαν
372 3770 572 3821 πτῶσίν
603 3787 661 3821 τε
706 3771 797 3821 καὶ
825 3766 1116 3820 ἀπώλειαν.
1174 3764 1310 3830 Ἐγὼ
1342 3763 1449 3831 γὰρ
1479 3763 1602 3815 ἄλλο
1629 3781 1679 3814 τι

173 3853 246 3906 νῦν
283 3858 444 3909 εἰπεῖν
491 3859 586 3909 οὐκ
619 3856 808 3918 ἀνέξω,
853 3855 933 3906 ὃτι
968 3856 1163 3913 πάντες
1203 3853 1249 3902 οἱ
1298 3852 1549 3919 σαρκικοὶ
1590 3850 1678 3901 τὸν

171 3947 339 4010 τρόπον
360 3947 458 4011 ἔξω
481 3946 574 4013 τῆς
607 3944 879 4013 βασιλείας
920 3943 1257 4010 ριφήσονται.

467 4036 584 4087 ΛΒ’.
601 4063 670 4073 --
691 4033 935 4101 ΖΩΣΙΜῼ
969 4029 1342 4096 ΟΙΚΟΝΟΜῼ.

236 4121 284 4173 '0
309 4123 400 4190 μὲν
414 4125 608 4190 φαῦλος
642 4128 864 4192 τάχιστα
892 4123 955 4175 ἂν
984 4118 1274 4186 καταγνοίη
1305 4117 1398 4170 καὶ
1422 4115 1512 4168 τοῦ
1542 4118 1676 4182 ἀγα-

173 4210 277 4261 θοῦ·
320 4214 347 4263 ό
373 4213 426 4263 δὲ
453 4215 649 4283 ἀγαθὸς
719 4213 837 4262 οὐδὲ
879 4210 969 4262 τοῦ
1017 4208 1182 4260 κακοῦ
1221 4208 1435 4276 ῥαδίως.
1468 4208 1538 4257 Τὸ
1572 4207 1675 4272 γὰρ

173 4302 233 4362 tl;
253 4302 431 4353 κακίαν
456 4302 548 4368 οὐχ
581 4301 814 4368 ἕτοιμον,
841 4299 957 4349 οὐδὲ
987 4299 1065 4358 είς
1087 4297 1333 4346 ὑπόνοιαν
1366 4295 1603 4362 εὐχερὲς.

643 4483 760 4533 Λῐν.
783 4511 846 4521 --
872 4479 952 4543 Τῷ
999 4479 1172 4543 αὐτῷ.

234 4574 283 4624 '0
347 4571 523 4640 μοιχὸς
571 4571 770 4630 πάντας
827 4567 1136 4633 ἀνθρώπους
1188 4567 1392 4633 νομίζει
1463 4568 1676 4632 μοιχοὺς

174 4659 302 4724 εἶναι,
332 4661 420 4712 καὶ
452 4661 478 4710 ό
505 4657 734 4724 κλέπτης
766 4656 964 4714 πάντας
1004 4655 1197 4721 ὁμοίως
1240 4654 1469 4713 κλέπτας
1503 4655 1675 4721 ὑπάρ-

174 4768 261 4816 χειν
303 4751 460 4803 οἴεται
486 4765 497 4777 ·
537 4751 564 4800 ὁ
595 4747 650 4799 δὲ
685 4745 932 4814 σώφρων,
968 4745 1059 4794 καὶ
1102 4743 1271 4808 ἆγιος,
1304 4745 1396 4795 καὶ
1431 4743 1677 4811 Οεοιριλὴς

173 4840 282 4908 ἀνὴρ
317 4843 514 4901 πάντας
539 4836 852 4906 ἀνθρώπους
879 4831 1144 4900 λογίζεται
1181 4835 1355 4893 ὁσίους
1398 4834 1676 4901 τυγχάνειν

174 4929 504 4990 καὶδικαίους.
554 4928 624 4977 Σὺ
673 4927 716 4976 δ’
769 4925 857 4975 ἐπὶ
898 4922 1152 4991 πονηρίαν
1202 4923 1262 4972 ἐκ
1317 4923 1536 4989 μακρῶν
1572 4923 1676 4974 τῶν

175 5013 342 5078 χρόνων
375 5014 687 5075 ἐξάκουστος
717 5011 992 5080 ὑπάρχων,
1021 5013 1224 5069 πάντας
1254 5010 1487 5076 νομίζεις
1511 5026 1674 5079 πονη-

178 5103 273 5168 ρούς
303 5120 355 5153 τε
389 5107 476 5155 καὶ
515 5103 878 5172 φαυλοτάτους
919 5097 1074 5162 εἶναι,
1111 5101 1202 5152 καὶ
1238 5104 1345 5161 τοῖς
1377 5103 1504 5151 πᾶσι
1552 5103 1673 5163 τοὺς

177 5193 341 5252 πάντας
370 5193 669 5255 διαϐάλλεις
710 5195 1064 5261 καθεκάστην,
1103 5193 1173 5252 ὡς
1215 5191 1532 5264 μοχθηροὺς,
1581 5192 1672 5243 καὶ

176 5280 373 5338 σκαιοὺς,
409 5279 498 5330 καὶ
530 5280 665 5346 ἄγαν
696 5281 1018 5349 ἀλιτηρίους.
1470 5284 1473 5290 ’

447 5370 562 5420 ΛΔ’.
589 5398 654 5407 -
699 5370 1020 5436 ΣΩΦΡΟΝΙῼ
1064 5368 1360 5436 meum.

229 5459 304 5527 Μὴ
323 5459 434 5512 θέλε
460 5460 546 5511 τὸν
572 5461 867 5529 ἡγούμενόν
918 5477 1007 5512 σου
1048 5455 1181 5511 εἶναι
1216 5459 1372 5525 cogi»:
1394 5459 1468 5526 τῷ
1497 5459 1654 5528 λόγῳ·

231 5569 265 5601 ⁸⁸
293 5569 420 5627 Osee
466 5588 568 5626 xw.
601 5572 654 5625 (ἰ.

1786 1820 1895 1859 nuo
1919 1805 2208 1872 respirare,
2239 1805 2320 1859 sic
2350 1820 2573 1858 necesse
2592 1812 2675 1858 est
2703 1805 2962 1858 continuo
2991 1804 3161 1858 bonas
3189 1806 3323 1873 vigi~

1783 1894 1887 1948 Iias
1922 1883 2200 1962 suscipere
2222 1933 2237 1956 ,
2273 1899 2327 1948 et
2365 1895 2605 1961 agitare,
2637 1893 2982 1960 aemularique
3012 1901 3065 1946 et
3099 1893 3322 1960 psalmis

1779 1989 1834 2038 et
1863 1983 2078 2053 hymnis
2127 1981 2382 2036 melliﬂuo
2414 1990 2577 2035 cantu
2639 1983 2950 2050 praeditam,
2990 1995 3054 2033 ac
3110 1981 3320 2049 vigilem

1779 2071 2086 2135 lusciniam,
2116 2086 2238 2123 cum
2261 2070 2352 2122 illa
2383 2069 2499 2124 ovis
2523 2071 2786 2123 incubans
2807 2085 2901 2138 per
2925 2076 3089 2122 tutam
3113 2080 3320 2122 noctem

1779 2167 1996 2224 cantus,
2026 2174 2162 2228 quos
2192 2173 2469 2228 nunquam
2501 2158 2848 2212 remissiores
2899 2156 3050 2222 facit,
3102 2157 3232 2211 edit.
3264 2158 3320 2210 Id

1779 2253 1872 2305 ubi
1900 2252 2193 2320 per-egeris,
2229 2251 2371 2304 haud
2413 2250 2705 2306 sustinebit
2745 2248 3090 2302 adversarius
3118 2247 3322 2301 diutius

1779 2341 1832 2395 in
1867 2351 1917 2394 te
1943 2340 2246 2402 iuunorari,
2289 2341 2480 2393 videns
2509 2355 2567 2392 se
2591 2338 2688 2392 abs
2734 2346 2785 2390 te
2816 2351 3083 2405 pressum,
3137 2335 3318 2400 negle-

1777 2437 2054 2496 ctumque,
2085 2436 2138 2480 et
2167 2427 2432 2481 orationis
2461 2426 2639 2494 vigilis
2675 2424 3058 2492 punctionibus
3077 2423 3320 2493 qualibet

1776 2527 1938 2572 nocte
1973 2520 2333 2572 vulneratum.

2230 2607 2331 2674 ιθ
2361 2603 2546 2657 XXXI.
2568 2633 2635 2644 -—
2659 2593 2864 2656 Eidem.

1845 2697 2053 2763 Bonum
2086 2696 2340 2763 equidem
2377 2702 2481 2756 est,
2510 2701 2828 2746 constanter
2855 2699 3015 2756 atque
3044 2687 3314 2742 submisse

1776 2783 1828 2835 in
1861 2792 2124 2835 nocturna
2180 2783 2428 2834 oratione
2474 2781 2807 2847 persistere:
2851 2778 2895 2830 si
2944 2791 3072 2829 vero
3101 2775 3170 2828 ob
3217 2774 3318 2826 ali-

1777 2887 1934 2940 quam
1985 2872 2332 2925 teututiouem
2378 2869 2695 2934 contigerit,
2728 2875 2782 2920 et
2827 2867 3090 2919 obscenas
3119 2863 3322 2931 cogita-

1780 2966 1954 3016 tiones
2004 2961 2348 3028 interrumpi,
2405 2974 2432 3011 a
2483 2961 2651 3027 probo
2693 2957 2808 3023 ipse
2862 2962 3078 3018 conatu,
3136 2951 3318 3019 vigilia

1782 3069 1971 3120 nempe
1997 3092 2010 3115 ,
2051 3067 2118 3105 ne
2149 3052 2410 3110 desistas,
2461 3049 2552 3103 sed
2603 3037 2918 3115 persevera,
2969 3055 3022 3098 et
3061 3043 3116 3096 in
3155 3041 3316 3095 simili

1781 3129 2126 3215 aggressioné
2181 3142 2556 3212 inveterasee,
2607 3139 2686 3190 sic
2741 3136 2965 3189 omnino
3020 3141 3317 3200 opportuno

1780 3243 2020 3302 tempore
2057 3231 2334 3298 sapientia:
2367 3229 2576 3281 fructus
2604 3227 2865 3280 demetes.
2897 3223 3048 3288 Quod
3097 3223 3140 3275 si
3166 3221 3316 3289 quis-

1782 3323 1923 3387 piam
1956 3319 2185 3370 vuiucrit
2227 3317 2280 3368 in
2322 3316 2434 3368 otio
2479 3315 2741 3376 deliciari,
2773 3322 2825 3365 et
2857 3311 3129 3375 inebriari,
3180 3317 3233 3363 et
3263 3310 3316 3362 in

1779 3408 1974 3460 lectulo
2001 3405 2228 3470 obsequi
2258 3417 2357 3456 suo
2387 3415 2598 3460 somno,
2626 3406 2678 3452 et
2709 3414 2814 3451 non
2850 3397 2955 3451 Deo
2991 3411 3192 3450 morem
3225 3410 3315 3463 ge-

1779 3511 1930 3556 rere,
1979 3493 2283 3547 consideret
2317 3493 2386 3544 ob
2425 3489 2800 3558 pinguedinem
2837 3489 2889 3541 in
2937 3486 3116 3539 animo
3157 3499 3315 3537 exoro

1779 3594 1896 3646 tas,
1940 3583 2224 3652 pestiferas
2262 3590 2314 3635 et
2340 3579 2704 3634 exsecrandas
2755 3577 3136 3646 cogitationes,
3166 3583 3217 3626 et
3261 3573 3312 3625 in

1780 3687 2051 3745 posterum
2102 3670 2416 3740 pmvideat,
2483 3674 2863 3737 exspectelque
2915 3665 3188 3733 proprium
3240 3662 3312 3714 la-
3391 3682 3397 3692 θ

1779 3781 1930 3835 psum
1973 3771 2026 3817 et
2056 3763 2348 3815 interitum.
2387 3760 2502 3826 Ipse
2528 3760 2670 3813 enim
2703 3756 2848 3809 aliud
2894 3753 3168 3823 quidpiam
3201 3764 3307 3803 non

1778 3855 1974 3914 dicam,
2026 3852 2130 3904 nisi
2189 3850 2494 3910 veritatem,
2547 3859 2734 3899 omnes
2791 3857 3015 3896 carueos
3069 3839 3309 3892 moribus

1776 3949 1925 3994 extra
1962 3954 2182 4006 regnum
2209 3936 2352 4002 ejici.

2052 4024 2260 4078 XXXII.
2292 4054 2361 4064 —
2390 4019 2639 4076 ZOSIMO
2665 4017 3038 4074 (ῈΟΟΝΟΜΟ.

1845 4115 2124 4185 Improbus
2152 4113 2433 4181 celerrime
2485 4112 2745 4162 adversus
2793 4109 3015 4176 probum
3043 4105 3304 4174 judicium

1777 4207 1992 4258 dixerit.
2019 4203 2227 4254 Probus
2259 4214 2433 4267 neque
2484 4199 2746 4252 adversus
2787 4196 2983 4248 malum
3031 4209 3095 4248 ex
3143 4194 3305 4248 facili.

1775 4293 1926 4360 Quod
1949 4291 2092 4347 enim
2121 4290 2175 4344 iu
2211 4289 2468 4345 malitiam
2513 4301 2741 4356 pronum
2770 4300 2874 4338 non
2903 4291 3002 4345 est,
3032 4299 3203 4351 neque
3243 4300 3307 4336 ex

1781 4381 1927 4437 facili
1961 4382 2012 4433 in
2045 4379 2402 4446 suspicionem
2437 4377 2596 4427 cadit.

2260 4461 2490 4514 XXXIII.
2523 4491 2590 4501 —
2623 4459 2823 4512 Eidem.

1852 4556 2074 4608 Adulter
2111 4553 2370 4606 mortales
2403 4566 2589 4604 oniues
2611 4548 2885 4602 adulteros
2919 4561 3041 4602 esse
3067 4549 3307 4619 suspica-

1781 4656 1887 4710 tur,
1916 4653 1968 4699 et
2007 4644 2091 4696 Iur
2134 4643 2380 4697 similiter
2410 4655 2598 4695 omnes
2647 4637 2793 4692 fures
2827 4652 2944 4690 esse
2993 4636 3303 4689 existimat:

1753 4742 1827 4789 “et
1856 4734 2122 4803 prudens,
2156 4742 2412 4792 sanctus,
2469 4740 2521 4784 et
2569 4731 2684 4796 pius
2720 4728 2799 4778 vir
2850 4739 3034 4778 omnes
3065 4724 3308 4780 homines

1777 4833 1994 4879 sanctos
2029 4837 2149 4876 esse
2195 4836 2258 4874 ac
2295 4822 2472 4889 justos
2503 4818 2690 4872 credit.
2725 4817 2804 4868 Tu
2842 4828 3003 4882 porro
3033 4814 3086 4865 in
3116 4817 3306 4882 nequi-

1779 4918 1848 4969 tia
1880 4915 2076 4966 InuItos
2104 4913 2301 4965 abhinc
2323 4926 2490 4964 annos
2513 4907 2822 4960 dilIamatus
2853 4919 2971 4956 cum
3002 4905 3096 4968 sis,
3122 4919 3306 4959 omnes

1780 5007 1948 5058 malos
2000 5018 2062 5056 ac
2106 5001 2467 5069 nequissimos
2510 5011 2628 5050 esse
2677 4995 2956 5061 opinaris;
3012 5009 3307 5061 omnesque

1781 5093 1918 5161 apud
1953 5093 2233 5144 universos
2263 5087 2524 5156 quotidie,
2555 5094 2810 5153 tanquam
2853 5084 2950 5151 1'7
2981 5083 3224 5146 stolidos,
3253 5090 3307 5135 et

1782 5185 2011 5250 ineptos,
2043 5188 2094 5233 et
2129 5193 2287 5246 quam
2314 5177 2544 5229 maxime
2571 5176 2859 5228 sceleratos
2889 5186 3132 5225 accusas.

1992 5369 2224 5425 XXXIV.
2250 5402 2314 5411 —
2342 5365 2723 5422 SOI’IIRONIO
2763 5361 3101 5418 MONAC‘IIO.

1845 5459 2196 5527 Praepositum
2229 5467 2391 5512 tuum
2442 5458 2737 5528 sapientem
2789 5469 2908 5508 esse
2962 5453 3015 5505 in
3063 5464 3310 5506 sermone
3362 5510 3368 5512 νγ
