  <div class='ocr_page' id='page_1' title='image "/cluster/home/n/w/nwhite01/storage/ocr_20150623/79/pst.000005712786/057.png"; bbox 0 0 4134 6328; ppageno 0'>
   <div class='ocr_carea' id='block_1_1' title="bbox 721 190 2451 273">
    <p class='ocr_par' dir='ltr' id='par_1_1' title="bbox 721 190 2451 273">
     <span class='ocr_line' id='line_1_1' title="bbox 721 190 2451 273; baseline -0.015 0"><span class='ocrx_word' id='word_1_1' title='bbox 721 213 793 273; x_wconf 80' lang='lat'><strong>99</strong></span> <span class='ocrx_word' id='word_1_2' title='bbox 2195 195 2252 253; x_wconf 66' lang='grc' dir='ltr'><strong>Ξ.</strong></span> <span class='ocrx_word' id='word_1_3' title='bbox 2289 190 2451 250; x_wconf 82' lang='lat' dir='ltr'><strong>NILI</strong></span> 
     </span>
    </p>
   </div>
   <div class='ocr_carea' id='block_1_2' title="bbox 3805 176 3919 239">
    <p class='ocr_par' dir='ltr' id='par_1_2' title="bbox 3805 176 3919 239">
     <span class='ocr_line' id='line_1_2' title="bbox 3805 176 3919 239; baseline 0.009 -2"><span class='ocrx_word' id='word_1_4' title='bbox 3805 176 3919 239; x_wconf 86' lang='lat'><strong>100</strong></span> 
     </span>
    </p>
   </div>
   <div class='ocr_carea' id='block_1_3' title="bbox 724 273 2284 380">
    <p class='ocr_par' dir='ltr' id='par_1_3' title="bbox 724 304 2263 380">
     <span class='ocr_line' id='line_1_3' title="bbox 724 304 2263 380; baseline -0.011 -13"><span class='ocrx_word' id='word_1_5' title='bbox 724 330 791 368; x_wconf 85' lang='lat' dir='ltr'><strong>ne</strong></span> <span class='ocrx_word' id='word_1_6' title='bbox 833 312 1054 380; x_wconf 84' lang='lat' dir='ltr'><strong>cupito:</strong></span> <span class='ocrx_word' id='word_1_7' title='bbox 1103 324 1278 378; x_wconf 86' lang='lat' dir='ltr'><strong>neque</strong></span> <span class='ocrx_word' id='word_1_8' title='bbox 1310 311 1452 362; x_wconf 85' lang='lat' dir='ltr'><strong>enim</strong></span> <span class='ocrx_word' id='word_1_9' title='bbox 1495 308 1589 377; x_wconf 81' lang='lat' dir='ltr'><strong>qui</strong></span> <span class='ocrx_word' id='word_1_10' title='bbox 1640 304 1784 360; x_wconf 84' lang='lat' dir='ltr'><strong>docti</strong></span> <span class='ocrx_word' id='word_1_11' title='bbox 1834 312 1962 360; x_wconf 86' lang='lat' dir='ltr'><strong>sunt</strong></span> <span class='ocrx_word' id='word_1_12' title='bbox 2014 313 2263 356; x_wconf 90' lang='lat' dir='ltr'><strong>sermone</strong></span> 
     </span>
    </p>
   </div>
   <div class='ocr_carea' id='block_1_4' title="bbox 2385 273 3924 380">
    <p class='ocr_par' dir='ltr' id='par_1_4' title="bbox 2385 273 3924 362">
     <span class='ocr_line' id='line_1_4' title="bbox 2385 273 3924 362; baseline -0.004 -18"><span class='ocrx_word' id='word_1_13' title='bbox 2385 296 2422 346; x_wconf 67' lang='lat' dir='ltr'><strong>uti</strong></span> <span class='ocrx_word' id='word_1_14' title='bbox 2446 295 2550 362; x_wconf 73' lang='grc' dir='ltr'><strong>γὰρ</strong></span> <span class='ocrx_word' id='word_1_15' title='bbox 2579 293 2791 355; x_wconf 76' lang='grc' dir='ltr'>πάντως</span> <span class='ocrx_word' id='word_1_16' title='bbox 2846 292 2895 346; x_wconf 78' lang='grc' dir='ltr'>οι</span> <span class='ocrx_word' id='word_1_17' title='bbox 2950 291 3101 360; x_wconf 73' lang='grc' dir='ltr'>σοφοὶ</span> <span class='ocrx_word' id='word_1_18' title='bbox 3139 290 3214 357; x_wconf 85' lang='grc' dir='ltr'>τῷ</span> <span class='ocrx_word' id='word_1_19' title='bbox 3251 288 3391 358; x_wconf 81' lang='grc' dir='ltr'>λόγῳ</span> <span class='ocrx_word' id='word_1_20' title='bbox 3431 273 3779 357; x_wconf 73' lang='grc' dir='ltr'>εὗαρεστοῠσι</span> <span class='ocrx_word' id='word_1_21' title='bbox 3836 286 3924 353; x_wconf 76' lang='grc' dir='ltr'>τῷ</span> 
     </span>
    </p>
   </div>
   <div class='ocr_carea' id='block_1_5' title="bbox 728 391 2262 467">
    <p class='ocr_par' dir='ltr' id='par_1_5' title="bbox 728 391 2262 467">
     <span class='ocr_line' id='line_1_5' title="bbox 728 391 2262 467; baseline -0.012 -15"><span class='ocrx_word' id='word_1_22' title='bbox 728 403 834 454; x_wconf 82' lang='lat' dir='ltr'><strong>Deo</strong></span> <span class='ocrx_word' id='word_1_23' title='bbox 859 401 1092 467; x_wconf 81' lang='lat' dir='ltr'><strong>placent,</strong></span> <span class='ocrx_word' id='word_1_24' title='bbox 1124 397 1218 450; x_wconf 88' lang='lat' dir='ltr'><strong>sed</strong></span> <span class='ocrx_word' id='word_1_25' title='bbox 1249 395 1380 447; x_wconf 80' lang='lat' dir='ltr'><strong>illud</strong></span> <span class='ocrx_word' id='word_1_26' title='bbox 1411 409 1629 457; x_wconf 87' lang='lat' dir='ltr'><strong>conare,</strong></span> <span class='ocrx_word' id='word_1_27' title='bbox 1680 400 1736 446; x_wconf 91' lang='lat' dir='ltr'><strong>ut</strong></span> <span class='ocrx_word' id='word_1_28' title='bbox 1782 391 1847 445; x_wconf 87' lang='lat' dir='ltr'><strong>ad</strong></span> <span class='ocrx_word' id='word_1_29' title='bbox 1892 391 2048 442; x_wconf 81' lang='lat' dir='ltr'><strong>ﬁnem</strong></span> <span class='ocrx_word' id='word_1_30' title='bbox 2091 397 2262 465; x_wconf 89' lang='lat' dir='ltr'><strong>usque</strong></span> 
     </span>
    </p>
   </div>
   <div class='ocr_carea' id='block_1_6' title="bbox 725 469 2263 555">
    <p class='ocr_par' dir='ltr' id='par_1_6' title="bbox 725 469 2263 555">
     <span class='ocr_line' id='line_1_6' title="bbox 725 469 2263 555; baseline -0.012 -15"><span class='ocrx_word' id='word_1_31' title='bbox 725 486 998 555; x_wconf 75' lang='lat' dir='ltr'><strong>ignoranti</strong></span> <span class='ocrx_word' id='word_1_32' title='bbox 1028 485 1336 551; x_wconf 87' lang='lat' dir='ltr'><strong>subjaceas,</strong></span> <span class='ocrx_word' id='word_1_33' title='bbox 1370 482 1460 550; x_wconf 98' lang='lat' dir='ltr'><strong>qui</strong></span> <span class='ocrx_word' id='word_1_34' title='bbox 1485 481 1740 550; x_wconf 85' lang='lat' dir='ltr'><strong>opinione</strong></span> <span class='ocrx_word' id='word_1_35' title='bbox 1775 477 2052 531; x_wconf 86' lang='lat' dir='ltr'><strong>hominum</strong></span> <span class='ocrx_word' id='word_1_36' title='bbox 2077 469 2263 526; x_wconf 88' lang='lat' dir='ltr'><strong>mundi</strong></span> 
     </span>
    </p>
   </div>
   <div class='ocr_carea' id='block_1_7' title="bbox 723 560 2262 644">
    <p class='ocr_par' dir='ltr' id='par_1_7' title="bbox 723 560 2262 644">
     <span class='ocr_line' id='line_1_7' title="bbox 723 560 2262 644; baseline -0.014 -12"><span class='ocrx_word' id='word_1_37' title='bbox 723 576 987 644; x_wconf 89' lang='lat' dir='ltr'><strong>sapientia</strong></span> <span class='ocrx_word' id='word_1_38' title='bbox 1015 574 1259 636; x_wconf 78' lang='lat' dir='ltr'><strong>excellis;</strong></span> <span class='ocrx_word' id='word_1_39' title='bbox 1280 573 1359 624; x_wconf 89' lang='lat' dir='ltr'><strong>sic</strong></span> <span class='ocrx_word' id='word_1_40' title='bbox 1374 573 1515 624; x_wconf 89' lang='lat' dir='ltr'><strong>enim</strong></span> <span class='ocrx_word' id='word_1_41' title='bbox 1542 568 1880 627; x_wconf 77' lang='lat' dir='ltr'><strong>humilitatis,</strong></span> <span class='ocrx_word' id='word_1_42' title='bbox 1899 571 1951 618; x_wconf 90' lang='lat' dir='ltr'><strong>et</strong></span> <span class='ocrx_word' id='word_1_43' title='bbox 1975 576 2111 616; x_wconf 65' lang='lat' dir='ltr'><strong>verae</strong></span> <span class='ocrx_word' id='word_1_44' title='bbox 2133 560 2262 614; x_wconf 88' lang='lat' dir='ltr'><strong>sub-</strong></span> 
     </span>
    </p>
   </div>
   <div class='ocr_carea' id='block_1_8' title="bbox 726 650 2264 728">
    <p class='ocr_par' dir='ltr' id='par_1_8' title="bbox 726 650 2264 728">
     <span class='ocr_line' id='line_1_8' title="bbox 726 650 2264 728; baseline -0.012 -9"><span class='ocrx_word' id='word_1_45' title='bbox 726 665 1005 719; x_wconf 85' lang='lat' dir='ltr'><strong>missionis</strong></span> <span class='ocrx_word' id='word_1_46' title='bbox 1046 661 1333 720; x_wconf 81' lang='lat' dir='ltr'><strong>admodum</strong></span> <span class='ocrx_word' id='word_1_47' title='bbox 1361 660 1592 728; x_wconf 78' lang='lat' dir='ltr'><strong>pretiosa</strong></span> <span class='ocrx_word' id='word_1_48' title='bbox 1655 670 1853 710; x_wconf 84' lang='lat' dir='ltr'><strong>corona</strong></span> <span class='ocrx_word' id='word_1_49' title='bbox 1892 650 2264 708; x_wconf 82' lang='lat' dir='ltr'><strong>exornaberis.</strong></span> 
     </span>
    </p>
   </div>
   <div class='ocr_carea' id='block_1_9' title="bbox 1223 744 1771 813">
    <p class='ocr_par' dir='ltr' id='par_1_9' title="bbox 1223 744 1771 813">
     <span class='ocr_line' id='line_1_9' title="bbox 1223 744 1771 813; baseline -0.004 -12"><span class='ocrx_word' id='word_1_50' title='bbox 1223 747 1446 813; x_wconf 75' lang='lat' dir='ltr'><strong>xxxv.</strong></span> <span class='ocrx_word' id='word_1_51' title='bbox 1468 776 1537 788; x_wconf 88' lang='grc'><strong><em>-</em></strong></span> <span class='ocrx_word' id='word_1_52' title='bbox 1565 744 1771 799; x_wconf 83' lang='lat' dir='ltr'><strong>Eidem.</strong></span> 
     </span>
    </p>
   </div>
   <div class='ocr_carea' id='block_1_10' title="bbox 792 829 2265 902">
    <p class='ocr_par' dir='ltr' id='par_1_10' title="bbox 792 829 2265 902">
     <span class='ocr_line' id='line_1_10' title="bbox 792 829 2265 902; baseline -0.009 -9"><span class='ocrx_word' id='word_1_53' title='bbox 792 840 937 893; x_wconf 72' lang='lat' dir='ltr'><strong>Nihil</strong></span> <span class='ocrx_word' id='word_1_54' title='bbox 966 838 1188 892; x_wconf 85' lang='lat' dir='ltr'><strong>omnino</strong></span> <span class='ocrx_word' id='word_1_55' title='bbox 1242 846 1348 890; x_wconf 69' lang='lat' dir='ltr'><strong>tute</strong></span> <span class='ocrx_word' id='word_1_56' title='bbox 1383 835 1736 891; x_wconf 86' lang='lat' dir='ltr'><strong>submissioni</strong></span> <span class='ocrx_word' id='word_1_57' title='bbox 1767 841 1822 888; x_wconf 88' lang='lat' dir='ltr'><strong>et</strong></span> <span class='ocrx_word' id='word_1_58' title='bbox 1851 839 2056 902; x_wconf 73' lang='lat' dir='ltr'><strong>pacata:</strong></span> <span class='ocrx_word' id='word_1_59' title='bbox 2080 829 2265 889; x_wconf 87' lang='lat' dir='ltr'><strong>menti,</strong></span> 
     </span>
    </p>
   </div>
   <div class='ocr_carea' id='block_1_11' title="bbox 727 920 2266 994">
    <p class='ocr_par' dir='ltr' id='par_1_11' title="bbox 727 920 2266 994">
     <span class='ocr_line' id='line_1_11' title="bbox 727 920 2266 994; baseline -0.007 -12"><span class='ocrx_word' id='word_1_60' title='bbox 727 931 894 982; x_wconf 89' lang='lat' dir='ltr'><strong>multa</strong></span> <span class='ocrx_word' id='word_1_61' title='bbox 935 929 1013 982; x_wconf 90' lang='lat' dir='ltr'><strong>tui</strong></span> <span class='ocrx_word' id='word_1_62' title='bbox 1048 929 1260 982; x_wconf 88' lang='lat' dir='ltr'><strong>abbatis</strong></span> <span class='ocrx_word' id='word_1_63' title='bbox 1291 927 1347 979; x_wconf 90' lang='lat' dir='ltr'><strong>in</strong></span> <span class='ocrx_word' id='word_1_64' title='bbox 1385 940 1658 989; x_wconf 82' lang='lat' dir='ltr'><strong>sermone,</strong></span> <span class='ocrx_word' id='word_1_65' title='bbox 1702 923 1796 994; x_wconf 89' lang='lat' dir='ltr'><strong>qui</strong></span> <span class='ocrx_word' id='word_1_66' title='bbox 1841 937 1939 978; x_wconf 91' lang='lat' dir='ltr'><strong>ore</strong></span> <span class='ocrx_word' id='word_1_67' title='bbox 1971 920 2266 992; x_wconf 79' lang='lat' dir='ltr'><strong>profertur,</strong></span> 
     </span>
    </p>
   </div>
   <div class='ocr_carea' id='block_1_12' title="bbox 727 1015 1586 1086">
    <p class='ocr_par' dir='ltr' id='par_1_12' title="bbox 727 1015 1586 1086">
     <span class='ocr_line' id='line_1_12' title="bbox 727 1015 1586 1086; baseline -0.002 -17"><span class='ocrx_word' id='word_1_68' title='bbox 727 1018 1055 1086; x_wconf 75' lang='lat' dir='ltr'><strong>ignorantia,</strong></span> <span class='ocrx_word' id='word_1_69' title='bbox 1098 1017 1426 1085; x_wconf 78' lang='lat' dir='ltr'><strong>detrimento</strong></span> <span class='ocrx_word' id='word_1_70' title='bbox 1461 1015 1586 1068; x_wconf 91' lang='lat' dir='ltr'><strong>erit.</strong></span> 
     </span>
    </p>
   </div>
   <div class='ocr_carea' id='block_1_13' title="bbox 1215 1101 1787 1160">
    <p class='ocr_par' dir='ltr' id='par_1_13' title="bbox 1215 1101 1787 1160">
     <span class='ocr_line' id='line_1_13' title="bbox 1215 1101 1787 1160; baseline -0.012 0"><span class='ocrx_word' id='word_1_71' title='bbox 1215 1103 1452 1160; x_wconf 65' lang='lat' dir='ltr'><strong>XXXVI.</strong></span> <span class='ocrx_word' id='word_1_72' title='bbox 1484 1132 1554 1145; x_wconf 91' lang='lat'><strong><em>—</em></strong></span> <span class='ocrx_word' id='word_1_73' title='bbox 1585 1101 1787 1155; x_wconf 77' lang='lat' dir='ltr'><strong>Eidem.</strong></span> 
     </span>
    </p>
   </div>
   <div class='ocr_carea' id='block_1_14' title="bbox 799 1176 2267 1257">
    <p class='ocr_par' dir='ltr' id='par_1_14' title="bbox 799 1176 2267 1257">
     <span class='ocr_line' id='line_1_14' title="bbox 799 1176 2267 1257; baseline -0.005 -12"><span class='ocrx_word' id='word_1_74' title='bbox 799 1213 820 1245; x_wconf 69' lang='grc' dir='ltr'><em>ς</em></span> <span class='ocrx_word' id='word_1_75' title='bbox 860 1194 1001 1248; x_wconf 91' lang='lat' dir='ltr'><strong>Deus</strong></span> <span class='ocrx_word' id='word_1_76' title='bbox 1034 1202 1220 1247; x_wconf 87' lang='lat' dir='ltr'><strong>noster</strong></span> <span class='ocrx_word' id='word_1_77' title='bbox 1263 1176 1695 1247; x_wconf 84' lang='lat' dir='ltr'><strong>misericordiam</strong></span> <span class='ocrx_word' id='word_1_78' title='bbox 1749 1197 1803 1244; x_wconf 87' lang='lat' dir='ltr'><strong>et</strong></span> <span class='ocrx_word' id='word_1_79' title='bbox 1848 1187 2117 1257; x_wconf 82' lang='lat' dir='ltr'><strong>judicium</strong></span> <span class='ocrx_word' id='word_1_80' title='bbox 2140 1185 2267 1239; x_wconf 89' lang='lat' dir='ltr'><strong>dili-</strong></span> 
     </span>
    </p>
   </div>
   <div class='ocr_carea' id='block_1_15' title="bbox 725 1279 2274 1352">
    <p class='ocr_par' dir='ltr' id='par_1_15' title="bbox 725 1279 2274 1352">
     <span class='ocr_line' id='line_1_15' title="bbox 725 1279 2274 1352; baseline -0.003 -18"><span class='ocrx_word' id='word_1_81' title='bbox 725 1283 802 1352; x_wconf 79' lang='lat' dir='ltr'><strong>git</strong></span> <span class='ocrx_word' id='word_1_82' title='bbox 823 1284 868 1314; x_wconf 86' lang='grc'><strong>⁸³</strong></span> <span class='ocrx_word' id='word_1_83' title='bbox 899 1321 914 1344; x_wconf 90' lang='grc'><strong>,</strong></span> <span class='ocrx_word' id='word_1_84' title='bbox 942 1300 960 1333; x_wconf 73' lang='grc' dir='ltr'><strong>ι</strong></span> <span class='ocrx_word' id='word_1_85' title='bbox 997 1291 1055 1335; x_wconf 82' lang='grc' dir='ltr'><strong>ιιι</strong></span> <span class='ocrx_word' id='word_1_86' title='bbox 1079 1284 1218 1334; x_wconf 81' lang='lat' dir='ltr'><strong>dixit</strong></span> <span class='ocrx_word' id='word_1_87' title='bbox 1246 1281 1412 1334; x_wconf 81' lang='lat' dir='ltr'><strong>David</strong></span> <span class='ocrx_word' id='word_1_88' title='bbox 1446 1299 1458 1332; x_wconf 75' lang='grc' dir='ltr'><strong>ε</strong></span> <span class='ocrx_word' id='word_1_89' title='bbox 1491 1289 1547 1334; x_wconf 81' lang='grc' dir='ltr'><strong>ιιι</strong></span> <span class='ocrx_word' id='word_1_90' title='bbox 1574 1295 1748 1348; x_wconf 91' lang='lat' dir='ltr'><strong>neque</strong></span> <span class='ocrx_word' id='word_1_91' title='bbox 1777 1279 2144 1333; x_wconf 69' lang='lat' dir='ltr'><strong>misericordia</strong></span> <span class='ocrx_word' id='word_1_92' title='bbox 2175 1289 2274 1330; x_wconf 92' lang='lat' dir='ltr'><strong>nos</strong></span> 
     </span>
    </p>
   </div>
   <div class='ocr_carea' id='block_1_16' title="bbox 726 1367 2272 1438">
    <p class='ocr_par' dir='ltr' id='par_1_16' title="bbox 726 1367 2272 1438">
     <span class='ocr_line' id='line_1_16' title="bbox 726 1367 2272 1438; baseline -0.001 -15"><span class='ocrx_word' id='word_1_93' title='bbox 726 1371 1008 1438; x_wconf 76' lang='lat' dir='ltr'><strong>segniores</strong></span> <span class='ocrx_word' id='word_1_94' title='bbox 1036 1370 1249 1430; x_wconf 86' lang='lat' dir='ltr'><strong>reddat,</strong></span> <span class='ocrx_word' id='word_1_95' title='bbox 1282 1385 1457 1438; x_wconf 90' lang='lat' dir='ltr'><strong>neque</strong></span> <span class='ocrx_word' id='word_1_96' title='bbox 1485 1369 1750 1437; x_wconf 88' lang='lat' dir='ltr'><strong>judicium</strong></span> <span class='ocrx_word' id='word_1_97' title='bbox 1791 1368 1962 1423; x_wconf 92' lang='lat' dir='ltr'><strong>solum</strong></span> <span class='ocrx_word' id='word_1_98' title='bbox 1994 1369 2048 1420; x_wconf 91' lang='lat' dir='ltr'><strong>in</strong></span> <span class='ocrx_word' id='word_1_99' title='bbox 2078 1367 2272 1434; x_wconf 86' lang='lat' dir='ltr'><strong>despe-</strong></span> 
     </span>
    </p>
   </div>
   <div class='ocr_carea' id='block_1_17' title="bbox 727 1456 2276 1526">
    <p class='ocr_par' dir='ltr' id='par_1_17' title="bbox 727 1456 2276 1526">
     <span class='ocr_line' id='line_1_17' title="bbox 727 1456 2276 1526; baseline -0.003 -17"><span class='ocrx_word' id='word_1_100' title='bbox 727 1459 994 1510; x_wconf 83' lang='lat' dir='ltr'><strong>rationem</strong></span> <span class='ocrx_word' id='word_1_101' title='bbox 1027 1459 1267 1510; x_wconf 89' lang='lat' dir='ltr'><strong>inducat.</strong></span> <span class='ocrx_word' id='word_1_102' title='bbox 1301 1456 1546 1526; x_wconf 82' lang='lat' dir='ltr'><strong>Namque</strong></span> <span class='ocrx_word' id='word_1_103' title='bbox 1578 1458 1688 1509; x_wconf 88' lang='lat' dir='ltr'><strong>ait:</strong></span> <span class='ocrx_word' id='word_1_104' title='bbox 1721 1473 1739 1506; x_wconf 74' lang='grc' dir='ltr'><strong>ι</strong></span> <span class='ocrx_word' id='word_1_105' title='bbox 1766 1456 1820 1509; x_wconf 87' lang='lat' dir='ltr'><strong>Si</strong></span> <span class='ocrx_word' id='word_1_106' title='bbox 1854 1456 1995 1509; x_wconf 91' lang='lat' dir='ltr'><strong>Deus</strong></span> <span class='ocrx_word' id='word_1_107' title='bbox 2019 1456 2276 1510; x_wconf 77' lang='lat' dir='ltr'><strong>observa-</strong></span> 
     </span>
    </p>
   </div>
   <div class='ocr_carea' id='block_1_18' title="bbox 2362 377 3922 454">
    <p class='ocr_par' dir='ltr' id='par_1_18' title="bbox 2362 377 3922 454">
     <span class='ocr_line' id='line_1_18' title="bbox 2362 377 3922 454; baseline -0.006 -18"><span class='ocrx_word' id='word_1_108' title='bbox 2362 384 2496 453; x_wconf 85' lang='grc' dir='ltr'>Θεῷ,</span> <span class='ocrx_word' id='word_1_109' title='bbox 2524 384 2636 436; x_wconf 79' lang='grc' dir='ltr'>ἀλλ’</span> <span class='ocrx_word' id='word_1_110' title='bbox 2653 388 2826 437; x_wconf 80' lang='grc' dir='ltr'>ἐκεῖνο</span> <span class='ocrx_word' id='word_1_111' title='bbox 2851 383 3099 454; x_wconf 79' lang='grc' dir='ltr'><strong>ζήτησον,</strong></span> <span class='ocrx_word' id='word_1_112' title='bbox 3120 384 3264 444; x_wconf 85' lang='grc' dir='ltr'>ὅπως</span> <span class='ocrx_word' id='word_1_113' title='bbox 3299 381 3364 434; x_wconf 78' lang='grc' dir='ltr'>ἂν</span> <span class='ocrx_word' id='word_1_114' title='bbox 3386 380 3544 448; x_wconf 82' lang='grc' dir='ltr'>μέχρι</span> <span class='ocrx_word' id='word_1_115' title='bbox 3570 377 3749 438; x_wconf 78' lang='grc' dir='ltr'>τέλους</span> <span class='ocrx_word' id='word_1_116' title='bbox 3780 377 3922 427; x_wconf 75' lang='grc' dir='ltr'>ὐπο-</span> 
     </span>
    </p>
   </div>
   <div class='ocr_carea' id='block_1_19' title="bbox 2361 463 3921 545">
    <p class='ocr_par' dir='ltr' id='par_1_19' title="bbox 2361 463 3921 545">
     <span class='ocr_line' id='line_1_19' title="bbox 2361 463 3921 545; baseline -0.007 -19"><span class='ocrx_word' id='word_1_117' title='bbox 2361 476 2529 544; x_wconf 80' lang='grc' dir='ltr'>ταγῇς</span> <span class='ocrx_word' id='word_1_118' title='bbox 2553 474 2628 543; x_wconf 84' lang='grc' dir='ltr'><strong>τῷ</strong></span> <span class='ocrx_word' id='word_1_119' title='bbox 2661 471 2844 545; x_wconf 77' lang='grc' dir='ltr'>ἰδιώτῃ</span> <span class='ocrx_word' id='word_1_120' title='bbox 2875 474 2936 526; x_wconf 78' lang='grc' dir='ltr'>σὺ</span> <span class='ocrx_word' id='word_1_121' title='bbox 2970 477 2997 526; x_wconf 92' lang='lat'><strong>6</strong></span> <span class='ocrx_word' id='word_1_122' title='bbox 3019 472 3096 542; x_wconf 81' lang='grc' dir='ltr'>τῷ</span> <span class='ocrx_word' id='word_1_123' title='bbox 3123 473 3294 525; x_wconf 78' lang='grc' dir='ltr'>δοκεῖν</span> <span class='ocrx_word' id='word_1_124' title='bbox 3331 467 3709 537; x_wconf 81' lang='grc' dir='ltr'><strong>σεσοφισμένος</strong></span> <span class='ocrx_word' id='word_1_125' title='bbox 3730 468 3795 536; x_wconf 80' lang='grc' dir='ltr'>τῇ</span> <span class='ocrx_word' id='word_1_126' title='bbox 3821 463 3921 538; x_wconf 80' lang='grc' dir='ltr'>τοῦ</span> 
     </span>
    </p>
   </div>
   <div class='ocr_carea' id='block_1_20' title="bbox 2363 557 3925 634">
    <p class='ocr_par' dir='ltr' id='par_1_20' title="bbox 2363 557 3925 634">
     <span class='ocr_line' id='line_1_20' title="bbox 2363 557 3925 634; baseline -0.01 -15"><span class='ocrx_word' id='word_1_127' title='bbox 2363 567 2567 634; x_wconf 76' lang='grc' dir='ltr'>κόσμου</span> <span class='ocrx_word' id='word_1_128' title='bbox 2600 566 2780 633; x_wconf 66' lang='grc' dir='ltr'>σοφίᾳ,</span> <span class='ocrx_word' id='word_1_129' title='bbox 2802 565 2897 632; x_wconf 82' lang='grc' dir='ltr'>τῆς</span> <span class='ocrx_word' id='word_1_130' title='bbox 2911 560 3419 631; x_wconf 69' lang='grc' dir='ltr'>ταπεινοφροσύνης,</span> <span class='ocrx_word' id='word_1_131' title='bbox 3450 558 3543 610; x_wconf 73' lang='grc' dir='ltr'>καὶ</span> <span class='ocrx_word' id='word_1_132' title='bbox 3571 557 3666 624; x_wconf 82' lang='grc' dir='ltr'>τῆς</span> <span class='ocrx_word' id='word_1_133' title='bbox 3686 571 3925 622; x_wconf 73' lang='grc' dir='ltr'>γνησιω-</span> 
     </span>
    </p>
   </div>
   <div class='ocr_carea' id='block_1_21' title="bbox 2363 647 3922 726">
    <p class='ocr_par' dir='ltr' id='par_1_21' title="bbox 2363 647 3922 726">
     <span class='ocr_line' id='line_1_21' title="bbox 2363 647 3922 726; baseline -0.01 -15"><span class='ocrx_word' id='word_1_134' title='bbox 2363 659 2529 726; x_wconf 85' lang='grc' dir='ltr'>τάτης</span> <span class='ocrx_word' id='word_1_135' title='bbox 2562 656 2834 724; x_wconf 79' lang='grc' dir='ltr'><strong>ὑποταγῆς</strong></span> <span class='ocrx_word' id='word_1_136' title='bbox 2866 654 2954 706; x_wconf 76' lang='grc' dir='ltr'>τὸν</span> <span class='ocrx_word' id='word_1_137' title='bbox 2978 652 3340 720; x_wconf 81' lang='grc' dir='ltr'><strong>πολυτίμητον</strong></span> <span class='ocrx_word' id='word_1_138' title='bbox 3375 649 3630 717; x_wconf 82' lang='grc' dir='ltr'>στέφανον</span> <span class='ocrx_word' id='word_1_139' title='bbox 3658 647 3922 715; x_wconf 76' lang='grc' dir='ltr'>ἅναδήσῃ.</span> 
     </span>
    </p>
   </div>
   <div class='ocr_carea' id='block_1_22' title="bbox 2391 730 3406 804">
    <p class='ocr_par' dir='ltr' id='par_1_22' title="bbox 2391 730 3406 804">
     <span class='ocr_line' id='line_1_22' title="bbox 2391 730 3406 804; baseline -0.008 -5"><span class='ocrx_word' id='word_1_140' title='bbox 2391 751 2395 754; x_wconf 77' lang='grc'><em>’</em></span> <span class='ocrx_word' id='word_1_141' title='bbox 2603 730 2605 732; x_wconf 30' lang='grc'><em>’</em></span> <span class='ocrx_word' id='word_1_142' title='bbox 2883 745 3005 796; x_wconf 79' lang='lat' dir='ltr'><strong>AE&#39;.</strong></span> <span class='ocrx_word' id='word_1_143' title='bbox 3033 769 3100 782; x_wconf 87' lang='lat'><strong>--</strong></span> <span class='ocrx_word' id='word_1_144' title='bbox 3129 739 3212 804; x_wconf 84' lang='grc' dir='ltr'><strong>Τῷ</strong></span> <span class='ocrx_word' id='word_1_145' title='bbox 3229 737 3406 802; x_wconf 86' lang='grc' dir='ltr'>αὐτῷ.</span> 
     </span>
    </p>
   </div>
   <div class='ocr_carea' id='block_1_23' title="bbox 2437 822 3923 904">
    <p class='ocr_par' dir='ltr' id='par_1_23' title="bbox 2437 822 3923 904">
     <span class='ocr_line' id='line_1_23' title="bbox 2437 822 3923 904; baseline -0.013 -11"><span class='ocrx_word' id='word_1_146' title='bbox 2437 839 2598 892; x_wconf 64' lang='grc' dir='ltr'>Οὐδὲν</span> <span class='ocrx_word' id='word_1_147' title='bbox 2637 839 2695 891; x_wconf 85' lang='grc' dir='ltr'><strong>τδ</strong></span> <span class='ocrx_word' id='word_1_148' title='bbox 2742 836 2954 890; x_wconf 83' lang='grc' dir='ltr'>σύνολον</span> <span class='ocrx_word' id='word_1_149' title='bbox 2988 831 3326 904; x_wconf 73' lang='grc' dir='ltr'>παραϐλάψει</span> <span class='ocrx_word' id='word_1_150' title='bbox 3351 829 3447 899; x_wconf 80' lang='grc' dir='ltr'>τὴν</span> <span class='ocrx_word' id='word_1_151' title='bbox 3495 826 3592 896; x_wconf 78' lang='grc' dir='ltr'>σὴν</span> <span class='ocrx_word' id='word_1_152' title='bbox 3627 822 3923 892; x_wconf 82' lang='grc' dir='ltr'>ὑποταγὴν,</span> 
     </span>
    </p>
   </div>
   <div class='ocr_carea' id='block_1_24' title="bbox 2369 911 3930 998">
    <p class='ocr_par' dir='ltr' id='par_1_24' title="bbox 2369 911 3930 998">
     <span class='ocr_line' id='line_1_24' title="bbox 2369 911 3930 998; baseline -0.012 -17"><span class='ocrx_word' id='word_1_153' title='bbox 2369 929 2460 982; x_wconf 69' lang='grc' dir='ltr'>καὶ</span> <span class='ocrx_word' id='word_1_154' title='bbox 2493 926 2973 998; x_wconf 78' lang='grc' dir='ltr'>μετριοφροσύνην,</span> <span class='ocrx_word' id='word_1_155' title='bbox 3015 925 3048 994; x_wconf 79' lang='grc' dir='ltr'><strong>ἡ</strong></span> <span class='ocrx_word' id='word_1_156' title='bbox 3101 921 3269 990; x_wconf 83' lang='grc' dir='ltr'>πολλὴ</span> <span class='ocrx_word' id='word_1_157' title='bbox 3322 917 3459 972; x_wconf 79' lang='grc' dir='ltr'>κατὰ</span> <span class='ocrx_word' id='word_1_158' title='bbox 3485 917 3576 968; x_wconf 75' lang='grc' dir='ltr'>τὸν</span> <span class='ocrx_word' id='word_1_159' title='bbox 3598 911 3930 984; x_wconf 81' lang='grc' dir='ltr'>προφορικὺν</span> 
     </span>
    </p>
   </div>
   <div class='ocr_carea' id='block_1_25' title="bbox 2369 1011 3183 1086">
    <p class='ocr_par' dir='ltr' id='par_1_25' title="bbox 2369 1011 3183 1086">
     <span class='ocr_line' id='line_1_25' title="bbox 2369 1011 3183 1086; baseline -0.006 -15"><span class='ocrx_word' id='word_1_160' title='bbox 2369 1019 2524 1086; x_wconf 81' lang='grc' dir='ltr'>λόγον</span> <span class='ocrx_word' id='word_1_161' title='bbox 2545 1017 2747 1070; x_wconf 85' lang='grc' dir='ltr'>ίδιωτία</span> <span class='ocrx_word' id='word_1_162' title='bbox 2773 1015 2864 1068; x_wconf 82' lang='grc' dir='ltr'>τοῦ</span> <span class='ocrx_word' id='word_1_163' title='bbox 2903 1013 2993 1067; x_wconf 86' lang='grc' dir='ltr'>σοῦ</span> <span class='ocrx_word' id='word_1_164' title='bbox 3022 1011 3183 1066; x_wconf 76' lang='grc' dir='ltr'><strong>ἀῦὁᾶ.</strong></span> 
     </span>
    </p>
   </div>
   <div class='ocr_carea' id='block_1_26' title="bbox 2879 1096 3400 1168">
    <p class='ocr_par' dir='ltr' id='par_1_26' title="bbox 2879 1096 3400 1168">
     <span class='ocr_line' id='line_1_26' title="bbox 2879 1096 3400 1168; baseline -0.008 -11"><span class='ocrx_word' id='word_1_165' title='bbox 2879 1105 3018 1168; x_wconf 75' lang='grc' dir='ltr'><strong>Δεῖν.</strong></span> <span class='ocrx_word' id='word_1_166' title='bbox 3045 1131 3109 1144; x_wconf 66' lang='grc' dir='ltr'><strong>-ρ</strong></span> <span class='ocrx_word' id='word_1_167' title='bbox 3133 1096 3400 1153; x_wconf 69' lang='lat' dir='ltr'><strong>sanam.</strong></span> 
     </span>
    </p>
   </div>
   <div class='ocr_carea' id='block_1_27' title="bbox 2447 1182 3925 1264">
    <p class='ocr_par' dir='ltr' id='par_1_27' title="bbox 2447 1182 3925 1264">
     <span class='ocr_line' id='line_1_27' title="bbox 2447 1182 3925 1264; baseline -0.013 -15"><span class='ocrx_word' id='word_1_168' title='bbox 2447 1217 2465 1249; x_wconf 74' lang='grc' dir='ltr'><strong>ι</strong></span> <span class='ocrx_word' id='word_1_169' title='bbox 2514 1197 2571 1249; x_wconf 86' lang='grc' dir='ltr'>Ὀ</span> <span class='ocrx_word' id='word_1_170' title='bbox 2598 1196 2728 1256; x_wconf 79' lang='grc' dir='ltr'>Θεὸς</span> <span class='ocrx_word' id='word_1_171' title='bbox 2753 1193 2904 1264; x_wconf 79' lang='grc' dir='ltr'>ἡμῶν</span> <span class='ocrx_word' id='word_1_172' title='bbox 2938 1192 3124 1260; x_wconf 82' lang='grc' dir='ltr'>ἀγαπᾷ</span> <span class='ocrx_word' id='word_1_173' title='bbox 3147 1185 3511 1256; x_wconf 71' lang='grc' dir='ltr'><strong>ἐλεημοσύνην</strong></span> <span class='ocrx_word' id='word_1_174' title='bbox 3553 1184 3648 1236; x_wconf 81' lang='grc' dir='ltr'>καὶ</span> <span class='ocrx_word' id='word_1_175' title='bbox 3675 1182 3877 1253; x_wconf 82' lang='grc' dir='ltr'>κρίσιν,</span> <span class='ocrx_word' id='word_1_176' title='bbox 3905 1197 3925 1229; x_wconf 73' lang='grc' dir='ltr'><strong>ι</strong></span> 
     </span>
    </p>
   </div>
   <div class='ocr_carea' id='block_1_28' title="bbox 2373 1272 3929 1354">
    <p class='ocr_par' dir='ltr' id='par_1_28' title="bbox 2373 1272 3929 1354">
     <span class='ocr_line' id='line_1_28' title="bbox 2373 1272 3929 1354; baseline -0.012 -14"><span class='ocrx_word' id='word_1_177' title='bbox 2373 1285 2552 1346; x_wconf 84' lang='grc' dir='ltr'>καθὼς</span> <span class='ocrx_word' id='word_1_178' title='bbox 2584 1286 2768 1354; x_wconf 75' lang='grc' dir='ltr'>εἴρηκε</span> <span class='ocrx_word' id='word_1_179' title='bbox 2793 1281 2952 1334; x_wconf 87' lang='grc' dir='ltr'>Δαυίδ</span> <span class='ocrx_word' id='word_1_180' title='bbox 2972 1298 2986 1312; x_wconf 78' lang='grc' dir='ltr'><strong>ο</strong></span> <span class='ocrx_word' id='word_1_181' title='bbox 3009 1282 3095 1333; x_wconf 84' lang='grc' dir='ltr'>ἵνα</span> <span class='ocrx_word' id='word_1_182' title='bbox 3114 1280 3247 1348; x_wconf 86' lang='grc' dir='ltr'>μήτε</span> <span class='ocrx_word' id='word_1_183' title='bbox 3263 1280 3290 1331; x_wconf 91' lang='lat'><strong>6</strong></span> <span class='ocrx_word' id='word_1_184' title='bbox 3316 1276 3461 1337; x_wconf 74' lang='grc' dir='ltr'>ἔλεος</span> <span class='ocrx_word' id='word_1_185' title='bbox 3481 1272 3728 1343; x_wconf 79' lang='grc' dir='ltr'>χαυνώσῃ</span> <span class='ocrx_word' id='word_1_186' title='bbox 3760 1272 3929 1339; x_wconf 82' lang='grc' dir='ltr'>ἡμᾶς,</span> 
     </span>
    </p>
   </div>
   <div class='ocr_carea' id='block_1_29' title="bbox 2377 1361 3930 1444">
    <p class='ocr_par' dir='ltr' id='par_1_29' title="bbox 2377 1361 3930 1444">
     <span class='ocr_line' id='line_1_29' title="bbox 2377 1361 3930 1444; baseline -0.01 -17"><span class='ocrx_word' id='word_1_187' title='bbox 2377 1376 2510 1444; x_wconf 79' lang='grc' dir='ltr'>μήτε</span> <span class='ocrx_word' id='word_1_188' title='bbox 2549 1374 2679 1443; x_wconf 83' lang='grc' dir='ltr'>μόνη</span> <span class='ocrx_word' id='word_1_189' title='bbox 2716 1374 2748 1441; x_wconf 78' lang='grc' dir='ltr'><strong>η</strong></span> <span class='ocrx_word' id='word_1_190' title='bbox 2778 1372 2954 1440; x_wconf 88' lang='grc' dir='ltr'>κρίσις</span> <span class='ocrx_word' id='word_1_191' title='bbox 2988 1370 3292 1436; x_wconf 75' lang='grc' dir='ltr'>ἀπόγνωσιν</span> <span class='ocrx_word' id='word_1_192' title='bbox 3317 1366 3695 1434; x_wconf 77' lang='grc' dir='ltr'>ἐνεργάσηται.</span> <span class='ocrx_word' id='word_1_193' title='bbox 3733 1380 3750 1412; x_wconf 74' lang='grc' dir='ltr'><strong>ι</strong></span> <span class='ocrx_word' id='word_1_194' title='bbox 3798 1361 3930 1413; x_wconf 78' lang='grc' dir='ltr'>Ἐὰν</span> 
     </span>
    </p>
   </div>
   <div class='ocr_carea' id='block_1_30' title="bbox 2376 1452 3934 1534">
    <p class='ocr_par' dir='ltr' id='par_1_30' title="bbox 2376 1452 3934 1534">
     <span class='ocr_line' id='line_1_30' title="bbox 2376 1452 3934 1534; baseline -0.01 -18"><span class='ocrx_word' id='word_1_195' title='bbox 2376 1466 2502 1534; x_wconf 77' lang='grc' dir='ltr'>γὰρ,</span> <span class='ocrx_word' id='word_1_196' title='bbox 2526 1464 2677 1533; x_wconf 81' lang='grc' dir='ltr'>φησὶ,</span> <span class='ocrx_word' id='word_1_197' title='bbox 2709 1461 3071 1532; x_wconf 79' lang='grc' dir='ltr'>παρατηρήσῃ</span> <span class='ocrx_word' id='word_1_198' title='bbox 3109 1458 3331 1526; x_wconf 79' lang='grc' dir='ltr'><strong>ἀνομίας</strong></span> <span class='ocrx_word' id='word_1_199' title='bbox 3356 1459 3383 1508; x_wconf 97' lang='lat'><strong>6</strong></span> <span class='ocrx_word' id='word_1_200' title='bbox 3404 1454 3554 1516; x_wconf 73' lang='grc' dir='ltr'>Θεὸς,</span> <span class='ocrx_word' id='word_1_201' title='bbox 3594 1454 3673 1514; x_wconf 87' lang='grc' dir='ltr'><strong>τίς</strong></span> <span class='ocrx_word' id='word_1_202' title='bbox 3696 1452 3934 1519; x_wconf 85' lang='grc' dir='ltr'>ὑποστή-</span> 
     </span>
    </p>
   </div>
   <div class='ocr_carea' id='block_1_31' title="bbox 727 1543 2284 1622">
    <p class='ocr_par' dir='ltr' id='par_1_31' title="bbox 727 1543 2277 1614">
     <span class='ocr_line' id='line_1_31' title="bbox 727 1543 2277 1614; baseline 0 -16"><span class='ocrx_word' id='word_1_203' title='bbox 727 1547 866 1599; x_wconf 88' lang='lat' dir='ltr'><strong>verit</strong></span> <span class='ocrx_word' id='word_1_204' title='bbox 897 1555 1142 1613; x_wconf 86' lang='lat' dir='ltr'><strong>peccata,</strong></span> <span class='ocrx_word' id='word_1_205' title='bbox 1195 1549 1317 1614; x_wconf 88' lang='lat' dir='ltr'><strong>quis</strong></span> <span class='ocrx_word' id='word_1_206' title='bbox 1359 1547 1648 1600; x_wconf 82' lang='lat' dir='ltr'><strong>sustinebit</strong></span> <span class='ocrx_word' id='word_1_207' title='bbox 1676 1546 1754 1598; x_wconf 70' lang='lat' dir='ltr'><strong>&quot;i</strong></span> <span class='ocrx_word' id='word_1_208' title='bbox 1791 1563 1809 1596; x_wconf 86' lang='grc'><strong>›</strong></span> <span class='ocrx_word' id='word_1_209' title='bbox 1847 1543 1975 1598; x_wconf 80' lang='lat' dir='ltr'><strong>Vult</strong></span> <span class='ocrx_word' id='word_1_210' title='bbox 2008 1546 2174 1614; x_wconf 75' lang='lat' dir='ltr'><strong>judex</strong></span> <span class='ocrx_word' id='word_1_211' title='bbox 2201 1545 2277 1597; x_wconf 91' lang='lat' dir='ltr'><strong>tui</strong></span> 
     </span>
    </p>
   </div>
   <div class='ocr_carea' id='block_1_32' title="bbox 2385 1543 3936 1622">
    <p class='ocr_par' dir='ltr' id='par_1_32' title="bbox 2385 1545 3936 1622">
     <span class='ocr_line' id='line_1_32' title="bbox 2385 1545 3936 1622; baseline -0.009 -16"><span class='ocrx_word' id='word_1_212' title='bbox 2385 1571 2571 1619; x_wconf 82' lang='grc' dir='ltr'>σεται;</span> <span class='ocrx_word' id='word_1_213' title='bbox 2611 1573 2628 1605; x_wconf 77' lang='grc' dir='ltr'><strong>ι</strong></span> <span class='ocrx_word' id='word_1_214' title='bbox 2660 1552 2902 1622; x_wconf 75' lang='grc' dir='ltr'>βούλεταί</span> <span class='ocrx_word' id='word_1_215' title='bbox 2934 1569 2990 1603; x_wconf 81' lang='grc' dir='ltr'><strong>σε</strong></span> <span class='ocrx_word' id='word_1_216' title='bbox 3014 1554 3043 1603; x_wconf 91' lang='lat'><strong>6</strong></span> <span class='ocrx_word' id='word_1_217' title='bbox 3069 1550 3257 1618; x_wconf 84' lang='grc' dir='ltr'>κριτὴς</span> <span class='ocrx_word' id='word_1_218' title='bbox 3283 1547 3521 1615; x_wconf 76' lang='grc' dir='ltr'>ἐλεῆσαι,</span> <span class='ocrx_word' id='word_1_219' title='bbox 3553 1547 3646 1598; x_wconf 76' lang='grc' dir='ltr'>καὶ</span> <span class='ocrx_word' id='word_1_220' title='bbox 3679 1545 3770 1596; x_wconf 83' lang='grc' dir='ltr'>τὸν</span> <span class='ocrx_word' id='word_1_221' title='bbox 3805 1545 3936 1594; x_wconf 78' lang='grc' dir='ltr'>ἑαυ-</span> 
     </span>
    </p>
   </div>
   <div class='ocr_carea' id='block_1_33' title="bbox 731 1617 2284 1713">
    <p class='ocr_par' dir='ltr' id='par_1_33' title="bbox 731 1635 2277 1706">
     <span class='ocr_line' id='line_1_33' title="bbox 731 1635 2277 1706; baseline 0 -17"><span class='ocrx_word' id='word_1_222' title='bbox 731 1637 1016 1698; x_wconf 89' lang='lat' dir='ltr'><strong>misereri,</strong></span> <span class='ocrx_word' id='word_1_223' title='bbox 1077 1651 1340 1703; x_wconf 85' lang='lat' dir='ltr'><strong>suamque</strong></span> <span class='ocrx_word' id='word_1_224' title='bbox 1385 1635 1816 1692; x_wconf 87' lang='lat' dir='ltr'><strong>misericordiam</strong></span> <span class='ocrx_word' id='word_1_225' title='bbox 1869 1635 2168 1706; x_wconf 87' lang='lat' dir='ltr'><strong>impertiri,</strong></span> <span class='ocrx_word' id='word_1_226' title='bbox 2231 1637 2277 1689; x_wconf 86' lang='lat' dir='ltr'><strong>si</strong></span> 
     </span>
    </p>
   </div>
   <div class='ocr_carea' id='block_1_34' title="bbox 2385 1617 3938 1713">
    <p class='ocr_par' dir='ltr' id='par_1_34' title="bbox 2385 1617 3938 1713">
     <span class='ocr_line' id='line_1_34' title="bbox 2385 1617 3938 1713; baseline -0.01 -17"><span class='ocrx_word' id='word_1_227' title='bbox 2385 1643 2470 1697; x_wconf 75' lang='grc' dir='ltr'>τοῦ</span> <span class='ocrx_word' id='word_1_228' title='bbox 2503 1617 2810 1713; x_wconf 71' lang='grc' dir='ltr'>οἰκτείρμὺν</span> <span class='ocrx_word' id='word_1_229' title='bbox 2858 1617 3197 1710; x_wconf 74' lang='grc' dir='ltr'>μεταδοῦναι,</span> <span class='ocrx_word' id='word_1_230' title='bbox 3229 1637 3322 1688; x_wconf 74' lang='grc' dir='ltr'><strong>ἐὰν</strong></span> <span class='ocrx_word' id='word_1_231' title='bbox 3373 1634 3507 1705; x_wconf 77' lang='grc' dir='ltr'>εὕρῃ</span> <span class='ocrx_word' id='word_1_232' title='bbox 3545 1650 3602 1684; x_wconf 84' lang='grc' dir='ltr'><strong>σε</strong></span> <span class='ocrx_word' id='word_1_233' title='bbox 3651 1631 3786 1701; x_wconf 82' lang='grc' dir='ltr'>μετὰ</span> <span class='ocrx_word' id='word_1_234' title='bbox 3833 1631 3938 1700; x_wconf 79' lang='grc' dir='ltr'>τὴν</span> 
     </span>
    </p>
   </div>
   <div class='ocr_carea' id='block_1_35' title="bbox 730 1717 2284 1803">
    <p class='ocr_par' dir='ltr' id='par_1_35' title="bbox 730 1725 2273 1798">
     <span class='ocr_line' id='line_1_35' title="bbox 730 1725 2273 1798; baseline -0.001 -18"><span class='ocrx_word' id='word_1_235' title='bbox 730 1736 855 1798; x_wconf 89' lang='lat' dir='ltr'><strong>post</strong></span> <span class='ocrx_word' id='word_1_236' title='bbox 883 1734 1152 1794; x_wconf 84' lang='lat' dir='ltr'><strong>patratum</strong></span> <span class='ocrx_word' id='word_1_237' title='bbox 1182 1725 1439 1780; x_wconf 86' lang='lat' dir='ltr'><strong>delictum</strong></span> <span class='ocrx_word' id='word_1_238' title='bbox 1481 1735 1532 1781; x_wconf 95' lang='lat' dir='ltr'><strong>te</strong></span> <span class='ocrx_word' id='word_1_239' title='bbox 1561 1727 1900 1779; x_wconf 84' lang='lat' dir='ltr'><strong>humiliatum</strong></span> <span class='ocrx_word' id='word_1_240' title='bbox 1933 1728 2273 1794; x_wconf 87' lang='lat' dir='ltr'><strong>compererit,</strong></span> 
     </span>
    </p>
   </div>
   <div class='ocr_carea' id='block_1_36' title="bbox 2385 1717 3937 1803">
    <p class='ocr_par' dir='ltr' id='par_1_36' title="bbox 2385 1717 3937 1803">
     <span class='ocr_line' id='line_1_36' title="bbox 2385 1717 3937 1803; baseline -0.011 -17"><span class='ocrx_word' id='word_1_241' title='bbox 2385 1732 2648 1803; x_wconf 61' lang='grc' dir='ltr'>ἁμαρτίαν</span> <span class='ocrx_word' id='word_1_242' title='bbox 2669 1729 3154 1797; x_wconf 82' lang='grc' dir='ltr'>τεταπεινωμένον,</span> <span class='ocrx_word' id='word_1_243' title='bbox 3188 1726 3279 1778; x_wconf 74' lang='grc' dir='ltr'>καὶ</span> <span class='ocrx_word' id='word_1_244' title='bbox 3316 1724 3423 1777; x_wconf 84' lang='grc' dir='ltr'>τῶν</span> <span class='ocrx_word' id='word_1_245' title='bbox 3457 1721 3812 1776; x_wconf 79' lang='grc' dir='ltr'>δουλεύοντων</span> <span class='ocrx_word' id='word_1_246' title='bbox 3855 1717 3937 1787; x_wconf 83' lang='grc' dir='ltr'>τῷ</span> 
     </span>
    </p>
   </div>
   <div class='ocr_carea' id='block_1_37' title="bbox 728 1807 2284 1892">
    <p class='ocr_par' dir='ltr' id='par_1_37' title="bbox 728 1812 2278 1886">
     <span class='ocr_line' id='line_1_37' title="bbox 728 1812 2278 1886; baseline -0.003 -15"><span class='ocrx_word' id='word_1_247' title='bbox 728 1819 1030 1886; x_wconf 83' lang='lat' dir='ltr'><strong>videritque</strong></span> <span class='ocrx_word' id='word_1_248' title='bbox 1072 1828 1120 1872; x_wconf 93' lang='lat' dir='ltr'><strong>te</strong></span> <span class='ocrx_word' id='word_1_249' title='bbox 1160 1817 1423 1870; x_wconf 86' lang='lat' dir='ltr'><strong>Dominus</strong></span> <span class='ocrx_word' id='word_1_250' title='bbox 1468 1816 1542 1867; x_wconf 88' lang='lat' dir='ltr'><strong>ita</strong></span> <span class='ocrx_word' id='word_1_251' title='bbox 1585 1812 1856 1878; x_wconf 72' lang='lat' dir='ltr'><strong>affectum,</strong></span> <span class='ocrx_word' id='word_1_252' title='bbox 1898 1821 1956 1866; x_wconf 93' lang='lat' dir='ltr'><strong>ut</strong></span> <span class='ocrx_word' id='word_1_253' title='bbox 1992 1815 2133 1868; x_wconf 82' lang='lat' dir='ltr'><strong>servi</strong></span> <span class='ocrx_word' id='word_1_254' title='bbox 2185 1814 2278 1868; x_wconf 85' lang='lat' dir='ltr'><strong>Dei</strong></span> 
     </span>
    </p>
   </div>
   <div class='ocr_carea' id='block_1_38' title="bbox 2385 1807 3937 1892">
    <p class='ocr_par' dir='ltr' id='par_1_38' title="bbox 2385 1807 3937 1892">
     <span class='ocr_line' id='line_1_38' title="bbox 2385 1807 3937 1892; baseline -0.011 -17"><span class='ocrx_word' id='word_1_255' title='bbox 2385 1822 2494 1891; x_wconf 78' lang='grc' dir='ltr'><strong>Θεῷ</strong></span> <span class='ocrx_word' id='word_1_256' title='bbox 2534 1822 2667 1892; x_wconf 84' lang='grc' dir='ltr'>πρὸς</span> <span class='ocrx_word' id='word_1_257' title='bbox 2693 1820 2753 1872; x_wconf 87' lang='grc' dir='ltr'><strong>τδ</strong></span> <span class='ocrx_word' id='word_1_258' title='bbox 2786 1819 3081 1888; x_wconf 80' lang='grc' dir='ltr'>συγκαμεῖν</span> <span class='ocrx_word' id='word_1_259' title='bbox 3111 1814 3202 1868; x_wconf 82' lang='grc' dir='ltr'>τοῦ</span> <span class='ocrx_word' id='word_1_260' title='bbox 3237 1813 3450 1880; x_wconf 72' lang='grc' dir='ltr'>ἰαθῆναι</span> <span class='ocrx_word' id='word_1_261' title='bbox 3479 1812 3576 1881; x_wconf 81' lang='grc' dir='ltr'>τὴν</span> <span class='ocrx_word' id='word_1_262' title='bbox 3608 1807 3937 1880; x_wconf 73' lang='grc' dir='ltr'>ἁμαρτωλὸν</span> 
     </span>
    </p>
   </div>
   <div class='ocr_carea' id='block_1_39' title="bbox 730 1895 2284 1985">
    <p class='ocr_par' dir='ltr' id='par_1_39' title="bbox 730 1905 2276 1982">
     <span class='ocr_line' id='line_1_39' title="bbox 730 1905 2276 1982; baseline -0.003 -22"><span class='ocrx_word' id='word_1_263' title='bbox 730 1908 1106 1960; x_wconf 77' lang='lat' dir='ltr'><strong>misericordia</strong></span> <span class='ocrx_word' id='word_1_264' title='bbox 1150 1915 1242 1959; x_wconf 91' lang='lat' dir='ltr'><strong>tua</strong></span> <span class='ocrx_word' id='word_1_265' title='bbox 1274 1905 1445 1966; x_wconf 89' lang='lat' dir='ltr'><strong>ducti,</strong></span> <span class='ocrx_word' id='word_1_266' title='bbox 1480 1913 1658 1958; x_wconf 91' lang='lat' dir='ltr'><strong>tecum</strong></span> <span class='ocrx_word' id='word_1_267' title='bbox 1705 1920 1810 1956; x_wconf 90' lang='lat' dir='ltr'><strong>una</strong></span> <span class='ocrx_word' id='word_1_268' title='bbox 1843 1905 2002 1958; x_wconf 90' lang='lat' dir='ltr'><strong>simul</strong></span> <span class='ocrx_word' id='word_1_269' title='bbox 2037 1905 2276 1982; x_wconf 88' lang='lat' dir='ltr'><strong>laborem</strong></span> 
     </span>
    </p>
   </div>
   <div class='ocr_carea' id='block_1_40' title="bbox 2385 1895 3938 1985">
    <p class='ocr_par' dir='ltr' id='par_1_40' title="bbox 2385 1895 3938 1985">
     <span class='ocr_line' id='line_1_40' title="bbox 2385 1895 3938 1985; baseline -0.013 -18"><span class='ocrx_word' id='word_1_270' title='bbox 2385 1916 2553 1985; x_wconf 59' lang='grc' dir='ltr'>ψυχήν</span> <span class='ocrx_word' id='word_1_271' title='bbox 2576 1930 2693 1978; x_wconf 79' lang='grc' dir='ltr'>σου,</span> <span class='ocrx_word' id='word_1_272' title='bbox 2729 1911 2821 1963; x_wconf 72' lang='grc' dir='ltr'>ἐὰν</span> <span class='ocrx_word' id='word_1_273' title='bbox 2851 1907 3107 1975; x_wconf 84' lang='grc' dir='ltr'>θεάσηταί</span> <span class='ocrx_word' id='word_1_274' title='bbox 3147 1923 3204 1957; x_wconf 91' lang='grc' dir='ltr'><strong>σε</strong></span> <span class='ocrx_word' id='word_1_275' title='bbox 3228 1908 3256 1957; x_wconf 92' lang='lat'><strong>6</strong></span> <span class='ocrx_word' id='word_1_276' title='bbox 3302 1903 3502 1972; x_wconf 80' lang='grc' dir='ltr'>Κύριος</span> <span class='ocrx_word' id='word_1_277' title='bbox 3525 1901 3752 1952; x_wconf 75' lang='grc' dir='ltr'>ἐλεεινὸν</span> <span class='ocrx_word' id='word_1_278' title='bbox 3779 1895 3938 1964; x_wconf 81' lang='grc' dir='ltr'>γενό-</span> 
     </span>
    </p>
   </div>
   <div class='ocr_carea' id='block_1_41' title="bbox 731 1992 2278 2064">
    <p class='ocr_par' dir='ltr' id='par_1_41' title="bbox 731 1992 2278 2064">
     <span class='ocr_line' id='line_1_41' title="bbox 731 1992 2278 2064; baseline -0.002 -15"><span class='ocrx_word' id='word_1_279' title='bbox 731 1997 983 2056; x_wconf 89' lang='lat' dir='ltr'><strong>subeant,</strong></span> <span class='ocrx_word' id='word_1_280' title='bbox 1017 2009 1114 2063; x_wconf 92' lang='lat' dir='ltr'><strong>pro</strong></span> <span class='ocrx_word' id='word_1_281' title='bbox 1148 1993 1468 2064; x_wconf 88' lang='lat' dir='ltr'><strong>peccatricis</strong></span> <span class='ocrx_word' id='word_1_282' title='bbox 1512 1992 1706 2046; x_wconf 72' lang='lat' dir='ltr'><strong>animae</strong></span> <span class='ocrx_word' id='word_1_283' title='bbox 1745 2000 1850 2045; x_wconf 69' lang='lat' dir='ltr'><strong>tua:</strong></span> <span class='ocrx_word' id='word_1_284' title='bbox 1885 1992 2080 2053; x_wconf 88' lang='lat' dir='ltr'><strong>salute,</strong></span> <span class='ocrx_word' id='word_1_285' title='bbox 2113 1992 2278 2046; x_wconf 87' lang='lat' dir='ltr'><strong>mise—</strong></span> 
     </span>
    </p>
   </div>
   <div class='ocr_carea' id='block_1_42' title="bbox 733 2075 2281 2149">
    <p class='ocr_par' dir='ltr' id='par_1_42' title="bbox 733 2075 2281 2149">
     <span class='ocr_line' id='line_1_42' title="bbox 733 2075 2281 2149; baseline -0.003 -11"><span class='ocrx_word' id='word_1_286' title='bbox 733 2085 1025 2138; x_wconf 81' lang='lat' dir='ltr'><strong>ricordiam</strong></span> <span class='ocrx_word' id='word_1_287' title='bbox 1051 2098 1204 2138; x_wconf 86' lang='lat' dir='ltr'><strong>suam</strong></span> <span class='ocrx_word' id='word_1_288' title='bbox 1252 2075 1468 2135; x_wconf 81' lang='lat' dir='ltr'><strong>ab&#39;unde</strong></span> <span class='ocrx_word' id='word_1_289' title='bbox 1501 2081 1596 2133; x_wconf 90' lang='lat' dir='ltr'><strong>tibi</strong></span> <span class='ocrx_word' id='word_1_290' title='bbox 1639 2081 2028 2149; x_wconf 81' lang='lat' dir='ltr'><strong>suppeditabit.</strong></span> <span class='ocrx_word' id='word_1_291' title='bbox 2067 2079 2125 2134; x_wconf 86' lang='lat' dir='ltr'><strong>Si</strong></span> <span class='ocrx_word' id='word_1_292' title='bbox 2151 2095 2281 2134; x_wconf 82' lang='lat' dir='ltr'><strong>vero</strong></span> 
     </span>
    </p>
   </div>
   <div class='ocr_carea' id='block_1_43' title="bbox 733 2168 2283 2239">
    <p class='ocr_par' dir='ltr' id='par_1_43' title="bbox 733 2168 2283 2239">
     <span class='ocr_line' id='line_1_43' title="bbox 733 2168 2283 2239; baseline -0.004 -11"><span class='ocrx_word' id='word_1_293' title='bbox 733 2188 828 2228; x_wconf 92' lang='lat' dir='ltr'><strong>cor</strong></span> <span class='ocrx_word' id='word_1_294' title='bbox 877 2182 1092 2226; x_wconf 88' lang='lat' dir='ltr'><strong>tumens</strong></span> <span class='ocrx_word' id='word_1_295' title='bbox 1145 2170 1438 2239; x_wconf 86' lang='lat' dir='ltr'><strong>superbia,</strong></span> <span class='ocrx_word' id='word_1_296' title='bbox 1480 2168 1745 2233; x_wconf 85' lang='lat' dir='ltr'><strong>infidum,</strong></span> <span class='ocrx_word' id='word_1_297' title='bbox 1788 2178 1841 2222; x_wconf 93' lang='lat' dir='ltr'><strong>et</strong></span> <span class='ocrx_word' id='word_1_298' title='bbox 1883 2169 2149 2237; x_wconf 75' lang='lat' dir='ltr'><strong>ptenitere</strong></span> <span class='ocrx_word' id='word_1_299' title='bbox 2187 2184 2283 2222; x_wconf 80' lang='lat' dir='ltr'><strong>ne-</strong></span> 
     </span>
    </p>
   </div>
   <div class='ocr_carea' id='block_1_44' title="bbox 736 2255 2283 2329">
    <p class='ocr_par' dir='ltr' id='par_1_44' title="bbox 736 2255 2283 2329">
     <span class='ocr_line' id='line_1_44' title="bbox 736 2255 2283 2329; baseline -0.004 -13"><span class='ocrx_word' id='word_1_300' title='bbox 736 2262 912 2316; x_wconf 88' lang='lat' dir='ltr'><strong>scium</strong></span> <span class='ocrx_word' id='word_1_301' title='bbox 938 2260 1304 2329; x_wconf 78' lang='lat' dir='ltr'><strong>conspexerit,</strong></span> <span class='ocrx_word' id='word_1_302' title='bbox 1347 2266 1402 2312; x_wconf 85' lang='lat' dir='ltr'><strong>et</strong></span> <span class='ocrx_word' id='word_1_303' title='bbox 1435 2257 1584 2311; x_wconf 91' lang='lat' dir='ltr'><strong>nullo</strong></span> <span class='ocrx_word' id='word_1_304' title='bbox 1613 2256 1777 2310; x_wconf 88' lang='lat' dir='ltr'><strong>modo</strong></span> <span class='ocrx_word' id='word_1_305' title='bbox 1807 2255 2048 2310; x_wconf 89' lang='lat' dir='ltr'><strong>futurum</strong></span> <span class='ocrx_word' id='word_1_306' title='bbox 2088 2258 2283 2311; x_wconf 83' lang='lat' dir='ltr'><strong>timens</strong></span> 
     </span>
    </p>
   </div>
   <div class='ocr_carea' id='block_1_45' title="bbox 733 2343 2286 2421">
    <p class='ocr_par' dir='ltr' id='par_1_45' title="bbox 733 2343 2286 2421">
     <span class='ocr_line' id='line_1_45' title="bbox 733 2343 2286 2421; baseline -0.002 -18"><span class='ocrx_word' id='word_1_307' title='bbox 733 2350 1021 2421; x_wconf 78' lang='lat' dir='ltr'><strong>judicium,</strong></span> <span class='ocrx_word' id='word_1_308' title='bbox 1074 2357 1203 2402; x_wconf 91' lang='lat' dir='ltr'><strong>tunc</strong></span> <span class='ocrx_word' id='word_1_309' title='bbox 1265 2347 1371 2416; x_wconf 63' lang='grc' dir='ltr'><strong>ιε</strong></span> <span class='ocrx_word' id='word_1_310' title='bbox 1418 2361 1579 2410; x_wconf 86' lang='lat' dir='ltr'><strong>sane,</strong></span> <span class='ocrx_word' id='word_1_311' title='bbox 1622 2354 1751 2400; x_wconf 90' lang='lat' dir='ltr'><strong>tunc</strong></span> <span class='ocrx_word' id='word_1_312' title='bbox 1790 2343 1932 2400; x_wconf 88' lang='lat' dir='ltr'><strong>Deus</strong></span> <span class='ocrx_word' id='word_1_313' title='bbox 1954 2353 2100 2398; x_wconf 82' lang='lat' dir='ltr'><strong>amat</strong></span> <span class='ocrx_word' id='word_1_314' title='bbox 2139 2347 2286 2415; x_wconf 84' lang='lat' dir='ltr'><strong>judi-</strong></span> 
     </span>
    </p>
   </div>
   <div class='ocr_carea' id='block_1_46' title="bbox 739 2435 2283 2507">
    <p class='ocr_par' dir='ltr' id='par_1_46' title="bbox 739 2435 2283 2507">
     <span class='ocr_line' id='line_1_46' title="bbox 739 2435 2283 2507; baseline -0.003 -14"><span class='ocrx_word' id='word_1_315' title='bbox 739 2440 909 2504; x_wconf 87' lang='lat' dir='ltr'><strong>cium,</strong></span> <span class='ocrx_word' id='word_1_316' title='bbox 961 2435 1420 2507; x_wconf 87' lang='lat' dir='ltr'><strong>quemadmodum</strong></span> <span class='ocrx_word' id='word_1_317' title='bbox 1459 2435 1704 2491; x_wconf 90' lang='lat' dir='ltr'><strong>medicus</strong></span> <span class='ocrx_word' id='word_1_318' title='bbox 1729 2435 1949 2504; x_wconf 83' lang='lat' dir='ltr'><strong>liquidis</strong></span> <span class='ocrx_word' id='word_1_319' title='bbox 2007 2435 2283 2500; x_wconf 86' lang='lat' dir='ltr'><strong>fomentis,</strong></span> 
     </span>
    </p>
   </div>
   <div class='ocr_carea' id='block_1_47' title="bbox 740 2523 2286 2591">
    <p class='ocr_par' dir='ltr' id='par_1_47' title="bbox 740 2523 2286 2591">
     <span class='ocr_line' id='line_1_47' title="bbox 740 2523 2286 2591; baseline -0.003 -9"><span class='ocrx_word' id='word_1_320' title='bbox 740 2544 805 2582; x_wconf 84' lang='lat' dir='ltr'><strong>ac</strong></span> <span class='ocrx_word' id='word_1_321' title='bbox 841 2529 1088 2582; x_wconf 86' lang='lat' dir='ltr'><strong>uncturis</strong></span> <span class='ocrx_word' id='word_1_322' title='bbox 1116 2525 1331 2580; x_wconf 86' lang='lat' dir='ltr'><strong>lenibus</strong></span> <span class='ocrx_word' id='word_1_323' title='bbox 1377 2531 1643 2577; x_wconf 87' lang='lat' dir='ltr'><strong>tumorem</strong></span> <span class='ocrx_word' id='word_1_324' title='bbox 1682 2523 1979 2591; x_wconf 88' lang='lat' dir='ltr'><strong>compescit</strong></span> <span class='ocrx_word' id='word_1_325' title='bbox 2010 2542 2024 2578; x_wconf 89' lang='lat'>:</span> <span class='ocrx_word' id='word_1_326' title='bbox 2063 2523 2158 2578; x_wconf 85' lang='lat' dir='ltr'><strong>sed</strong></span> <span class='ocrx_word' id='word_1_327' title='bbox 2196 2525 2286 2578; x_wconf 87' lang='lat' dir='ltr'><strong>ubi</strong></span> 
     </span>
    </p>
   </div>
   <div class='ocr_carea' id='block_1_48' title="bbox 738 2608 2285 2685">
    <p class='ocr_par' dir='ltr' id='par_1_48' title="bbox 738 2608 2285 2685">
     <span class='ocr_line' id='line_1_48' title="bbox 738 2608 2285 2685; baseline -0.003 -15"><span class='ocrx_word' id='word_1_328' title='bbox 738 2616 1096 2685; x_wconf 85' lang='lat' dir='ltr'><strong>pertinacem,</strong></span> <span class='ocrx_word' id='word_1_329' title='bbox 1126 2621 1181 2667; x_wconf 92' lang='lat' dir='ltr'><strong>et</strong></span> <span class='ocrx_word' id='word_1_330' title='bbox 1213 2610 1622 2666; x_wconf 89' lang='lat' dir='ltr'><strong>medicamentis</strong></span> <span class='ocrx_word' id='word_1_331' title='bbox 1645 2608 1998 2678; x_wconf 77' lang='lat' dir='ltr'><strong>pervicaciter</strong></span> <span class='ocrx_word' id='word_1_332' title='bbox 2017 2611 2285 2665; x_wconf 83' lang='lat' dir='ltr'><strong>resisten-</strong></span> 
     </span>
    </p>
   </div>
   <div class='ocr_carea' id='block_1_49' title="bbox 741 2696 2288 2764">
    <p class='ocr_par' dir='ltr' id='par_1_49' title="bbox 741 2696 2288 2764">
     <span class='ocr_line' id='line_1_49' title="bbox 741 2696 2288 2764; baseline -0.005 -4"><span class='ocrx_word' id='word_1_333' title='bbox 741 2715 846 2761; x_wconf 89' lang='lat' dir='ltr'><strong>tem</strong></span> <span class='ocrx_word' id='word_1_334' title='bbox 881 2714 1147 2757; x_wconf 84' lang='lat' dir='ltr'><strong>tumorem</strong></span> <span class='ocrx_word' id='word_1_335' title='bbox 1181 2700 1398 2764; x_wconf 83' lang='lat' dir='ltr'><strong>viderit,</strong></span> <span class='ocrx_word' id='word_1_336' title='bbox 1435 2696 1936 2762; x_wconf 86' lang='lat' dir='ltr'><strong>commiseratione,</strong></span> <span class='ocrx_word' id='word_1_337' title='bbox 1965 2701 2020 2752; x_wconf 91' lang='lat' dir='ltr'><strong>et</strong></span> <span class='ocrx_word' id='word_1_338' title='bbox 2053 2700 2288 2754; x_wconf 86' lang='lat' dir='ltr'><strong>molliter</strong></span> 
     </span>
    </p>
   </div>
   <div class='ocr_carea' id='block_1_50' title="bbox 740 2787 2288 2865">
    <p class='ocr_par' dir='ltr' id='par_1_50' title="bbox 740 2787 2288 2865">
     <span class='ocr_line' id='line_1_50' title="bbox 740 2787 2288 2865; baseline -0.003 -17"><span class='ocrx_word' id='word_1_339' title='bbox 740 2795 931 2865; x_wconf 73' lang='lat' dir='ltr'><strong>agendi</strong></span> <span class='ocrx_word' id='word_1_340' title='bbox 975 2793 1189 2846; x_wconf 72' lang='lat' dir='ltr'><strong>ratione</strong></span> <span class='ocrx_word' id='word_1_341' title='bbox 1233 2790 1464 2857; x_wconf 69' lang='lat' dir='ltr'><strong>abiecta,</strong></span> <span class='ocrx_word' id='word_1_342' title='bbox 1506 2787 1563 2840; x_wconf 91' lang='lat' dir='ltr'><strong>ln</strong></span> <span class='ocrx_word' id='word_1_343' title='bbox 1611 2796 1892 2855; x_wconf 88' lang='lat' dir='ltr'><strong>posterum</strong></span> <span class='ocrx_word' id='word_1_344' title='bbox 1948 2801 2108 2842; x_wconf 78' lang='lat' dir='ltr'><strong>usuin</strong></span> <span class='ocrx_word' id='word_1_345' title='bbox 2156 2788 2288 2843; x_wconf 82' lang='lat' dir='ltr'><strong>ferri</strong></span> 
     </span>
    </p>
   </div>
   <div class='ocr_carea' id='block_1_51' title="bbox 747 2874 2285 2946">
    <p class='ocr_par' dir='ltr' id='par_1_51' title="bbox 747 2874 2285 2946">
     <span class='ocr_line' id='line_1_51' title="bbox 747 2874 2285 2946; baseline -0.013 -9"><span class='ocrx_word' id='word_1_346' title='bbox 747 2885 852 2938; x_wconf 87' lang='lat' dir='ltr'><strong>sibi</strong></span> <span class='ocrx_word' id='word_1_347' title='bbox 885 2881 1124 2936; x_wconf 88' lang='lat' dir='ltr'><strong>asciscit.</strong></span> <span class='ocrx_word' id='word_1_348' title='bbox 1160 2881 1317 2932; x_wconf 80' lang='lat' dir='ltr'><strong>Amat</strong></span> <span class='ocrx_word' id='word_1_349' title='bbox 1349 2878 1514 2946; x_wconf 78' lang='lat' dir='ltr'><strong>igitur</strong></span> <span class='ocrx_word' id='word_1_350' title='bbox 1555 2874 2005 2937; x_wconf 86' lang='lat' dir='ltr'><strong>misericordiam,</strong></span> <span class='ocrx_word' id='word_1_351' title='bbox 2046 2883 2101 2930; x_wconf 89' lang='lat' dir='ltr'><strong>et</strong></span> <span class='ocrx_word' id='word_1_352' title='bbox 2136 2877 2285 2944; x_wconf 74' lang='lat' dir='ltr'><strong>judi-</strong></span> 
     </span>
    </p>
   </div>
   <div class='ocr_carea' id='block_1_52' title="bbox 740 2963 2282 3042">
    <p class='ocr_par' dir='ltr' id='par_1_52' title="bbox 740 2963 2282 3042">
     <span class='ocr_line' id='line_1_52' title="bbox 740 2963 2282 3042; baseline -0.003 -17"><span class='ocrx_word' id='word_1_353' title='bbox 740 2973 884 3025; x_wconf 88' lang='lat' dir='ltr'><strong>cium</strong></span> <span class='ocrx_word' id='word_1_354' title='bbox 929 2969 1212 3031; x_wconf 89' lang='lat' dir='ltr'><strong>Dominus,</strong></span> <span class='ocrx_word' id='word_1_355' title='bbox 1255 2965 1678 3020; x_wconf 85' lang='lat' dir='ltr'><strong>misericordiam</strong></span> <span class='ocrx_word' id='word_1_356' title='bbox 1722 2963 1778 3015; x_wconf 89' lang='lat' dir='ltr'><strong>in</strong></span> <span class='ocrx_word' id='word_1_357' title='bbox 1810 2978 1945 3042; x_wconf 63' lang='grc' dir='ltr'><strong>θος»,⁸</strong></span> <span class='ocrx_word' id='word_1_358' title='bbox 1979 2966 2072 3034; x_wconf 85' lang='lat' dir='ltr'><strong>qui</strong></span> <span class='ocrx_word' id='word_1_359' title='bbox 2108 2969 2282 3035; x_wconf 63' lang='lat' dir='ltr'><strong>peni-</strong></span> 
     </span>
    </p>
   </div>
   <div class='ocr_carea' id='block_1_53' title="bbox 745 3048 2293 3124">
    <p class='ocr_par' dir='ltr' id='par_1_53' title="bbox 745 3048 2293 3124">
     <span class='ocr_line' id='line_1_53' title="bbox 745 3048 2293 3124; baseline -0.005 -16"><span class='ocrx_word' id='word_1_360' title='bbox 745 3057 967 3110; x_wconf 86' lang='lat' dir='ltr'><strong>tentiam</strong></span> <span class='ocrx_word' id='word_1_361' title='bbox 997 3063 1182 3124; x_wconf 73' lang='lat' dir='ltr'><strong>agunt,</strong></span> <span class='ocrx_word' id='word_1_362' title='bbox 1207 3051 1472 3121; x_wconf 85' lang='lat' dir='ltr'><strong>judicium</strong></span> <span class='ocrx_word' id='word_1_363' title='bbox 1519 3052 1572 3103; x_wconf 91' lang='lat' dir='ltr'><strong>in</strong></span> <span class='ocrx_word' id='word_1_364' title='bbox 1603 3048 1920 3113; x_wconf 87' lang='lat' dir='ltr'><strong>renitentes,</strong></span> <span class='ocrx_word' id='word_1_365' title='bbox 1952 3065 2015 3105; x_wconf 90' lang='lat' dir='ltr'><strong>ac</strong></span> <span class='ocrx_word' id='word_1_366' title='bbox 2053 3056 2293 3120; x_wconf 85' lang='lat' dir='ltr'><strong>pervica-</strong></span> 
     </span>
    </p>
   </div>
   <div class='ocr_carea' id='block_1_54' title="bbox 743 3161 855 3200">
    <p class='ocr_par' dir='ltr' id='par_1_54' title="bbox 743 3161 855 3200">
     <span class='ocr_line' id='line_1_54' title="bbox 743 3161 855 3200; baseline 0.009 -2"><span class='ocrx_word' id='word_1_367' title='bbox 743 3161 855 3200; x_wconf 69' lang='grc' dir='ltr'>τρε.</span> 
     </span>
    </p>
   </div>
   <div class='ocr_carea' id='block_1_55' title="bbox 853 3226 2178 3288">
    <p class='ocr_par' dir='ltr' id='par_1_55' title="bbox 853 3226 2178 3288">
     <span class='ocr_line' id='line_1_55' title="bbox 853 3226 2178 3288; baseline 0.003 -4"><span class='ocrx_word' id='word_1_368' title='bbox 853 3230 1118 3284; x_wconf 73' lang='lat' dir='ltr'><strong>XXXVII.</strong></span> <span class='ocrx_word' id='word_1_369' title='bbox 1163 3259 1231 3270; x_wconf 93' lang='lat'>—</span> <span class='ocrx_word' id='word_1_370' title='bbox 1277 3226 1667 3283; x_wconf 82' lang='lat' dir='ltr'><strong>EUSTATHIO</strong></span> <span class='ocrx_word' id='word_1_371' title='bbox 1697 3227 2178 3288; x_wconf 78' lang='lat' dir='ltr'><strong>CUBICULARIO.</strong></span> 
     </span>
    </p>
   </div>
   <div class='ocr_carea' id='block_1_56' title="bbox 817 3317 2296 3385">
    <p class='ocr_par' dir='ltr' id='par_1_56' title="bbox 817 3317 2296 3385">
     <span class='ocr_line' id='line_1_56' title="bbox 817 3317 2296 3385; baseline 0.005 -13"><span class='ocrx_word' id='word_1_372' title='bbox 817 3319 954 3373; x_wconf 87' lang='lat' dir='ltr'><strong>Tota</strong></span> <span class='ocrx_word' id='word_1_373' title='bbox 987 3320 1072 3372; x_wconf 92' lang='lat' dir='ltr'><strong>die</strong></span> <span class='ocrx_word' id='word_1_374' title='bbox 1098 3320 1219 3372; x_wconf 72' lang='lat' dir='ltr'><strong>vita:</strong></span> <span class='ocrx_word' id='word_1_375' title='bbox 1265 3318 1490 3384; x_wconf 68' lang='lat' dir='ltr'><strong>huiusce</strong></span> <span class='ocrx_word' id='word_1_376' title='bbox 1527 3317 1712 3385; x_wconf 85' lang='lat' dir='ltr'><strong>justus</strong></span> <span class='ocrx_word' id='word_1_377' title='bbox 1738 3319 2005 3385; x_wconf 75' lang='lat' dir='ltr'><strong>angustiis</strong></span> <span class='ocrx_word' id='word_1_378' title='bbox 2055 3329 2109 3375; x_wconf 89' lang='lat' dir='ltr'><strong>et</strong></span> <span class='ocrx_word' id='word_1_379' title='bbox 2144 3323 2296 3379; x_wconf 87' lang='lat' dir='ltr'><strong>dolo-</strong></span> 
     </span>
    </p>
   </div>
   <div class='ocr_carea' id='block_1_57' title="bbox 748 3405 2295 3476">
    <p class='ocr_par' dir='ltr' id='par_1_57' title="bbox 748 3405 2295 3476">
     <span class='ocr_line' id='line_1_57' title="bbox 748 3405 2295 3476; baseline 0.004 -15"><span class='ocrx_word' id='word_1_380' title='bbox 748 3411 922 3476; x_wconf 76' lang='lat' dir='ltr'><strong>ribus,</strong></span> <span class='ocrx_word' id='word_1_381' title='bbox 945 3423 1154 3463; x_wconf 88' lang='lat' dir='ltr'><strong>necnon</strong></span> <span class='ocrx_word' id='word_1_382' title='bbox 1180 3407 1488 3475; x_wconf 88' lang='lat' dir='ltr'><strong>opprobriis</strong></span> <span class='ocrx_word' id='word_1_383' title='bbox 1518 3405 1888 3472; x_wconf 89' lang='lat' dir='ltr'><strong>conflictatur,</strong></span> <span class='ocrx_word' id='word_1_384' title='bbox 1921 3409 2108 3464; x_wconf 90' lang='lat' dir='ltr'><strong>multis</strong></span> <span class='ocrx_word' id='word_1_385' title='bbox 2135 3412 2295 3467; x_wconf 88' lang='lat' dir='ltr'><strong>etiam</strong></span> 
     </span>
    </p>
   </div>
   <div class='ocr_carea' id='block_1_58' title="bbox 750 3498 2298 3571">
    <p class='ocr_par' dir='ltr' id='par_1_58' title="bbox 750 3498 2298 3571">
     <span class='ocr_line' id='line_1_58' title="bbox 750 3498 2298 3571; baseline 0.002 -18"><span class='ocrx_word' id='word_1_386' title='bbox 750 3499 1027 3553; x_wconf 87' lang='lat' dir='ltr'><strong>laboribus</strong></span> <span class='ocrx_word' id='word_1_387' title='bbox 1062 3508 1316 3568; x_wconf 88' lang='lat' dir='ltr'><strong>tanquam</strong></span> <span class='ocrx_word' id='word_1_388' title='bbox 1359 3498 1558 3552; x_wconf 90' lang='lat' dir='ltr'><strong>ictibus</strong></span> <span class='ocrx_word' id='word_1_389' title='bbox 1590 3505 1982 3566; x_wconf 72' lang='lat' dir='ltr'><strong>praegravatur.</strong></span> <span class='ocrx_word' id='word_1_390' title='bbox 2015 3498 2090 3554; x_wconf 87' lang='lat' dir='ltr'><strong>Ne</strong></span> <span class='ocrx_word' id='word_1_391' title='bbox 2116 3501 2298 3571; x_wconf 85' lang='lat' dir='ltr'><strong>itaque</strong></span> 
     </span>
    </p>
   </div>
   <div class='ocr_carea' id='block_1_59' title="bbox 752 3584 2296 3653">
    <p class='ocr_par' dir='ltr' id='par_1_59' title="bbox 752 3584 2296 3653">
     <span class='ocr_line' id='line_1_59' title="bbox 752 3584 2296 3653; baseline 0.001 -14"><span class='ocrx_word' id='word_1_392' title='bbox 752 3596 1007 3653; x_wconf 83' lang='lat' dir='ltr'><strong>tanquam</strong></span> <span class='ocrx_word' id='word_1_393' title='bbox 1057 3601 1114 3639; x_wconf 85' lang='lat' dir='ltr'><strong>re</strong></span> <span class='ocrx_word' id='word_1_394' title='bbox 1163 3600 1302 3638; x_wconf 86' lang='lat' dir='ltr'><strong>nova</strong></span> <span class='ocrx_word' id='word_1_395' title='bbox 1343 3585 1395 3637; x_wconf 89' lang='lat' dir='ltr'><strong>in</strong></span> <span class='ocrx_word' id='word_1_396' title='bbox 1439 3584 1857 3638; x_wconf 80' lang='lat' dir='ltr'><strong>admirationem</strong></span> <span class='ocrx_word' id='word_1_397' title='bbox 1886 3587 2141 3650; x_wconf 84' lang='lat' dir='ltr'><strong>traharis,</strong></span> <span class='ocrx_word' id='word_1_398' title='bbox 2174 3605 2296 3644; x_wconf 89' lang='lat' dir='ltr'><strong>cum</strong></span> 
     </span>
    </p>
   </div>
   <div class='ocr_carea' id='block_1_60' title="bbox 752 3675 2297 3742">
    <p class='ocr_par' dir='ltr' id='par_1_60' title="bbox 752 3675 2297 3742">
     <span class='ocr_line' id='line_1_60' title="bbox 752 3675 2297 3742; baseline 0.006 -16"><span class='ocrx_word' id='word_1_399' title='bbox 752 3677 951 3729; x_wconf 74' lang='lat' dir='ltr'><strong>videris</strong></span> <span class='ocrx_word' id='word_1_400' title='bbox 990 3675 1215 3742; x_wconf 92' lang='lat' dir='ltr'><strong>probum</strong></span> <span class='ocrx_word' id='word_1_401' title='bbox 1247 3675 1424 3729; x_wconf 81' lang='lat' dir='ltr'><strong>virum</strong></span> <span class='ocrx_word' id='word_1_402' title='bbox 1454 3676 1621 3730; x_wconf 79' lang='lat' dir='ltr'><strong>variis</strong></span> <span class='ocrx_word' id='word_1_403' title='bbox 1673 3689 1736 3728; x_wconf 88' lang='lat' dir='ltr'><strong>ac</strong></span> <span class='ocrx_word' id='word_1_404' title='bbox 1774 3675 2004 3731; x_wconf 84' lang='lat' dir='ltr'><strong>diversis</strong></span> <span class='ocrx_word' id='word_1_405' title='bbox 2037 3679 2297 3735; x_wconf 87' lang='lat' dir='ltr'><strong>molestiis</strong></span> 
     </span>
    </p>
   </div>
   <div class='ocr_carea' id='block_1_61' title="bbox 751 3760 2296 3829">
    <p class='ocr_par' dir='ltr' id='par_1_61' title="bbox 751 3760 2296 3829">
     <span class='ocr_line' id='line_1_61' title="bbox 751 3760 2296 3829; baseline 0.005 -16"><span class='ocrx_word' id='word_1_406' title='bbox 751 3763 1161 3823; x_wconf 85' lang='lat' dir='ltr'><strong>colluctantem,</strong></span> <span class='ocrx_word' id='word_1_407' title='bbox 1190 3769 1242 3815; x_wconf 90' lang='lat' dir='ltr'><strong>et</strong></span> <span class='ocrx_word' id='word_1_408' title='bbox 1273 3760 1458 3814; x_wconf 84' lang='lat' dir='ltr'><strong>labore</strong></span> <span class='ocrx_word' id='word_1_409' title='bbox 1486 3761 1597 3829; x_wconf 88' lang='lat' dir='ltr'><strong>jam</strong></span> <span class='ocrx_word' id='word_1_410' title='bbox 1643 3760 1984 3818; x_wconf 80' lang='lat' dir='ltr'><strong>fatiscentem</strong></span> <span class='ocrx_word' id='word_1_411' title='bbox 2018 3778 2032 3818; x_wconf 90' lang='lat'><strong>:</strong></span> <span class='ocrx_word' id='word_1_412' title='bbox 2077 3781 2094 3814; x_wconf 76' lang='grc' dir='ltr'><strong>ι</strong></span> <span class='ocrx_word' id='word_1_413' title='bbox 2124 3764 2296 3829; x_wconf 81' lang='lat' dir='ltr'><strong>Quem</strong></span> 
     </span>
    </p>
   </div>
   <div class='ocr_carea' id='block_1_62' title="bbox 751 3848 2294 3920">
    <p class='ocr_par' dir='ltr' id='par_1_62' title="bbox 751 3848 2294 3920">
     <span class='ocr_line' id='line_1_62' title="bbox 751 3848 2294 3920; baseline 0.004 -17"><span class='ocrx_word' id='word_1_414' title='bbox 751 3852 893 3903; x_wconf 90' lang='lat' dir='ltr'><strong>enim</strong></span> <span class='ocrx_word' id='word_1_415' title='bbox 950 3849 1085 3904; x_wconf 90' lang='lat' dir='ltr'><strong>Deus</strong></span> <span class='ocrx_word' id='word_1_416' title='bbox 1139 3857 1300 3913; x_wconf 89' lang='lat' dir='ltr'><strong>amat,</strong></span> <span class='ocrx_word' id='word_1_417' title='bbox 1351 3851 1601 3920; x_wconf 73' lang='lat' dir='ltr'><strong>corrigit,</strong></span> <span class='ocrx_word' id='word_1_418' title='bbox 1630 3848 1869 3920; x_wconf 77' lang='lat' dir='ltr'><strong>ﬂagellat</strong></span> <span class='ocrx_word' id='word_1_419' title='bbox 1903 3867 2031 3906; x_wconf 86' lang='lat' dir='ltr'><strong>vero</strong></span> <span class='ocrx_word' id='word_1_420' title='bbox 2079 3868 2294 3909; x_wconf 87' lang='lat' dir='ltr'><strong>omnem</strong></span> 
     </span>
    </p>
   </div>
   <div class='ocr_carea' id='block_1_63' title="bbox 753 3938 2292 4011">
    <p class='ocr_par' dir='ltr' id='par_1_63' title="bbox 753 3938 2292 4011">
     <span class='ocr_line' id='line_1_63' title="bbox 753 3938 2292 4011; baseline 0.005 -21"><span class='ocrx_word' id='word_1_421' title='bbox 753 3939 942 4000; x_wconf 81' lang='lat' dir='ltr'><strong>filium,</strong></span> <span class='ocrx_word' id='word_1_422' title='bbox 976 3955 1135 4008; x_wconf 86' lang='lat' dir='ltr'><strong>quem</strong></span> <span class='ocrx_word' id='word_1_423' title='bbox 1167 3939 1402 3993; x_wconf 88' lang='lat' dir='ltr'><strong>admittit</strong></span> <span class='ocrx_word' id='word_1_424' title='bbox 1436 3940 1503 3994; x_wconf 80' lang='grc'><strong>³⁸.</strong></span> <span class='ocrx_word' id='word_1_425' title='bbox 1543 3958 1560 3990; x_wconf 75' lang='grc' dir='ltr'><strong>ι</strong></span> <span class='ocrx_word' id='word_1_426' title='bbox 1599 3938 1685 4005; x_wconf 83' lang='grc' dir='ltr'>Ει,</span> <span class='ocrx_word' id='word_1_427' title='bbox 1729 3959 1746 3992; x_wconf 75' lang='grc' dir='ltr'><strong>ι</strong></span> <span class='ocrx_word' id='word_1_428' title='bbox 1781 3938 2113 4011; x_wconf 77' lang='lat' dir='ltr'><strong>Flagellatus</strong></span> <span class='ocrx_word' id='word_1_429' title='bbox 2152 3959 2292 4009; x_wconf 90' lang='lat' dir='ltr'><strong>sum,</strong></span> 
     </span>
    </p>
   </div>
   <div class='ocr_carea' id='block_1_64' title="bbox 759 4029 2285 4096">
    <p class='ocr_par' dir='ltr' id='par_1_64' title="bbox 759 4029 2285 4096">
     <span class='ocr_line' id='line_1_64' title="bbox 759 4029 2285 4096; baseline 0.004 -18"><span class='ocrx_word' id='word_1_430' title='bbox 759 4029 854 4091; x_wconf 88' lang='lat' dir='ltr'><strong>ait,</strong></span> <span class='ocrx_word' id='word_1_431' title='bbox 881 4037 992 4079; x_wconf 86' lang='lat' dir='ltr'><strong>tota</strong></span> <span class='ocrx_word' id='word_1_432' title='bbox 1025 4029 1129 4091; x_wconf 85' lang='lat' dir='ltr'><strong>die,</strong></span> <span class='ocrx_word' id='word_1_433' title='bbox 1156 4039 1209 4081; x_wconf 92' lang='lat' dir='ltr'><strong>et</strong></span> <span class='ocrx_word' id='word_1_434' title='bbox 1237 4030 1583 4096; x_wconf 85' lang='lat' dir='ltr'><strong>reprehensio</strong></span> <span class='ocrx_word' id='word_1_435' title='bbox 1613 4045 1728 4083; x_wconf 89' lang='lat' dir='ltr'><strong>mea</strong></span> <span class='ocrx_word' id='word_1_436' title='bbox 1760 4030 1814 4082; x_wconf 91' lang='lat' dir='ltr'><strong>in</strong></span> <span class='ocrx_word' id='word_1_437' title='bbox 1849 4033 2126 4086; x_wconf 85' lang='lat' dir='ltr'><strong>matutinis</strong></span> <span class='ocrx_word' id='word_1_438' title='bbox 2158 4032 2222 4089; x_wconf 83' lang='grc'><strong>³⁸.</strong></span> <span class='ocrx_word' id='word_1_439' title='bbox 2267 4051 2285 4084; x_wconf 76' lang='grc' dir='ltr'><strong>ι</strong></span> 
     </span>
    </p>
   </div>
   <div class='ocr_carea' id='block_1_65' title="bbox 752 4116 2296 4189">
    <p class='ocr_par' dir='ltr' id='par_1_65' title="bbox 752 4116 2296 4189">
     <span class='ocr_line' id='line_1_65' title="bbox 752 4116 2296 4189; baseline 0.006 -21"><span class='ocrx_word' id='word_1_440' title='bbox 752 4116 934 4182; x_wconf 79' lang='lat' dir='ltr'><strong>Neque</strong></span> <span class='ocrx_word' id='word_1_441' title='bbox 965 4116 1107 4167; x_wconf 90' lang='lat' dir='ltr'><strong>enim</strong></span> <span class='ocrx_word' id='word_1_442' title='bbox 1143 4117 1494 4182; x_wconf 82' lang='lat' dir='ltr'><strong>reprehensio</strong></span> <span class='ocrx_word' id='word_1_443' title='bbox 1526 4120 1695 4172; x_wconf 84' lang='lat' dir='ltr'><strong>solem</strong></span> <span class='ocrx_word' id='word_1_444' title='bbox 1743 4121 1920 4189; x_wconf 88' lang='lat' dir='ltr'><strong>ipsum</strong></span> <span class='ocrx_word' id='word_1_445' title='bbox 1955 4136 2056 4176; x_wconf 88' lang='lat' dir='ltr'><strong>suo</strong></span> <span class='ocrx_word' id='word_1_446' title='bbox 2100 4123 2296 4179; x_wconf 87' lang='lat' dir='ltr'><strong>robore</strong></span> 
     </span>
    </p>
   </div>
   <div class='ocr_carea' id='block_1_66' title="bbox 2381 1988 3940 2074">
    <p class='ocr_par' dir='ltr' id='par_1_66' title="bbox 2381 1988 3940 2074">
     <span class='ocr_line' id='line_1_66' title="bbox 2381 1988 3940 2074; baseline -0.012 -17"><span class='ocrx_word' id='word_1_447' title='bbox 2381 2020 2562 2074; x_wconf 89' lang='grc' dir='ltr'>μενον,</span> <span class='ocrx_word' id='word_1_448' title='bbox 2612 1999 3015 2070; x_wconf 83' lang='grc' dir='ltr'>ὲπιχωρηγήσει</span> <span class='ocrx_word' id='word_1_449' title='bbox 3037 2013 3119 2047; x_wconf 91' lang='grc' dir='ltr'><strong>σοι</strong></span> <span class='ocrx_word' id='word_1_450' title='bbox 3145 1993 3370 2062; x_wconf 76' lang='grc' dir='ltr'>ἄφθονον</span> <span class='ocrx_word' id='word_1_451' title='bbox 3386 1991 3481 2060; x_wconf 79' lang='grc' dir='ltr'>τὴν</span> <span class='ocrx_word' id='word_1_452' title='bbox 3507 1988 3697 2043; x_wconf 78' lang='grc' dir='ltr'>ἑαυτοῦ</span> <span class='ocrx_word' id='word_1_453' title='bbox 3715 1988 3940 2057; x_wconf 80' lang='grc' dir='ltr'>ἐλεημο-</span> 
     </span>
    </p>
   </div>
   <div class='ocr_carea' id='block_1_67' title="bbox 2380 2076 3945 2161">
    <p class='ocr_par' dir='ltr' id='par_1_67' title="bbox 2380 2076 3945 2161">
     <span class='ocr_line' id='line_1_67' title="bbox 2380 2076 3945 2161; baseline -0.01 -16"><span class='ocrx_word' id='word_1_454' title='bbox 2380 2096 2564 2161; x_wconf 88' lang='grc' dir='ltr'>σύνην.</span> <span class='ocrx_word' id='word_1_455' title='bbox 2593 2091 2718 2144; x_wconf 84' lang='grc' dir='ltr'>Ἐὰν</span> <span class='ocrx_word' id='word_1_456' title='bbox 2743 2090 2801 2142; x_wconf 63' lang='grc' dir='ltr'>δὲ</span> <span class='ocrx_word' id='word_1_457' title='bbox 2830 2087 3051 2161; x_wconf 75' lang='grc' dir='ltr'>καρδίαν</span> <span class='ocrx_word' id='word_1_458' title='bbox 3071 2087 3435 2153; x_wconf 75' lang='grc' dir='ltr'>ὑπερήφανον,</span> <span class='ocrx_word' id='word_1_459' title='bbox 3454 2083 3544 2134; x_wconf 84' lang='grc' dir='ltr'>καὶ</span> <span class='ocrx_word' id='word_1_460' title='bbox 3571 2081 3814 2141; x_wconf 74' lang='grc' dir='ltr'>ἄπιστον,</span> <span class='ocrx_word' id='word_1_461' title='bbox 3844 2076 3945 2132; x_wconf 70' lang='grc' dir='ltr'>καὶ</span> 
     </span>
    </p>
   </div>
   <div class='ocr_carea' id='block_1_68' title="bbox 2381 2160 3944 2251">
    <p class='ocr_par' dir='ltr' id='par_1_68' title="bbox 2381 2160 3944 2251">
     <span class='ocr_line' id='line_1_68' title="bbox 2381 2160 3944 2251; baseline -0.012 -17"><span class='ocrx_word' id='word_1_462' title='bbox 2381 2160 2760 2251; x_wconf 81' lang='grc' dir='ltr'>ἀμετανόητον</span> <span class='ocrx_word' id='word_1_463' title='bbox 2819 2160 3089 2245; x_wconf 62' lang='grc' dir='ltr'>έεωρήσῃ,</span> <span class='ocrx_word' id='word_1_464' title='bbox 3145 2173 3236 2225; x_wconf 70' lang='grc' dir='ltr'>καὶ</span> <span class='ocrx_word' id='word_1_465' title='bbox 3314 2169 3574 2239; x_wconf 82' lang='grc' dir='ltr'><strong>μηδαμῶς</strong></span> <span class='ocrx_word' id='word_1_466' title='bbox 3603 2167 3944 2236; x_wconf 74' lang='grc' dir='ltr'>φοϐουμένην</span> 
     </span>
    </p>
   </div>
   <div class='ocr_carea' id='block_1_69' title="bbox 2382 2255 3944 2339">
    <p class='ocr_par' dir='ltr' id='par_1_69' title="bbox 2382 2255 3944 2339">
     <span class='ocr_line' id='line_1_69' title="bbox 2382 2255 3944 2339; baseline -0.01 -16"><span class='ocrx_word' id='word_1_467' title='bbox 2382 2271 2440 2322; x_wconf 77' lang='grc' dir='ltr'>τὸ</span> <span class='ocrx_word' id='word_1_468' title='bbox 2475 2269 2663 2339; x_wconf 81' lang='grc' dir='ltr'>μέλλον</span> <span class='ocrx_word' id='word_1_469' title='bbox 2698 2266 2998 2336; x_wconf 84' lang='grc' dir='ltr'>κριτήριον,</span> <span class='ocrx_word' id='word_1_470' title='bbox 3048 2263 3168 2315; x_wconf 86' lang='grc' dir='ltr'>τότε</span> <span class='ocrx_word' id='word_1_471' title='bbox 3217 2261 3304 2329; x_wconf 82' lang='grc' dir='ltr'>δὴ,</span> <span class='ocrx_word' id='word_1_472' title='bbox 3353 2259 3472 2311; x_wconf 80' lang='grc' dir='ltr'>τότε</span> <span class='ocrx_word' id='word_1_473' title='bbox 3509 2257 3699 2325; x_wconf 82' lang='grc' dir='ltr'>ἀγαπᾷ</span> <span class='ocrx_word' id='word_1_474' title='bbox 3747 2257 3776 2308; x_wconf 89' lang='lat'><strong>6</strong></span> <span class='ocrx_word' id='word_1_475' title='bbox 3805 2255 3944 2317; x_wconf 78' lang='grc' dir='ltr'>Θεὸς</span> 
     </span>
    </p>
   </div>
   <div class='ocr_carea' id='block_1_70' title="bbox 2382 2338 3941 2429">
    <p class='ocr_par' dir='ltr' id='par_1_70' title="bbox 2382 2338 3941 2429">
     <span class='ocr_line' id='line_1_70' title="bbox 2382 2338 3941 2429; baseline -0.013 -16"><span class='ocrx_word' id='word_1_476' title='bbox 2382 2338 2484 2429; x_wconf 84' lang='grc' dir='ltr'>τὴν</span> <span class='ocrx_word' id='word_1_477' title='bbox 2507 2359 2706 2428; x_wconf 85' lang='grc' dir='ltr'>κρίσιν,</span> <span class='ocrx_word' id='word_1_478' title='bbox 2739 2355 2925 2424; x_wconf 81' lang='grc' dir='ltr'>ὥσπερ</span> <span class='ocrx_word' id='word_1_479' title='bbox 2969 2338 3153 2423; x_wconf 86' lang='grc' dir='ltr'>ίατρὸς</span> <span class='ocrx_word' id='word_1_480' title='bbox 3196 2348 3622 2429; x_wconf 82' lang='grc' dir='ltr'>καταντλήμασι,</span> <span class='ocrx_word' id='word_1_481' title='bbox 3649 2345 3743 2397; x_wconf 82' lang='grc' dir='ltr'>καὶ</span> <span class='ocrx_word' id='word_1_482' title='bbox 3778 2359 3941 2413; x_wconf 82' lang='grc' dir='ltr'>περι-</span> 
     </span>
    </p>
   </div>
   <div class='ocr_carea' id='block_1_71' title="bbox 2384 2427 3940 2516">
    <p class='ocr_par' dir='ltr' id='par_1_71' title="bbox 2384 2427 3940 2516">
     <span class='ocr_line' id='line_1_71' title="bbox 2384 2427 3940 2516; baseline -0.01 -16"><span class='ocrx_word' id='word_1_483' title='bbox 2384 2427 2696 2516; x_wconf 84' lang='grc' dir='ltr'>πλάσμασιν</span> <span class='ocrx_word' id='word_1_484' title='bbox 2723 2444 2946 2505; x_wconf 81' lang='grc' dir='ltr'>ἁπαλοῖς</span> <span class='ocrx_word' id='word_1_485' title='bbox 2980 2441 3222 2512; x_wconf 83' lang='grc' dir='ltr'>βούλεται</span> <span class='ocrx_word' id='word_1_486' title='bbox 3252 2427 3599 2490; x_wconf 72' lang='grc' dir='ltr'>καταστεῖλαι</span> <span class='ocrx_word' id='word_1_487' title='bbox 3625 2435 3684 2486; x_wconf 85' lang='grc' dir='ltr'><strong>τὺ</strong></span> <span class='ocrx_word' id='word_1_488' title='bbox 3718 2434 3940 2502; x_wconf 81' lang='grc' dir='ltr'>οἴδημα.</span> 
     </span>
    </p>
   </div>
   <div class='ocr_carea' id='block_1_72' title="bbox 2398 2523 3951 2606">
    <p class='ocr_par' dir='ltr' id='par_1_72' title="bbox 2398 2523 3951 2606">
     <span class='ocr_line' id='line_1_72' title="bbox 2398 2523 3951 2606; baseline -0.01 -16"><span class='ocrx_word' id='word_1_489' title='bbox 2398 2537 2566 2590; x_wconf 84' lang='grc' dir='ltr'>Ἐπὰν</span> <span class='ocrx_word' id='word_1_490' title='bbox 2599 2536 2656 2588; x_wconf 86' lang='grc' dir='ltr'>δὲ</span> <span class='ocrx_word' id='word_1_491' title='bbox 2687 2535 2772 2606; x_wconf 73' lang='grc' dir='ltr'><strong>ἴδῃ</strong></span> <span class='ocrx_word' id='word_1_492' title='bbox 2802 2533 3109 2594; x_wconf 79' lang='grc' dir='ltr'>ἀνενδὸτως,</span> <span class='ocrx_word' id='word_1_493' title='bbox 3149 2530 3239 2582; x_wconf 70' lang='grc' dir='ltr'>καὶ</span> <span class='ocrx_word' id='word_1_494' title='bbox 3268 2527 3514 2597; x_wconf 82' lang='grc' dir='ltr'>σκληρῶς</span> <span class='ocrx_word' id='word_1_495' title='bbox 3551 2523 3951 2598; x_wconf 78' lang='grc' dir='ltr'>ἀντιτυποῦντα-</span> 
     </span>
    </p>
   </div>
   <div class='ocr_carea' id='block_1_73' title="bbox 2387 2611 3942 2693">
    <p class='ocr_par' dir='ltr' id='par_1_73' title="bbox 2387 2611 3942 2693">
     <span class='ocr_line' id='line_1_73' title="bbox 2387 2611 3942 2693; baseline -0.012 -15"><span class='ocrx_word' id='word_1_496' title='bbox 2387 2626 2474 2678; x_wconf 82' lang='grc' dir='ltr'>τὸν</span> <span class='ocrx_word' id='word_1_497' title='bbox 2499 2627 2682 2693; x_wconf 80' lang='grc' dir='ltr'>δγκον,</span> <span class='ocrx_word' id='word_1_498' title='bbox 2709 2623 2869 2693; x_wconf 71' lang='grc' dir='ltr'>ῥίψας</span> <span class='ocrx_word' id='word_1_499' title='bbox 2888 2621 2946 2674; x_wconf 83' lang='grc' dir='ltr'><strong>τδ</strong></span> <span class='ocrx_word' id='word_1_500' title='bbox 2977 2621 3173 2685; x_wconf 75' lang='grc' dir='ltr'>ἔλαιον,</span> <span class='ocrx_word' id='word_1_501' title='bbox 3197 2617 3289 2671; x_wconf 78' lang='grc' dir='ltr'>καὶ</span> <span class='ocrx_word' id='word_1_502' title='bbox 3317 2615 3414 2685; x_wconf 77' lang='grc' dir='ltr'>τὴν</span> <span class='ocrx_word' id='word_1_503' title='bbox 3438 2614 3681 2684; x_wconf 80' lang='grc' dir='ltr'>μαλακὴν</span> <span class='ocrx_word' id='word_1_504' title='bbox 3696 2611 3942 2680; x_wconf 78' lang='grc' dir='ltr'>ἀγωγὴν,</span> 
     </span>
    </p>
   </div>
   <div class='ocr_carea' id='block_1_74' title="bbox 2385 2704 3948 2786">
    <p class='ocr_par' dir='ltr' id='par_1_74' title="bbox 2385 2704 3948 2786">
     <span class='ocr_line' id='line_1_74' title="bbox 2385 2704 3948 2786; baseline -0.01 -17"><span class='ocrx_word' id='word_1_505' title='bbox 2385 2718 2615 2786; x_wconf 73' lang='grc' dir='ltr'>αἱρεῖται</span> <span class='ocrx_word' id='word_1_506' title='bbox 2660 2713 2846 2766; x_wconf 77' lang='grc' dir='ltr'>λοιπὸν</span> <span class='ocrx_word' id='word_1_507' title='bbox 2883 2711 2982 2779; x_wconf 71' lang='grc' dir='ltr'><strong>τὴν</strong></span> <span class='ocrx_word' id='word_1_508' title='bbox 3029 2708 3122 2762; x_wconf 80' lang='grc' dir='ltr'>τοῦ</span> <span class='ocrx_word' id='word_1_509' title='bbox 3179 2708 3396 2776; x_wconf 76' lang='grc' dir='ltr'>σιδήρου</span> <span class='ocrx_word' id='word_1_510' title='bbox 3446 2707 3660 2776; x_wconf 83' lang='grc' dir='ltr'>χρῆσιν.</span> <span class='ocrx_word' id='word_1_511' title='bbox 3727 2704 3948 2772; x_wconf 66' lang='grc' dir='ltr'>’Δγαπᾲ</span> 
     </span>
    </p>
   </div>
   <div class='ocr_carea' id='block_1_75' title="bbox 2383 2790 3948 2868">
    <p class='ocr_par' dir='ltr' id='par_1_75' title="bbox 2383 2790 3948 2868">
     <span class='ocr_line' id='line_1_75' title="bbox 2383 2790 3948 2868; baseline -0.009 -11"><span class='ocrx_word' id='word_1_512' title='bbox 2383 2805 2562 2857; x_wconf 79' lang='grc' dir='ltr'>τοίνυν</span> <span class='ocrx_word' id='word_1_513' title='bbox 2599 2799 2963 2868; x_wconf 70' lang='grc' dir='ltr'>ιλεημοσὺνην</span> <span class='ocrx_word' id='word_1_514' title='bbox 3006 2797 3098 2852; x_wconf 62' lang='lat' dir='ltr'><strong>rat</strong></span> <span class='ocrx_word' id='word_1_515' title='bbox 3132 2797 3314 2866; x_wconf 82' lang='grc' dir='ltr'>κρίσιν</span> <span class='ocrx_word' id='word_1_516' title='bbox 3339 2795 3369 2845; x_wconf 81' lang='lat'><strong>6</strong></span> <span class='ocrx_word' id='word_1_517' title='bbox 3397 2794 3616 2864; x_wconf 70' lang='grc' dir='ltr'>Κύριος·</span> <span class='ocrx_word' id='word_1_518' title='bbox 3645 2790 3948 2862; x_wconf 69' lang='grc' dir='ltr'>ιλεημοσύ-</span> 
     </span>
    </p>
   </div>
   <div class='ocr_carea' id='block_1_76' title="bbox 2387 2879 3948 2964">
    <p class='ocr_par' dir='ltr' id='par_1_76' title="bbox 2387 2879 3948 2964">
     <span class='ocr_line' id='line_1_76' title="bbox 2387 2879 3948 2964; baseline -0.008 -19"><span class='ocrx_word' id='word_1_519' title='bbox 2387 2908 2486 2964; x_wconf 75' lang='grc' dir='ltr'>νῃν</span> <span class='ocrx_word' id='word_1_520' title='bbox 2520 2890 2619 2961; x_wconf 64' lang='grc' dir='ltr'>μὲν</span> <span class='ocrx_word' id='word_1_521' title='bbox 2663 2889 2756 2941; x_wconf 65' lang='grc' dir='ltr'><strong>ἐπὶ</strong></span> <span class='ocrx_word' id='word_1_522' title='bbox 2791 2887 2896 2940; x_wconf 84' lang='grc' dir='ltr'><strong>τῶν</strong></span> <span class='ocrx_word' id='word_1_523' title='bbox 2932 2884 3346 2956; x_wconf 83' lang='grc' dir='ltr'>μετανοούντων,</span> <span class='ocrx_word' id='word_1_524' title='bbox 3371 2882 3548 2951; x_wconf 90' lang='grc' dir='ltr'>κρίσιν</span> <span class='ocrx_word' id='word_1_525' title='bbox 3575 2881 3632 2934; x_wconf 75' lang='grc' dir='ltr'>δὲ</span> <span class='ocrx_word' id='word_1_526' title='bbox 3682 2880 3776 2934; x_wconf 72' lang='grc' dir='ltr'><strong>ιπὶ</strong></span> <span class='ocrx_word' id='word_1_527' title='bbox 3832 2879 3948 2932; x_wconf 82' lang='grc' dir='ltr'><strong>τῶν</strong></span> 
     </span>
    </p>
   </div>
   <div class='ocr_carea' id='block_1_77' title="bbox 2388 2970 3083 3048">
    <p class='ocr_par' dir='ltr' id='par_1_77' title="bbox 2388 2970 3083 3048">
     <span class='ocr_line' id='line_1_77' title="bbox 2388 2970 3083 3048; baseline -0.012 -14"><span class='ocrx_word' id='word_1_528' title='bbox 2388 2970 2635 3048; x_wconf 71' lang='grc' dir='ltr'>σκληρῶν</span> <span class='ocrx_word' id='word_1_529' title='bbox 2658 2978 2749 3031; x_wconf 76' lang='grc' dir='ltr'>καὶ</span> <span class='ocrx_word' id='word_1_530' title='bbox 2775 2977 3083 3030; x_wconf 81' lang='grc' dir='ltr'>ἁνενδότων.</span> 
     </span>
    </p>
   </div>
   <div class='ocr_carea' id='block_1_78' title="bbox 2555 3227 3771 3301">
    <p class='ocr_par' dir='ltr' id='par_1_78' title="bbox 2555 3227 3771 3301">
     <span class='ocr_line' id='line_1_78' title="bbox 2555 3227 3771 3301; baseline -0.008 -13"><span class='ocrx_word' id='word_1_531' title='bbox 2555 3236 2672 3289; x_wconf 82' lang='lat' dir='ltr'><strong>AZ&#39;.</strong></span> <span class='ocrx_word' id='word_1_532' title='bbox 2713 3263 2781 3275; x_wconf 73' lang='grc' dir='ltr'>ι-</span> <span class='ocrx_word' id='word_1_533' title='bbox 2827 3232 3157 3301; x_wconf 79' lang='grc' dir='ltr'><strong>ΕΥΣΤΔΘΙῼ</strong></span> <span class='ocrx_word' id='word_1_534' title='bbox 3198 3227 3771 3296; x_wconf 80' lang='grc' dir='ltr'><strong>ΚΟΥΒΙΚΟΥΛΑΡΙῼ.</strong></span> 
     </span>
    </p>
   </div>
   <div class='ocr_carea' id='block_1_79' title="bbox 2421 3310 3948 3393">
    <p class='ocr_par' dir='ltr' id='par_1_79' title="bbox 2421 3310 3948 3393">
     <span class='ocr_line' id='line_1_79' title="bbox 2421 3310 3948 3393; baseline -0.005 -16"><span class='ocrx_word' id='word_1_535' title='bbox 2421 3392 2424 3393; x_wconf 16' lang='grc' dir='ltr'><em>ν</em></span> <span class='ocrx_word' id='word_1_536' title='bbox 2466 3325 2630 3392; x_wconf 86' lang='grc' dir='ltr'>Ὅλην</span> <span class='ocrx_word' id='word_1_537' title='bbox 2651 3322 2747 3392; x_wconf 80' lang='grc' dir='ltr'><strong>τὴν</strong></span> <span class='ocrx_word' id='word_1_538' title='bbox 2769 3323 2980 3392; x_wconf 80' lang='grc' dir='ltr'>ἡμέραν</span> <span class='ocrx_word' id='word_1_539' title='bbox 3015 3319 3106 3372; x_wconf 79' lang='grc' dir='ltr'>τοῦ</span> <span class='ocrx_word' id='word_1_540' title='bbox 3156 3319 3269 3388; x_wconf 71' lang='grc' dir='ltr'>βίον</span> <span class='ocrx_word' id='word_1_541' title='bbox 3315 3318 3502 3371; x_wconf 84' lang='grc' dir='ltr'>τούτου</span> <span class='ocrx_word' id='word_1_542' title='bbox 3536 3320 3563 3370; x_wconf 89' lang='lat'><strong>6</strong></span> <span class='ocrx_word' id='word_1_543' title='bbox 3599 3317 3800 3378; x_wconf 87' lang='grc' dir='ltr'>δίκαιος</span> <span class='ocrx_word' id='word_1_544' title='bbox 3841 3310 3948 3384; x_wconf 70' lang='grc' dir='ltr'>μα-</span> 
     </span>
    </p>
   </div>
   <div class='ocr_carea' id='block_1_80' title="bbox 2397 3407 3950 3482">
    <p class='ocr_par' dir='ltr' id='par_1_80' title="bbox 2397 3407 3950 3482">
     <span class='ocr_line' id='line_1_80' title="bbox 2397 3407 3950 3482; baseline -0.006 -14"><span class='ocrx_word' id='word_1_545' title='bbox 2397 3414 2670 3482; x_wconf 85' lang='grc' dir='ltr'>στιγοῦται</span> <span class='ocrx_word' id='word_1_546' title='bbox 2722 3415 2780 3463; x_wconf 85' lang='grc' dir='ltr'>ὲν</span> <span class='ocrx_word' id='word_1_547' title='bbox 2823 3412 3037 3474; x_wconf 86' lang='grc' dir='ltr'>λύπαις,</span> <span class='ocrx_word' id='word_1_548' title='bbox 3085 3410 3142 3461; x_wconf 78' lang='grc' dir='ltr'>ὲν</span> <span class='ocrx_word' id='word_1_549' title='bbox 3169 3408 3399 3470; x_wconf 79' lang='grc' dir='ltr'>ὀδύναις,</span> <span class='ocrx_word' id='word_1_550' title='bbox 3427 3410 3483 3460; x_wconf 78' lang='grc' dir='ltr'>ὲν</span> <span class='ocrx_word' id='word_1_551' title='bbox 3511 3407 3853 3474; x_wconf 82' lang='grc' dir='ltr'>ὀνειδισμοῖς,</span> <span class='ocrx_word' id='word_1_552' title='bbox 3891 3408 3950 3458; x_wconf 82' lang='grc' dir='ltr'>ὲν</span> 
     </span>
    </p>
   </div>
   <div class='ocr_carea' id='block_1_81' title="bbox 2397 3494 3952 3572">
    <p class='ocr_par' dir='ltr' id='par_1_81' title="bbox 2397 3494 3952 3572">
     <span class='ocr_line' id='line_1_81' title="bbox 2397 3494 3952 3572; baseline -0.006 -14"><span class='ocrx_word' id='word_1_553' title='bbox 2397 3504 2607 3565; x_wconf 86' lang='grc' dir='ltr'>πολλοῖς</span> <span class='ocrx_word' id='word_1_554' title='bbox 2639 3501 2855 3572; x_wconf 84' lang='grc' dir='ltr'>μόχθοις</span> <span class='ocrx_word' id='word_1_555' title='bbox 2881 3500 3116 3553; x_wconf 61' lang='lat' dir='ltr'><strong>emanat</strong></span> <span class='ocrx_word' id='word_1_556' title='bbox 3150 3497 3592 3568; x_wconf 79' lang='grc' dir='ltr'>μαστιγούμενος.</span> <span class='ocrx_word' id='word_1_557' title='bbox 3642 3496 3732 3565; x_wconf 78' lang='grc' dir='ltr'><strong>Μὴ</strong></span> <span class='ocrx_word' id='word_1_558' title='bbox 3766 3494 3952 3548; x_wconf 87' lang='grc' dir='ltr'>τοίνυν</span> 
     </span>
    </p>
   </div>
   <div class='ocr_carea' id='block_1_82' title="bbox 2398 3584 3954 3658">
    <p class='ocr_par' dir='ltr' id='par_1_82' title="bbox 2398 3584 3954 3658">
     <span class='ocr_line' id='line_1_82' title="bbox 2398 3584 3954 3658; baseline -0.005 -13"><span class='ocrx_word' id='word_1_559' title='bbox 2398 3592 2624 3658; x_wconf 68' lang='grc' dir='ltr'>ξενίζοι),</span> <span class='ocrx_word' id='word_1_560' title='bbox 2683 3590 2812 3643; x_wconf 79' lang='grc' dir='ltr'>ὅταν</span> <span class='ocrx_word' id='word_1_561' title='bbox 2843 3587 3042 3658; x_wconf 79' lang='grc' dir='ltr'>βλέπῃς</span> <span class='ocrx_word' id='word_1_562' title='bbox 3090 3587 3177 3638; x_wconf 83' lang='grc' dir='ltr'><strong>τὸν</strong></span> <span class='ocrx_word' id='word_1_563' title='bbox 3212 3587 3414 3654; x_wconf 85' lang='grc' dir='ltr'>ἀγαθὸν</span> <span class='ocrx_word' id='word_1_564' title='bbox 3467 3586 3632 3655; x_wconf 76' lang='grc' dir='ltr'>ἄνδρα</span> <span class='ocrx_word' id='word_1_565' title='bbox 3671 3584 3954 3637; x_wconf 81' lang='grc' dir='ltr'>ταλαιπω·</span> 
     </span>
    </p>
   </div>
   <div class='ocr_carea' id='block_1_83' title="bbox 2399 3673 3953 3750">
    <p class='ocr_par' dir='ltr' id='par_1_83' title="bbox 2399 3673 3953 3750">
     <span class='ocr_line' id='line_1_83' title="bbox 2399 3673 3953 3750; baseline -0.005 -19"><span class='ocrx_word' id='word_1_566' title='bbox 2399 3678 2590 3750; x_wconf 80' lang='grc' dir='ltr'>ροῦντα</span> <span class='ocrx_word' id='word_1_567' title='bbox 2629 3677 2895 3746; x_wconf 78' lang='grc' dir='ltr'>διαφόρως</span> <span class='ocrx_word' id='word_1_568' title='bbox 2949 3674 3040 3726; x_wconf 77' lang='grc' dir='ltr'>καὶ</span> <span class='ocrx_word' id='word_1_569' title='bbox 3086 3673 3577 3742; x_wconf 81' lang='grc' dir='ltr'>καταπονούμενον.</span> <span class='ocrx_word' id='word_1_570' title='bbox 3611 3690 3629 3724; x_wconf 77' lang='grc' dir='ltr'><strong>ι</strong></span> <span class='ocrx_word' id='word_1_571' title='bbox 3670 3674 3764 3724; x_wconf 89' lang='grc' dir='ltr'>Ὃν</span> <span class='ocrx_word' id='word_1_572' title='bbox 3841 3674 3953 3739; x_wconf 74' lang='grc' dir='ltr'><strong>γὰρ</strong></span> 
     </span>
    </p>
   </div>
   <div class='ocr_carea' id='block_1_84' title="bbox 2396 3761 3953 3840">
    <p class='ocr_par' dir='ltr' id='par_1_84' title="bbox 2396 3761 3953 3840">
     <span class='ocr_line' id='line_1_84' title="bbox 2396 3761 3953 3840; baseline -0.007 -17"><span class='ocrx_word' id='word_1_573' title='bbox 2396 3770 2585 3840; x_wconf 77' lang='grc' dir='ltr'>ἀγαπᾷ</span> <span class='ocrx_word' id='word_1_574' title='bbox 2617 3766 2815 3836; x_wconf 80' lang='grc' dir='ltr'>Κύριος</span> <span class='ocrx_word' id='word_1_575' title='bbox 2841 3763 3098 3827; x_wconf 82' lang='grc' dir='ltr'>παιδεύει,</span> <span class='ocrx_word' id='word_1_576' title='bbox 3143 3766 3392 3832; x_wconf 87' lang='grc' dir='ltr'>μαστιγοῖ</span> <span class='ocrx_word' id='word_1_577' title='bbox 3421 3763 3476 3815; x_wconf 84' lang='grc' dir='ltr'>δὲ</span> <span class='ocrx_word' id='word_1_578' title='bbox 3526 3763 3699 3815; x_wconf 79' lang='grc' dir='ltr'>πάντα</span> <span class='ocrx_word' id='word_1_579' title='bbox 3729 3761 3842 3814; x_wconf 79' lang='grc' dir='ltr'>υἱὸν</span> <span class='ocrx_word' id='word_1_580' title='bbox 3891 3762 3953 3814; x_wconf 83' lang='grc' dir='ltr'>ὃν</span> 
     </span>
    </p>
   </div>
   <div class='ocr_carea' id='block_1_85' title="bbox 2397 3853 3952 3930">
    <p class='ocr_par' dir='ltr' id='par_1_85' title="bbox 2397 3853 3952 3930">
     <span class='ocr_line' id='line_1_85' title="bbox 2397 3853 3952 3930; baseline -0.006 -18"><span class='ocrx_word' id='word_1_581' title='bbox 2397 3859 2774 3930; x_wconf 85' lang='grc' dir='ltr'>παραδέχεται.</span> <span class='ocrx_word' id='word_1_582' title='bbox 2814 3875 2832 3907; x_wconf 73' lang='grc' dir='ltr'><strong>ι</strong></span> <span class='ocrx_word' id='word_1_583' title='bbox 2865 3855 3007 3909; x_wconf 80' lang='grc' dir='ltr'>Καί·</span> <span class='ocrx_word' id='word_1_584' title='bbox 3047 3874 3066 3908; x_wconf 84' lang='grc'><strong><em>‹</em></strong></span> <span class='ocrx_word' id='word_1_585' title='bbox 3111 3853 3423 3923; x_wconf 83' lang='grc' dir='ltr'>Ἐγενόμην,</span> <span class='ocrx_word' id='word_1_586' title='bbox 3481 3854 3631 3922; x_wconf 63' lang='grc' dir='ltr'>φησι,</span> <span class='ocrx_word' id='word_1_587' title='bbox 3684 3868 3952 3921; x_wconf 83' lang='grc' dir='ltr'>μεμαστι-</span> 
     </span>
    </p>
   </div>
   <div class='ocr_carea' id='block_1_86' title="bbox 2395 3941 3952 4020">
    <p class='ocr_par' dir='ltr' id='par_1_86' title="bbox 2395 3941 3952 4020">
     <span class='ocr_line' id='line_1_86' title="bbox 2395 3941 3952 4020; baseline -0.006 -17"><span class='ocrx_word' id='word_1_588' title='bbox 2395 3950 2636 4020; x_wconf 89' lang='grc' dir='ltr'>γωμένος</span> <span class='ocrx_word' id='word_1_589' title='bbox 2655 3949 2780 4017; x_wconf 83' lang='grc' dir='ltr'>ὃλην</span> <span class='ocrx_word' id='word_1_590' title='bbox 2800 3946 2894 4016; x_wconf 82' lang='grc' dir='ltr'>τὴν</span> <span class='ocrx_word' id='word_1_591' title='bbox 2922 3947 3152 4016; x_wconf 82' lang='grc' dir='ltr'>ἡμέραν,</span> <span class='ocrx_word' id='word_1_592' title='bbox 3183 3949 3274 3997; x_wconf 67' lang='grc' dir='ltr'>καὶ</span> <span class='ocrx_word' id='word_1_593' title='bbox 3299 3947 3326 3996; x_wconf 93' lang='lat'><strong>6</strong></span> <span class='ocrx_word' id='word_1_594' title='bbox 3348 3943 3563 4012; x_wconf 73' lang='grc' dir='ltr'>ἔλεγχός</span> <span class='ocrx_word' id='word_1_595' title='bbox 3590 3959 3688 4012; x_wconf 86' lang='grc' dir='ltr'><strong>μου</strong></span> <span class='ocrx_word' id='word_1_596' title='bbox 3734 3945 3812 4004; x_wconf 85' lang='grc' dir='ltr'><strong>εἰς</strong></span> <span class='ocrx_word' id='word_1_597' title='bbox 3849 3941 3952 4002; x_wconf 73' lang='grc' dir='ltr'><strong>τὰς</strong></span> 
     </span>
    </p>
   </div>
   <div class='ocr_carea' id='block_1_87' title="bbox 2399 4032 3955 4109">
    <p class='ocr_par' dir='ltr' id='par_1_87' title="bbox 2399 4032 3955 4109">
     <span class='ocr_line' id='line_1_87' title="bbox 2399 4032 3955 4109; baseline -0.004 -20"><span class='ocrx_word' id='word_1_598' title='bbox 2399 4039 2627 4109; x_wconf 85' lang='grc' dir='ltr'>πρωῖας.</span> <span class='ocrx_word' id='word_1_599' title='bbox 2685 4056 2702 4086; x_wconf 74' lang='grc' dir='ltr'><strong>ι</strong></span> <span class='ocrx_word' id='word_1_600' title='bbox 2758 4037 2832 4088; x_wconf 82' lang='grc' dir='ltr'><strong>Οὐ</strong></span> <span class='ocrx_word' id='word_1_601' title='bbox 2876 4037 2980 4105; x_wconf 81' lang='grc' dir='ltr'>γὰρ</span> <span class='ocrx_word' id='word_1_602' title='bbox 3026 4036 3368 4104; x_wconf 82' lang='grc' dir='ltr'>περιέμεινεν</span> <span class='ocrx_word' id='word_1_603' title='bbox 3426 4035 3453 4086; x_wconf 85' lang='lat'><strong>6</strong></span> <span class='ocrx_word' id='word_1_604' title='bbox 3507 4033 3723 4101; x_wconf 72' lang='grc' dir='ltr'>ἐλεγχος</span> <span class='ocrx_word' id='word_1_605' title='bbox 3763 4032 3955 4104; x_wconf 79' lang='grc' dir='ltr'>μέχρις</span> 
     </span>
    </p>
   </div>
   <div class='ocr_carea' id='block_1_88' title="bbox 2399 4120 3956 4197">
    <p class='ocr_par' dir='ltr' id='par_1_88' title="bbox 2399 4120 3956 4197">
     <span class='ocr_line' id='line_1_88' title="bbox 2399 4120 3956 4197; baseline -0.005 -18"><span class='ocrx_word' id='word_1_606' title='bbox 2399 4128 2622 4197; x_wconf 77' lang='grc' dir='ltr'>ἀκμάση</span> <span class='ocrx_word' id='word_1_607' title='bbox 2679 4126 2768 4178; x_wconf 83' lang='grc' dir='ltr'>τὸν</span> <span class='ocrx_word' id='word_1_608' title='bbox 2809 4126 2979 4195; x_wconf 77' lang='grc' dir='ltr'>ἣλιον.</span> <span class='ocrx_word' id='word_1_609' title='bbox 3019 4124 3280 4194; x_wconf 84' lang='grc' dir='ltr'>Ἠλεγχον</span> <span class='ocrx_word' id='word_1_610' title='bbox 3330 4124 3561 4193; x_wconf 83' lang='grc' dir='ltr'>ὲμαυτδν</span> <span class='ocrx_word' id='word_1_611' title='bbox 3603 4120 3956 4192; x_wconf 72' lang='grc' dir='ltr'>ἐξομολογού-</span> 
     </span>
    </p>
   </div>
   <div class='ocr_carea' id='block_1_89' title="bbox 758 4203 2284 4293">
    <p class='ocr_par' dir='ltr' id='par_1_89' title="bbox 758 4203 2284 4279">
     <span class='ocr_line' id='line_1_89' title="bbox 758 4203 2284 4279; baseline 0.005 -21"><span class='ocrx_word' id='word_1_612' title='bbox 758 4207 993 4258; x_wconf 88' lang='lat' dir='ltr'><strong>vividum</strong></span> <span class='ocrx_word' id='word_1_613' title='bbox 1031 4205 1385 4271; x_wconf 77' lang='lat' dir='ltr'><strong>exspectavit.</strong></span> <span class='ocrx_word' id='word_1_614' title='bbox 1423 4203 1904 4272; x_wconf 79' lang='lat' dir='ltr'><strong>Reprehendebam</strong></span> <span class='ocrx_word' id='word_1_615' title='bbox 1919 4213 2284 4279; x_wconf 88' lang='lat' dir='ltr'><strong>memetipsum</strong></span> 
     </span>
    </p>
   </div>
   <div class='ocr_carea' id='block_1_90' title="bbox 2385 4203 3958 4293">
    <p class='ocr_par' dir='ltr' id='par_1_90' title="bbox 2403 4213 3958 4284">
     <span class='ocr_line' id='line_1_90' title="bbox 2403 4213 3958 4284; baseline -0.002 -17"><span class='ocrx_word' id='word_1_616' title='bbox 2403 4234 2578 4284; x_wconf 84' lang='grc' dir='ltr'>μενος,</span> <span class='ocrx_word' id='word_1_617' title='bbox 2615 4217 2670 4267; x_wconf 74' lang='grc' dir='ltr'><strong>οῖ</strong></span> <span class='ocrx_word' id='word_1_618' title='bbox 2721 4234 2774 4268; x_wconf 91' lang='grc' dir='ltr'><strong>τι</strong></span> <span class='ocrx_word' id='word_1_619' title='bbox 2835 4216 3086 4280; x_wconf 77' lang='grc' dir='ltr'>ἐπταισα,</span> <span class='ocrx_word' id='word_1_620' title='bbox 3119 4216 3212 4266; x_wconf 71' lang='grc' dir='ltr'>καὶ</span> <span class='ocrx_word' id='word_1_621' title='bbox 3260 4215 3424 4283; x_wconf 81' lang='grc' dir='ltr'>χωρὶς</span> <span class='ocrx_word' id='word_1_622' title='bbox 3461 4213 3751 4282; x_wconf 73' lang='grc' dir='ltr'>μαρτύρων</span> <span class='ocrx_word' id='word_1_623' title='bbox 3788 4213 3958 4282; x_wconf 83' lang='grc' dir='ltr'>δημο-</span> 
     </span>
    </p>
   </div>
   <div class='ocr_carea' id='block_1_91' title="bbox 758 4292 2297 4366">
    <p class='ocr_par' dir='ltr' id='par_1_91' title="bbox 758 4292 2297 4366">
     <span class='ocr_line' id='line_1_91' title="bbox 758 4292 2297 4366; baseline 0.004 -20"><span class='ocrx_word' id='word_1_624' title='bbox 758 4295 1043 4354; x_wconf 77' lang='lat' dir='ltr'><strong>confitens,</strong></span> <span class='ocrx_word' id='word_1_625' title='bbox 1071 4293 1114 4345; x_wconf 89' lang='lat' dir='ltr'><strong>si</strong></span> <span class='ocrx_word' id='word_1_626' title='bbox 1147 4292 1276 4359; x_wconf 90' lang='lat' dir='ltr'><strong>quid</strong></span> <span class='ocrx_word' id='word_1_627' title='bbox 1305 4292 1527 4362; x_wconf 83' lang='lat' dir='ltr'><strong>deliqui,</strong></span> <span class='ocrx_word' id='word_1_628' title='bbox 1576 4299 1628 4346; x_wconf 94' lang='lat' dir='ltr'><strong>et</strong></span> <span class='ocrx_word' id='word_1_629' title='bbox 1671 4293 1878 4362; x_wconf 82' lang='lat' dir='ltr'><strong>absque</strong></span> <span class='ocrx_word' id='word_1_630' title='bbox 1906 4296 2142 4351; x_wconf 70' lang='lat' dir='ltr'><strong>testibus</strong></span> <span class='ocrx_word' id='word_1_631' title='bbox 2169 4292 2297 4366; x_wconf 87' lang='lat' dir='ltr'><strong>pec-</strong></span> 
     </span>
    </p>
   </div>
   <div class='ocr_carea' id='block_1_92' title="bbox 757 4381 1364 4449">
    <p class='ocr_par' dir='ltr' id='par_1_92' title="bbox 757 4381 1364 4449">
     <span class='ocr_line' id='line_1_92' title="bbox 757 4381 1364 4449; baseline 0 -14"><span class='ocrx_word' id='word_1_632' title='bbox 757 4395 877 4435; x_wconf 83' lang='lat' dir='ltr'><strong>cata</strong></span> <span class='ocrx_word' id='word_1_633' title='bbox 911 4396 1025 4434; x_wconf 90' lang='lat' dir='ltr'><strong>mea</strong></span> <span class='ocrx_word' id='word_1_634' title='bbox 1054 4381 1364 4449; x_wconf 84' lang='lat' dir='ltr'><strong>propalans.</strong></span> 
     </span>
    </p>
   </div>
   <div class='ocr_carea' id='block_1_93' title="bbox 948 4467 2112 4526">
    <p class='ocr_par' dir='ltr' id='par_1_93' title="bbox 948 4467 2112 4526">
     <span class='ocr_line' id='line_1_93' title="bbox 948 4467 2112 4526; baseline 0.003 -4"><span class='ocrx_word' id='word_1_635' title='bbox 948 4468 1232 4523; x_wconf 74' lang='lat' dir='ltr'><strong>XXXVIII.</strong></span> <span class='ocrx_word' id='word_1_636' title='bbox 1277 4497 1347 4507; x_wconf 90' lang='lat'><strong><em>—</em></strong></span> <span class='ocrx_word' id='word_1_637' title='bbox 1377 4467 1771 4523; x_wconf 64' lang='lat' dir='ltr'><strong>XENAGORIE</strong></span> <span class='ocrx_word' id='word_1_638' title='bbox 1801 4469 2112 4526; x_wconf 71' lang='lat' dir='ltr'><strong>DIACONO.</strong></span> 
     </span>
    </p>
   </div>
   <div class='ocr_carea' id='block_1_94' title="bbox 832 4558 2298 4631">
    <p class='ocr_par' dir='ltr' id='par_1_94' title="bbox 832 4558 2298 4631">
     <span class='ocr_line' id='line_1_94' title="bbox 832 4558 2298 4631; baseline 0 -17"><span class='ocrx_word' id='word_1_639' title='bbox 832 4561 1100 4623; x_wconf 66' lang='lat' dir='ltr'><strong>Praesens,</strong></span> <span class='ocrx_word' id='word_1_640' title='bbox 1131 4573 1250 4628; x_wconf 73' lang='lat' dir='ltr'><strong>qua:</strong></span> <span class='ocrx_word' id='word_1_641' title='bbox 1282 4573 1380 4612; x_wconf 85' lang='lat' dir='ltr'><strong>nos</strong></span> <span class='ocrx_word' id='word_1_642' title='bbox 1412 4570 1590 4624; x_wconf 78' lang='lat' dir='ltr'><strong>vexat,</strong></span> <span class='ocrx_word' id='word_1_643' title='bbox 1633 4558 2065 4616; x_wconf 85' lang='lat' dir='ltr'><strong>necessariorum</strong></span> <span class='ocrx_word' id='word_1_644' title='bbox 2094 4563 2298 4631; x_wconf 88' lang='lat' dir='ltr'><strong>inopia,</strong></span> 
     </span>
    </p>
   </div>
   <div class='ocr_carea' id='block_1_95' title="bbox 753 4636 2300 4721">
    <p class='ocr_par' dir='ltr' id='par_1_95' title="bbox 753 4636 2300 4721">
     <span class='ocr_line' id='line_1_95' title="bbox 753 4636 2300 4721; baseline 0.001 -18"><span class='ocrx_word' id='word_1_645' title='bbox 753 4665 1058 4718; x_wconf 80' lang='lat' dir='ltr'><strong>eorumque</strong></span> <span class='ocrx_word' id='word_1_646' title='bbox 1095 4641 1200 4702; x_wconf 74' lang='lat' dir='ltr'><strong>nbn</strong></span> <span class='ocrx_word' id='word_1_647' title='bbox 1237 4649 1310 4701; x_wconf 89' lang='lat' dir='ltr'><strong>ita</strong></span> <span class='ocrx_word' id='word_1_648' title='bbox 1350 4648 1548 4710; x_wconf 86' lang='lat' dir='ltr'><strong>facilis.</strong></span> <span class='ocrx_word' id='word_1_649' title='bbox 1584 4664 1756 4719; x_wconf 83' lang='lat' dir='ltr'><strong>neque</strong></span> <span class='ocrx_word' id='word_1_650' title='bbox 1805 4636 1914 4704; x_wconf 88' lang='lat' dir='ltr'><strong>tam</strong></span> <span class='ocrx_word' id='word_1_651' title='bbox 1961 4654 2068 4705; x_wconf 79' lang='lat' dir='ltr'><strong>cita</strong></span> <span class='ocrx_word' id='word_1_652' title='bbox 2113 4653 2300 4721; x_wconf 84' lang='lat' dir='ltr'><strong>acqui-</strong></span> 
     </span>
    </p>
   </div>
   <div class='ocr_carea' id='block_1_96' title="bbox 759 4737 2304 4808">
    <p class='ocr_par' dir='ltr' id='par_1_96' title="bbox 759 4737 2304 4808">
     <span class='ocr_line' id='line_1_96' title="bbox 759 4737 2304 4808; baseline 0.005 -19"><span class='ocrx_word' id='word_1_653' title='bbox 759 4737 911 4800; x_wconf 88' lang='lat' dir='ltr'><strong>sitio,</strong></span> <span class='ocrx_word' id='word_1_654' title='bbox 973 4737 1387 4806; x_wconf 77' lang='lat' dir='ltr'><strong>ignorantiaque</strong></span> <span class='ocrx_word' id='word_1_655' title='bbox 1424 4737 1661 4805; x_wconf 83' lang='lat' dir='ltr'><strong>quando,</strong></span> <span class='ocrx_word' id='word_1_656' title='bbox 1700 4742 1794 4792; x_wconf 76' lang='lat' dir='ltr'><strong>aut</strong></span> <span class='ocrx_word' id='word_1_657' title='bbox 1817 4753 2050 4808; x_wconf 87' lang='lat' dir='ltr'><strong>quanam</strong></span> <span class='ocrx_word' id='word_1_658' title='bbox 2094 4744 2304 4797; x_wconf 86' lang='lat' dir='ltr'><strong>ratione</strong></span> 
     </span>
    </p>
   </div>
   <div class='ocr_carea' id='block_1_97' title="bbox 763 4827 2307 4900">
    <p class='ocr_par' dir='ltr' id='par_1_97' title="bbox 763 4827 2307 4900">
     <span class='ocr_line' id='line_1_97' title="bbox 763 4827 2307 4900; baseline 0.006 -24"><span class='ocrx_word' id='word_1_659' title='bbox 763 4833 886 4877; x_wconf 85' lang='lat' dir='ltr'><strong>vota</strong></span> <span class='ocrx_word' id='word_1_660' title='bbox 921 4834 1102 4879; x_wconf 86' lang='lat' dir='ltr'><strong>nostra</strong></span> <span class='ocrx_word' id='word_1_661' title='bbox 1138 4827 1294 4880; x_wconf 84' lang='lat' dir='ltr'><strong>linem</strong></span> <span class='ocrx_word' id='word_1_662' title='bbox 1330 4827 1640 4893; x_wconf 82' lang='lat' dir='ltr'><strong>habebunt;</strong></span> <span class='ocrx_word' id='word_1_663' title='bbox 1675 4828 1788 4884; x_wconf 65' lang='lat' dir='ltr'><strong>haec</strong></span> <span class='ocrx_word' id='word_1_664' title='bbox 1813 4831 1990 4883; x_wconf 85' lang='lat' dir='ltr'><strong>omnia</strong></span> <span class='ocrx_word' id='word_1_665' title='bbox 2020 4833 2131 4900; x_wconf 87' lang='lat' dir='ltr'><strong>spei</strong></span> <span class='ocrx_word' id='word_1_666' title='bbox 2157 4846 2307 4885; x_wconf 82' lang='lat' dir='ltr'><strong>exer-</strong></span> 
     </span>
    </p>
   </div>
   <div class='ocr_carea' id='block_1_98' title="bbox 763 4915 2304 4991">
    <p class='ocr_par' dir='ltr' id='par_1_98' title="bbox 763 4915 2304 4991">
     <span class='ocr_line' id='line_1_98' title="bbox 763 4915 2304 4991; baseline 0.005 -23"><span class='ocrx_word' id='word_1_667' title='bbox 763 4915 1053 4968; x_wconf 77' lang='lat' dir='ltr'><strong>citationes</strong></span> <span class='ocrx_word' id='word_1_668' title='bbox 1110 4926 1278 4968; x_wconf 88' lang='lat' dir='ltr'><strong>sunt:</strong></span> <span class='ocrx_word' id='word_1_669' title='bbox 1322 4932 1445 4986; x_wconf 86' lang='lat' dir='ltr'><strong>spes</strong></span> <span class='ocrx_word' id='word_1_670' title='bbox 1498 4918 1640 4972; x_wconf 90' lang='lat' dir='ltr'><strong>enim</strong></span> <span class='ocrx_word' id='word_1_671' title='bbox 1694 4919 1798 4988; x_wconf 73' lang='grc' dir='ltr'>ιθ</span> <span class='ocrx_word' id='word_1_672' title='bbox 1843 4919 1898 4973; x_wconf 90' lang='lat' dir='ltr'><strong>in</strong></span> <span class='ocrx_word' id='word_1_673' title='bbox 1956 4919 2145 4986; x_wconf 88' lang='lat' dir='ltr'><strong>Deum,</strong></span> <span class='ocrx_word' id='word_1_674' title='bbox 2213 4923 2304 4991; x_wconf 91' lang='lat' dir='ltr'><strong>qui</strong></span> 
     </span>
    </p>
   </div>
   <div class='ocr_carea' id='block_1_99' title="bbox 764 5004 2296 5081">
    <p class='ocr_par' dir='ltr' id='par_1_99' title="bbox 764 5004 2296 5081">
     <span class='ocr_line' id='line_1_99' title="bbox 764 5004 2296 5081; baseline 0.008 -29"><span class='ocrx_word' id='word_1_675' title='bbox 764 5013 944 5074; x_wconf 76' lang='lat' dir='ltr'><strong>potest</strong></span> <span class='ocrx_word' id='word_1_676' title='bbox 982 5004 1142 5065; x_wconf 84' lang='lat' dir='ltr'><strong>bona,</strong></span> <span class='ocrx_word' id='word_1_677' title='bbox 1181 5019 1302 5058; x_wconf 91' lang='lat' dir='ltr'><strong>cum</strong></span> <span class='ocrx_word' id='word_1_678' title='bbox 1333 5005 1401 5060; x_wconf 85' lang='lat' dir='ltr'><strong>iis</strong></span> <span class='ocrx_word' id='word_1_679' title='bbox 1433 5007 1798 5072; x_wconf 86' lang='lat' dir='ltr'><strong>destituimur,</strong></span> <span class='ocrx_word' id='word_1_680' title='bbox 1836 5018 1888 5064; x_wconf 88' lang='lat' dir='ltr'><strong>et</strong></span> <span class='ocrx_word' id='word_1_681' title='bbox 1920 5024 2109 5064; x_wconf 88' lang='lat' dir='ltr'><strong>eorum</strong></span> <span class='ocrx_word' id='word_1_682' title='bbox 2141 5014 2296 5081; x_wconf 89' lang='lat' dir='ltr'><strong>c0pia</strong></span> 
     </span>
    </p>
   </div>
   <div class='ocr_carea' id='block_1_100' title="bbox 764 5089 1678 5158">
    <p class='ocr_par' dir='ltr' id='par_1_100' title="bbox 764 5089 1678 5158">
     <span class='ocr_line' id='line_1_100' title="bbox 764 5089 1678 5158; baseline 0 -14"><span class='ocrx_word' id='word_1_683' title='bbox 764 5107 873 5144; x_wconf 86' lang='lat' dir='ltr'><strong>non</strong></span> <span class='ocrx_word' id='word_1_684' title='bbox 905 5100 1008 5153; x_wconf 84' lang='lat' dir='ltr'><strong>est,</strong></span> <span class='ocrx_word' id='word_1_685' title='bbox 1039 5090 1312 5150; x_wconf 79' lang='lat' dir='ltr'><strong>exhibere,</strong></span> <span class='ocrx_word' id='word_1_686' title='bbox 1341 5089 1545 5158; x_wconf 77' lang='lat' dir='ltr'><strong>ﬁgenda</strong></span> <span class='ocrx_word' id='word_1_687' title='bbox 1574 5102 1678 5146; x_wconf 90' lang='lat' dir='ltr'><strong>est.</strong></span> 
     </span>
    </p>
   </div>
   <div class='ocr_carea' id='block_1_101' title="bbox 1247 5180 1812 5239">
    <p class='ocr_par' dir='ltr' id='par_1_101' title="bbox 1247 5180 1812 5239">
     <span class='ocr_line' id='line_1_101' title="bbox 1247 5180 1812 5239; baseline 0.011 -7"><span class='ocrx_word' id='word_1_688' title='bbox 1247 5180 1481 5234; x_wconf 77' lang='lat' dir='ltr'><strong>XXXIX.</strong></span> <span class='ocrx_word' id='word_1_689' title='bbox 1517 5211 1582 5224; x_wconf 82' lang='lat'><strong>-—</strong></span> <span class='ocrx_word' id='word_1_690' title='bbox 1611 5182 1812 5239; x_wconf 75' lang='lat' dir='ltr'><strong>Eidem.</strong></span> 
     </span>
    </p>
   </div>
   <div class='ocr_carea' id='block_1_102' title="bbox 835 5267 2300 5342">
    <p class='ocr_par' dir='ltr' id='par_1_102' title="bbox 835 5267 2300 5342">
     <span class='ocr_line' id='line_1_102' title="bbox 835 5267 2300 5342; baseline 0.01 -20"><span class='ocrx_word' id='word_1_691' title='bbox 835 5267 1123 5336; x_wconf 78' lang='lat' dir='ltr'><strong>Speremus</strong></span> <span class='ocrx_word' id='word_1_692' title='bbox 1169 5274 1222 5326; x_wconf 92' lang='lat' dir='ltr'><strong>in</strong></span> <span class='ocrx_word' id='word_1_693' title='bbox 1272 5270 1460 5334; x_wconf 84' lang='lat' dir='ltr'><strong>Deum,</strong></span> <span class='ocrx_word' id='word_1_694' title='bbox 1499 5273 1684 5336; x_wconf 87' lang='lat' dir='ltr'><strong>frater,</strong></span> <span class='ocrx_word' id='word_1_695' title='bbox 1721 5290 2016 5342; x_wconf 82' lang='lat' dir='ltr'><strong>speremus.</strong></span> <span class='ocrx_word' id='word_1_696' title='bbox 2052 5278 2173 5337; x_wconf 84' lang='lat' dir='ltr'><strong>licet</strong></span> <span class='ocrx_word' id='word_1_697' title='bbox 2204 5296 2300 5336; x_wconf 87' lang='lat' dir='ltr'><strong>ne-</strong></span> 
     </span>
    </p>
   </div>
   <div class='ocr_carea' id='block_1_103' title="bbox 853 5440 1965 5514">
    <p class='ocr_par' dir='ltr' id='par_1_103' title="bbox 853 5440 1965 5514">
     <span class='ocr_line' id='line_1_103' title="bbox 853 5440 1965 5514; baseline 0.013 -22"><span class='ocrx_word' id='word_1_698' title='bbox 853 5440 895 5470; x_wconf 87' lang='grc'>³³</span> <span class='ocrx_word' id='word_1_699' title='bbox 927 5443 1059 5498; x_wconf 80' lang='lat' dir='ltr'><strong>Psal.</strong></span> <span class='ocrx_word' id='word_1_700' title='bbox 1097 5463 1262 5514; x_wconf 67' lang='grc' dir='ltr'>ικκιι,</span> <span class='ocrx_word' id='word_1_701' title='bbox 1305 5449 1354 5503; x_wconf 81' lang='lat'><strong>5.</strong></span> <span class='ocrx_word' id='word_1_702' title='bbox 1440 5450 1482 5480; x_wconf 66' lang='grc'><strong>³³</strong></span> <span class='ocrx_word' id='word_1_703' title='bbox 1522 5447 1662 5504; x_wconf 74' lang='lat' dir='ltr'><strong>l‘sal.</strong></span> <span class='ocrx_word' id='word_1_704' title='bbox 1697 5465 1876 5514; x_wconf 76' lang='lat' dir='ltr'><strong>cxxu,</strong></span> <span class='ocrx_word' id='word_1_705' title='bbox 1915 5455 1965 5507; x_wconf 83' lang='lat'><strong>5.</strong></span> 
     </span>
    </p>
   </div>
   <div class='ocr_carea' id='block_1_104' title="bbox 2041 5454 2499 5521">
    <p class='ocr_par' dir='ltr' id='par_1_104' title="bbox 2041 5454 2499 5521">
     <span class='ocr_line' id='line_1_104' title="bbox 2041 5454 2499 5521; baseline 0.007 -14"><span class='ocrx_word' id='word_1_706' title='bbox 2041 5456 2085 5487; x_wconf 86' lang='grc'><strong>³⁵</strong></span> <span class='ocrx_word' id='word_1_707' title='bbox 2133 5454 2287 5508; x_wconf 76' lang='lat' dir='ltr'><strong>llubr.</strong></span> <span class='ocrx_word' id='word_1_708' title='bbox 2324 5470 2416 5521; x_wconf 78' lang='lat' dir='ltr'><strong>xu,</strong></span> <span class='ocrx_word' id='word_1_709' title='bbox 2450 5459 2499 5514; x_wconf 81' lang='grc'><strong>6.</strong></span> 
     </span>
    </p>
   </div>
   <div class='ocr_carea' id='block_1_105' title="bbox 2401 4302 3161 4372">
    <p class='ocr_par' dir='ltr' id='par_1_105' title="bbox 2401 4302 3161 4372">
     <span class='ocr_line' id='line_1_105' title="bbox 2401 4302 3161 4372; baseline 0.003 -23"><span class='ocrx_word' id='word_1_710' title='bbox 2401 4303 2589 4352; x_wconf 85' lang='grc' dir='ltr'>σιεύων</span> <span class='ocrx_word' id='word_1_711' title='bbox 2623 4320 2723 4368; x_wconf 85' lang='grc' dir='ltr'><strong>μου</strong></span> <span class='ocrx_word' id='word_1_712' title='bbox 2750 4303 2844 4362; x_wconf 77' lang='grc' dir='ltr'>τὰς</span> <span class='ocrx_word' id='word_1_713' title='bbox 2873 4302 3161 4372; x_wconf 79' lang='grc' dir='ltr'>ἁμαρτίας.</span> 
     </span>
    </p>
   </div>
   <div class='ocr_carea' id='block_1_106' title="bbox 2686 4469 3649 4540">
    <p class='ocr_par' dir='ltr' id='par_1_106' title="bbox 2686 4469 3649 4540">
     <span class='ocr_line' id='line_1_106' title="bbox 2686 4469 3649 4540; baseline 0 -18"><span class='ocrx_word' id='word_1_714' title='bbox 2686 4469 2813 4522; x_wconf 86' lang='lat' dir='ltr'><strong>AH’.</strong></span> <span class='ocrx_word' id='word_1_715' title='bbox 2847 4499 2916 4508; x_wconf 93' lang='grc'><strong>-</strong></span> <span class='ocrx_word' id='word_1_716' title='bbox 2948 4469 3299 4540; x_wconf 75' lang='grc' dir='ltr'><strong>ΞΕΝΑΓΟΡᾼ</strong></span> <span class='ocrx_word' id='word_1_717' title='bbox 3329 4469 3649 4538; x_wconf 78' lang='grc' dir='ltr'><strong>ΔΙΑΚΟΝῼ.</strong></span> 
     </span>
    </p>
   </div>
   <div class='ocr_carea' id='block_1_107' title="bbox 2480 4559 3950 4631">
    <p class='ocr_par' dir='ltr' id='par_1_107' title="bbox 2480 4559 3950 4631">
     <span class='ocr_line' id='line_1_107' title="bbox 2480 4559 3950 4631; baseline 0.001 -19"><span class='ocrx_word' id='word_1_718' title='bbox 2480 4560 2543 4612; x_wconf 81' lang='grc' dir='ltr'>Ἠ</span> <span class='ocrx_word' id='word_1_719' title='bbox 2571 4559 2816 4628; x_wconf 81' lang='grc' dir='ltr'>παροῦσα</span> <span class='ocrx_word' id='word_1_720' title='bbox 2846 4559 2938 4612; x_wconf 76' lang='grc' dir='ltr'>νῦν</span> <span class='ocrx_word' id='word_1_721' title='bbox 2968 4560 3144 4613; x_wconf 73' lang='grc' dir='ltr'>ἔνδεια</span> <span class='ocrx_word' id='word_1_722' title='bbox 3187 4560 3293 4613; x_wconf 85' lang='grc' dir='ltr'><strong>τῶν</strong></span> <span class='ocrx_word' id='word_1_723' title='bbox 3322 4561 3625 4631; x_wconf 71' lang='grc' dir='ltr'>χρησίμων,</span> <span class='ocrx_word' id='word_1_724' title='bbox 3656 4561 3749 4613; x_wconf 73' lang='grc' dir='ltr'>καὶ</span> <span class='ocrx_word' id='word_1_725' title='bbox 3785 4561 3844 4613; x_wconf 80' lang='grc' dir='ltr'><strong>τὺ</strong></span> <span class='ocrx_word' id='word_1_726' title='bbox 3874 4561 3950 4630; x_wconf 78' lang='grc' dir='ltr'>μὴ</span> 
     </span>
    </p>
   </div>
   <div class='ocr_carea' id='block_1_108' title="bbox 2406 4651 3951 4721">
    <p class='ocr_par' dir='ltr' id='par_1_108' title="bbox 2406 4651 3951 4721">
     <span class='ocr_line' id='line_1_108' title="bbox 2406 4651 3951 4721; baseline 0.001 -21"><span class='ocrx_word' id='word_1_727' title='bbox 2406 4651 2618 4720; x_wconf 74' lang='grc' dir='ltr'>ῥᾳδίως,</span> <span class='ocrx_word' id='word_1_728' title='bbox 2649 4651 2780 4720; x_wconf 84' lang='grc' dir='ltr'>μηδὲ</span> <span class='ocrx_word' id='word_1_729' title='bbox 2819 4651 3023 4718; x_wconf 78' lang='grc' dir='ltr'>ταχέως</span> <span class='ocrx_word' id='word_1_730' title='bbox 3051 4651 3224 4704; x_wconf 82' lang='grc' dir='ltr'>αὐτῶν</span> <span class='ocrx_word' id='word_1_731' title='bbox 3254 4652 3627 4721; x_wconf 70' lang='grc' dir='ltr'>ἐπιτυγχάνειν</span> <span class='ocrx_word' id='word_1_732' title='bbox 3658 4653 3823 4720; x_wconf 78' lang='grc' dir='ltr'>ἡμᾶς,</span> <span class='ocrx_word' id='word_1_733' title='bbox 3855 4652 3951 4703; x_wconf 69' lang='grc' dir='ltr'>καὶ</span> 
     </span>
    </p>
   </div>
   <div class='ocr_carea' id='block_1_109' title="bbox 2404 4733 3953 4810">
    <p class='ocr_par' dir='ltr' id='par_1_109' title="bbox 2404 4733 3953 4810">
     <span class='ocr_line' id='line_1_109' title="bbox 2404 4733 3953 4810; baseline 0.002 -20"><span class='ocrx_word' id='word_1_734' title='bbox 2404 4740 2463 4790; x_wconf 86' lang='grc' dir='ltr'>τὸ</span> <span class='ocrx_word' id='word_1_735' title='bbox 2492 4740 2564 4809; x_wconf 76' lang='grc' dir='ltr'>μὴ</span> <span class='ocrx_word' id='word_1_736' title='bbox 2608 4739 2760 4808; x_wconf 76' lang='grc' dir='ltr'>δῆλον</span> <span class='ocrx_word' id='word_1_737' title='bbox 2791 4733 2923 4791; x_wconf 82' lang='grc' dir='ltr'>εἶναί</span> <span class='ocrx_word' id='word_1_738' title='bbox 2957 4756 3104 4804; x_wconf 88' lang='grc' dir='ltr'>ποτε,</span> <span class='ocrx_word' id='word_1_739' title='bbox 3135 4743 3224 4791; x_wconf 76' lang='grc' dir='ltr'>καὶ</span> <span class='ocrx_word' id='word_1_740' title='bbox 3258 4740 3372 4802; x_wconf 82' lang='grc' dir='ltr'><strong>πῶς</strong></span> <span class='ocrx_word' id='word_1_741' title='bbox 3413 4740 3821 4810; x_wconf 81' lang='grc' dir='ltr'>ὲπιτευξώμεθα</span> <span class='ocrx_word' id='word_1_742' title='bbox 3841 4740 3953 4793; x_wconf 84' lang='grc' dir='ltr'><strong>τῶν</strong></span> 
     </span>
    </p>
   </div>
   <div class='ocr_carea' id='block_1_110' title="bbox 2405 4818 3954 4904">
    <p class='ocr_par' dir='ltr' id='par_1_110' title="bbox 2405 4818 3954 4904">
     <span class='ocr_line' id='line_1_110' title="bbox 2405 4818 3954 4904; baseline 0.002 -24"><span class='ocrx_word' id='word_1_743' title='bbox 2405 4829 2716 4898; x_wconf 80' lang='grc' dir='ltr'>αἰτημάτων</span> <span class='ocrx_word' id='word_1_744' title='bbox 2762 4828 2936 4897; x_wconf 82' lang='grc' dir='ltr'>ἡμῶν,</span> <span class='ocrx_word' id='word_1_745' title='bbox 2968 4830 3141 4882; x_wconf 79' lang='grc' dir='ltr'>πάντα</span> <span class='ocrx_word' id='word_1_746' title='bbox 3188 4818 3363 4882; x_wconf 57' lang='grc' dir='ltr'>ταῦτα’</span> <span class='ocrx_word' id='word_1_747' title='bbox 3381 4833 3654 4904; x_wconf 72' lang='grc' dir='ltr'>γυμνάσια</span> <span class='ocrx_word' id='word_1_748' title='bbox 3673 4832 3768 4898; x_wconf 85' lang='grc' dir='ltr'>τῆς</span> <span class='ocrx_word' id='word_1_749' title='bbox 3800 4831 3954 4903; x_wconf 72' lang='grc' dir='ltr'>ἐλπί-</span> 
     </span>
    </p>
   </div>
   <div class='ocr_carea' id='block_1_111' title="bbox 2402 4919 3951 4988">
    <p class='ocr_par' dir='ltr' id='par_1_111' title="bbox 2402 4919 3951 4988">
     <span class='ocr_line' id='line_1_111' title="bbox 2402 4919 3951 4988; baseline 0 -16"><span class='ocrx_word' id='word_1_750' title='bbox 2402 4920 2488 4980; x_wconf 83' lang='grc' dir='ltr'><strong>δος</strong></span> <span class='ocrx_word' id='word_1_751' title='bbox 2517 4919 2767 4988; x_wconf 81' lang='grc' dir='ltr'>ὑπάρχει·</span> <span class='ocrx_word' id='word_1_752' title='bbox 2823 4920 2924 4988; x_wconf 83' lang='grc' dir='ltr'>χρὴ</span> <span class='ocrx_word' id='word_1_753' title='bbox 2976 4919 3080 4988; x_wconf 74' lang='grc' dir='ltr'>γὰρ</span> <span class='ocrx_word' id='word_1_754' title='bbox 3136 4920 3348 4972; x_wconf 76' lang='grc' dir='ltr'>ἐλπίσαι</span> <span class='ocrx_word' id='word_1_755' title='bbox 3403 4923 3502 4972; x_wconf 62' lang='grc' dir='ltr'><strong>ἐπὶ·</strong></span> <span class='ocrx_word' id='word_1_756' title='bbox 3537 4921 3626 4973; x_wconf 77' lang='grc' dir='ltr'>τὸν</span> <span class='ocrx_word' id='word_1_757' title='bbox 3665 4921 3794 4973; x_wconf 85' lang='grc' dir='ltr'>Θεὸν</span> <span class='ocrx_word' id='word_1_758' title='bbox 3825 4921 3951 4974; x_wconf 67' lang='grc' dir='ltr'>τὸν</span> 
     </span>
    </p>
   </div>
   <div class='ocr_carea' id='block_1_112' title="bbox 2405 5007 3970 5082">
    <p class='ocr_par' dir='ltr' id='par_1_112' title="bbox 2405 5007 3970 5082">
     <span class='ocr_line' id='line_1_112' title="bbox 2405 5007 3970 5082; baseline 0.002 -23"><span class='ocrx_word' id='word_1_759' title='bbox 2405 5007 2623 5061; x_wconf 80' lang='grc' dir='ltr'>δυνατὸν</span> <span class='ocrx_word' id='word_1_760' title='bbox 2671 5008 2850 5061; x_wconf 81' lang='grc' dir='ltr'>δοῦναι</span> <span class='ocrx_word' id='word_1_761' title='bbox 2900 5008 2968 5060; x_wconf 79' lang='grc' dir='ltr'><strong>τὰ</strong></span> <span class='ocrx_word' id='word_1_762' title='bbox 3024 5008 3217 5075; x_wconf 80' lang='grc' dir='ltr'>ἀγαθὰ,</span> <span class='ocrx_word' id='word_1_763' title='bbox 3262 5011 3385 5063; x_wconf 81' lang='grc' dir='ltr'>ὅταν</span> <span class='ocrx_word' id='word_1_764' title='bbox 3432 5007 3970 5082; x_wconf 44' lang='grc' dir='ltr'>,ὕστερώμεϐαικαὶ-</span> 
     </span>
    </p>
   </div>
   <div class='ocr_carea' id='block_1_113' title="bbox 2408 5079 3990 5170">
    <p class='ocr_par' dir='ltr' id='par_1_113' title="bbox 2408 5099 3990 5170">
     <span class='ocr_line' id='line_1_113' title="bbox 2408 5099 3990 5170; baseline 0.003 -19"><span class='ocrx_word' id='word_1_765' title='bbox 2408 5099 2788 5170; x_wconf 78' lang='grc' dir='ltr'>σπανιζὼμεθα</span> <span class='ocrx_word' id='word_1_766' title='bbox 2821 5100 3041 5153; x_wconf 83' lang='grc' dir='ltr'>τούτων.</span> <span class='ocrx_word' id='word_1_767' title='bbox 3953 5162 3958 5166; x_wconf 91' lang='lat'><strong>_</strong></span> <span class='ocrx_word' id='word_1_768' title='bbox 3981 5099 3990 5104; x_wconf 66' lang='grc'><strong>’</strong></span> 
     </span>
    </p>
   </div>
   <div class='ocr_carea' id='block_1_114' title="bbox 2888 5191 3808 5258">
    <p class='ocr_par' dir='ltr' id='par_1_114' title="bbox 2888 5191 3808 5258">
     <span class='ocr_line' id='line_1_114' title="bbox 2888 5191 3808 5258; baseline 0.007 -11"><span class='ocrx_word' id='word_1_769' title='bbox 2888 5192 3008 5247; x_wconf 71' lang='grc' dir='ltr'><strong>ΛΘ.</strong></span> <span class='ocrx_word' id='word_1_770' title='bbox 3043 5221 3108 5230; x_wconf 84' lang='grc'><strong>-</strong></span> <span class='ocrx_word' id='word_1_771' title='bbox 3153 5191 3232 5257; x_wconf 84' lang='grc' dir='ltr'><strong>Τῷ</strong></span> <span class='ocrx_word' id='word_1_772' title='bbox 3285 5194 3460 5258; x_wconf 82' lang='grc' dir='ltr'>αὐτῷ.</span> <span class='ocrx_word' id='word_1_773' title='bbox 3801 5228 3808 5233; x_wconf 88' lang='lat'><strong>-</strong></span> 
     </span>
    </p>
   </div>
   <div class='ocr_carea' id='block_1_115' title="bbox 2491 5281 3952 5356">
    <p class='ocr_par' dir='ltr' id='par_1_115' title="bbox 2491 5281 3952 5356">
     <span class='ocr_line' id='line_1_115' title="bbox 2491 5281 3952 5356; baseline 0.008 -25"><span class='ocrx_word' id='word_1_774' title='bbox 2491 5281 2822 5352; x_wconf 81' lang='grc' dir='ltr'>Ἐλπίσωμεν</span> <span class='ocrx_word' id='word_1_775' title='bbox 2847 5282 2936 5332; x_wconf 72' lang='grc' dir='ltr'><strong>ἐπὶ</strong></span> <span class='ocrx_word' id='word_1_776' title='bbox 2954 5283 3042 5334; x_wconf 85' lang='grc' dir='ltr'>τὸν</span> <span class='ocrx_word' id='word_1_777' title='bbox 3066 5282 3214 5348; x_wconf 79' lang='grc' dir='ltr'>Θεὸν,</span> <span class='ocrx_word' id='word_1_778' title='bbox 3235 5285 3454 5355; x_wconf 66' lang='grc' dir='ltr'>ἀδελφέ,</span> <span class='ocrx_word' id='word_1_779' title='bbox 3493 5287 3817 5356; x_wconf 77' lang='grc' dir='ltr'>ἐλπίσωμεν,</span> <span class='ocrx_word' id='word_1_780' title='bbox 3845 5288 3952 5342; x_wconf 77' lang='grc' dir='ltr'>κᾶν</span> 
     </span>
    </p>
   </div>
   <div class='ocr_carea' id='block_1_116' title="bbox 2594 5460 3142 5530">
    <p class='ocr_par' dir='ltr' id='par_1_116' title="bbox 2594 5460 3142 5530">
     <span class='ocr_line' id='line_1_116' title="bbox 2594 5460 3142 5530; baseline 0.009 -17"><span class='ocrx_word' id='word_1_781' title='bbox 2594 5462 2636 5492; x_wconf 83' lang='grc'>³⁸</span> <span class='ocrx_word' id='word_1_782' title='bbox 2671 5460 2810 5517; x_wconf 84' lang='lat' dir='ltr'><strong>Psal.</strong></span> <span class='ocrx_word' id='word_1_783' title='bbox 2854 5477 3017 5530; x_wconf 76' lang='lat' dir='ltr'><strong>Lxxn,</strong></span> <span class='ocrx_word' id='word_1_784' title='bbox 3063 5464 3142 5518; x_wconf 74' lang='lat' dir='ltr'><strong>H.</strong></span> 
     </span>
    </p>
   </div>
  </div>
