4134 6328
189 215 261 280 101
1377 211 1902 271 EPISTULARUM
1937 213 2078 271 LIB.
2122 213 2168 270 ἷ.

3247 207 3269 267 1
3280 210 3348 266 0:2

188 325 244 394 μὴ
267 322 527 391 πρόχειρον
577 319 809 388 ὁρῶμεν,
851 319 982 389 μηδὲ
1045 322 1222 390 ῥᾴδιον
1262 322 1320 372 τὸ
1354 323 1536 374 λαϐεῖν
1595 321 1692 390 τὴν
1726 328 1765 381 Α
1798 337 1820 388 q

1726 328 1765 381 Α
1798 337 1902 388 que
1933 323 1986 373 in
2012 329 2284 390 promptu,
2304 333 2477 387 neque
2506 333 2571 372 ex
2605 319 2747 371 facili
2776 326 2897 370 vota
2929 327 3113 372 nostra
3140 322 3341 391 suscipi

184 416 376 479 αἴτησιν.
402 410 530 477 μηδὲ
563 408 914 477 γινώσκωμεν
943 411 1123 461 ὁποῖον
1159 410 1307 462 ἔσται
1329 412 1387 462 τὸ
1414 411 1688 481 συμϐησὸ-

184 519 309 570 μενον
337 501 476 568 ἡμῖν.
500 498 754 551 Βούλεται
781 499 887 568 γὰρ
945 501 1086 568 ἡμᾶς
1115 502 1141 551 ὁ
1169 500 1298 564 Θεὸς
1337 502 1422 554 ἀεὶ
1455 501 1691 565 ἐλπίζειν

184 593 248 642 ἐπ’
274 589 437 650 αὑτὸν,
461 587 518 649 ὃς
546 587 639 638 καὶ
681 588 749 639 τὰ
775 589 1074 656 πράγματα
1103 590 1272 653 οὕτως
1304 594 1686 659 κατεστήσατο,

181 680 290 731 ὥστε
328 676 705 745 προελπίσασιν
781 676 954 728 ἐλθεῖν
1030 679 1158 746 ἡμῖν
1231 681 1328 748 τὴν
1395 681 1690 732 ἀπόλαυσιν

179 768 266 820 τῶν
324 767 644 837 αἰτηθέντων
707 767 1050 836 προσκαίρων
1125 785 1203 830 τε,

178 858 377 926 ἀγαθῶν.

1286 770 1378 822 καὶ
1459 771 1688 821 αἰωνίων

643 947 732 999 Μ’.
765 977 836 987 -
871 949 953 1012 Τῷ
999 948 1175 1013 αὐτῷ.

241 1038 290 1088 '0
314 1040 366 1088 ὲν
392 1039 501 1098 τοῖς
530 1035 761 1104 παροῦσι
815 1038 922 1090 τῶν
972 1041 1118 1108 παρὰ
1172 1040 1263 1091 τοῦ
1288 1040 1422 1092 Θεοῦ
1457 1041 1682 1109 δεηθεὶς,

174 1127 250 1177 καὶ
273 1124 495 1189 ἐλπίσας,
535 1127 626 1177 καί⁵
655 1125 846 1194 τυχὼν,
887 1126 1188 1180 διδάσκεται
1233 1131 1361 1197 περὶ
1399 1129 1502 1180 τῶν
1559 1129 1684 1198 μελ-

173 1215 353 1271 λόντων,
387 1207 457 1264 ὧν
482 1214 651 1265 δεῖται
682 1216 715 1282 ή
769 1215 1078 1286 ἀνθρωπίνη
1109 1216 1291 1284 φύσις,
1329 1219 1562 1280 ἐλπίζειν
1595 1218 1685 1270 ἐπὶ

170 1305 247 1354 τὸν
264 1303 396 1364 Θεὸν,
423 1303 512 1354 τὸν
543 1306 766 1355 κάκεῖνα
817 1303 1008 1358 δώσειν
1038 1306 1422 1375 ὑποσχόμενον.
1456 1308 1547 1360 Διὺ
1593 1311 1685 1360 καὶ

172 1392 252 1445 νῦν
280 1393 650 1460 ἐπαγγέλλεται
676 1393 778 1464 πρὸ
808 1394 914 1444 τῶν
959 1396 1312 1463 πραγμάτων,
1355 1397 1447 1448 καὶ
1477 1396 1685 1458 πολλοῖς

169 1485 440 1553 ’ἔμπροσθεν
471 1483 699 1552 χρόνοις,
724 1485 814 1535 καὶ
863 1485 1059 1554 πληροί
1104 1485 1200 1546 τὰς
1234 1484 1568 1552 ὑποσχέσεις,
1595 1486 1687 1539 καὶ

168 1574 299 1624 τοῦτο
325 1573 618 1634 πλεονάκις.
645 1572 802 1627 Οὕτω
837 1573 940 1642 γὰρ
959 1575 1050 1624 καὶ
1080 1575 1112 1642 ή
1144 1574 1396 1636 πολλάκις
1424 1575 1683 1644 γινομένη

1795 426 2102 473 cernamus,
2159 426 2334 478 neque
2375 410 2868 478 deprehendamus,
2922 410 3076 478 cujus
3131 415 3345 479 generis

1791 503 1916 565 erit,
1954 502 2098 570 quod
2129 501 2289 554 nobis
2320 500 2618 568 continget.
2667 498 2909 566 Namque
2934 500 3047 551 vult
3079 498 3217 554 Deus
3246 517 3346 556 nos

1794 593 1846 644 in
1883 606 2004 643 eum
2038 592 2301 643 continuo
2332 604 2482 658 spem
2517 589 2738 650 habere,
2763 589 2854 657 qui
2889 603 2974 640 res
3006 589 3104 641 hac
3136 591 3344 645 ratione

1790 680 2086 748 disposuit,
2112 686 2172 731 ut
2200 680 2396 748 praevia
2421 694 2516 746 spe
2548 678 2689 731 bona
2722 693 2751 729 a
2775 678 2932 730 nobis
2953 680 3208 747 expetita,
3232 681 3349 735 sive

1786 787 1852 824 ea
1905 770 2273 838 temporaria,
2323 769 2438 824 sive
2481 759 2817 837 sempiterna‘
2852 769 2982 832 sint,
3031 769 3347 838 possidean-

1785 868 1896 914 tur.

2341 947 2453 1001 XL.
2479 975 2547 986 ——
2586 946 2788 1000 Eidem.

1857 1037 1956 1102 Qui
1987 1038 2034 1090 vi
2073 1051 2137 1090 ac
2168 1038 2492 1090 necessitate
2523 1045 2764 1097 coactus,
2812 1051 2930 1104 quae
2969 1051 2997 1089 a
3036 1035 3142 1091 Deo
3172 1052 3343 1106 popo-

1787 1136 2005 1191 scerat,
2060 1142 2287 1195 sperans
2333 1127 2598 1187 obtinuit,
2661 1127 2963 1179 instituitur
3023 1142 3236 1194 quoque
3277 1129 3345 1180 de

1785 1218 2003 1278 iuturis.
2049 1232 2281 1285 quorum
2318 1223 2507 1268 natura
2557 1217 2788 1267 humana
2823 1217 3046 1285 indiget,
3095 1219 3147 1270 in
3179 1219 3341 1269 Deum

1783 1324 1930 1375 spem
1965 1322 2186 1375 ponere,
2214 1307 2305 1374 qui
2335 1322 2397 1359 ea
2428 1322 2486 1359 se
2512 1305 2762 1358 daturum
2789 1308 3058 1373 promisit.
3089 1306 3343 1375 Propter-

1784 1413 1846 1450 ea
1887 1408 1939 1452 et
1980 1412 2125 1450 nunc
2159 1405 2444 1464 antequam
2487 1412 2571 1450 res
2611 1398 2882 1458 eveniant,
2932 1397 3132 1451 multos
3181 1397 3343 1450 etiam

1789 1496 1914 1540 ante
1959 1502 2132 1540 annos
2174 1486 2473 1554 promittit,
2522 1487 2892 1554 promissaque
2941 1488 3102 1554 idque
3150 1489 3345 1555 saapius

1794 1573 2025 1640 perficit.
2055 1572 2143 1626 Sic
2170 1574 2313 1634 enim
2349 1587 2468 1639 quae
2497 1573 2565 1625 de
2598 1573 2780 1625 divina
2810 1574 3038 1626 veritate
3066 1577 3346 1643 experien-

169 1665 307 1729 πεῖρα
341 1663 432 1730 τῆς
483 1662 632 1723 θείας
672 1662 946 1730 ἀληθείας,
976 1664 1072 1732 τὴν
1128 1664 1206 1727 εἰς
1253 1664 1311 1716 τὸ
1340 1666 1530 1732 μέλλον
1559 1669 1687 1735 ἡμῖν
1721 1651 1761 1707 Β
1792 1670 1801 1711 1

1721 1651 1761 1707 Β
1792 1661 1866 1712 tia
1916 1659 2114 1728 saepius
2159 1660 2339 1711 habita
2371 1668 2476 1722 est,
2532 1675 2680 1727 spem
2735 1669 2976 1714 nostram
3017 1663 3085 1714 de
3125 1664 3341 1726 futuris,

167 1752 330 1804 ἐλπίδα
363 1751 466 1804 τῶν
503 1751 728 1821 ἀληθῶς
753 1753 1172 1823 ἐπηγγελμένων
1205 1755 1426 1823 βεϐαιοῖ.
1482 1757 1687 1828 ’Ὠσπερ

165 1838 247 1912 οὖν
279 1843 547 1903 πλεονάκις
614 1844 842 1911 αἰτήσας
895 1843 1102 1912 ἔτυχες,
1150 1846 1241 1896 καὶ
1293 1849 1484 1915 πεῖραν
1529 1847 1690 1909 ἐδέξω

167 1934 250 1997 τῆς
279 1933 413 1992 θείας
462 1934 881 1999 εὐσπλαγχνίας,
937 1935 1028 1984 καὶ
1071 1934 1547 1999 συγκαταϐάσεως,
1597 1936 1690 1986 καὶ

169 2020 574 2089 μεγαλοδωρεᾶς,
617 2020 756 2070 οὕτω
813 2020 913 2072 κᾶν
1086 2022 1293 2089 ταχέως
1326 2023 1686 2092 ὲπακουσθῇς,

164 2109 246 2158 νῦν
281 2108 503 2177 ρώσθητι
532 2113 599 2177 τῇ
640 2109 776 2176 καλῇ
832 2110 1147 2179 προσδοκίᾳ,
1184 2113 1276 2162 καὶ
1327 2113 1686 2180 καρτερικῶς,

165 2199 248 2248 καὶ
293 2197 646 2266 μακροθύμως
695 2197 932 2260 ἐλπισον,
977 2200 1069 2252 καὶ
1125 2199 1433 2268 ὑπόμεινον,
1482 2202 1692 2270 κρούων

165 2287 241 2337 διὰ
275 2289 362 2354 τῆς
384 2287 641 2354 δεήσεως,
675 2287 868 2357 μέχρις
903 2287 968 2341 ἂν
1005 2291 1034 2341 ό
1077 2287 1205 2350 Θεὸς
1240 2289 1438 2360 Θελήσῃ
1462 2291 1694 2359 ἀναστῆ-

164 2393 260 2437 ναι,
282 2375 362 2427 καὶ
385 2375 565 2427 δοῦναί
593 2393 696 2439 σοι,
755 2378 880 2431 ὅσον
937 2371 1178 2447 χρῄζεις,
1217 2379 1251 2449 ἢ
1287 2382 1381 2431 καὶ
1425 2381 1562 2450 ὑπὲρ
1593 2382 1691 2450 τήν

165 2460 349 2528 χρείαν.
389 2463 480 2512 Ἑκ
513 2461 765 2532 περιττοῦ
793 2461 901 2528 γὰρ
921 2455 994 2515 ὧν
1022 2463 1338 2533 αἰτούμεθα,
1388 2466 1689 2537 ἢνοοῦμεν,

167 2549 357 2602 δύναται
381 2550 576 2614 ὁΘεὸς,
608 2551 703 2603 καὶ
737 2549 981 2619 βούλεται
1010 2553 1230 2620 ποιῆσαι
1265 2555 1416 2624 ἡμῖν.

603 2719 735 2772 MA'.
765 2747 833 2760 --
864 2704 1212 2793 animum.

240 2808 475 2878 Ἰωάννης
513 2812 542 2862 ό
595 2809 922 2883 Βαπτιστής,
957 2811 1282 2888 φοδούμενος
1312 2819 1458 2885 μήτι
1500 2817 1574 2880 ὼς
1599 2819 1691 2872 άν-

169 2899 362 2967 θρωπος
390 2900 632 2969 βλαϐείη,
660 2902 756 2964 τὰς
779 2903 960 2966 πόλεις
999 2904 1214 2972 ἔφευγε,
1243 2908 1333 2959 καὶ
1356 2907 1453 2976 τὴν
1492 2909 1692 2978 ἔρημον

169 2987 302 3054 ᾤκει.
335 2989 531 3058 Ἰησοῦς
567 2991 624 3041 δὲ
678 2994 706 3043 ό
730 2991 858 3055 Θεὸς
916 2993 1007 3045 καὶ
1043 2993 1242 3064 Κύριος
1280 2997 1390 3048 τῶν
1419 2999 1554 3050 ὅλων
1575 3002 1694 3062 ταῖς

171 3077 334 3129 πόλεσι
357 3080 713 3148 παραϐάλλων
745 3082 1083 3153 ἁμαρτωλοῖς
1123 3086 1467 3149 συνεδείπνει,
1511 3088 1695 3156 ἐπειδὴ

169 3167 301 3234 ἥλιός
344 3171 454 3220 ἐστι
509 3169 871 3240 δικαιοσύνης.
937 3171 1113 3225 Ἡλίου
1160 3173 1322 3242 αὐγαὶ
1370 3178 1461 3227 κα)⁸
1503 3177 1696 3239 παντὸς

171 3256 404 3325 βορῦόρου
431 3259 756 3326 ἐφάπτονται
782 3278 794 3290 ·
819 3261 986 3313 καὶτὸ
1023 3263 1118 3330 μὲν
1143 3263 1234 3315 τοῦ
1253 3266 1506 3335 βορϐόρου
1535 3269 1698 3321 δυσῶ-

169 3346 247 3407 δες
293 3347 648 3416 ξηραίνουσιν,
702 3350 861 3402 αὐταὶ
887 3347 955 3403 “δὲ
990 3352 1227 3422 καθαραὶ
1263 3355 1569 3424 διαμένουσι
1604 3359 1696 3410 καὶ

171 3435 452 3505 ἀμόλυντοι.
508 3438 668 3491 Ἀλλὰ
737 3440 1051 3506 φθονοῦντες
1104 3445 1380 3512 Φαρισαῖοι
1444 3446 1691 3514 λέγουσι’

177 3539 194 3569 ι
220 3524 359 3575 stari
379 3525 406 3573 ὁ
438 3522 641 3590 Ἰησοῦς
662 3528 796 3594 μετὰ
823 3528 931 3580 τῶν
962 3531 1296 3600 ἁμαρτωλῶν
1323 3534 1415 3585 καὶ
1452 3535 1695 3588 τελωνῶν

172 3610 352 3675 ἐσθίεις
395 3632 410 3662 ι
440 3608 508 3664 Ὦ
542 3613 819 3682 βάσκανοι,
854 3618 950 3670 καὶ
979 3619 1212 3687 ἀνόητοι,
1258 3621 1347 3672 καὶ
1388 3623 1573 3690 τυφλοὶ
1601 3623 1694 3692 τὴν

172 3701 409 3768 καρδίανι
443 3704 684 3768 ἀγνοεῖτε
719 3703 824 3772 γὰρ
853 3706 934 3755 ὃτι
963 3706 1061 3756 οὐκ
1094 3706 1348 3774 ἀλλαχόσε
1402 3726 1523 3773 που,
1559 3710 1694 3761 ἀλλὰ

171 3792 374 3859 πλησίον
421 3793 528 3844 τῶν
581 3795 874 3846 νοσούντων
922 3795 1123 3861 ὀφείλει
1171 3796 1374 3862 διάγειν
1419 3801 1447 3850 ό
1478 3801 1690 3867 ίατρός;

172 3882 325 3934 Ὅπου
390 3886 440 3935 οἱ
500 3885 832 3954 ἁμαρτωλοὶ,
876 3887 992 3936 ἐκεῖ
1014 3885 1230 3947 πάντως
1264 3885 1465 3940 τίθεται
1513 3893 1605 3940 καὶ
1633 3890 1693 3942 τὸ

174 3972 480 4041 ἱλαστήριον.
509 3976 886 4043 Ἀμαρτωλοὺς
918 3976 1023 4046 γὰρ
1060 3972 1220 4046 ἦλθεν
1245 3979 1271 4029 ὁ
1298 3978 1547 4047 Χριστὸς,
1575 3980 1692 4048 οὐχὶ

172 4060 382 4122 δικαίους
430 4062 652 4114 καλέσαι
719 4065 796 4124 εἰς
863 4065 1164 4130 μετάνοιαν.
1226 4065 1429 4134 Ἰησοῦς
1465 4068 1692 4137 Χριστὸς

172 4149 486 4217 ἁμαρτωλοξ
512 4151 868 4220 συνδιατρίϐει
889 4151 1262 4219 οἰκονομικῶς,
1289 4155 1374 4205 ἵνα
1400 4156 1491 4206 καὶ
1519 4157 1693 4223 ἀμάρ-

1791 1764 1910 1818 ριιειε
1933 1764 2056 1803 vere
2078 1749 2342 1817 promissa
2372 1757 2519 1812 sunt,
2543 1749 2845 1802 confirmat.
2880 1750 3344 1812 Quemadmodum

1791 1835 1976 1901 itaque
2021 1835 2219 1900 saepius
2257 1849 2488 1901 poscens
2521 1835 2829 1901 oblinuisti,
2874 1846 2928 1890 et
2955 1839 3151 1891 divinae
3180 1839 3342 1892 mise-

1795 1924 2067 1986 ricordiaz,
2099 1925 2467 1987 demissionis,
2503 1925 2909 1992 munificentiae,
2943 1929 3005 1982 ac
3045 1931 3342 1984 liberalita-

1789 2013 1859 2065 tis
1887 2013 2273 2079 experientiam
2308 2014 2631 2080 suscepisti;
2655 2015 2752 2077 ita,
2784 2017 2910 2069 licet
2948 2033 3058 2070 non
3103 2019 3176 2072 ita
3211 2022 3345 2073 cele-

1790 2104 1922 2154 riter
1964 2103 2294 2163 exaudiaris,
2345 2103 2484 2155 bona
2536 2107 2939 2173 exspectatione
2975 2108 3235 2162 confirma
3267 2117 3339 2174 te,

1791 2199 1844 2245 et
1873 2191 2086 2246 fortiter
2146 2192 2550 2261 toleranterque
2575 2210 2755 2263 spera,
2787 2205 2841 2250 et
2865 2197 3095 2260 sustine,
3122 2200 3345 2265 pulsans

1793 2296 1889 2350 per
1933 2281 2255 2346 orationem,
2292 2295 2573 2350 quousque
2628 2283 2769 2338 Deus
2818 2286 3051 2338 voluerit
3097 2287 3344 2351 excitari,

1791 2370 2135 2438 praebereque
2168 2371 2262 2426 tibi
2300 2383 2562 2440 quantum
2607 2372 2840 2439 indiges,
2880 2374 2965 2427 vel
2997 2376 3160 2428 etiam
3220 2377 3345 2446 plus

1792 2474 1954 2526 quam
2022 2447 2268 2528 indiges.
2328 2459 2406 2512 Ex
2472 2460 2768 2514 abundanti
2817 2461 3000 2524 enim,
3065 2467 3185 2529 Quae
3241 2465 3343 2531 ipsi

1791 2550 2088 2617 poscimus,
2127 2552 2209 2603 vel
2259 2552 2444 2604 animo
2489 2550 2855 2619 concipimus,
2894 2559 3074 2622 potest
3100 2551 3261 2617 Deus,
3291 2563 3346 2607 et

1791 2635 1909 2690 vult
1939 2638 2098 2690 nobis
2125 2653 2287 2705 apere
2313 2640 2429 2705 ipso
2453 2638 2693 2719 elargiri.

2161 2724 2271 2792 20
2304 2723 2438 2776 xu.
2473 2751 2541 2762 -
2561 2721 2973 2777 HELIODORO.

1862 2809 2098 2868 Joannes
2123 2811 2385 2881 Baptista,
2443 2813 2639 2867 timens
2674 2826 2742 2865 ne
2770 2812 2901 2881 quid
2943 2812 3047 2866 sibi
3087 2814 3255 2881 noxii,
3288 2825 3346 2868 ut

1797 2901 2001 2956 homini
2052 2902 2354 2966 accideret,
2405 2901 2568 2955 urbes
2624 2900 2924 2970 negligens,
2975 2901 3090 2956 loca
3134 2903 3345 2956 deserta

1798 2993 2066 3046 incolebat
2087 2992 2150 3044 ³⁷.
2181 2990 2336 3045 Jesus
2367 3006 2494 3045 vero
2540 2990 2701 3053 Deus,
2758 2975 2813 3044 εἰ
2872 2993 3117 3045 omnium
3155 2993 3341 3048 Domi-

1797 3099 1902 3137 nus
1940 3083 1992 3136 in
2028 3083 2191 3136 urbes
2218 3097 2339 3136 sese
2365 3079 2643 3143 inferens,
2676 3096 2798 3134 cum
2831 3084 3208 3150 peccatoribus
3238 3100 3345 3138 una

1797 3170 2077 3239 cinnabat;
2116 3172 2552 3241 quandoquidem
2592 3172 2682 3225 ille
2707 3171 2786 3223 sol
2812 3172 3035 3238 justitite
3067 3182 3169 3228 est.
3202 3173 3346 3230 Solis

1796 3262 1935 3315 radii
1965 3261 2019 3314 in
2046 3262 2216 3314 lutum
2251 3271 2446 3325 totum,
2484 3269 2535 3315 et
2567 3268 2751 3329 partes
2798 3260 3037 3316 immersi
3084 3261 3345 3332 quidquid

1795 3352 1849 3407 in
1879 3365 1943 3406 eo
1990 3360 2073 3405 est
2105 3352 2242 3404 male
2270 3351 2444 3412 olens,
2477 3350 2776 3412 exsiccant,
2814 3365 2935 3402 cum
2973 3351 3046 3404 illi
3087 3353 3206 3420 puri
3261 3353 3345 3404 in-

1795 3439 2260 3508 contaminatique
2310 3448 2723 3494 conserventur.
2778 3437 3158 3495 Verumtamen
3213 3441 3347 3494 invi-

1796 3529 1977 3582 dentia
2017 3530 2205 3596 perciti
2235 3528 2510 3594 Pharisaei,
2542 3530 2752 3596 dicunt,
2790 3552 2807 3582 ι
2833 3534 3011 3596 Quare
3039 3530 3195 3585 Jcsus
3221 3546 3343 3584 cum

1797 3618 2172 3684 peccatoribus
2223 3626 2276 3671 et
2335 3619 2641 3686 publicanis
2685 3622 2916 3674 comedit
2943 3620 3070 3671 εει»
3101 3621 3145 3674 Ο
3177 3620 3343 3673 invidi
3409 3609 3416 3615 ’

1793 3716 1849 3760 et
1901 3716 2076 3759 mente
2125 3709 2291 3774 capti,
2332 3717 2387 3761 et
2446 3711 2609 3764 corde
2651 3713 2824 3764 czeci!
2869 3711 3200 3779 ignoratisne
3235 3725 3342 3761 non

1793 3796 1947 3853 alibi.
1986 3795 2079 3847 sed
2128 3810 2296 3862 prope
2339 3805 2572 3863 aegrotos
2615 3800 2762 3864 ipsos
2805 3799 3014 3850 medico
3042 3797 3342 3864 degendum

1792 3882 2306 3949 esseillbicunque
2358 3893 2677 3950 peccatores
2726 3894 2873 3945 sunt,
2920 3885 2991 3939 ibi
3020 3885 3244 3939 omnino
3290 3898 3342 3940 et

1793 3966 1884 4024 ara
1912 3971 2142 4040 propitia
2171 3972 2391 4039 ponitur
2427 3989 2438 4023 :
2476 3987 2599 4024 nam
2640 3982 2971 4040 peccatores,
3019 3988 3125 4024 non
3162 3973 3341 4039 justos

1793 4061 1937 4114 venit
1984 4060 2230 4114 Christus
2295 4061 2360 4114 ad
2410 4063 2778 4129 pmnitentiam
2831 4057 3343 4122 vocare”"°;lesus

1792 4151 2047 4204 Christus
2104 4165 2226 4204 cum
2279 4153 2658 4220 peccatoribus
2714 4153 2787 4204 ita
2845 4151 3177 4220 disponens,
3229 4166 3338 4204 una

172 4239 309 4291 τοιλοὶ
356 4240 802 4309 μετανοήσαντες,
853 4240 1079 4305 δικαίοις
1127 4244 1554 4304 συναυλισθῶσι,
1599 4247 1690 4297 καὶ
1723 4259 1804 4333 D4

1723 4277 1769 4333 Β
1794 4241 1961 4308 degit,
2018 4249 2078 4294 ut
2143 4251 2457 4309 peccatores
2504 4242 2678 4295 media
2718 4242 3038 4310 pmnitentia
3074 4256 3179 4293 una
3219 4257 3341 4294 cum

175 4331 620 4400 συνευφρανθῶσιν
656 4334 712 4384 ὲν
744 4335 807 4401 τῇ
850 4331 1095 4404 βασιλείᾳ
1123 4333 1227 4387 τῶν
1250 4335 1510 4406 οὐρανῶν.

390 4509 521 4561 ΜΒ.
552 4537 621 4548 -
666 4511 950 4562 ΜΑΡΙΩΝῘ
980 4513 1451 4586 ΔΡΓΥΡΟΚΟΠῼ.

232 4598 480 4662 Πλείονας
520 4598 628 4650 τῶν
660 4599 830 4666 λόγων
878 4603 1000 4664 τοὺς
1041 4604 1233 4673 ὅρκους
1274 4606 1555 4676 τολμηρῶς
1607 4609 1698 4659 ἐπὶ

176 4690 416 4756 στόματος
449 4690 605 4758 ἔχων,
633 4690 928 4760 ἐντρέποιο.

597 4780 725 4832 Ml".
753 4811 818 4818 —
846 4782 1248 4855 ΦΑΥΣΤΙΑΝῼ.

240 4868 607 4938 Ἠλλοτρίωται
660 4870 749 4922 τοῦ
807 4871 991 4940 Θεοῦή
1027 4873 1170 4944 ψυχή
1207 4893 1316 4940 σου,
1353 4879 1443 4929 καὶ
1479 4877 1592 4941 πῶς
1629 4896 1693 4947 με

173 4958 486 5027 προέτρεψας
518 4961 727 5028 πέμψαι
791 4979 869 5015 σοι
926 4964 1080 5031 λόγον
1108 4969 1227 5018 τινὰ
1272 4969 1562 5038 ὠφέλιμον,
1605 4973 1694 5022 ἀν-

174 5047 350 5118 θρώπῳ
374 5049 578 5101 εἰωθότι
609 5051 821 5113 παίζειν
846 5053 911 5104 τὰ
939 5054 1073 5119 θεῖα,
1103 5056 1349 5127 καθάπερ
1379 5059 1444 5109 τὰ
1462 5059 1689 5127 βέὃηλα;

176 5137 276 5199 Πῶς
295 5139 398 5205 γὰρ
439 5139 504 5190 ἂν
551 5141 642 5192 καὶ
669 5141 880 5211 λαλήσω
903 5145 980 5206 είς
1004 5149 1418 5216 νενεκρωμένον,
1445 5153 1535 5202 καὶ
1565 5153 1696 5220 ἀνή-

177 5243 275 5277 κων
319 5226 446 5292 οὖςς
483 5247 500 5278 ι
543 5229 664 5292 Πῶς
711 5233 908 5303 ᾄσομαι
946 5235 1042 5302 τὴν
1081 5237 1218 5306 ᾠδὴν
1250 5240 1450 5308 Κυρίου
1483 5242 1571 5293 ἐπὶ
1594 5243 1694 5310 γῆς

174 5317 448 5391 ἀλλοτρίας,
483 5329 500 5370 i
528 5320 655 5372 ἔνθα
687 5324 870 5391 ἐχῖνοι,
898 5327 990 5377 καὶ
1023 5327 1175 5391 ἴϐεις,
1201 5332 1288 5381 καὶ
1314 5334 1695 5401 νυκτικόρακες

237 5489 276 5523 ⁸*
313 5492 500 5548 Matth.
534 5508 609 5558 ιιι,
647 5493 694 5545 Ι.
831 5494 876 5525 ³¹¹
909 5496 1095 5551 Matth.
1133 5516 1205 5564 ix,
1238 5501 1337 5565 il.

1793 4331 1954 4399 justis
1984 4331 2165 4385 sedem
2200 4332 2453 4395 habeant,
2487 4333 2753 4402 simulque
2795 4333 2850 4385 in
2886 4347 3052 4400 regno
3082 4332 3344 4384 ccelorum

1792 4422 2081 4491 gaudi-ant.

2021 4532 2180 4586 XL".
2210 4563 2279 4573 —-
2308 4533 2593 4587 MARIONI
2643 4533 3106 4588 ARGENTARIO.

1863 4621 1998 4674 Cum
2017 4624 2197 4678 verbis
2224 4624 2357 4692 ipsis
2383 4624 2772 4692 jusjurandum
2809 4626 2902 4679 tibi
2927 4625 2979 4677 in
2998 4640 3091 4679 ore
3121 4624 3345 4682 afﬂuen-

1797 4701 1909 4765 tius
1941 4714 2198 4766 audactcr
2232 4714 2488 4778 abundet,
2520 4713 2911 4767 verecundare.

2215 4802 2402 4856 XLIII.
2430 4834 2498 4842 -
2525 4802 2929 4858 FAUSTIANO.

1845 4891 2131 4960 vl’erquam
2187 4893 2496 4961 longissime
2553 4903 2757 4946 remola
2820 4901 2905 4948 est
2959 4894 3141 4948 anima
3195 4904 3344 4950 tuna

1798 4984 1902 5036 Deo
1919 5003 1939 5037 ς
1961 4999 2190 5052 quanam
2224 4985 2384 5052 igitur
2402 5000 2483 5037 me
2505 4977 2733 5051 ratione,
2762 4994 2822 5039 ut
2841 4987 2958 5048 tibi,
2974 4988 3064 5056 qui
3085 4986 3342 5055 quemad-

1797 5073 2010 5126 modum
2044 5073 2290 5140 profana,
2344 5073 2417 5125 ita
2463 5083 2514 5127 et
2542 5074 2722 5127 divina
2748 5075 2904 5144 jocos
2947 5077 3102 5138 facis,
3134 5074 3338 5126 oratio-

1803 5175 1922 5213 nem
1956 5161 2139 5213 utilem
2175 5176 2237 5214 ac
2287 5163 2628 5216 commodam
2659 5166 2946 5226 mitterem,
2997 5163 3348 5216 adhortaris?

1802 5251 2086 5315 Quomodo
2104 5255 2246 5306 enim
2272 5255 2386 5322 ipse
2411 5270 2464 5307 ιιι
2498 5271 2682 5308 aurem
2713 5256 3340 5322 demortuam,etexcor-

1803 5340 1922 5395 dem
1956 5357 2258 5398 sermonem
2289 5345 2518 5417 dirigam
2547 5347 2568 5400 ?
2599 5364 2616 5397 ι
2665 5344 2941 5410 Quomodo
2969 5342 3073 5412 21
3109 5345 3342 5400 cantabo

1416 5502 1525 5533 ³³·ἰθ
1564 5502 1690 5553 Luc.
1724 5517 1770 5558 ι’,
1810 5502 1889 5553 5:2.
