4134 6328
789 310 887 372 103

2249 317 2310 376 S.
2338 317 2498 378 NILl

3858 313 3960 375 I06

783 421 1052 473 canticum
1075 415 1286 472 Domini
1320 419 1375 472 in
1407 427 1548 475 terra
1587 421 1761 475 aliena
1793 423 1891 490 “,i
1923 423 2015 476 ubi
2048 425 2308 489 crinacci,
2340 430 2382 484 Α
2411 447 2415 458 ⁴

2340 430 2382 484 Α
2411 426 2519 479 τῶν
2540 427 2791 499 πονηρῶν
2843 427 3162 494 πνευμάτων
3204 423 3592 484 ὲννοσσεύουσι.
3620 424 3837 477 κατὰτὸ
3867 440 3959 490 γε-

784 518 838 562 et
860 510 1051 571 illiccs,
1088 516 1140 561 et
1167 509 1530 577 nycticoraces
1551 511 2000 579 nequissimorum
2028 515 2315 582 spirituum

787 597 963 650 sedem
1009 612 1164 650 suam
1218 607 1536 666 posuerunt,
1589 607 1647 652 ut
1681 601 1939 669 scriptum
1977 611 2059 656 est
2090 601 2135 634 “
2162 603 2186 655 ?
2215 602 2316 658 Ubi

785 685 1162 748 onocentauri,
1185 693 1238 738 et
1264 685 1533 739 daemones
1563 688 1816 740 continuo
1846 689 2064 754 saltant,
2086 697 2139 743 et
2169 691 2317 744 corvi

784 776 1080 827 crocitant.
1750 794 1752 796 '

971 861 1150 915 XLIV.
1183 890 1250 900 —
1281 861 1590 920 PIIILIPPO
1645 864 2133 922 SCIiOLASTlCO.

855 950 930 1004 Ex
961 967 1184 1020 papyro,
1214 960 1268 1006 et
1302 954 1436 1006 colla
1465 955 1651 1008 charta
1673 958 1939 1020 confecta,
1965 959 2154 1010 charta
2187 959 2319 1011 sim-

785 1038 904 1105 plex
935 1046 1298 1111 nuncupatur,
1328 1042 1381 1093 in
1405 1057 1532 1109 qua,
1555 1057 1676 1095 cum
1707 1045 2050 1112 postmodum
2081 1047 2321 1107 subscri-

784 1128 952 1196 pserit
1005 1129 1318 1196 imperator,
1371 1131 1573 1184 nemini
1629 1146 1734 1184 non
1788 1139 1972 1185 notum
2023 1143 2142 1195 est,
2200 1149 2317 1187 cam

785 1215 1008 1269 Sacram
1063 1217 1268 1270 vocari.
1331 1218 1531 1272 Eodem
1588 1219 1747 1273 modo
1792 1229 1847 1272 et
1904 1221 2082 1274 divina
2134 1230 2318 1287 nostra

786 1308 1040 1375 mysteria
1075 1307 1473 1366 comprehende
1505 1325 1518 1360 :
1547 1316 1668 1360 ante
1705 1310 2000 1363 sacerdotis
2054 1311 2235 1368 verba.
2266 1319 2320 1364 et

784 1393 1026 1461 Spiritus
1056 1397 1230 1448 sancti
1257 1395 1594 1456 descensum,
1631 1395 1806 1451 nudus
1845 1399 2020 1466 panis,
2050 1407 2103 1452 et
2133 1401 2315 1452 vinum

785 1498 1092 1546 commune,
1142 1499 1260 1551 qua:
1303 1493 1695 1552 proponuntur,
1740 1488 2006 1542 exsistunt
2057 1509 2068 1542 :
2111 1498 2164 1542 at
2199 1499 2319 1558 post

785 1570 1097 1624 tremendas
1138 1570 1258 1625 illas
1285 1572 1672 1633 invocationes.
1703 1583 1755 1627 et
1780 1574 2061 1639 adorandi,
2095 1585 2147 1628 et
2187 1579 2320 1630 viri-

787 1654 893 1716 Iici,
925 1665 977 1708 et
1015 1656 1140 1708 boni
1175 1656 1748 1725 Spiritusadventum,
1789 1675 1896 1713 non
1934 1669 2059 1714 sunt
2087 1663 2319 1730 amplius

2417 515 2756 584 γραμμένον;
2809 513 2932 567 ἔνθα
2991 514 3359 579 ὀνοκὲνταυροι
3419 513 3512 563 καὶ
3557 511 3803 580 δαίμονες
3864 509 3962 578 ὀρ-

2417 602 2631 670 χοῦνται
2663 603 2751 656 διὰ
2777 602 2991 666 παντὸς,
3016 601 3108 654 καὶ
3133 600 3362 668 κόρακες
3393 598 3670 667 κράζουσι.

2690 858 2899 912 ΜΔ’.--
2924 857 3201 925 ΦΙΛΙΠΠῼ
3232 849 3678 922 ΣΧΟΛᾹΣΊῚΚῼ.

2499 949 2592 999 Ἐκ
2612 947 2882 1016 παπύρου,
2909 948 3001 1000 xui.
3033 946 3224 1015 κόλλης
3260 945 3462 1014 χάρτης
3479 942 3961 1004 κατασκευασθεὶς,

2389 1019 2620 1107 ’χάρτης
2640 1038 2789 1106 ψιλὸς
2833 1037 3093 1094 καλεῖται,
3125 1037 3259 1086 ἐπὰν
3301 1035 3356 1087 δὲ
3396 1032 3711 1102 ὑπογραφὴν
3739 1030 3964 1099 δέξηται

2420 1125 2696 1193 βασιλέως,
2741 1125 2895 1193 δῆλον
2919 1125 2994 1186 ὡς
3046 1127 3226 1194 Σάκρα
3272 1124 3611 1190 ὀνομάζεται.
3647 1121 3830 1180 Οῦτως
3871 1135 3964 1187 μοι

2418 1212 2642 1265 νόεικαὶ
2663 1213 2729 1263 τὰ
2755 1212 2872 1263 θεῖα
2922 1213 3211 1280 μυστήρια,
3258 1211 3363 1280 πρὸ
3393 1211 3488 1278 μὲν
3531 1210 3625 1277 τῆς
3671 1205 3966 1267 ἐντεύξεως

2416 1302 2511 1355 τοῦ
2547 1303 2754 1371 ἱερέως,
2799 1301 2892 1354 καὶ
2913 1304 3005 1370 τῆς
3060 1303 3279 1355 καθόδου
3299 1301 3390 1352 τοῦ
3430 1301 3583 1375 άγίου
3621 1297 3964 1363 Πνεῦματος,

2416 1391 2566 1457 ψιλὸν
2597 1390 2758 1458 ἄρτον
2806 1391 3086 1458 ὑπάρχειν,
3141 1389 3232 1440 καὶ
3272 1384 3410 1439 οἶνον
3438 1386 3610 1439 κοινὸν
3633 1385 3700 1436 τὰ
3739 1380 3966 1452 προκεί-

2421 1494 2580 1547 μενα⁶
2607 1479 2744 1546 μετὰ
2768 1478 2822 1530 δὲ
2848 1479 2944 1540 τὰς
2975 1478 3205 1547 φοϐερὰς
3251 1478 3459 1538 ὲκείνας
3498 1475 3829 1544 ἐπικλήσεις,
3865 1472 3968 1524 καὶ

2417 1568 2513 1634 τὴν
2542 1567 2878 1635 ἐπιφοίτησιν
2902 1566 2993 1618 τοῦ
3015 1565 3405 1635 προσκυνητοῦ,
3437 1566 3530 1616 καὶ
3553 1562 3834 1626 ζωοποιοῦ,
3866 1564 3967 1614 καὶ

2418 1653 2620 1720 ἀγαθοῦ
2651 1654 2982 1723 ΙῙνεύματος,
3033 1655 3131 1706 οὐκ
3166 1654 3244 1706 ἔτι
3271 1653 3422 1722 ψιλὸν
3446 1655 3605 1721 ἄρτον
3659 1651 3752 1703 καὶ
3781 1650 3966 1704 κοινὸν

785 1745 962 1798 nudus
1012 1745 1187 1813 panis,
1221 1724 1278 1799 et
1332 1759 1618 1798 commune
1675 1749 1878 1809 vinum,
1922 1763 2041 1815 qua:
2072 1750 2316 1817 apposita
2350 1724 2417 1780 Bt

2350 1724 2388 1776 Β
2416 1740 2554 1795 οἶνον
2590 1745 2656 1795 τὰ.
2677 1743 3052 1813 ἑπιτεθειμένα
3075 1746 3138 1812 τῇ
3165 1744 3293 1812 ἁγίᾳ
3321 1743 3584 1812 τραπέζῃ,
3618 1739 3749 1792 ἀλλὰ
3774 1739 3960 1806 σῶμα,

783 1835 987 1886 suntin
1028 1848 1187 1886 sacro
1232 1834 1412 1897 altari,
1463 1836 1554 1886 sed
1600 1847 1817 1902 corpus,
1863 1845 1915 1888 et
1947 1838 2169 1904 sanguis
2194 1852 2317 1905 pre-

783 1921 976 1983 tiosus,
1027 1929 1079 1974 et
1117 1923 1494 1974 immaculatus
1529 1921 1730 1976 Christi
1779 1925 2158 1980 universorum
2197 1928 2315 1991 Dei,

783 2009 851 2059 ab
909 2007 1160 2060 omnibus
1217 2007 1468 2060 sordibus
1519 2022 1612 2060 cos
1669 2011 2005 2075 mundantia,
2046 2015 2137 2080 qui
2191 2028 2314 2067 cum

782 2095 992 2159 timore,
1049 2103 1102 2150 et
1162 2096 1428 2150 desiderio
1485 2097 1720 2151 maximo
1780 2099 1992 2153 illorum
2026 2102 2314 2171 participes

784 2185 936 2236 tiunt.

1095 2271 1250 2324 XLV.
1284 2303 1352 2314 —
1391 2270 1685 2328 LICINNIO
1711 2272 1999 2328 JUNIORI.

847 2359 1113 2414 Juvenum
1193 2362 1558 2430 voluptatibus
1629 2363 1931 2416 deditorum
2004 2366 2310 2432 pestiferam

780 2449 1223 2502 consuetudinem
1279 2450 1420 2517 fuge,
1467 2460 1522 2504 et
1585 2461 1778 2503 conatu
1837 2453 2120 2521 studioque
2166 2458 2310 2509 omni

780 2538 998 2591 devita:
1041 2541 1236 2593 etenim
1282 2547 1336 2592 et
1382 2555 1564 2607 opere,
1617 2548 1670 2593 et
1717 2541 2013 2609 inquinatis
2062 2544 2312 2613 alloquiis

780 2627 1076 2680 amantium
1108 2629 1326 2680 animos
1357 2630 1671 2696 corrumpit.

1122 2715 1225 2781 22
1267 2714 1446 2768 xm.
1487 2745 1555 2756 -
1599 2715 2000 2772 εοῐιιιιιοΝιο.

849 2802 1109 2856 Suhditus
1132 2804 1496 2865 comitatui,ct
1526 2810 1832 2874 praeposito,
1854 2809 2118 2862 neminem
2147 2810 2308 2864 alium

781 2891 832 2944 in
860 2892 1086 2943 fratrum
1113 2893 1236 2944 albo
1266 2893 1550 2959 scripsisse
1584 2909 1851 2957 asserens,
1876 2897 2112 2950 ludibrio
2141 2901 2309 2966 magis

778 2980 1022 3043 habetur,
1053 2979 1386 3045 multumque
1414 2979 1668 3033 irridetur
1697 2995 1725 3032 a
1748 2981 1978 3034 diabolo.
1997 2982 2132 3046 Quid
2163 2986 2304 3037 enim

778 3067 874 3120 tibi
905 3068 1088 3119 damni
1144 3067 1338 3120 inferet
1389 3070 1674 3123 comitatus
1709 3075 1939 3135 auctior,
1971 3081 2022 3124 et
2047 3075 2305 3140 quemad-

778 3155 992 3207 modum
1040 3156 1330 3222 Apostolus
1377 3157 1513 3208 dixit
1557 3153 1627 3221 “,
1673 3159 2044 3226 multiplicata,
2081 3171 2130 3214 et
2160 3163 2308 3215 Iocu-

779 3244 971 3310 pletata
1023 3244 1076 3295 in
1125 3246 1412 3296 multorum
1447 3244 1673 3298 fratrum
1713 3261 1946 3314 persona
1982 3253 2151 3318 gratia
2189 3253 2308 3318 Spi-

781 3331 916 3384 ritus
949 3332 1124 3384 sancti
1151 3331 1175 3384 ?

1188 3418 1392 3471 XLVII.
1428 3452 1492 3459 ——
1534 3420 1888 3477 DOSITIIEO.

848 3505 915 3559 Ut
972 3505 1110 3559 Deus
1160 3510 1230 3560 sit
1273 3511 1449 3560 omnia
1496 3511 1549 3562 in
1577 3513 1849 3575 omnibus,
1891 3514 2068 3567 lumen
2105 3515 2306 3571 lumine

776 3592 979 3660 dignis,
1039 3594 1178 3663 ignis
1230 3608 1356 3647 vero
1432 3596 1701 3664 castigans
1764 3599 2082 3665 sempiterna
2144 3615 2300 3668 poclm

775 3681 984 3749 dignos.
1591 3707 1593 3712 ί

1235 3771 1416 3823 XLVII
1433 3772 1471 3824 1.
1509 3802 1575 3815 --
1609 3772 1809 3826 Eidem.

842 3859 992 3924 Quod
1022 3861 1202 3913 labore
1234 3859 1545 3928 acquiritur,
1575 3865 1810 3919 tenacius
1849 3847 2138 3934 detinetur;
2160 3873 2299 3939 quod

779 3961 902 3998 vero
939 3946 1115 4010 facile,
1167 3948 1447 4010 citissime,
1501 3956 1754 4015 tanquam
1804 3954 1944 4019 quod
1979 3955 2169 4009 iterum
2211 3973 2302 4010 ac-

775 4033 914 4100 quiri
967 4035 1158 4096 valeat,
1240 4036 1575 4102 projicitur:
1630 4051 1794 4103 quare
1855 4042 1909 4092 in
1971 4043 2159 4109 majori
2237 4060 2299 4098 ac

776 4121 994 4175 Iirmiori
1028 4123 1285 4176 beneficio
1320 4125 1691 4178 collocandum
1732 4135 1812 4179 est
1858 4144 1961 4180 non
2021 4131 2089 4180 ita
2117 4147 2296 4196 prom-

773 4218 919 4276 ptum
951 4210 1284 4260 beneficium.

1273 4297 1452 4349 ΧΙΛΧ.
1480 4329 1544 4336 -——
1581 4303 1779 4355 Eidem.

837 4386 1102 4454 Quidquid
1142 4387 1308 4440 multo
1345 4389 1546 4453 labore,
1599 4402 1650 4444 ct
1694 4406 1797 4444 non
1832 4394 1948 4445 sine
1981 4395 2292 4451 discrimine

770 4478 1158 4541 conquirimus,
1211 4481 1556 4543 pertinaciter
1605 4495 1803 4543 amare,
1838 4493 1886 4535 ct
1925 4484 2294 4540 indesinenter

769 4564 1007 4630 diligere,
1035 4573 1086 4613 ct
1127 4568 1251 4618 totis
1285 4568 1487 4620 viribus
1517 4571 1788 4623 custodire
1819 4573 2108 4627 suerimus.

1179 4652 1238 4706 Ιι.
1289 4681 1356 4694 --
1389 4655 1880 4714 TIIICODORIANU.

838 4741 1016 4793 liudcs
1067 4743 1329 4806 nonnulli,
1380 4753 1432 4795 et
1483 4748 1661 4799 tnuntli
1715 4763 1954 4803 amantes
2007 4755 2127 4815 viri,
2185 4766 2286 4808 tum

771 4831 995 4882 miseria:
1047 4846 1149 4882 non
1205 4834 1512 4894 dissimiles,
1563 4839 1788 4902 propriis
1813 4840 2089 4895 aﬂ‘ectihus
2120 4844 2288 4907 ducti,

770 4919 1076 4975 sanitatem,
1123 4926 1173 4968 et
1216 4918 1447 4982 divitias,
1496 4930 1546 4971 ct
1578 4922 1780 4983 luxum,
1812 4931 1862 4973 ct
1897 4925 2128 4976 hostium
2157 4929 2292 4977 exci-

768 5006 912 5055 dium
947 5004 1192 5071 prccihus
1229 5022 1255 5056 a
1306 5007 1524 5060 Domino
1560 5020 1807 5075 poscunt,
1849 5011 2036 5063 deinde
2079 5013 2179 5079 23
2207 5031 2291 5082 ge-

771 5095 911 5145 neris
943 5083 1203 5159 cjnsmodi
1238 5098 1484 5162 petitione
1517 5100 1777 5164 frustrati,
1813 5102 1963 5153 Iidem
1999 5103 2279 5168 objiciunt,

772 5182 849 5233 rei
880 5193 1280 5249 conqueronlur
1311 5185 1372 5237 de
1401 5185 1521 5238 Deo.
1557 5189 1654 5240 Alii
1685 5207 1895 5242 rursum
1941 5190 2082 5242 aliud
2124 5193 2280 5259 quid-

773 5269 907 5335 piam
939 5273 1281 5336 postnlantcs,
1332 5289 1425 5324 nec
1479 5274 1602 5326 illud
1669 5279 1866 5330 utiliter
1925 5288 2277 5346 reportantcs,

771 5372 939 5422 neque
983 5359 1122 5411 enim
1163 5361 1401 5422 omnino,
1441 5378 1556 5425 qum
1599 5364 1891 5432 diligimus,
1939 5369 2087 5419 utilia
2141 5380 2285 5433 sunt,

843 5525 880 5553 δι
921 5524 1057 5576 I‘sal.
1096 5542 1311 5590 cum,
1357 5530 1400 5580 I.
1501 5534 1539 5562 ’·²
1604 5536 1705 5586 Isa.
1759 5553 1921 5590 ILXW
1958 5579 1969 5600 ,
2012 5542 2095 5592 Ii.

2417 1834 2511 1885 καὶ
2537 1828 2676 1902 αἷμα
2705 1834 2883 1902 τίμιον
2942 1834 3035 1886 καὶ
3077 1833 3337 1902 ἄχραντον
3388 1831 3620 1898 Χριστοῦ
3663 1828 3756 1881 τοῦ
3821 1826 3964 1879 Θεοῦ

2415 1919 2521 1970 τῶν
2550 1919 2819 1980 ἁπάντων,
2845 1917 3137 1987 καθαρίζον
3176 1918 3280 1969 ἀπὸ
3315 1918 3507 1978 παντὸς
3539 1915 3808 1984 μολυσμοῦ
3831 1915 3964 1975 τοὺς

2419 2009 2926 2078 μεταλαμϐάνοντας
2946 2009 3111 2078 φόϐῳ,
3134 2009 3225 2060 καὶ
3259 2009 3404 2076 πόθῳ
3436 2007 3633 2074 πολλῷ.

2725 2267 2854 2320 ME'.
2885 2296 2942 2305 -
2974 2265 3281 2332 ΛῙΚΙΝΝΙῼ
3312 2261 3637 2329 ΝΕΩΤΕΡῼ.

2485 2355 2593 2424 Τὴν
2640 2354 2888 2424 λοιμικὴν
2934 2352 3301 2421 συνδιαγωγὴν
3349 2349 3457 2402 τῶν
3516 2347 3808 2416 φιληδόνων
3858 2363 3958 2397 σου

2413 2445 2684 2512 νεωτέρων
2705 2442 3064 2510 ἀποστρέφου,
3105 2442 3196 2492 καλ⁵
3222 2439 3386 2504 φεῦγε
3419 2437 3562 2508 πάσῃ
3590 2435 3831 2503 δυνάμει·
3859 2435 3959 2486 καὶ

2413 2533 2519 2600 γὰρ
2544 2530 2723 2598 καὶτῷ
2749 2530 2908 2598 ἔργῳ,
2938 2530 3028 2582 καὶ
3051 2530 3169 2588 ταῖς
3202 2526 3634 2596 μεμολυσμέναις
3693 2523 3956 2590 ὁμιλίαις,

2412 2620 2506 2680 τὰς
2533 2620 2704 2686 ψυχάς
2725 2617 3023 2685 διαφθείρει
3052 2615 3158 2667 τῶν
3191 2613 3520 2680 ἀγαπώντων
3543 2609 3755 2670 αὐτούς.

2861 2705 3008 2772 Μετ’.
3051 2735 3121 2748 -
3149 2705 3492 2771 mamma.

2492 2797 2874 2856 ’Υποτακτικὸς
2891 2787 3063 2861 λέγων
3085 2797 3148 2862 τῇ
3167 2793 3395 2862 συνοδίᾳ,
3423 2794 3513 2844 καὶ
3537 2792 3610 2860 τῷ
3639 2787 3952 2858 κρατοῦντι,

2415 2885 2614 2954 μηδένα
2633 2886 2786 2936 ἄλλον
2813 2882 3163 2947 ὑποδέξασθαι
3201 2882 3438 2948 ἀδελφὸν,
3473 2881 3784 2949 χλευάζεται
3816 2879 3956 2947 μᾶλ-

2411 2979 2499 3030 λον
2521 3020 2534 3041 ,
2569 2979 2658 3029 καὶ
2699 2979 2834 3042 ἄγαν
2868 2974 3184 3043 ἐπιπαίζεται
3218 2974 3319 3024 ὑπὸ
3352 2973 3441 3024 τοῦ
3463 2971 3722 3024 διαϐόλου.
3750 2971 3814 3021 Τί
3841 2971 3955 3038 γάρ

2410 3086 2466 3120 σε
2483 3068 2750 3136 ἐζημίωσε
2772 3068 2829 3118 τὸ
2849 3065 3206 3133 πληθυνθῆναι
3229 3065 3323 3131 τὴν
3348 3062 3635 3122 συνοδείαν,
3653 3061 3744 3113 καὶ
3766 3059 3954 3121 καθὼς

2404 3159 2431 3208 ὁ
2499 3157 2809 3216 ’Λπὸστολος
2856 3155 3061 3222 εἴρηκε,
3110 3151 3506 3204 πλεονάσαικαὶ
3559 3149 3851 3217 αὐξηθῆναι
3891 3151 3951 3201 ὲν

2405 3246 2675 3314 προσώπῳ
2697 3246 2900 3296 πολλῶν
2937 3243 3172 3311 ἀδελφῶν
3189 3245 3284 3310 τὴν
3311 3243 3466 3312 χάριν
3490 3241 3580 3294 τοῦ
3597 3241 3747 3307 ἁγίου
3776 3239 3953 3293 ΙΙνεὺ-

2408 3352 2569 3401 ματος
2588 3351 2600 3396 ;

2884 3425 3008 3474 azz'.
3059 3451 3128 3460 —
3166 3422 3456 3488 ansa-uta.

2477 3512 2590 3561 Ἵνα
2678 3511 2704 3560 ὁ
2725 3509 2855 3569 Θεὸς
2896 3509 3070 3559 πάντα
3093 3510 3148 3559 ἐν
3192 3510 3341 3570 πᾶσι,
3368 3510 3479 3573 φῶς
3511 3507 3607 3576 μὲν
3645 3510 3752 3569 τοῖς
3773 3508 3949 3572 ἀξίοις

2402 3602 2492 3652 τοῦ
2524 3599 2717 3665 φωτὸς,
2755 3599 2863 3665 πῦρ
2889 3599 2941 3647 δὲ
2970 3597 3318 3665 κολαστήρίον
3364 3600 3474 3658 τθῖί
3497 3597 3662 3662 ἀξίοις
3690 3598 3786 3665 τῆς
3811 3599 3949 3651 ai“)-

2403 3689 2511 3739 νὶου
2543 3686 2831 3746 κολάσεως.

2897 3776 3034 3826 MH'.
3062 3805 3124 3813 -—
3152 3773 3230 3836 Τῷ
3263 3775 3438 3837 αὐτῷ.

2470 3867 2511 3916 Τ
2517 3866 2541 3915 ὸ
2571 3865 2666 3931 μὲν
2682 3865 2825 3932 πόνῳ
2858 3864 3071 3930 κτηθὲν,
3103 3864 3296 3924 μᾶλλον
3338 3865 3646 3932 κρατεῖσθαι
3676 3867 3940 3930 πέφυκεν,

2397 3955 2459 4005 τὸ
2487 3955 2540 4005 δὲ
2573 3955 2766 4022 ῥᾳδίως
2797 3954 3008 4022 κτηθὲν,
3069 3955 3161 4004 καὶ
3185 3953 3548 4004 ἁποπτύεσθαι
3573 3953 3812 4019 τάχιστα,
3862 3956 3941 4016 ὡς

2399 4043 2557 4093 πάλιν
2604 4043 2874 4110 ¹ληφθῆναι
2913 4042 3220 4109 δυνάμενον,
3257 4042 3398 4092 ὥστε
3433 4041 3626 4107 μᾶλλον
3653 4042 3942 4113 εὐεργεσίᾳ

2401 4126 3007 4192 κριτίστῃ,κα“ιβε6αέξι
3057 4127 3368 4176 καθίσταται
3417 4128 3475 4178 τὸ
3526 4127 3597 4196 μὴ
3651 4130 3938 4202 πρόχειρον

2397 4212 2493 4278 τῆς
2522 4213 2849 4280 εὐεργεσίας.

2890 4305 3018 4357 MG'.
3050 4336 3114 4343 —
3143 4306 3227 4370 Τῷ
3245 4308 3416 4371 αὐτῷ.

2461 4394 2570 4442 ιΙᾶν
2604 4393 2660 4442 τὸ
2686 4393 2859 4458 πολλῷ
2890 4395 3087 4461 μόχθῳ,
3115 4398 3202 4446 καὶ
3228 4398 3394 4461 ἀγῶνι
3429 4399 3697 4465 πορισθὲν,
3746 4402 3934 4451 ποθεῖν

2392 4478 2671 4538 συντόνως,
2706 4480 2794 4528 καὶ
2825 4480 3066 4546 στέργειν
3097 4483 3402 4546 άνενὸύτως,
3438 4489 3527 4536 καὶ
3561 4489 3718 4537 παντὶ
3755 4488 3932 4539 σθένει

2390 4568 2670 4633 φυλάττειν
2699 4567 2983 4636 εἰώθαμεν.

2830 4648 2915 4707 ‘N.
2941 4687 3005 4697 κ-
3048 4659 3480 4728 ΘΕΟΔΩΙἾΔΝῼ.

2455 4745 2697 4810 ’.εἱειαθεῖς
2715 4763 2871 4806 τινες,
2901 4749 2989 4798 καί
3015 4748 3321 4816 φιλόκοσμοι
3343 4751 3528 4817 ἄνδρες
3554 4755 3929 4818 προσεοικότες

2387 4836 2449 4898 τῇ
2496 4837 2556 4899 σῇ
2596 4834 2866 4899 ἀθλιότητι
2915 4835 3173 4901 ἐμπαθῶς
3210 4838 3517 4903 φερόμενοι,
3569 4839 3794 4902 ὑγίειαν,
3829 4846 3927 4893 καὶ

2393 4924 2630 4985 πλοῦτον,
2667 4926 2752 4974 καὶ
2780 4925 3069 4990 σπατάλην,
3095 4927 3184 4976 καὶ
3219 4927 3422 4993 ἐχθρῶν
3450 4927 3742 4995 ἀνθρώπων
3769 4931 3925 4982 ἀπώ-

2390 5013 2533 5062 λειαν
2568 5014 2633 5063 δι’
2669 5015 2829 5081 εὐχῆς
2861 5014 2949 5065 τὸν
2990 5017 3186 5083 Κύριον
3213 5017 3468 5066 αἰτοῦσιν
3499 5014 3609 5068 εἶτα
3627 5019 3724 5085 τῆς
3745 5021 3923 5072 τοιαύ-

2390 5117 2485 5166 της
2523 5102 2781 5170 βλαϐερᾶς
2829 5105 3180 5170 ἀποτυχόντες
3234 5105 3490 5172 αἰτήσεως
3538 5109 3613 5168 εἰς
3671 5111 3926 5162 ἀπιστίαν

2389 5193 2724 5261 χωροῦσιν,ῆ
2763 5195 3059 5261 μέμξοντειι
3086 5196 3170 5245 τὸν
3198 5195 3344 5246 Θεόν.
3380 5196 3553 5249 ’Ἄλλοι
3607 5201 3763 5251 πάλιν
3793 5201 3922 5253 ἄλλο

2386 5298 2435 5331 τι
2460 5282 2805 5344 ἐξαιτοῦντες,
2831 5285 2919 5333 καί
2956 5283 3026 5350 μὴ
3063 5284 3400 5350 κομιζόμενοι
3432 5291 3806 5356 συμφερόντως
3833 5291 3917 5355 (οὐ

2394 5371 2497 5437 γὰρ
2532 5372 2739 5433 πάντως
2763 5373 2898 5438 ἅπερ
2930 5373 3182 5440 φιλοῦμεν
3237 5375 3323 5423 καί
3346 5375 3537 5442 ὠφελεῖ
3559 5380 3595 5444 >·
3632 5380 3687 5428 τὸ
3733 5378 3837 5446 γὰρ
3864 5380 3918 5428 τί

2181 5541 2459 5595 ⁸³1ΤΙιρς.
2496 5555 2573 5604 Ill,
2611 5543 2689 5593 12.
