4134 6328
754 259 855 322 107

2240 267 2298 327 S.
2336 269 2495 328 ΝΙΙᾸ

3867 274 3979 341 108

753 368 1097 439 sempiterna:
1140 369 1461 424 obambulas
1492 410 1504 431 ,
1558 370 1701 425 haud
1746 379 1924 427 mente
1964 374 2287 442 comprehen

2420 375 2515 447 τὴν
2541 376 2657 429 ὁδὸν
2687 377 2780 447 τῆς
2811 375 3027 429 αἰωνίου
3048 376 3212 445 ζωῆς,
3238 377 3312 449 μὴ
3339 378 3625 448 λαμϐάνων
3655 383 3792 435 κατά
3823 385 3973 451 νοῦν,

750 463 911 519 deus.
951 476 1057 513 non
1092 462 1261 513 multo
1293 470 1412 529 post
1444 461 1711 529 judicium
1738 465 1975 517 omnium
2003 504 2016 529 ,
2052 481 2171 533 quze
2193 467 2312 533 qui-

751 552 912 613 libet,
952 551 1078 603 dum
1117 550 1355 614 vireret,
1395 552 1661 620 patravit,
1717 552 2070 618 adfuturum,
2119 556 2309 609 condi-

746 655 882 707 gnas
933 654 1115 693 secum
1158 638 1412 693 deferens
1461 641 1714 696 suhinoto
1760 645 1908 697 omni
1952 643 2310 713 deprecatore

744 744 957 797 poenas.
993 727 1278 783 Contraria
1314 730 1525 799 itaque,
1578 748 1750 802 neque
1780 735 1920 787 diu-ta
1950 750 2091 805 aegre
2126 736 2269 791 feras
2291 776 2306 800 ,

746 820 842 872 tibi
897 820 979 871 via
1020 820 1257 875 ineunda
1299 831 1418 885 est,
1474 837 1629 875 sai-ra
1672 826 1855 893 potius
1912 841 2009 893 pro
2064 826 2307 894 profanis

743 910 959 979 eligenti
985 951 997 971 ,
1042 912 1393 982 abigentique
1427 927 1548 982 quae
1596 929 1658 967 ex
1698 930 1797 969 usu
1830 931 2000 981 prava
2038 918 2305 973 desideria

742 1002 1079 1055 contraxisti.

1078 1110 1185 1166 LV.
1210 1142 1279 1152 -—
1308 1112 1602 1168 ZOSARIO
1643 1113 1957 1191 TRIBUNO.

814 1239 830 1270 ι
868 1219 1037 1275 Omne
1066 1230 1227 1291 caput
1256 1223 1310 1276 in
1349 1222 1627 1288 dolorem,
1685 1225 1760 1277 ait
1794 1224 1997 1291 Isaias,
2049 1237 2103 1282 et
2142 1244 2304 1283 omne

736 1326 831 1364 cor
866 1313 919 1363 in
952 1325 1243 1365 mcerorem
1282 1327 1310 1365 a
1348 1312 1578 1383 pedibus
1631 1330 1805 1384 usque
1860 1316 1928 1369 ad
1963 1329 2129 1387 caput
2158 1321 2225 1373 “.
2277 1340 2295 1370 ι

740 1401 801 1453 Et
851 1402 1042 1470 paucis
1093 1401 1398 1470 inlerjeetis
1454 1421 1523 1456 ει
1585 1403 1755 1459 Terra
1807 1417 1986 1461 vestra
2043 1410 2295 1478 deserta,

734 1494 1010 1558 regionem
1046 1501 1279 1546 vestram
1320 1495 1372 1547 in
1403 1505 1703 1565 conspectu
1732 1507 1916 1555 vestro
1939 1502 2114 1556 exteri
2150 1518 2297 1557 como

734 1582 903 1635 edunt
928 1582 994 1636 υ.
1036 1603 1053 1633 ι
1082 1579 1185 1637 I’er
1214 1584 1380 1652 pedes
1415 1586 1635 1654 quidem
1672 1587 1924 1642 subditos
1960 1612 1971 1642 :
2012 1605 2107 1658 per
2136 1600 2299 1660 caput

2418 468 2491 531 ὼς
2522 468 2696 536 ὀλίγον
2737 468 3165 539 ῦστερονκρίσις
3192 467 3342 521 ἔσται
3375 469 3482 522 τῶν
3533 471 3741 544 ἑκάστῳ
3775 475 3972 544 βεϐιω-

2420 560 2613 629 μένων,
2643 559 3043 629 ἀπαραιτήτους
3072 558 3269 628 ἔχουσα
3296 560 3394 624 τὰς
3443 561 3574 630 πρὸς
3603 564 3755 629 ἀξίαν
3794 566 3975 619 ἐπιτι-

2419 651 2634 720 μήσεις.
2665 651 2756 702 Δεῖ
2783 650 2978 716 τοίνυν,
3014 650 3115 726 καὶ,
3142 650 3406 721 μηδαμῶς
3451 653 3751 721 ἀπεχθάνου
3796 656 3975 726 ταῦτα

2415 738 2645 804 ἀκούων,
2693 739 2789 809 τὴν
2833 739 3075 792 ἐναντίαν
3112 720 3325 803 ⁴ἐλθεῖν,
3361 720 3720 811 ἐκλεξάμενον
3771 720 3974 813 μᾶλλον

2412 830 2531 883 ἀντὶ
2560 829 2665 881 τῶν
2711 828 2805 897 οὐχ
2851 828 3011 882 ὁσίων
3039 828 3106 881 τά
3132 830 3271 896 ὅσια,
3300 830 3392 884 καὶ
3438 831 3675 903 ἐξορίσαι
3700 832 3796 895 τὰς
3830 834 3974 887 κατά

2415 918 2697 989 συνήθειαν
2731 916 2970 988 πονηρὰς
3000 916 3327 987 προθυμίας.

2722 1134 2848 1187 NE’.
2876 1163 2944 1175 —
2968 1133 3250 1221 ΖΩΣᾼΡΙῼ
3290 1136 3645 1210 ΤΡΙΒΟΥΝῼ.

2485 1267 2501 1299 ι
2531 1250 2687 1301 Πᾶσα
2716 1247 2923 1317 κεφαλὴ
2966 1248 3045 1311 είς
3086 1248 3264 1313 πόνον,
3307 1250 3471 1320 φησὶν
3512 1252 3540 1303 ό
3578 1251 3835 1315 Ἡσαΐας,
3873 1253 3972 1305 καὶ

2408 1342 2555 1392 πᾶσα
2603 1338 2799 1408 καρδία
2847 1337 2925 1401 είς
2971 1337 3145 1407 λύπην
3178 1338 3285 1391 ἀπὸ
3315 1340 3485 1392 ποδῶν
3514 1340 3619 1404 ἕως
3648 1341 3909 1411 κεφαλῆς.
3945 1360 3965 1392 ι

2405 1430 2513 1480 Καὶ
2547 1429 2663 1495 μετ’
2690 1427 2875 1493 ὀλίγα·
2908 1444 2928 1477 ι
2976 1427 3038 1480 'II
3066 1428 3135 1497 γῆ
3169 1429 3260 1480 καὶ
3295 1428 3447 1497 ὑμῶν
3482 1428 3703 1498 ἔρημος.
3739 1431 3837 1500 τὴν
3858 1430 3972 1500 χώ-

2407 1537 2506 1589 ραν
2548 1519 2701 1589 ὑμῶν
2732 1516 2960 1572 ἐνώπιον
3002 1518 3157 1588 ὑμῶν
3204 1518 3471 1588 ἀλλότριοι
3504 1518 3895 1572 κατεσθίουσιν.
3943 1538 3966 1571 ι

2404 1615 2499 1666 Διά
2530 1614 2629 1683 μὲν
2662 1611 2769 1665 τῶν
2800 1611 2973 1664 ποδῶν
2998 1612 3126 1673 τοὺς
3153 1611 3641 1680 ὑποτεταγμένους,
3670 1610 3757 1663 διά
3786 1609 3843 1662 δὲ
3866 1609 3971 1678 τῆς

732 1672 1015 1741 praefectos
1042 1672 1279 1749 innuens
1302 1714 1316 1737 ,
1361 1675 1606 1743 nequitia
1630 1678 1779 1730 omni
1816 1679 2108 1746 oppletos;
2139 1696 2294 1734 omne

2402 1672 2640 1773 κεφαλῆς
2666 1704 2792 1765 τοὺς
2814 1701 3251 1771 καθηγουμένους
3280 1672 3665 1769 αἰνιττόμενος,
3695 1672 3965 1770 πονηρίας

732 1763 935 1831 quippe
979 1770 1141 1830 caput
1171 1764 1225 1815 in
1264 1764 1509 1818 dolorem
1544 1783 1556 1818 :
1589 1764 1857 1833 siquidem
1892 1777 1945 1821 et
1993 1768 2158 1834 pedes
2202 1785 2298 1822 eo-

731 1869 853 1908 rum
887 1854 938 1907 in
963 1854 1366 1924 improbitatem
1397 1871 1563 1911 cursu
1593 1858 1781 1927 rapide
1809 1858 2082 1924 feruntur,
2116 1877 2301 1928 quem-

732 1946 1022 2000 admodum
1076 1947 1127 1999 in
1190 1946 1300 2002 alio
1343 1963 1559 2018 quoque
1599 1951 1720 2015 loco
1744 1935 1883 2004 dixit
1932 1950 2194 2021 propheta
2226 1953 2292 2005 ⁸³.

733 2035 996 2092 Laborem
1052 2035 1237 2103 itaque
1288 2037 1694 2108 improbitatem
1745 2055 1871 2095 esse
1924 2041 2200 2111 intelligo,
2240 2052 2299 2095 ut

729 2130 796 2182 de
835 2126 1063 2196 profana
1095 2127 1279 2178 anima
1313 2126 1483 2181 David
1529 2129 1697 2181 dicit:
1738 2148 1756 2179 ι
1794 2131 2115 2199 Concepisti
2140 2134 2296 2187 dolo-

731 2232 885 2279 rem,
945 2222 1003 2269 et
1055 2214 1316 2284 peperisti
1369 2215 1712 2283 iniquitatem
1755 2216 1831 2281 ’ῖς
1897 2236 1915 2268 ι
1976 2218 2297 2286 improbitas

728 2308 874 2361 enim
922 2315 1111 2375 suapte
1150 2314 1340 2358 natura
1376 2306 1716 2374 iniquitatem
1744 2307 1902 2376 parit.
1937 2306 2072 2360 Cum
2114 2309 2298 2376 itaque

731 2400 783 2451 in
834 2398 1133 2466 despectu,
1208 2408 1263 2449 et
1333 2411 1518 2451 amore
1562 2397 1867 2461 malorum,
1922 2412 2298 2465 Stepenumero

724 2487 931 2555 judicio
990 2486 1080 2541 Dei
1128 2497 1320 2541 incesta
1388 2500 1450 2539 ac
1510 2486 1688 2539 tristia
1746 2494 2177 2554 consequantur,
2229 2486 2296 2539 ad

727 2576 1163 2630 emendationem
1228 2581 1545 2643 peccatores
1606 2575 1972 2643 impellentia,
2051 2582 2297 2643 propter-

727 2682 792 2720 ea
831 2666 969 2719 dixit
1003 2683 1017 2719 :
1061 2684 1080 2716 ι
1123 2664 1187 2718 Ει
1213 2681 1370 2719 omne
1402 2680 1498 2718 cor
1527 2666 1581 2719 in
1619 2680 1907 2720 maerorem
1958 2668 2024 2720 ⁵⁸.
2064 2685 2082 2717 ι
2124 2665 2178 2719 ln
2211 2667 2295 2718 lu-

728 2757 1091 2811 ctumezeuim
1128 2755 1303 2810 Judaei
1352 2771 1381 2808 a
1431 2754 1540 2809 Deo
1583 2757 1974 2825 conjiciuntur,
2012 2758 2120 2828 26
2165 2758 2294 2811 dum

729 2850 959 2901 luunana
991 2862 1150 2900 manu
1181 2846 1520 2916 castigantur
1546 2852 1599 2899 et
1629 2846 2041 2914 deprimuntur.

1278 2964 1411 3018 LVI.
1440 2992 1505 3004 -—
1540 2964 1743 3018 Eidem.

802 3078 859 3132 Si
912 3094 1016 3131 nou
1065 3086 1289 3147 prepter
1329 3077 1533 3131 Christi
1564 3090 1751 3128 necem
1783 3074 2025 3130 desolata
2054 3082 2140 3128 est
2172 3074 2290 3129 uni-
2320 3057 2361 3112 (ἶ

726 3185 883 3223 versa
910 3167 1093 3222 Iudaea
1118 3182 1148 3219 a
1176 3167 1460 3229 Ballionis,
1487 3174 1541 3218 et
1566 3164 1920 3227 Hebraeorum
1946 3167 2119 3220 exteri
2144 3181 2291 3219 com-

726 3259 895 3313 edunt
916 3298 930 3322 ,
964 3258 1223 3326 illiusque
1260 3255 1473 3338 fructus
1491 3254 1821 3322 devorant“,
1842 3255 2140 3330 abjieialur
2171 3263 2290 3309 tan-

728 3361 891 3417 quam
940 3346 1169 3399 mendax
1206 3346 1469 3414 propheta
1552 3384 1566 3408 ,
1617 3344 1710 3413 qui
1758 3352 1886 3398 ante
1935 3346 2085 3399 mille
2116 3360 2290 3400 annos

728 3436 859 3491 illud
893 3436 1239 3506 prmdixcrat.

1266 3544 1344 3601 LV
1360 3545 1423 3600 ll.
1453 3574 1524 3586 --
1550 3545 1760 3602 Eidem.

802 3645 877 3703 Ne
921 3657 969 3700 te
1002 3645 1228 3700 seducat
1279 3644 1495 3701 Iudaeus
1552 3660 1847 3705 asserens,
1907 3653 2131 3715 propter
2183 3646 2288 3698 alia

730 3740 933 3795 scelera
1009 3722 1302 3805 spoliatum
1366 3751 1424 3791 se
1480 3750 1601 3790 esse
1676 3734 1965 3790 Palaestina
2028 3756 2039 3790 :
2114 3751 2290 3807 neque

725 3828 868 3881 enim
906 3827 975 3881 ob
1014 3827 1153 3879 alias
1198 3824 1379 3887 labes,
1406 3832 1462 3879 et
1496 3825 1849 3879 conscientia:
1894 3823 2151 3891 vulnera,
2192 3826 2286 3880 sed

730 3903 947 3985 propter
975 3914 1189 3980 Domini
1220 3930 1407 3970 necem
1450 3916 1621 3968 multa
1665 3916 1847 3984 gravia
1872 3952 1889 3978 ,
1932 3916 2135 3984 quibus
2168 3916 2290 3969 nul-

727 4009 835 4060 lum
888 4006 1185 4061 retnedium
1222 4006 1399 4061 allerri
1446 4014 1655 4075 potest,
1713 4006 1959 4075 perpessi
1993 4016 2142 4061 sunt.
2196 4005 2289 4059 Et-

723 4100 867 4152 enim
898 4104 1023 4150 ante
1068 4096 1161 4149 illa
1197 4106 1441 4164 tempora
1476 4096 1622 4149 idola
1668 4097 1914 4150 colentes
1943 4135 1958 4158 ,
1990 4096 2285 4165 prOphetas

727 4188 1059 4241 trueidantes
1084 4222 1100 4245 ,
1146 4186 1484 4240 «immanibus
1508 4187 1647 4242 ﬁlias
1668 4227 1684 4251 ,
1718 4188 1969 4256 ﬁliosque
1996 4187 2286 4240 immolan-

728 4293 829 4339 tes,
865 4273 1186 4341 alienigenis
1215 4273 1269 4326 in
1295 4273 1667 4339 captivitatem
1698 4289 1729 4326 a
1758 4276 1865 4328 Deo
1897 4276 2281 4339 tradebantur,

2403 1794 2617 1864 ἁπάσης
2640 1793 3125 1863 ὲμπεπλησμένους
3147 1809 3160 1822 ·
3196 1792 3344 1843 πᾶσα
3382 1792 3490 1862 γάρ
3524 1790 3732 1859 κεφαλὴ
3765 1791 3843 1854 είς
3864 1790 3971 1843 πό·

2400 1904 2504 1950 νον,
2539 1885 2671 1939 ἀλλά
2694 1885 2788 1937 καὶ
2818 1885 2867 1936 οἱ
2897 1882 3051 1943 πόδες
3076 1880 3255 1934 αὐτῶν
3307 1882 3388 1941 είς
3436 1880 3697 1949 πονηρίαν
3741 1878 3971 1949 τρέχουο

2401 1994 2505 2042 σιν,
2549 1976 2623 2035 ὡς
2654 1975 2712 2027 ὲν
2747 1974 2916 2043 ἑτέρῳ
2948 1972 3097 2041 τόπῳ
3128 1970 3352 2040 εἴρηκεν
3380 1972 3408 2022 ὁ
3438 1970 3750 2039 Προφήτης.
3794 1968 3969 2021 Πόνον

2398 2069 2672 2138 τοιγάρτοι
2727 2065 2824 2135 τὴν
2857 2063 3149 2132 πονηρείαν
3173 2062 3305 2125 νόει,
3354 2057 3535 2121 καθὼς
3578 2059 3777 2127 λέγειὸ
3799 2055 3969 2110 Δαυῒδ

2400 2160 2525 2229 περὶ
2551 2158 2729 2226 ψυχῆς
2759 2155 3005 2224 βεϐήλου,
3034 2154 3114 2205 ὃτι
3152 2171 3169 2202 ι
3204 2150 3499 2213 Συνέλαδες
3527 2151 3706 2211 πόνον,
3732 2149 3826 2202 καὶ
3847 2147 3967 2200 ἐτε-

2400 2266 2494 2309 κες
2523 2244 2775 2314 ἀνομίαν.
2816 2261 2834 2295 ι
2881 2243 2946 2294 Ἦ
2976 2239 3085 2311 γὰρ
3115 2240 3376 2311 πονηρεία
3404 2242 3502 2308 τὴν
3532 2240 3761 2309 ἀνομίαν
3792 2240 3969 2307 πέφυ-

2400 2355 2493 2390 κεν
2529 2334 2861 2388 ἀποτίκτειν.
2905 2332 3121 2400 Ἐπειδὴ
3162 2332 3343 2383 τοίνυν
3387 2333 3443 2385 ὲν
3472 2330 3549 2400 τῷ
3582 2330 3967 2400 καταφρονεῖν,

2400 2428 2493 2480 καλ⁸
2516 2426 2731 2494 ἀγαπᾷν
2752 2423 2821 2475 τὰ
2849 2421 3046 2490 φαῦλα,
3082 2420 3339 2483 πολλάκις
3372 2420 3550 2491 κρίσει
3573 2420 3708 2473 Θεοῦ
3734 2419 3802 2473 τὰ
3826 2436 3964 2473 σκυ-

2400 2519 2590 2592 θρωπά
2646 2518 2737 2569 καὶ
2792 2515 3010 2585 λυπηρά
3043 2513 3253 2577 ἕπεται,
3312 2513 3449 2584 πρὸς
3474 2512 3756 2583 διόρθωσιν
3796 2513 3967 2566 ἑκκα-

2399 2613 2632 2681 λούμενα
2681 2611 2806 2671 τοὺς
2863 2606 3353 2676 ἐξαμαρτάνοντας,
3395 2605 3482 2659 διὰ
3527 2606 3686 2658 τοῦτο
3733 2606 3921 2675 εἴρηκε
3947 2621 3960 2634 ο

2402 2716 2419 2746 ι
2452 2697 2562 2750 Καὶ
2592 2696 2736 2748 πᾶσα
2760 2693 2950 2764 καρδία
2978 2694 3058 2753 εἰς
3080 2690 3274 2761 λύπην.
3308 2710 3327 2742 ι
3364 2692 3669 2746 Λυποῦνται
3694 2694 3799 2762 γὰρ
3822 2691 3963 2766 Ἰου-

2396 2788 2531 2839 δαῖοι
2555 2787 2659 2839 ὑπὸ
2686 2784 2843 2849 Θεοῦ,
2862 2785 2927 2836 δι’
2955 2782 3303 2851 ἀνθρωπίνης
3330 2784 3511 2855 χειρὸς
3554 2783 3959 2854 τιμωρούμενοι

2397 2878 2492 2929 καὶ
2523 2874 2813 2928 καταθλιϐό
2820 2889 2991 2943 μενοι.

2887 2982 3027 3047 Νιῖν.
3065 3012 3133 3020 -
3169 2980 3250 3045 Τῷ
3290 2981 3467 3045 αὐτῷ.

2465 3098 2526 3149 Εἰ
2555 3096 2628 3166 μὴ
2659 3095 2745 3148 διὰ
2778 3095 2876 3163 τὴν
2906 3094 3323 3162 Χριστοκτονίαν
3342 3096 3626 3164 ἠρήμωται
3652 3096 3798 3153 πᾶσα
3822 3097 3959 3150 Ἰου-

2393 3184 2517 3239 δαία
2576 3182 2679 3235 ὑπὸ
2735 3181 3039 3248 Ῥωμαίων,
3087 3182 3181 3233 καὶ
3227 3180 3491 3251 ἀλλότριοι
3521 3180 3783 3252 Ἐϐραίων
3821 3198 3960 3236 κατ-

2394 3276 2660 3328 εσθίουσιν
2700 3273 2795 3325 καὶ
2844 3270 3199 3341 καρπίζονται
3227 3270 3447 3341 ταύτην,
3484 3271 3726 3340 ἐψεύσθω
3749 3276 3775 3326 ὁ
3816 3276 3961 3342 Προ-

2395 3368 2567 3437 φοήτης
2602 3363 2704 3433 πρὸ
2736 3361 2916 3431 χιλίων
2947 3360 3102 3414 τοῦτο
3138 3360 3479 3430 ἀνακηρύξας
3518 3361 3673 3415 ἐτῶν.

2900 3553 3021 3607 ΝΖ’.
3061 3584 3130 3594 -
3162 3551 3243 3616 Τῷ
3272 3552 3449 3616 αὐτῷ.

2463 3650 2550 3717 Μή
2584 3665 2640 3699 σε
2666 3647 2970 3699 ἀπατάτωὸ
3003 3645 3249 3703 Ἰουδαῖος
3277 3643 3449 3710 λέγων
3476 3644 3542 3696 δι’
3565 3646 3651 3696 ἑτέ
3662 3663 3755 3715 ρας
3772 3646 3959 3715 ἁμαρ-

2392 3740 2509 3800 τίας
2546 3734 3019 3805 ἀπηλλοτριῶσθαι
3065 3735 3160 3801 τῆς
3201 3733 3579 3800 Παλαιστίνης.
3631 3738 3705 3787 Οὐ
3746 3736 3853 3805 γὰρ
3884 3736 3959 3787 δι’

2390 3828 2551 3889 ἄλλας
2584 3825 2877 3897 ἁμαρτίας,
2905 3824 2991 3875 διὰ
3017 3822 3071 3875 δὲ
3102 3824 3197 3891 τὴν
3229 3824 3615 3894 Κυριοκτονίαν
3651 3825 3956 3878 πεπόνθασι

2390 3918 2457 3971 τὰ
2488 3919 2781 3987 ἀνήκεστα.
2814 3916 3010 3984 ῐίρώην
3044 3915 3140 3983 μὲν
3169 3914 3277 3984 γὰρ
3301 3914 3825 3983 εἰδωλολατροῦντες,
3856 3917 3957 3967 καὶ

2388 4011 2513 4071 τοὺς
2548 4008 2827 4080 προφήτας
2856 4006 3187 4073 φονεύοντες,
3225 4007 3317 4058 καὶ
3347 4009 3457 4067 τοῖς
3488 4006 3701 4073 δαίμοσι
3732 4006 3825 4069 τὰς
3855 4007 3957 4059 θυ-

2388 4100 2621 4168 γατέρας
2652 4097 2745 4149 καὶ
2778 4096 2899 4156 τοὺς
2930 4096 3078 4156 υἱοὺς
3113 4093 3351 4157 θύοντες,
3380 4098 3491 4156 τοῖς
3530 4094 3839 4164 ἀλλοφύλοις
3868 4096 3959 4158 είς

2388 4187 2762 4257 αἰχμαλωσῖαν
2810 4182 2913 4236 ὑπὸ
2952 4180 3087 4234 Θεοῦ
3134 4182 3496 4251 παρεδίδοντο,
3527 4185 3617 4236 καὶ
3650 4184 3763 4253 μετ’
3790 4183 3959 4251 ὀλίγα

2387 4278 2481 4340 ἔτη
2507 4276 2583 4345 τῷ
2606 4274 2731 4343 Θείῳ
2758 4272 3050 4342 βουλήματι
3085 4272 3245 4324 πάλιν
3277 4274 3609 4344 ἐπανήγοντο
3629 4276 3705 4335 εἰς
3726 4272 3822 4343 τὴν
3843 4274 3956 4341 γῆν

724 4378 779 4423 et
821 4382 1022 4437 paucos
1054 4373 1179 4434 post
1225 4378 1435 4425 annos,
1475 4364 1547 4415 ita
1581 4361 1689 4414 Deo
1727 4370 2030 4422 annuente,
2073 4363 2125 4414 in
2174 4373 2285 4415 ter-

2397 4366 2485 4430 τῆς
2523 4363 2873 4428 ἐπαγγελίας.
2922 4359 3037 4426 Ἀφ’
3078 4352 3139 4411 οὗ
3170 4360 3226 4413 δὲ
3250 4361 3310 4413 τὸ
3347 4361 3562 4413 ἀνίατον
3582 4361 3955 4429 τετολμήκασι

725 4474 839 4514 ram
888 4455 1270 4526 promissionis
1312 4452 1733 4507 reducebantur.
1768 4450 1845 4504 Ex
1879 4466 1989 4519 quo
2020 4465 2147 4503 vero
2179 4452 2278 4501 im-

726 4549 1041 4603 medicabile
1094 4546 1195 4599 ltoc
1255 4544 1548 4614 ﬂagitium,
1598 4544 1650 4596 in
1704 4541 1901 4595 Filium
1941 4542 2034 4595 Dei
2089 4556 2283 4595 manus

725 4649 1091 4710 apponeutes,
1161 4638 1421 4689 audacter
1470 4642 1885 4703 perpetrarunt,
1936 4641 2199 4701 perpetuo
2230 4639 2285 4683 et

722 4740 967 4784 extremo
1007 4726 1224 4782 excidio
1274 4723 1458 4777 traditi
1508 4731 1639 4778 sunt
1691 4723 1765 4775 En
1803 4722 1985 4792 itaque
2017 4723 2286 4790 quingen-

724 4823 951 4877 tesimus
992 4833 1205 4881 annus;
1250 4828 1303 4871 et
1334 4821 1603 4884 nusquam
1633 4815 1879 4868 divinum
1934 4813 2238 4867 subsidium
2265 4850 2279 4873 ,

724 4926 831 4963 non
862 4907 1158 4967 auxilium,
1221 4921 1326 4959 non
1363 4902 1705 4967 consolatio,
1748 4918 1854 4955 non
1887 4900 2147 4971 propheta
2192 4901 2280 4951 in-

725 5013 944 5056 struens
974 5036 988 5061 ,
1035 5006 1087 5051 et
1117 4996 1483 5059 (-Onfirmans,
1540 4994 1999 5064 quemadmodum
2038 4992 2095 5045 in
2145 4992 2284 5044 urbe

2382 4453 2633 4519 πρᾶγμα,
2660 4443 2847 4510 εἰς’τδν
2879 4450 3004 4501 Υίὺν
3031 4449 3125 4501 τοῦ
3147 4450 3280 4501 Θεοῦ
3310 4450 3408 4510 τὰς
3426 4453 3611 4518 χεῖρας
3643 4451 3947 4514 ἐπιϐαλεῖν,

2382 4541 2635 4593 παντελεῖ
2665 4539 2923 4609 πορθήσει
2954 4538 3264 4591 ὲνδέδονται.
3310 4536 3441 4590 Ἰδοὺ
3474 4537 3656 4590 λοιπὸν
3684 4555 3955 4593 πεντακο-

2383 4629 2591 4682 σιοστδν
2630 4628 2767 4693 ἔτος,
2822 4630 2914 4681 καὶ
2958 4628 3190 4697 οὐδαμοῦ
3226 4628 3343 4679 θεία
3376 4643 3459 4690 τις
3508 4628 3802 4695 ὲπιτκοπὴ,
3843 4630 3955 4683 ούκ

2383 4716 2685 4785 ἀντίληψις,
2720 4716 2779 4767 οὑ
2806 4714 3134 4785 παρηγορία.
3163 4715 3222 4767 ού
3249 4717 3530 4785 προφήτης
3562 4714 3821 4767 νουθετεῖν
3846 4717 3951 4769 καὶ

2389 4802 2677 4874 στηρίζων,
2708 4802 2895 4872 ὥσπερ
2924 4806 2979 4857 ὲν
3012 4803 3287 4857 Βαϐυλῶνι
3326 4804 3583 4873 Ἰεζεκιή).
3618 4820 3676 4855 τε
3719 4804 3809 4856 καὶ
3836 4807 3950 4860 Δα-

2388 4894 2527 4962 νιὴλ,
2552 4895 2643 4945 καὶ
2672 4894 2720 4944 oi
2746 4893 2912 4946 ἄλλοι.
2942 4894 3053 4946 υύκ
3084 4892 3162 4946 ἔτι
3188 4893 3293 4963 γὰρ
3315 4893 3493 4955 αὐτοῖς
3516 4892 3651 4946 θέλει
3678 4911 3952 4965 προσομι-

2387 4985 2495 5036 λεῖν
2521 4986 2547 5036 ὁ
2572 4983 2703 5046 Θεὸς
2732 4982 3143 5052 βδελυττόμενος
3171 4984 3410 5047 τούτους.

722 5089 993 5161 Babylone
1049 5085 1335 5149 Ezcrhiel,
1400 5092 1454 5139 et
1508 5084 1735 5151 Daniel,
1790 5083 2101 5152 etetcrique.
2165 5082 2285 5135 Non
2325 5077 2470 5132 enim
2514 5091 2635 5128 eum
2665 5074 2769 5127 illis
2801 5073 2944 5128 Deus
2981 5076 3048 5129 ab
3080 5076 3185 5129 illis
3245 5076 3543 5132 abhorrens
3604 5076 3948 5135 confabulari

723 5182 852 5235 \‘ult.

1245 5265 1421 5319 LVIII.
1454 5296 1522 5303 -—
1554 5266 1761 5321 Eidem.

794 5360 851 5414 Si
902 5369 1017 5429 post
1073 5359 1264 5426 ingens
1324 5356 1578 5426 gaudium
1620 5356 1793 5410 tristia
1851 5356 2280 5425 vobis,contige-

722 5458 871 5513 runt,
910 5450 1118 5526 conlide
1151 5448 1377 5501 omnino
1408 5490 1422 5510 ,
1450 5455 1503 5498 et
1537 5447 1810 5515 ingentem
1839 5448 1975 5500 hanc
1997 5446 2279 5501 tristitiam

808 5632 849 5662 ⁸³
880 5629 978 5685 Isa.
1013 5642 1049 5693 ι,
1075 5628 1125 5683 5.

2886 5265 3015 5319 NII'.
3039 5294 3107 5306 -—-
3145 5264 3228 5329 Τῷ
3247 5267 3423 5332 αὐτῷ.

2450 5355 2511 5406 Εἰ
2544 5355 2607 5405 ὲκ
2664 5352 2865 5421 πολλῆς
2914 5355 3191 5424 χαρμονῆς
3232 5355 3449 5426 λυπηρά
3496 5359 3623 5429 ύμῖν
3683 5361 3940 5431 ἐπῆλθεν,

2381 5444 2749 5514 προσδὸκησον
2786 5444 3021 5507 πάντως,
3052 5446 3132 5497 ὅτι
3163 5445 3259 5514 τὴν
3292 5446 3487 5519 πολλὴν
3514 5448 3689 5521 λύπην
3712 5452 3793 5513 είς
3817 5458 3942 5518 μεί-

1204 5631 1245 5658 ⁸¹
1284 5628 1415 5681 ibid.
1460 5626 1512 5677 7.
1556 5627 1598 5657 ⁵³
1628 5624 1728 5683 lsa.
1782 5641 1890 5692 ιλιι,
1927 5627 1976 5681 7,,
2052 5626 2095 5657 ⁵³
2124 5623 2269 5677 ΡςειΙ.

2401 5624 2545 5678 ,ιι5.
2622 5624 2861 5689 ⁵⁵ιετι.ι,
2909 5623 2960 5675 5.
3037 5625 3079 5654 ιο
3108 5623 3236 5679 ibid.
3266 5626 3314 5677 τ.
