4134 6328
183 265 254 328 ίθθ
1302 259 1815 320 EPISTOLARUM

1706 259 1828 319 .UM
1870 260 2010 318 LIB.
2051 260 2097 318 Ι.
3238 263 3338 327 110

183 384 276 444 ζονα
298 377 386 444 τῆς
412 372 628 444 πρώτης
653 371 915 442 εὐθυμίας
945 370 1315 440 παρακληθεὶς
1350 369 1642 440 μεταϐαλεῖ
1660 372 1686 421 6
1716 375 1760 429 Α
1790 368 1815 434 ε

1716 375 1760 429 Α
1790 368 1893 435 27
1939 369 1991 419 in
2027 366 2307 434 majorem,
2344 381 2505 433 quam
2550 367 2724 434 prima
2773 366 2862 418 illa
2900 366 3096 430 fuerat,
3143 383 3339 424 conso-

181 467 291 528 θεάς,
1792 456 2046 508 lationem
2076 469 2104 506 a
2140 453 2247 508 Deo
2274 496 2286 520 ,
2341 455 2386 507 si
2437 470 2557 508 eum
2586 455 2968 534 deprecaberis
2994 496 3007 519 ,
3047 458 3339 513 innuutan-
3426 525 3434 531 ι

1789 547 1910 599 dum
1943 545 2076 598 fore.
2361 555 2365 559 '

2013 634 2146 688 LIX.
2184 665 2253 673 —-
2286 635 2584 689 MELETIO
2625 621 3125 693 CANCELLARlO.

1859 724 2020 789 Quia
2072 724 2253 794 Moyse
2313 725 2501 779 divino
2543 741 2828 778 sacrorum
2873 729 3122 782 antistite
3150 731 3200 782 iu
3243 729 3343 780 Pa-

1792 817 2051 868 laestinam
2089 815 2239 868 missi
2279 823 2406 868 sunt
2437 821 2818 883 exploratores
2855 817 2919 879 ⁵⁷,
2973 827 3164 871 notare
3213 821 3343 871 mihi

1788 905 2040 957 videntur
2067 904 2315 957 coolestcs
2343 905 2592 972 angelos.
2642 913 2811 956 totum
2853 913 3120 958 terrarum
3161 910 3344 960 orbem

1788 995 2196 1061 inspectantes,
2241 1001 2293 1047 et
2321 1001 2661 1046 terrenarum
2700 1010 2880 1047 rerum
2926 1010 3113 1047 curam
3159 1012 3349 1065 geren-

1789 1093 1892 1134 tes.
1937 1081 2077 1134 Nlllll
2109 1083 2251 1137 enim
2287 1083 2423 1134 inter
2455 1083 2702 1136 homines
2736 1092 2846 1144 est,
2887 1083 3026 1150 quod
3058 1083 3350 1137 Providen-

1791 1174 1877 1225 tiae
1924 1187 2030 1225 non
2084 1174 2385 1240 subiaceat.
2433 1171 2655 1239 llocqne
2708 1173 2805 1225 tibi
2864 1176 3091 1226 suadeat
3126 1175 3348 1240 angelus

1790 1265 1921 1326 ille,
1980 1263 2071 1332 qui
2130 1265 2180 1315 in
2237 1263 2545 1315 Macedonis
2580 1264 2751 1331 ligura
2810 1261 2862 1314 in
2898 1264 3200 1327 auxilium,
3252 1278 3349 1331 pro

1791 1356 1967 1407 salute
2024 1355 2302 1406 hominum
2358 1335 2658 1420 apostolum
2716 1351 2944 1405 Paulum
3005 1353 3184 1406 verbis
3245 1355 3350 1408 illis

1791 1442 2227 1494 adhortabatur:
2280 1459 2296 1490 ι
2332 1440 2569 1495 Procede
2613 1442 2665 1493 in
2705 1440 3109 1505 Macedoniam,
3150 1453 3204 1496 et
3235 1445 3355 1510 opi-

361 640 479 691 ΝΘ.
518 670 582 680 ——
610 639 912 707 ΜΕΛΕΤΙῼ
949 639 1453 708 ΚΑΓΚΕΛΛΛΡῘῼ.

229 730 277 782 Ol
301 731 392 782 ὑπὸ
423 729 698 790 Μωῡσέως
721 727 812 780 τοῦ
841 728 983 779 θείου
1008 729 1320 797 ἱεροφάντου
1353 726 1685 795 πεμφθέντες

181 823 236 881 5!;
256 819 591 889 Παλαιστίνην
628 817 980 878 κατάσκοποι,
1029 817 1311 886 σημαίνειν
1353 834 1442 885 μοι
1471 815 1682 868 δοκοῦσι

183 910 272 970 τοὺς
293 908 556 978 οὐρανίους
605 906 868 974 ἀγγέλους
902 906 1296 968 ὲποπτεύοντας
1324 906 1409 958 τὸν
1437 906 1552 970 ὅλον
1592 906 1684 957 κό-

179 1016 299 1065 σμον,
333 999 418 1049 καὶ
463 995 572 1049 τῶν
622 998 746 1066 τῇδε
805 998 1056 1065 πρόνοιαν
1104 997 1477 1065 ποιουμένους.
1521 996 1685 1048 Οὐδὲν

179 1089 261 1155 γὰρ
278 1087 588 1154 ἀπρονόητον
622 1087 679 1138 ἐν
703 1086 1028 1156 ἀνθρώποις.
1060 1087 1170 1139 Καὶ
1200 1087 1429 1138 πειθέτω
1462 1103 1519 1138 σε
1545 1088 1685 1138 ἐκεῖ·

180 1195 245 1239 νος
266 1178 288 1229 ὀ
313 1177 545 1243 ἄγγελος,
582 1179 610 1228 ὁ
644 1179 701 1228 ἐν
745 1178 979 1246 σχήματι
1022 1175 1117 1228 τοῦ
1149 1176 1452 1238 Μακεδόνος
1498 1176 1685 1246 ἀνδρὸς

178 1268 283 1336 πρρκ
323 1265 620 1334 συμμαχίαν
674 1265 856 1317 ἕνεκεν
923 1262 1192 1333 σωτηρίας
1247 1264 1544 1334 ἀνθρώπων
1596 1266 1686 1316 τὸν

178 1355 422 1407 ἀπόστολον
457 1355 896 1424 προτρεπόμενος
922 1354 1129 1406 Παῦλον
1155 1355 1211 1404 ὲν
1239 1354 1315 1422 τῷ
1346 1354 1522 1422 λέγειν
1556 1354 1688 1424 πρὸς

177 1445 334 1496 αὐτόν’
371 1463 386 1494 ι
420 1444 641 1513 Διάῦηθι
668 1447 746 1507 εἰς
775 1445 871 1514 τὴν
903 1445 1260 1508 Μακεδονίαν,
1299 1432 1391 1496 καὶ
1427 1444 1688 1515 βοήθησον

177 1537 296 1600 ἡμῖν.
326 1554 342 1584 ι

651 1619 723 1674 ’.Ξ-’.⁷.
757 1652 817 1662 -
858 1621 940 1685 Τῷ
978 1622 1156 1686 αὐτῷ.

1700 1543 1703 1545 ‘
1795 1535 1971 1585 tulare
2001 1531 2157 1585 nobis
2187 1532 2258 1582 ⁵⁸.
2312 1549 2329 1580 ι

2349 1619 2459 1674 LX.
2490 1650 2561 1658 --
2592 1619 2796 1673 Eidem.

236 1711 426 1780 Ἐπειδὴ
458 1711 717 1774 ποθεινῶς
745 1713 842 1773 τὰς
873 1713 1072 1774 σεπτὰς
1115 1713 1504 1780 ἀναγινώσκεις
1547 1715 1688 1784 Γρα-
1726 1685 1766 1742 Β

1726 1685 1766 1742 Β
1868 1711 2098 1776 Quando
2137 1711 2292 1764 avide
2316 1712 2482 1764 nimis
2512 1712 2849 1766 venerandos
2874 1714 3148 1781 percurris
3202 1711 3353 1766 Scri-

178 1803 274 1870 φάς,
302 1797 445 1853 οἶσθά
475 1819 575 1854 που
627 1803 724 1872 τὴν
755 1805 1192 1872 προστάττουσαν
1238 1806 1334 1858 καὶ
1378 1807 1687 1860 διακελευο-

177 1894 311 1961 μένην
333 1893 436 1955 τοῖς
468 1895 632 1945 πᾶσιν
668 1894 1013 1962 νομοθεσίαν,
1059 1895 1165 1946 δεῖν
1218 1898 1486 1965 στεφάνην
1524 1914 1689 1949 κατα-

177 1983 416 2045 σκευάζειν
445 1985 532 2035 ὲπὶ
564 1984 658 2036 τοῦ
688 1985 931 2052 δώματος
965 1986 1064 2054 τῆς
1104 1987 1296 2054 νοητῆς
1338 1987 1533 2050 οἰκίας,
1597 1988 1690 2055 δη-

173 2072 277 2138 λαδὴ
300 2072 383 2123 τοῦ
409 2073 545 2124 κατὰ
567 2073 698 2123 Θεὸν
725 2072 1135 2142 πολιτεύματος.
1156 2073 1274 2142 Χρὴ
1303 2074 1409 2144 γὰρ
1431 2076 1501 2144 μὴ
1533 2074 1690 2142 μόνον

175 2163 454 2230 ἐνάρξασθαι
479 2164 575 2232 τῆς
604 2164 824 2232 ἀρετῆς,
850 2163 986 2217 ἀλλὰ
1008 2165 1100 2217 καὶ
1123 2166 1384 2235 κορωνίδα
1413 2165 1502 2218 καὶ
1543 2165 1690 2228 τέλος

173 2253 452 2315 ἐπιτιθέναι,
485 2254 569 2306 ἵνα
603 2259 676 2322 μή,
705 2270 766 2304 κο
813 2253 1196 2324 ειγνωσθῶμεν,
1225 2255 1418 2328 ὥσπερ
1450 2258 1478 2309 6
1505 2259 1562 2310 ἐν
1581 2259 1691 2318 τοῖς

174 2342 484 2410 Εὑαγγελίοις
518 2344 606 2396 τὸν
638 2344 842 2414 πύργον
869 2345 1032 2414 ἀτελῆ
1062 2347 1408 2415 καταλείψας.

639 2524 758 2576 EA'.
781 2552 852 2562 —
889 2523 971 2587 Τῷ
998 2526 1177 2590 αὐτῷ.

239 2615 346 2666 Ἐὰν
374 2614 465 2684 τὴν
496 2615 760 2682 στεφάνην
799 2614 1071 2683 ἐπιθῶμεν
1100 2615 1181 2685 τῷ
1223 2615 1430 2684 δώματι
1469 2619 1564 2685 τῆς
1590 2635 1688 2668 κα.

174 2701 250 2768 λῆς
270 2703 540 2764 πολιτείας,
568 2701 902 2772 δυνησόμεθα
934 2705 1146 2766 πάντως
1174 2705 1292 2756 καθ’
1320 2705 1572 2772 ὁμοίωσιν
1595 2708 1691 2773 τῆς

177 2790 460 2857 numam;
491 2788 679 2852 Ῥαὰβ,
708 2791 825 2858 οὐχὶ
858 2792 1005 2844 κάτω
1029 2808 1150 2854 που,
1184 2792 1315 2844 ἀλλὰ
1353 2793 1462 2844 ἄνω
1495 2793 1690 2861 μᾶλλον

176 2880 494 2944 ὑποδέξασθαι
527 2882 618 2933 καλ⁵
669 2881 869 2944 ξενίσαι
903 2884 1027 2944 τοὺς
1060 2884 1323 2950 ἀγγέλους
1357 2885 1446 2936 τοῦ
1495 2885 1688 2953 Ἰησοῦ,

1796 1813 2002 1871 pturas,
2056 1802 2206 1855 disce
2243 1805 2564 1869 praeceptum
2606 1801 2754 1853 illum
2793 1799 3099 1870 imperans,
3153 1811 3204 1855 et
3238 1817 3354 1855 om-

1797 1906 1893 1944 nes
1933 1891 2261 1950 cohortans,
2315 1898 2372 1939 ut
2418 1904 2671 1942 coronam
2703 1890 2804 1941 sibi
2840 1899 3143 1958 praeparent
3191 1906 3353 1959 super

1796 1989 1938 2033 tecto
1975 1979 2362 2031 intellectualis
2393 1977 2586 2031 domus
2609 2016 2623 2038 ,
2683 1979 2918 2032 instituti
2963 1994 3154 2048 nempe
3189 1983 3311 2034 vita!
3334 2020 3351 2045 ,

1795 2083 1915 2136 qua:
1950 2068 2246 2121 secundum
2303 2066 2467 2118 Dcum
2512 2073 2617 2118 est.
2657 2066 2864 2118 Etenim
2902 2083 3006 2119 non
3052 2077 3260 2121 tantum
3297 2070 3352 2123 in

1796 2161 2000 2213 virtute
2031 2159 2185 2211 initia
2243 2157 2490 2226 ponenda
2524 2166 2687 2222 sunt,
2732 2158 2825 2211 sed
2879 2146 2946 2212 ad,
2992 2159 3306 2213 umbilicum
3334 2199 3351 2224 ,

1795 2261 1848 2304 et
1894 2249 2050 2302 linem
2107 2237 2562 2315 perveniendum,
2613 2255 2962 2316 extremaque
3026 2233 3351 2304 lineamenta

1797 2330 2044 2392 addenda
2069 2380 2083 2402 ,
2137 2355 2206 2391 ne
2246 2325 2692 2399 condemnemur,
2730 2339 3183 2404 quemadmodum
3222 2342 3310 2394 ille
3334 2378 3350 2401 .
3424 2342 3426 2344 ’

1794 2431 1887 2499 qui
1923 2432 1977 2482 in
2009 2429 2296 2498 Evangelio
2339 2429 2539 2480 turrim
2564 2443 2666 2481 non
2687 2430 2967 2495 perfecturus
2989 2424 3283 2496 reliquit”.

2344 2517 2476 2570 LXI.
2503 2547 2573 2555 —
2602 2517 2807 2573 Eidem.

1868 2609 1922 2662 Si
1955 2617 2096 2662 tecto
2132 2608 2311 2675 probae
2351 2609 2567 2663 vivendi
2601 2609 2831 2662 rationis
2871 2624 3130 2661 coronam
3179 2611 3354 2676 impo-

1796 2713 2031 2759 namus,
2075 2699 2299 2748 omnino
2347 2698 2411 2749 ad
2462 2687 2738 2764 exemplar
2783 2699 2931 2750 Raab
2984 2697 3257 2752 ﬁdissima
3285 2700 3350 2762 ⁸⁸,

1798 2805 1905 2842 non
1943 2791 1995 2841 in
2029 2787 2272 2840 inferiori
2308 2788 2564 2856 quopiam
2599 2774 2720 2841 loco
2747 2829 2760 2852 ,
2800 2789 2910 2858 28
2951 2791 3042 2843 sed
3085 2791 3351 2858 superiori

1799 2879 2080 2946 recipere,
2114 2887 2165 2932 et
2198 2878 2436 2946 hospitio
2482 2880 2702 2946 angelos
2728 2878 2853 2932 Jesu
2882 2918 2897 2942 ,
2948 2888 3002 2933 et
3029 2919 3043 2945 ,
3089 2891 3145 2933 ut
3174 2882 3350 2936 verius

175 2969 492 3041 ἀληθέστερον
512 2972 568 3023 δὲ
595 2971 748 3035 λέξω,
776 2972 935 3025 αὐτὸν
956 2973 1294 3043 ξενοδοχῆσαι
1337 2975 1541 3043 Ἰησοῦν
1563 2977 1604 3028 Χ
1615 2993 1693 3046 ρι-
1723 3016 1764 3046 ρ
1799 2985 1807 3018 ⁴

1723 3016 1764 3046 ρ
1799 2968 1975 3021 dicam
2004 3005 2029 3030 ,ι
2068 2966 2244 3034 ipsqu
2280 2965 2464 3020 Jesum
2510 2968 2786 3020 Christum
2820 2971 3137 3037 angelorum
3175 2970 3353 3026 Denti-

177 3058 276 3110 στὸν
301 3059 381 3112 τὸν
408 3061 510 3113 τῶν
538 3062 786 3128 ἀγγέλων
814 3061 1108 3131 Δεσπότην.

575 3147 689 3201 ΞΒ.
724 3180 790 3190 ——
824 3151 1288 3203 ΚΑΑΑΝΔῙΩΝΙ.Δ

237 3255 251 3286 ι
284 3237 431 3304 Λόγοι
472 3240 772 3306 κερκώπων
815 3239 1083 3307 μαλακοὶ,
1131 3241 1386 3293 πίπτουσι
1428 3242 1482 3293 δὲ
1520 3242 1598 3303 είς
1630 3243 1695 3293 τὰ

175 3328 365 3393 ταμιεῖα
411 3326 634 3388 κοιλίας.
683 3346 700 3376 ι
736 3327 1054 3393 Κέρκωπας
1102 3329 1352 3398 ὀνομάζει
1391 3333 1417 3381 6
1450 3329 1694 3397 Σολομῶν

174 3414 277 3475 τοὺς
315 3416 737 3479 ἀλωπεκίζοντας
772 3417 864 3469 καὶ
893 3419 1313 3487 δολιευομένους.
1344 3419 1434 3471 Διό
1478 3436 1637 3488 φησιν
1669 3421 1696 3470 ὁ

174 3503 339 3554 Δανῒδ·
367 3523 382 3553 ι
410 3506 495 3572 Μή
535 3522 600 3573 με
629 3504 1029 3568 συναπολὲσεις,
1064 3509 1091 3557 6
1117 3506 1266 3568 Θεὸς,
1307 3507 1441 3574 μετὰ
1468 3508 1573 3560 τῶν
1603 3508 1695 3558 λα-

176 3590 376 3644 λούντων
399 3595 617 3664 εἰρήνην
663 3596 796 3664 πρὸς
830 3596 920 3648 τὸν
951 3595 1194 3664 πλησίον,
1231 3598 1373 3647 κακὰ
1407 3597 1463 3648 δὲ
1495 3599 1549 3647 ἐν
1580 3599 1696 3658 ταῖς

177 3683 394 3752 καρδίαις
446 3684 640 3736 αὐτῶν.
683 3703 701 3736 ι
749 3714 818 3724 -
858 3705 876 3735 ι
925 3685 1342 3754 Ἦπαλύνθησαν
1389 3688 1496 3754 γὰρ
1551 3685 1694 3751 λόγοι

177 3770 294 3841 ὑπὲρ
316 3773 496 3836 ἔλαιον,
519 3776 612 3826 καὶ
637 3775 787 3826 αὐτοὶ⁶
819 3772 1017 3841 βολίδες
1039 3773 1335 3841 ὑπάρχουσι
1366 3773 1641 3842 τιτρῶσαι.
1672 3793 1688 3822 ι

591 3949 702 4002 ΞΡ.
737 3981 803 3989 -
822 3949 1247 4002 ΘΕΟΔυΤΙΩΝΙ.

229 4037 450 4100 Εἰκότως
478 4038 828 4107 τεθαύμακας
866 4037 1157 4106 διαπορῶν,
1190 4037 1306 4100 πῶς
1338 4038 1404 4090 ἂν
1442 4038 1694 4108 ἐδυνήθη·-

175 4139 254 4173 σαν
273 4123 402 4176 λίθοι
431 4126 671 4196 αἰσθητοὶ
697 4129 816 4179 ὅλον
841 4127 1048 4195 γραφὲν
1080 4128 1326 4197 χωρῆσαι
1360 4130 1420 4180 τὸ
1440 4131 1695 4198 Δευτερο·

170 4214 347 4282 νόμιον.
376 4216 669 4285 Νοήσωμεν
706 4216 994 4284 τοιγαροῦν
1021 4217 1080 4268 τὸ
1117 4217 1210 4269 τοῦ
1254 4217 1490 4284 Χριστοῦ
1521 4218 1695 4281 Εὐαγ-

1800 3071 1926 3110 num
1955 3056 2208 3125 excipere
2243 3056 2563 3123 ptzterimus.

2209 3144 2363 3197 LXII.
2401 3176 2468 3184 —
2499 3145 2928 3201 CALANDIONI.

1869 3254 1888 3286 ι
1925 3235 2225 3303 Cercopum
2263 3236 2426 3288 verba
2453 3239 2746 3304 praemollia
2771 3279 2784 3302 ,
2820 3238 3108 3306 procidunt
3141 3254 3265 3294 vero
3295 3242 3348 3294 in

1796 3327 1993 3381 terat-ia
2030 3329 2233 3380 ventris
2258 3329 2323 3379 δι.
2376 3347 2393 3378 ι
2430 3329 2698 3397 Cercopcs
2728 3337 2885 3382 vocat
2922 3329 3175 3383 Salomon
3213 3346 3307 3385 eos
3331 3371 3346 3395 ,

1795 3419 1888 3486 qui
1922 3419 2147 3486 vulpino
2181 3419 2397 3487 ingenio
2429 3427 2595 3481 sunt,
2633 3419 2900 3488 dolos-que
2933 3421 3060 3474 aliis
3099 3430 3345 3475 nectunt.

1797 3509 2086 3578 Propterea
2116 3509 2247 3562 dicit
2277 3509 2444 3564 David
2481 3527 2495 3563 :
2533 3529 2551 3560 ι
2587 3509 2662 3563 Ne
2695 3525 2780 3564 me
2810 3512 3021 3578 perdas,
3045 3513 3205 3575 Deus,
3244 3528 3348 3586 una

1796 3613 1920 3651 cum
1969 3599 2320 3665 loquentibus
2353 3613 2537 3666 pacem
2571 3599 2636 3651 ad
2673 3602 2972 3667 proximum
3001 3640 3015 3662 ,
3057 3602 3195 3653 mala
3222 3617 3350 3654 vero

1797 3691 1849 3740 in
1870 3689 2122 3742 cordibus
2148 3689 2264 3742 suis
2287 3689 2367 3751 °';
2409 3706 2528 3738 ›-ι
2563 3689 2789 3741 emolliti
2821 3692 3110 3744 enimsunt
3151 3705 3348 3744 sermo-

1797 3795 1892 3830 nes
1919 3793 2104 3830 eorum
2142 3791 2305 3844 super
2323 3775 2544 3839 'oleum,
2579 3787 2632 3831 et
2664 3779 2767 3846 ipsi
2798 3778 2975 3845 jacula
3008 3789 3132 3832 sunt
3172 3780 3347 3832 vulni-

1796 3867 1894 3919 ﬁca
1918 3867 1983 3919 ⁸³.
2026 3885 2044 3916 ι

2181 3952 2359 4006 LXIII.
2386 3983 2456 3993 -—
2475 3951 2953 4007 THEODOTlONl.

1864 4044 1980 4098 Non
2018 4045 2219 4113 alisque
2249 4045 2460 4096 ratione
2499 4044 2717 4096 miraris
2739 4083 2752 4107 ,
2787 4045 2998 4114 lia-rens
3025 4083 3038 4104 .
3071 4046 3345 4112 quomodo

1798 4136 2076 4204 potuerint
2100 4134 2305 4202 lapides
2335 4134 2564 4187 sensiles
2597 4142 2766 4186 totum
2789 4135 3122 4202 descriptum
3153 4152 3346 4204 capere

1800 4226 2299 4278 Deuteronomium.
2342 4225 2708 4294 Intelligamus
2751 4225 2914 4294 igitur
2940 4225 3140 4278 Christi
3170 4225 3347 4280 Evan-

169 4304 324 4365 γὲλιον
373 4307 781 4375 Δευτερονόμιον
814 4305 1089 4375 μυστικῶς
1142 4306 1514 4377 προειρῆσθαι,
1559 4306 1690 4359 διότι
1726 4319 1766 4372 ι)
1800 4336 1801 4360 ι

1726 4319 1766 4372 D
1800 4313 1997 4383 gelium
2034 4312 2493 4367 Deuteronomion
2535 4317 2766 4382 mystice
2798 4315 3111 4380 praedictum
3149 4313 3344 4375 fuisse,

171 4397 291 4461 μετὰ
319 4398 404 4451 τὸν
441 4399 600 4466 νόμον
629 4398 904 4459 Μωῦσέως
950 4397 1010 4449 τὸ
1052 4395 1192 4451 θετον
1237 4398 1564 4466 Εὑαγγὲλιον
1605 4399 1695 4465 γέ-

168 4502 416 4553 γραπται·
446 4489 621 4550 λίθους
650 4489 705 4540 δὲ
759 4489 882 4551 τοὺς
926 4486 1112 4558 πρώην
1139 4486 1343 4558 λιθίνην
1396 4490 1695 4560 ἐσχηκότας

167 4578 387 4644 καρδίαν,
436 4578 736 4648 ὕστερονδὲ
793 4581 857 4651 τῇ
901 4579 1076 4632 πίστει
1129 4574 1547 4645 ἁπαλυνθέντας,
1603 4580 1694 4631 καὶ

168 4664 462 4728 ὑπείξαντας
491 4670 556 4735 τῇ
598 4669 783 4736 Γραφῇ
815 4667 905 4718 τοῦ
941 4666 1266 4736 Πνεῦματος.

645 4756 758 4810 EA’.
781 4786 850 4796 -—
889 4756 972 4821 To”)
997 4757 1175 4822 αὐτῷ.

226 4844 331 4894 υῦκ
386 4847 592 4914 ἀγνοεῖς
627 4849 686 4900 τὸ
738 4850 795 4900 ὲν
825 4847 903 4918 τῷ
954 4849 1208 4924 Ἰεζεκιὴλ
1258 4852 1563 4921 είρημένον,
1611 4858 1694 4909 ὅτι

171 4945 185 4978 ι
217 4928 492 4986 Ἑκσπάσω
515 4937 606 5004 ἀφ’
638 4938 788 5006 ὑμῶν
815 4941 910 5008 τὴν
932 4939 1138 5009 λιθίνην
1167 4944 1412 5012 καρδίαν,
1435 4945 1526 4997 καὶ
1543 4945 1696 5000 δώσω

165 5018 273 5086 ὑμῖν
333 5024 552 5091 καρδίαν
586 5027 864 5097 σαρκίνην,
920 5029 1160 5085 εὕεικτον
1198 5033 1278 5102 τῷ
1321 5034 1437 5104 Θεῷ
1499 5038 1578 5099 εἰς
1638 5037 1697 5090 τὸ

167 5110 338 5177 μηνὲτι
369 5111 683 5172 πλανᾶσθαι.
719 5134 737 5165 ι

436 5263 445 5272 ,
641 5204 759 5262 ΞΕ⁹.
788 5236 858 5248 --
891 5209 976 5276 Τῷ
1001 5213 1178 5278 αὐτῷ.

233 5290 540 5382 ἶΔνὰγνωθι,
583 5295 639 5347 τί
672 5298 976 5368 Κορινθίοις
1017 5304 1316 5360 ἐπιστέλλει
1356 5309 1385 5360 6
1425 5309 1694 5382 μακάριος

167 5378 379 5446 Παῦλος·
415 5403 431 5434 ι
483 5385 545 5436 Ἡ
577 5386 828 5458 ἐπιστολὴ
871 5391 1026 5460 ἡμῶν
1067 5395 1221 5463 ὑμεῖς
1255 5400 1396 5465 ὲστε,
1422 5403 1514 5454 καὶ
1533 5378 1691 5470 ἐνγε-

221 5514 259 5588 '_'
287 5514 420 5567 Num
473 5531 591 5588 κιιι,
618 5514 725 5588 18.“
764 5515 819 5588 _'_°
843 5518 960 5573 Act.
999 5501 1187 5588 “1:9.

168 5580 204 5610 "
225 5583 358 5637 Psal.
394 5601 500 5646 LIV.
525 5584 615 5639 ‘2‘2.
693 5583 737 5614 ⁸³⁸
764 5582 957 5641 Ezech.
997 5606 1071 5652 ιι,
1096 5580 1189 5646 ’·ιθ.

1797 4405 2230 4473 quandoquidem
2265 4405 2394 4458 illud
2417 4412 2541 4473 post
2566 4406 2733 4473 legem
2765 4403 3054 4457 MosaiCam
3085 4407 3344 4476 scriptum

1795 4505 1878 4555 est
1906 4513 1920 4560 ;
1957 4495 2165 4563 lapides
2193 4510 2320 4548 vero
2340 4506 2436 4548 eos
2455 4534 2467 4556 ,
2503 4495 2595 4563 qui
2629 4501 2786 4546 antea
2810 4507 2906 4547 'cor
2935 4494 3206 4563 lapideum
3256 4509 3340 4564 ge-

1797 4587 2042 4646 stabant,
2065 4586 2402 4654 postmodum
2435 4587 2533 4640 li'de
2563 4586 2748 4640 molliti
2779 4601 2901 4639 sese
2932 4584 3219 4654 Scriptum
3244 4587 3342 4655 spi-

1797 4675 1936 4731 ritus
1962 4683 2222 4745 tanquam
2255 4677 2525 4744 magistra:
2557 4674 2842 4728 aﬂixerunt

2332 4763 2512 4816 LXIV.
2543 4792 2608 4802 -—
2639 4761 2842 4813 Eidem.

1867 4853 1983 4907 Non
2021 4854 2239 4923 ignoras
2264 4893 2278 4915 ,
2313 4853 2456 4922 quod
2490 4853 2541 4905 in
2573 4851 2856 4905 Ezechiele
2883 4849 3121 4903 dicitur:
3165 4871 3182 4900 ι
3219 4849 3339 4903 Era-

1798 4943 1993 4999 dicabo
2023 4960 2051 4997 a
2091 4944 2243 4998 vobis
2292 4959 2386 4996 eor
2439 4959 2699 5000 saxeum.
2758 4951 2811 4994 et
2863 4941 3004 4994 dabo
3055 4942 3207 4995 vobis
3252 4955 3348 4996 cor

1799 5050 2079 5101 carneum,
2112 5035 2371 5089 obediens
2394 5034 2522 5097 Deo,
2546 5048 2611 5086 ne
2644 5033 2781 5086 ultra
2810 5033 3024 5086 aberret
3048 5033 3111 5086 “.
3150 5051 3167 5083 ι

2316 5226 2481 5280 LXV.
2506 5257 2575 5269 --
2599 5227 2805 5282 Eidem.

1867 5315 2088 5386 Perlege
2112 5355 2128 5377 .
2165 5318 2292 5385 quid
2322 5319 2629 5376 Corinthiis
2663 5320 2854 5374 beatus
2884 5317 3082 5372 Paulus
3111 5317 3345 5371 scribat:

1799 5423 1816 5455 ε
1865 5403 2056 5458 Nostra
2088 5405 2194 5474 29
2226 5409 2455 5476 epistola
2510 5423 2608 5465 vos
2642 5409 2817 5473 estis,
2873 5407 3076 5476 scripta
3132 5423 3239 5466 non
3290 5409 3344 5461 in

1267 5529 1308 5560 "
1348 5528 1473 5584 Luc.
1505 5549 1613 5600 xw,
1649 5533 1735 5588 30.
1779 5535 1819 5565 ⁸⁰
1848 5505 2012 5588 Jos‘ue
2041 5550 2097 5599 ιι,
2129 5536 2178 5588 6.
2239 5538 2279 5567 "
2319 5535 2476 5591 Prov.
2506 5553 2647 5602 xxvr,
2679 5536 2768 5592 22.
2843 5538 2887 5569 "

1709 5540 1735 5587 ι.
1779 5535 1819 5565 ⁸ο
1848 5505 2012 5588 Jos‘ue
2041 5550 2097 5599 ιι,
2129 5536 2178 5588 6.
2239 5538 2279 5567 ⁶¹
2319 5535 2476 5591 Prov.
2506 5553 2647 5602 xxvi,
2679 5536 2768 5592 22.
2843 5538 2887 5569 ⁶¹
2917 5536 3058 5594 Psal.
3101 5553 3264 5606 um,
3291 5540 3341 5592 5.
