4134 6328
759 278 850 343 ιιι
2218 294 2278 353 S.
2324 295 2480 356 NILI

3849 308 3952 373 112

757 387 955 444 tabulis
979 388 1229 459 lapideis.
1256 388 1349 443 sed
1385 391 1437 444 in
1476 393 1681 447 tabulis
1706 395 1887 450 cordis
1912 397 2152 462 carneis,
2189 415 2297 476 non

2400 408 2690 479 γραμμένῆ
2717 410 2815 462 οὐκ
2844 410 2903 463 ιν
2934 411 3093 477 πλαξὶ
3129 410 3376 474 λιθίναις,
3406 379 3517 465 air
3538 414 3594 467 ιν
3628 415 3790 480 πλαξὶ
3814 434 3957 488 καρ-

757 486 1077 539 atramento,
1111 478 1203 531 sed
1235 478 1437 548 Spiritu
1473 479 1561 535 Dei
1595 482 1720 536 vivi.
1749 482 1858 539 Vos
1880 485 2021 540 enim
2055 487 2299 542 ostendi-

660 597 668 604 -
754 570 822 623 tis
850 584 985 638 opus
1015 569 1147 637 legis
1174 570 1229 623 iu
1263 570 1523 626 cordibus
1559 573 1756 628 vestris
1786 574 1851 626 ⁸⁵.
1892 594 1913 627 ι

1270 764 1451 821 LXVI.
1478 796 1546 807 —
1576 766 1781 821 Eidem.

816 852 932 905 Non
969 854 1137 909 multo
1168 856 1364 925 indiget
1400 865 1642 927 tempore
1668 872 1831 913 verus
1871 857 2032 915 Iesus
2064 859 2132 915 ad
2161 860 2295 915 seri-

749 942 977 994 liendum
1006 942 1479 998 Deuterononiium
1513 948 1567 1001 iu
1604 963 1699 1002 eor
1728 947 1927 1019 pietate
1966 949 2296 1018 integrorum

750 1030 1008 1099 lapidum.
1070 1030 1265 1086 Statim
1305 1035 1452 1087 cuitu
1501 1046 1665 1104 atque
1702 1037 2012 1106 praadicatio
2050 1049 2297 1108 suscepta

745 1128 825 1173 est
849 1161 862 1182 .
895 1121 1031 1173 nihil
1066 1122 1212 1175 aliud
1239 1121 1528 1195 dicendum
1558 1136 1643 1179 est
1664 1166 1679 1189 ,
1710 1141 1872 1193 quam
1905 1136 1957 1180 te
1988 1125 2299 1195 asportasse

746 1213 800 1264 in
852 1211 1115 1265 interiora
1155 1213 1444 1281 pugillaria
1476 1213 1647 1283 legem
1683 1202 1873 1284 gratiae
1918 1217 2137 1270 minime
2174 1233 2297 1287 gra-

746 1318 897 1362 vem,
938 1312 991 1355 et
1017 1302 1368 1371 concupitam
1418 1303 1470 1354 in
1501 1313 1797 1372 conspectu
1831 1306 2063 1359 ﬁliorum
2098 1307 2294 1374 Israel,

744 1393 1052 1445 divinarum
1080 1407 1272 1460 nempe
1301 1400 1356 1447 et
1384 1392 1845 1464 incorporearum
1869 1404 2217 1465 potestatum,
2242 1400 2295 1453 in

745 1484 954 1553 lapides
986 1500 1091 1538 non
1124 1485 1266 1537 ultra
1306 1484 1622 1539 inﬁdelitate
1656 1487 2006 1553 mutilandos,
2039 1497 2133 1542 aut
2163 1504 2296 1542 eon-

745 1574 1057 1642 l‘ringendos
1080 1615 1094 1640 ,
1126 1573 1217 1628 sed
1245 1564 1473 1629 auribus
1498 1615 1512 1639 ,
1544 1584 1599 1628 et
1628 1576 1809 1628 anime
1838 1576 2098 1645 integros.
2135 1597 2153 1626 ι
2191 1575 2294 1641 Qui

746 1666 887 1717 enini
915 1705 929 1730 ,
971 1669 1043 1718 ait
1074 1705 1088 1726 ,
1120 1664 1281 1717 habet
1304 1679 1465 1718 aures
1495 1665 1749 1719 audiendi
1769 1666 1813 1697 “
1865 1666 1991 1733 (ﬁde
2038 1674 2091 1719 et
2134 1667 2290 1720 indu-

742 1758 840 1807 stri
878 1755 1122 1817 solertia)
1146 1794 1160 1816 ,
1191 1754 1393 1807 audiat.
1441 1773 1459 1804 ι
2004 1747 2012 1758 ’

765 1842 968 1898 LXVII.
1011 1872 1067 1882 -
1098 1841 1436 1897 IllLRACLIO
1477 1842 1901 1899 SUIIDIACONO
1939 1845 2263 1902 AURIFICI.

790 1935 1280 2001 'Qucniadmodum
1333 1950 1635 2016 generosus
1680 1931 1850 1992 miles
1884 1954 1983 2007 pro
2035 1954 2159 2009 rege
2199 1955 2297 2010 pti-

743 2041 901 2095 guani
956 2026 1154 2090 iniens,
1192 2026 1238 2080 si
1284 2028 1405 2081 telis
1434 2028 1576 2081 ictus
1605 2028 1672 2080 ab
1710 2028 2038 2083 adversariis
2076 2029 2294 2085 dolores

741 2117 1101 2177 sustinuerit,
1156 2132 1256 2168 nec
1307 2116 1659 2184 desponderit
1711 2118 1986 2181 animum,
2036 2129 2293 2184 curatus,

742 2214 1074 2274 satiatusque
1136 2204 1423 2258 cicatrices
1477 2204 1758 2258 vulnerum
1830 2205 1887 2258 in
1958 2206 2297 2260 Ioititudinis

736 2296 1055 2365 jactantiam
1090 2294 1307 2347 habebit
1337 2310 1350 2344 :
1392 2308 1461 2348 eo
1491 2303 1646 2363 pacto
1677 2304 1731 2348 et
1760 2296 1851 2363 qui
1880 2295 1954 2348 ab
1983 2295 2138 2350 hoste
2177 2296 2296 2350 vul-

743 2403 845 2440 nus
875 2395 1201 2454 aceeperunt
1225 2425 1239 2450 ,
1268 2385 1312 2439 si
1339 2385 1553 2439 labores
1587 2386 1919 2453 pcenitentia:
1945 2401 2050 2439 non
2112 2387 2295 2456 negle-

745 2478 944 2537 xerint,
974 2475 1180 2543 absque
1204 2473 1370 2527 dubio
1393 2474 1621 2528 salutem
1650 2475 1927 2529 consecuti
1959 2475 2011 2527 in
2033 2474 2119 2529 die
2147 2476 2295 2545 judi-

739 2569 808 2620 rii
833 2567 1228 2636 gloriabuntur;
1258 2579 1488 2634 namque
1538 2563 1695 2621 fortis
1723 2577 1775 2623 et
1799 2581 2025 2635 magnus
2055 2568 2290 2630 animus,

741 2661 865 2712 licet
895 2657 1207 2710 vulneribus
1239 2657 1490 2724 oppletus
1514 2694 1527 2718 ,
1558 2672 1809 2725 pugnans
1841 2671 2069 2725 corpore
2092 2658 2293 2711 violato

740 2750 1056 2802 vulneribus
1094 2762 1318 2815 prorsus
1347 2746 1486 2800 alios
1512 2744 1827 2799 tlebellabit.

896 2838 1002 2905 30
1040 2834 1265 2890 LXVIII.
1299 2865 1366 2877 —-
1397 2834 1790 2889 APIITIIONIO
1839 2835 2153 2891 DIACONO.

807 2929 1130 2996 Quicunque
1160 2926 1253 2980 Dei
1301 2941 1485 2980 amore
1511 2967 1525 2992 ,
1580 2935 1634 2979 ct
1673 2927 2125 2982 benedictionum
2166 2943 2293 2999 pro~

2397 498 2512 561 δίας
2537 498 2847 568 σαρκίναις,
2883 500 2943 553 οὐ
2979 501 3186 571 μέλανι,
3218 499 3352 554 ἀλλὰ
3381 501 3653 570 Πνεύματι
3688 505 3785 557 τοῦ
3812 505 3954 567 Θεοῦ

2398 587 2599 653 ζῶντος
2617 604 2632 620 ·
2661 589 2816 658 ὑμεῖς
2861 588 2968 661 γὰρ
3006 588 3341 643 ἐνδείκνυσθε
3369 590 3431 644 τὸ
3458 591 3617 661 ἔργον
3663 593 3755 647 τοῦ
3782 596 3952 666 νόμου

2397 679 2456 732 ὲν
2477 681 2597 742 ταῖς
2618 679 2864 751 καρδίαις
2892 679 3063 750 ὑμῶν.
3092 700 3116 733 ι

2894 767 3028 835 Ξςν.
3061 798 3129 809 -
3166 767 3250 833 Τῷ
3288 769 3465 833 αὐτῷ.

2468 860 2542 911 οὐ
2574 859 2741 913 δεῖται
2774 859 2963 930 χρόνου
2989 858 3230 921 πλείονος
3256 860 3285 912 ὁ
3322 858 3522 929 ἀληθὴς
3564 858 3767 930 Ἰησοῦς
3815 856 3956 931 πρδς

2396 944 2456 996 τδ
2481 945 2682 1015 γράψαι
2734 946 2794 998 τὸ
2841 945 3253 1014 Δευτερονόμιον
3305 946 3387 1008 είς
3421 946 3519 1017 τὴν
3573 948 3798 1016 καρδίαν
3840 948 3957 1001 τῶν

2396 1034 2699 1105 ὁλοκλήρων
2744 1038 2809 1105 τῇ
2852 1034 3101 1104 εὐσεϐείᾳ
3123 1034 3303 1089 λίθων.
3336 1036 3485 1106 Ἅμα
3520 1036 3629 1106 γὰρ
3666 1036 3744 1107 τῷ
3776 1054 3940 1110 παραυ

2396 1125 2643 1190 δέξασθαί
2678 1143 2735 1177 σε
2764 1127 2826 1178 τδ
2854 1128 3133 1196 κήρυγμα,
3163 1126 3315 1178 οὐδὲν
3359 1126 3545 1198 ἕτερον
3571 1128 3677 1199 χρὴ
3694 1128 3895 1197 λέγειν,
3919 1130 3955 1200 ἢ

2395 1218 2475 1269 ὅτι
2517 1216 2758 1284 ὲκομίσω
2801 1218 2867 1274 ὲν,
2889 1218 3001 1279 τοῖς
3049 1215 3195 1268 ἔνδον
3248 1216 3491 1285 πτυχίοις
3545 1219 3635 1270 τὸν
3667 1219 3829 1289 νόμον
3853 1220 3957 1289 τῆς

2396 1310 2612 1379 χάριτος
2656 1308 2744 1359 τὸν
2774 1308 2952 1380 ἀϐαρῆ
2981 1307 3074 1360 καὶ
3118 1308 3376 1377 ἐράσμιον
3417 1307 3645 1362 ἐνώπιον
3676 1309 3785 1363 τῶν
3820 1310 3957 1363 υίῶν

2375 1450 2379 1453 _
2410 1395 2641 1466 Ἰσραὴλ,
2666 1395 2863 1464 δηλαδὴ
2886 1396 2991 1447 τῶν
3007 1393 3165 1447 θείων
3205 1397 3297 1448 καὶ
3321 1398 3624 1466 ἀσωμάτων
3647 1398 3957 1467 δυνάμεων,

2397 1488 2476 1548 είς
2500 1486 2695 1555 ’λίθους
2725 1486 2921 1555 μηκέτι
2973 1485 3396 1555 κολοῦουμένους
3444 1486 3531 1539 διά
3567 1487 3668 1556 τῆς
3696 1487 3957 1549 ἀπιστίας

2399 1575 2491 1627 καὶ
2549 1574 2891 1645 κλωμένους,
2950 1574 3063 1626 ἀλλ’
3120 1573 3443 1644 ὁλοκλήρους
3493 1574 3637 1645 ψυχῇ
3690 1576 3784 1629 καὶ
3836 1578 3957 1636 ταῖς

2397 1666 2618 1727 ἀκοαῖς’
2652 1683 2670 1715 ι
2739 1664 2796 1716 '0
2842 1663 2978 1732 ἔχων
3028 1662 3137 1734 γὰρ
3183 1658 3316 1727 ὦτα,
3360 1666 3557 1733 φησιν,
3608 1664 3827 1717 ἀκούειν
3867 1664 3957 1734 (τῇ

2398 1757 2597 1819 πίστει,
2634 1756 2725 1808 καὶ
2748 1758 2811 1825 τῇ
2845 1756 3133 1825 ἀγχινοίᾳ),
3161 1754 3420 1808 ἀκουέτω.

2396 1844 2511 1897 ΞΖι.
2554 1875 2625 1885 -
2667 1845 3016 1913 ΗΡΑΚΛΕΙῼ
3073 1844 3509 1913 rnoamKONe
3568 1844 3953 1913 xrrzoxon.

2468 1935 2675 2004 ’Ὠσπερ
2720 1934 3051 2003 στρατιώτης
3079 1936 3322 2001 γενναῖος
3371 1935 3508 2003 ὑπὲρ
3554 1936 3645 1987 τοῦ
3692 1937 3959 2004 βασιλέως

2398 2024 2719 2095 μαχόμενος,
2750 2025 2844 2077 ὲάν
2881 2024 3055 2093 βέλεσι
3097 2026 3504 2089 κατατοξευθεὶς
3533 2027 3636 2079 ὑπὸ
3668 2028 3777 2080 τῶν
3803 2031 3957 2080 ὲναν-

2393 2114 2521 2165 τίων
2554 2114 2818 2185 ὑπομείνῃ
2861 2115 2956 2175 τὰς
2982 2114 3298 2182 ἀλγηδόνας,
3336 2116 3428 2168 καὶ
3463 2117 3535 2185 μὴ
3579 2119 3957 2188 παραχωρήσει

2394 2206 2459 2271 τῇ
2505 2202 2852 2273 ὀλιγοψυχίᾳ,
2883 2203 3194 2272 ἐπιμελείας
3241 2205 3436 2275 τυχὼν,
3485 2208 3576 2258 καὶ
3633 2207 3956 2276 ίατρευθεὶς,

2394 2293 2504 2357 ἕξει
2526 2294 2624 2356 τὰς
2648 2293 2806 2356 οὐλὰς
2821 2293 2927 2346 τῶν
2947 2296 3271 2365 τραυμάτων
3300 2298 3378 2359 είς
3403 2295 3666 2365 καύχησιν
3684 2296 3955 2367 ἀνδρεία;’

2395 2385 2565 2448 οὕτως
2612 2386 2704 2438 καὶ
2745 2386 2790 2437 οἱ
2823 2385 3118 2456 τρωθέντες
3170 2387 3319 2457 παρά
3375 2387 3468 2440 τοῦ
3500 2388 3693 2458 ἐχθροῦ
3734 2390 3829 2442 ἐὰν
3880 2392 3955 2458 μὴ

2396 2478 2726 2546 ἀκηδιὰσωσι
2744 2479 2868 2539 τοὺς
2897 2478 3089 2540 πόνους
3108 2479 3207 2547 τῆς
3238 2479 3537 2545 μετανοίας,
3569 2478 3955 2548 ἀναμφιϐόλως

2397 2567 2656 2629 σωθέντες
2686 2567 3047 2636 καυχήσονται
3067 2570 3122 2619 ὲν
3151 2567 3329 2639 ἡμέρᾳ
3358 2569 3593 2639 κρίσεως
3612 2588 3624 2599 ·
3654 2572 3682 2621 ὁ
3711 2571 3819 2637 γὰρ
3856 2572 3954 2621 ἀν-

2394 2659 2586 2728 δρεῖος,
2624 2658 2728 2710 κᾶν
2760 2660 2816 2709 ὲν
2858 2658 3133 2728 τραύμασι
3187 2660 3407 2729 γένηται
3435 2701 3449 2720 ,
3482 2660 3696 2721 πάντως
3742 2663 3952 2729 νικήσει

2396 2747 2490 2798 καὶ
2514 2746 2851 2815 τραυματίας
2883 2747 3202 2814 μαχόμενος.

2711 2835 2835 2886 sua
2877 2861 2941 2873 —
2974 2818 3271 2905 meoth
3319 2837 3635 2905 AIAKONI}.

2468 2925 2619 2977 Ὅσοι
2660 2924 2846 2995 ἀγάπῃ
2898 2924 3031 2977 Θεοῦ
3079 2926 3171 2978 ναὶ
3214 2925 3463 2995 προθέσει
3514 2927 3768 2995 εὐλογιῶν
3802 2930 3953 2981 πολι-

739 3022 917 3089 posito
964 3021 1130 3073 vitam
1183 3017 1493 3082 traducunt,
1537 3017 1589 3069 hi
1629 3016 1887 3071 dicuntur
1919 3033 2087 3088 prope
2135 3033 2293 3072 mon-

2396 3016 2655 3078 τεύονται,
2688 3013 2828 3070 οὗτοι
2873 3017 3111 3085 λέγονται
3146 3018 3395 3071 ἵστασθαι
3426 3019 3648 3089 πλησίον
3672 3021 3765 3074 τοῦ
3795 3022 3951 3091 ὅρους

740 3124 847 3163 tem
875 3108 1109 3162 Garizim
1143 3107 1469 3175 appellatum
1496 3114 1643 3159 stare
1666 3106 1707 3136 ⁸⁷
1739 3124 1752 3160 :
1787 3114 1842 3159 at
1886 3106 1977 3175 qui
2029 3122 2137 3160 non
2169 3120 2296 3176 pro-

740 3208 854 3268 pter
872 3197 1316 3260 benedictionem,
1339 3208 1391 3249 et
1410 3196 1725 3259 amicitiam,
1744 3204 1795 3248 et
1819 3195 2032 3249 laudem
2062 3195 2172 3259 Dei,
2200 3196 2294 3251 sed

739 3297 953 3357 propter
965 3302 1246 3354 pinnarum
1260 3285 1598 3338 decretarum
1614 3291 1814 3337 metum
1831 3284 1969 3337 bona
1986 3298 2146 3351 opera
2166 3298 2294 3337 con-

739 3382 955 3439 liciunt,
998 3378 1051 3429 hi
1104 3376 1363 3429 dicuntur
1393 3390 1616 3429 manere
1646 3390 1813 3443 prope
1843 3386 2077 3427 montem
2104 3373 2292 3437 llebal,

739 3469 793 3522 in
825 3485 934 3538 quo
968 3470 1100 3522 dirae
1149 3466 1330 3521 causa:
1379 3474 1549 3530 sunt,
1584 3481 1691 3519 non
1737 3473 1795 3517 ut
1848 3464 1984 3517 diris
2014 3464 2295 3531 suhjaceat

736 3559 829 3628 qui
882 3560 936 3612 in
984 3558 1149 3611 llebal
1176 3560 1355 3619 stetit,
1397 3556 1495 3611 sed
1537 3566 1596 3609 ut
1646 3554 1946 3609 horrendas
1993 3554 2112 3607 illas
2148 3554 2295 3608 diras

738 3649 1088 3715 conspiciens
1136 3646 1281 3700 omni
1328 3652 1527 3699 conatu
1564 3644 1669 3699 sibi
1710 3651 1902 3698 careat
1932 3685 1945 3708 ,
1997 3659 2063 3697 ne
2108 3644 2160 3697 in
2200 3658 2294 3697 cas

736 3736 1010 3791 concidat.
1402 3768 1405 3771 η

1136 3822 1319 3877 LXIX.
1360 3854 1427 3863 —
1465 3822 1881 3876 APIITIIONIO.

806 3917 881 3970 Ne
909 3927 1065 3984 putes
1087 3920 1360 3985 propheta:
1392 3915 1543 3969 Isaiae
1566 3930 1874 3970 sermonem
1907 3916 1958 3967 in
1985 3915 2292 3969 Sodomitas

736 4008 895 4076 dirigi
925 4022 939 4059 :
964 4026 979 4057 ι
1007 4006 1201 4058 Audite
1222 4008 1445 4058 verbum
1480 4005 1713 4068 Domini,
1738 4007 2009 4075 principes
2033 4008 2294 4059 Sodomo-

738 4113 857 4151 rum
881 4096 977 4148 δ’.»
1007 4096 1282 4163 Principes
1306 4096 1448 4149 enim
1471 4093 1805 4156 Judzeorum,
1830 4097 1920 4161 qui
1941 4110 2101 4161 Opere
2125 4096 2294 4147 Sodo-

740 4199 947 4237 morum
977 4184 1225 4235 libidines
1246 4221 1261 4245 ,
1284 4192 1337 4234 et
1364 4184 1471 4236 illis
1516 4184 1808 4250 subjectos,
1835 4183 2290 4248 obsecundantcs,

736 4274 1147 4335 :emulabantur,
1167 4286 1346 4324 sermo
1373 4271 1593 4338 respicit
1614 4292 1628 4323 :
1648 4275 1827 4323 statim
1845 4289 2071 4338 namque
2096 4275 2292 4327 subuc—

2395 3102 2488 3157 τοῦ
2540 3104 2790 3175 Γαρίζειν
2836 3107 3371 3177 προσαγορευομένου
3404 3124 3417 3138 ο
3458 3109 3570 3162 ὅσοι
3619 3110 3674 3162 δὲ
3718 3111 3839 3180 οὐχὶ
3887 3113 3956 3165 δι’

2397 3196 2663 3263 εὐλογίαν,
2697 3198 2790 3249 καὶ
2838 3197 3052 3265 φιλίαν,
3083 3198 3177 3250 καὶ
3222 3198 3439 3252 ἔπαινον
3492 3200 3585 3253 τοῦ
3634 3201 3789 3264 Θεοῦ,
3820 3202 3961 3256 ἀλλά

2394 3283 2482 3336 διὰ
2516 3284 2606 3336 τὸν
2640 3272 2811 3352 ’φόϐον
2836 3282 2944 3335 τῶν
2992 3284 3385 3352 ἀπειληθεισῶν
3414 3286 3683 3339 κολάσεων
3714 3289 3782 3340 τὰ
3817 3290 3963 3342 καλὲ

2396 3372 2726 3426 ἐπιτελοῦσιν
2763 3373 2922 3443 ἔργα,
2973 3368 3119 3425 οὗτοι
3170 3373 3417 3440 λέγονται
3457 3372 3593 3428 εἶναι
3642 3377 3805 3443 ἐγγὺς
3862 3377 3964 3431 τοῦ

2394 3464 2550 3531 ὄρους
2577 3463 2795 3524 Γαιϐἀλ,
2828 3465 2959 3515 ὅπου
2988 3465 3042 3515 αἱ
3074 3463 3305 3533 κατάραι
3339 3463 3617 3533 ἐδόθησαν,
3641 3466 3736 3535 οὐχ
3775 3466 3862 3518 ἵνα
3900 3469 3958 3519 ὲν

2396 3551 2610 3621 κατάρα
2645 3552 2868 3619 γένηται
2898 3553 2926 3603 ὁ
2966 3551 3206 3621 παράτῷ
3238 3552 3442 3605 Γαιϐἀλ
3467 3556 3700 3618 σταθεὶς,
3730 3556 3846 3608 ἀλλ’
3869 3558 3955 3609 La

2396 3645 2721 3713 θεασάμενος
2751 3644 2846 3706 τὰς
2878 3643 3113 3712 φοϐερὰς
3152 3645 3391 3715 κατάρας
3430 3646 3592 3700 παντὶ
3630 3648 3803 3701 σθένει
3855 3666 3958 3717 cpu-

2394 3733 2615 3804 λάξηται
2650 3733 2740 3785 τοῦ
2773 3734 2848 3803 μὴ
2884 3735 3197 3801 περιπεσεῖν
3220 3736 3429 3796 αὑταῖς.

2894 3822 3009 3876 39'.
3041 3853 3110 3863 -
3141 3823 3452 3894 assume.

2464 3916 2554 3985 Μὴ
2574 3913 2779 3984 νόμιζε,
2803 3915 2883 3967 ὃτι
2927 3914 3061 3984 πρὸς
3093 3915 3217 3975 τοὺς
3246 3914 3533 3981 Σοδομίτας
3558 3915 3898 3969 ἀποτείνεται
3930 3920 3960 3971 ὁ

2396 4006 2676 4073 προφήτης
2716 4003 2942 4063 ἰὶσαῖας
2991 4002 3195 4068 λέγων·
3236 4021 3252 4050 ι
3306 4001 3595 4053 Ἀκούσατε
3636 4002 3790 4069 λόγον
3841 4006 3959 4059 Κυ-

2397 4094 2531 4161 ρίου,
2560 4095 2817 4161 ἄρχοντες
2843 4092 3107 4159 Σοδόμων.
3149 4110 3167 4141 ι
3203 4090 3341 4160 Πρὸς
3390 4092 3496 4161 γὰρ
3529 4094 3651 4155 τοὺς
3689 4095 3959 4165 ἄρχοντας

2392 4184 2499 4237 τῶν
2530 4184 2806 4237 Ἰουδαίων
2849 4185 2877 4235 ὁ
2906 4183 3059 4249 λόγος
3096 4182 3274 4244 αὐτὸς,
3316 4182 3681 4251 μιμουμένους
3721 4189 3785 4254 τῇ
3816 4190 3959 4255 πρά-

2395 4277 2473 4340 ξει
2503 4276 2600 4340 τὰς
2628 4274 2735 4328 τῶν
2764 4273 3062 4345 Σοδομιτῶν
3093 4275 3527 4343 αίσχροπραγίας
3565 4277 3659 4327 σὺν
3685 4280 3795 4337 τοῖς
3823 4278 3959 4329 ὐπο-

736 4367 851 4418 etit:
879 4384 895 4414 ι
910 4363 1178 4416 Attendite
1193 4363 1292 4430 legi
1313 4360 1401 4414 Dei
1420 4359 1647 4429 populus
1665 4359 1993 4414 Gomorrhre.
2012 4362 2148 4424 Quid
2165 4365 2292 4415 mihi

2396 4368 2742 4432 τεταγμένοις
2764 4383 2775 4394 ·
2803 4366 2958 4424 εὐθὺς
2984 4366 3089 4430 γὰρ
3111 4364 3355 4431 ὲπιψέρει
3387 4380 3398 4392 ·
3430 4384 3446 4413 ι
3486 4364 3781 4432 Προσέχετε
3804 4366 3958 4434 νόμῳ

738 4456 894 4523 copia
928 4454 1323 4508 sacrificiorum
1344 4461 1650 4506 vestrorum
1672 4453 1693 4504 ’Ξ
1719 4452 1852 4505 dicit
1881 4452 2143 4507 Dominus
2174 4454 2240 4506 θ’,
2273 4472 2291 4503 ι

738 4546 804 4599 Ει
832 4559 1009 4599 tamen
1039 4544 1381 4597 manifestum
1413 4550 1496 4596 est
1546 4558 1650 4596 non
1695 4542 2037 4606 Sodomitas.
2096 4547 2297 4599 multo-

2395 4451 2526 4503 Θεοῦ
2577 4451 2703 4512 λαδς
2757 4450 3147 4519 1ὀμόρῤας.¹ι“ί
3203 4467 3290 4517 μοι
3349 4451 3548 4516 πλῆθος
3601 4452 3706 4502 τῶν
3754 4453 3958 4507 θυσιῶν

2395 4542 2580 4612 ύμῶν;
2616 4541 2760 4608 λέγει
2795 4540 3012 4609 Κύριος.
3047 4556 3063 4589 ι
3104 4538 3266 4606 Δῆλον
3295 4538 3371 4599 δὲ,
3400 4539 3479 4589 ὅτι
3510 4538 3628 4607 οὐχὶ
3649 4541 3956 4610 Σοδομῖται,

737 4651 847 4705 que
884 4649 1063 4687 minus
1112 4630 1518 4686 Gomorrhenos
1553 4648 1790 4701 unquam
1820 4674 1832 4697 ,
1878 4636 1969 4688 sed
2020 4634 2297 4691 Israelitas

2395 4636 2450 4687 οὐ
2475 4634 2530 4687 δὲ
2564 4634 2667 4703 μὴν
2711 4631 3045 4702 Γομορρηνοὶ
3079 4629 3316 4692 πώποτε,
3356 4629 3678 4700 Ἰσραηλῖται
3727 4633 3783 4684 δὲ
3812 4635 3959 4701 μᾶλ-

740 4726 922 4796 potius
954 4724 1060 4778 Deo
1089 4722 1358 4776 sacriﬁcia
1402 4722 1690 4775 obtulisse.
2077 4768 2082 4772 .

884 4813 1044 4867 LXX.
1078 4808 1399 4865 -ΟΑῘΝΑΞ
1440 4808 1789 4862 COPIARUM
1832 4809 2150 4864 DUCTOIII.

812 4902 993 4957 Multis
1054 4902 1369 4956 inanimatis
1400 4913 1692 4968 personam
1725 4898 1988 4952 divinitus
2031 4902 2295 4968 inspirata

2392 4726 2481 4776 λον
2508 4724 2583 4794 τῷ
2604 4723 2721 4792 Θεῷ
2750 4724 2843 4784 τὰς
2883 4722 3067 4782 θυσίας
3104 4720 3459 4789 προσέφερον.

2705 4816 2778 4864 0'.
2814 4842 2881 4851 -
2904 4812 3109 4881 ΓΑΙΝᾼ
3158 4812 3636 4881 ΣτΡΑτιιΑΑτῃ.

2462 4902 2637 4955 Πολλά
2685 4904 2774 4954 καὶ
2824 4903 2930 4954 τῶν
2980 4902 3199 4970 ἀψύχων
3254 4905 3686 4969 προσωποποιείν
3733 4899 3877 4958 οἶδεν
3918 4909 3952 4975 ἡ

741 4987 1023 5061 Scriptura
1057 4990 1221 5042 tradit
1248 5018 1275 5050 ,-
1306 4998 1365 5043 ut
1396 4986 1527 5042 illud
1561 5006 1574 5039 :
1609 5006 1627 5036 ι
1678 4985 1825 5039 Mare
1870 4987 2007 5039 dixit
2051 4989 2198 5049 hinc,
2246 4998 2298 5042 et

2395 4991 2736 5053 θεόπνευστος
2784 4990 2970 5061 Γραφὴ
2996 5031 3009 5053 ,
3038 4991 3113 5051 ὡς
3145 4992 3233 5043 τό·
3265 5007 3281 5038 ι
3324 4992 3386 5041 Ἥ
3417 4990 3654 5045 θάλασσα
3680 4988 3800 5047 εἷπε
3829 4997 3953 5048 τάδε

742 5085 889 5147 hzec;
919 5090 977 5134 et
1003 5082 1232 5149 abyssus
1266 5079 1399 5130 dixit
1425 5094 1439 5128 :
1472 5076 1513 5129 Ν
1534 5093 1599 5130 on
1628 5086 1709 5131 est
1736 5076 1790 5129 in
1824 5093 1905 5131 me
1928 5078 1993 5129 τ’).
2040 5096 2058 5128 ι
2093 5078 2154 5131 Ει
2180 5096 2295 5131 rur-

2395 5081 2486 5132 καὶ
2512 5080 2655 5145 τάδε,
2680 5083 2773 5133 καὶ
2804 5084 2836 5150 ὴ
2878 5079 3106 5139 ἄϐυσσος
3139 5074 3289 5130 εἶπεν
3318 5097 3331 5107 ·
3356 5078 3467 5130 υῦκ
3504 5079 3646 5133 ἔστιν
3679 5084 3738 5134 ὲν
3772 5086 3952 5151 ἐμοὶ.»

741 5189 835 5226 sus
867 5189 921 5223 ει
944 5169 1078 5223 Coeli
1110 5170 1482 5238 enarrant31
1504 5171 1727 5237 gloriam
1762 5169 1851 5223 Dei
1883 5170 1960 5233 “;
2000 5188 2017 5219 ι
2039 5177 2091 5222 et
2114 5171 2293 5237 gladio

2399 5170 2506 5221 Καὶ
2538 5170 2697 5223 πάλιν
2721 5187 2732 5199 ·
2773 5188 2790 5219 ι
2820 5168 3047 5237 Οὐρανοὶ
3093 5164 3399 5234 διηγοῦνται
3428 5169 3581 5235 δόξαν
3604 5156 3760 5224 Θεοῦ.
3795 5189 3814 5221 ι
3843 5174 3959 5226 Καὶ

744 5258 984 5327 praecipit
1024 5255 1283 5310 Dominus
1313 5299 1324 5319 ,
1362 5267 1418 5308 ut
1454 5272 1574 5309 sese
1600 5266 1653 5308 et
1685 5272 1883 5319 carne.
1919 5270 1973 5312 et
2024 5263 2292 5327 sanguine

2397 5263 2463 5329 τῇ
2496 5261 2732 5329 ῥομφαίᾳ.
2759 5256 3126 5311 διακελεύεται
3140 5256 3335 5326 Κύριος
3353 5259 3703 5330 ἐμφορεῖσθαι
3726 5260 3959 5330 κρέατός

636 5349 641 5354 ’
746 5344 1022 5413 impleret,
1070 5352 1123 5395 et
1178 5357 1206 5394 a
1248 5344 1523 5395 montibus
1572 5351 1625 5396 ct
1683 5344 1913 5400 collibus
1974 5348 2295 5402 saltationes

2402 5368 2460 5401 τε
2492 5353 2583 5402 καὶ
2627 5350 2883 5419 αἵματος*
2910 5348 3001 5399 καὶ
3030 5346 3128 5416 ὅρη
3159 5348 3248 5399 καὶ
3284 5346 3455 5415 βουνοί
3504 5349 3627 5412 τοὺς
3674 5350 3768 5417 τῆς
3805 5364 3964 5420 σκιρ..

813 5517 859 5549 ⁸⁸
894 5515 933 5569 ιι
963 5517 1087 5571 Cor.
1116 5517 1272 5580 tu,‘.’.
1348 5520 1391 5550 “
1420 5518 1602 5572 Mitth.
1645 5536 1714 5577 XI.
1752 5522 1835 5574 15.
1913 5526 1953 5555 ⁸⁷
1988 5524 2159 5579 Josue
2187 5540 2301 5580 illi.
2343 5528 2429 5579 55.

2506 5524 2549 5555 (⁸
2580 5525 2681 5579 lsa.
2715 5541 2749 5589 ι,
2791 5525 2875 5576 ID.
2979 5521 3021 5553 "
3056 5522 3190 5576 iliid.
3228 5523 3310 5577 II.
3413 5526 3456 5557 ⁷⁸
3483 5524 3586 5577 Job
3611 5540 3792 5589 XXVIII,
3851 5526 3940 5584 Η,

741 5587 786 5620 ⁷⁸
817 5583 959 5642 Psal.
999 5602 1151 5648 XVIII,
1186 5590 1233 5639 I.
2615 5631 2618 5635 .
