4134 6328
734 309 832 372 ιῖι

2164 305 2223 364 S.
2265 303 2424 364 NILI

3826 281 3954 346 I28

735 433 896 472 num.
927 418 986 470 In
1016 433 1073 471 se
1101 415 1219 484 ipso
1242 416 1443 482 itaque,
1466 423 1522 468 ut
1552 431 1716 484 supra
1738 415 1870 478 dixi,
1894 431 2004 474 rem
2035 423 2272 469 nostram

2406 414 2491 484 ῗίῷ
2536 412 2708 481 ἐν,τῷ
2751 411 2931 465 κτίσαι
2989 409 3056 461 τὰ
3097 409 3272 462 πάντα
3299 447 3312 469 ,
3339 405 3470 468 Θεὸς
3526 404 3582 456 δὲ
3620 399 3714 455 τοῦ
3747 399 3881 452 Υίοῦ
3911 399 3946 449 ὁ

734 507 983 561 Christus
1019 505 1243 572 eﬂingit.
1283 502 1526 578 Namque
1553 521 1652 558 nos
1681 506 1911 573 primum
1941 520 2159 558 eramus
2187 490 2280 556 de—

739 597 930 661 rcliCti,
965 594 1346 660 nuncaccepti
1377 605 1430 647 et
1455 594 1652 647 servati
1685 594 1817 646 nulli
1849 594 2086 662 passioni
2110 595 2281 646 obnu-

737 686 806 738 xii
824 685 1023 738 Christi
1055 685 1322 751 passione.
1349 682 1810 748 Quemadmodum
1832 691 1886 737 et
1918 683 2280 751 insipientiam

737 780 998 832 nostram,
1020 782 1072 826 et
1099 771 1283 841 lapsus
1304 773 1406 826 sibi
1435 772 1729 835 ascisceus,
1761 773 1872 825 haec
1891 786 1983 840 per
2014 760 2280 840 psalmum

738 860 982 912 enuntiat
1016 878 1027 888 -
1065 854 1406 913 manifestum
1441 862 1586 914 enim
1626 870 1709 912 est
1781 861 2049 936 psalmum
2093 858 2285 913 vicesi-

744 963 886 1000 mum
928 947 1032 1016 55
1066 949 1294 1016 primum
1335 949 1400 1001 ad
1433 947 1712 1003 Christum
1760 947 1973 1001 referri.
2027 945 2285 1015 Ejusdem

740 1039 1128 1105 speculatiunis
1155 1046 1258 1099 est,
1299 1037 1568 1100 eumdem,
1601 1053 1663 1091 ex
1701 1037 1901 1105 quibus
1938 1052 2130 1106 passus
2179 1044 2284 1101 est,

741 1128 1098 1181 obedientiam
1128 1127 1407 1191 didicisse,
1451 1140 1508 1182 ut
1546 1129 1620 1182 ait
1650 1127 1946 1197 Apostolus
1968 1129 2052 1193 ¹⁶;
2083 1129 2288 1182 clamor

740 1217 920 1280 etiam,
953 1227 1002 1270 et
1036 1217 1306 1287 lacrymte,
1331 1228 1382 1270 et
1416 1216 1623 1285 preces,
1645 1227 1696 1269 et
1725 1201 2030 1276 exauditio,
2055 1225 2107 1269 ct
2136 1230 2289 1270 reve-

743 1309 933 1372 rentia,
967 1323 1086 1376 qua:
1114 1309 1258 1361 velut
1290 1307 1481 1360 alienae.
1529 1305 1724 1358 fabulae
1775 1313 1929 1358 actor
1960 1306 2132 1358 aliena
2172 1321 2295 1375 per-7

744 1412 879 1450 sona
920 1405 1133 1464 sumpta
1171 1395 1356 1458 refert,
1391 1403 1447 1448 et
1490 1409 1586 1470 pro
1617 1394 1774 1447 nobis
1805 1394 1940 1448 mire
1981 1394 2191 1448 intexit.
2227 1394 2296 1449 Ut

745 1488 888 1538 enim
920 1487 1145 1538 verbum
1174 1499 1348 1552 neque
1381 1484 1791 1551 subjiciebatur,
1828 1499 2000 1570 neque
2046 1499 2150 1536 non
2199 1499 2297 1536 au-

747 1571 1037 1626 dit-batur:
1070 1572 1181 1625 haec
1202 1572 1342 1624 enim
1369 1573 1586 1640 propria
1618 1579 1744 1626 sunt
1773 1587 1980 1633 eorum,
2005 1572 2097 1640 qui
2121 1573 2298 1625 alieno

749 1661 992 1713 dominio
1039 1668 1377 1728 premuntur,
1427 1670 1482 1713 et
1529 1650 2013 1730 secundasvpartes
2066 1663 2295 1725 habent;

753 1749 883 1802 illud
903 1750 1117 1818 quidem
1159 1751 1391 1805 sanioris
1419 1752 1696 1804 hominum
1753 1752 1982 1811 mentis.
2031 1751 2132 1803 hoc
2171 1767 2298 1804 vero

752 1853 963 1898 eorum,
995 1840 1086 1906 qui
1113 1841 1261 1908 digni
1302 1832 1759 1908 punitioue'sunt.
1809 1840 1982 1894 Porro
2028 1853 2084 1893 ut
2128 1840 2300 1894 forma

755 1929 895 1982 servi
929 1929 1166 1996 seipsum
1199 1944 1301 1982 una
1324 1945 1447 1982 cum
1471 1931 1748 1984 censervis
1768 1939 1822 1985 et
1846 1933 2022 1985 servis
2036 1932 2299 1996 demittit,

755 2023 810 2067 et
840 2015 983 2083 quod
1011 2015 1238 2067 aliorum
1279 2024 1382 2079 est,
1427 2015 1479 2067 in
1526 2031 1584 2069 se
1616 2015 1884 2076 en‘ormat,
1921 2025 2089 2070 totum
2124 2032 2208 2071 me
2247 2018 2301 2070 in

715 2125 719 2128 ·
758 2104 933 2170 seipse
966 2103 1141 2158 ferens
1173 2094 1294 2157 cum
1334 2105 1490 2167 meis,
1528 2113 1586 2157 ut
1619 2106 1670 2158 in
1713 2105 1895 2176 seipso
1944 2107 2086 2160 sicut
2123 2121 2302 2162 ceram

761 2189 945 2257 ignis,
994 2197 1083 2240 aut
1130 2196 1286 2242 term
1336 2203 1588 2256 vaporem
1642 2191 1743 2252 sol,
1786 2191 1930 2258 quod
1990 2188 2149 2260 pejus
2197 2204 2303 2254 est,

763 2266 1032 2343 absumat,
1067 2278 1287 2346 ipseque
1312 2293 1522 2340 eorum,
1543 2293 1662 2346 qua!
1692 2278 1836 2331 illius
1859 2289 2004 2344 sunt,
2038 2280 2308 2348 particeps
2352 2273 2353 2276 “

767 2374 984 2434 propter
1012 2365 1440 2420 commistionem
1485 2352 1628 2419 liani.
1671 2366 1961 2436 PrOpterea
1989 2360 2151 2436 opere
2190 2367 2309 2434 ipso

766 2456 1126 2522 obedientiam
1151 2456 1420 2522 honestat,
1447 2456 1700 2526 illiusque
1729 2457 1980 2523 passione
2003 2456 2120 2526 ipsa
2149 2470 2312 2524 expe-

768 2548 1051 2601 rimentum
1088 2547 1252 2617 capit.
1284 2544 1465 2615 Neque
1503 2546 1646 2601 enim
1677 2548 1811 2600 satis
1842 2554 1925 2600 est
1951 2544 2308 2613 propositum.

768 2634 1217 2702 quemadmodum
1244 2649 1417 2701 neque
1447 2634 1627 2698 nobis,
1659 2636 1763 2689 nisi
1790 2651 1885 2705 per
1909 2649 2070 2703 opera
2093 2633 2312 2705 gradia-

773 2701 909 2774 mur.
939 2720 1086 2790 Opus
1115 2722 1255 2775 enim
1295 2730 1380 2776 est
1410 2723 1672 2791 prepositi
1700 2701 2167 2783 cornuiioitstratio.
2262 2701 2273 2713 ί

1043 2810 1174 2865 Cl”.
1212 2839 1270 2850 -—
1295 2809 1548 2866 EUTIIIO
1581 2809 2036 2866 PROVINCIALI.

840 2897 942 2962 Qui
975 2907 1027 2953 te
1064 2915 1266 2954 mceror
1302 2900 1534 2966 invasit;
1574 2901 1833 2967 gaudium
1855 2902 2061 2968 ingens
2091 2900 2186 2953 tibi
2221 2901 2315 2954 de-

2382 504 2567 574 Πατὴρ
2597 502 2835 569 λέγεται,
2866 499 3006 552 κατὰ
3027 499 3124 568 τὴν
3162 498 3421 566 ἔνσαρκον
3448 493 3772 562 οίκονομίαν.
3794 489 3942 541 Ὠσ-

2382 609 2487 663 περ
2531 593 2706 644 τοίνυν
2746 590 3067 659 προείρηκα,
3100 589 3154 638 ὲν
3188 583 3363 652 ἑαυτῷ
3410 586 3438 635 ὁ
3487 581 3718 650 Χριστὸς
3768 579 3946 631 τυποῖ

2382 683 2441 734 τὺ
2463 676 2752 750 ἡμέτερον,
2772 680 2956 746 Ἡμεῖς
2975 678 3081 744 γάρ
3110 679 3272 745 ἐσμεν
3302 675 3351 726 οἱ
3377 667 3946 740 ὲγκαταλελειμμένοι

2385 769 2595 842 πρώην,
2635 769 2729 822 νῦν
2763 769 2819 821 δὲ
2841 766 3312 837 προσειλημμένοι,
3345 765 3439 816 καὶ
3469 758 3795 826 σεσωσμένοι
3822 759 3947 818 τοῖς

2380 862 2479 916 τοῦ
2502 860 2742 924 ἀπαθοῦς
2770 858 3002 930 Χριστοῦ
3035 856 3282 910 πάθεσιν.
3313 855 3522 922 Ὠσπερ
3542 850 3636 902 καὶ
3654 848 3749 916 τὴν
3766 849 3950 914 ἀφρο-

2389 953 2552 1022 σύνην
2584 946 2756 1020 ἡμῶν,
2796 950 2890 1022 καὶ
2924 948 2989 1000 ,τὸ
3020 944 3333 1014 πλημμελὲς
3383 940 3751 1007 οἰκειούμενος
3764 935 3953 1000 ταῦτα

2385 1044 2474 1098 διὰ
2505 1042 2598 1096 τοῦ
2619 1041 2830 1110 ψαλμοῦ
2865 1055 2993 1108 φησι
3021 1055 3033 1068 ·
3071 1035 3257 1104 ἐπειδὴ
3291 1031 3552 1102 πρόδηλος
3582 1025 3948 1096 είςιΧριστὸν

2388 1133 2416 1184 ὀ
2453 1129 2693 1191 είκοστδς
2736 1127 2953 1198 πρῶτος
2998 1122 3208 1192 ψαλμδς
3240 1119 3585 1189 ἀναφέρεται.
3617 1115 3729 1184 Τῆς
3751 1114 3808 1166 δὲ
3843 1112 3955 1164 αὑ-

2390 1218 2486 1287 τῆς
2527 1218 2706 1286 ἔχεται
2745 1216 2972 1282 Θεωρίας
3000 1212 3092 1264 καὶ
3129 1210 3190 1262 τὸ
3234 1208 3439 1278 μαθεῖν.
3473 1206 3634 1258 αὑτὸν
3682 1203 3779 1272 τὴν
3836 1203 3954 1254 ὑπ-

2402 1309 2569 1378 ακοὴν
2622 1304 2682 1369 ἐξ
2721 1298 2793 1356 ὧν
2830 1303 3052 1363 ἔπαθεν,
3103 1292 3288 1367 ὥσπερ
3330 1296 3493 1365 φησὶν
3535 1295 3564 1345 ὁ
3603 1291 3956 1354 ’Δπόστολος,

2391 1400 2426 1466 ἦ
2471 1416 2529 1450 τε
2572 1394 2807 1464 κραυγὴ,
2855 1394 2948 1446 καὶ
2978 1393 3045 1446 τὰ
3094 1390 3322 1458 δάκρυα,
3381 1387 3470 1438 καὶ
3523 1385 3584 1436 τὸ
3644 1381 3955 1443 ἱκετεῦσαι,

2396 1487 2575 1541 καὶτὸ
2607 1484 3041 1552 είσακουσθῆναι.
3086 1481 3180 1532 καὶ
3226 1478 3287 1529 τὸ
3355 1475 3595 1536 εὐλαϐὲς,
3652 1473 3792 1541 ἅπερ
3812 1471 3958 1540 δρα-

2399 1580 2788 1648 ματουργείται
2816 1616 2832 1637 ,
2897 1575 2990 1627 καὶ
3080 1555 3332 1638 πλέκεται
3425 1564 3735 1634 θαυμασίοις
3805 1562 3960 1630 ὑπὲρ

2399 1659 2574 1740 ήμῶν.
2609 1669 2696 1731 Ὠς
2741 1668 2836 1735 μὲν
2888 1664 2994 1733 γὰρ
3025 1663 3199 1730 λόγος,
3247 1658 3372 1712 οὔτε.
3419 1658 3651 1725 ὑπήκοος
3696 1649 3786 1723 ἦν,
3822 1651 3962 1705 οὔτε

2401 1759 2628 1830 ἀνήκοος
2651 1773 2667 1789 ο
2716 1757 2822 1808 τῶν
2851 1756 2956 1823 γὰρ
3001 1756 3103 1808 ὑπὸ
3127 1757 3279 1826 χεῖρα
3304 1751 3473 1804 ταῦτα
3501 1749 3594 1801 καὶ
3632 1747 3737 1800 τῶν
3762 1745 3960 1797 δευτέ-

2401 1865 2528 1918 ρων,
2566 1846 2626 1899 τὸ
2656 1845 2751 1914 μὲν
2779 1845 2884 1898 τῶν
2918 1842 3447 1913 εύγνωμονεστέρων,
3475 1838 3535 1890 τὸ
3563 1837 3619 1889 δὲ
3648 1834 3753 1887 τῶν
3781 1833 3965 1898 ἀξίων

2401 1937 2688 1998 κολάσεως.
2745 1935 2831 1997 Ὠς
2859 1935 2913 1988 δὲ
2951 1935 3134 1986 δούλου
3172 1931 3369 2003 μορφὴ,
3400 1925 3816 1996 συγκαταβαίνει
3839 1926 3962 1984 τοῖς

2399 2026 2723 2095 ὁμοδούλοις,
2755 2026 2846 2077 καὶ
2875 2023 3095 2086 δούλοις,
3136 2023 3226 2074 καὶ
3254 2019 3547 2090 μορφοῦται
3570 2016 3630 2067 τὸ
3650 2013 3960 2081 ἀλλότριον,

2402 2118 2518 2170 ὅλον
2576 2117 2634 2168 ὲν
2666 2114 2842 2182 ἐαυτῷ
2888 2114 2987 2183 ἐμὲ
3034 2111 3214 2180 φέρων
3249 2109 3384 2179 μετὰ
3412 2107 3518 2160 τῶν
3559 2104 3726 2174 ἐμῶν,
3774 2104 3861 2153 ἵνα
3898 2105 3963 2152 ὲν

2405 2202 2581 2270 ἑαυτῷ
2624 2201 2906 2268 δαπανήσῃ
2938 2199 2997 2250 τὸ
3019 2192 3217 2266 χεῖρον,
3252 2197 3325 2255 ὡς
3353 2194 3518 2262 κηρὸν
3547 2191 3678 2261 πῦρ,
3703 2190 3736 2257 ἢ
3765 2190 3840 2248 ὡς
3869 2190 3965 2239 ἀτ-

2409 2290 2532 2356 μίδα
2569 2289 2669 2356 γῆς
2693 2288 2859 2356 ἥλιος,
2883 2280 3035 2352 κάγὼ
3066 2281 3348 2352 μεταλάὸω
3369 2281 3477 2333 τῶν
3506 2279 3713 2332 ἐκείνου
3746 2277 3832 2329 διὰ
3855 2279 3967 2346 τὴν

2409 2380 2725 2447 σύγκρασιν.
2774 2375 2870 2427 Διὰ
2927 2374 3081 2425 τοῦτο
3128 2372 3273 2441 ἔργῳ
3328 2372 3463 2440 τιμᾷ
3533 2370 3630 2437 τὴν
3679 2368 3959 2434 ὑπακοὴν,

2409 2471 2500 2524 καὶ
2529 2469 2782 2536 πειρᾶται
2813 2465 3014 2530 ταύτης
3044 2465 3106 2516 ὲκ
3139 2463 3230 2515 τοῦ
3249 2462 3456 2514 παθεῖν.
3493 2462 3567 2513 Ub
3583 2461 3689 2526 γὰρ
3717 2457 3903 2511 ἱκανὸν
3930 2460 3964 2525 ἡ

2407 2539 2888 2626 διάθεσις,’ὦσπερ
2930 2555 3048 2607 οὐδὲ
3078 2555 3226 2622 ἡμῖν,
3251 2554 3299 2604 εί
3335 2551 3409 2620 μὴ
3451 2550 3536 2602 διὰ.
3560 2549 3665 2617 τῶν
3696 2548 3968 2617 πραγμά-

2409 2649 2516 2702 τῶν
2563 2647 2915 2717 χωρήσωμεν.
2953 2644 3150 2711 Ἔργον
3189 2640 3295 2710 γὰρ
3339 2638 3609 2727 ἀπόδειξις
3646 2636 3967 2698 διαθέσεως.

2756 2813 2874 2865 Pl".
2908 2799 3197 2892 —‘Ejrem
3241 2808 3607 2878 ΕΠΑΡΧΙΚῼ.

2494 2905 2558 2955 'H
2582 2891 2833 2970 συμϐᾶσά
2878 2917 2960 2951 σοι
2997 2891 3138 2966 λύπη
3175 2899 3346 2969 χαρὰν
3391 2899 3629 2968 μεγάλην
3672 2898 3974 2967 μνηστεύε-

672 3005 683 3009 ·
776 2995 1020 3054 sponsat,
1050 2987 1158 3042 imo
1184 2997 1238 3044 et
1261 2990 1455 3042 erratis
1486 2989 1592 3042 tuis
1627 2987 1994 3041 abundantem
2035 2988 2306 3065 rcttiiss'iOf

2416 3009 2525 3054 ται,
2565 2990 2696 3071 ἀλλὰ
2721 2989 2814 3041 καὶ
2851 2989 3046 3062 ἄφεσιν
3071 2988 3257 3056 ἱκανὴν
3295 2986 3541 3056 προξενεῖ
3569 2985 3687 3042 ,τῶν
3724 2985 3976 3044 διεπταιο

778 3093 898 3131 nem
927 3079 1204 3132 conciliat.

1085 3167 1220 3222 CIV.
1252 3197 1316 3206 —
1345 3164 1662 3220 CAPITONI
1712 3164 2020 3223 DIACONO.

849 3257 988 3312 Dicit
1019 3257 1283 3312 Jeremias
1316 3257 1574 3325 propheta
1602 3271 1665 3309 ex
1701 3241 1941 3324 persona-
1974 3257 2066 3311 Dei
2109 3257 2321 3312 delictis

784 3348 980 3400 sauciae
1014 3355 1066 3401 et
1117 3347 1264 3416 lepra
1314 3347 1500 3399 obsita:
1547 3347 1739 3398 animae
1787 3365 1799 3398 :
1860 3365 1878 3397 ι
1921 3347 2062 3401 Ecce
2103 3362 2203 3416 ego
2245 3348 2321 3400 illi

786 3435 1068 3489 cicatrices
1100 3437 1332 3501 obduco,
1359 3440 1694 3505 apportoque
1731 3435 2049 3500 remedium,
2078 3439 2323 3505 etntedi-

779 3525 923 3584 -cabo
953 3539 1092 3586 eam,
1129 3533 1182 3578 et
1213 3525 1569 3580 manifestabo
1603 3525 1730 3594 ipsis
1773 3540 1985 3593 pacem,
2021 3525 2130 3596 56
2162 3534 2215 3580 et
2263 3527 2325 3580 li-

791 3611 935 3677 dem,
962 3619 1015 3665 et
1041 3627 1147 3665 non
1177 3614 1506 3668 recordabor
1537 3615 1768 3683 amplius
1805 3622 2172 3683 peccatorum,
2211 3631 2328 3684 qua:

794 3711 1151 3769 peccaverunt
1187 3704 1315 3756 mihi
1343 3705 1408 3758 ".
1449 3724 1467 3756 ι
1514 3706 1646 3758 Illud
1681 3713 1886 3767 autem,
1934 3707 2202 3760 cicatrices
2237 3707 2328 3759 ob-

793 3793 1000 3856 ducam,
1238 3797 1610 3861 percommode
1651 3795 2012 3863 applicabitur
2057 3797 2238 3865 leprae,
2275 3799 2327 3849 in

796 3881 1028 3936 Levitico
1055 3873 1337 3955 descripta:
1366 3885 1428 3934 ".
1457 3884 1666 3948 Quibus
1693 3899 1820 3938 vero
1868 3885 2004 3939 Deus
2045 3886 2329 3941 cicatrices

796 3971 1032 4036 obducit,
1075 3983 1130 4027 et
1175 3973 1376 4050 quibus
1407 3974 1681 4035 medetur,
1729 3974 1796 4028 iis
1847 3983 1903 4027 et
1930 3976 2328 4045 cogitationum

798 4074 1002 4126 pacem,
1040 4069 1092 4116 et
1129 4060 1286 4116 fidem
1339 4063 1469 4115 nulli
1522 4063 1849 4135 haesitationi
1899 4065 2206 4128 obnoxiam,
2238 4063 2329 4118 sed

799 4149 1029 4212 ﬁrmam,
1055 4166 1119 4205 ac
1147 4152 1391 4205 stabilem
1426 4143 1757 4205 manifestat.
1789 4152 1995 4216 Quibus
2035 4154 2214 4220 itaque
2251 4153 2330 4205 ci-

799 4237 1027 4290 catrices
1058 4237 1301 4290 obducta:
1323 4245 1485 4300 sunt,
1511 4239 1582 4301 ii,
1604 4243 2032 4297 utmanifestutn
2075 4251 2180 4306 est,
2211 4257 2332 4311 per-

2421 3081 2628 3150 σμὲνων
2656 3097 2756 3132 σοι.
3487 3137 3501 3145 _

2719 3168 2834 3221 PA'.
2861 3196 2930 3206 --
2961 3165 3292 3219 κΑΠιΤοΝι
3332 3163 3649 3232 ΔΙΑΚΟΝῼ.

2487 3260 2650 3329 Φησὶν
2683 3260 2943 3328 Ἱερεμίας
2969 3261 2996 3311 ὁ
3022 3259 3302 3328 προφήτης
3319 3258 3382 3308 ἐκ
3410 3246 3696 3325 προσώπου
3724 3252 3816 3306 τοῦ
3832 3251 3978 3305 Θεοῦ

2405 3351 2555 3418 πρὸς
2581 3349 2679 3419 τὴν
2721 3352 2841 3412 ταῖς
2899 3347 3189 3417 ἁμαρτίαις
3217 3344 3701 3416 τραυματωθεῖσαν
3753 3343 3847 3396 καὶ
3884 3343 3981 3395 λε-

2423 3441 2728 3510 πρωθεῖσαν
2771 3439 2982 3507 ψυχήν·
3021 3456 3039 3487 ι
3080 3437 3207 3488 Ἰδοὺ
3248 3433 3359 3501 ἐγὼ
3413 3434 3596 3501 ἀνάγω
3649 3432 3981 3485 συνούλωσιν

2424 3534 2580 3600 αὐτῇ,
2611 3531 2702 3583 καὶ
2729 3530 2884 3597 ἴαμα,
2911 3528 3003 3580 καὶ
3027 3525 3297 3595 ,ἰατρεύσω
3323 3525 3509 3592 αὐτὴν,
3553 3524 3645 3575 καὶ
3676 3522 3982 3592 φανερὼσω

2427 3623 2603 3681 αὐτοῖς
2627 3621 2865 3688 είρήνην,
2904 3617 2995 3670 καὶ
3033 3616 3229 3678 πίστιν,
3267 3616 3359 3667 καὶ
3393 3616 3453 3666 ὸύ
3501 3614 3573 3682 μὴ
3611 3612 3828 3683 μνησθῶ
3865 3613 3983 3664 τῶν

2426 3707 2723 3779 ἁμαρτιῶν,
2753 3701 2824 3762 ὧν
2844 3703 3086 3775 ἦμαρτόν
3125 3708 3231 3772 μοι.
3269 3722 3286 3752 ι
3324 3704 3413 3767 ἰ’ὸ,
3459 3702 3585 3755 ἰδοὺ
3625 3702 3740 3754 νῦν
3777 3701 3983 3769 ἀγάγω

2427 3800 2825 3861 συνούλωσιν,
2866 3797 3130 3867 χρήσιμόν
3166 3797 3279 3847 ἐστι
3311 3794 3723 3864 παραληφθῆναι
3762 3794 3840 3854 εἰς
3877 3793 3979 3862 τὴν

2428 3888 2639 3959 λέπραν
2653 3889 2708 3940 ἐν
2721 3887 2795 3956 τῷ
2809 3883 3074 3954 Λευῖτικῴ
3091 3901 3257 3953 γεγρα
3267 3886 3492 3954 μμένην.
3507 3879 3598 3944 Οἷς
3619 3882 3672 3932 δὲ
3683 3880 3850 3942 ὁΘεὸς
3876 3881 3978 3950 τὴν

2432 3978 2748 4030 συνούλωσιν
2777 3977 2985 4044 ἀνάγει,
3021 3977 3113 4028 καὶ
3145 3975 3236 4037 οὓς
3263 3973 3514 4043 ἰατρεύει,
3536 3972 3742 4032 τούτοις
3768 3972 3860 4023 καὶ
3879 3971 3982 4039 τὴν

2430 4069 2648 4138 εἰρήνην
2679 4067 2777 4135 τῆς
2803 4066 3055 4128 διανοίας,
3104 4066 3198 4120 καὶ
3218 4064 3312 4134 τὴν
3341 4063 3519 4115 πίστιν
3542 4062 3639 4132 τὴν
3665 4060 3985 4113 ἀδίστακτον

2431 4156 2525 4209 καὶ
2575 4155 2888 4225 στερεμνίαν
2937 4155 3172 4223 φανεροῖ.
3218 4154 3279 4204 Οἱ
3327 4151 3502 4203 τοίνυν
3535 4149 3982 4212 συνουλωθέντες,

2430 4247 2582 4313 δῆλον
2608 4247 2686 4298 ὅτι
2715 4246 2774 4298 τὸ
2810 4245 2985 4297 τέλεον
3008 4226 3363 4312 καθαρθέντες
3392 4242 3487 4311 τὴν
3505 4239 3696 4310 ψυχὴν,
3731 4239 3792 4290 τὸ
3823 4239 3986 4307 χάρι-

803 4324 942 4402 [eote
989 4326 1166 4378 anima
1214 4326 1455 4394 purgati,
1500 4326 1698 4380 donum
1717 4323 1729 4395 ς
1752 4328 2206 4394 impassibilitatis
2251 4347 2306 4386 re

2406 4351 2411 4379 >
2440 4350 2549 4400 σμα
2573 4336 2670 4402 τῆς
2696 4333 2964 4395 ἀπαθείας
2991 4331 3321 4400 κομίζονται.
3396 4390 3399 4391 ν

803 4417 1040 4480 portant.

1349 4499 1457 4554 CV.
1485 4531 1553 4540 —
1577 4501 1778 4557 Eidem.

872 4584 1038 4639 Etiam
1071 4602 1162 4655 per
1196 4587 1323 4650 vim,
1357 4595 1534 4644 mente
1555 4584 1664 4641 tibi
1700 4588 1959 4658 diligendi
1989 4601 2137 4653 sunt,
2165 4589 2256 4657 qui
2291 4589 2345 4644 in

805 4675 1096 4731 invidentia
1128 4678 1428 4740 hominum,
1463 4689 1516 4733 et
1553 4679 1679 4733 odio
1718 4688 1868 4734 sunt.

1341 4783 1470 4839 CVI.
1507 4816 1570 4824 —
1606 4783 1810 4837 Eidem.

876 4891 1164 4947 invidentia
1194 4903 1505 4963 serpentum
1539 4895 1732 4959 instar,
1759 4903 1812 4947 et
1841 4891 2217 4959 amaritudine,
2239 4896 2348 4949 odii

809 4983 1007 5036 tinetus
1046 4997 1107 5036 cs
1147 5001 1162 5035 :
1210 4984 1304 5037 sed
1347 4985 1515 5039 habes
1558 4977 1760 5053 lignum
1811 4978 2100 5052 pretiOsam
2138 4984 2349 5039 Domini

808 5085 1046 5135 crucem,
1099 5088 1216 5140 quae
1269 5073 1560 5128 dummodo
1611 5076 1775 5138 velis,
1829 5089 2063 5127 amaram
2141 5090 2350 5128 morum

813 5170 1027 5214 tuorum
1074 5175 1268 5228 aquam
1300 5159 1364 5212 in‘
1397 5161 1608 5214 dulcem
1655 5171 1865 5216 vertere
1897 5170 2092 5232 potest.
2123 5161 2254 5215 Nam
2292 5175 2348 5217 et

817 5265 1041 5319 magnus
1081 5249 1288 5320 Moyses
1316 5251 1357 5280 ³⁷
1387 5249 1586 5317 lignum
1637 5249 1960 5320 imtnergens
1991 5252 2044 5305 in
2077 5253 2353 5307 amarissi-

819 5351 958 5405 mam
998 5337 1141 5392 Mara
1167 5353 1379 5408 aquam,
1415 5337 1600 5391 subito
1627 5335 1859 5401 dulcem,
1892 5347 1946 5392 et
1985 5340 2346 5409 perplacidam

821 5425 1012 5480 eﬂ'ecit.
1463 5428 1467 5433 '

2932 4499 3050 4549 PE'.
3086 4525 3153 4535 —-
3190 4495 3270 4559 Τῷ
3302 4492 3479 4558 αὐτῷ.

2508 4587 2625 4658 Χρή
2662 4602 2719 4638 σε
2769 4585 3045 4655 βιάζεσθαι
3097 4586 3189 4638 καὶ
3232 4585 3401 4652 φιλεῖν
3447 4581 3584 4634 κατᾶ
3617 4579 3710 4648 τὴν
3751 4579 3993 4634 διάνοιαν.

2370 4706 2372 4709 -
2440 4678 2564 4739 τοὺς
2588 4676 2974 4745 φθονουμένους
3005 4674 3338 4744 ἀνθρώπους.

2939 4783 3072 4848 ΡΕΓ.
3101 4810 3169 4821 -
3193 4780 3274 4846 Τῷ
3298 4777 3473 4844 αὐτῷ.

2523 4888 2759 4959 Ἐὁὰφης
2807 4889 2896 4941 τὸν
2944 4878 3199 4957 λογισμὸν
3249 4886 3325 4954 τῷ
3369 4883 3586 4954 ὀφιώδει
3614 4884 3790 4955 φθόνῳ
3831 4887 3899 4956 τῇ
3936 4901 3992 4937 τε

2445 4963 2638 5048 πιῖιρίᾳ
2662 4983 2758 5048 τῆς
2810 4977 3130 5047 βασκανίας·
3181 4976 3293 5030 ἀλλ’
3318 4979 3459 5047 ἒχεις
3501 4975 3657 5040 ξύλον
3693 4977 3875 5046 τίμιον
3911 4975 3993 5028 σὸν

2449 5069 2674 5137 σταυρὸν
2701 5069 2794 5121 τοῦ
2821 5068 3045 5136 Κυρίου,
3072 5068 3165 5120 ἐὰν
3195 5067 3442 5138 θελήσῃς,
3467 5066 3757 5136 δυνάμενον
3786 5065 3991 5132 γλυκᾶ-

2450 5176 2535 5212 ναι
2560 5159 2840 5231 τὸιπικρὸν
2867 5157 3009 5227 ὕδωρ
3033 5156 3123 5209 τοῦ
3156 5157 3314 5227 ήθους
3344 5174 3456 5209 σου.
3492 5157 3599 5210 Καὶ
3630 5155 3739 5225 γὰρ
3763 5158 3790 5207 ὁ
3822 5154 3990 5223 μέγας

2451 5249 2650 5318 Μωσῆς
2684 5248 2835 5312 ξύλον
2871 5247 3119 5316 ὲμ-ὅαλὼν
3156 5249 3234 5308 είς
3274 5247 3333 5300 τὸ
3366 5247 3686 5318 πικρότατον
3726 5244 3866 5310 ὓδωρ
3896 5242 3989 5307 τῆς
4046 5281 4055 5284 κ-

2449 5340 2692 5409 Μερρᾰς,
2732 5339 2902 5406 γλυκὺ
2948 5337 3174 5408 εὐθέως,
3208 5338 3302 5389 καὶ
3357 5322 3619 5408 προσηνές
3676 5335 3794 5387 λίαν
3837 5330 3996 5383 τοῦτο

2451 5431 2551 5482 ἀπε
2560 5429 2830 5498 ιργάσατο.

892 5547 936 5576 ’δ
984 5546 1138 5602 llcbr.
1167 5566 1228 5616 v,
1260 5553 1310 5605 8.
1387 5553 1430 5583 ’⁵
1502 5550 1695 5606 Jcretn.
1727 5567 1913 5616 nam,
1946 5551 2060 5607 6-8.
2134 5555 2176 5586 ³⁸
2209 5554 2379 5609 Lex-it.
2409 5567 2528 5620 xm,
2582 5554 2668 5608 Η.
2744 5557 2785 5588 ³⁷
2823 5553 2986 5608 Exod.
3024 5549 3218 5618 “3‘25.
