4134 6328
166 340 254 401 129~
1299 328 1798 388 EPISTOLARUII

1671 328 1830 388 RUM
1868 329 2014 388 LIB.
2048 330 2096 389 Ι.
2740 337 2746 341 “
3204 323 3303 386 130

409 443 523 494 PZ'.
556 469 626 481 ——
657 439 1024 508 ΖΩΣΙΜῙΑΝῼ
1057 437 1366 508 ΜΟΝΑΧῼ.
1690 438 1758 496 A’
1798 441 1805 447 ’
2019 437 2041 490 (

1690 438 1758 496 A’
1798 441 1805 447 ’
2019 433 2175 490 CVII.
2205 463 2270 472 -—
2303 427 2671 486 SOSIMIANO
2715 426 3059 484 blONACI-IO.

212 554 228 585 r
258 531 427 598 ’ίῙμεῖς
449 528 526 588 δέ,
557 528 722 597 φησὶν
748 527 776 578 δ
803 527 953 595 ἅγιος
969 527 1222 596 Μωῦσῆς,
1241 526 1338 578 οὐχ
1367 525 1587 590 οἴδαμεν
1605 525 1654 576 τί
1833 544 1844 573 ι

1833 543 1850 573 ι
1889 524 1998 579 Nos
2029 540 2179 584 vero.
2211 523 2286 576 ait
2316 531 2536 577 sanctus
2569 521 2800 590 Moyses,
2853 519 3121 574 nescimus
3169 520 3299 587 quid

157 625 359 690 Θύσωμεν
388 618 591 689 Κυρίῳ,
623 616 727 680 ἕως
754 617 846 670 τοῦ
873 618 1198 686 πορευθῆναι
1221 618 1364 687 ἡμᾶς
1385 614 1502 667 όδὸν
1523 617 1656 684 ημε-
1757 613 1789 664 Ι]

1757 613 1987 667 Domino
2036 613 2505 678 sacriﬁcabimus,
2572 624 2858 680 quousque
2907 610 3305 663 ambulabimus

157 714 240 783 ρῶν
260 709 406 781 τριῶν
422 710 498 770 είς
524 709 624 778 τὴν
649 707 870 779 ἔρημον.
896 727 913 758 ι
935 709 1070 778 Παρ⁴
1088 709 1216 776 ἡμῖν
1249 707 1405 760 θυσία
1432 709 1466 775 ἡ
1497 721 1660 775 πρσσ-
1760 720 1788 756 v

1760 703 1900 756 viam
1939 703 2102 756 trium
2129 704 2335 758 dierum
2375 704 2427 755 in
2465 717 2710 756 eremum
2735 701 2798 754 ".
2841 719 2860 751 ι
2897 690 3050 769 Apud
3088 714 3189 754 nos
3217 714 3306 754 sa-

154 779 256 872 ιυχὴ
276 779 476 861 νοεῖται,
504 797 709 868 ἔρημος
733 796 789 849 δέ
811 796 1140 859 κατάστασίς
1163 798 1244 860 τίς
1271 798 1416 849 ἐστιν
1439 797 1659 864 ἐστερηο
1759 807 1786 845 c

1759 792 2025 846 criticium
2088 794 2263 847 oratio
2302 806 2412 858 est;
2464 793 2711 846 desertus
2770 790 3014 844 conditio
3066 779 3305 858 quaedam

157 895 259 962 μένη
305 889 484 942 παθῶν
537 887 766 953 ἀλόγων,
817 887 953 955 ὅπερ
1004 887 1313 953 τελειότητα
1370 884 1660 956 ὁριζόμεθα
1760 882 1789 936 b

1760 882 1940 936 brutis
1967 882 2253 936 affectibus
2297 883 2544 950 spoliata,
2577 897 2736 949 quam
2775 880 3160 949 perfectionem
3189 894 3309 933 esse

155 980 278 1035 ιῖνσι.
295 979 532 1032 Τοιοῦτον
560 976 626 1028 ἂν
643 978 747 1045 εἴη,
767 977 948 1046 φησὶν,
981 977 1118 1044 ύπέρ
1141 975 1315 1044 ὑμῶν,
1343 977 1370 1026 ὁ
1406 975 1657 1026 Ἀπόστο-
1759 971 1787 1022 d

1759 971 2068 1025 definimus.
2105 971 2232 1024 Tale
2259 970 2534 1039 quidpiam
2563 971 2669 1022 erit
2688 972 2754 1022 de
2778 970 2957 1034 nobis,
2980 970 3056 1022 ait
3084 972 3311 1036 Aposto-

155 1069 326 1132 Io;"1b
348 1069 469 1136 γὰρ,
499 1067 564 1117 Τί
590 1064 1015 1135 προσευξώμεθα
1057 1065 1177 1119 καθ’
1200 1064 1227 1115 ὃ
1256 1063 1357 1126 δεῖ,
1379 1065 1478 1115 οὐκ
1517 1064 1660 1116 οἶδα·
1761 1060 1787 1111 li

1761 1060 1844 1114 lus
1871 1059 1942 1124 ";
1971 1058 2098 1111 illud
2135 1058 2277 1110 enim
2306 1075 2319 1109 :
2356 1056 2512 1121 Quid,
2537 1056 2642 1125 47
2671 1056 2744 1108 uti
2775 1056 3020 1116 addecet,
3045 1055 3308 1107 orandum

158 1178 232 1229 μεν
258 1158 403 1228 μέχρι
429 1156 814 1217 καταστάσεως
863 1155 962 1224 τῆς
999 1152 1240 1215 ἀπαθοῦς
1270 1169 1326 1203 τε
1372 1154 1462 1204 καὶ
1490 1152 1659 1205 καθα·
1761 1163 1786 1201 s

1761 1148 1851 1209 sit,
1885 1147 2026 1200 haud
2067 1149 2311 1200 novimus
2342 1163 2514 1215 usque
2542 1147 2610 1198 ad
2652 1146 3096 1199 constitutionem
3142 1145 3311 1197 nullis

157 1251 246 1317 ρᾶς.
276 1247 340 1298 Οὐ
369 1246 474 1314 γὰρ
530 1245 746 1306 πάντως
803 1243 895 1296 καὶ
952 1244 1081 1297 τότε
1101 1242 1353 1303 τοιαύτας
1401 1240 1580 1310 εὐχὰς,
1626 1242 1658 1309 ἦ
1762 1255 1789 1290 a

1762 1238 2068 1298 aﬂ'ectibus,
2098 1237 2542 1312 nullissordibus
2581 1237 2908 1301 obnoxiam;
2943 1250 3119 1302 neque
3165 1235 3308 1287 enim

157 1336 318 1397 ἐννοίας
338 1335 546 1403 ἕξομεν,
573 1335 691 1397 οἵας
720 1333 814 1387 νῦν
853 1331 1343 1402 διοχλούμενοι“ύπὸ
1371 1330 1477 1382 τῶν
1514 1333 1662 1382 ἐναν-
1763 1340 1789 1380 t:

1763 1321 2156 1386 tunc.easde‘m
2204 1329 2426 1382 omnino
2475 1329 2768 1389 orationes,
2811 1333 2903 1378 aut
2956 1325 3312 1393 cogitationes

155 1429 270 1481 τίων.
675 1431 677 1433 ’
1765 1419 2105 1479 habebimus,
2147 1421 2338 1486 quales
2377 1433 2522 1472 nunc
2556 1418 2816 1471 habemus
2869 1418 2935 1469 ab
2979 1415 3312 1470 adversariis

1766 1495 2134 1561 interturbat—i.

577 1598 703 1650 PH’.
736 1623 800 1632 —
826 1595 1186 1664 ΦΛΛΒΙΑΝῼ.
2053 1592 2056 1595 ’
2203 1604 2209 1640 t

2053 1592 2056 1595 ’
2203 1593 2382 1649 CVIII.
2407 1627 2472 1636 —
2510 1595 2635 1647 FLA
2647 1593 2868 1647 VHNO.

213 1687 370 1737 Ἕοικε
419 1684 478 1735 τὸ
532 1683 853 1754 ἡγεμονικὸν
877 1682 984 1733 τῶν
1029 1683 1197 1749 ἁγίων
1249 1681 1422 1749 πυξίῳ
1465 1680 1590 1741 τινὶ,
1629 1679 1660 1746 ἢ
1836 1681 1845 1735 l

1836 1681 2112 1752 Praecipua
2148 1695 2462 1737 sanctorum
2500 1683 2692 1735 animm
2729 1697 2854 1749 pars
2897 1680 3176 1749 pugillari,
3208 1681 3321 1734 sive

154 1777 303 1843 δέλτῳ.
333 1777 384 1825 ἐν
417 1768 458 1840 ᾧ
488 1773 829 1842 καταγράφει
867 1772 895 1822 ὁ
923 1772 1051 1832 Θεὸς
1101 1771 1242 1839 ἆπερ
1269 1771 1521 1839 λεχθῆναι
1551 1769 1667 1820 δέον
1699 1769 1739 1821 Β
1770 1773 1782 1825 l

1699 1769 1739 1821 Β
1770 1772 1932 1836 libro,
1967 1773 2018 1824 in
2053 1789 2160 1840 quo
2200 1772 2340 1826 Deus
2382 1773 2579 1841 pepulo
2612 1787 2710 1824 suo
2743 1769 3004 1824 edieenda
3043 1768 3319 1827 inscribit.

154 1863 334 1932 λαῴ
378 1861 556 1914 αὑτοῦ.
597 1863 820 1931 Εἴρηται
865 1859 991 1927 γοῦν
1039 1859 1117 1928 τῷ
1163 1865 1412 1929 προφήτῃ
1472 1858 1665 1910 ’Δὸὅα-
1768 1879 1786 1914 :1

1768 1864 2122 1916 assimilatur.
2183 1863 2362 1927 Quare
2424 1866 2699 1931 prophetre
2765 1860 3017 1912 llabaeue
3074 1860 3319 1912 dicitur:

156 1952 294 2019 κούμ·
328 1970 344 2000 ι
373 1951 578 2020 Γράῷον
613 1953 800 2020 ὅρασιν
829 1950 920 2002 ἐπὶ
945 1949 1149 2012 πυξίου.
1192 1969 1208 2000 ι
1242 1950 1317 2018 Τῇ
1349 1949 1452 2018 γὰρ
1478 1946 1666 2000 ἑαυτοῦ
1774 1973 1788 2005 ι

1774 1973 1792 2005 ι
1826 1954 2016 2008 Scribe
2037 1957 2298 2008 visionem
2335 1957 2386 2006 in
2417 1955 2608 2006 tabella
2635 1953 2815 2015 ³⁰·¹’;»
2852 1966 3084 2019 namque
3116 1952 3169 2002 in
3202 1966 3324 2018 pro-

154 2040 326 2109 διανοίᾳ
361 2040 640 2107 ἐγκύπτων
671 2041 698 2090 ὁ
735 2039 910 2105 ἅγιος,
952 2038 1045 2088 καὶ
1075 2040 1152 2098 εἰς
1193 2038 1352 2088 αὑτὸν
1384 2037 1543 2105 ὀρῶν,
1578 2038 1668 2088 καὶ
1767 2058 1786 2109 ι

1767 2043 1938 2109 priam
1971 2052 2202 2094 mentem
2249 2055 2474 2094 sanctus
2500 2041 2906 2107 introspiciens,
2937 2046 2991 2092 et
3029 2040 3083 2092 in
3129 2049 3325 2092 semet-

155 2130 265 2190 ὅλως
290 2129 406 2179 εἵσω
457 2127 951 2195 συνεστραμμένος,
1006 2125 1170 2177 οἱονεὶ
1221 2125 1528 2192 ἐντυγχάνει
1559 2125 1668 2184 τοῖς
1767 2133 1781 2183 i

1767 2133 1944 2199 ipsum
1990 2133 2181 2185 oculos
2215 2131 2421 2198 figens,
2473 2137 2731 2197 totusque
2765 2130 2818 2180 in
2853 2128 3098 2183 internas
3134 2137 3325 2196 partes

156 2219 538 2284 καταγραφεῖσιν
587 2215 692 2268 ὑπὸ
739 2215 872 2267 Θεοῦ
901 2215 994 2268 ἐπὶ
1039 2217 1136 2286 τὴν
1170 2215 1360 2268 ἐαυτοῦ
1410 2214 1667 2277 διάνοιαν,
1769 2235 1788 2274 ε

1769 2235 2091 2283 Conversus,
2135 2222 2338 2288 scripta
2381 2233 2410 2271 a
2458 2219 2566 2273 Deo
2599 2219 2651 2271 in
2691 2233 2789 2272 sua
2822 2227 3001 2272 mente
3033 2219 3322 2287 comperit,

155 2311 231 2359 καὶ
264 2308 414 2368 οὔτως
439 2306 761 2373 ἐπαγγέλλει
795 2306 871 2375 τῷ
903 2306 1037 2376 λαῷ.
1771 2330 1787 2369 ε

855 2306 871 2356 3
903 2306 1037 2376 λαῷ.
1771 2315 1956 2383 sicque
1985 2314 2234 2367 enuntiat
2269 2313 2487 2381 populo.

416 2398 535 2449 PB’.
571 2429 640 2437 —
672 2397 961 2467 ΑΦΘΟΝΙῼ
992 2397 1361 2466 ΣΑΜΑΡΙΤῌ.
1979 2404 2041 2458 Cl

1979 2403 2116 2458 CIX.
2159 2431 2226 2442 —
2267 2399 2664 2454 APIITIIONIO
2708 2397 3107 2452 SAMARIT/E.

223 2489 276 2540 Ἥ
303 2488 542 2556 ἐπιστολή
573 2504 664 2539 σου
697 2489 934 2540 τοιοῦτον
961 2487 1072 2556 ἔχει
1100 2488 1295 2539 τύπον*
1329 2487 1390 2538 Εί
1415 2486 1512 2554 μὲν
1542 2489 1570 2538 ὁ
1596 2487 1672 2548 εἰς
1841 2496 1855 2548 1

1841 2496 2058 2549 Littera:
2086 2503 2191 2547 tua:
2223 2494 2366 2545 hunc
2416 2492 2467 2543 in
2500 2490 2718 2542 modum
2757 2490 3112 2542 cfformantur
3146 2507 3159 2541 :
3194 2489 3238 2540 si
3276 2488 3327 2540 in

156 2580 235 2648 τὴν
259 2580 346 2647 γῆν
393 2580 617 2648 σπαρείς
647 2581 788 2641 σῖτος
821 2578 896 2646 μὴ
948 2577 1255 2645 διεσήπετο,
1309 2571 1451 2643 εἶχεν
1485 2576 1672 2628 ἐλπίδα
1773 2601 1788 2638 ι

1773 2601 1914 2641 terra
1955 2600 2180 2654 granum
2237 2583 2556 2653 projectum.
2613 2597 2719 2633 non
2771 2587 3130 2648 putresceret,
3178 2594 3326 2648 spent

153 2669 461 2732 ᾲναστάσεως
506 2668 564 2719 τὸ
607 2663 944 2737 ἀνθροῖἓτινον
996 2668 1174 2736 σῶμα.
1221 2670 1281 2719 Εἰ
1327 2668 1381 2720 δέ
1424 2671 1452 2719 ό
1507 2673 1668 2732 σῖτος,
1773 2691 1785 2729 ε

1773 2691 1907 2730 sane
1937 2675 2359 2730 resurrectionis
2389 2673 2626 2740 aliquam
2655 2685 2856 2739 corpus
2889 2669 3113 2723 haberet
3143 2670 3331 2721 huma-

158 2762 257 2826 ἦτοι
287 2759 518 2809 παντοῖον
549 2758 762 2828 γένημα
786 2756 1122 2825 καταϐληθὲν
1144 2757 1341 2823 είςτὴν
1374 2757 1476 2823 γῆν
1507 2759 1672 2826 σήπε-
1773 2783 1789 2820 ι

1773 2782 1922 2820 num.
1958 2765 2112 2830 Quod
2157 2765 2202 2816 si
2254 2764 2610 2825 frumentum,
2661 2771 2714 2814 ct
2761 2761 3122 2829 quodcunque
3182 2761 3325 2813 aliud

156 2849 348 2910 ται,καὶ
367 2849 422 2900 τὸ
446 2847 601 2916 σῶμα
623 2847 714 2899 τοῦ
742 2845 1026 2916 ἀνθρώπου
1053 2849 1130 2908 εἰς
1159 2847 1362 2916 τέφραν
1408 2848 1499 2899 καὶ
1529 2848 1674 2899 κόνιν
1771 2873 1788 2928 ε

1771 2871 1990 2928 germen
2027 2842 2322 2908 in'terram
2359 2839 2662 2905 immissum
2705 2851 2991 2918 putreSt-it,
3034 2859 3089 2902 ct
3126 2866 3329 2919 corpus

159 2939 451 3009 κεχώρηκεν,
491 2940 544 2991 τί
583 2957 670 3008 μοι
696 2938 1109 3006 κατ-ἐπαγγέλλῃ
1134 2938 1429 2991 ἀνάστασιν
1458 2938 1672 2991 ἔσεσθαι
1774 2945 1789 2997 1

1774 2945 2054 2998 hominum
2091 2943 2143 2996 in
2192 2942 2457 3002 cinerem,
2509 2955 2571 2994 ac
2610 2941 2888 3009 pulverem
2930 2941 3166 2994 fatiscit:
3202 2941 3327 3009 quid

158 3032 246 3081 τῶν
289 3029 627 3100 ἀνθρωπίνων
687 3030 986 3099 σωμάτων;
1053 3027 1192 3094 Ἐγὼ
1242 3029 1297 3081 δέ
1356 3045 1496 3097 φημι
1541 3029 1675 3096 πρὸς
1704 3050 1790 3100 nl

1704 3079 1742 3100 η
1775 3034 1909 3086 mihi
1960 3033 2107 3084 on'.ni
2162 3031 2564 3084 asseveratione
2620 3030 2980 3080 humanorum
3040 3043 3329 3095 corporum

160 3119 333 3172 ταῦτα·
397 3120 692 3188 ’Ᾱνάγνωθί
740 3137 829 3189 μοι
881 3119 978 3188 τὴν
1022 3120 1193 3189 ἀρχὴν
1237 3118 1336 3188 τῆς
1374 3119 1672 3183 Γενέσεως⁹
1703 3117 1744 3136 ν
1781 3142 1792 3178 ι

1703 3117 1744 3136 “
1781 3124 2235 3178 resurrectionem
2287 3120 2525 3172 futuram
2559 3117 2828 3171 aﬂirmas?
2852 3117 2930 3168 Ad
2967 3118 3078 3169 haec
3105 3119 3218 3185 ipse
3250 3133 3333 3171 re-

164 3229 178 3258 ι
211 3212 301 3262 Καὶ
327 3209 506 3264 ἐλαϐεν
533 3212 560 3262 ὁ
583 3211 711 3271 Θεὸς
757 3209 883 3278 χοῦν
911 3210 1018 3262 ἀπὸ
1046 3211 1142 3278 τῆς
1175 3210 1295 3280 γῆς,
1349 3211 1441 3264 καὶ
1480 3211 1677 3263 ἔπλασε
1781 3229 1796 3265 ε

1781 3214 2038 3281 spondeo.
2084 3211 2345 3263 Pereutre
2399 3209 2626 3262 Genesis
2671 3209 2883 3260 initintn
2917 3226 2930 3261 :
2972 3230 2988 3257 ι
3029 3207 3093 3258 Et
3125 3210 3334 3275 aet-epit

161 3302 233 3352 τὸν
256 3300 535 3370 ἄνθρωπον.
583 3318 601 3350 ι
642 3300 707 3350 Τί
759 3300 934 3351 τοίνυν
967 3299 1267 3352 διαλλάττει
1305 3302 1333 3350 ὁ
1363 3303 1425 3352 ἐκ
1449 3301 1544 3368 τῆς
1574 3302 1676 3366 γῆς
1781 3303 1793 3354 l

1781 3303 1922 3356 Deus
1963 3303 2236 3370 pulverem
2269 3316 2298 3352 e
2338 3307 2501 3361 terra,
2540 3308 2593 3351 et
2637 3297 2888 3350 formavit
2929 3298 3196 3350 hominem
3230 3299 3328 3348 ὀ.»

163 3388 264 3455 χοῦς
291 3389 378 3457 τῆς
424 3388 626 3456 τέφρας
657 3388 750 3439 καὶ
777 3389 1005 3450 κόνεωςς
1034 3387 1239 3455 ’Ὠσπερ
1264 3389 1436 3438 τοίνυν
1462 3391 1676 3456 ἐν.ἀρχῆ
1780 3392 1795 3452 i

1780 3391 1908 3454 Quae
1937 3407 2065 3458 ergo
2099 3390 2402 3441 differentia
2443 3396 2525 3442 est
2562 3388 2703 3440 inter
2738 3389 3013 3454 pulverem
3066 3403 3132 3439 ex
3166 3396 3331 3448 terra,

163 3480 212 3528 ἐκ
236 3481 323 3546 γῆς
350 3478 462 3545 χοὸς
491 3475 903 3543 κατεσκευάσθη
935 3475 994 3526 τὸ
1022 3475 1197 3542 σῶμα,
1232 3478 1320 3527 καὶ
1354 3477 1676 3546 ἐνεπνεύσθη
1779 3499 1795 3532 t

1779 3492 1824 3532 et
1861 3480 2120 3542 cinerem,
2149 3489 2202 3531 et
2231 3478 2537 3546 pulverem?
2573 3477 3036 3541 Quemadmodum
3064 3477 3247 3545 itaque
3269 3491 3333 3530 ex

163 3563 246 3612 ὑπὸ
270 3565 411 3627 θεοῦ,
439 3563 531 3614 καὶ
570 3561 768 3631 ἐστάθη
799 3562 1075 3633 ἄνθρωπος
1110 3563 1211 3614 ὑπὸ
1236 3564 1357 3625 τοὺς
1391 3566 1552 3627 πόδας
1585 3567 1678 3618 αὑ‹
1782 3569 1795 3620 l

1782 3569 1947 3620 humo
1986 3577 2142 3621 terrae
2188 3569 2455 3635 principio
2489 3581 2691 3635 corpus
2724 3578 3098 3620 constructum
3145 3575 3248 3629 est,
3283 3577 3335 3619 ct

164 3649 237 3701 τοῦ
262 3666 273 3677 °
304 3651 460 3714 οὕτως
495 3651 656 3704 πάλιν
709 3653 772 3703 ἐκ
804 3652 924 3720 χοὸς
959 3653 1050 3704 καὶ
1077 3655 1140 3704 ἐκ
1192 3654 1395 3722 τέφρας
1447 3656 1537 3706 ἐπὶ
1583 3657 1682 3725 τῆς
1783 3675 1796 3712 ε

1783 3659 2031 3728 spiritum
2064 3676 2126 3712 ex
2165 3659 2272 3712 Deo
2310 3659 2542 3726 accepit,
2585 3660 2851 3725 stetitque
2903 3658 3062 3710 homo
3110 3658 3335 3725 pedibus

165 3742 432 3803 συντελείας
477 3742 571 3794 τοῦ
601 3743 864 3813 παρόντος
915 3742 1127 3808 αίῶνος,
1175 3747 1238 3814 τῇ
1271 3746 1560 3812 προστάξει
1589 3747 1682 3799 καὶ
1783 3768 1797 3801 ι

1783 3749 1920 3812 suis,
1953 3750 2032 3802 sic
2067 3743 2259 3800 rursus
2291 3762 2353 3798 ex
2387 3754 2527 3799 terra
2562 3753 2615 3798 et
2644 3747 2824 3798 cinere
2854 3744 2963 3814 48
3009 3745 3060 3796 iu
3103 3759 3335 3812 pra:sen-

163 3830 354 3900 δυνάμει
379 3833 468 3884 τοῦ
498 3833 655 3895 Θεοῦ,
687 3829 1100 3904 ἐξαναστήσὲται
1131 3836 1198 3885 τὰ
1240 3836 1550 3903 ἀνθρώπινα
1582 3837 1683 3888 σὼ-
1785 3849 1795 3891 l

1785 3841 1856 3891 tis
1889 3840 2070 3893 szeeuli
2106 3839 2231 3900 line,
2262 3838 2491 3905 imperio
2525 3853 2585 3887 ac
2616 3836 2868 3887 facultate
2901 3836 3080 3886 divina
3105 3849 3334 3901 corpora
3375 3820 3394 3828 θ

167 3941 284 3989 ματα
310 3925 398 3986 τὰς
426 3925 558 3988 ἰδίας
592 3924 929 3977 ἀπολαϐόντα
965 3925 1159 3993 ψυχὰς,
1193 3927 1286 3976 καὶ
1313 3927 1404 3977 ἐπὶ
1452 3929 1575 3989 τοὺς
1603 3929 1681 3979 οί-
1787 3930 1798 3980 l

1787 3930 2020 3980 humana
2055 3933 2358 3992 resnrgent,
2395 3924 2640 3991 proprias
2673 3921 3069 3974 reassumentia
3097 3921 3329 3978 animas.

165 4014 314 4075 κείους
340 4019 616 4085 στήσονται
649 4017 833 4080 πόδας,
899 4017 976 4079 είς
1013 4017 1166 4080 δόξαν
1223 4018 1312 4072 καὶ
1346 4018 1561 4070 ἔπαινον
1591 4019 1682 4071 τοῦ
1784 4036 1797 4072 t

1784 4028 1837 4073 et
1875 4019 2112 4088 prepriis
2147 4018 2367 4069 stabunt
2400 4014 2628 4082 pedibus
2661 4013 2714 4065 in
2749 4012 3001 4081 gloriam,
3038 4021 3091 4065 et
3122 4013 3333 4065 laudem

168 4105 313 4157 πάντα
339 4106 618 4175 Θαυμαστὰ
644 4109 1008 4177 ἐργαζομένου
1033 4108 1372 4178 Δημιουργοῦ
1401 4112 1504 4162 τῶν
1527 4112 1680 4165 ὅλων.
1788 4112 1799 4163 i

1788 4111 1952 4174 illius,
1997 4109 2090 4178 qui
2132 4107 2312 4161 omnia
2359 4108 2495 4158 mira
2543 4111 2820 4171 operatur,
2875 4103 3121 4154 omnium
3176 4102 3336 4156 Crea-

1787 4205 1941 4256 toris.

637 4285 736 4335 ΙΨ.
773 4313 840 4325 -—
885 4285 966 4347 Τῷ
995 4287 1171 4348 αὐτῷ.

1149 4310 1171 4337 ὀ
2323 4286 2437 4341 CX.
2475 4316 2542 4326 —
2579 4284 2781 4338 Eidem.

221 4370 409 4437 Ὥσπερ
434 4371 509 4440 τῷ
535 4373 751 4442 μεγάλῳ
800 4373 1046 4444 ’Δὸραὰμ
1094 4377 1125 4442 ἡ
1167 4376 1344 4438 πίστις
1380 4376 1678 4444 λελόγισται
1711 4387 1753 4440 D
1851 4403 1853 4420 ι

1711 4387 1753 4440 D
1851 4380 2318 4446 Quemadmodum
2376 4393 2570 4446 magno
2624 4376 2851 4427 Abrahae
2904 4373 3035 4427 fides
3091 4385 3337 4442 reputata

168 4459 230 4519 εἰς
255 4459 597 4529 δικαιοσύνην,
621 4462 762 4514 οὕτω
788 4463 880 4516 καὶ
905 4465 986 4516 σοὶ
1017 4464 1318 4518 πιστεύοντι
1362 4468 1439 4529 είς
1475 4467 1682 4537 νεκρῶν
1786 4475 1800 4526 ί

1786 4475 1884 4527 fuit
1925 4475 1976 4526 in
2003 4473 2269 4539 justitiam
2308 4471 2350 4500 “
2377 4509 2390 4529 ,
2429 4470 2501 4520 ita
2534 4475 2584 4520 et
2623 4467 2716 4518 tibi
2750 4465 3128 4519 defunctorum
3161 4483 3337 4520 resur-

169 4549 440 4614 ἀνάστασιν,
473 4551 629 4621 εἴπερ
659 4553 751 4603 καὶ
780 4552 1144 4618 πιστεύσειας,
1194 4554 1504 4622 δικαιοσύνη
1530 4555 1680 4621 παρὰ
1785 4578 1801 4613 ι

1785 4563 2012 4620 rectioni
2061 4561 2212 4614 fidem
2264 4560 2580 4614 adhibenti:
2611 4559 2656 4612 si
2687 4558 2848 4612 modo
2895 4574 3133 4632 unquam
3183 4560 3338 4610 tidem

167 4637 227 4703 τῷ
255 4637 363 4690 est;
400 4640 604 4707 μεγάλη
638 4640 1032 4716 λογισθήσεται.
1785 4667 1799 4702 :

1785 4651 2119 4711 adhibueris,
2145 4650 2353 4718 justitia
2380 4650 2518 4718 apud
2557 4649 2718 4703 Deum
2756 4651 2947 4720 ingens
2979 4649 3338 4717 reputabitur.

617 4731 764 4783 PIA'.
792 4756 862 4770 -
890 4729 971 4799 Τῷ
1015 4730 1192 4794 αὐτῷ.

1143 4730 1192 4794 ᾖ.
2308 4740 2439 4794 CXI.
2475 4772 2542 4779 —-
2573 4740 2775 4796 Eidem.

223 4817 581 4888 Γεγράφηκας,
611 4821 692 4873 ὅτι
727 4821 828 4873 Τὸν
859 4822 1051 4874 κόκκον
1083 4821 1174 4873 τοῦ
1203 4822 1347 4874 σίτου
1377 4822 1570 4884 άλέσω,
1591 4825 1682 4876 καὶ

1677 4846 1682 4875 ‘-
1861 4831 2138 4900 Scripsisti
2166 4851 2176 4884 :
2230 4831 2472 4885 Granum
2514 4833 2765 4886 frumenti
2796 4831 3012 4894 molam,
3043 4838 3095 4882 et
3123 4829 3177 4882 in
3211 4827 3309 4881 fari

173 4906 344 4971 ποιήσω
371 4907 608 4978 ἄλευρον.
635 4908 753 4962 Κᾶν
779 4910 1032 4980 μυριάκις
1062 4913 1266 4981 σπείρω
1297 4912 1454 4963 αὐτὸν
1485 4917 1562 4975 εὶς
1589 4915 1684 4984 τὴν
1792 4941 1805 4976 ι

1792 4939 1914 4977 nam
1947 4925 2204 4991 redigam.
2240 4923 2290 4977 ld
2324 4924 2448 4977 licet
2482 4925 2675 4975 millies
2708 4923 2761 4974 in
2790 4932 2990 4974 terram
3038 4921 3338 4976 seminave-

171 4995 266 5057 γῆν,
293 4995 387 5046 οὐκ
416 4997 492 5049 ἐτι
523 4997 885 5065 ζωογονεῖται,
926 5000 1037 5052 ἀλλ’
1082 5001 1188 5051 οὐδ’
1237 5001 1596 5066 ἐξανίσταται,
1625 5007 1683 5056 ού
1793 5029 1803 5065 ι

1793 5014 1916 5076 rim,
1945 5028 2051 5064 non
2088 5011 2319 5079 amplius
2355 5011 2649 5070 reviviseit,
2674 5010 2784 5063 imo
2809 5025 2909 5064 nec
2948 5019 3213 5078 resurget,
3241 5024 3337 5062 nec

174 5079 230 5145 μὴ
257 5079 530 5154 βλαστήσει
577 5079 726 5151 ποτὲ,
773 5089 832 5140 οὐ
870 5089 942 5160 μὴ
986 5093 1426 5161 καρποφορήσειο
1455 5093 1594 5144 οὕτω
1624 5093 1685 5163 δὴ
1795 5121 1806 5156 ι

1795 5119 2031 5170 unquam
2081 5103 2330 5156 Sureulos
2374 5101 2606 5164 emittet,
2655 5116 2830 5169 neque
2877 5102 3084 5156 fructus
3123 5101 3338 5165 afferet;

173 5171 242 5220 καὶ
258 5172 310 5222 τὸ
340 5174 492 5242 σῶμα
515 5179 705 5231 σποδιὰ
738 5182 830 5233 καὶ
856 5182 1000 5244 κόνις
1027 5183 1333 5251 γενόμενον,
1378 5183 1475 5234 οὐκ
1507 5185 1571 5236 ἂν
1597 5185 1686 5236 δύο
1794 5210 1805 5262 1

1794 5196 1908 5262 pari
1944 5195 2154 5243 ratione
2188 5199 2239 5242 et
2263 5205 2464 5258 corpus
2487 5192 2645 5256 cinis,
2674 5206 2734 5244 ac
2771 5192 2946 5259 pulvis
2986 5193 3209 5250 factum,
3235 5201 3338 5244 non

173 5280 291 5316 ναιτο
314 5264 388 5316 ἔτι
418 5267 792 5339 ἐξαναστῆναι,
847 5272 877 5341 ἦ
925 5272 1087 5340 ζῆσαι
1138 5274 1496 5326 παντάπασιν.
1548 5275 1683 5326 Ἀλλ’
1794 5301 1805 5353 1

1794 5285 1993 5353 poterit
2047 5298 2355 5351 resurgere,
2397 5298 2571 5352 neque
2611 5283 2881 5337 ullatenus
2936 5285 3095 5334 vitam
3141 5283 3338 5336 vivere.

174 5356 258 5419 ἐγώ
294 5371 368 5406 σοι
399 5356 558 5408 πάλιν
606 5360 699 5411 καὶ
748 5360 841 5414 νῦν
887 5362 955 5413 τὰ
985 5363 1120 5416 αὐτὰ
1156 5365 1555 5434 προσαγάγοιμι
1593 5368 1686 5419 σὺν
1793 5388 1806 5425 λ

1793 5376 1859 5427 At
1889 5375 2024 5441 ipse,
2055 5389 2214 5440 quem
2243 5374 2379 5427 alias
2411 5374 2506 5429 tibi
2548 5374 2803 5426 miseram
2839 5385 3164 5436 sermonem,
3195 5387 3346 5426 eum-

175 5447 399 5519 πραότητι
445 5448 681 5516 ῥήματα,
738 5450 877 5521 ἅπερ
907 5453 999 5504 καὶ
1035 5454 1196 5506 πάλαι
1250 5454 1573 5520 ἐπέσταλκα,
1606 5459 1686 5510 ὃτι
1793 5481 1807 5516 t

1793 5465 1912 5516 dem
1938 5448 2080 5515 nunc
2111 5478 2232 5516 cum
2261 5463 2572 5533 placiditate
2603 5471 2859 5529 repetam.
2881 5459 3337 5525 Quemadmodum

229 5622 444 5680 "Exol.
512 5642 569 5688 ν,
657 5631 708 5682 5.
903 5633 943 5659 "
969 5631 1122 5687 Rern.
1166 5649 1281 5699 vni,
1315 5635 1401 5689 9.6.
1488 5629 1600 5669 5°49
1636 5639 1833 5694 llabac.

1719 5639 1833 5694 bac.
1873 5656 1930 5707 ιι,
1963 5639 2013 5691 5.
2082 5642 2125 5670 ²⁰
2159 5639 2292 5696 Gen.
2330 5656 2388 5708 tt,
2422 5641 2474 5692 7.
2551 5641 2591 5671 ¹¹
2615 5636 2748 5704 Gen,
2784 5653 2873 5704 xv,
2913 5638 2988 5702 ϐε
3023 5635 3155 5690 Rom
3194 5652 3264 5703 tv,
3288 5634 3342 5688 3.
