4134 6328
611 432 797 496 PKQ”.
843 428 924 492 Τῷ
949 425 1123 490 αὐτῷ.

202 524 367 595 Νόμιζε
398 539 482 592 μοι
507 522 604 588 τὴν
624 518 715 570 τοῦ
737 518 867 571 Θεοῦ
895 518 1079 585 σοφίαν
1100 502 1303 586 μητέρα
1336 517 1454 569 τινὰ
1479 512 1636 582 εἶναι,

150 616 217 668 καὶ
225 613 300 664 νῦν
313 613 399 680 μὲν
422 608 498 677 τῷ
516 607 691 676 νηπίῳ
703 608 789 660 τὸν
802 607 996 675 μαστὸν
1007 606 1360 668 ἐπιδιδοῦσαν,
1390 609 1483 660 καὶ
1505 606 1637 674 βοῶ-

151 721 241 765 σαν,
255 701 430 758 Καλξιν,
446 695 775 760 καλδνλτοῦτό
791 713 873 762 γε,
895 690 991 746 εἷθ’
1009 694 1130 745 ῦστε
1139 711 1227 761 ρον
1246 695 1377 764 πρὸς
1393 695 1490 763 τὴν
1516 711 1635 745 στε-

154 793 255 860 pth
297 788 487 856 τροφὴν
546 786 638 838 τὸν
691 785 853 836 παῖδα
885 783 1223 846 ἐλαύνουσαν,
1260 783 1353 835 καὶ
1385 783 1512 850 χολῇ
1550 782 1636 834 τὸν

152 878 310 946 μαστὸν
343 874 733 943 περιχρίουσαν,
761 874 853 926 καὶ
886 872 1186 941 κράξουσαν
1212 872 1444 939 συνεχῶς
1472 910 1486 932 ,
1536 872 1637 922 Σα-

151 967 270 1035 πρὸν,
286 947 480 1033 σαπρὸν
499 963 652 1016 τοῦτό
675 980 758 1031 γε.

624 1053 792 1104 PKZ'.
831 1050 912 1114 Τῷ
942 1050 1117 1114 αὐτῷ.

204 1143 362 1208 Atyn;
410 1141 498 1193 τὸν
541 1142 737 1194 Μωσέα
795 1141 1067 1208 εἰρηκέναι
1109 1140 1171 1190 ἐν
1220 1141 1634 1206 Δευτερονομίῳ,

153 1232 213 1281 ὅτι
235 1249 250 1279 ι
272 1231 537 1299 Προφήτην
563 1231 688 1298 ὑμῖν
719 1231 1003 1297 ἀναστήσει
1048 1227 1247 1296 Κύριος
1271 1229 1298 1278 ὁ
1325 1228 1453 1288 Θεὸς
1485 1227 1636 1293 ὑμῶν

147 1321 192 1370 ὲκ
216 1318 306 1369 τῶν
325 1317 558 1383 ἀδελφῶν
609 1317 762 1384 ὑμῶν
810 1317 881 1378 ὼς
905 1317 1022 1384 ὲμέ.
1059 1334 1076 1365 ι
1130 1315 1420 1384 Προφήτην
1460 1310 1631 1376 εἶπεν,

146 1407 235 1474 οσχὶ
257 1406 390 1458 Θεόν.
425 1405 544 1466 Πῶς
573 1401 664 1457 οὖν
691 1405 820 1456 Θεὸν
847 1402 982 1458 εἶναι
1029 1406 1119 1456 τὸν
1159 1406 1360 1474 Ἰησοῦν
1414 1406 1592 1471 λέγετε
1617 1421 1630 1468 ς

154 1495 218 1553 Ὧς
267 1494 423 1562 νηπίῳ
479 1511 579 1554 σοι,
615 1488 658 1544 ὦ
690 1495 924 1558 Ίουδαίε,
976 1495 1278 1566 συψελλίζει
1308 1497 1336 1546 ὁ
1363 1496 1634 1562 πάνσοφος

145 1582 354 1648 Μωῦσῆς,
407 1581 558 1633 οὔπω
610 1581 905 1650 τρανότατα
958 1583 1164 1651 τολμῶν
1215 1600 1294 1633 σοι
1324 1582 1489 1645 δεῖξαι
1540 1581 1632 1634 τοῦ

144 1671 329 1736 Χριστοῦ
361 1678 454 1739 τὴν
485 1669 726 1738 θεότητα.
771 1672 937 1722 Ὀταν
974 1672 1148 1722 τοίνυν
1187 1671 1312 1742 δέξῃ
1349 1671 1507 1723 αὐτὸν
1558 1673 1631 1732 ὡς

1289 322 1806 384 EPISTOLARUM
1841 325 1983 408 1,113.
2023 324 2072 385 I.
2117 409 2121 413 _

3162 320 3268 387 138

2223 423 2455 478 CXXVI.
2483 454 2549 463 —
2579 423 2779 478 Eidem.

1804 518 2180 588 Apprchende,
2207 532 2411 587 quaeso,
2440 517 2623 568 animo
2653 524 2747 568 tuo
2766 557 2781 581 ,
2827 513 2919 570 Del
2955 517 3271 584 sapientiam

1736 615 1961 661 matrem
2019 605 2305 675 quamdam
2358 619 2514 666 esse,
2563 617 2710 657 nunc
2762 602 2978 672 quidem
3012 605 3275 664 infantulo

1738 713 1998 752 mammas
2027 697 2423 766 porrigentem,
2452 695 2879 762 clamantemque
2914 708 2930 745 :
2963 691 3166 748 Bonum
3193 701 3277 748 est

1737 789 1867 853 hoc,
1902 788 2101 840 bonum
2133 802 2146 851 ;
2175 779 2360 854 postea
2399 785 2466 839 ad
2513 783 2824 838 solidiorem
2872 778 3050 836 cibum
3107 778 3275 834 tilium

1737 875 2121 937 concitantem,
2153 881 2207 926 et
2230 873 2354 926 felle
2373 885 2632 925 mammas
2655 872 3025 938 inungentem,
3047 866 3275 934 saepius-

1738 979 1842 1032 qne
1872 963 2256 1016 inclamantem
2292 978 2304 1012 :
2337 960 2622 1014 Putridum
2648 965 2731 1013 est
2755 959 2857 1011 hoc
2878 994 2894 1021 ,
2917 955 3219 1025 putridutn.

2217 1049 2470 1104 CXXVII.
2499 1077 2567 1089 --
2588 1048 2790 1101 Eidem.

1807 1141 2056 1195 lnculcas
2113 1141 2347 1210 Moysem
2401 1140 2454 1193 in
2520 1136 2936 1192 Deuteronomio
2986 1135 3271 1191 dictasse.

1741 1245 1758 1276 ι
1795 1227 2120 1296 l’rophetam
2156 1229 2307 1283 vobis
2341 1227 2626 1282 suscitabit
2655 1225 2909 1278 Dominus
2935 1222 3076 1277 Deus
3101 1230 3278 1277 vester

1735 1331 1796 1368 ex
1827 1315 2084 1372 fratribus
2119 1317 2347 1378 vestris,
2381 1325 2440 1370 ut
2485 1332 2570 1380 me
2597 1315 2662 1370 "°.
2703 1335 2722 1367 ι
2753 1315 3068 1383 Propheta":
3113 1314 3275 1380 dixit,

1737 1419 1842 1456 non
1896 1405 2086 1459 Deum.
2146 1407 2426 1474 Quomodo
2483 1407 2664 1475 itaque
2707 1405 2873 1460 Deum
2924 1420 3048 1460 esse
3091 1403 3278 1476 Iesum

1735 1492 1953 1546 dicitis?
1986 1493 2264 1562 Tanquam
2307 1495 2574 1548 iniantulo
2602 1495 2697 1547 tibi
2726 1534 2742 1558 ,
2798 1495 2873 1546 mi
2905 1493 3128 1557 Iudaee,
3167 1509 3276 1549 una

1736 1580 1963 1635 balbutit
2008 1569 2444 1650 sapientissimus
2487 1583 2733 1652 Moyses,
2783 1597 2890 1635 non
2931 1582 3142 1637 audens
3172 1583 3270 1637 tibi

1737 1669 1896 1723 nimis
1924 1679 2109 1738 aperte
2138 1673 2471 1725 divinitatem
2513 1672 2714 1724 Christi
2744 1672 3020 1726 exhibere.
3041 1671 3272 1737 Quando

145 1735 377 1827 προφήτην
409 1735 548 1811 κατά
576 1735 666 1812 τὸν
699 1760 896 1812 Μωσὲα
919 1799 932 1821 ,
965 1761 1057 1812 καὶ
1092 1735 1330 1828 βασιλέα,
1378 1763 1468 1812 καὶ
1520 1778 1634 1813 ποι·
1667 1735 1705 1787 Β
1737 1757 1777 1823 ig

1667 1735 1705 1787 Β
1737 1755 1899 1823 igitur
1925 1735 2046 1810 eum
2068 1795 2082 1818 .
2121 1767 2177 1810 ut
2223 1758 2432 1828 Moyses
2464 1757 2581 1810 inﬁt
2607 1799 2620 1824 ,
2654 1766 2920 1826 tauquam-
2958 1735 3285 1827 prophetam

146 1847 250 1913 μένα
284 1846 467 1914 πραῢν,
511 1847 606 1898 καὶ
653 1847 950 1915 ἀκτήμονα,
976 1847 1096 1898 τότε
1144 1848 1302 1910 αὐτὸς
1333 1833 1634 1916 ὁῆμέγιστος

143 1937 375 2004 προφήτης
399 1937 488 1987 καὶ
511 1935 758 2005 ἔγκριτος
789 1936 1121 2004 ἀποκαλύψει
1166 1954 1244 1989 σοι
1293 1939 1451 1989 αὑτὸν
1504 1940 1634 1991 Θεὸν

143 2025 356 2090 ὑπάρχειν
396 2023 664 2092 ἀληθινὸν,
716 2025 1033 2092 ἀσωμάτως,
1082 2027 1174 2078 καὶ
1210 2027 1470 2095 ὰχρὸνως,
1529 2030 1632 2097 πρὸ

141 2111 314 2160 πάντων
348 2109 448 2160 τῶν
482 2111 690 2162 αἰώνων
730 2110 1057 2178 γεννηθέντα
1096 2113 1158 2160 ὲκ
1191 2111 1321 2161 Θεοῦ
1362 2113 1629 2177 ἀληθινοῦ.

145 2198 287 2263 Ἔχεις
308 2197 358 2248 δὲ
408 2195 810 2265 μαρτυροῦντας
849 2199 913 2264 τῇ
957 2196 1166 2266 θεότητι
1213 2197 1304 2247 τοῦ
1369 2197 1629 2266 Χριστοῦ,

141 2289 211 2337 καὶ
235 2289 291 2354 τῇ
319 2286 604 2354 οἰκονομίᾳ,
632 2284 836 2346 πάντας
869 2285 990 2346 τοὺς
1025 2284 1294 2353 ἀοιδίμους
1329 2287 1626 2355 προφήτας,

141 2378 293 2438 nime;
320 2376 572 2446 ἐξηγηταὶ
599 2375 693 2426 τοῦ
717 2375 880 2442 νόμου
908 2378 1278 2444 τυγχάνουσιν.

536 2464 718 2516 PKH‘.
745 2491 815 2504 υ·-
841 2465 922 2527 Τῷ
971 2465 1149 2528 αὐτῷ.

192 2555 284 2623 Οὐχ
305 2556 330 2605 ὁ
350 2553 518 2622 τυχὼν
531 2553 908 2622 ὲπεκρεμάσθη
937 2570 1014 2605 σοι
1042 2554 1278 2616 κίνδυνος
1296 2556 1351 2606 ἐν
1362 2555 1438 2624 τῷ
1454 2557 1634 2608 Δευτε-

140 2645 351 2712 ρονομίῳ,
392 2643 483 2694 ἐὰν
541 2642 615 2710 μὴ
641 2641 931 2710 πιστεύσῃς
970 2642 1047 2710 τῷ
1081 2644 1316 2712 Χριστῷ,
1347 2646 1439 2696 καὶ
1465 2661 1630 2713 προσ-

139 2733 355 2799 κννήσῃς,
405 2731 498 2782 καὶ
545 2731 853 2798 ὑπακούσης
916 2730 1082 2799 αὐτῷ,
1137 2733 1228 2784 καὶ
1270 2733 1540 2801 ύποταγῇς
1574 2737 1630 2784 ὲν

139 2821 265 2871 παντὶ
296 2819 644 2886 καθηκόντως.
676 2819 809 2885 Φησὶ
842 2817 946 2885 γὰρ
977 2819 1004 2868 ὁ
1034 2818 1327 2886 νομοθέτης
1352 2835 1364 2847 ·
1399 2837 1416 2867 ι
1441 2820 1629 2869 Ἔσται

137 2906 194 2966 δὲ,
227 2908 358 2956 πᾶσα
381 2906 544 2973 ψυχὴ,
576 2905 693 2973 ἣτις
719 2905 791 2972 μὴ
811 2905 1026 2956 ἀκούσει
1057 2904 1148 2955 τοῦ
1182 2906 1455 2974 προφήτου
1494 2906 1630 2956 ἐκεί-

137 3011 224 3056 νου,
242 2993 725 3063 ὲξολοθρευθήσεται
754 2995 816 3044 ὲκ
841 2993 928 3044 τοῦ
955 2993 1096 3044 θείου
1125 2992 1273 3044 λαοῦ.

339 3082 502 3134 mea
533 3111 603 3120 -
631 3082 1031 3150 ΛΔΕΞΑΝΔΡῼ
1060 3082 1359 3150 ΜΟΝΛΧῼ.

191 3175 397 3223 ’Δτοπον
419 3172 549 3240 δρᾷν
580 3173 808 3240 πρᾶγμα
859 3172 1032 3232 δοκεῖς
1091 3188 1199 3239 μοι,
1235 3173 1289 3222 ἐν
1315 3170 1391 3239 τῷ
1430 3172 1629 3239 μεταξὺ

133 3259 419 3327 ὕϐρεωνκαὶ
471 3260 639 3329 Θυμοῦ
695 3260 1121 3327 καταναγκάζειν
1168 3263 1525 3328 καρποφορεῖν
1554 3260 1632 3311 σοί

135 3366 273 3410 τινας.
318 3350 480 3401 Τοῦτο
507 3350 551 3401 δ’
582 3351 679 3402 ούκ
720 3351 783 3401 ἂν
813 3350 1029 3419 λεχθείη
1093 3350 1451 3418 καρποφορία,
1503 3349 1633 3400 ἀλλὰ

133 3440 218 3503 βία,
245 3439 329 3491 καὶ
349 3441 653 3508 αἰσχρότης,
681 3441 772 3491 καὶ
803 3439 1024 3507 ἀκαιρία
1058 3438 1275 3507 ἐσχάτη,
1316 3441 1404 3489 καὶ
1431 3433 1632 3507 τραχύ-

132 3527 258 3592 τερον
278 3543 324 3577 τι
346 3527 450 3577 τῶν
473 3528 741 3595 δημοσίων
763 3527 1163 3596 ἐπιταγμάτων.
1195 3528 1285 3578 καὶ
1326 3527 1634 3597 βαρυτάτων

132 3617 501 3683 ἀπιιτημάτων.
549 3617 704 3667 Ἀλλὰ
737 3616 957 3678 παῦσαι,
987 3617 1302 3684 παρακαλῶ,
1338 3620 1433 3686 τῆς
1467 3618 1634 3686 ἀπρεο

134 3707 260 3764 πείας
283 3705 492 3771 ταύτης,
529 3705 789 3772 μᾶλλονδὲ
817 3705 1070 3772 σχόλασον
1122 3709 1235 3765 ταῖς
1290 3709 1628 3773 προσευχαῖς,

135 3796 206 3843 καὶ
309 3795 466 3862 πολλῇ
501 3793 639 3846 κατὰ
662 3793 836 3862 ψυχὴν
865 3795 1082 3862 ἡσυχίᾳ,
1114 3794 1207 3844 καὶ
1240 3796 1266 3845 ὁ
1293 3795 1420 3855 Θεὸς
1449 3794 1633 3859 διεγεί-

133 3883 318 3947 ρειτοῦς
340 3883 515 3945 ἀξίους
550 3881 704 3943 ὄντας
733 3881 831 3948 τῆς
856 3881 1252 3946 καλοκαγαθίας
1307 3880 1630 3948 προσφέρειν

131 3987 192 4021 σοι
213 3973 322 4038 μεθ’
341 3972 540 4032 ἱκεσίας
569 3972 743 4022 πᾶσαν
771 3971 973 4040 χρείαν.
1006 3972 1066 4022 Οἱ
1101 3971 1196 4038 μὲν
1223 3971 1326 4037 γὰρ
1353 3969 1487 4032 ἄξιοι
1513 3988 1660 4037 τυγο.

125 4060 339 4123 χάνουσιν
369 4059 456 4110 τοῦ
507 4062 864 4127 καρποφορεῖν
905 4062 1172 4126 μοναχοίς,
1195 4061 1242 4109 οἱ
1279 4060 1332 4110 δὲ
1362 4059 1632 4122 παντελῶς

125 4149 315 4212 ἀνάξιοι,
342 4151 432 4201 καὶ
474 4150 687 4218 μακρὰν
714 4151 809 4216 τῆς
849 4150 1040 4218 βουλῆς
1073 4152 1165 4201 τοῦ
1193 4151 1413 4217 Κυρίου.

313 4327 429 4379 PA'.
458 4357 525 4365 ——
551 4328 868 4395 ΚΛΕΑΡΧῼ
894 4327 1350 4395 ΝΟΥΜΕΡΑΡῘῼ.

182 4415 310 4481 Ἐγὼ
333 4419 428 4467 οὐκ
459 4416 523 4467 ἂν
547 4416 938 4484 λοιδωρήσαιμι
970 4417 1063 4467 τὸν
1101 4416 1262 4467 λύκον
1292 4418 1622 4483 ἁρπάζοντα,

119 4507 230 4557 κατὰ
282 4506 434 4571 φύσιν
483 4507 589 4574 γὰρ
641 4505 814 4556 ἔνεστι
845 4505 919 4573 τῷ
977 4505 1122 4573 λύκῳ
1164 4507 1223 4556 τὸ
1274 4508 1622 4574 ἁρπακτικὸν,

117 4593 318 4646 summa)
338 4597 381 4647 δ’
403 4597 681 4664 ἄνθρωπον
707 4595 1035 4663 κεκτημένον
1061 4595 1267 4663 λυκὼδη
1293 4597 1439 4665 παρὰ
1469 4598 1625 4663 φύσιν

117 4687 190 4749 τὴν
218 4685 447 4754 γνώμην.

531 4775 700 4827 PAA'.
735 4804 800 4814 -
822 4775 1239 4843 ΑΥΡΗΛΙΑΝῼ.

165 4863 249 4914 Διά
276 4865 366 4916 τοῦ
407 4865 662 4935 Ἱερεμίου
685 4867 711 4916 ὁ
734 4865 932 4933 Κύριος
987 4867 1204 4934 εἴρηκεν
1232 4882 1247 4896 ο
1293 4885 1308 4916 ι
1344 4867 1622 4936 Ἐπιστρά-

114 4966 218 5014 ﬁt:
243 4953 373 5020 πρός
407 4970 496 5019 με,
531 4954 620 5003 καὶ
652 4953 709 5004 οὑ
745 4952 917 5021 μηνιῶ
967 4954 1091 5021 ὑμῖν
1132 4954 1209 5014 είς
1248 4955 1334 5004 τὸν
1381 4955 1566 5006 αἰῶνα.
1600 4974 1614 5003 ι

116 5038 242 5100 “ita
272 5041 368 5106 μὲν
391 5041 486 5106 τῆς
507 5041 719 5093 αἰωνίου
754 5040 918 5109 ὀργῆς
949 5041 1271 5108 είργάσασθε
1305 5045 1616 5110 πράγματα,

113 5126 199 5176 ἀλλ’
247 5129 426 5195 ἐπειδὴ
473 5128 578 5188 ἐγὼ
632 5129 872 5198 ἐλεήμων
927 5130 1172 5198 ὑπάρχω,
1206 5133 1262 5183 οὐ
1291 5136 1351 5199 τῇ
1387 5137 1620 5202 ὑμετέρᾳ

113 5221 247 5288 κακία
281 5219 460 5287 μετρῶ
491 5218 585 5286 τὴν
615 5218 1036 5287 φιλανθρωπίαν,
1072 5220 1205 5271 ἀλλὰ
1233 5225 1297 5288 τῇ
1330 5226 1428 5290 ἐμῇ
1458 5227 1618 5290 ruﬁ,

111 5309 390 5378 ἁταθότητι.
424 5308 567 5377 Πλὴν
595 5308 642 5359 εί
675 5309 836 5373 (ἁγὼ,
898 5311 1080 5377 φησὶν,
1122 5312 1338 5378 ἀγαθὸς,
1373 5314 1464 5363 καὶ
1506 5315 1619 5379 φιλ-

110 5397 538 5467 άνῦρωπος,ὰλλὰ
579 5413 636 5451 σι
689 5397 760 5466 μὴ
808 5398 1160 5451 ἐπ.λανθοὶνου
1209 5393 1280 5451 ὧν
1312 5402 1494 5459 κακῶς
1542 5403 1617 5452 δι-

155 5569 362 5624 "Deut.
397 5581 551 5632 svnt,
594 5566 680 5618 15.
757 5564 794 5594 ⁸¹
835 5566 985 5617 Deut.
1032 5583 1183 5631 ΧνιΗ,
1221 5567 1302 5621 t9.
1383 5571 1424 5599 δ’
1455 5568 1649 5623 .lerem.

322 5659 593 5730 Parnm.
627 5655 741 5714 CR.
773 5655 1026 5714 LXXIX.
1085 5702 1095 5712 .

1661 4339 1704 4391 D

1734 1845 1968 1912 cxcipies
1993 1885 2006 1908 ,
2041 1854 2097 1900 et
2137 1862 2313 1915 regem
2336 1886 2350 1909 ,
2383 1855 2435 1900 et
2463 1856 2731 1914 pastorem
2759 1847 2964 1912 mitem,
2988 1855 3043 1901 et
3072 1862 3275 1915 paupe-

1736 1948 1880 1998 rem,
1921 1945 2048 1988 tunc
2087 1937 2200 2003 ipse
2231 1937 2611 2005 prophetarum
2649 1938 2914 1988 maximus
2946 1944 3001 1990 et
3028 1937 3278 2005 princeps

1735 2021 1991 2074 revelabit
2019 2022 2117 2074 tibi
2162 2037 2220 2075 se
2255 2022 2418 2074 Deum
2461 2038 2581 2076 esse
2605 2038 2831 2085 verum,
2866 2023 2985 2075 sine
3013 2037 3238 2091 corpore
3260 2062 3278 2088 ,

1735 2119 1786 2161 et
1840 2119 1966 2162 ante
1995 2110 2174 2161 omnia
2209 2111 2408 2162 saecula
2447 2124 2510 2161 ex
2558 2109 2665 2161 Deo
2694 2124 2820 2163 vero
2848 2111 3111 2177 genitum.
3151 2110 3283 2164 0m-

1735 2212 1832 2250 nes
1858 2211 1987 2250 vero
2021 2197 2361 2252 celeberrimi
2390 2199 2661 2266 prOphette
2683 2197 2822 2267 ,‘qui
2859 2199 2992 2268 legis
3019 2201 3277 2269 interpre-

1736 2293 1815 2340 tes
1850 2285 1953 2353 55
2002 2295 2170 2349 sunt,
2221 2288 2490 2343 divinitati
2546 2288 2785 2356 Christi,
2834 2297 2887 2343 et
2939 2290 3280 2360 dispositioni

1646 2428 1650 2432 .
1735 2376 1895 2430 ﬁdem
1927 2392 2082 2430 suam
2127 2379 2405 2447 exhibent.

2226 2467 2498 2524 CXXVIII.
2522 2499 2589 2510 -—
2617 2462 2820 2523 Eidem.

1800 2557 1915 2612 Non
1948 2561 2403 2616 contemnendum
2435 2562 2531 2617 tibi
2573 2561 2875 2630 perieulum
2910 2558 3184 2628 impendet
3226 2557 3289 2612 in.

1735 2647 2189 2714 Deuteronomio,
2253 2651 2300 2706 si
2351 2651 2572 2706 Christo
2621 2651 2776 2705 tidem
2835 2665 2942 2703 non
2990 2648 3280 2706 habueris.

1731 2733 1913 2802 illique
1943 2738 2147 2791 cultum
2173 2780 2185 2803 ,
2221 2738 2588 2793 obedientiam
2615 2779 2628 2803 ,
2660 2748 2714 2793 ct
2745 2736 3136 2806 subjectionem
3170 2752 3278 2791 non

1730 2824 1974 2887 deferas,
2027 2828 2103 2880 uti
2147 2827 2444 2894 convenit,
2476 2828 2528 2881 in
2567 2827 2844 2882 omnibus.
2875 2827 3175 2896 Legislator
3203 2826 3280 2881 si-

1730 2915 1943 2979 quidem
1966 2913 2392 2970 aituUniversa
2448 2918 2662 2980 anima,
2715 2932 2832 2984 quae
2863 2933 2971 2970 non
3019 2917 3282 2970 obedicrit

1657 3041 1699 3098 ϐ
1732 3004 2004 3070 prophetae
2035 3003 2149 3067 illi,
2175 3005 2630 3057 exterminabitur
2657 3021 2685 3058 e
2710 3006 2892 3057 divino
2927 3007 3128 3074 populo
3156 3006 3223 3059 “.
3256 3024 3274 3056 ι

1939 3091 2170 3147 CXXIX.
2197 3123 2264 3131 ——
2293 3093 2712 3148 ALEXANDRO
2746 3095 3096 3148 MONACIIO.

1799 3178 2097 3232 Absurdam
2123 3195 2234 3232 rem
2260 3197 2419 3248 agere
2443 3182 2572 3234 mihi
2605 3182 2832 3246 videris,
2865 3183 2993 3235 dum
3023 3184 3159 3235 inter
3198 3183 3282 3235 in-

1727 3267 1974 3335 juriact
2000 3269 2200 3323 rabiem
2225 3271 2512 3324 nonnullos
2535 3271 2632 3325 tibi
2660 3271 2890 3324 fructum
2911 3270 3100 3325 afferre
3115 3273 3280 3341 cogis.

1732 3356 1854 3409 llaec
1889 3372 1994 3409 non
2035 3358 2248 3412 dicetur
2291 3359 2568 3413 fructuum
2600 3361 2882 3429 perceptio
2908 3403 2920 3426 ,
2969 3359 3064 3414 sed
3096 3360 3198 3424 vis,
3230 3372 3284 3413 et

1733 3446 1970 3501 dedecus
1993 3486 2007 3507 .
2053 3455 2106 3501 ct
2136 3457 2378 3502 extrema
2410 3449 2827 3518 importunitas,
2862 3459 2914 3503 et
2945 3450 3281 3519 publicarum

1732 3538 2135 3606 impositionum
2168 3548 2222 3593 et
2251 3541 2697 3608 gravissimarum
2739 3544 3085 3596 cxactionum
3132 3558 3280 3596 accr-

1733 3627 1852 3680 bior
1879 3627 2180 3694 depressio.
2214 3629 2316 3683 Sed
2338 3646 2512 3693 cessa,
2535 3632 2784 3694 obsecro,
2819 3633 2885 3684 ab
2906 3633 3002 3685 hac
3029 3633 3279 3686 indecen-

1733 3715 1840 3778 tia;
1895 3715 2140 3782 quinimo
2177 3717 2466 3782 precibus,
2501 3727 2553 3772 et
2594 3720 2777 3772 multa!
2821 3720 3116 3774 secundum
3164 3723 3282 3771 ani-

1734 3819 1872 3855 mam
1905 3806 2072 3872 quieti
2105 3821 2324 3872 operam
2359 3822 2497 3860 nava
2548 3847 2561 3860 .
2607 3816 2662 3861 et
2710 3808 2848 3862 Deus
2893 3810 3152 3862 excitabit
3190 3825 3282 3864 eos

1734 3892 1824 3959 qui
1875 3892 2022 3960 digni
2083 3901 2253 3958 sunt,
2303 3909 2513 3946 morum
2573 3895 2879 3964 probitate,
2931 3913 3052 3949 cum
3104 3898 3284 3950 libello

1731 3981 1957 4049 supplici
1988 4019 2000 4040 ,
2053 3982 2316 4051 quidquid
2352 3983 2449 4036 tibi
2494 3998 2630 4050 opus
2663 3984 2858 4047 fuerit,
2890 3987 3104 4040 otTerrc.
3152 3988 3283 4052 Qui-

1733 4071 1855 4123 dam
1886 4071 2027 4125 enim
2061 4072 2208 4141 digni
2255 4081 2416 4136 sunt,
2448 4075 2538 4142 qui
2573 4075 2857 4128 monachis
2897 4079 3131 4128 fructum
3164 4078 3284 4131 red-

1732 4162 1892 4222 dant,
1925 4161 2146 4228 quidam
2197 4178 2325 4216 vero
2351 4165 2574 4216 omnino
2604 4165 2806 4233 indigni
2835 4208 2847 4229 ,
2879 4175 2933 4218 ct
2966 4181 2994 4217 a
3027 4178 3158 4220 nutu
3193 4168 3281 4221 Dei

1731 4250 1970 4302 maxime
2005 4249 2295 4306 distantes.

1922 4338 2129 4392 CXXX.
2159 4371 2224 4381 --
2256 4340 2618 4394 CLEARCHO
2659 4341 3081 4400 NUMEllARIO.

1801 4427 1917 4495 ipse
1948 4430 2164 4496 quidem
2198 4447 2475 4499 nunquam
2511 4435 2726 4500 lupum,
2773 4435 2819 4491 si
2847 4436 3108 4504 subripit,
3154 4451 3279 4490 con-

1732 4517 1876 4569 vitiis
1905 4521 2173 4584 onerabo;
2201 4535 2390 4588 rapere
2423 4523 2622 4574 etenim
2657 4524 2783 4591 lupo
2818 4534 3013 4578 natura
3057 4527 3276 4579 insitum

1732 4605 1835 4672 56
1869 4616 1984 4673 est;
2023 4609 2114 4660 sed
2151 4610 2423 4663 hominem
2446 4650 2460 4673 ,
2487 4614 2576 4679 qui
2614 4613 2853 4682 lupinam
2894 4623 3121 4669 mentem
3152 4632 3279 4684 prac-

1731 4706 1811 4747 ter
1843 4697 1924 4748 sui
1960 4707 2210 4750 naturam
2255 4701 2533 4767 possidet,
2570 4703 2927 4770 reprehendo.

2055 4788 2286 4843 CXXXI.
2319 4820 2381 4830 --
2418 4791 2826 4846 AIIRELIANO.

1801 4874 1903 4926 Per
1938 4875 2224 4929 Jeremiam
2277 4877 2534 4930 Dominus
2582 4880 2760 4932 dixit:
2815 4898 2831 4929 t
2885 4881 3275 4938 Convertimini

1729 4963 1792 5013 ad
1826 4979 1929 5024 me,
1965 4972 2017 5017 et
2050 4980 2157 5017 non
2184 4967 2388 5018 irascar
2415 4968 2566 5019 vobis
2601 4969 2652 5019 in
2681 4971 2939 5023 sarculum
2964 4971 3029 5023 δ’.
3065 4990 3082 5022 ι
3111 4971 3274 5040 Digna

1729 5067 1860 5104 sane
1890 5055 2219 5120 sempiterno
2263 5055 2447 5106 furore
2475 5047 2716 5109 facinora
2755 5062 3140 5127 perpetrastis,
3182 5061 3275 5114 sed

1729 5152 1848 5188 eum
1885 5139 1996 5204 ipse
2027 5141 2336 5193 misericors
2366 5142 2503 5206 sim,
2549 5160 2718 5197 meam
2754 5147 3140 5201 humanitatem
3167 5165 3272 5202 non

1729 5241 1847 5276 cum
1923 5235 2103 5279 vestra
2162 5229 2538 5295 improbitate,
2596 5231 2689 5286 sed
2747 5249 2866 5285 cum
2908 5249 3020 5286 mea
3074 5236 3275 5301 ingenti

1730 5315 1968 5367 bonitate
2012 5316 2282 5370 dimetior.
2316 5318 2702 5374 Verumtamen
2735 5322 2840 5374 ait:
2872 5321 2984 5375 Etsi
3029 5322 3144 5392 ipse
3177 5324 3275 5375 bo-

1731 5419 1833 5455 nus
1875 5413 1925 5457 ct
1950 5406 2224 5462 humanus
2251 5425 2409 5475 sum,
2448 5418 2503 5463 tu
2552 5417 2733 5465 tamen
2776 5426 2892 5469 ause
2927 5427 3088 5480 prave
3127 5411 3291 5483 cogi-.

1692 5587 1768 5633 zu,
1807 5574 1886 5626 t9.

2929 5675 2960 5734 5
