4134 6328
880 309 980 376 M3

2325 313 2386 372 S.
2425 311 2587 373 NIIJ

3989 316 4078 384 144

877 441 986 481 non
1017 420 1412 492 intempestive,
1442 421 1534 478 sed
1572 422 1807 478 maxime
1836 431 2165 495 Opportune,
2198 431 2252 478 et
2305 435 2432 492 pro-

2539 438 2676 493 ρως.
2718 421 2856 476 ἀλλά
2898 424 2990 477 καὶ
3033 422 3150 482 λίαν
3195 423 3461 495 εὐκαίρως
3518 441 3576 478 τε
3626 425 3716 478 καί
3751 426 4076 498 εὐστόχωςὴ

875 516 1163 587 spicienter
1175 511 1359 566 divina
1373 511 1656 583 Scriptura
1671 522 1863 571 contra
1881 516 2138 570 invidiam
2156 514 2428 584 loquitur:

870 607 1067 662 etenim
1112 617 1451 680 quocunque.
1486 613 1676 670 sancto
1717 605 2004 660 enuntiato
2025 611 2217 660 contra
2241 616 2431 657 omnes

795 700 798 703 ’
872 696 1122 759 allectus,
1156 692 1256 749 sed
1282 693 1570 750 exitiosam
1601 695 1860 750 invidiam
1895 695 2232 762 potissimum
2254 733 2270 760 ,
2305 701 2428 747 tan-

876 801 1036 854 quam
1077 783 1411 848 validissima
1437 791 1714 844 armatura
1739 784 2134 852 eonstipamur.

1361 871 1589 927 CXLVI.
1628 898 1698 912 -
1732 871 1940 929 Eidem.-

949 985 966 1017 ι
988 962 1378 1033 ϐοηευρίεοίικ
1394 962 1589 1032 inquit,
1621 961 1872 1031 spiritus,
1889 977 2052 1032 quem
2072 963 2322 1020 habitare
2351 963 2428 1020 l'e-

870 1058 947 1114 cit
977 1056 1117 1117 Deus
1145 1055 1199 1108 in
1241 1053 1400 1114 nobis
1423 1052 1491 1107 ".
1529 1048 1550 1104 ι
1583 1051 1724 1118 Quid
1747 1067 1912 1122 porro
1933 1046 2232 1122 desiderat,
2260 1070 2428 1126 appe-

872 1146 937 1198 tit
983 1152 1036 1198 ct
1064 1143 1243 1212 diligit
1271 1141 1496 1207 divinus
1528 1140 1796 1212 Spiritus?
1849 1144 2141 1210 unionem,
2199 1159 2430 1200 concor-

865 1233 1048 1299 diam,
1081 1240 1344 1286 mutuum.
1368 1229 1597 1290 fratrum
1633 1245 1897 1286 amorem.
1941 1214 2194 1287 Charitas
2249 1240 2429 1285 autem

868 1340 932 1380 ex
964 1324 1268 1379 humilitate
1303 1333 1357 1378 et
1395 1322 1597 1392 pietate
1643 1322 1918 1389 nascitur;
1945 1322 2132 1377 odium
2157 1363 2172 1388 ,
2201 1332 2253 1377 et
2283 1337 2431 1376 ama-

871 1418 1122 1471 rulentus
1179 1415 1317 1492 livor
1368 1430 1436 1468 ex
1497 1414 1752 1483 superbia
1799 1421 1855 1468 et
1902 1413 2165 1483 iactantia
2210 1415 2428 1469 oritur:

869 1511 1204 1575 quapropter
1231 1503 1436 1558 dictum
1461 1510 1545 1558 est
1577 1517 1589 1552 :
1622 1501 1726 1571 σι
1782 1519 1801 1553 ι
1834 1500 1975 1558 Deus
2011 1502 2264 1573 superbis
2296 1505 2432 1558 resi-

868 1597 960 1650 stit
998 1596 1065 1660 ",
1099 1612 1117 1645 ι
1161 1601 1384 1663 propter
1411 1606 1604 1647 eorum
1636 1592 1922 1648 stultitiam
1983 1593 2039 1646 in
2098 1607 2194 1648 eos
2251 1601 2446 1647 castra,

869 1700 1117 1748 movens,
1150 1686 1228 1737 uti
1256 1683 1386 1737 olim
1419 1682 1474 1737 in
1507 1670 1742 1752 primum
1773 1682 2017 1737 omnium
2051 1683 2323 1752 superbia:
2352 1683 2431 1737 vi-

869 1775 944 1828 tio
975 1775 1235 1828 infectum
1269 1750 1552 1825 Satanam.
1587 1788 1606 1822 ι
1641 1770 1948 1825 ilumilihus
1973 1750 2154 1826 autem
2189 1771 2280 1826 dat
2309 1787 2434 1843 gra-
2464 1750 2504 1804 Β

867 1867 999 1920 tiam
1027 1864 1095 1931 ⁸³;
1125 1883 1141 1914 ι
1163 1863 1268 1917 hoc
1287 1870 1390 1928 est,
1412 1863 1681 1933 spiritalia
1706 1864 1954 1932 qumdam
1986 1879 2212 1918 munera
2238 1865 2434 1934 elargi-

868 1962 960 2006 tur
994 1951 1081 2017 iis,
1119 1950 1210 2020 qui
1247 1960 1464 2029 propter
1494 1949 1666 2004 Deum
1706 1950 2064 2004 humilitatem
2097 1951 2427 2017 amplectun-

869 2053 978 2098 tur.
998 2102 1001 2104 _
1259 2088 1278 2093 -

931 2199 934 2202 λ
1347 2130 1600 2188 CXLVII.
1635 2160 1696 2170 —
1733 2131 1940 2186 Eidem.

942 2243 963 2294 ι
1002 2222 1078 2279 Ne
1108 2222 1460 2294 respondeas,
1500 2221 1577 2275 ait
1611 2219 1912 2287 Salomon,
1937 2223 2103 2285 stulto
2131 2225 2432 2292 secundum

869 2314 1158 2376 stultitiam
1213 2313 1373 2383 ejus,
1426 2327 1494 2368 ne
1545 2311 1742 2367 similis
1811 2312 1888 2366 illi
1974 2311 2094 2368 tias.
2146 2313 2450 2384 Responde.

871 2421 1000 2463 vero
1033 2405 1279 2462 stultitiae
1307 2404 1450 2474 ejus,
1475 2419 1542 2458 ne
1572 2402 1814 2473 prudens
1837 2402 1982 2473 apud
2013 2419 2074 2458 se
2098 2419 2222 2460 esse
2252 2404 2438 2459 videa-

871 2506 958 2553 tur
979 2497 1046 2550 “.
1085 2513 1106 2546 ι
1149 2493 1254 2560 Qui
1291 2493 1435 2549 enim
1485 2493 1773 2563 praeceptis
1806 2493 1898 2548 Dei
1945 2494 2296 2550 adversantia
2355 2496 2436 2549 lo-

870 2588 1054 2658 quenti
1095 2586 1287 2651 stulto,
1314 2593 1368 2640 et
1414 2584 1468 2638 in
1495 2591 1777 2654 peccatum
1832 2582 2085 2638 invitanti
2135 2588 2432 2650 consentit,

869 2693 930 2734 ea
962 2677 1220 2742 laudans,
1250 2673 1550 2729 secundum
1587 2673 1738 2730 stulti
1781 2673 2073 2728 stultitiam
2110 2677 2392 2744 respondit
2417 2714 2433 2742 ,

869 2776 926 2824 et
955 2764 1154 2825 similis
1201 2763 1376 2819 iactus
1402 2771 1487 2818 est
1515 2763 1592 2816 illi
1624 2778 1640 2818 :
1676 2762 1770 2832 qui
1807 2775 1937 2816 vero
1983 2759 2231 2830 improba
2261 2776 2436 2816 enun-

871 2853 1025 2914 tianti
1058 2867 1179 2909 sese
1202 2852 1478 2922 opposuit,
1528 2864 1630 2904 nec
1672 2848 2021 2906 exsecrandis
2066 2848 2212 2904 illius
2256 2850 2434 2906 verbis

874 2957 1155 3004 assensum
1177 2949 1444 3010 praestare
1465 2939 1750 3004 sustinuit,
1781 2937 2116 3009 respondere
2143 2939 2344 2993 dicitur
2367 2940 2434 2994 ad

871 3034 1155 3092 stultitiam
1209 3029 1392 3098 illius;
1427 3028 1533 3085 hoc
1587 3035 1691 3092 est,
1747 3035 1936 3084 contra
1965 3027 2110 3082 illius
2145 3013 2506 3122 stultitiamd

873 3124 1192 3198 palmarium
1225 3120 1486 3191 optimum
1511 3119 1720 3185 habuit,
1753 3127 2122 3189 tropaeumque
2163 3131 2430 3172 consensu

870 3215 1114 3271 omnium
1137 3212 1338 3278 erexit,
1399 3210 1654 3282 pharetra
1683 3208 2005 3280 sagittarum
2051 3207 2294 3264 veritatis
2317 3249 2332 3274 ,
2369 3223 2432 3263 ac

872 3307 1115 3362 cmlestis
1137 3304 1420 3375 sapientiae
1460 3300 1723 3356 adversus
1761 3298 2046 3354 stultitiam
2072 3337 2089 3364 ,
2131 3312 2432 3370 vanamque

875 3397 1104 3467 improbi
1137 3393 1390 3466 s0pltistze
1413 3391 1723 3463 opinionem
1749 3404 1902 3444 usus.

1205 3613 1210 3618 -
1258 3570 1531 3628 CXLVIII.
1571 3600 1635 3612 -—
1668 3567 2051 3625 SOZOMENO.

944 3666 1229 3721 Peccatum
1263 3664 1396 3718 fumi
1443 3663 1619 3718 instar
1656 3662 1921 3726 citissime
1949 3657 2303 3722 dissolvitur;
2335 3657 2431 3712 de-

875 3758 986 3813 bita
1025 3772 1152 3813 vero
1182 3756 1391 3827 punitio
1415 3764 1471 3809 et
1519 3767 1677 3823 poena
1702 3753 1768 3806 ad
1794 3767 1916 3821 qua:
1971 3748 2173 3806 szecula
2213 3758 2428 3820 protra-

875 3847 1134 3923 hitur‘lsj,
1152 3847 1264 3900 haec
1295 3853 1472 3902 tecum
1499 3843 1950 3909 consideraveris,
1976 3829 2220 3895 ωειιίωό
2239 3842 2432 3897 timore

875 3946 930 3992 et
962 3947 1197 3993 tremore
1224 3935 1580 3990 concutieris.

979 4029 1084 4098 62
1115 4024 1344 4082 CXLIX.
1373 4054 1440 4064 -—-
1460 4022 1802 4079 CORNELIO
1837 4021 2318 4079 PRESBYTERO.

947 4118 1085 4183 Quid
1118 4127 1202 4173 est
1228 4114 1370 4184 quod
1400 4115 1476 4168 ait
1503 4112 1798 4183 Apostolus
1832 4131 1844 4166 :
1878 4129 1898 4162 ι
1940 4111 2053 4168 Etsi
2079 4114 2430 4183 cognovimus

2531 513 2651 567 θεία
2678 513 2866 585 Γραφὴ
2898 514 3039 568 κατά
3069 515 3163 567 τοῦ
3195 515 3389 584 φθόνου
3418 517 3606 570 λαλεῖτ
3648 517 3795 570 πᾶσα
3823 518 3931 589 γὰρ
3959 521 4077 588 ἁγία

2531 607 2911 674 προσφώνησις
2953 605 3095 659 κατά
3135 606 3332 668 παντὸς
3362 605 3462 675 μὲν
3505 607 3726 670 πάθους,
3775 608 4005 678 μάλιστα
4031 611 4078 661 δὲ

2533 692 2673 774 κατά
2700 692 2892 761 φθόνου
2927 694 3021 747 τοῦ
3061 695 3310 766 ,ὀλεθρίου
3348 695 3590 752 τίθεσθαι
3619 698 3819 756 ,εἴωθεν
3855 697 4076 768 ἰσχυρώ-

2531 801 2666 837 τατα
2695 784 2853 839 ὅπλα.

3003 874 3194 941 Ριιςί.
3229 903 3299 913 -
3334 871 3416 939 τῷ
3445 875 3623 939 αὐτῷ.

2612 983 2629 1017 ι
2675 966 2971 1029 Ἐπιποθεῖ,
3000 964 3203 1034 φησὶν,
3231 965 3290 1019 τὸ
3314 1009 3318 1012 .
3343 966 3591 1034 πνεῦμα,
3619 965 3649 1017 ὃ
3700 967 4015 1036 κατῴκησεν
4055 969 4080 1017 ὁ

2532 1056 2662 1127 Θεὸς
2715 1057 2773 1118 ἐν
2814 1059 2965 1126 ἡμῖν.
3001 1074 3020 1108 ι
3069 1057 3133 1108 Τί
3163 1056 3217 1108 δὲ
3241 1068 3243 1070 ·
3268 1056 3546 1127 ἐπιποθεῖ,
3577 1057 3672 1109 καὶ
3697 1057 3962 1127 στέργει,
3993 1060 4080 1109 καὶ

2533 1149 2728 1217 ἀγαπᾷ
2750 1148 2810 1200 τὸ
2835 1148 2986 1215 ,θεῖον
3007 1146 3252 1217 Πνεῦμα,
3273 1147 3306 1218 ἢ
3335 1148 3432 1218 τὴν
3456 1149 3665 1211 ἕνωσιν,
3697 1148 3792 1200 καὶ
3813 1148 4078 1216 ὁμόνοιαν,

2533 1239 2631 1291 καὶ
2656 1237 2753 1308 τὴν
2787 1235 3137 1307 φιλαλληλίαν
3169 1237 3276 1289 τῶν
3316 1238 3593 1312 ἀδελφῶν;
3627 1237 3693 1290 Ἦ
3718 1236 3775 1288 δέ
3811 1236 3999 1306 ἀγάπη
4027 1239 4082 1288 ὲκ

2533 1329 3030 1399 ταπεινοφροσύνης
3083 1329 3176 1382 καὶ
3230 1327 3517 1398 εὐλαϐείας
3554 1323 3871 1389 κυῖσκεται,
3919 1318 3980 1379 to
4034 1327 4083 1378 δὲ

2537 1422 2691 1492 μῖσος
2721 1420 2817 1473 καὶ
2847 1421 2880 1490 ἡ
2913 1419 3097 1492 ¹πικρὰ
3130 1401 3400 1489 βασκανία
3442 1406 3506 1471 ἐκ
3529 1419 3629 1488 τῆς
3667 1417 3962 1490 ὑπεροψίας
3997 1418 4083 1468 καὶ

2533 1509 2818 1572 ἀλαζονίας
2874 1507 3232 1579 προσέρχεται
3251 1524 3274 1539 ο·
3299 1508 3381 1560 διὸ
3418 1501 3659 1578 εῐρηται,
3693 1510 3776 1561 ὅτι
3806 1526 3826 1559 ι
3867 1509 3925 1561 ὐ
3960 1506 4083 1566 Θεὸς

2542 1598 2908 1671 ὑπερηφάνοις
2949 1600 3342 1666 ἀντιτάσσεται,
3376 1619 3394 1651 ι
3425 1599 3526 1666 ,διὰ
3552 1587 3951 1670 ίτὴνάπόνοιαν
3999 1600 4085 1651 αύ-

2507 1685 2642 1763 ίτῶν
2676 1691 3222 1761 ἀντιστρατευόμενος
3247 1692 3450 1764 αὐτοῖς,
3477 1689 3726 1761 καθάπερ
3757 1688 3833 1758 τῷ
3865 1690 4086 1760 πρώτως

2534 1782 2631 1852 τὴν
2655 1778 3033 1852 ὑπερηφανίαν
3057 1765 3343 1851 νοσήσαντι
3386 1764 3633 1850 Σατανᾷ²έ
3670 1764 4002 1854 ιξΤαπεινοῖς
4040 1780 4086 1830 δὲ

2533 1873 2715 1926 δίδωσι
2749 1871 2929 1942 χάριν,
2968 1867 2995 1923 ι’
3019 1857 3284 1934 τουτέστι,
3324 1870 3668 1940 πνευματικά
3698 1885 3818 1923 τινα
3857 1869 4088 1938 ηγὰζει

2533 1963 2849 2031 δωρήματα,
2896 1963 3006 2023 τοῖς
3053 1946 3154 2015 διᾶ
3193 1962 3281 2013 τὸν
3333 1960 3462 2014 Θεὸν
3510 1958 3898 2022 ταπεινοῦσθαι
3935 1975 4089 2011 σπου-

2534 2049 2770 2110 δάζουσι.
3135 2108 3138 2110 η
3672 2052 3673 2056 “

2699 2204 2710 2213 α
3011 2137 3187 2190 PMZ".
3223 2167 3290 2175 —
3327 2135 3410 2213 Τῷ
3437 2135 3614 2200 αὐτῷ.

2611 2245 2628 2276 ι
2670 2211 2761 2297 Μὴ
2794 2226 3110 2301 ἀποκρίνου,
3152 2227 3284 2292 φησὶ
3313 2211 3580 2294 Σολομῶν,
3608 2223 3688 2293 τῷ
3732 2225 3930 2298 ἄφρονι
3958 2219 4090 2276 κατὰ

2533 2316 2633 2386 τὴν
2671 2312 3214 2385 ἀφροσύνιινάύτοῦ,
3256 2314 3342 2386 ἵνα
3398 2314 3474 2385 μὴ
3509 2315 3694 2384 ὅμοιος
3729 2315 3862 2385 γένῃ
3916 2312 4087 2383 αὐτῷ·

2535 2407 2829 2477 ἀποκρίνου
2862 2406 2919 2458 δὲ
2946 2405 3022 2475 τῷ
3067 2389 3270 2488 ἄφρονξι
3286 2405 3424 2474 πρὸς
3452 2403 3550 2475 τὴν
3580 2403 3889 2480 ἀφροσύνην
3911 2403 4088 2467 αὑτοῦ,

2495 2505 2504 2514 ·
2538 2497 2624 2548 ἵνα
2649 2497 2724 2565 μὴ
2758 2497 3018 2566 φρόνιμος
3048 2495 3176 2562 παρ’
3209 2493 3382 2564 ἐαυτῷ
3409 2494 3684 2574 φαίνηται.
3709 2513 3728 2545 ι
3766 2493 3826 2546 '0
3867 2493 3966 2564 μιν
3993 2495 4090 2561 γὰρ

2536 2585 2785 2640 λαλοῦντι
2815 2585 2892 2654 τῷ
2923 2587 3116 2655 ἄφρονι
3147 2581 3632 2655 τάἐναντιούμενα
3648 2585 3760 2646 τοῖς
3792 2583 3976 2652 νόμοις
4007 2578 4089 2633 τοῦ

2535 2675 2690 2742 Θεοῦ,
2726 2677 2820 2729 καὶ
2857 2675 3316 2746 προσκαλουμένῳ
3353 2674 3432 2736 είς
3471 2673 3743 2745 ἁμαρτίαν
3772 2688 4089 2738 συγκατατι-

2536 2767 2778 2836 θέμενος,
2823 2768 2916 2821 καὶ
2967 2767 3260 2830 συναινῶνν,
3304 2764 3576 2835 ἀπεκρίθη
3605 2763 3757 2817 ¹κατΞι
3808 2761 3907 2832 τὴν
3931 2763 4090 2830 ἀφρο-

2537 2856 2702 2924 σύνην
2728 2856 2821 2907 τοῦ
2845 2856 3093 2925 ἄφρονος,
3125 2855 3219 2908 καὶ
3243 2852 3496 2924 ὡμοιώθη
3528 2850 3704 2922 αύτῷ·
3736 2852 3765 2903 ό
3794 2850 3838 2903 δ’
3879 2851 4090 2903 ἀντιτα-

2536 2943 2766 3013 ξάμενος
2799 2945 2874 3015 τῷ
2895 2945 3154 3016 φράζοντι
3181 2943 3249 2997 τά
3277 2942 3472 3012 φαῦλα,
3503 2943 3598 2996 καὶ
3627 2942 3700 3013 μὴ
3733 2941 4089 3010 ἀνασχόμενος

2537 3035 2814 3087 συνδιάσαι
2851 3034 2930 3104 τῷ
2975 3035 3404 3105 μιαρορῤήμονι,
3456 3031 3843 3102 ἀποκρίνεσθαι
3883 3032 4090 3098 λέγεται

2533 3124 2669 3194 πρὸς
2716 3123 2815 3193 τὴν
2845 3123 3157 3194 ἀφροσύνην
3184 3122 3368 3187 αὑτοῦ,
3385 3122 3628 3174 τουτέστι
3652 3106 3792 3174 κατά
3810 3121 3906 3190 τῆς
3929 3123 4088 3189 ἀφρο-

2535 3215 2696 3285 σύνης
2719 3214 2882 3267 αὑτοῦ
2904 3213 3195 3283 ἀπεδείχθη
3225 3213 3443 3280 ἄριστος
3469 3210 3692 3280 νικητὴς
3719 3211 4087 3279 τροπαιοῦχος,

2531 3310 2594 3377 τῇ
2619 3304 2880 3375 βελοθήκῃ
2899 3305 2995 3374 τῆς
3023 3302 3296 3372 ἀληθείας,
3319 3303 3530 3370 καὶτῆς
3553 3300 3874 3370 ἐπουρανίου
3909 3303 4088 3368 σοφίας

2532 3393 2870 3465 χρησάμενος
2917 3392 3054 3446 κατά
3086 3395 3183 3463 τῆς
3225 3390 3552 3462 ἀφροσύνης,
3595 3388 3689 3440 καὶ
3721 3389 3823 3456 τῆς
3859 3392 4088 3458 ματαίας

2532 3486 2756 3556 οἰήσεως
2797 3482 2889 3536 τοῦ
2920 3482 3154 3551 πονηροῦ
3189 3480 3463 3549 σοφιστοῦ.

2969 3573 3154 3627 PMH'.
3187 3601 3254 3612 —
3284 3572 3662 3642 ΣΩΖΟΜΕΝῼ.

2613 3666 2678 3718 Ἥ
2708 3666 2804 3734 μὲν
2832 3661 3073 3732 ἁμαρτία
3116 3661 3270 3730 δίκην
3323 3660 3532 3713 καπνοῦ
3557 3659 3749 3712 θᾶττον
3777 3659 4085 3713 διαλύεται·

2532 3755 2563 3824 ή
2602 3753 2658 3806 δὲ
2691 3751 3012 3822 ὀφειλομένη
3047 3749 3308 3819 τιμωρία,
3351 3749 3442 3800 καὶ
3477 3748 3715 3812 κόλασις,
3748 3749 3838 3800 ἐπὶ
3897 3751 4085 3809 πόσους

2533 3842 2733 3903 αίῶνας
2759 3840 3048 3894 ἐντείνεται
3075 3857 3090 3906 ;
3124 3837 3250 3891 Ἐὰν
3279 3837 3489 3907 λογίσῃ,
3539 3835 3822 3906 φοϐηθήσῃ
3858 3837 4084 3905 μεγάλα,

2533 3932 2623 3986 καὶ
2654 3930 2966 4002 τρομάξεις.

2743 4021 2922 4075 ΡΜΘ⁹.
2952 4018 3380 4090 -ΚΟΡΝΗΛΙῼ
3417 4018 3907 4086 ΠΡΕΣΒΥΤΕΡῼ.’

2599 4113 2663 4164 Τί
2732 4114 2912 4177 ἐστιν,
2969 4113 3104 4182 ὅπερ
3160 4113 3319 4183 φησὶν
3376 4113 3405 4163 ὁ
3466 4109 3815 4172 Ἀπόστολος·
3854 4125 3879 4183 ι
3929 4107 3990 4159 Εί
4041 4107 4087 4158 δὲ

880 4209 1176 4265 secundum
1225 4219 1442 4259 carnem
1493 4204 1773 4258 Christum
1802 4241 1817 4267 ,
1845 4204 1941 4258 sed
1997 4219 2142 4257 nunc
2186 4204 2427 4257 nondum

2531 4205 2624 4258 καὶ
2681 4202 2997 4272 ἐγνώκαμεν
3052 4181 3192 4256 κατά
3221 4181 3413 4273 σάρκα
3459 4201 3724 4272 Χριστὸν,
3797 4181 3940 4252 ἀλλὰ
4007 4199 4087 4249 νῦν

882 4295 1262 4367 cognoscimus
1279 4293 1358 4345 "‘l
1387 4309 1406 4342 ι
1431 4290 1681 4358 Namque
1697 4301 1912 4359 propter
1933 4305 2173 4347 nostram
2199 4293 2426 4347 salutem

2531 4292 2708 4345 οὐκέτι
2745 4290 3140 4360 ’γινώσκομεν;
3188 4310 3206 4341 ι
3266 4290 3480 4358 Ἐπειδὴ
3515 4289 3618 4372 ,διὰ
3683 4288 3780 4358 τὴν
3824 4287 4088 4358 ἡμετέραν

883 4388 1146 4445 Dominus
1186 4384 1346 4439 homo
1377 4383 1574 4442 iactus,
1610 4390 1814 4434 etcum
1864 4381 2172 4436 hominibus
2212 4396 2436 4436 conver-

2539 4381 2809 4450 σωτηρίαν
2837 4382 2864 4431 ὁ
2892 4380 3165 4450 Δεσπότης
3191 4380 3472 4451 ἄνθρωπος
3513 4380 3822 4448 γενόμενος,
3857 4380 3954 4432 καὶ
3989 4380 4088 4438 τοῖς

881 4487 1052 4538 satus,
1081 4483 1138 4530 ut
1162 4471 1435 4544 propriam
1454 4470 1887 4525 incarnationem
1908 4482 2089 4523 veram
2105 4469 2434 4533 ostenderet;

884 4585 992 4623 non
1023 4574 1232 4619 tantum
1274 4562 1535 4631 puerulus
1563 4559 1742 4626 adhuc
1770 4558 1853 4611 iac
1886 4557 2056 4620 suxit,
2084 4563 2143 4611 ut
2173 4557 2332 4625 plane
2363 4559 2438 4610 vi-

884 4657 1135 4720 debatur,
1172 4653 1267 4709 sed
1306 4651 1524 4706 adultus
1567 4650 1731 4704 etiam
1769 4640 2044 4713 comedit,
2097 4655 2151 4703 et
2194 4646 2347 4712 bibit,
2383 4654 2436 4701 et

886 4745 1176 4808 laboravit,
1193 4752 1246 4800 et
1267 4757 1518 4799 somnum
1545 4740 1709 4810 cepit,
1733 4737 1966 4808 ﬂagellis
1989 4752 2186 4800 caesus,
2203 4745 2258 4792 et
2283 4737 2433 4792 cruci

807 4886 811 4890 .
884 4834 1073 4891 aﬂixus
1090 4841 1193 4897 est,
1228 4840 1336 4888 etc.
1364 4831 1620 4885 Attamen
1649 4836 1772 4899 post
1802 4828 1972 4896 ipsius
1995 4842 2060 4882 ex
2085 4825 2316 4881 mortuis
2343 4841 2427 4881 re-

884 4926 1300 4989 surrectionem,
1336 4939 1442 4977 non
1475 4922 1708 4991 amplius
1732 4919 1976 4988 corporis
2004 4917 2439 4986 aegritudinibus,

822 5005 829 5014 ’
883 5023 938 5069 ct
1015 5011 1438 5068 necessitatibus
1482 5010 1746 5079 subjaeet.
1801 5007 2093 5076 Propterea
2143 5006 2438 5074 Apostolus

886 5105 958 5158 ait
987 5121 1002 5156 :
1031 5101 1144 5155 Non
1179 5101 1320 5154 ultra
1369 5095 1747 5169 cognoscimus
1761 5097 2038 5160 Christum
2068 5096 2436 5166 passionibus,

885 5191 1316 5254 inﬁrmitatibus,
1342 5199 1396 5244 et
1432 5190 1590 5242 morti
1632 5190 1949 5244 obnoxium.
1977 5187 2168 5243 Virtus
2195 5202 2432 5256 namque

887 5282 1188 5338 divinitatis
1219 5279 1367 5334 illius
1392 5278 1628 5332 humana
1671 5279 1853 5332 omnia
1877 5278 2171 5348 superavit.
2203 5278 2266 5331 Et
2313 5279 2438 5332 licet

888 5390 1053 5441 nunc,
1083 5375 1226 5437 etin
1261 5374 1443 5425 futura
1474 5371 1671 5424 saecula
1701 5371 1757 5423 in
1791 5379 1982 5425 sancto
2005 5386 2256 5440 corpore,
2292 5371 2435 5439 quod

890 5476 1044 5520 antea
1070 5449 1176 5519 sub
1197 5462 1373 5517 Pilato
1401 5461 1550 5515 cruci
1600 5458 1821 5514 aiﬁxum
1852 5461 1990 5526 iuit,
2039 5469 2092 5516 et
2143 5462 2438 5529 sepultura:

960 5644 1003 5676 "
1034 5641 1241 5706 Jacuv,
1283 5643 1332 5696 5.
1413 5644 1452 5671 "
1497 5642 1572 5694 Pt-
1612 5660 1656 5694 υ.

2541 4470 2840 4538 ἀνθρώποις
2877 4470 3474 4537 συναναστρεφόμενος,
3537 4470 3624 4521 ἵνα
3657 4468 3801 4538 δείξῃ
3842 4468 4088 4538 ἀληθινὴν

2540 4559 2635 4629 τὴν
2663 4558 2868 4611 οίκείαν
2904 4559 3197 4627 σάρκωσιν,
3245 4557 3303 4608 ού
3341 4557 3496 4626 μόνον
3526 4556 3864 4626 ἐγαλουχήΘη
3903 4559 4089 4626 βρέφος

2540 4649 2820 4718 τυγχάνων
2867 4648 3004 4701 κατά
3030 4647 3089 4700 τὸ
3134 4647 3458 4716 βλεπόμενον
3480 4687 3495 4713 ,
3531 4646 3669 4700 ἀλλά
3721 4649 3814 4699 καὶ
3843 4647 4090 4716 αὐξηθεὶς

2541 4739 2785 4810 βέϐρωκε
2827 4757 2885 4792 τε
2919 4741 3012 4792 καὶ
3055 4739 3308 4792 πέπωκεν
3333 4781 3350 4804 ,
3387 4738 3643 4792 ἐκοπίασέ
3681 4755 3740 4791 τε
3779 4738 3876 4790 καὶ
3926 4737 4088 4790 ὕπνω-

2540 4848 2666 4894 σεν,
2713 4828 3016 4899 ὲμαστίχθῃ
3067 4846 3125 4880 τε
3168 4828 3261 4881 καὶ
3309 4827 3650 4898 ἐσταυρώθη,
3694 4828 3786 4879 καὶ
3827 4827 3899 4879 τὰ
3952 4827 4085 4896 ἑξῆς.

2536 4921 2690 4974 Μετά
2716 4920 2772 4972 δὲ
2802 4919 2898 4990 τὴν
2920 4919 3213 4973 ἀνάστασιν
3234 4919 3400 4972 αὑτοῦ
3428 4918 3523 4989 τὴν
3562 4919 3626 4970 ἐκ
3654 4917 3887 4986 νεκρῶν,
3908 4917 4084 4972 οὐκέτι

2539 5012 2832 5064 ὑποπίπτει
2865 5012 2984 5072 ταῖς
3011 5008 3103 5062 τοῦ
3135 5008 3382 5078 σώματος
3407 5006 3855 5071 ἀσθενείαις,-καὶ
3889 5009 4088 5078 χρείαις

2537 5101 2888 5171 ἀναγκαίαιςο
2923 5100 3008 5152 διά
3039 5100 3193 5151 τοῦτό
3222 5117 3384 5168 φησιν
3417 5101 3445 5151 ὁ
3485 5098 3823 5162 ’Δπόστολος,
3845 5100 3930 5152 ὅτι
3965 5099 4089 5150 Οὐκ-

2542 5189 2621 5239 έτι
2660 5186 2997 5254 γινώσκομεν
3045 5185 3133 5237 τὸν
3171 5185 3399 5255 Χριστὸν
3437 5185 3698 5255 παθητὸν,
3736 5186 3830 5238 καὶ
3872 5185 4086 5250 ἀσθενῆ,

2544 5280 2636 5332 καὶ
2673 5278 2990 5347 θνήσκοντα.
3032 5274 3338 5343 Ἐξενίκησε
3379 5274 3548 5344 γὰρὴ
3587 5275 3812 5342 δύναμις
3855 5277 3958 5345 τῆς
3989 5276 4089 5324 θεό-

2542 5388 2699 5440 τητος
2729 5369 2894 5422 αὑτοῦ
2925 5369 3103 5422 πάντα
3130 5367 3198 5419 τὰ
3227 5350 3557 5438 ἀνθρώπινα.
3584 5365 3701 5418 Κᾶν
3724 5366 3831 5435 γὰρ
3865 5367 4089 5436 ὑπάρχει

2543 5465 2637 5515 καὶ
2674 5463 2786 5525 νῦν,
2818 5461 2909 5514 καὶ
2939 5463 3018 5524 είς
3047 5461 3171 5522 τοὺς
3206 5458 3405 5519 αἰῶνας
3435 5457 3492 5509 ἐν
3513 5455 3588 5526 τῷ
3609 5455 3746 5523 ἀξίῳ
3775 5453 3990 5525 σώματι
4025 5453 4087 5519 τῷ

1713 5654 1792 5706 ιιι,
1828 5641 1905 5694 3L
1945 5657 1958 5706 ;
1990 5640 2104 5696 Jac.
2145 5658 2225 5710 ,tv,
2261 5643 2311 5696 6.
2389 5643 2433 5674 ⁵³

2531 5643 2611 5697 ιίιί.
2689 5641 2730 5673 ⁵⁵
2765 5640 2918 5695 Prov.
2958 5655 3102 5704 xxvi,
3138 5638 3191 5704 Δ,
3221 5637 3272 5692 5.
3352 5637 3392 5668 ⁵³
3435 5634 3472 5688 ll
3511 5635 3637 5690 Cor.
3669 5650 3720 5697 v,
3755 5631 3842 5685 16.
