4134 6328
855 341 952 407 H7

2283 347 2346 405 S.
2386 347 2540 405 ΝΠ]

3930 353 4022 414 HS

849 455 906 508 in
931 456 1206 507 humerum
1231 461 1380 505 tuum
1400 452 1442 483 ⁸³
1467 471 1480 517 ;
1522 473 1539 502 ι
1567 451 1668 506 hoc
1683 450 2214 516 est,bonadcsideria
2232 452 2365 503 ednc
2407 453 2452 506 Δ
2477 474 2481 494 ε

2407 453 2452 506 Δ
2477 450 2591 503 δίαν
2634 468 2724 502 σου
2754 449 2836 512 εἰς
2865 451 2952 502 τὸν
2987 446 3133 518 ὦμον
3167 469 3257 503 σου
3291 469 3306 482 ·
3344 471 3361 503 ι
3398 453 3684 518 τουτέστιν,
3732 455 3798 508 τὰ
3850 459 4023 524 ἀγαθά

848 558 903 597 ιη
931 541 1270 610 οριιείηειιιε
1298 555 1584 610 operosus.

1051 708 1761 767 CLVI.—CHRYSOGONO
1775 709 2174 765 CLESVALIO.

915 796 976 850 Si
1001 800 1122 866 quis
1140 813 1207 853 ex
1227 791 1582 869 inepti‘ssimis
1604 799 1807 868 optima
1827 812 2051 866 quaeque
2067 795 2383 851 calumniari

845 893 899 939 et
959 903 988 940 a
1041 888 1321 942 mendacio
1379 886 1657 942 exordium
1729 887 1968 948 ducere,
2017 894 2388 954 perpetuoque

847 974 1013 1029 ctiam
1043 976 1098 1030 in
1133 974 1474 1029 mendacium
1513 973 1768 1028 desinere
1811 973 1962 1036 velit,
1993 973 2160 1027 dicito
2210 972 2340 1026 mihi
2371 1011 2385 1034 ,

848 1061 902 1116 In
942 1077 1228 1132 quemnam
1260 1061 1469 1114 desinet
1496 1069 1586 1112 aut
1616 1059 1916 1112 adducetur
1949 1060 2105 1113 ﬁnem
2133 1060 2158 1112 τ

1140 1149 1246 1219 a5
1275 1147 1476 1203 CLvu.
1500 1178 1571 1187 —
1591 1145 2066 1202 rueoouosro.

918 1235 1076 1290 Forte
1122 1237 1376 1306 ignoras,
1431 1237 1503 1290 mi
1559 1236 1745 1301 frater,
1793 1229 1960 1306 legem
2009 1236 2103 1290 Dei
2135 1237 2381 1291 custodi-

842 1331 950 1375 tam
972 1363 986 1387 ,
1028 1339 1247 1379 servare
1271 1365 1287 1391 ,
1327 1325 1606 1379 custodire
1645 1332 1700 1379 et
1739 1333 1921 1393 tegere
1949 1338 2079 1387 eos,
2110 1325 2203 1393 qui
2240 1325 2384 1378 illam

790 1441 799 1448 -
842 1425 1062 1466 servare
1088 1420 1144 1467 et
1172 1414 1450 1468 custodire
1482 1427 1604 1466 cum
1634 1413 1933 1468 sobrietate
1957 1422 2230 1483 satagunt.

1241 1588 1465 1643 eLvm.
1491 1618 1558 1664 -έ
1582 1587 1971 1644 DECURIONI.

907 1675 1093 1744 Neque
1140 1677 1449 1736 universum
1488 1691 1667 1735 aerem
1699 1677 1898 1745 aliquis
1945 1691 2182 1744 unquam
2234 1677 2387 1729 duxit

2485 537 2824 608 βουλεύματα
2879 541 2957 602 εἰς
3019 538 3175 607 ἔργον
3235 540 3463 610 ἐξάγαγε
3525 547 3821 612 πρακτικὸς
3877 553 4023 615 γενύ-

2486 644 2662 695 μενος.
3358 641 3362 644 ·

2679 714 2861 782 PNCT.
2893 746 2958 756 —
2982 715 3381 786 ΧΡΥΣΟΓΟΝῼ
3408 719 3856 791 ΚΛΗΣΟΥΛΛΙῼ.

2549 805 2621 857 Et
2653 822 2735 868 τις
2765 804 3003 874 βούλοιτο
3051 805 3158 858 τῶν
3186 806 3517 862 ἀπαιδεύτων
3543 813 4028 880 κατασ-ιιιοφαντεῖν

2488 893 2586 962 μὲν
2613 895 2680 946 τὰ
2714 894 2980 964 βέλτιστα,
3015 893 3108 946 καὶ
3139 895 3244 948 ἀπὸ
3269 895 3493 963 ψεύδους
3511 898 3788 968 ἄρχεσθαι,
3817 901 3911 954 καὶ
3937 918 4030 954 κα-

2485 983 2748 1056 ταπαύειν
2775 985 2854 1045 εἰς
2877 982 3067 1051 ψεῦδος
3091 985 3367 1054 διηνεκῶς,
3399 987 3604 1056 φράσον
3635 1006 3746 1057 μοι,
3771 991 3853 1053 εἰς
3883 992 4029 1044 ποῖον

2483 1071 2653 1142 λήξει,
2683 1073 2777 1126 καὶ
2805 1074 3128 1143 καταντήσει
3152 1074 3350 1146 πέρας;

2897 1165 3066 1218 PNZ'.
3096 1193 3167 1206 —
3205 1165 3615 1237 ΘΕΟΓΝΩΣΤῼ.

2555 1255 2714 1316 Ἴσως
2748 1253 2979 1321 ἀγνοεῖς,
3013 1253 3224 1322 ἀδελφὲ,
3271 1255 3350 1307 ὅτι
3377 1257 3406 1306 ὁ
3441 1257 3599 1325 νόμος
3637 1254 3732 1307 τοῦ
3775 1254 3910 1306 Θεοῦ
3937 1271 4031 1322 τη-

2487 1341 2764 1411 ρούμενος,
2791 1345 2972 1411 τηρεῖν
3009 1341 3100 1395 καὶ
3129 1343 3397 1412 φρουρεῖν,
3435 1343 3529 1395 καὶ
3557 1343 3908 1412 περισκέπειν
3931 1341 4029 1393 πέ-

2488 1449 2658 1499 φυκεν
2684 1433 2807 1494 τοὺς
2835 1435 3019 1502 τηρεῖν
3047 1432 3257 1494 τοῦτον,
3288 1432 3382 1484 καὶ
3423 1432 3705 1501 φυλάττειν
3739 1431 3837 1484 σὺν
3874 1431 4032 1500 νήψει

2488 1522 2898 1585 σπουδάζοντας.
3529 1532 3531 1535 ·

2903 1611 3075 1663 ΡΝΗ’.
3097 1638 3164 1650 —-
3185 1609 3612 1662 ΔΕΚΟΥΡΙΩΝΙ.

2559 1701 2693 1754 Οὒτε
2757 1702 2891 1770 ἀέρα
2926 1701 3043 1753 ὅλον
3105 1698 3327 1752 ἑπνευσέ
3364 1717 3444 1761 τις
3497 1685 3894 1764 πώπο’τε,ὀῦτε
3939 1699 4033 1752 ού-

843 1772 900 1820 et
931 1765 1176 1829 reﬂuxit,
1230 1780 1409 1834 neque
1442 1766 1739 1821 essentiam
1778 1765 1869 1818 Dei
1918 1765 2080 1832 plane
2124 1764 2261 1816 bene
2293 1771 2387 1814 aut
2419 1761 2454 1812 Β

2419 1761 2454 1812 Β
2486 1791 2604 1843 σίαν
2653 1788 2782 1841 Θεοῦ
2826 1761 3129 1851 ¹παντελῶς,
3183 1782 3216 1857 ἢ
3267 1786 3389 1849 νοῦς
3421 1761 3757 1856 κεχώρηκεν,
3797 1787 3832 1855 ἢ
3879 1785 4031 1855 φωιὴ

847 1867 995 1906 mens
1023 1853 1202 1920 cepit,
1230 1863 1324 1906 aut
1349 1868 1450 1906 vox
1479 1852 1758 1936 complexa
1799 1859 1911 1916 est;
1945 1851 2036 1905 sed
2069 1865 2132 1904 ex
2173 1850 2241 1903 iis
2266 1865 2386 1917 quae

840 1943 985 1994 circa
1014 1958 1135 1994 eum
1177 1951 1305 1996 sunt
1329 1981 1341 2004 .
1385 1957 1504 2009 quae
1541 1941 1698 1995 illius
1734 1949 1862 1994 sunt
1886 1940 2052 1993 veluti
2103 1939 2158 1990 in
2197 1937 2385 1991 umb‘ra

843 2030 1175 2098 allingentes,
1206 2030 1438 2084 debilem
1470 2028 1759 2097 quamdam
1789 2041 1853 2080 ac
1879 2026 2200 2079 imbecillem
2226 2024 2384 2076 aliam

845 2122 910 2174 ab
935 2121 1036 2173 alia
1069 2121 1354 2190 imaginem
1378 2161 1394 2185 ,
1433 2127 1593 2188 atque
1623 2125 1942 2186 conceptum
1980 2115 2354 2184 exprimimus.

1085 2273 1089 2275 ς
1361 2209 1540 2266 CLIX.
1570 2239 1638 2248 —
1664 2209 1868 2262 Eidem.

921 2320 955 2353 ι·
995 2302 1236 2369 Angusta
1272 2300 1460 2368 janua,
1509 2307 1562 2353 et
1601 2304 1750 2351 arcta
1785 2297 1871 2351 via
1917 2304 2032 2356 est,
2070 2311 2191 2364 quae
2233 2293 2386 2347 ducit

845 2409 898 2446 in
928 2392 1092 2446 vitam
1115 2429 1129 2453 ,
1162 2399 1215 2445 et
1253 2389 1410 2458 pauci
1463 2394 1624 2452 sunt,
1656 2387 1750 2456 qui
1799 2385 2210 2454 deprehendunt
2261 2383 2326 2434 "*.
2361 2401 2379 2432 ›

845 2481 901 2535 Si
961 2482 1144 2549 itaque
1216 2480 1308 2548 qui
1331 2493 1450 2532 eam
1512 2475 1925 2546 deprehendunt
2002 2475 2158 2544 pauci
2221 2481 2384 2535 sunt,

845 2571 1013 2625 multo
1053 2571 1336 2640 pauciores
1387 2576 1548 2623 erunt
1593 2568 1685 2636 qui
1725 2567 1950 2621 introire
1984 2565 2241 2628 valeant;
2280 2578 2386 2616 non

847 2671 1121 2714 Introeunt
1156 2674 1285 2714 vero
1317 2659 1383 2712 ob
1433 2658 1703 2725 propriam
1743 2655 2148 2725 negligentiam.

1387 2745 1542 2800 CLX.
1569 2775 1638 2784 —
1663 2745 1867 2797 Eidem.

912 2839 1062 2895 Heus
1104 2845 1189 2892 est
1235 2835 1486 2900 domina,
1535 2849 1722 2889 servus
1773 2832 2088 2885 caruncula.
2139 2829 2216 2884 Ne
2257 2843 2387 2898 ergo

846 2928 1199 2984 immoderata
1249 2925 1485 2995 ingluvie
1529 2938 1746 2978 servum
1779 2923 1999 2986 foveas,
2036 2936 2104 2974 ne
2148 2920 2388 2988 propria

847 3032 1114 3074 mensura:
1163 3016 1364 3070 oblitus
1397 3012 1733 3084 tyrannidem
1785 3007 2052 3079 arripiat,
2085 3008 2389 3076 audeatque

2485 1879 2823 1949 περιέλαϐεν,
2852 1878 2962 1932 ἀλλ’
2993 1881 3056 1930 ὲκ
3093 1878 3198 1931 τῶν
3229 1878 3356 1947 περὶ
3384 1877 3546 1931 αὑτὸν
3577 1880 4033 1947 σκιογραφοῦντες

2482 1974 2550 2023 τὰ
2578 1973 2695 2023 κατ’
2728 1971 2908 2033 αὐτὸν,
2950 1971 3189 2041 ἀμυδράν
3225 1970 3487 2060 τιναηκαὶ
3513 1970 3714 2039 ἀσθενῆ
3745 1969 3908 2039 ἄλλην
3935 1969 4033 2023 ἀπ’

2483 2060 2646 2128 ἄλλης
2667 2060 2962 2127 φαντασίαν
2987 2059 3333 2128 συλλέγομεν.

2940 2229 3110 2284 ΡΝΘ’.
3151 2261 3218 2271 —
3253 2230 3337 2296 Ἰῷ
3380 2230 3555 2295 αὐτῷ.

2565 2321 2758 2390 ιΣτενὴ
2783 2323 2814 2390 ἡ
2850 2321 3013 2391 πύλη,
3042 2321 3138 2372 καὶ
3162 2319 3492 2390 τεθλιμμένη
3515 2323 3546 2390 ἡ
3568 2319 3682 2383 ὁδὸς
3698 2321 3731 2390 ἡ
3748 2320 4036 2387 ἀπάγουσα

2487 2412 2564 2472 είς
2587 2410 2682 2478 τὴν
2704 2408 2867 2477 ζωὴν,
2883 2410 2976 2463 καὶ
3003 2407 3167 2476 ὀλίγοι
3193 2409 3326 2460 εἰσὶν
3348 2409 3394 2460 oi
3427 2408 3765 2478 εὑρίσκοντες
3790 2408 3982 2478 αὐτήν.
4014 2427 4032 2458 ι

2447 2541 2452 2546 .
2497 2506 2510 2550 l
2539 2505 2553 2553 l
2584 2500 2757 2553 τοίνυν
2802 2500 2850 2553 οἰ
2883 2500 3217 2569 εὑρίσκοντες
3255 2497 3583 2567 ὑπάρχουσιν
3622 2497 3808 2563 ὀλίγοι,
3844 2496 4038 2563 ὀλιγώ-

2484 2610 2630 2661 τεροι
2670 2592 2734 2644 ἂν
2762 2587 2869 2643 εἷεν
2904 2592 2953 2642 οἱ
2993 2588 3251 2641 εἰσελθεῖν
3288 2587 3641 2656 ὲξισχύοντες·
3686 2585 3785 2638 οὐκ
3830 2587 4040 2638 εἰσελυ-

2485 2681 2674 2752 λήθασι
2704 2680 2762 2731 δὲ
2790 2679 2877 2732 διὰ
2903 2679 3104 2731 οἰκείαν
3128 2675 3405 2746 ἀμέλειαν.

2590 2807 2597 2814 ς
2669 2807 2672 2811 .
2985 2767 3101 2819 ΡΞι.
3135 2797 3205 2806 --
3237 2766 3318 2830 Τῷ
3353 2765 3530 2829 αὐτῷ.
3773 2831 3779 2836 ,

2549 2861 2820 2927 Δεσπότης
2846 2859 2989 2910 ἐστὶν
3027 2858 3055 2908 ὁ
3082 2856 3222 2918 νοῦς,
3250 2854 3428 2917 δοῦλος
3453 2856 3510 2908 δὲ
3562 2855 3622 2907 τὺ
3663 2856 3884 2925 σαρκίον
3903 2896 3918 2909 .
3947 2854 4043 2923 Μὴ

2487 2951 2660 3003 τοίνυν
2681 2948 2770 3001 τὸν
2808 2946 2992 3001 δοῦλον
3012 2946 3266 3014 ἀμέτρως
3291 2943 3554 3014 θεράπευε
3582 2941 3668 2995 διά
3688 2959 3968 3011 γαστριμα
3977 2960 4041 3013 ρ-

2414 3070 2456 3128 C
2488 3040 2631 3106 γίας,
2678 3038 2764 3090 ἴνα
2800 3036 2872 3106 μὴ
2925 3033 3304 3102 ἐπιλαθόμενος
3349 3031 3455 3083 τῶν
3506 3031 3649 3128 ἰδίων
3686 3031 3900 3100 μέτρων
3961 3032 4043 3091 εἰς

846 3125 998 3165 arma
1030 3110 1084 3162 in
1116 3119 1488 3177 possessorem
1542 3102 1766 3156 inferre.
1814 3102 2107 3169 Propterea
2135 3099 2387 3152 Salomon
2414 3099 2456 3134 ν

2414 3099 2456 3134 ψ
2490 3099 2775 3197 τυραννίδα
2800 3099 2960 3194 έλθῃ,
2995 3121 3088 3174 καὶ
3123 3099 3259 3173 ὅπλα
3319 3119 3562 3190 τολμήσῃ
3606 3115 3734 3187 ἆραι
3762 3117 3905 3171 κατὰ
3943 3117 4041 3170 τοῦ

847 3198 1150 3253 insolentiae
1229 3195 1476 3264 corporis
1547 3192 1771 3246 minime
1846 3191 2068 3260 ignarus
2137 3191 2384 3244 dicebat:

851 3308 869 3338 ι
902 3288 1019 3342 Non
1071 3286 1327 3340 conducit
1363 3278 1542 3338 ’διιιίιο
1590 3283 1786 3347 luxus,
1838 3280 1966 3334 licet
2004 3294 2193 3334 servus
2240 3280 2391 3331 inso-

848 3378 1023 3432 lenter
1054 3376 1109 3428 in
1138 3374 1414 3444 proprium
1447 3372 1634 3424 lterum
1665 3368 1946 3439 imperium
1985 3374 2163 3437 teneat
2193 3368 2258 3419 ⁸⁸.
2301 3385 2318 3416 ι

1288 3551 1395 3620 63
1426 3548 1603 3603 CLXI.
1633 3576 1700 3587 —
1727 3544 1928 3600 Eidem.

920 3642 977 3696 Si
1019 3635 1380 3712 principatum
1432 3638 1723 3708 provinciae
1774 3647 1959 3691 tenere
2009 3639 2196 3706 cupis,
2229 3634 2389 3688 inbo-

849 3734 1165 3798 noraberis;
1195 3731 1242 3785 si
1272 3745 1398 3784 vero
1436 3738 1487 3782 te
1518 3727 1886 3781 liumiliaveris
1907 3765 1921 3791 ,
1956 3725 2387 3780 misericordiam

847 3822 1216 3894 consequeris.
1244 3820 1512 3888 Scriptum
1541 3827 1622 3872 est
1651 3818 1794 3871 enim
1821 3835 1836 3873 :
1876 3833 1894 3867 ι
1927 3815 2067 3870 Deus
2109 3813 2390 3869 effundens

849 3929 1010 3983 super
1100 3910 1369 3980 principes
1455 3909 1837 3977 opprobrium,
1919 3905 2152 3960 humiles
2213 3906 2389 3960 salva-

851 4010 926 4060 vil
953 4007 1017 4059 ⁸⁸.
1051 4025 1068 4058 ι

1122 4092 1325 4150 CLXII.
1354 4088 1687 4146 ——CRISPO
1719 4087 2122 4143 SCHOLARIO.

917 4183 1210 4246 Nonnulli,
1257 4193 1578 4248 superquam
1631 4193 1729 4248 par
1781 4188 1901 4242 est,
1942 4175 2391 4231 considerationi-

851 4276 954 4328 llus
983 4272 1174 4333 effusi.
1205 4270 1496 4340 epinantes
1534 4283 1593 4322 se
1617 4268 1794 4334 majus
1833 4268 2109 4337 quidpiam
2142 4281 2390 4335 compre-

2491 3216 2850 3286 κτησαμένουο
2912 3214 3094 3283 διόπερ
3148 3215 3175 3264 ὁ
3225 3210 3471 3280 Σολομὼν
3527 3210 3885 3280 ἐπιστάμενος
3939 3210 4042 3278 τὴν

2490 3306 2797 3375 ἀφροσύνην
2829 3305 2921 3356 τοῦ
2954 3303 3198 3373 σώματος
3236 3301 3435 3367 ἐλεγενο
3483 3319 3502 3352 ι
3541 3301 3613 3353 Οὐ
3645 3301 3913 3369 συμφέρει
3962 3298 4044 3365 τῷ

2490 3395 2681 3463 ἄφρονι
2721 3396 2753 3463 ἡ
2781 3391 2978 3461 τρυφὴ,
3012 3391 3114 3443 κᾶν
3146 3389 3362 3457 οἰκέτης
3388 3388 3530 3458 ἄρχῃ
3565 3387 3680 3457 μεθ’
3709 3386 3921 3458 ὕϐρεως
3945 3388 4042 3440 τοῦ

2492 3485 2621 3537 ἰδίου
2651 3483 2920 3535 δεσπότου.
2966 3499 2984 3531 ι
3091 3545 3095 3550 ¹

2960 3566 3122 3622 ΡΞΑν.
3154 3598 3223 3610 -
3259 3566 3343 3632 Τῷ
3385 3564 3563 3629 αὐτῷ.

2559 3663 2655 3714 Ἂν
2686 3659 2858 3729 βούλει
2904 3658 3088 3728 ἄρχειν
3129 3659 3226 3728 τῆς
3255 3655 3538 3724 ἐπαρχίας,
3588 3650 3931 3722 ἀτιμωθήσῃ·
3978 3650 4047 3703 ἂν

2488 3751 2544 3803 δὲ
2601 3749 2792 3802 σαυτὸν
2828 3744 3183 3815 ταπεινώσῃς,
3239 3743 3525 3812 ὲλεηθήσῃ·
3569 3742 3872 3810 γέγραπται
3905 3741 4043 3807 γὰρ,

2488 3841 2566 3893 ὅτι
2595 3858 2613 3890 ι
2659 3839 2715 3890 '0
2736 3837 2865 3898 Θεὸς
2896 3835 3096 3904 ἐκχέων
3123 3834 3210 3886 ἐπ’
3235 3833 3496 3903 ἄρχοντας
3521 3831 3761 3899 ἀτιμίαν,
3787 3829 3915 3891 τοὺς
3943 3845 4046 3882 τα-

2488 3946 2554 3983 πε
2563 3930 2700 3990 ινοὺς
2734 3925 2936 3978 ἰάσατο.
2985 3941 3004 3975 ι

2796 4099 2954 4150 PEB’.
2973 4127 3042 4138 -
3069 4095 3320 4164 ΚΡΙΣΠῼ
3367 4090 3752 4160 Exempla-

2555 4191 2707 4253 Τινὲς
2753 4189 2890 4258 ὑπὲρ
2939 4188 2998 4240 τὸ
3031 4186 3145 4238 δέον
3173 4187 3236 4253 τῇ
3287 4183 3467 4251 ἐννοίᾳ
3518 4178 3927 4243 ὲπεκταθέντες,
3968 4179 4047 4234 ὡς

2490 4280 2768 4341 δοκοῦντές
2801 4296 2854 4332 τι
2903 4277 3083 4346 μεῖζον
3121 4272 3466 4337 καταλαϐεῖν,
3511 4271 3771 4336 ἐξέπεσαν
3808 4269 3909 4337 μὲν
3943 4272 4048 4338 τῆς

852 4363 1089 4419 liendere
1137 4375 1332 4430 posse,
1379 4373 1558 4415 avera
1605 4358 1911 4426 cognitione
1946 4357 2287 4436 excidentes,
2336 4359 2391 4411 in
2427 4371 2467 4423 ι)

2427 4371 2467 4423 D
2495 4373 2722 4441 ἀληθοῦς
2750 4370 3018 4437 γνώσεως,
3051 4365 3505 4436 μεταπεπτὼκασι
3527 4364 3582 4415 δὲ
3603 4365 3681 4424 εἰς
3705 4360 4047 4430 ψευδομένην

851 4453 1212 4521 cognitionem
1251 4449 1548 4503 mendaciis
1603 4446 1897 4500 involutam
1942 4446 2176 4515 prolapsi
2220 4456 2384 4500 sunt:

853 4562 876 4596 ι
903 4553 956 4599 et
987 4550 1167 4597 tamen
1196 4541 1300 4595 hoc
1345 4541 1557 4594 vanitas
1581 4547 1666 4593 est
1692 4539 1756 4601 ⁸⁷,
1793 4557 1813 4590 ι
1855 4546 1914 4590 ut
1944 4536 2198 4591 Salomon
2229 4537 2323 4590 ait.

1128 4631 1353 4686 CLXIII.
1382 4659 1453 4670 —
1485 4626 1793 4683 JULIANAE
1843 4626 2116 4681 VIRGINI.

919 4725 1278 4788 Castissimze,
1355 4720 1802 4792 pet-pulchraeque
1857 4718 2054 4787 virgini
2111 4715 2395 4793 speculum

852 4820 1116 4888 optimum
1175 4824 1260 4872 est
1301 4815 1571 4885 jejunium
1606 4830 1620 4867 :
1651 4812 1709 4866 in
1757 4826 1823 4866 co
1865 4810 2062 4864 etenim
2109 4809 2258 4878 virgo
2297 4825 2394 4877 pro

853 4910 1074 4964 modulo
1107 4924 1204 4962 suo
1227 4907 1394 4965 Deum
1427 4903 1761 4974 speculatur,
1790 4901 2112 4969 labrumque
2144 4898 2393 4962 fabricat,

856 5001 1029 5056 basim
1094 4998 1343 5061 ﬁrmam,
1409 4995 1831 5055 inconcussam,
1872 4998 2034 5059 atque
2091 4989 2397 5042 immutabi-

851 5096 955 5151 lem
979 5090 1049 5155 3',
1102 5087 1457 5158 cogitationes
1525 5083 1810 5139 affectibus
1865 5081 2085 5135 minime
2131 5079 2394 5134 obnoxias

851 5183 959 5244 sibi
985 5191 1332 5248 comparans.

1350 5263 1572 5317 CLXIV.
1590 5292 1658 5303 -—
1676 5262 1878 5316 Eidem.

923 5361 1133 5431 Stepius
1168 5357 1445 5421 lectitasti,
1472 5354 1601 5424 quid
1652 5360 1874 5408 sanctus
1922 5352 2130 5421 Moyses
2158 5351 2224 5405 de
2255 5367 2394 5421 quo.

853 5453 975 5506 dam
999 5454 1243 5521 optimo,
1291 5463 1356 5502 ac
1403 5445 1807 5516 sapientissimo
1853 5443 1970 5498 viro
2004 5450 2226 5497 narrat:
2267 5458 2389 5497 cum

828 5625 841 5644 .
911 5586 1181 5642 "larem.
1217 5601 1361 5644 xxxi,
1397 5583 1486 5636 2|.
1561 5585 1603 5615 ⁵⁵
1652 5581 1837 5636 Matth.
1873 5597 1966 5646 vir,
2029 5581 2110 5634 Μ.
2189 5582 2230 5612 ⁵⁵
2259 5580 2414 5634 Prov.
2478 5594 2586 5642 nx,
2638 5575 2720 5628 IO.

857 5652 901 5683 "'
931 5653 1101 5713 Exed.
1134 5669 1352 5724 xxxvm,
1384 5654 1434 5709 8.

2497 4461 2712 4527 γνῶσιν·
2767 4458 2856 4509 καί
2889 4474 2952 4506 νε
2991 4472 3011 4504 ι
3053 4455 3208 4505 τοῦτο
3260 4453 3573 4519 ααταιότης,
3617 4470 3636 4501 ι
3677 4450 3820 4502 καθά
3873 4465 4047 4517 φησιν

2498 4550 2622 4602 Σολο
2629 4547 2762 4618 μών.

2772 4632 2930 4686 ΡΞιν.
2960 4663 3027 4673 -
3054 4630 3381 4698 ΙΟΥΛΙΔΝῌ
3420 4626 3755 4696 ΠΑΡΘΕΝῼ.

2565 4726 2882 4795 Κάτοπτρον
2919 4719 3196 4772 κάλλιστον
3240 4721 3308 4786 τῇ
3357 4716 3658 4790 σεμνοτάτη
3704 4715 3796 4768 καὶ
3845 4714 4051 4768 εὐειδεῖ

2499 4818 2747 4887 παρθένῳ
2807 4813 2867 4865 τὸ
2928 4810 3225 4880 νηστεύειν,
3258 4810 3314 4860 ὲν
3371 4807 3541 4875 τούτῳ
3600 4806 3707 4872 γάρ
3762 4805 3855 4857 καὶ
3905 4805 4051 4858 Θεὸν

2498 4903 2910 4974 κατοπτρίζεται
2939 4902 2972 4969 ὴ
3011 4898 3294 4968 παρθένος,
3335 4895 3561 4949 καθόσον
3598 4894 3886 4961 ἐνδέχεται,
3952 4896 4050 4947 καὶ

2497 4991 2730 5059 λουτῆρα
2748 4985 3015 5057 χαλκεύει,
3038 4985 3131 5036 καὶ
3155 4982 3307 5051 βάσιν
3328 4981 3657 5049 στερέμνιον,
3681 4981 4048 5049 ἀκράδαντον,

2498 5082 2589 5134 καὶ
2619 5076 3015 5145 ἀμετακίνητον
3063 5070 3374 5139 κτησαμένη
3412 5070 3470 5122 τὸ
3499 5069 3704 5132 ἀπαθὲς
3760 5070 4048 5140 φρόνημα.

2823 5253 2983 5305 PEA'.
3011 5279 3078 5290 —
3105 5247 3181 5315 Τῇ
3216 5245 3366 5313 αὐτῇ
3399 5245 3687 5313 παρθένῳ.

2578 5347 2836 5413 ,Ανέγνως
2874 5341 3149 5402 πολλάκις,
3192 5337 3245 5390 τί
3304 5336 3503 5405 γράφει
3536 5335 3564 5385 ὁ
3601 5333 3750 5400 ἀγιος
3801 5333 4052 5402 Μωῦσῆς

2499 5438 2621 5509 περί
2657 5451 2797 5497 τινος
2822 5433 3039 5502 ἀρίστου
3090 5429 3183 5480 καὶ
3212 5426 3520 5494 σοφωτάτου
3539 5423 3746 5492 ἀνδρὸς,
3768 5423 3848 5473 ὅτι
3887 5417 4051 5492 οὗτος

2822 5573 2865 5603 ⁸⁵
2893 5568 2992 5624 Job
3026 5583 3119 5630 xu,
3154 5565 3240 5617 Ἦ.
3311 5565 3353 5596 ετ
3383 5563 3556 5618 Eccle.
3594 5579 3630 5629 ι,
3669 5562 3731 5615 I9.
3769 5579 3783 5627 ;
3843 5574 3906 5620 ιι,
3937 5557 4062 5623 155.
