4134 6328
788 236 878 300 15!

2187 238 2244 297 s.
2277 218 2435 297 NILI

789 348 907 399 licet
948 353 1079 399 nutu
1124 361 1187 399 ac
1227 348 1481 414 potentia.
1533 348 1620 400 Sic
1657 348 1837 401 eadem
1885 347 2135 402 facultate
2196 345 2294 399 IIe-
2325 350 2367 402 Δ
2396 345 2421 396 δ

2325 350 2367 402 Δ
2396 345 2616 418 δυνάμει
2646 352 2738 405 καὶ
2768 350 2933 423 Ἑνὼχ
2969 355 3154 424 θνητὸς
3192 355 3266 407 ὣν
3300 356 3575 427 μετετέθη,
3624 357 3717 409 καὶ
3744 357 3939 411 ἀθάνα-

783 432 919 486 noch
949 433 1191 486 mortalis
1216 450 1334 485 cum
1366 442 1535 497 esset,
1567 437 1828 502 repositus
1856 443 1937 490 est
1959 473 1972 498 ,
2013 443 2066 489 et
2093 436 2308 488 immor-

786 523 907 576 talis
932 522 1000 574 ad
1033 522 1146 575 hac
1180 537 1349 589 usque
1387 529 1629 589 tempora
1659 532 2011 577 conservatur
2039 523 2104 574 ⁷⁵.

882 611 990 679 69
1027 610 1295 665 CLXXIV.
1318 640 1386 652 -—
1414 612 1862 667 TELESPHOIIO
1895 612 2197 666 PRIMA'I‘I.

850 697 1194 751 Communem
1224 714 1503 767 personam
1542 699 1754 765 Patris,
1786 709 1840 755 et
1861 700 1981 753 Filii
2005 740 2019 763 ,
2057 709 2109 755 et
2138 701 2295 769 Spiriv

785 792 873 837 tus
897 793 1069 837 sanctt
1089 825 1105 848 ,
1134 795 1188 840 et
1218 802 1375 841 unam
1416 788 1732 856 imaginem,
1763 796 1816 842 et
1853 789 2092 843 eamdem
2120 788 2310 842 simili-

788 871 1025 939 tudinem
1066 876 1301 929 ostendit
1330 876 1634 945 Scriptura.
1670 877 1806 930 Illud
1846 878 1986 930 enim
2022 894 2035 930 :
2069 895 2087 927 ι
2124 876 2307 930 Facia-

787 976 904 1014 mus
926 961 1193 1017 hominem
1226 966 1288 1016 ad
1331 965 1609 1033 imaginem
1648 972 1700 1018 et
1750 963 2153 1020 similitudinem
2186 966 2250 1029 ⁷⁸,
2283 983 2302 1016 ι

788 1049 889 1102 hoc
912 1050 1107 1103 innuit.

1011 1139 1259 1194 CLXXV.
1287 1170 1354 1182 —
1391 1142 1753 1199 PIIILAGRIO
1777 1142 2105 1204 LECTORI“

860 1224 915 1278 Si
972 1228 1094 1294 quis
1152 1230 1346 1296 poterit
1391 1231 1569 1286 animo
1635 1232 2019 1287 suavissimum
2075 1232 2311 1301 Spiritus

788 1316 959 1367 sancti
998 1316 1212 1369 odorem
1253 1318 1517 1384 olfacere,
1555 1320 1739 1374 habitu
1785 1321 2102 1387 reviviscet,
2154 1336 2216 1374 ac
2265 1322 2308 1375 si

788 1416 819 1455 e
850 1404 1074 1457 mortuis
1110 1406 1529 1470 resurr‘exisset;
1566 1416 1617 1460 ct
1647 1422 1826 1461 secum
1858 1409 1973 1477 ipse
2007 1409 2311 1474 mirabitur,

788 1505 853 1543 ex
881 1507 983 1560 qua
1010 1494 1323 1548 conditione
1364 1496 1418 1548 in
1453 1510 1612 1562 quam
1647 1496 1808 1551 fuerit
1855 1498 2203 1561 immutatus,
2242 1500 2309 1551 il-

790 1580 988 1648 ludque
1015 1580 1256 1635 Ezechiae
1301 1583 1663 1638 exclamabit:
1702 1601 1720 1634 ι
1776 1584 2029 1639 Exeitasti
2077 1584 2205 1637 mihi
2237 1584 2312 1638 vi-

792 1677 930 1729 tam,
960 1674 1012 1721 et
1035 1670 1349 1724 consolatus
1371 1670 1476 1723 vixi
1496 1710 1512 1735 ,
1545 1679 1598 1724 et
1628 1671 1907 1741 proiecisti
1934 1679 2054 1740 post
2079 1688 2162 1725 me
2193 1687 2307 1725 out-

792 1771 887 1810 ues
912 1756 1216 1824 iniquitates
1236 1773 1381 1814 meas
1407 1760 1473 1824 ⁷⁸,
1508 1778 1525 1811 ι
1561 1775 1626 1813 ne
1653 1761 1708 1814 iu
1750 1772 2023 1829 posterum
2061 1762 2307 1830 lapsuum

791 1842 931 1895 idola
974 1844 1353 1915 imaginatione
1392 1848 1683 1914 exprimam
1709 1889 1725 1913 ,
1758 1849 1921 1902 corde
1963 1864 2098 1918 puro
2136 1849 2191 1902 in
2225 1849 2311 1901 fu-

791 1938 967 1983 turum
990 1945 1320 2000 comparato.

1246 2020 1372 2076 CLX
1385 2020 1519 2076 XVI.
1547 2052 1616 2063 —
1631 2024 1835 2079 Eidem.

857 2105 973 2158 Non
1019 2114 1228 2160 tantum
1273 2109 1611 2164 maleoleutia
1663 2119 1718 2165 et
1776 2110 2140 2177 infructuosa,
2184 2110 2311 2181 quin

791 2194 947 2248 etiam
972 2205 1179 2249 mortua
1210 2197 1507 2267 iniquitatis
1535 2214 1697 2268 opera
1731 2200 1957 2254 dicenda
1988 2208 2133 2255 sunt.

997 2285 1288 2340 CLXXVII.
1318 2316 1386 2327 —
1405 2286 1679 2345 LIMENIO
1728 2288 2073 2345 MONACIIO.

863 2372 1133 2427 Virtutum
1185 2384 1327 2429 recta
1380 2377 1694 2445 dispositio,
1744 2393 1865 2447 qua:
1909 2378 1962 2431 in
1999 2377 2152 2432 ccelis
2198 2386 2315 2439 est,

793 2463 1095 2517 beatitateru
1151 2466 1484 2534 suppeditat,
1548 2483 1708 2536 quam
1768 2484 1866 2523 nec
1895 2467 2070 2523 oratio
2139 2466 2318 2535 expri-

792 2567 970 2616 mel'c.
1029 2568 1128 2607 nec
1180 2570 1330 2610 mens
1382 2557 1872 2625 comprehendere,
1926 2572 2025 2611 nec
2065 2553 2319 2624 cogitatio

794 2652 984 2707 capvrc
1011 2649 1209 2707 potest.

1156 2731 1261 2799 70
1290 2728 1606 2786 CLXXVIII.
1640 2763 1705 2773 —-
1734 2733 1939 2789 Eidem.

865 2833 884 2865 σ
922 2815 997 2870 Xe
1042 2817 1223 2873 tradas
1273 2836 1391 2886 me,
1424 2823 1526 2884 ait,
1582 2823 1635 2875 in
1684 2823 1892 2876 animas
1941 2821 2317 2877 tribulantium

2408 453 2498 499 τος
2530 438 2686 506 μέχρι
2707 439 2800 493 νῦν
2820 441 3178 509 πεφύλακται.

2608 608 2770 661 ΡυΔ’.
2796 635 2866 647 -
2886 609 3279 680 ΤΕΛΕΣΦΟΡῼ
3308 612 3753 666 ΠΡΩΤΕΥΟΝΤῘ.

2479 693 2667 745 Κοινὸν
2699 695 2982 763 πρόσωπον
3014 695 3278 749 δείκνυσιν
3309 701 3341 766 ἡ
3381 699 3566 769 Γραφὴ
3595 699 3687 751 τοῦ
3715 697 3943 767 [ἰατρὸς.

2409 782 2503 832 καὶ
2539 782 2632 833 τοῦ
2660 781 2810 847 Υίοῦ,
2839 786 2934 837 καὶ
2965 784 3059 850 τοῦ
3098 784 3250 851 ἁγίου
3282 787 3607 856 Πνεῦματος,
3638 788 3731 842 καὶ
3766 788 3949 840 είκόνα

2409 871 2558 937 μίαν,
2626 873 2719 925 καὶ
2777 860 3031 942 ὁμοίωσιν
3076 874 3173 942 τὴν
3232 875 3418 943 αὐτήν.
3467 876 3549 943 Τὸ,
3589 877 3696 948 γὰρ
3750 877 3942 929 εἰπεῖν’

2412 980 2429 1011 ι
2464 963 2781 1032 Ποιήσωμεν
2812 963 3093 1033 ἄνθρωπον
3136 964 3254 1017 κατ’
3284 965 3467 1016 εἰκόνα
3488 964 3580 1015 καὶ
3610 966 3884 1033 ὁμοίωσιν,
3917 981 3940 1017 ι

2408 1053 2559 1106 τοῦτο
2586 1054 2752 1107 δηλοῖ.

2414 1054 2559 1106 τοῦτο
2586 1054 2752 1122 δηλοῖ.

2414 1118 2435 1146 ⁹
2647 1143 2810 1195 POE'.
2834 1170 2903 1182 --
2942 1141 3250 1209 ψιΑΑι-Ριῼ
3278 1139 3703 1210 suamnam.

2477 1230 2541 1282 El.’
2558 1248 2642 1293 τις
2684 1230 2930 1299 δυνηθείη
2954 1229 3091 1282 κατὰ
3124 1228 3298 1298 ψυχὴν
3323 1226 3684 1296 όσφρανθῆναι
3710 1227 3806 1297 τῆς
3852 1227 3950 1281 τοῦ

2407 1320 2567 1385 ἁγίου
2592 1317 2903 1387 ιΙνεὺματος
2948 1318 3190 1383 εὐωδίας,
3240 1316 3801 1391 ἀναζωπυρωθήσεται
3851 1316 3953 1386 τὴν

2408 1407 2519 1470 ἕξιν
2543 1407 2724 1477 ὥσπερ
2757 1410 2819 1459 ἐκ
2840 1408 3043 1476 νεκρῶν
3069 1406 3329 1475 ἐγερθεὶς,
3361 1407 3452 1459 καὶ
3484 1406 3949 1475 ἀποθαυμάσεται,

2411 1497 2473 1547 ὲκ
2511 1496 2663 1558 ποίας
2709 1499 3085 1559 καταστάσεως
3138 1497 3216 1559 είς
3257 1496 3410 1549 ποίαν
3442 1495 3718 1563 μετετέθη,
3758 1495 3852 1548 καὶ
3886 1496 3953 1545 τὸ

2410 1585 2501 1638 τοῦ
2566 1586 2801 1648 Ἐζεκίου
2864 1585 3219 1652 ἀναφωνήσεισ
3284 1604 3302 1635 ι
3355 1582 3667 1651 Ἐξήγειρας
3700 1599 3800 1649 μου
3853 1574 3956 1650 τὴν

2411 1674 2573 1742 ζωὴν,
2610 1673 2701 1725 καὶ
2739 1672 3105 1743 παρακληθεὶς
3152 1669 3341 1740 ἔζησα,
3371 1672 3465 1727 καὶ
3493 1670 3796 1740 ἀπέρριψας
3831 1668 3956 1720 ὀπί-

2414 1778 2487 1814 σω
2544 1777 2642 1830 μου
2689 1762 2863 1825 πάσας
2906 1762 2998 1823 τὰς
3044 1761 3309 1831 ἁμαρτίας
3344 1777 3464 1828 μου,
3505 1777 3524 1809 ι
3579 1752 3725 1819 ὅπως
3757 1756 3957 1825 μηκέτι

2413 1850 2763 1919 φαντάζωμαι
2810 1851 2876 1902 τὰ
2908 1850 3016 1902 τῶν
3063 1849 3415 1918 πταισμάτων
3456 1846 3665 1911 εἴδωλα,
3710 1845 3959 1916 καθαρὰν

2414 1942 2632 2010 καρδίαν
2664 1941 2996 2010 κτησάμενος
3018 1940 3112 1991 τοῦ
3136 1940 3341 1992 λοιποῦ.

2883 2028 3062 2091 FOQ".
3098 2054 3167 2064 —
3192 2024 3273 2088 Τῷ
3300 2026 3477 2090 αὐτῷ.

2481 2117 2554 2168 Οὐ
2588 2114 2740 2183 μόνον
2767 2114 2969 2183 δυσώδη
3050 2114 3141 2165 καὶ
3171 2113 3415 2183 ἄκαρπα,
3453 2110 3586 2164 ἀλλὰ
3614 2110 3722 2180 γὰρ
3750 2108 3845 2163 καὶ
3863 2124 3955 2161 vs-

2414 2208 2520 2277 κρὰ
2542 2206 2763 2275 κλητέον
2795 2204 2861 2255 τὰ
2884 2202 3019 2273 ἔργα
3041 2203 3141 2269 τῆς
3170 2201 3458 2272 ἁμαρτίας.

2758 2293 3277 2355 ΡΟΖ’.-Λ1ΜΕΝΙῼ
3302 2291 3607 2359 ΜΟΝΑΧῼ.

2499 2386 2560 2438 Ἡ
2584 2384 2689 2436 τῶν
2721 2382 2928 2453 ἀρετῶν
2969 2382 3185 2451 μέθοδος
3212 2383 3309 2449 τὴν
3336 2381 3393 2433 ἐν
3419 2382 3528 2440 τοῖς
3569 2379 3813 2446 οὐρανοῖς
3851 2391 3961 2443 μα-

2418 2472 2709 2540 καριότητα
2735 2469 2997 2538 προξενεῖ,
3033 2468 3129 2536 τὴν
3160 2465 3281 2519 οὔτε
3314 2466 3455 2535 λόγῳ
3490 2466 3679 2534 ῥητὴν,
3719 2462 3841 2516 οὔτε
3878 2460 3961 2530 νῷ

2416 2561 2640 2630 ληπτὴν,
2666 2559 2787 2610 οὔτε
2811 2558 2984 2625 ἐννοίᾳ
3013 2556 3284 2626 χωρητήν.

2896 2735 3136 2787 P0il‘.——
3170 2731 3256 2795 Τῷ
3292 2730 3467 2795 αὐτῷ.

2495 2846 2512 2879 ι
2544 2827 2635 2895 Μὴ
2686 2822 2939 2893 παραδῷς
2994 2839 3089 2891 με,
3118 2822 3299 2890 φησὶν,
3331 2823 3408 2882 εἰς
3451 2820 3622 2888 ψυχὰς
3669 2818 3964 2873 θλιϐόντων

794 2906 964 2998 me";
1002 2924 1020 2957 ι
1073 2907 1219 2998 impii
1272 2910 1537 2976 siquidem
1586 2911 1843 2973 alTectus.
1889 2928 1916 2964 a
1945 2913 2142 2981 quibus
2186 2912 2385 2998 libevc
2423 2938 2426 2981 λ

2355 2942 2385 2998 ε
2423 2932 2508 2984 με·
2556 2932 2574 2965 ι
2617 2914 2785 2982 ψυχαὶ
2810 2912 2915 2982 γὰρ
2942 2911 3048 2963 τῶν
3068 2911 3328 2979 δαιμόνων
3354 2908 3419 2962 τᾶ
3451 2908 3636 2961 ἀνόσια
3680 2907 3848 2978 πάθη,
3879 2901 3987 2961 ὤν’

790 2993 896 3045 rari
929 2995 1185 3049 orandum
1215 3005 1326 3057 est.
1357 2998 1655 3052 daemonum
1695 3008 1821 3055 sunt
1849 3001 2061 3054 animae.

1260 3086 1529 3141 CLXXIX.
1554 3116 1621 3128 -—
1645 3087 1847 3143 Eidem.

862 3170 1041 3224 Jacobi
1071 3172 1200 3225 illud
1228 3189 1242 3225 :
1279 3191 1296 3223 ι
1333 3174 1387 3228 Si
1435 3174 1644 3229 dederit
1682 3177 1813 3229 mihi
1845 3176 2101 3231 Dominus
2126 3190 2315 3245 partem

791 3258 854 3309 ad
903 3260 1319 3325 comedendum,
1374 3270 1428 3316 et
1499 3273 1699 3317 vestem
1762 3263 1826 3316 ad
1883 3263 2313 3318 eonvolvendum

791 3361 874 3401 me
899 3348 963 3411 ⁷³,
994 3366 1013 3399 ι
1047 3350 1168 3404 vita:
1209 3350 1516 3405 institutum
1553 3351 1938 3406 monachorum
1972 3353 2243 3421 exprimit.

1264 3438 1516 3494 CLXXX.
1535 3471 1600 3481 —
1623 3440 1826 3494 Eidem.

860 3525 1145 3580 Maximum
1195 3529 1391 3582 bonum
1427 3537 1510 3583 est
1538 3530 1858 3598 placiditas,
1892 3545 2054 3599 quam
2099 3546 2310 3587 assecu-

791 3627 875 3668 tus
907 3614 1113 3683 Moyses
1138 3617 1300 3670 Deum
1339 3617 1565 3673 intuitus
1592 3628 1673 3672 est
1702 3620 1768 3682 "’,
1796 3627 1855 3673 ut
1902 3620 2147 3674 humanae
2175 3621 2316 3674 vires

792 3705 984 3757 intueri
1014 3712 1259 3772 possunt.

1245 3790 1517 3846 CLXXXI.
1545 3820 1612 3830 —
1640 3790 1839 3845 Eidem.

857 3878 1113 3934 Castitate
1137 3887 1189 3933 et
1223 3881 1455 3948 puritate
1497 3879 1861 3933 admirabilem
1894 3878 2061 3932 Eliam
2096 3880 2309 3934 aemulaa

790 3976 875 4021 tus
906 3984 964 4023 es
995 3970 1059 4032 η,
1114 3970 1204 4037 qui
1248 3968 1652 4023 exercitationis
1692 3969 1958 4024 universae
1989 3969 2097 4022 dux
2140 3968 2317 4023 factus

789 4059 992 4125 pri-nus
1033 4059 1268 4111 omnium
1316 4057 1475 4111 nobis
1518 4057 1869 4126 pudicitiam,
1896 4063 1951 4111 et
1990 4071 2172 4126 parem
2205 4059 2316 4111 An-

789 4147 919 4216 geiis
972 4147 1274 4199 caelibatum
1339 4144 1607 4206 ostendit,
1665 4154 1885 4215 prepter
1934 4161 2096 4215 quam
2162 4149 2315 4216 igneo

788 4235 950 4288 cui-ru
980 4235 1267 4302 subreptus
1289 4240 1393 4288 est.

1246 4319 1545 4375 CLXXXII.
1568 4351 1635 4361 —
1659 4319 1861 4373 Eidem.

852 4411 1236 4466 Gravissimam
1294 4410 1693 4480 aegritudinem,
1728 4417 1781 4463 et
1832 4409 2081 4463 tenebras
2125 4408 2313 4477 impie-

786 4510 947 4555 tatem
973 4503 1244 4570 appellans
1270 4542 1283 4565 ,
1314 4516 1417 4554 non
1458 4501 1675 4555 aberras
1706 4500 2006 4554 averitate.
2067 4528 2073 4538 -

919 4587 1240 4642 CLXXXIII.
1270 4608 1337 4626 -ά
1358 4585 1815 4641 AMPIIICTYONI
1848 4583 2167 4639 RIIETOIII.

854 4672 1066 4747 Ingenti
1093 4679 1457 4731 emolumento
1490 4676 1724 4739 ditatus,
1746 4682 1799 4729 et
1821 4689 2005 4729 mensa
2038 4675 2311 4740 affluenti,

785 4768 1215 4833 honoribusque,
1245 4782 1406 4836 supra
1439 4781 1601 4834 quam
1633 4780 1727 4832 par
1757 4772 1868 4826 cst,
1905 4763 2313 4829 coltoncstatus,

786 4874 852 4910 ne
898 4858 1058 4911 nimis
1090 4857 1443 4926 corybantum
1502 4869 1681 4916 more,
1733 4854 1832 4921 71
1880 4852 2149 4918 insanias,
2224 4855 2319 4908 scd

786 4949 927 4999 vires
988 4960 1164 5005 rerum
1224 4955 1546 5014 exspectans
1604 4942 1947 4997 insolentiam
2013 4956 2314 5011 compesce.

784 5035 925 5088 Nihil
971 5036 1115 5089 enim
1164 5043 1247 5089 est
1282 5035 1515 5087 humana
1560 5033 1813 5088 felicitate
1862 5028 2131 5095 debilius,
2183 5033 2317 5087 nihil

785 5126 1113 5180 imbecillius
1138 5164 1153 5186 ,
1183 5125 1317 5179 nihil
1354 5124 1763 5178 infortunatius.
1994 5190 1999 5193 ι

956 5212 1284 5267 CLXXXIV.
1322 5241 1387 5251 —-
1425 5210 1653 5266 IIIERIO
1693 5210 2135 5267 SYNCLE'I‘ICO.

850 5303 1013 5364 Quot,
1044 5307 1223 5368 putas,
1249 5296 1465 5367 scipSos
1492 5298 1680 5354 beatos
1712 5297 1937 5364 ducunt,
1971 5301 2111 5369 quod
2142 5299 2307 5355 divini

847 5426 893 5456 "
925 5424 1056 5498 Gen.
1088 5442 1141 5485 ν.
1170 5428 1257 5480 Ἡ.
1334 5427 1379 5459 ⁷³
1406 5425 1541 5498 Cen.
1581 5427 1736 5485 1.26.
1813 5429 1856 5459 "
1890 5429 1990 5485 Isa.
2019 5447 2241 5498 xxxviii,
2296 5433 2377 5484 I7.
2456 5435 2498 5467 ⁷⁷
2534 5430 2672 5487 Psal.
2704 5447 2849 5495 sxw,
2886 5430 2967 5483 l2.

784 5510 971 5563 nxtu,
1005 5497 1059 5550 ll
1107 5511 1254 5566 seqq.
1332 5498 1373 5523 "
1403 5494 1468 5547 IV
1521 5499 1645 5568 tteg.
1687 5512 1741 5562 ιι,
1772 5499 1851 5551 Il.

2416 3005 2632 3061 εὐκτέον
2671 3002 2948 3071 όυσθῆναι.

2895 3087 3057 3142 ΡΟΘ’.
3088 3117 3153 3129 -
3187 3087 3269 3151 Τῷ
3296 3084 3471 3149 αὐτῷ.

2483 3182 2555 3233 Τὸ
2586 3180 2759 3247 λέγειν
2786 3176 2875 3229 τὸν
2924 3174 3135 3228 Ἰακώϐ·
3178 3190 3196 3224 ι
3231 3172 3355 3224 Ἐὰν
3387 3172 3460 3240 δῷ
3506 3188 3593 3239 μοι
3630 3169 3828 3239 Κύριος
3856 3170 3963 3239 ἄρ..

2415 3286 2504 3323 τον
2558 3269 2767 3337 φαγεῖν,
2809 3266 2901 3317 καὶ
2936 3261 3144 3332 ἱμάτιον
3192 3259 3594 3330 περιϐαλέσθαι,
3630 3277 3651 3311 ι
3703 3258 3800 3329 τὴν
3848 3258 3962 3311 τῶν

2420 3357 2664 3429 μονακῶν
2695 3353 2997 3423 διαγορεύει
3031 3351 3193 3421 ζωήν.

2898 3438 3022 3494 PII'.
3069 3468 3137 3481 —-
3183 3437 3265 3503 Τῷ
3297 3436 3471 3503 αὐτῷ.

2487 3535 2752 3602 Μέγιστον
2787 3529 2985 3599 ἀγαθὸν
3030 3530 3283 3599 τυγχάνει
3333 3530 3367 3598 ἠ
3408 3525 3666 3597 πραότης,
3713 3526 3887 3594 ἥνπερ
3933 3525 3964 3576 ό

2422 3624 2591 3694 μέγας
2622 3621 2955 3688 κτησάμενος
2996 3615 3233 3678 Μωῦσῇς
3279 3614 3410 3667 Θεὸν
3462 3614 3737 3675 ἐθεάσατο,
3768 3611 3843 3674 ὡς
3871 3613 3964 3665 ἀν·

2421 3712 2614 3783 θρώπῳ
2642 3710 2763 3763 ἰδεῖν
2784 3707 3021 3759 δυνατόν.

2894 3794 3062 3849 PIIA'.
3090 3823 3158 3833 —-
3190 3791 3271 3856 Τῷ
3300 3790 3474 3855 αὐτῷ.

2497 3886 2782 3957 Ἐμιμήσω
2813 3886 2880 3952 τῇ
2920 3881 3131 3950 ἁγνείᾳ,
3163 3882 3255 3933 καὶ
3276 3883 3342 3948 τῇ
3367 3877 3693 3947 καθαρότητι
3714 3877 3803 3929 τὸν
3830 3876 3965 3930 θαυ-

2421 3978 2619 4048 μαστὸν
2644 3974 2847 4037 Ἠλίαν,
2865 3975 3008 4033 ὅστις
3040 3973 3216 4039 πάσης
3246 3968 3527 4037 ἀσκήσεως
3554 3966 3790 4036 ἀρχηγὸς
3807 3968 3967 4033 γενό-

2422 4084 2597 4137 μενος,
2642 4064 2856 4133 πρῶτος
2885 4063 3014 4130 ἡμῖν
3038 4060 3134 4129 τὴν
3168 4057 3533 4128 σωφροσύνην,
3557 4057 3650 4108 καὶ
3672 4055 3768 4126 τὴν
3803 4057 3964 4125 ίσάγ-

2417 4156 2572 4223 γελον
2618 4152 2860 4221 ἀγαμίαν
2898 4148 3162 4214 ὑπέδειξε,
3197 4148 3261 4199 δι’
3291 4148 3465 4217 ἥνπερ
3502 4146 3595 4198 καὶ
3626 4145 3834 4214 πυρίνῳ
3862 4145 3965 4218 ἆρ-

2347 4240 2389 4293 D
2420 4264 2546 4317 ματι
2572 4241 2881 4312 ἀνηρπάγη.

2902 4327 3150 4378 ΡΠΒ’.-
3187 4325 3268 4389 Τῷ
3286 4324 3447 4388 αὐτῷ

2489 4420 2657 4473 Νόσον
2731 4414 3137 4485 χαλεπωτάτην,
3208 4413 3303 4463 καὶ
3360 4411 3549 4473 σκότος
3618 4411 3797 4463 καλῶν
3861 4412 3961 4481 τὴν

2410 4506 2678 4568 ἀσέϐειαν,
2708 4505 2804 4571 οὐχ
2835 4501 3163 4571 ἁμαρτάνεις
3184 4498 3274 4549 τοῦ
3306 4496 3553 4564 ἀληθοῦς.

2682 4592 2847 4644 PIII".
2871 4619 2934 4629 —
2954 4586 3373 4641 ΑΜΦΙΚΤΥΩΝΙ
3409 4585 3677 4636 ΡΗΤΟΡΙ.

2480 4684 2715 4754 Κέρδους
2729 4679 2922 4731 πολλοῦ
2948 4674 3279 4744 τετυχηκὼς,
3298 4676 3391 4727 καὶ
3417 4674 3649 4741 λιπαρᾶς
3661 4670 3957 4741 τραπέζης,

2412 4773 2583 4841 τιμῶν
2615 4786 2673 4821 τε
2718 4763 3003 4819 ἀπολαύων
3050 4762 3156 4814 τῶν
3187 4762 3323 4830 ὑπὲρ
3366 4761 3458 4828 τὴν
3497 4760 3671 4823 ἀξίαν,
3706 4756 3778 4827 μὴ
3815 4756 3961 4837 ἄγαν

2415 4856 2755 4927 κορυϐαντία,
2784 4851 3079 4922 μεταϐολὴν
3115 4850 3169 4901 δὲ
3206 4848 3518 4917 προσδέχου,
3562 4847 3654 4898 καὶ
3680 4845 3867 4897 σϐέσον
3894 4846 3959 4898 τὸ

2415 4946 2694 5014 φρύαγμα.
2737 4943 2899 4994 Οὐδὲν
2931 4940 3036 5008 γὰρ
3062 4939 3159 5006 τῆς
3202 4936 3349 5005 παρὰ
3374 4939 3483 4998 τοῖς
3514 4933 3813 5004 ἀνθρώποις
3860 4934 3955 4984 cii-

2413 5033 2688 5102 δαιμονίας
2752 5028 3111 5098 σαορώτερον,
3162 5026 3310 5078 οὐδὲν
3358 5025 3759 5094 ἀδρανέστερον,
3798 5021 3955 5075 οὐδὲν

2414 5122 2755 5191 ἀθλιώτερον.

2698 5208 2864 5261 ΡΠΔ’.
2886 5233 2955 5244 —-
2989 5203 3165 5273 ΙΕΙἾῼ
3201 5202 3638 5272 ΣΥΓΚΜΙΤΙΚῼ

2487 5301 2677 5367 Πόσοι,
2723 5300 2928 5361 δοκεῖς,
2978 5296 3198 5358 ἑαυτοὺς
3234 5294 3651 5365 μακαρίζουσιν,
3679 5292 3760 5345 ὅτι
3815 5308 3954 5346 κατ-

3071 5427 3269 5483 7"Gen.
3310 5426 3610 5494 urttt,20.
3685 5424 3730 5457 ⁷⁸
3780 5425 3947 5482 Exod.

3844 245 3975 307 152'
4059 256 4073 272 '
