4134 6328
150 305 233 370 153
1307 291 1826 355 EPISTOLARUM
1860 293 2016 373 LIB.
2049 291 2098 352 I:
3176 277 3278 346 154

145 421 364 488 ηξῖωνται
380 417 468 470 τοῦ
500 416 781 469 θεσπεσίου
817 414 1057 466 Ἰωάννου
1079 411 1168 467 τοῦ
1205 405 1637 465 Κῶνσταντίνουο
1667 410 1717 464 A’
1739 405 1777 459 Jt

1667 405 1961 464 A’Joannis
2006 401 2600 470 Constantinopolitani
2648 400 2887 469 episcopi
2933 398 3279 455 sermonibus

147 509 320 568 πόλεως
367 505 658 557 ἐπισκόπου
687 505 795 564 τοῖς
835 502 1009 568 λόγοις
1059 502 1398 570 περιτυχεῖν;
1441 494 1514 570 ὧν
1549 499 1642 550 κοιί
1748 513 1778 548 u

1748 497 1822 548 uti
1865 496 2010 563 digni
2057 492 2223 548 habiti
2270 491 2431 547 sunt?
2471 505 2654 545 eorum
2694 496 2774 551 tu,
2818 503 2938 540 cum
2981 489 3280 540 admirator

145 595 276 657 αὐτὸς
331 591 553 663 ἐραστὴς
615 591 812 661 θερμὸς
885 593 1178 660 ὐπὰρχων,
1260 586 1642 658 μακαρισθήσῃ
1743 599 1771 636 c

1743 585 2023 651 cultorque
2057 584 2383 652 percupitlus
2406 582 2505 642 sis,
2529 578 2756 633 nimium
2787 577 3111 642 laudabor-is,
3133 573 3281 645 judi-

147 684 305 736 πολλὰ.
1745 689 1779 724 οη

1745 665 2065 739 caberisqne
2100 672 2429 724 fortunatus.
3041 704 3059 722 ς

338 767 501 821 ΡΠΕ⁰.
522 795 598 809 --
622 769 925 837 ΜΑΡΙᾹΝῼ
963 767 1412 834 ΥΠΟΔῙᾹΚΟΝῼ.
1832 764 1833 767 “
1895 762 1970 813 CL

1832 764 1833 767 “
1895 760 2195 813 CLXXXV.
2234 789 2304 800 --
2335 756 2646 812 MARIANO
2682 753 3127 810 SUBDIACONO.

203 859 256 909 Τί
276 857 640 928 δαψιλέστερον
666 857 894 920 πιαίνεις
917 875 994 910 σοι
1018 857 1113 919 τὰς
1136 858 1338 926 σάρκας
1369 872 1482 918 σου,
1516 870 1641 922 τρο-
1812 850 1835 910 ί

1812 849 1953 913 Quid
1984 848 2347 902 abundantius
2378 861 2570 901 carnes
2604 854 2723 898 tuas
2766 841 3129 912 pinguei'acis,
3161 856 3280 899 ver-

149 948 232 1014 φῆν
263 945 543 1010 σκωλήκων
575 946 836 1014 ἐσομένας
856 947 974 996 ὅσον
1004 945 1184 1009 οὔπως
1589 1000 1595 1006 Ι
1744 953 1781 990 η

1589 1000 1595 1006 ι
1744 939 1922 992 mibns
1952 938 2128 990 cibum
2166 952 2272 989 non
2305 936 2474 988 multo
2503 943 2624 1002 post
2656 932 2903 986 futuras?

395 1033 661 1099 P11qn-
697 1033 1006 1100 ΓΙΓΑΝΤΙῼ
1044 1033 1353 1100 ΔΙΛΚΟΝῼ.
1946 1026 2027 1080 CL

1946 1023 2270 1080 CLXXXVI.
2289 1051 2352 1065 -—-
2387 1020 2708 1076 GIGANTIO
2758 1018 3067 1074 DiACONO.

205 1122 366 1181 Ὅπως
428 1123 503 1188 μὴ
569 1121 941 1188 ἀπευδοκήσῃς
1001 1119 1093 1170 τοῦ
1165 1121 1493 1187 χαρίσματος
1534 1117 1643 1184 ’τῆς
1814 1114 1837 1166 ι

1814 1114 1883 1166 Ut
1926 1129 1992 1167 ne
2039 1115 2289 1181 desperes
2332 1112 2399 1166 de
2441 1112 2765 1165 charismate
2806 1107 3193 1176 intrepiditatis
3229 1114 3283 1160 et

150 1209 438 1277 ἀπτοησίας,
489 1211 584 1262 καὶ
639 1209 738 1278 τῆς
789 1209 1116 1270 τελεωτάτης
1163 1207 1459 1268 ἀπαθείας,
1513 1206 1643 1275 μηδέ
1747 1217 1782 1268 [ιι

1747 1199 2153 1268 perfectissiune
2174 1196 2754 1265 imperturbabilitatis,
2785 1203 2838 1250 et
2859 1210 2889 1248 a
2914 1209 3164 1258 maerore,
3190 1193 3278 1262 qui

152 1299 310 1348 σαυτὸν
335 1299 394 1364 τῇ
416 1297 559 1365 λύπῃ
589 1297 945 1365 καταπνίγῃς,
985 1295 1123 1362 ἔχεις
1150 1293 1237 1346 τὸν
1267 1294 1417 1355 ἅγιον
1446 1292 1643 1345 Μωσέα
1747 1301 1784 1343 ι(

1747 1301 1798 1344 te
1834 1288 2106 1356 praeiacet,
2128 1285 2396 1349 libereris,
2431 1284 2599 1337 habes
2623 1284 2719 1338 tibi
2750 1283 2963 1337 animos
2995 1283 3279 1343 addentem

151 1383 591 1451 παραθαρσύνοντά
645 1401 722 1446 σε,
776 1385 866 1436 καὶ
894 1384 1111 1450 λέγοντα
1158 1385 1214 1433 ἐν
1264 1381 1339 1450 τῷ
1382 1380 1643 1448 Λευῖτικῷ
1747 1395 1783 1432 s:

1747 1386 1993 1432 sanctum
2025 1375 2279 1444 Moysen),
2317 1374 2371 1425 in
2416 1371 2664 1426 Levitico
2715 1371 3024 1424 dicentem:
3071 1388 3094 1421 ι
3137 1370 3282 1424 Dabo

149 1469 313 1534 τεύχει,
343 1470 420 1520 ὅτι
473 1486 492 1518 ς
536 1467 700 1519 Δώσω
745 1470 961 1537 εἰρήνην
1011 1469 1068 1520 ἐν
1103 1470 1168 1536 τῇ
1210 1469 1276 1536 γῇ
1332 1467 1501 1534 ὐμῶν,
1555 1469 1645 1518 καὶ
1747 1482 1778 1534 p

1747 1481 1928 1534 pacem
1962 1467 2014 1517 in
2041 1475 2183 1517 terra
2217 1472 2414 1526 vestra,
2447 1473 2499 1515 et
2522 1460 2818 1524 dormietis,
2840 1469 2892 1514 et
2921 1474 3026 1527 non
3047 1462 3168 1524 erit,
3191 1461 3282 1529 qui

150 1554 526 1623 κοιμηθήσεσθε,
568 1556 663 1608 καὶ
702 1556 798 1608 οὐκ
843 1556 991 1608 ἔσται
1022 1557 1050 1607 ὁ
1089 1555 1330 1622 ἐκφοϐῶν
1364 1555 1526 1623 ὑμᾶς,
1554 1560 1644 1607 καὶ
1746 1571 1782 1603 νε

1746 1555 1896 1607 vobis
1945 1554 2215 1619 timorem
2259 1551 2516 1612 incutiat,
2561 1556 2614 1602 et
2667 1549 2970 1603 interimam
3034 1548 3283 1604 animalia

150 1643 299 1694 ἀπολῶ
324 1643 479 1711 θηρία
509 1643 719 1713 πονηρὰ
747 1647 810 1696 ἐκ
837 1647 932 1713 τῆς
954 1645 1051 1712 γῆς
1077 1645 1104 1694 ὐ
1115 1643 1246 1711 μῶν,
1273 1645 1365 1694 καὶ
1393 1641 1641 1704 διώξεσθε
1746 1659 1777 1710 p

1746 1657 1907 1710 prava
1937 1643 2002 1694 de
2031 1650 2170 1711 terra
2199 1647 2395 1700 vestra,
2419 1647 2470 1691 et
2493 1636 2749 1706 fugabitis
2777 1636 3025 1689 inimicos
3057 1643 3281 1694 vestros.

149 1736 245 1794 τοὺς
271 1732 486 1803 ἐχθροὺς
525 1733 698 1802 ὐμῶν,
748 1735 840 1785 κα)⁵
891 1734 1172 1786 πεσοῦνται
1221 1731 1444 1784 ἐνώπιον
1497 1731 1646 1799 ὐμῶν
1679 1722 1718 1775 Β
1746 1747 1776 1785 e

1679 1722 1718 1775 Β
1746 1740 1798 1785 et
1826 1731 2017 1784 cadent
2049 1731 2100 1780 in
2134 1734 2423 1795 conspectu
2452 1734 2630 1779 vestro
2659 1739 2767 1791 pra:
2797 1723 2986 1776 timore
3006 1723 3074 1774 ⁸¹.
3102 1740 3121 1772 ι
3153 1721 3283 1774 Ter-

307 1822 408 1890 Γῆν
428 1822 573 1888 λέγει
604 1822 698 1891 τὴν
730 1822 1068 1890 ἀνθρωπίνην
1105 1821 1348 1892 καρδίαν,
1386 1813 1560 1887 ἀγαθά
1589 1837 1646 1871 τε
1754 1837 1778 1874 r

1754 1836 1867 1874 ram
1901 1829 2054 1873 vocat
2086 1833 2180 1872 cor
2229 1818 2556 1879 humanum,
2590 1814 2732 1867 bona
2781 1812 3029 1880 malaque
3079 1810 3282 1863 semina

151 1912 223 1962 καὶ
260 1911 420 1978 φαῦλα
460 1912 745 1982 σπέρματα
798 1910 1106 1979 δεχομένην,
1153 1908 1311 1978 θηρία
1343 1907 1397 1959 δὲ
1442 1906 1647 1975 πονηρὰ
1746 1924 1783 1962 e:

1746 1908 2054 1975 excipiens;
2091 1905 2340 1958 animalia
2385 1917 2547 1971 prava
2597 1901 2870 1954 daemones
2922 1897 3281 1960 adversarios,

151 1999 248 2058 τοὺς
276 1999 547 2067 δυσμενεῖς
593 2001 869 2068 δαίμονας,
912 1987 1016 2050 καί
1051 1998 1116 2050 τὰ
1159 1990 1512 2065 κακομήχανα
1550 1997 1644 2062 τῆς
1744 2009 1783 2052 el

1093 1998 1116 2050 it
1159 1990 1512 2065 κακομήχανα
1550 1997 1644 2062 τῆς
1744 2007 1799 2052 et
1827 1997 2081 2051 subdolas
2106 1995 2323 2047 malitiae
2353 1992 2725 2062 cogitationes.

153 2089 372 2155 πονηρίας
400 2090 666 2158 νοήματα.
691 2108 708 2139 ι

592 2179 755 2229 PHZ'.
781 2206 850 2216 --
873 2176 956 2240 τῷ
990 2175 1163 2238 αὐτῷ.
2112 2171 2215 2237 72

2112 2171 2215 2237 72
2245 2164 2591 2220 ccxxxvn.
2627 2177 2693 2205 --—
2724 2161 2929 2214 Eidem.

205 2265 349 2316 Ὅταν
371 2265 436 2317 δι’
469 2264 741 2334 ὑπομονῆς
766 2267 857 2318 καὶ
895 2266 1054 2333 εὐχῆς
1083 2263 1332 2331 λάϐωμεν
1377 2263 1473 2332 τὴν
1512 2264 1646 2317 ἄνω·
1816 2261 1837 2315 (

1816 2261 1950 2315 Cum
1976 2258 2262 2312 tolerantia
2286 2264 2339 2309 et
2360 2254 2602 2308 oratione
2625 2257 2854 2319 superna
2887 2263 3108 2303 munera
3135 2262 3287 2301 acce-

154 2352 224 2402 οεν
259 2351 474 2421 δωρεὰν,
515 2352 636 2404 τότε
687 2351 871 2415 διῶξαι
919 2352 1185 2421 δυνάμεθα
1229 2352 1352 2413 τοὺς
1392 2351 1648 2420 ἀοράτους
1749 2365 1784 2419 p

1749 2349 2018 2419 perimus,
2052 2352 2182 2398 tunc
2228 2341 2523 2396 invisibiles
2565 2340 2837 2394 barbaros
2876 2336 3062 2406 fugare
3089 2337 3304 2405 poteri-.

156 2439 453 2510 βαρϐάρους,
496 2441 591 2493 καὶ
638 2440 923 2493 πεσοῦνται
951 2441 1136 2510 τρόμῳ
1181 2439 1283 2491 ὑπὸ
1329 2439 1454 2499 τοὺς
1486 2439 1648 2500 πόδας
1751 2454 1788 2489 ιι·

1751 2452 1890 2500 mus,
1923 2436 2012 2504 qui
2048 2433 2240 2489 cadent
2274 2445 2383 2500 pra:
2433 2428 2625 2482 timore
2653 2434 2779 2479 ante
2825 2425 2989 2495 pedes
3033 2433 3283 2478 nostros:

153 2527 294 2594 ἡμῶν.
324 2528 456 2596 Φησὶ
492 2529 601 2597 γὰρ
624 2527 712 2580 καί
743 2545 826 2589 τις
851 2529 1132 2597 προφήτης
1154 2567 1167 2589 ,
1189 2529 1271 2580 ὃτι
1305 2546 1322 2578 ι
1349 2527 1564 2596 Οῦσπερ
1591 2527 1650 2579 τὸ
1749 2542 1782 2580 ῐι

1749 2541 1873 2580 nam
1928 2532 1980 2578 et
2028 2523 2244 2592 quidam
2303 2519 2559 2588 propheta
2610 2516 2778 2570 dicit:
2845 2533 2864 2566 ι
2915 2516 3065 2579 Quos
3137 2514 3286 2583 prius

155 2615 330 2683 πρῶτον
355 2615 651 2684 ἐφοϐεῖσθε,
689 2616 1080 2686 φοϐηθήσονται
1107 2617 1267 2686 ὑμᾶς.
1745 2614 1787 2669 ti

907 2633 1080 2669 σονται
1107 2617 1267 2686 ὑμᾶς.
1745 2613 2043 2672 timebatis,
2075 2627 2170 2666 vos
2201 2610 2485 2680 timebunt.
2522 2626 2539 2658 ι

311 2708 479 2760 ΡΠΗ’.
506 2736 574 2746 —
604 2707 944 2775 ΛΕΥΚΑΔΙῼ
979 2707 1450 2777 ΑΡΧΙΔΙΛΚΟΝῼ.
1816 2698 1943 2752 CLX

1816 2697 2185 2752 CLXXXVIII.
2214 2727 2280 2737 —
2304 2695 2643 2751 LEUCADIO
2673 2689 3201 2750 ARCIIIDIACONO.

210 2795 345 2856 Ἔθος
395 2799 508 2857 τοῖς
541 2795 714 2862 ἁγίοις
755 2797 1085 2864 εὐχαριστεῖν
1131 2796 1205 2864 τῷ
1253 2797 1368 2866 Θεῷ
1408 2775 1497 2866 ⁷τῷ
1551 2797 1648 2865 τὴν
1819 2790 1842 2843 Ε

1819 2790 2066 2844 Solemne
2091 2796 2398 2842 sanctorum
2432 2794 2534 2849 est,
2565 2785 2671 2839 Deo
2698 2785 2897 2854 gratias
2926 2782 3172 2842 reddere,
3196 2775 3287 2848 qui

152 2885 290 2952 ὀσμὴν
319 2887 412 2953 τῆς
438 2884 690 2951 γνώσεως
717 2885 812 2951 τῆς
851 2885 1142 2954 ὀφελούσης
1165 2885 1339 2953 ψυχὰς
1370 2885 1436 2937 δι’
1474 2886 1648 2937 αὐτῶν
1751 2895 1784 2933 ο

1751 2868 2070 2948 cognitionis
2105 2877 2386 2930 animabus
2412 2874 2803 2944 percommode:
2830 2875 3045 2927 odorem
3078 2886 3171 2939 per
3194 2883 3292 2924 eos

154 2974 386 3041 πανταχοῦ
414 2973 730 3042 φανεροῦντι
750 2990 764 3004 ο
794 2973 858 3025 σύ
888 2974 934 3025 δ’
961 2974 1078 3026 ἀντ)⁹
1107 2974 1327 3034 εὐωδίας
1346 2974 1414 3026 τὰ
1451 2975 1650 3048 πίτυρα
1679 3009 1722 3068 C
1753 2984 1784 3020 ιι

1679 3009 1722 3068 C
1753 2969 2060 3034 ubicunque
2086 2965 2408 3018 manifestct.
2439 2961 2541 3016 Sed
2572 2971 2626 3015 tu
2650 2975 2748 3030 pro
2776 2960 2927 3015 suavi
2951 2959 3116 3012 odore
3138 2972 3288 3025 atque

154 3058 338 3128 θυμιᾷς,
374 3061 490 3112 κατ’
523 3059 700 3112 εἰκόνα
736 3059 842 3110 τῶν
885 3059 1152 3126 γυναικῶν
1190 3061 1428 3122 ἐκείνων,
1471 3043 1651 3130 ὧνπερ
1679 3043 1722 3068 “
1752 3070 1779 3108 a

1679 3043 1722 3068 υ
1752 3069 1814 3108 ac
1839 3055 1942 3107 illae
1961 3053 2234 3114 mulieres,
2253 3066 2480 3121 quarum
2500 3050 2760 3119 propheta
2778 3048 3042 3104 Jeremias
3056 3043 3284 3113 captivis

153 3147 439 3215 ὁπροφήτης
469 3145 738 3214 μέμνηται
773 3146 1034 3215 Ἱερεμίας
1065 3147 1286 3215 γράφων
1322 3150 1431 3209 τοῖς
1460 3149 1652 3216 αίχμα-
1753 3144 1785 3196 ι]

1753 3144 2072 3213 Babylonem
2108 3142 2352 3195 scribens
2379 3139 2641 3201 meminit,
2675 3137 2911 3192 furfures
2941 3137 3192 3190 incensas
3219 3133 3284 3185 ⁸⁸.

157 3232 451 3287 λωτισθεῖσιν
484 3236 563 3296 είς
591 3234 898 3287 Βαϐυλῶνα.
927 3235 990 3286 Τί
1030 3236 1135 3303 γὰρ
1165 3235 1229 3287 ἂν
1267 3235 1506 3305 διαφέροι
1552 3254 1651 3288 κα-
1751 3233 1789 3285 ιι

1751 3233 1808 3285 ιιι
1841 3249 1944 3302 quo
1973 3233 2137 3295 enim,
2170 3230 2221 3284 id
2261 3229 2405 3298 quod
2450 3231 2564 3297 ipse
2600 3228 2891 3298 profiteris,
2930 3241 3053 3280 cum
3105 3223 3290 3278 inimi-

155 3321 350 3390 τκρδίας
387 3323 446 3376 τὸ
483 3323 575 3376 σὺν
620 3323 950 3392 διάγγελμα,
982 3318 1042 3376 τὸ
1090 3325 1424 3385 στασιοποιόν
1461 3344 1519 3377 τε
1562 3327 1653 3378 καὶ
1751 3329 1787 3377 c

1751 3326 1906 3377 citias
1940 3331 2184 3390 procreet
2219 3330 2271 3374 et
2317 3319 2465 3372 nullo
2511 3319 2584 3374 sit
2629 3317 3015 3392 emolumento,
3062 3329 3092 3367 a
3142 3313 3293 3366 fumo

154 3409 376 3477 ἀκερδές;
846 3390 855 3392 “
1195 3476 1201 3484 ,
1585 3453 1591 3457 .
1753 3414 1783 3467 d

1585 3453 1591 3457 -
1753 3411 2002 3467 differet?
3003 3390 3033 3406 “

601 3500 770 3554 ΡΠΘν.
798 3532 866 3541 -
896 3501 978 3566 Τῷ
1005 3503 1182 3566 αὐτῷ.
2183 3497 2224 3550 C

2183 3495 2488 3550 CLXXXIX
2501 3535 2513 3549 .
2539 3525 2608 3535 —
2635 3493 2838 3548 Eidem.

210 3583 357 3656 Είπερ
390 3587 558 3657 δῆμος
596 3589 799 3659 ψυχῶν,
844 3591 1021 3654 καθὼς
1056 3592 1249 3660 λέγεις,
1281 3593 1345 3646 δι’
1388 3596 1654 3664 ἁμαρτίας
1824 3588 1842 3643 ε

1824 3588 1881 3643 Si
1909 3587 2068 3643 turba
2107 3587 2430 3650 animarum,
2475 3594 2532 3638 ut
2569 3584 2686 3653 ipse
2728 3583 2948 3646 asseris,
2985 3596 3080 3650 per
3105 3593 3292 3649 pecca-

155 3674 461 3729 ὲκπέπτωκεν
507 3679 616 3730 ἀπὸ
649 3681 743 3747 τῆς
781 3680 962 3748 ἁψῖδος
990 3684 1098 3735 τῶν
1141 3684 1383 3752 οὐρανῶν
1429 3685 1654 3738 ἐνταῦθα
1754 3689 1787 3733 ll

1754 3689 1863 3733 tum
1903 3693 1968 3732 ex
2015 3675 2325 3731 summitate
2357 3675 2480 3729 caeli
2511 3674 2637 3737 huc,
2681 3688 2802 3726 eum
2853 3672 3083 3741 primum
3133 3671 3293 3723 homo

155 3764 252 3812 κατ’
293 3764 454 3832 ἀρχὰς
496 3766 595 3834 τῆς
647 3769 986 3838 ἀνθρωπίνης
1018 3771 1299 3838 γενέσεως,
1335 3775 1427 3825 καὶ
1457 3774 1652 3826 ἐνεσωη-
1755 3784 1786 3822 c

1755 3768 2098 3830 conderetur,
2129 3766 2368 3834 delapsa,
2404 3779 2601 3833 corpus
2638 3764 2740 3818 sibi
2791 3762 3116 3828 assumpsit;
3160 3772 3291 3813 sane

157 3853 376 3921 ματὼθη,
429 3857 594 3925 ἐχρῆν
647 3857 849 3925 γράψαι
903 3861 992 3912 τὸν
1051 3860 1221 3927 μέγαν
1275 3862 1527 3924 Μωῦσέα,
1575 3863 1654 3914 ὅτι
1755 3873 1789 3909 ll

1755 3869 1951 3924 magno
1973 3854 2139 3922 Moysi
2171 3853 2512 3907 scribendum
2540 3859 2677 3914 erat,
2702 3851 2870 3902 multa
2903 3847 3066 3903 Deum
3092 3863 3123 3901 θ
3145 3855 3289 3902 terra

155 3935 297 3987 πολλὰ
323 3939 349 3988 ὁ
397 3939 527 4002 Θεὸς
559 3940 782 4009 σώματα
821 3944 1117 4013 πεποίηκεν
1154 3947 1217 3997 ἐκ
1273 3949 1368 4016 τῆς
1407 3948 1528 4014 γῆς,
1563 3951 1656 4001 καὶ
1753 3960 1781 3998 c

1753 3959 1967 3998 creasse
1994 3956 2241 4009 corpora,
2273 3942 2326 3994 in
2365 3955 2535 4008 eaque
2574 3940 2822 4006 delapsas
2873 3939 3080 3991 animas
3115 3937 3291 3990 immi-

156 4024 217 4123 ti;
247 4026 405 4078 ταῦτα
439 4029 732 4083 κατέϐαλεν
761 4031 857 4093 τὰς
887 4034 1216 4096 ἐκπεσούσας
1237 4035 1426 4104 ψυχάς.
1456 4037 1565 4088 Νῦν
1599 4038 1653 4088 δὲ
1755 4038 1788 4090 si

1755 4037 1911 4090 sisse.
1940 4035 2006 4086 At
2037 4035 2124 4087 ille
2159 4033 2234 4085 nil
2267 4020 2482 4085 minus:
2519 4047 2685 4084 unum
2719 4045 2845 4084 vero
2880 4029 3149 4082 hominem
3201 4041 3291 4080 so-

154 4111 233 4209 οὐχ
249 4111 428 4209 οὕτως,
452 4116 546 4167 ἕνα
568 4117 624 4168 δὲ
657 4117 935 4186 ἄνθρωπον
975 4121 1128 4188 μόνον
1150 4122 1239 4174 τὸν
1269 4123 1443 4193 ,Ἀδὰμ
1467 4127 1528 4177 ἐκ
1559 4126 1654 4194 τῆς
1757 4127 1786 4177 11

1757 4127 1864 4177 lum
1896 4125 2068 4178 Adam
2099 4139 2130 4177 e
2170 4131 2311 4176 terra
2343 4136 2579 4184 creasse,
2621 4121 2675 4172 in
2733 4133 2907 4187 eoque
2953 4117 3186 4170 animam
3213 4116 3292 4169 vi-

155 4203 236 4266 γῆς
262 4203 568 4267 πεπλάσθαι,
611 4206 702 4258 καὶ
733 4207 906 4276 ψυχὴν
953 4211 1363 4280 ἐμπεφυσῆσθαι
1406 4213 1584 4274 ζῶσαν
1621 4218 1651 4282 ἡ
1756 4233 1785 4266 ν

1756 4223 1966 4268 ventem
2001 4213 2299 4281 inspirasse
2330 4213 2493 4264 Deum
2542 4210 2821 4278 Scriptura
2861 4208 3022 4262 tradit
3041 4208 3086 4238 ⁸³
3109 4225 3138 4260 εκ
3161 4225 3180 4257 ι
3219 4205 3293 4260 fe-

157 4289 315 4390 Γραφὴ
363 4295 749 4390 παραδίδωσινο
807 4317 825 4348 ‹
860 4297 1139 4368 Ἐποίησέν
1186 4317 1246 4352 τε
1290 4303 1353 4353 ἐκ
1397 4302 1490 4354 τοῦ
1538 4304 1652 4365 ἐνὸς
1685 4305 1728 4360 D
1755 4310 1789 4358 c‘

1685 4305 1728 4360 Ι)
1755 4307 1934 4372 citque
1959 4320 2021 4358 ex
2047 4318 2154 4357 uno
2185 4303 2466 4371 sanguine,
2493 4310 2552 4356 ut
2573 4301 2861 4371 Apostolus
2879 4299 3059 4362 refert,
3079 4306 3289 4369 gentem

155 4380 371 4443 αἵματος,
399 4380 473 4442 ὥς
512 4398 673 4449 φησιν
701 4383 729 4433 ὁ
769 4385 1099 4448 ’Δπόστολος,
1137 4389 1244 4439 πᾶν
1277 4387 1424 4450 ἔθνος
1453 4389 1656 4458 ἀνθρὼ-
1753 4411 1784 4446 u

1654 4422 1656 4429 ι
1753 4395 2057 4446 universam
2094 4393 2369 4444 hominum
2405 4391 2643 4445 habitare
2677 4391 2729 4443 in
2763 4389 2952 4443 faciem
3007 4395 3165 4441 terra:
3185 4386 3286 4438 ⁸³.»

157 4477 250 4515 πων
275 4471 534 4519 κατοικεῖν
563 4470 653 4520 ἐπὶ
691 4469 976 4536 προσώπου
1005 4472 1103 4540 τῆς
1132 4473 1249 4540 γῆς.
1294 4474 1349 4526 Ὀ
1379 4474 1484 4544 γὰρ
1518 4477 1657 4545 πρῶ·
1759 4504 1776 4534 ι

1759 4504 1776 4534 ι
1804 4484 2017 4535 Primus
2064 4483 2207 4536 enim
2255 4483 2416 4535 homo
2461 4497 2527 4535 ex
2567 4489 2711 4534 terra
2766 4489 3014 4533 terrenus
3037 4479 3102 4539 ⁸³,
3144 4489 3289 4528 anon

155 4568 226 4650 τος
250 4555 518 4650 ἄνθρωπος
559 4559 750 4650 έκιγῆς
786 4560 981 4628 χοῖκδς,
1014 4579 1031 4611 ι
1062 4561 1157 4629 οὐχ
1189 4564 1234 4614 oi
1284 4565 1486 4631 πρῶτοι
1514 4566 1657 4633 ὄχλοι
1754 4588 1785 4638 p

1754 4573 1938 4638 prima:
1961 4571 2132 4624 turbze
2157 4570 2489 4623 inlinitorum
2519 4565 2792 4619 hominum
2810 4579 2875 4618 ex
2890 4572 3029 4616 terra
3047 4569 3289 4614 terrente.

157 4643 243 4692 τῶν
267 4643 464 4711 μυρίων
485 4645 874 4731 ἀνθρώπωνμέκ
894 4649 995 4716 γῆς
1019 4649 1208 4716 χοϊκοί.
1250 4670 1267 4700 ‹
1299 4652 1402 4703 Καὶ
1423 4653 1488 4703 δι’
1519 4655 1655 4716 ἐνὸς,
1754 4661 1789 4728 ³]

1754 4661 1856 4728 73
1898 4678 1916 4710 ι
1971 4659 2033 4711 Et
2085 4674 2176 4727 per
2215 4675 2401 4720 unum,
2451 4658 2546 4719 ait,
2599 4656 2882 4731 hominem
2925 4658 3199 4720 peccatum
3233 4649 3287 4703 in

158 4731 315 4795 φησιν,
347 4732 622 4800 ἀνθρώπου
677 4736 709 4803 ή
757 4728 998 4804 ἁμαρτία
1026 4737 1269 4806 εἰσῆλθεν
1310 4740 1390 4801 είς
1423 4742 1512 4793 τὸν
1566 4745 1657 4794 κό-
1757 4764 1787 4800 n

1757 4748 2015 4801 mundum
2048 4749 2388 4802 introductus
2416 4755 2499 4801 est
2520 4747 2588 4814 “,
2628 4765 2645 4796 ι
2673 4755 2726 4800 et
2769 4728 2882 4798 non.
2901 4758 2997 4812 per
3045 4741 3292 4796 multitu-

159 4831 288 4905 σμον,
314 4838 334 4871 ι
369 4822 425 4873 οὐ
462 4822 569 4892 γὰρ
591 4823 655 4892 δὴ
682 4822 769 4875 διὰ
801 4824 1030 4892 πλήθους
1063 4827 1380 4896 ἀνθρώπων.
1756 4837 1787 4890 d

1756 4837 1935 4892 dinem
1966 4839 2266 4892 hominum.
3311 4819 3313 4822 ί

376 4925 380 4929 ’
624 4911 741 4975 Pw.
766 4939 835 4950 --
867 4912 949 4976 Τῷ
978 4913 1151 4976 αὐτῷ.

1138 4953 1151 4966 ·
2280 4924 2433 4980 CXC.
2466 4952 2531 4963 —
2561 4923 2764 4977 Eidem.

189 4995 381 5099 “066st;
420 4998 793 5099 προσκρούσας
839 5000 918 5069 τῷ
955 5001 1070 5071 Θεῷ
1104 5042 1118 5065 ,
1167 5005 1257 5055 καὶ
1296 5004 1658 5076 ἐξοριζόμενος

1821 5015 2029 5069 Nemini
2061 5015 2113 5068 in
2154 5013 2506 5068 oﬁensionem
2540 5011 2632 5064 Dei
2680 5008 2964 5072 ineidenti,
2994 5016 3050 5063 et
3091 5007 3291 5063 extorri

160 5082 455 5150 εὐλογεῖται·
509 5089 538 5139 ὁ
599 5087 656 5140 δέ
699 5105 763 5156 γε
808 5089 977 5159 Ἀδὰμ
1039 5091 1409 5160 πεπλασμένος
1454 5098 1516 5148 ἐκ
1563 5100 1660 5166 τῆς
1759 5105 1792 5158 l':

1759 5105 1899 5160 facto
1929 5105 2284 5159 bcnedicitur.
2319 5102 2423 5157 Sed
2461 5102 2628 5155 Adam
2659 5116 2690 5154 e
2731 5109 2875 5155 terra
2904 5098 3190 5160 conlictus,
3237 5104 3292 5150 et

160 5171 370 5277 {ﬂcz‘zai
465 5174 575 5227 Εὕα
595 5176 658 5228 ἐκ
687 5177 787 5246 τῆς
820 5179 1006 5231 τούτου
1048 5180 1278 5251 πλευρᾶς
1326 5189 1657 5259 γεγενημένη
1759 5194 1792 5246 Ε

1759 5194 1864 5246 Eva
1893 5211 1955 5248 ex
1987 5195 2105 5261 ejus
2137 5195 2308 5247 latere
2341 5193 2628 5262 producta,
2667 5190 2735 5244 ad
2771 5189 3132 5260 procreandos
3155 5186 3293 5239 ﬁlios
3384 5250 3386 5255 ι

163 5255 316 5358 βοηθὸς
345 5262 479 5331 πρὸς
497 5280 557 5314 το
582 5265 977 5335 τεκνογονῆσαι,
998 5267 1072 5330 ὡς
1100 5270 1261 5338 μήπω
1290 5273 1451 5339 μηδὲν
1484 5255 1659 5345 ἁμαρέ
1760 5300 1795 5334 n‘

1760 5283 2088 5344 nuxiliatrix,
2123 5255 2378 5350 tanquam
2406 5282 2554 5356 nullo
2583 5255 3014 5350 adhuc—peccato
3043 5275 3291 5331 obstricti

161 5352 407 5415 τήσαντες,
459 5352 798 5420 εὐλογοῦνται
846 5356 952 5409 ὐπδ
1001 5357 1170 5424 Θεοῦ,
1218 5358 1512 5430 αὐξηθῆναι
1559 5368 1654 5418 καὶ
1758 5388 1788 5425 a

1758 5388 1788 5425 a
1856 5371 1964 5426 Deo
2000 5372 2428 5426 benedictionem
2467 5353 2785 5440 accipiunt.
2834 5386 2853 5419 ι
2916 5364 3177 5429 Crescite,
3238 5371 3295 5416 et

213 5526 246 5556 ⁸¹
273 5527 435 5583 Levtt.
467 5543 612 5588 nm,
634 5527 682 5582 8.
753 5529 797 5564 ⁸³
837 5531 1030 5589 Tln'cu.
1060 5551 1134 5603 tv,
1158 5551 1206 5593 ν.
1311 5535 1502 5598 “Gen.
1539 5555 1596 5604 ιι,
1643 5540 1690 5595 7.
1767 5543 1809 5575 ’δ
1843 5591 1845 5597 ,

1653 5540 1690 5595 7.
1767 5543 1809 5575 ἰ
1843 5544 1960 5599 Act.
2003 5559 2128 5612 wn,
2161 5541 2248 5597 26.
2278 5543 2321 5576 ⁸⁵
2360 5543 2520 5598 ICor.
2559 5557 2644 5609 xv,
2673 5542 2756 5597 47.
2830 5542 2875 5574 ⁸⁸
2906 5539 3062 5596 Rom.
3117 5557 3168 5610 ι’,
3203 5540 3285 5596 12.
