4134 6328
774 303 870 366 155

2205 305 2262 362 S.
2304 303 2461 363 NIIJ

3777 294 3875 357 196

772 406 1207 480 multiplicamini,
1241 415 1293 462 et
1324 411 1487 462 totius
1529 416 1789 462 terrarum
1824 408 1969 462 orbis
1998 406 2265 475 principu-
2300 416 2341 466 Α
2370 429 2404 461 π

2243 432 2265 447 -
2300 416 2341 466 Δ
2370 405 2742 475 πληθυνθῆναι,
2796 408 2882 457 καὶ
2915 407 3324 475 κατακυριεῦσαι
3363 404 3536 471 πάσης
3566 404 3660 471 τῆς
3696 404 3875 454 οἰκουο

772 510 881 553 tum
921 497 1151 551 ohtiuctc
1171 496 1233 547 ⁸⁷.
1275 510 1297 544 ι·
1329 495 1602 558 Quomodo
1632 497 1829 563 itaque,
1860 506 1915 549 ut
1946 496 2045 555 ais,
2106 493 2271 547 Adam

783 595 834 642 et
854 588 997 639 illius
1028 600 1158 637 tuor
1178 592 1341 638 antea
1372 585 1423 637 in
1449 586 1584 638 cmlo
1613 583 2001 653 peccaverant?

1080 670 1253 724 CXCI.
1276 700 1345 711 —
1374 670 1621 724 ATTICO
1655 670 1955 725 LECTORI.

848 776 866 807 ι
904 759 1000 821 Qui
1027 760 1158 811 vidit
1189 774 1291 820 me,
1322 759 1456 829 vidit.
1477 766 1527 810 ct
1564 759 1771 813 Patrem
1799 761 1863 824 ⁸⁸,
1900 779 1917 812 ι
1952 762 2004 814 id
2037 770 2138 825 est,
2184 762 2275 828 qui

778 845 967 912 dignus
998 846 1209 898 habitus
1240 852 1321 899 est
1353 845 1417 899 ad
1443 845 1867 912 cognoscendam
1910 862 2078 900 meam
2110 848 2280 901 deita-

783 942 908 997 tem,
940 931 1275 985 manifestum
1324 942 1405 986 est
1450 946 1571 985 eum
1608 932 1877 986 c..Patris
1909 935 2154 988 deitatem
2185 950 2279 989 co-

781 1021 1045 1086 gnovisse.
1078 1019 1186 1073 Una
1210 1019 1472 1087 siquidem
1499 1028 1581 1073 est
1600 1020 1794 1087 deitas,
1814 1031 1863 1074 et
1887 1023 2054 1090 gloria
2085 1025 2277 1085 Patris,

781 1110 831 1155 et
864 1102 977 1154 Filii
1005 1121 1016 1154 :
1049 1118 1294 1169 namque.
1319 1121 1337 1152 ι
1362 1104 1471 1172 Ego
1503 1113 1554 1156 et
1581 1105 1737 1159 Pater
1766 1123 1927 1159 unum
1956 1124 2140 1163 sumus
2161 1112 2225 1162 ⁸³.
2259 1130 2276 1162 >

968 1189 1182 1245 CXCII.
1214 1220 1279 1229 -——
1317 1190 1566 1243 AGLAIO
1598 1192 2082 1250 ANTECESSORI.

844 1274 1037 1330 Beatus
1058 1278 1244 1347 Petrus
1273 1279 1471 1352 scripto
1518 1281 1759 1345 tradidit,
1813 1300 1829 1330 ι
1870 1282 1934 1335 Ut
1982 1283 2286 1351 iudicentur

786 1377 966 1415 oumcs
1012 1378 1191 1426 carne,
1243 1366 1424 1417 vivant
1469 1382 1595 1441 vero
1640 1370 1927 1423 secundum
1979 1370 2140 1422 Deum
2174 1371 2286 1437 spi-

787 1451 889 1502 ritu
915 1453 1013 1503 ⁸ο.»
1047 1452 1180 1505 Illud
1206 1473 1223 1504 ι
1252 1454 1556 1518 judicentur
1603 1468 1782 1518 carne,
1822 1476 1839 1507 ι
1878 1457 1941 1508 ad
1972 1473 2059 1510 eos
2117 1459 2287 1525 prola-

787 1547 893 1589 tum
921 1547 1019 1600 est,
1050 1541 1138 1606 qui
1171 1550 1493 1602 asseverant,
1541 1559 1711 1610 neque
1741 1559 1954 1597 carnem
1998 1559 2026 1597 a
2070 1547 2289 1600 mortuis

788 1638 1084 1691 resurgere,
1132 1641 1301 1693 neque
1332 1628 1607 1694 judicari:
1654 1640 1707 1683 at
1736 1631 1886 1695 illud,
1929 1650 1947 1683 ι
1999 1642 2059 1684 ιιι
2112 1634 2288 1685 vivant

787 1711 1075 1763 secundum
1107 1713 1267 1767 Deum
1293 1716 1505 1783 spiritu,
1540 1735 1557 1767 ι
1596 1718 1695 1771 Ιιοο
1720 1726 1802 1773 est
1836 1734 1939 1773 non
1985 1718 2288 1773 aberrantes

786 1798 983 1862 animo,
1013 1800 1145 1854 adeo
1179 1810 1236 1855 ut
1268 1804 1463 1859 multos
1497 1820 1559 1859 ac
1597 1807 1772 1860 varios
1800 1808 1926 1861 deos
1957 1823 2073 1875 esse
2112 1810 2292 1875 suspi-
2330 1866 2335 1869 ,

787 1893 1011 1951 centur;
1046 1889 1135 1943 sed
1168 1905 1329 1942 unum
1358 1898 1409 1943 et
1435 1892 1605 1945 solum
1623 1892 1820 1958 Deum,
1848 1896 1901 1946 in
1926 1896 2117 1948 smcula
2147 1896 2293 1949 exsi-

787 1982 1046 2039 slcntem,
1099 1978 1353 2041 viventes,
1405 1979 1507 2048 74
1548 1995 1610 2033 ac
1656 1996 1840 2034 omnes
1888 1992 2292 2049 cognoscentes.

791 2060 995 2113 Dictum
1026 2078 1150 2116 vero
1179 2066 1310 2118 satis
1332 2066 1485 2119 nobis
1514 2068 1947 2133 percommodum
1981 2070 2081 2121 erit
2110 2069 2296 2121 adver-

790 2162 880 2200 sus
939 2165 1066 2208 eos,
1099 2152 1186 2217 qui
1236 2152 1568 2205 Aristotelica
1622 2153 1819 2217 fovent,
1869 2156 2297 2223 coutcmiuntque

791 2236 995 2290 animas
1027 2238 1311 2305 aliquando
1336 2255 1520 2293 omnes
1563 2241 1835 2293 hominum
1878 2252 2185 2297 extenuatas
2231 2244 2296 2296 ad

792 2327 865 2390 id,
894 2328 1031 2395 quod
1060 2341 1166 2381 non
1195 2337 1298 2388 est,
1333 2330 1674 2397 migraturus.

1279 2416 1493 2469 CXCIII.
1522 2448 1585 2457 —
1613 2417 1809 2470 Eidem.

858 2500 1134 2564 Quomodo
1162 2502 1405 2557 Christus
1429 2502 1682 2558 Dominus
1708 2523 1725 2555 ι
1755 2506 1869 2558 sine
1896 2512 2081 2569 matre,
2113 2515 2164 2559 et
2184 2507 2299 2560 sine

789 2599 959 2654 patre,
981 2597 1032 2641 et
1062 2591 1176 2643 sine
1204 2590 1508 2657 genealogia
1529 2592 1572 2621 “
1608 2610 1626 2640 ι
1661 2592 1748 2654 sit,
1782 2592 2086 2660 perdiscere
2126 2595 2295 2661 cupis.

793 2674 1094 2728 Secundum
1117 2677 1255 2743 quod
1276 2685 1353 2731 cst
1384 2693 1541 2746 supra
1569 2694 1691 2742 nos,
1720 2679 1915 2733 dicitur
1945 2680 2062 2733 sine
2094 2690 2296 2746 matre;

791 2750 885 2813 ded
915 2767 970 2812 ut
1002 2770 1082 2813 est
1113 2763 1405 2815 secundum
1453 2779 1569 2827 nos,
1603 2764 1717 2817 sine
1763 2774 1950 2833 patre;
2008 2768 2297 2820 secundum

762 2848 930 2915 .quod
956 2856 1129 2901 autem
1161 2850 1226 2903 ad
1256 2865 1486 2918 superna
1523 2852 1773 2920 pertinet,
1806 2855 1920 2908 sine
1970 2856 2295 2925 genealogia.

2373 496 2550 563 μένης.
2585 494 2701 555 Πῶς
2740 490 2853 558 οὖν,
2894 493 2967 554 ὡς
3016 492 3207 560 λέγεις,
3242 493 3581 560 προήμαρτεν
3615 491 3643 543 6
3689 490 3854 554 Ἀδὰμ

2372 582 2464 635 καὶ
2484 583 2542 635 τὸ
2561 581 2743 633 τούτου
2770 582 2982 648 γύναιον
3011 583 3067 632 ὲν
3093 585 3199 644 τοῖς
3228 582 3311 632 ἐπ’
3334 583 3608 648 οὐρανοῖςς

2642 671 2800 734 ΡιιΑν.
2828 699 2896 708 --
2921 670 3169 735 ΑΤΤΙΚῼ
3203 668 3624 738 ΛΝΑΓΝΩΣΤῌ.

2447 776 2464 807 ι
2506 758 2562 809 '0
2587 757 2837 825 ἑωρακὼς
2874 759 3001 824 ἐμὲ,
3035 757 3240 825 ἑώρακε
3280 758 3368 808 τὸν
3397 758 3637 825 Πατέρα·
3679 772 3698 805 ι
3732 770 3888 807 τουτ-

2378 844 2540 905 ἐστιν,
2576 846 2604 896 6
2632 843 2975 905 καταξιωθεὶς
3000 844 3185 910 νοῆσαι
3213 844 3308 912 τὴν
3335 842 3560 910 Οεότητά
3586 857 3708 908 μου,
3732 839 3889 908 δῆλον

2376 930 2457 980 ὄτι
2495 929 2703 996 ἐπέγνω
2738 929 2828 980 τοῦ
2881 930 3083 997 Πατρὸς
3122 929 3217 997 τὴν
3265 928 3513 997 θεότητα·
3573 928 3665 996 μία
3708 929 3816 997 γάρ
3853 932 3887 995 ἡ

2379 1016 2580 1084 θεότης,
2603 1019 2692 1068 καὶ
2712 1020 2743 1085 ὴ
2768 1016 2892 1081 δόξα.
2919 1017 3011 1069 τοῦ
3033 1017 3256 1084 Πατρός,
3285 1016 3373 1068 καὶ
3404 1015 3495 1067 τοῦ
3534 1017 3659 1068 Υἱοῦ
3680 1032 3693 1047 ο
3714 1033 3731 1066 ι
3754 1014 3895 1081 Ἐγὼ

2380 1106 2484 1176 γὰρ
2517 1107 2608 1157 καὶ
2633 1106 2660 1155 6
2688 1106 2870 1174 Πατὴρ
2895 1105 2950 1155 ἓν
2975 1107 3157 1172 ἐσμεν.
3186 1123 3203 1165 _-

2604 1194 2761 1258 Ριιθν.
2794 1224 2860 1232 -
2889 1194 3126 1262 ΑΓΑΑΙῼ
3162 1193 3661 1246 ΑΝἸῈΚΗΝΣΟΡΙ.

2462 1282 2517 1332 '0
2554 1281 2813 1351 μακάριος
2863 1282 3060 1348 Πέτρος
3091 1283 3311 1350 γράφων
3351 1283 3539 1350 φησίνο
3583 1301 3602 1332 ί
3633 1282 3745 1332 Ἶνα
3777 1296 3897 1349 κρι-

2386 1367 2511 1418 "(Bst
2551 1369 2646 1436 μὲν
2673 1368 2902 1429 ἅπαντες
2936 1370 3111 1436 σαρκὶ,
3138 1369 3266 1431 ζῶσι
3305 1370 3362 1421 δὲ
3400 1370 3538 1422 κατὰ
3575 1370 3704 1422 Θεὸν
3735 1368 3899 1422 πνεύ-

2389 1471 2529 1522 ματι
2564 1474 2580 1503 ι
2614 1455 2684 1507 Τὸ
2716 1457 2808 1523 μὲν
2841 1454 3072 1521 κίιιθῶσι
3117 1457 3320 1523 σαρκὶ,
3355 1457 3563 1525 εἴρηται
3611 1457 3744 1526 πρὸς
3774 1456 3901 1518 τοὺς

2387 1541 2519 1605 λέγσ
2541 1556 2653 1605 τας,
2687 1544 2820 1611 μήτε
2860 1543 3168 1596 ἀνίστασθαι
3197 1546 3259 1596 ἐκ
3302 1546 3524 1614 νεκρῶν,
3562 1546 3692 1615 μηδὲ
3722 1545 3904 1613 κρίνε-

2393 1631 2511 1681 σθαι
2550 1622 2720 1699 σάρκα
2740 1647 2753 1661 ·
2784 1632 2843 1682 τὸ
2870 1632 2913 1682 δ’
2939 1632 3091 1695 ὅπως
3109 1632 3249 1695 ζῶσι
3270 1633 3415 1685 κατὰ
3439 1633 3582 1685 Θεὸν
3600 1633 3905 1699 πνεύματι,

2389 1718 2627 1769 τουτέστι
2663 1716 2853 1785 μηκέτι
2890 1716 3220 1786 πλανώμενοι
3257 1717 3352 1786 τὴν
3381 1719 3575 1788 ψυχὴν,
3603 1718 3738 1770 ὥστε
3777 1717 3909 1769 πολ⁶

2389 1803 2510 1865 λοῦς
2552 1803 2642 1855 καὶ
2668 1803 2935 1864 ποικίλους
2972 1804 3325 1866 ὑποτοπάζειν
3370 1804 3542 1867 οεοὺς,
3593 1806 3687 1856 ἕνα
3717 1805 3771 1856 δὲ
3813 1804 3914 1856 καὶ

2394 1889 2548 1956 μόνον
2568 1887 2693 1939 Θεὸν
2716 1890 2794 1950 εἰς
2819 1890 2939 1951 τοὺς
2967 1888 3182 1951 αἰῶνας,
3210 1889 3555 1957 ὑπάρχοντες,
3575 1889 3664 1942 καὶ
3690 1889 3913 1953 ζῶντες,

2392 1976 2736 2043 γινώσκοντες
2764 1976 3012 2036 ἅπαντες.
3074 1976 3240 2028 Τοῦτο
3275 1977 3329 2028 δὲ
3367 1978 3631 2046 χρήσιμον
3681 1978 3809 2045 ἡμῖν
3848 1976 3914 2026 τὸ

2394 2066 2548 2133 ῥητὸν
2583 2064 2713 2132 πρὸς
2746 2066 2867 2125 τοὺς
2914 2064 3204 2123 θάλποντας
3239 2065 3303 2116 τὰ
3350 2063 3441 2115 τοῦ
3495 2065 3915 2133 Ἀριστοτέλους,

2393 2155 2482 2204 καὶ
2518 2153 2942 2221 ἰσχυριζομένους
2988 2152 3549 2220 ἀπολεπτυνθήσεσθαί
3576 2168 3701 2204 ποτε
3737 2151 3917 2213 πάσας

2394 2241 2487 2302 τὰς
2529 2241 2700 2308 ψυχὰς
2740 2242 2844 2291 τῶν
2891 2239 3349 2310 ἁνῦρώπω’ν,,κα“ι
3382 2242 3459 2301 εις
3489 2240 3548 2291 τὸ
3598 2239 3670 2309 μὴ
3700 2238 3757 2291 ὃν
3803 2256 3915 2307 χω-

2398 2330 2575 2397 ρῆσαι.
3791 2328 3793 2332 ’

2873 2417 3024 2481 ῐνιΓσ.
3047 2444 3115 2453 --
3148 2413 3226 2479 Τῷ
3259 2414 3432 2479 αὐτῷ.

2465 2488 2623 2564 Πῶςὸ
2655 2502 2920 2570 Δεσπότης
2971 2502 3197 2571 Χριστὸς
3243 2504 3489 2572 ἀμήτωρ,
3535 2503 3627 2555 καὶ
3671 2504 3921 2573 ἀπάτωρ,

2396 2592 2486 2643 καὶ
2514 2591 2950 2659 ἀγενεαλόγητος,
2991 2590 3175 2658 μαθεῖν
3207 2589 3397 2657 βούλει.
3444 2592 3690 2660 Ἀμήτωρ
3733 2592 3830 2660 μὲν
3858 2595 3924 2645 τὸ

2399 2680 2533 2749 ὑπὲρ
2558 2682 2722 2750 ἡμᾶς,
2763 2680 2985 2747 ἀπάτωρ
3008 2679 3063 2731 δὲ
3093 2681 3151 2731 τὸ
3180 2678 3297 2731 καθ’
3316 2680 3475 2748 ἡμᾶς,
3506 2680 3925 2751 ἀγενεαλόγητος

2396 2768 2450 2820 δὲ
2482 2767 2540 2818 τὸ
2567 2767 2676 2819 ἀνω
2696 2783 2709 2795 ·
2749 2769 2878 2836 φησι
2905 2768 3009 2836 γὰρ
3039 2769 3065 2819 ὁ
3106 2771 3382 2839 προφήτης
3402 2774 3415 2801 δ
3452 2788 3470 2820 ι
3504 2772 3610 2840 Τὴν
3646 2772 3702 2823 δὲ
3733 2772 3929 2838 γενεὰν

2398 2852 2557 2906 αὑτοῦ
2602 2853 2680 2915 τίς
2713 2855 3051 2922 διηγήσεταις
3082 2871 3101 2904 ι
3135 2855 3243 2922 Τὴν
3284 2856 3377 2922 μὲν
3416 2857 3521 2926 γὰρ
3552 2857 3690 2919 κατά
3745 2858 3927 2926 σάρκα

788 2937 878 2988 Ait
908 2938 1103 2989 etenim
1155 2939 1413 3006 prOphcta
1443 2957 1455 2991 :
1505 2958 1521 2990 ι
1575 2938 1981 2995 Generationcm
2037 2944 2152 3010 ejus
2183 2946 2300 3012 quis
2326 2962 2368 3019 (ι
2398 2959 2420 3009 1

2296 2962 2300 2995 ι
2326 2962 2368 3019 C
2398 2943 2604 3009 γένεσιν
2633 2941 2789 2995 αὐτοῦ
2816 2943 2842 2993 6
2866 2940 3127 3003 Ματοαῖος
3161 2943 3567 3013 ἐγενεαλόγησε·
3596 2945 3707 3007 πῶς
3734 2945 3788 2996 δὲ
3819 2946 3928 3015 πρὸ

788 3025 1167 3078 cnarrabit”?
1223 3044 1241 3076 ι
1307 3027 1681 3081 Verumtamen
1738 3030 2103 3097 generationis
2160 3031 2301 3085 illius

790 3115 1081 3168 secundum
1127 3130 1339 3170 carnem
1368 3117 1529 3172 altius
1569 3118 1728 3171 ducta
1770 3121 1974 3187 origine
2024 3119 2302 3175 Matthreus

791 3203 1026 3254 narravit
1049 3203 1113 3256 9’.
1131 3204 1198 3257 At
1218 3204 1478 3272 quomodo
1506 3212 1628 3259 ante
1672 3208 1859 3260 saecula
1910 3206 2067 3260 Pater
2111 3207 2301 3261 Filium

791 3291 1141 3356 generaverit,
1185 3305 1340 3344 nemo
1388 3293 1617 3369 penitus,
1675 3308 1847 3360 neque
1901 3308 1963 3347 ex
1996 3295 2302 3350 hominibus

791 3392 963 3445 neque
990 3391 1053 3431 ex
1086 3379 1288 3448 angelis
1319 3380 1618 3446 exprimere
1658 3380 1852 3446 potuit.

1271 3465 1492 3520 CXCIV.
1531 3496 1587 3507 —
1618 3466 1815 3520 Eidem.

858 3554 1315 3618 Quemadmodum
1347 3556 1437 3622 qui
1468 3554 1598 3609 febri
1632 3556 2017 3626 corripiuntur,
2049 3560 2305 3629 deprava-

790 3643 863 3695 tis
885 3649 1074 3712 gustus
1118 3641 1486 3706 facultatibus,
1536 3644 1639 3698 mel
1687 3659 1926 3698 amarum
1971 3662 2091 3701 esse
2126 3649 2307 3707 existi-

792 3731 1087 3795 mant;sic
1130 3739 1184 3785 et
1231 3732 1288 3794 ii,
1334 3747 1560 3800 quorum
1609 3733 1801 3787 animae
1849 3735 1930 3787 vis
1992 3735 2304 3802 degustaudi

790 3818 1064 3887 deperdita
1088 3829 1190 3873 est.
1222 3819 1284 3871 Et
1306 3820 1378 3873 ait
1405 3820 1692 3888 propheta:
1723 3837 1741 3870 ι
1771 3819 1862 3874 Va:
1885 3822 1971 3885 iis,
2005 3823 2093 3889 qui
2122 3823 2306 3876 dicunt

792 3921 1027 3959 amarum
1056 3908 1213 3963 dulce
1231 3908 1294 3960 “.
1335 3926 1354 3959 ι

924 3993 1122 4047 CXCV.
1141 4021 1210 4036 --
1228 3995 1664 4050 ANAXAGORAS
1691 3996 2167 4052 GRAMMATICO.

866 4102 885 4134 ι
907 4085 1170 4137 Coronam
1211 4087 1516 4155 gratiarum
1554 4087 1788 4154 accipies
1820 4088 2008 4141 vertici
2071 4089 2245 4151 tuo",
2282 4107 2300 4139 ι

2401 3029 2507 3082 τῶν
2553 3030 2755 3083 αἰώνων
2782 3031 2809 3079 6
2865 3028 3047 3098 Πατὴρ
3089 3029 3179 3080 τὸν
3217 3029 3341 3081 Υἱδν
3388 3031 3699 3099 ἐγέννησεν,
3754 3032 3926 3093 οὐδεὶς

2402 3118 2670 3180 παντελῶς
2720 3116 2839 3169 οὔτε
2878 3115 3188 3185 ἀνθρώπων,
3236 3116 3355 3169 οὔτε
3405 3118 3643 3186 ἀγγέλων
3670 3119 3929 3185 ἐξειπεῖν,

2402 3209 2433 3276 ἢ
2461 3205 2655 3273 γνῶναι
2688 3204 2978 3274 δεδύνηται.

2878 3456 3029 3523 ΡιιΔκ
3059 3483 3124 3498 ——
3151 3455 3233 3522 Τῷ
3264 3457 3437 3522 αὐτῷ.

2474 3547 2676 3614 Ὥσπερ
2707 3546 2755 3598 οἱ
2787 3546 3135 3614 πυρέττοντες
3170 3547 3440 3614 νομίζουσι
3483 3547 3672 3615 πικρὸν
3703 3540 3838 3598 εἶναι
3864 3547 3930 3598 τὸ

2407 3633 2545 3703 μέλι,
2569 3634 2673 3685 τῶν
2699 3634 2823 3704 παρ’
2847 3634 3025 3694 αὐτοῖς
3054 3632 3428 3702 βεϐλαμμένων
3455 3634 3745 3700 γευστικῶν
3768 3633 3927 3684 δυνά-

2410 3738 2571 3789 μεων,
2615 3720 2782 3780 οὕτως
2817 3720 2909 3772 καὶ
2951 3720 3047 3787 τῆς
3087 3720 3260 3789 ψυχῆς
3292 3737 3368 3781 τις
3402 3723 3460 3771 τὸ
3492 3719 3767 3786 γευστικὸν
3801 3718 3932 3787 βλάο

2404 3826 2609 3863 πτεται.
2641 3812 2747 3861 Καί
2778 3826 2937 3878 φησιν
2968 3812 2995 3861 6
3033 3811 3338 3879 προφήτηςο
3372 3828 3389 3861 ι
3414 3810 3547 3862 Οὐαὶ
3577 3811 3685 3870 τοῖς
3713 3808 3929 3874 λέγουσι

2294 3914 2306 3925 '
2404 3896 2462 3950 τὸ
2490 3898 2655 3965 γλυκὺ
2685 3899 2894 3969 πικρόν.
2934 3899 2950 3949 i

2578 3986 2733 4053 ΡιιΕν.
2764 4017 2833 4026 -
2856 3987 3249 4057 ΑΝΑΞΑΓΟΡᾼ
3285 3986 3749 4051 ΓΡΑΜΜΛΤΙΚῼ.

2478 4095 2496 4127 ι
2521 4079 2784 4146 Στέφανον
2820 4077 3049 4146 χαρίτων
3084 4077 3206 4146 δέξῃ
3235 4078 3298 4143 τῇ
3332 4076 3536 4143 κορυφῇ
3577 4089 3690 4135 σου,
3728 4090 3744 4121 ι
3772 4072 3799 4121 6
3827 4071 3926 4123 Σοο

792 4170 928 4225 (ὶὶιίι
960 4170 1208 4225 Salomon
1233 4189 1262 4238 ι,
1294 4187 1464 4241 neque
1495 4175 1635 4227 enim
1689 4189 1797 4227 una
1851 4176 2019 4243 gratia
2066 4183 2169 4241 est,
2199 4192 2302 4245 qua
2343 4242 2354 4245 _
2405 4166 2424 4217 )

2297 4197 2302 4228 ι
2343 4242 2354 4245 _
2405 4166 2581 4236 λομῶν
2620 4167 2855 4236 εἴρηκεν.
2885 4167 2957 4219 Οὐ
2985 4166 3089 4233 γὰρ
3123 4165 3218 4233 μία
3262 4162 3488 4231 ὑπάρχει
3521 4161 3693 4230 χάρις,
3733 4155 3765 4229 ᾗ
3800 4158 3929 4210 πλέ-

791 4258 1025 4313 nectitur
1048 4272 1166 4327 qua:
1196 4266 1370 4312 mente
1406 4261 1703 4327 concipitur
1730 4242 1952 4329 corona,
1986 4266 2079 4318 sed
2120 4242 2300 4319 muitaa
2340 4242 2379 4296 ί)
2406 4274 2423 4308 ³

2298 4289 2300 4313 ε
2340 4242 2379 4296 ί)
2406 4273 2554 4309 κεται
2574 4256 2601 4308 6
2623 4256 2742 4308 νοού
2751 4272 2905 4324 μενος
2925 4254 3197 4321 στέφανος,
3221 4251 3407 4304 πολλαὶ
3434 4251 3489 4302 δὲ
3522 4252 3655 4301 πάνυ
3677 4248 3894 4317 χάριτες
3910 4264 3930 4278 ο

795 4343 1079 4414 admodum
1103 4345 1395 4413 gratisnet
1429 4344 1507 4399 ait
1533 4344 1857 4413 Apostolus:
1894 4365 1912 4398 ι
1938 4347 2121 4402 Gratia
2158 4352 2307 4404 vobis
2405 4364 2427 4398 δι

2292 4366 2307 4404 ι
2405 4347 2495 4398 καί
2542 4362 2702 4414 φησιν
2752 4348 2780 4396 6
2828 4343 3174 4427 Ἀπόστολος’
3234 4360 3251 4392 ι
3295 4339 3463 4408 Χάρις
3508 4339 3634 4407 ὑμῖν
3688 4336 3924 4405 πληθυν-

795 4428 1178 4499 multiplicetur
1198 4428 1263 4481 ".
1300 4445 1320 4479 ι

1203 4518 1306 4588 75
1342 4517 1563 4573 CXCVI.
1597 4547 1665 4559 -—
1695 4518 1898 4574 Eidem.

856 4605 1075 4675 Appetts
1101 4617 1153 4661 et.
1180 4621 1401 4662 aureum
1444 4616 1711 4676 torquem,
1750 4609 1843 4678 qui
1880 4623 2134 4663 coronam
2182 4612 2309 4666 sub-

789 4697 1032 4765 sequitur
1050 4698 1115 4762 ",
1150 4697 1275 4768 quis
1307 4696 1399 4761 sit,
1440 4712 1788 4767 cognoscere.
1822 4697 1871 4752 Is
1910 4699 2073 4753 fuerit
2109 4699 2304 4753 Christi

792 4788 1095 4844 Servatoris.
1119 4805 1282 4844 suave
1314 4790 1525 4858 iugum,
1566 4790 1656 4859 qui
1685 4791 1820 4844 collo
1852 4790 2061 4844 veritati
2087 4790 2308 4845 creden-

788 4874 860 4930 tis
887 4877 1078 4931 animte
1108 4880 1413 4948 apponitur.

958 4964 1199 5020 CXCVII.
1228 4996 1296 5006 —
1319 4967 1661 5021 TRYPIIONI
1686 4968 2139 5024 ARCIIITECTO.

859 5052 1220 5108 Pulcherrima
1275 5057 1608 5122 pmnitentia,
1649 5065 1701 5111 et
1735 5058 1987 5110 continua
2016 5058 2216 5121 oratio,
2252 5065 2303 5111 et

786 5140 1057 5194 invocatio
1084 5144 1354 5198 emarcido
1377 5147 1625 5214 Operihns
1673 5147 1873 5199 homini
1904 5145 2119 5200 odorem
2168 5161 2302 5214 pra:-

785 5235 912 5286 stat.
938 5228 1142 5312 Accipit
1169 5232 1311 5288 enim
1341 5232 1759 5287 humanissimus
1779 5233 2035 5288 Dominus
2057 5231 2302 5288 Christus

855 5423 899 5454 "
953 5421 1085 5476 Gen.
1129 5442 1166 5487 ι,
1199 5428 1287 5481 98.
1362 5429 1406 5460 ⁸⁸
1438 5426 1590 5481 Joan.
1634 5426 1812 5488 xxv,9.

1883 5428 1926 5460 "
1948 5425 2103 5482 Joan.
2134 5442 2185 5489 x,
2217 5426 2303 5479 50.

787 5488 830 5520 ’³
868 5490 1053 5547 Matth.
1092 5509 1128 5560 ι,
1160 5496 1379 5563 passim.
1481 5495 1523 5526 "
1551 5493 1652 5550 Isa.
1686 5512 1734 5557 v,
1770 5493 1863 5557 20.

1963 5497 2006 5528 θ’
2043 5494 2201 5549 Prov.
2246 5509 2284 5557 ι.
2328 5495 2380 5547 9.

2407 4430 2543 4499 θείη.
2581 4450 2599 4482 r

2871 4519 3041 4582 Ριιςν.
3072 4544 3140 4556 —-
3175 4514 3254 4577 Τῷ
3279 4512 3454 4577 αὐτῷ.

2474 4607 2795 4675 Βεϐούλησαι
2820 4606 2908 4659 καὶ
2936 4606 3024 4657 τὸν
3049 4603 3269 4673 χρύσεον
3294 4603 3465 4655 κλοιὸν
3485 4603 3573 4653 τὸν
3591 4602 3665 4669 τῷ
3683 4600 3930 4667 στειράνῳ

2401 4698 2747 4766 ὲφεπόμενον,
2779 4694 2859 4754 τίς
2901 4694 3076 4753 ἐστιν,
3110 4691 3419 4758 ἐπιγνῶναι.
3456 4684 3618 4750 Οὗτος
3657 4688 3701 4739 δ’
3742 4687 3804 4738 ἂν
3838 4687 3924 4752 εἴη

2400 4788 2428 4839 6
2458 4786 2547 4838 τοῦ
2577 4786 2823 4851 Σωτῆρος
2854 4778 3083 4850 Χριστοῦ
3114 4779 3343 4849 χρηστὸς
3377 4778 3533 4844 ζυγὸς
3560 4776 3923 4844 ἐπιτιθέμενος

2400 4873 2476 4942 τῷ
2503 4873 2750 4941 τραχήλῳ
2778 4869 2874 4937 τῆς
2899 4867 3256 4935 πιστευσάτης
3290 4870 3353 4935 τῇ
3381 4866 3599 4934 ἀληθείᾳ
3625 4862 3799 4932 ψυχῆς

2622 4963 2777 5026 ΡιτΖκ
2813 4989 2873 5000 -
2900 4958 3187 5010 ΤΡΥΦΩΝΙ
3226 4955 3707 5008 ΑΡΧΙΤΕΚΤΟΝΙ.

2486 5052 2548 5102 Ἢ
2579 5050 2831 5117 καλλίστη
2860 5048 3202 5117 μετάγνωσις,
3228 5046 3318 5097 καὶ
3341 5044 3582 5104 σύντονος
3606 5042 3785 5109 δέησις
3832 5040 3921 5092 καὶ

2410 5142 2759 5211 παράκλησις,
2788 5138 3061 5200 εὐωδιάζει
3093 5137 3179 5189 τὸν
3216 5136 3483 5204 σεσηπότα
3516 5135 3631 5194 ταῖς
3670 5128 3924 5198 πράξεσιν

2406 5229 2709 5299 ἀνθρωπονο
2742 5228 2948 5297 δέχεται
2986 5225 3089 5294 γὰρ
3126 5224 3218 5275 καὶ
3250 5223 3429 5291 δέησιν
3471 5225 3608 5291 ῥυπα
3621 5220 3712 5289 ράν
3745 5221 3773 5271 6
3805 5216 3921 5285 φιλ-

2378 5427 2422 5456 ⁹⁰
2458 5424 2629 5479 IPctr.
2674 5440 2746 5483 ιγ,
2781 5420 2830 5473 (ἲ.
2906 5423 2945 5452 ¹³¹
2982 5420 3138 5473 IIehr.
3167 5435 3258 5483 vn,
3282 5422 3331 5472 ’5.
3402 5422 3444 5450 ⁸⁵
3469 5422 3567 5473 Isi].
3634 5428 3740 5478 Lm,
3772 5414 3822 5468 8.

2477 5495 2519 5525 θα
2572 5492 2755 5547 II‘ctr.
2790 5506 2826 5555 ι,
2855 5488 2906 5544 2.
3004 5491 3044 5521 ⁰ῖ
3076 5489 3231 5552 Prov,
3257 5504 3291 5551 ι,
3326 5489 3374 5541 9.
