4134 6328
261 319 356 382 157

1423 327 1943 386 EPISTOLARUM
1981 330 2123 389 LIB.
2163 330 2212 387 Ιο

3326 331 3420 394 Ῑῖιδ

267 427 654 496 ανθρωπότατος
701 427 972 493 Δεσπότης
1017 427 1240 494 Χριστὸς
1289 430 1350 480 ἐκ
1397 432 1657 500 στόματος
1697 437 1836 502 (δυ-Α

1832 439 1856 490 t
1887 450 1949 488 cx
1979 451 2071 489 ore
2099 435 2316 489 sordido
2353 450 2541 504 preces
2583 436 2901 508 lululcntas,
2936 438 2976 491 si
3013 438 3066 490 in
3124 439 3421 496 humilitate

264 513 421 585 πικροῦ
475 518 528 567 ἐν
575 515 897 567 ταπεινώσει
945 516 1387 587 προσφερομένην
1435 522 1620 590 πολλῇ.
1673 525 1778 575 Καὶ

264 605 475 656 πειθέτω
520 620 576 654 σε
629 606 656 655 ὁ
706 603 926 671 φράζων
970 604 1205 674 λῃστής·
1261 625 1278 656 ι
1312 610 1592 679 Μνήσθητί
1637 630 1736 682 μου
1764 652 1778 675 ,

265 693 414 762 Κύριε
458 691 663 760 Ἰησοῦ,
702 691 830 743 ὅταν
878 691 1032 763 ἔλθῃς
1088 696 1145 745 ἐν
1193 697 1258 763 τῇ
1309 695 1551 768 βασιλείᾳ
1605 718 1719 762 σου,
1757 721 1773 752 ι

262 781 546 851 παραυτίκα
576 781 843 846 ἀκούσας·
878 801 895 835 ι
926 784 1167 854 Σήμερον
1199 784 1312 852 μετ’
1336 786 1466 855 ἐμοῦ
1496 788 1591 861 ἔσῃ
1625 793 1678 842 ἐν
1703 791 1779 860 τῷ

263 872 568 944 παραδείσῳ.
605 892 625 925 ι

711 965 872 1034 ΡιΗυ.
905 999 972 1011 --
1005 971 1092 1036 Τῷ
1126 971 1301 1036 αὐτῷ.

320 1051 497 1118 Δέγεις
532 1053 825 1124 ἀκηκοέναι
869 1057 1123 1128 Ἕλληνος
1161 1059 1479 1129 ἁμαρτωλοῦ
1515 1061 1775 1124 εἰπόντος,

259 1142 329 1193 ὅτι
356 1142 504 1194 Οὐδέν
539 1161 639 1212 μου
678 1145 952 1218 διαφέρεις
991 1149 1092 1201 κᾶν
1121 1149 1436 1219 Χριστιανὸς
1476 1146 1563 1220 ᾖς,
1599 1153 1778 1220 ἀμαρ-

259 1230 406 1292 τωλὸς
432 1231 533 1300 γὰρ
561 1233 661 1292 καὶ
694 1234 778 1289 σύ.
812 1237 946 1289 Εεπέ
974 1238 1149 1290 τοίνυν
1186 1237 1320 1307 πρὸς
1364 1238 1521 1289 αὐτὸν
1552 1238 1647 1308 τὴν
1676 1256 1779 1293 πα·-

263 1320 465 1391 ραϐολὴν
501 1324 736 1393 ταύτην·
765 1326 867 1378 Δύο
913 1328 1077 1389 κύνας
1110 1345 1189 1389 τις
1233 1327 1614 1397 οἰκοδεσπότης
1657 1330 1779 1381 ἐκέ-

261 1429 420 1480 κτητο,
452 1415 541 1465 καὶ
589 1415 681 1468 τὸν
730 1417 826 1484 μὲν
866 1418 1203 1487 λυττήσαντα
1254 1417 1345 1469 καὶ
1386 1418 1474 1470 τὸν
1517 1418 1778 1489 δεσπότην

259 1502 396 1555 αὐτὸν
466 1506 739 1574 σπαράξαι
796 1508 1136 1578 τολμήσαντα
1167 1551 1182 1573 ,
1244 1510 1777 1580 ἀποτυμπανισθῆναι

260 1591 580 1657 προσέταξεν,
611 1596 700 1646 τὸν
737 1596 790 1647 δὲ
820 1598 1114 1665 ἀγαπῶντα
1140 1599 1231 1652 τὸν
1260 1601 1465 1669 κύριον,
1501 1600 1593 1650 καὶ
1627 1616 1778 1667 περι-

257 1680 479 1748 γλέχοντα
519 1686 585 1753 τῇ
643 1688 840 1756 στοργῇ
885 1688 1008 1750 τοὺς
1057 1689 1218 1751 πόδας
1255 1690 1345 1742 τοῦ
1380 1691 1635 1742 δεσπότου
1689 1689 1773 1742 διὰ

256 1768 448 1832 παντὸς,
470 1777 856 1840 περιποιεῖται,
891 1775 984 1827 καὶ
1013 1777 1218 1846 τρέφει,
1243 1781 1336 1830 καὶ
1368 1777 1612 1843 ἐκσὼξει.

586 1968 748 2035 me.
780 2001 850 2010 —
876 1971 1390 2043 ΦΟΥΡΤΟΥΝΑΤῼ.

311 2055 376 2109 Τὸ
411 2057 573 2123 ὀξέως
608 2060 1086 2126 σκανδαλίζεσθαι,
1129 2063 1188 2112 οὗ
1227 2064 1536 2131 φιλοσόφου,
1574 2067 1773 2133 μικρᾶς

255 2146 297 2198 δέ
333 2163 462 2210 τινος
507 2148 719 2217 ψυχῆς·
769 2169 787 2199 ι
823 2150 1023 2219 Εἰρήνη
1057 2151 1163 2218 γὰρ
1207 2152 1392 2220 πολλὴ,
1448 2154 1614 2222 φησὶ,
1662 2159 1771 2217 τοῖς

255 2236 473 2302 ἀγαπῶσι
502 2237 561 2289 τὸ
591 2238 760 2307 ὄνομά
800 2255 913 2302 σου,
940 2239 1032 2291 καὶ
1066 2241 1163 2291 οὐκ
1199 2240 1343 2292 ἔστιν
1391 2243 1566 2302 αὐτοῖς
1611 2244 1769 2293 σκάν-

254 2325 400 2378 δαλον.

644 2417 717 2469 Σο.
749 2447 818 2455 -
839 2418 1333 2488 ΣΕΚΟΥΝΔΙΛΝῼ.

311 2503 416 2553 Ὀτι
446 2503 534 2555 καὶ
565 2504 593 2555 ὁ
623 2505 923 2572 ἀκάθαρτος
956 2507 1238 2574 δυνήσεται
1273 2511 1764 2577 μετασκευασθῆναι

253 2591 315 2650 εις
343 2591 594 2658 παρθένον
643 2595 978 2663 προαίρεσιν,
1021 2596 1256 2648 δείκνυσι
1291 2597 1497 2660 Παῦλος
1544 2601 1765 2668 γράφων

250 2681 342 2742 τοῖς
366 2681 690 2751 Κορινθίοιςο
730 2703 747 2734 ι
785 2686 1138 2756 Ἥρμοσάμην
1166 2689 1304 2755 ὑμᾶς
1338 2691 1415 2741 ἐνί
1442 2691 1591 2758 ἀνδρὶ
1621 2708 1760 2759 παρ-

249 2769 375 2822 θένον
399 2773 560 2842 ἁγνὴν
595 2775 942 2842 παραστῆσαι
973 2776 1046 2844 τῷ
1080 2778 1316 2844 Χριστῷ.
1345 2796 1362 2827 ι

643 2864 761 2916 ΣΔ’.
787 2896 851 2904 -
880 2867 1334 2921 ΚΑΛΛΙΣΤΙΩΝῙ.

311 2968 326 2999 ι
363 2950 414 3002 '0
439 2952 644 3014 δίκαιος
685 2953 970 3015 πολλοστὸς
1001 2973 1017 3003 ι
1055 2956 1287 3022 λέγεται,
1319 2958 1390 3020 ὡς
1418 2959 1762 3028 ἐννενήκοντα

249 3042 378 3095 ἐννέα
395 3045 448 3095 ἐν
470 3045 749 3114 παραϐολῇ
775 3043 1037 3114 πρόϐατα.
1070 3047 1123 3098 '0
1156 3048 1209 3098 δὲ
1239 3049 1554 3117 ἁμαρτωλὸς
1580 3050 1766 3121 ὥσπερ
1794 3051 1836 3112 C

248 3132 607 3201 ἀπολλύμενος,
654 3129 883 3203 ἢεῖς,ἢ
933 3135 1043 3185 οὐθ’
1089 3130 1168 3197 εἷς
1217 3136 1451 3203 λέγεται,
1499 3141 1572 3209 μὴ
1603 3141 1764 3194 θέλων

252 3222 570 3293 μετανοῆσαι,
599 3224 693 3275 καὶ
717 3223 1081 3292 πληθυνθῆναι
1109 3229 1226 3288 ταῖς
1252 3230 1488 3296 ἀρεταῖς.

724 3315 838 3366 EB’.
871 3345 937 3353 —
972 3315 1053 3377 Τῷ
1081 3315 1256 3380 αὐτῷ.

315 3406 421 3458 Ἐπὶ
449 3407 553 3460 τῶν
585 3408 851 3474 σωμάτων
885 3407 980 3475 μία
1015 3407 1226 3474 γένεσίς
1256 3412 1419 3473 ἐστιν,
1468 3413 1547 3464 ὅτι
1591 3414 1761 3475 οὐδεὶς

243 3493 464 3564 δεύτερον
495 3496 777 3566 ἐγεννήθητ
805 3498 895 3548 ἐπὶ
915 3497 969 3548 δὲ
989 3498 1093 3549 τῶν
1114 3499 1299 3568 ψυχῶν
1318 3501 1421 3551 τῶν
1446 3503 1761 3567 ἁγιάζεσθαι

244 3587 472 3654 διηνεκῶς
502 3589 946 3657 προαιρουμένων
972 3589 1185 3651 πλείους
1215 3591 1452 3656 γενέσεις
1484 3593 1758 3662 εὑρίσκον-

240 3690 336 3735 ται,
357 3676 436 3727 ἀεὶ
464 3678 571 3746 γὰρ
603 3678 1080 3747 ἀνακαινούμενος,
1104 3681 1192 3732 καὶ
1227 3681 1616 3750 ἀνανεούμενος
1640 3701 1761 3750 γεν-

241 3765 376 3816 νᾶται
405 3766 672 3830 ὁδίκαιος,
704 3768 1017 3838 γεγέννηται
1064 3771 1299 3840 σήμερον
1340 3772 1396 3822 ἐν
1429 3773 1618 3839 πράξει
1657 3775 1759 3826 τινὶ

239 3855 417 3924 ἀγαθῇ,
443 3858 530 3908 καὶ
557 3857 653 3909 ἐὰν
683 3858 842 3911 πάλιν
884 3859 1048 3928 ἄλλην
1082 3861 1279 3930 ποιήσῃ
1309 3861 1535 3930 ἀγαθὴν,
1578 3864 1759 3928 γεγέν-

239 3959 395 4012 νηται.
427 3945 622 4014 Διόπερ
659 3946 686 3996 ὁ
727 3946 882 4014 λόγος
905 3947 1243 4014 δαψιλεύεται
1282 3949 1370 3998 ἐπὶ
1406 3946 1512 3999 τῶν
1536 3948 1756 4000 δικαίων

240 4030 322 4091 τὰς
347 4033 608 4098 γενέσεις,
654 4034 822 4102 λέγων
858 4035 942 4087 διὰ
977 4035 1066 4087 τοῦ
1109 4037 1411 4098 Μωῦσέως·
1444 4057 1462 4086 ‹
1499 4032 1663 4090 Αῦται
1700 4041 1756 4089 αἱ

235 4120 451 4185 γενέσεις
492 4122 636 4184 Νῶε,
691 4119 846 4177 αὗται
892 4127 948 4177 αἱ
986 4125 1222 4193 γενέσεις
1272 4126 1490 4178 Ἰακώϐ·
1525 4146 1541 4176 ι
1575 4128 1666 4178 καὶ
1707 4127 1760 4178 εἴ

236 4223 307 4269 τις
347 4208 494 4274 ἄλλος
544 4210 758 4280 εἴρηται
809 4213 1182 4276 πλττθυντικῶς
1227 4216 1465 4281 γενέσεις
1525 4217 1752 4286 ἐσχηκέ-

236 4313 327 4352 ναι.

512 4429 625 4486 κιο.
657 4465 725 4475 -
751 4435 1038 4506 ΚΥΡΗΝῼ
1076 4438 1444 4509 sermone.

302 4624 605 4696 Ἦρὼτησάς
648 4645 747 4697 με,
800 4629 853 4682 τι
900 4630 1014 4681 ἐστι
1056 4649 1072 4681 ι
1106 4631 1414 4703 Ματαιότης
1457 4636 1750 4704 ματαιοτή-

236 4728 342 4768 των.
379 4734 397 4766 ι
436 4718 675 4770 Μάταιον
703 4717 918 4787 νοηθείη
948 4718 1012 4771 ἂν
1046 4719 1104 4772 τὸ
1133 4722 1494 4775 ἀνυπόστατον
1523 4725 1578 4775 ἐν
1613 4725 1747 4794 μόνῃ

235 4804 289 4869 τῇ
317 4805 402 4857 τοῦ
426 4809 680 4876 ’ῥήματος
712 4810 957 4878 προφορᾷ
982 4810 1040 4861 τὸ
1083 4807 1217 4863 εἶναι
1246 4812 1400 4881 ἔχων.
1438 4815 1747 4883 Ματαιότης

237 4891 282 4942 δὲ
310 4899 687 4967 ματαιοτήτων,
725 4898 910 4969 ὥσπερ
942 4899 1005 4952 ἂν
1041 4900 1092 4951 εἴ
1119 4917 1199 4962 τις
1231 4900 1395 4968 λέγοι,
1435 4901 1525 4953 τοῦ
1556 4904 1746 4971 νεκροῦ

237 4982 542 5054 νεκρότερον,
587 4987 681 5039 καὶ
724 4987 820 5039 τοῦ
849 4988 1052 5057 ἀψύχου
1086 4989 1457 5060 ἀψυχώτερον·
1508 4993 1740 5061 καίτοιὴ

1883 524 2081 591 ingenti
2111 524 2429 578 oderantur.
2466 524 2649 592 Teque
2689 525 2914 578 suadeat
2968 525 3211 582 clamans
3243 531 3418 586 latro:

1885 638 1900 662 ι
1935 613 2201 668 Memento
2231 613 2360 678 mei,
2392 613 2616 667 Domine
2654 612 2805 675 Jesu,
2833 626 2954 666 cum
2993 615 3211 669 veneris
3252 617 3307 670 in
3338 635 3420 674 rc-

1880 718 1983 769 gno
2014 712 2106 755 tuo
2133 723 2145 756 :
2182 722 2199 753 ε
2241 705 2510 772 extemplo
2537 705 2762 760 audiens
2788 723 2802 760 :
2828 722 2847 756 ι
2879 704 3046 758 Ilodie
3072 720 3280 760 mecum
3313 710 3423 764 eris

1887 793 1939 845 in
1975 793 2232 860 paradiso
2253 795 2318 849 9‘.
2352 813 2369 845 ι

2399 967 2673 1022 CXCVIII.
2696 1000 2765 1008 —
2795 968 2999 1024 Eidem.

1949 1054 2156 1111 Scribis
2179 1063 2232 1110 te
2267 1071 2295 1109 a
2330 1066 2612 1125 peccatore
2660 1059 2858 1112 intideli
2884 1059 3146 1123 audiisse,
3188 1059 3277 1129 qui
3311 1059 3424 1131 haec

1877 1148 2117 1201 diceret:
2147 1147 2350 1200 Nihil'a
2373 1163 2458 1201 me
2489 1148 2693 1209 diﬂ'crs.
2718 1149 2929 1203 etiamsi
2961 1149 3303 1220 Christianus
3335 1165 3419 1208 es.

1878 1249 2001 1287 cum
2037 1235 2114 1288 sis
2149 1242 2201 1288 et
2229 1236 2344 1302 ipse
2382 1244 2658 1302 peccator.
2715 1237 2880 1306 Igitur
2919 1238 3084 1292 eﬂ'are
3122 1240 3188 1292 ad
3245 1241 3420 1307 ipsum

1880 1325 2015 1378 hanc
2051 1323 2385 1392 parabolam.
2424 1325 2568 1380 Duos
2607 1341 2771 1381 canes
2813 1327 3202 1396 paterfamilias
3245 1327 3420 1396 possi-

1877 1413 2081 1477 debat;
2119 1429 2306 1477 unum,
2352 1413 2445 1482 qui
2503 1413 2656 1467 rabie
2715 1423 2868 1468 actus
2928 1413 3205 1467 dominum
3247 1412 3420 1482 ipsum

1878 1501 2217 1555 membratim
2253 1501 2569 1571 discerpere
2601 1511 2944 1567 tentaverat,
2981 1504 3236 1572 prarcepit
3285 1509 3424 1572 tym-

1879 1593 2031 1659 panis
2073 1607 2133 1645 ac
2164 1593 2401 1648 fidiculis
2432 1594 2689 1659 extendi;
2731 1594 2986 1660 alterum,
3033 1591 3286 1646 secundis
3323 1607 3424 1645 au-

1879 1679 2028 1732 ribus
2061 1694 2184 1732 eum
2239 1679 2626 1748 accipientem,
2669 1679 3106 1750 lambentemque
3163 1679 3424 1733 benevole

1803 1745 1846 1802 Β
1875 1768 2136 1819 continuo
2164 1767 2326 1835 pedes
2357 1745 2542 1832 illius,
2599 1769 2828 1838 ideoque
2881 1745 3423 1838 eum-amplectitur,

1878 1857 1974 1910 alit
2001 1869 2307 1925 servatque.

2259 1948 2486 2002 CXCIX.
2528 1977 2596 1988 —
2625 1946 3063 2004 FORTUNATO.

1945 2033 2061 2087 Non
2094 2044 2175 2091 est
2209 2037 2536 2104 philosophi,
2571 2036 2664 2089 sed
2707 2035 2919 2105 pusilla:
2953 2035 3253 2103 cujuspiam
3301 2030 3420 2085 aui-

1873 2139 1972 2175 mze
2007 2123 2322 2176 scandalum
2357 2124 2487 2191 pati.
2530 2142 2546 2173 ι
2586 2122 2693 2176 Pax
2751 2142 2769 2175 ›
2797 2138 3030 2192 namque
3060 2137 3289 2186 summa,
3323 2121 3418 2184 ait,

1873 2213 1979 2281 76
2013 2232 2030 2262 ι
2073 2213 2423 2281 diligentibus
2461 2227 2657 2268 nomen
2707 2221 2883 2274 tuum,
2931 2223 2985 2267 ct
3017 2227 3123 2266 non
3175 2222 3255 2265 est
3315 2209 3420 2265 illis

1872 2303 2187 2357 seantlalum
2218 2304 2283 2355 ‘39.
2323 2323 2339 2353 ι
3246 2301 3249 2303 ’

2291 2389 2398 2444 CC.
2439 2421 2502 2430 —
2537 2389 2986 2445 SECURDIANO.

1940 2478 2282 2532 Immuudum
2317 2480 2474 2532 etiam
2511 2495 2667 2549 posse
2717 2481 2770 2531 in
2803 2480 3064 2547 virginem
3099 2477 3416 2533 electionem

1870 2552 2270 2632 transformari,
2304 2570 2539 2623 ostendit
2574 2571 2776 2624 Paulus
2812 2569 3107 2623 Corinthiis
3139 2569 3414 2622 scribens:

1874 2676 1891 2706 ι
1937 2657 2205 2726 Despondi
2242 2674 2334 2712 vos
2372 2659 2461 2711 ιιιιὶ
2496 2659 2611 2713 viro
2641 2660 2909 2728 virginem
2934 2669 3140 2711 castam
3166 2659 3418 2712 exhibere

1867 2747 2087 2800 Christo
2123 2747 2211 2804 ¹“².
2266 2765 2284 2798 ι
3100 2746 3103 2751 ’

2309 2836 2509 2891 CCL—
2535 2837 2978 2892 CALLISTiONl.

1943 2945 1960 2976 ι
2006 2924 2196 2981 Justus
2230 2928 2610 2990 multifariam,
2647 2929 2940 2997 multisque
2978 2928 3153 2982 modis
3231 2947 3248 2978 ι
3282 2926 3416 2980 dici-

1867 3022 1973 3080 tur,
1999 3015 2163 3068 veluti
2197 3018 2486 3086 nonaginta
2530 3033 2720 3072 novem
2786 3033 2913 3072 oves
2979 3019 3032 3070 in
3088 3018 3342 3086 parabola
3375 3019 3413 3071 ³.

1867 3106 2131 3158 Peccator
2161 3121 2289 3160 vero
2317 3115 2572 3174 tanquam
2607 3107 2699 3176 qui
2739 3107 3078 3176 deperditur,
3130 3110 3209 3161 vel
3253 3124 3414 3171 unus,

1866 3194 1948 3245 vel
1973 3209 2128 3246 nemo
2161 3204 2532 3264 nuncupatur,
2571 3198 2650 3249 uti
2702 3198 2795 3265 qui
2853 3195 2986 3248 nolit
3041 3197 3414 3264 pcenitentiam

1866 3296 2044 3351 agere,
2078 3292 2132 3336 et
2165 3285 2462 3338 virtutibus
2497 3285 2872 3354 multiplicari.

2397 3370 2548 3424 CCII.
2581 3404 2646 3412 —
2671 3371 2877 3428 Eidem.

1934 3461 1990 3513 ln
2021 3462 2343 3529 corporibus
2381 3478 2486 3515 una
2516 3464 2792 3532 generatio
2818 3473 2917 3528 est,
2950 3478 3073 3518 cum
3113 3463 3293 3516 nullus
3332 3474 3414 3515 se-

1863 3553 2035 3606 cnmla
2065 3554 2182 3606 vice
2209 3561 2519 3622 generetur.
2552 3555 2620 3606 At
2663 3555 2717 3608 in
2755 3556 2952 3611 animis
2987 3571 3194 3620 corum,
3225 3554 3314 3622 qui
3354 3568 3412 3607 se

1861 3645 2118 3696 continuo
2146 3646 2503 3698 sanctoslieri
2539 3645 2894 3710 contendunt,
2948 3648 3132 3713 plures
3181 3660 3407 3714 genera-

1861 3734 2034 3787 tiones
2079 3735 2527 3801 compcriuntur:
2583 3749 2796 3804 semper
2855 3736 2996 3788 enim
3037 3712 3409 3786 l‘t‘liOVﬂlUS-t'l

1859 3821 2255 3889 redintegratus
2285 3822 2546 3889 ,nascitur
2579 3824 2800 3891 justus;
2834 3823 2886 3875 iu
2931 3821 3174 3875 facinore
3226 3821 3408 3889 aliquo

1857 3911 1996 3963 bono
2025 3912 2180 3965 hodie
2213 3915 2477 3976 nascitur,
2508 3929 2834 3981 rursumque
2865 3914 2910 3966 si
2949 3913 3095 3964 aliud
3125 3912 3405 3981 egregium

1856 4001 2170 4067 pzttraverit,
2201 4003 2468 4056 nascitur.
2499 4001 2836 4072 Quapropter
2860 4002 3026 4056 dictio
3058 4002 3110 4055 in
3135 4003 3402 4071 iustorum

1853 4091 2293 4156 generationibus
2330 4093 2576 4159 plurium‘
2598 4108 2823 4147 numero
2850 4092 3183 4160 proﬂuentcr
3204 4091 3402 4145 redun-

1853 4180 1942 4231 dat
1994 4179 2134 4247 apud
2189 4178 2464 4249 Moysen]:
2506 4200 2524 4232 ι
2587 4181 2676 4233 llae
2716 4181 3088 4250 generationes
3113 4177 3288 4245 Noe‘;
3321 4181 3401 4233 hat

1849 4268 2220 4334 generationes
2250 4266 2440 4321 Jacob.
2536 4286 2554 4318 ›
2590 4275 2642 4322 et
2677 4271 2721 4322 si
2744 4270 2866 4337 quis
2897 4269 3035 4321 alius
3082 4269 3135 4320 in
3164 4269 3399 4338 pluriutn

1784 4377 1826 4430 υ
1859 4371 2082 4410 numero
2124 4357 2325 4410 dicitur
2354 4359 2736 4427 generationes
2775 4357 3053 4420 habuisse,

2148 4445 2320 4524 CCIII.
2355 4476 2417 4485 —-
2447 4446 2701 4502 CYRINO
2735 4445 3085 4501 EPISCOPO.

1918 4535 2208 4590 Pustulasti
2248 4550 2278 4589 a
2311 4552 2413 4601 me,
2444 4536 2571 4603 quid
2617 4536 2749 4590 illud
2800 4537 3027 4590 innuat:
3094 4553 3111 4586 ι
3175 4535 3398 4592 Vauitas

1846 4625 2139 4676 vanitatum
2170 4624 2212 4675 ⁸.
2254 4643 2272 4674 ›
2309 4625 2412 4693 77
2445 4623 2650 4678 Vanum
2683 4624 3191 4692 iutcllexeris,quod
3223 4625 3398 4678 subsi~

1846 4713 2097 4765 stentiam
2141 4726 2247 4764 non
2282 4713 2478 4777 habet,
2515 4711 2607 4766 sed
2643 4714 2697 4766 in
2747 4713 2861 4766 sola
2911 4711 3058 4766 verbi
3095 4713 3395 4780 prolatione

1844 4801 2002 4856 habet
2047 4803 2191 4872 quod
2245 4802 2334 4856 sit.
2374 4801 2599 4856 Vamtas
2646 4813 2821 4856 autem
2854 4803 3186 4865 vanitatem,
3254 4817 3317 4854 ac
3345 4801 3392 4857 si

1843 4891 1963 4957 quis
2009 4890 2242 4956 dixerit,
2282 4890 2402 4959 ipso
2443 4891 2700 4944 defuncto
2749 4892 2918 4960 magis
2963 4890 3308 4952 defunctum,
3336 4899 3391 4942 et

1842 4978 1957 5044 ipso
1993 4977 2291 5030 inanimato
2320 4979 2491 5045 magis
2524 4978 2876 5030 inanimatum
2907 5017 2918 5029 .
2955 4976 3077 5029 licet
3111 4991 3390 5045 compara-

238 5075 531 5144 συγκριτικὴ
566 5076 812 5139 ἐπίτασις
861 5079 1042 5149 χῶραν
1098 5080 1186 5132 ἐπὶ
1220 5083 1325 5134 τῶν
1355 5082 1608 5136 τοιούτων
1648 5089 1744 5139 οὐκ

1839 5068 1946 5119 tiva
1978 5069 2158 5120 auctio
2193 5068 2246 5120 in
2282 5070 2554 5123 similibus
2591 5070 2768 5121 locum
2810 5083 2916 5121 non
2953 5069 3176 5131 habeat;
3213 5069 3388 5137 expri—

239 5157 346 5226 εχει,
374 5163 484 5214 ἀλλ’
513 5164 660 5233 ὅμως
683 5165 898 5233 λέγεται
943 5168 1116 5238 τούτῳ
1145 5168 1219 5238 τῷ
1249 5172 1449 5238 ῥήματι
1479 5174 1610 5241 πρὸς
1645 5175 1742 5241 τὴν

1839 5159 2003 5210 mitur
2052 5159 2406 5212 nihilominus
2451 5175 2515 5213 eo
2554 5160 2719 5212 verbo
2754 5159 2819 5212 ad
2855 5160 3110 5227 majorem
3159 5175 3386 5228 exsupe-

237 5246 316 5315 τῆς
340 5251 630 5321 ὑπερϐολῆς
656 5253 749 5305 τοῦ
770 5255 1057 5323 λεγομένου
1089 5259 1396 5326 σαφήνειαν.

700 5345 812 5398 ΣΔν.
836 5373 904 5382 ——
938 5344 1018 5408 Τῷ
1048 5347 1224 5410 αὐτῷ.

297 5444 313 5474 ι
353 5428 842 5501 Ἀνασταυροῦντες,
885 5435 1033 5502 φησὶ,
1065 5435 1154 5486 τὸν
1179 5437 1301 5490 Υἰὸν
1327 5439 1416 5491 τοῦ
1447 5439 1597 5505 Θεοῦ,
1650 5443 1741 5493 καὶ

1844 5249 2029 5301 rantia:
2063 5243 2334 5301 dictorum
2370 5248 2807 5303 declarationem.

2358 5339 2536 5393 CCIV.
2569 5370 2636 5379 ——-
2667 5341 2866 5394 Eidem.

1917 5446 1933 5476 ι
1969 5429 2161 5481 lterum
2209 5429 2584 5499 crucifigentcs
2611 5471 2624 5496 ,
2657 5431 2767 5497 ait,
2820 5431 3014 5484 Filium
3047 5429 3172 5493 Dei,
3210 5438 3262 5484 et
3286 5443 3382 5498 pa-

359 5558 484 5653 L'uc.
514 5564 854 5653 “rupti-45.
874 5567 916 5600 ’⁵
942 5567 1081 5622 Psal.
1106 5563 1294 5630 cum;
1315 5576 1426 5629 εδδ.
1466 5579 1706 5636 Iduum
1739 5594 1836 5648 xi,‘

1834 5583 1882 5634 ἢ.
1919 5579 1947 5626 ³.
1977 5584 2166 5637 Matth.
2201 5601 2349 5653 mn,
2397 5588 2499 5649 lit;
2583 5587 2713 5643 Luc.
2761 5604 2846 5645 xv.
2890 5588 2934 5640 ι.
3013 5585 3186 5640 ⁸(Ξρη.
3230 5591 3376 5653 ",9.

244 5617 446 5686 aEccle.
512 5650 547 5695 l,
605 5617 658 5685 ‘2;
