4134 6328
628 343 730 404 159

2092 334 2149 392 S.
2185 333 2344 393 NILI

3714 332 3822 397 160

628 451 731 502 lam
754 449 1097 504 traducentes
1125 450 1166 501 ⁸.
1225 464 1244 499 ι
1277 446 1476 500 lterum
1521 463 1645 501 eum
1687 448 2014 516 cruciligunt
2060 448 2166 500 haec

2277 446 2876 516 παραδειγματίζοντες.
2911 467 2927 497 ι
2983 449 3394 518 ’Δνασταυροῦσι
3431 449 3474 502 δ’
3525 449 3685 502 αὐτὸν
3728 452 3818 502 al-

623 537 802 602 retici,
841 552 947 589 non
982 545 1186 589 tantum
1217 538 1311 606 qui
1337 552 1586 604 perverse
1609 539 1935 606 baptismum
1971 539 2171 592 iterare

625 632 958 693 prasumunt
977 664 992 688 ,
1010 625 1100 679 sed
1118 626 1277 679 etiam
1310 626 1342 678 ii
1369 663 1383 688 ,
1405 628 1495 694 qui
1516 623 1704 681 dicunt
1728 627 1839 682 fore
1857 629 2169 697 aliquando,

625 722 701 784 ut.
729 714 982 768 Christus
1029 729 1126 783 pro
1165 714 1500 769 daamonibns
1544 717 1692 769 cruci
1724 716 1994 785 alligatur.

781 801 936 856 CCV.
954 831 1028 842 —
1046 798 1273 858 (ὶΑΙΝΑΞ
1304 803 1656 859 COPIARUM
1682 803 2001 858 DUCTORl.

691 889 881 946 Omnis
916 903 1166 973 creatura
1205 895 1407 956 verbo,
1456 904 1510 950 ct
1548 895 1846 962 sapientia,
1886 893 2032 962 quod
2065 895 2170 957 sit,

621 975 830 1030 habuit.
892 977 1086 1034 Verum
1137 980 1277 1035 Deus
1326 981 1596 1042 Verbum,
1650 997 1774 1035 cum
1824 996 1922 1035 sua
1979 992 2173 1034 natura

623 1064 890 1132 sapientia
914 1107 929 1132 ,
972 1064 1355 1138 creaturazque
1375 1061 1677 1133 universae,
1709 1071 1827 1124 sive
1859 1085 1920 1124 ca
1958 1070 2174 1124 intelle-

621 1157 710 1201 ctu
749 1153 1261 1219 comprehendatur,
1288 1156 1401 1210 sive
1438 1156 1538 1209 sub
1572 1170 1793 1209 sensum
1820 1156 2014 1218 cadat,
2043 1171 2176 1210 con-

619 1234 764 1288 ditor
793 1237 894 1300 sit,
921 1241 1192 1307 quomodo
1227 1249 1482 1294 creatura
1509 1242 1763 1296 dicetur?

1139 1329 1318 1382 ξονι.
1363 1358 1418 1368 -
1447 1329 1652 1384 Eidem.

753 1414 950 1469 Lucem
997 1417 1300 1472 inhabitare
1339 1419 1768 1474 inaccessibilem
1849 1422 1928 1476 ait
2002 1421 2170 1478 Deum

623 1505 1046 1572 ouinipolcutem
1073 1547 1088 1570 ,
1116 1517 1168 1561 et
1197 1507 1411 1562 Patrem
1439 1511 1482 1573 ⁷,
1579 1511 1771 1566 beatus
1804 1511 2024 1568 Paulus.
2061 1512 2174 1566 Hoc

624 1609 754 1648 vero
777 1637 791 1658 ,
832 1597 976 1662 quod
1014 1608 1194 1653 mente
1231 1609 1437 1653 tantum
1468 1603 1799 1670 concipitur,
1837 1619 2045 1670 suaque
2073 1619 2172 1657 na-

625 1692 747 1739 tura
801 1690 1087 1752 subsistit,
1133 1698 1186 1744 et
1245 1708 1351 1744 nou
1399 1694 1903 1760 comprehenditur,
1953 1703 2008 1746 et
2057 1695 2175 1747 sine

621 1778 747 1830 ullis
802 1778 1066 1832 limitibus
1121 1780 1336 1845 lumen,
1382 1789 1466 1833 est
1509 1781 1818 1838 adorandus
1860 1783 2067 1847 Filius,
2119 1796 2173 1840 et

623 1864 894 1931 Verbum,
939 1879 992 1921 et
1035 1870 1276 1922 omnium
1331 1869 1612 1924 Dominus.
1655 1871 1778 1925 "me
1819 1874 1979 1943 igitur
2023 1876 2068 1930 si
2099 1878 2171 1930 ita

624 1970 847 2023 prorsus
869 1973 927 2012 se
953 1958 1178 2022 habent,
1211 1977 1446 2031 quanam
1475 1963 1684 2018 ratione
1707 1965 1816 2036 78
1843 1978 2169 2027 creaturam,

622 2057 706 2111 ct,
739 2065 802 2102 ex
839 2051 905 2103 iis
931 2067 1051 2119 qua:
1081 2068 1186 2107 non
1217 2061 1407 2116 erant,
1442 2055 1780 2125 unigenitum
1814 2056 1904 2111 Dei
1939 2055 2133 2119 Filium
2155 2097 2170 2119 ,

624 2147 678 2191 et
708 2137 940 2195 Verbum
972 2152 1285 2209 generatum
1335 2144 1540 2210 fuisse,
1583 2147 1853 2201 instruere
1892 2161 1942 2202 te
1973 2149 2175 2201 audent

623 2228 876 2282 bellninis
909 2232 1147 2286 moribus
1183 2233 1424 2301 przcditi,
1463 2241 1516 2288 et
1553 2234 1755 2288 Christi
1783 2239 1963 2306 gregis
1989 2239 2171 2306 perdi-

623 2323 774 2371 tores
808 2316 1032 2372 Ariani?

860 2408 1058 2464 CCV-ll.
1093 2438 1162 2450 —
1208 2411 1500 2470 MELISSO
1528 2414 1939 2473 CANDIDATO.

693 2497 865 2552 llomo
894 2501 945 2555 in
976 2503 1350 2573 mgritudinem
1379 2505 1657 2570 incide'ns,
1692 2509 1910 2577 genium
1956 2518 2176 2576 propter

625 2591 872 2642 morbum
920 2603 1295 2657 conunutans,
1335 2595 1547 2647 inutilis
1577 2597 1640 2649 ad
1670 2610 1833 2665 Opera
1857 2635 1870 2657 ,
1919 2607 1973 2650 et
2004 2600 2176 2652 imbe-

625 2677 804 2730 cillior
847 2680 938 2742 ﬁt;
975 2681 1328 2734 nihilominus
1380 2683 1540 2734 noxia
1589 2684 1950 2751 concupiscit.
2004 2683 2078 2736 Ita
2124 2694 2180 2738 ct

625 2764 806 2816 anima
836 2774 865 2816 a
899 2767 1038 2820 bono
1083 2767 1401 2827 declinans.
1454 2778 1506 2823 et
1551 2769 1604 2821 in
1655 2770 1839 2839 pejora
1885 2774 2174 2837 immersa,

625 2868 824 2908 nervos
857 2856 1072 2923 quidem
1110 2857 1174 2909 ad
1227 2860 1450 2911 meliora
1482 2863 1828 2930 exsequenda
1858 2864 2094 2928 amittit,
2123 2874 2178 2918 et

629 2944 934 3010 perniciosa
971 2946 1138 2998 ambit
1167 2955 1219 2999 et
1257 2947 1564 3000 allectatur.

864 3022 1090 3088 ccvtu.
1117 3066 1184 3074 —
1215 3036 1490 3092 'rurnso
1526 3040 1930 3098 scmNmulo.

699 3137 719 3171 ι
742 3120 1097 3190 lngredictur,
1131 3126 1217 3178 lex
1248 3127 1355 3190 ait,
1376 3128 1441 3181 ad
1474 3145 1698 3184 uxorem
1726 3131 2007 3195 fratris,“
2033 3133 2181 3188 exci-

625 3211 759 3264 taliit
780 3213 959 3266 semen
984 3216 1021 3267 ⁸.
1052 3235 1069 3267 ι
1097 3215 1418 3287 Quicunque
1445 3221 1640 3272 etenim
1669 3222 1848 3287 homo,
1873 3225 1985 3277 sive
1999 3224 2179 3281 onmis

627 3300 861 3358 heminis
895 3305 1070 3358 anima
1114 3306 1286 3359 virum
1322 3308 1745 3364 intellectualem
1788 3327 1816 3363 a
1855 3313 1962 3366 Deo
2021 3328 2180 3368 assu-

628 3407 780 3445 mens
802 3432 822 3454 ,
845 3393 1010 3461 legem
1034 3396 1238 3449 scilicet
1261 3396 1530 3451 interuam
1559 3438 1573 3461 ,
1605 3401 1876 3453 interemit
1898 3402 2092 3468 ipsam,
2127 3411 2180 3456 et

626 3481 699 3534 ob
722 3482 1002 3549 segnitiem
1025 3486 1253 3553 sepeliit.
1291 3487 1428 3542 Hinc
1458 3489 1752 3543 necessitas
1777 3491 1921 3544 illius
1956 3490 2179 3546 fratrem

628 3570 940 3636 advocavit,
975 3573 1142 3640 legem
1174 3576 1383 3629 scilicet
1433 3579 1724 3644 scriptam,
1758 3587 1816 3633 ut
1849 3580 2182 3651 ingrediatur

629 3656 695 3707 ad
726 3673 946 3712 uxorem
994 3663 1125 3731 legis
1154 3665 1417 3721 naturalis
1441 3665 1552 3736 jam
1579 3668 1910 3732 demortuae,
1945 3681 1998 3724 et
2027 3688 2180 3725 exsu-

630 3746 854 3802 scitaret
891 3765 1075 3806 semen
1109 3755 1178 3807 ob
1209 3756 1495 3824 segnitiem
1523 3773 1792 3812 summam
1822 3761 1945 3814 deft.
1975 3780 2004 3790 ν’
2028 3779 2111 3818 .ac.

1145 3932 1325 3992 CCIX.
1363 3963 1429 3974 —-
1459 3934 1666 3992 Eidem.

701 4017 1000 4070 Aversatus
1050 4019 1190 4074 Deus
1236 4023 1529 4089 sophistas,
1587 4035 1642 4080 et
1688 4027 2183 4082 insulsissimorum

2273 539 2474 604 ρετικοὶ
2503 576 2516 600 ,
2557 539 2616 588 οὐ
2660 539 2817 606 μόνον
2846 539 2896 590 oi
2934 538 3117 599 κακῶς
3174 537 3557 601 ἀναϐαπτίξειν
3611 541 3820 607 ἐπιχει-

2274 625 2508 695 ροῦντες,
2567 627 2700 678 ἀλλά
2759 628 2848 679 καὶ¹
2908 628 2956 678 oi
2988 626 3288 695 τολμῶντες
3340 627 3534 694 λέγειν,
3605 627 3687 680 ὃτι
3724 626 3821 679 καὶ

2274 714 2410 784 ὑπὲρ
2432 716 2540 768 τῶν
2577 718 2845 787 δαιμόνων
2877 718 3003 769 ποτέ
3031 719 3060 769 ό
3097 715 3329 785 Χριστὸς
3355 717 3820 786 σταυρωθήσεται.

2401 804 2406 807 '
2565 806 2680 859 Σεο.
2716 837 2785 848 -ρ
2812 806 3016 875 Fama
3041 804 3516 873 ΣΤΡΔΤΗΛΛΤῌ,
3543 845 3557 858 .

2344 895 2457 947 Πᾶν
2489 895 2689 965 κτίσμα
2721 897 2809 949 διὰ
2833 897 2990 964 λόγου
3030 896 3124 949 καὶ
3164 895 3354 962 σοφίας
3379 894 3471 947 τοῦ
3504 890 3640 946 εἷναι
3665 894 3822 946 τετύ·⁹

2273 982 2426 1050 χηκε.
2470 983 2526 1034 '0
2553 983 2608 1035 δὲ
2642 984 2773 1045 Θεὸς
2811 984 2980 1052 Λόγος
3027 983 3187 1052 σοῳία
3225 982 3484 1051 ὑπάρχων
3535 980 3821 1050 οὐσιώδης.

2271 1073 2592 1144 δημιουργός
2617 1093 2673 1127 τε
2691 1074 2764 1127 ὣν
2785 1077 2960 1145 πάσης
2977 1075 3078 1144 τῆς
3095 1094 3153 1128 τε
3175 1076 3434 1145 νουμὲνης
3458 1076 3701 1139 κτίσεως,
3728 1077 3825 1128 καὶ

2271 1165 2367 1230 τῆς
2422 1164 2830 1233 ὑποπιπτούσης
2882 1168 2946 1235 τῇ
3004 1166 3280 1235 αίσθήσει,
3328 1163 3446 1226 πῶς
3489 1162 3556 1216 ἂν
3606 1163 3822 1234 λεχθείη

2276 1255 2480 1323 κτίσμα
2499 1271 2514 1319 ;

2772 1343 2902 1410 Σςσ.
2925 1377 2989 1392 --
3025 1344 3107 1409 Τῷ
3146 1347 3322 1411 αὐτῷ.

2367 1433 2484 1495 Φῶς
2535 1433 2698 1484 οἰκεῖν
2746 1434 3038 1502 ἀπρόσιτον
3100 1437 3231 1504 φησὶ
3266 1435 3356 1486 τὸν
3414 1437 3828 1507 παντοκράτορα

2273 1519 2402 1571 Θεὸν
2457 1522 2550 1572 καὶ
2601 1521 2816 1588 Πατέρα
2860 1523 2887 1571 ὁ
2929 1521 3191 1589 μακάριος
3264 1523 3490 1585 Παῦλος.
3531 1523 3700 1575 Τοῦτο
3765 1524 3828 1575 δὲ

2274 1607 2479 1676 νοητὸν,
2529 1610 2620 1660 καὶ
2650 1608 3030 1672 ἐνυπόστατον,
3071 1609 3162 1660 καὶ
3199 1603 3599 1677 ἀκατάληπτον,
3639 1609 3733 1662 καὶ
3761 1609 3828 1661 ἀ·-

2276 1698 2538 1766 πέραντον
2576 1697 2689 1765 φῶς
2719 1699 2863 1750 ἐστιν
2887 1698 2914 1748 ὀ
2935 1684 3303 1767 προσκυνητὸς
3341 1700 3488 1762 Υἱὸς,
3515 1701 3606 1751 καὶ
3637 1699 3824 1764 Λόγος,

2277 1785 2368 1836 καὶ
2404 1784 2511 1836 τῶν
2539 1785 2672 1837 ὅλων
2705 1784 2923 1854 Κύριος.
2956 1786 3017 1837 Εἰ
3046 1787 3221 1836 τοίνυν
3250 1786 3403 1838 ταῦθ’
3451 1785 3623 1849 οὕτως
3688 1785 3828 1854 ἔχει,

2274 1875 2388 1936 πῶς
2418 1874 2643 1940 κτίσμα,
2677 1873 2770 1923 καὶ
2806 1874 2868 1923 ἐκ
2909 1873 2984 1940 μὴ
3025 1873 3189 1924 ὄντων
3241 1875 3565 1941 γεγενῆσθαι
3609 1874 3700 1927 τὸν
3730 1891 3830 1943 μο-

2273 1963 2461 2030 νογενῆ
2487 1963 2577 2014 τοῦ
2609 1962 2741 2014 Θεοῦ
2786 1962 2934 2027 Υίὸν,
2973 1963 3066 2016 val.
3103 1964 3295 2030 Λόγον,
3321 1965 3590 2016 διδάσκειν
3617 1981 3677 2015 σε
3704 1963 3826 2016 τολο

2277 2053 2446 2121 μῶσιν
2482 2053 2529 2102 οἱ
2559 2050 3006 2120 θηριογνώμονες,
3040 2052 3131 2105 καὶ
3164 2056 3264 2123 τῆς
3291 2053 3385 2106 τοῦ
3414 2052 3648 2123 Χριστοῦ
3705 2053 3830 2104 ποί-

2279 2160 2412 2210 μνης
2449 2142 2698 2212 όλετῆρες
2745 2142 3051 2212 ’Λρειανοί;

2575 2403 2688 2454 ΣΖ’.
2704 2430 2772 2440 -
2790 2402 3079 2472 ΜΕΛΙΣΣῼ
3103 2404 3511 2473 mmmam.

2349 2491 2660 2560 Ἄνθρωπος
2693 2493 3072 2562 ἐξασθενήσας,
3113 2495 3204 2547 καὶ
3235 2495 3548 2570 ἐξαλλαγεὶς
3598 2495 3704 2547 ὑπὸ
3730 2495 3832 2564 τῆς

2277 2578 2429 2630 νόσου
2469 2581 2564 2648 τὴν
2620 2579 2747 2642 ἕξιν,
2784 2583 3122 2651 ἁχρειότερος
3165 2583 3264 2651 μὲν
3315 2585 3452 2652 πρὸς
3495 2585 3651 2651 ἔργον
3737 2585 3831 2637 καὶ

2277 2669 2508 2738 ἀδρανὴς
2540 2671 2766 2736 γίνεται,
2803 2672 3056 2740 ἐπιθυμεῖ
3073 2673 3129 2726 δὲ
3156 2673 3248 2724 τοῦ
3281 2672 3624 2740 βλάπτοντος.
3671 2671 3829 2724 Οὕτω

2277 2760 2369 2811 καὶ
2404 2760 2548 2829 ψυχὴ
2591 2761 2932 2815 ἀπονεῦσασα
2963 2761 3056 2814 τοῦ
3090 2762 3278 2826 καλοῦ,
3319 2764 3414 2815 καὶ
3446 2762 3539 2814 ἐπὶ
3563 2763 3623 2814 τὸ
3650 2764 3832 2832 χεῖρον

2277 2849 2644 2918 ἀλλοιωθεῖσα,
2681 2853 3053 2921 ἐκνευρίζεται
3112 2854 3212 2922 μὲν
3270 2854 3404 2923 πρὸς
3443 2853 3700 2923 ἐργασίαν
3735 2852 3830 2906 τοῦ

2280 2940 2602 3008 κρείττονος,
2637 2941 2885 3008 ὀρέγεται
2919 2942 2972 2993 δὲ
2998 2943 3101 2993 τῶν
3128 2945 3401 3012 ὀλεθρίων.

2594 3033 2714 3085 Σιιν.
2736 3031 3035 3102 -θγνεᾳ
3064 3035 3508 3104 ΣΚΡΙΙΝΙΛΡΙῼ.

2358 3141 2375 3173 ι
2400 3123 2792 3185 Είσελεύσεται,
2837 3123 3041 3192 φησὶνὸ
3079 3124 3260 3192 νόμος,
3295 3125 3429 3192 πρὸς
3470 3126 3567 3192 τὴν
3596 3131 3830 3194 γυναῖκα

2279 3213 2371 3264 τοῦ
2435 3213 2681 3280 ἀδελφοῦ,
2743 3215 2835 3265 καὶ
2877 3215 3165 3282 ἀναστήσει
3216 3215 3453 3284 σπέρμα.
3483 3236 3501 3268 ι
3553 3219 3665 3281 Πᾶς
3723 3223 3832 3291 γὰρ

2282 3302 2581 3370 ἄνθρωπος,
2612 3304 2727 3370 ήτοι
2762 3305 2907 3354 πᾶσα
2946 3304 3087 3373 ψυχὴ
3116 3304 3403 3373 ἀνθρώπου
3443 3307 3609 3375 ἄνδρα
3645 3310 3833 3378 νοητὸν

2279 3390 2515 3444 λαϐοῦσα
2560 3393 2706 3456 παρὰ
2747 3395 2902 3456 Θεοῦ,
2947 3396 3142 3464 δηλαδὴ
3181 3397 3272 3447 τὸν
3304 3397 3604 3450 ἐνδιάθετον
3645 3398 3829 3466 νόμον,

2281 3481 2544 3548 ἐνέκρωσε
2577 3482 2781 3542 τοῦτον,
2816 3483 2907 3534 καὶ
2936 3483 3098 3551 ἔθαψε
3123 3483 3211 3535 διὰ
3242 3484 3340 3551 τῆς
3363 3483 3638 3554 ἀμελείας.
3665 3485 3832 3537 Ὅθεν

2282 3569 2436 3638 χρεία
2485 3570 2702 3623 ἐκάλεσε
2757 3571 2846 3623 τὸν
2895 3572 3080 3624 τούτου
3148 3572 3396 3639 ἀδελφὸν,
3451 3573 3694 3624 τουτέστι
3741 3575 3834 3627 τὸν

2283 3659 2522 3726 γραπτὸν
2550 3661 2708 3726 νόμον
2729 3660 2984 3712 εἰσελθεῖν
3007 3662 3139 3730 πρὸς
3166 3665 3260 3730 τὴν
3288 3665 3518 3729 γυναῖκα
3546 3663 3638 3716 τοῦ
3667 3663 3831 3731 νόμου

2282 3748 2374 3799 τοῦ
2422 3749 2671 3814 φυσικοῦ,
2724 3751 2871 3812 ὅστις
2931 3751 3304 3821 ἀπενεκρώθη,
3339 3753 3432 3804 καὶ
3470 3753 3834 3822 ἐξαναστῆσαι

2285 3838 2501 3907 σπέρμα
2522 3838 2599 3908 τῷ
2623 3843 2957 3910 τελευτηκότι
2987 3842 3072 3894 διὰ
3100 3841 3316 3911 νοθρίας
3353 3843 3576 3914 πολλῆς.

2802 3928 2919 3981 ΣΘ¹.
2937 3958 3008 3968 -
3024 3929 3104 3994 Τῷ
3132 3928 3308 3992 αὐτῷ.

2366 4019 2795 4088 Ἀποστραφεὶςό
2821 4019 2948 4080 Θεὸς
2977 4020 3099 4081 τοὺς
3130 4018 3404 4086 σοφιστὰς,
3455 4019 3549 4071 καὶ
3578 4019 3833 4084 τέκτονας

631 4119 979 4173 sermonum,
1026 4111 1388 4182 omnibusque
1450 4113 1750 4170 mendaciis
1797 4125 1850 4171 et
1905 4119 2177 4171 erroribus

2285 4108 2389 4159 τῶν
2410 4107 2578 4174 λόγων
2601 4109 2706 4158 τῶν
2739 4125 2800 4174 με
2812 4108 3218 4175 ματαιωμένων,
3235 4108 3328 4159 καὶ
3361 4109 3559 4172 παντὸς
3579 4109 3828 4178 ψεύδους,

636 4195 1008 4249 conlertorum
1043 4201 1310 4265 artiliees,
1349 4203 1607 4258 coriariis
1651 4206 1978 4274 quibusdam
2009 4216 2062 4260 et
2103 4208 2178 4276 pi-

639 4284 948 4338 scatoribus
1002 4288 1274 4356 propriam
1335 4294 1662 4355 salutarem,
1703 4304 1756 4350 et
1812 4298 2188 4365 splendidissi-

640 4385 781 4425 mam
808 4373 1026 4441 pietatis
1050 4383 1104 4430 et
1132 4376 1360 4443 justitiaa
1383 4381 1825 4446 praedicationem
1854 4385 2096 4440 tradidit.

1104 4466 1210 4534 79
1238 4466 1395 4520 CCX.
1422 4497 1492 4508 —-
1514 4468 1718 4522 Eidem.
2022 4521 2024 4523 .

706 4546 948 4613 Quilibet
997 4566 1096 4621 pro
1153 4556 1506 4613 inclinatione
1565 4560 1895 4628 voluntatis,
1956 4563 2071 4620 sive
2116 4565 2171 4620 in

638 4639 878 4701 malum,
906 4641 1017 4694 sive
1051 4643 1102 4695 in
1138 4645 1328 4699 melius
1350 4647 1647 4715 judicatur.
1681 4649 1866 4719 Teque
1897 4655 2185 4721 suadeant,

637 4722 806 4781 Judas
839 4729 929 4795 qui
975 4744 1071 4797 per
1119 4747 1282 4785 unam
1313 4745 1523 4790 noctem
1566 4753 1597 4790 a
1649 4741 1758 4792 vita
1802 4742 2184 4809 abalienatus,

2287 4196 2379 4246 καὶ
2408 4195 2611 4264 πλάνης
2640 4195 2939 4259 ἀνάπλεων,
2971 4196 3319 4266 σκυτοτόμοις
3345 4199 3476 4261 τισὶ,
3509 4200 3602 4252 καὶ
3624 4200 3831 4252 ἁλιεῦσι

2284 4284 2345 4337 τὸ
2366 4285 2559 4338 οίκεῖον
2584 4285 2939 4356 σωηριῶδες,
2978 4287 3070 4340 καὶ
3097 4287 3484 4358 ὑπέρλαμπρον
3541 4289 3642 4357 τῆς
3680 4290 3833 4342 εὐσε-

2216 4367 2260 4421 Ῑ)
2289 4376 2434 4439 ϐείας
2465 4378 2555 4429 καὶ
2602 4378 2699 4445 τῆς
2735 4378 3078 4447 δικαιοσύνης
3111 4379 3404 4448 ἐνεχείρισε
3446 4380 3724 4449 κήρυγμα.

2831 4467 2926 4518 Σ1’.
2950 4494 3018 4506 -—
3043 4465 3125 4526 Τῷ
3145 4466 3322 4528 αὐτῷ.

2353 4557 2474 4609 Ὀτι
2505 4556 2637 4626 πρὸς
2678 4556 2775 4624 τὴν
2818 4556 2987 4626 ῥοπὴν
3035 4554 3260 4615 ἕκαστος
3291 4553 3388 4624 τὴν
3419 4553 3512 4606 ἐπὶ⁸
3557 4553 3764 4624 φαύλῳ,
3796 4555 3829 4625 η

2284 4648 2374 4700 ἐπὶ
2401 4647 2662 4715 κρείττονι
2689 4646 2950 4716 κρίνεται,
2986 4641 3318 4696 πειθέτωσάν
3347 4659 3426 4706 σε,
3446 4644 3473 4694 ό
3503 4642 3599 4713 μὲν
3633 4642 3833 4704 Ἰούδας

2281 4737 2367 4789 διά
2391 4738 2516 4805 μιᾶς
2541 4731 2728 4798 νυκτὸς
2754 4736 3126 4807 ἀλλοτριωθεὶς
3152 4736 3249 4804 τῆς
3277 4733 3446 4803 ζωῆς,
3483 4731 3831 4801 προδεδωκὼς

641 4813 960 4883 Magistrum
1006 4821 1266 4889 prodidit,
1316 4831 1370 4877 et
1427 4825 1568 4878 latro
1616 4839 1890 4883 momento
1931 4834 2177 4902 temporis

2284 4824 2372 4877 τὸν
2396 4823 2779 4885 Διδάσκαλον,ό
2809 4824 2865 4877 δὲ
2894 4824 3094 4896 λῃστὴς
3125 4825 3182 4876 ἐν
3215 4824 3414 4889 στιγμῇ
3441 4821 3628 4888 χρόνου
3667 4820 3834 4872 οίκειι·

641 4901 764 4956 vita:
791 4909 1120 4964 conciliatus
1190 4910 1376 4981 Neque
1405 4913 1550 4968 enim
1591 4915 1645 4969 iu
1673 4919 1988 4972 memoriam
2023 4901 2187 4975 redu-

642 5000 838 5045 centur
869 4996 1181 5065 iniquitates
1217 5003 1368 5059 illius
1397 5003 1669 5069 hominis,
1715 5007 1808 5075 qui
1848 5023 1954 5061 non
1988 5024 2189 5077 usque-

644 5094 860 5148 quaque
909 5099 940 5136 a
991 5087 1095 5141 Deo
1115 5090 1415 5161 deiecerit,
1459 5100 1512 5147 et
1557 5096 1652 5148 eor
1686 5109 1911 5164 pravum
1952 5096 2188 5151 inlideli-

2283 4914 2441 4975 west;
2469 4916 2534 4982 τῇ
2565 4913 2697 4982 ζωῇ.
2726 4913 2800 4966 Οὐ
2829 4915 2904 4983 μὴ
2938 4913 3046 4982 γὰρ
3081 4909 3388 4982 μνησθῶσιν
3411 4911 3467 4960 al
3490 4907 3706 4977 ἀνομίαι
3737 4907 3830 4962 τοῦ

2288 5006 2360 5071 μὴ
2405 5002 2680 5063 παντελῶς
2723 5001 3054 5054 ἀποστασίαν
3082 4999 3174 5052 τοῦ
3206 4999 3340 5051 Θεοῦ
3377 4999 3698 5068 νοσήσαντος
3728 4997 3824 5049 ἀν-

2285 5093 2522 5162 θρώπου,
2572 5093 2702 5160 μηδέ
2752 5092 2969 5160 καρδίαν
3029 5088 3269 5158 πονηρὰν
3317 5088 3570 5150 ἀπιστίας
3622 5103 3684 5139 τι
3736 5084 3832 5137 καὶ

644 5172 773 5226 tatis
823 5186 887 5227 ac
931 5165 1264 5244 stupiditatis
1316 5185 1697 5253 assumpserit.
1753 5203 1772 5235 ι
1801 5183 2002 5239 Vivens
2041 5187 2177 5240 enim

2293 5182 2624 5250 ἠλιθιότητος
2647 5179 3000 5240 ἀναλαϐόντος
3023 5195 3037 5210 ·
3067 5196 3084 5229 ε
3115 5177 3229 5231 Ζῶν
3259 5179 3365 5246 γὰρ
3383 5174 3626 5244 ζήσεται,
3644 5172 3828 5242 φησιν,

647 5261 824 5328 viret,
853 5263 964 5326 ait,
1006 5280 1128 5318 cum
1159 5278 1523 5333 convertatur,
1567 5281 1622 5326 et
1651 5289 1758 5327 non
1793 5274 2058 5328 morietur
2087 5277 2128 5332 ’.
2166 5295 2186 5328 ι

854 5352 1034 5408 CCXI.
1061 5385 1121 5394 —
1147 5355 1435 5414 DVIULLO
1475 5359 1982 5420 MACEDONIANO.

721 5439 1001 5505 Quomodo
1030 5445 1197 5502 audes
1227 5447 1488 5516 Spiritum
1518 5460 1769 5507 sanctum
1796 5470 2013 5509 servum
2039 5469 2188 5508 com-

2295 5275 2350 5325 ἐν
2382 5271 2458 5342 τῷ
2488 5269 2805 5338 ἐπιστρέψαι
2835 5270 3011 5334 αὐτὸν,
3046 5269 3139 5320 καὶ
3166 5267 3266 5320 οὐκ
3293 5265 3661 5318 ἀποθανεῖται.
3699 5281 3722 5314 ι
3800 5322 3803 5325 _

2574 5362 2716 5414 EIA'.
2734 5391 2802 5400 ——
2833 5359 3124 5427 ΒΥΡΙΔΛῼ
3144 5356 3555 5423 ΜΑΚΕΔΟΝΙῼ.

2370 5452 2493 5515 Πῶς
2539 5449 2740 5518 τολμᾷς
2771 5449 2832 5501 τὸ
2871 5448 3091 5517 Πνεῦμα
3129 5448 3188 5500 τὸ
3229 5447 3380 5515 ἅγιον
3431 5443 3613 5496 δοῦλον
3670 5454 3847 5508 προσ-

724 5616 926 5674 ‘llcbr.
983 5635 1062 5696 (vn,
1102 5622 1152 5676 6.
1229 5621 1289 5675 '1
1328 5620 1463 5677 Tim.
1486 5619 1536 5691 6,
1562 5623 1645 5680 l6.
1721 5628 1740 5658 '
1777 5627 1929 5683 Deut.
1957 5643 2078 5692 xxv,
2121 5627 2171 5681 5.
2248 5625 2266 5658 ’
2295 5625 2493 5684 Bacch.
2533 5637 2684 5690 mn,
2712 5621 2802 5674 ‘28.
