4134 6328
359 265 464 330 161

1570 277 2097 344 EPISTULARUM
2136 287 2279 347 LIB.
2321 289 2369 346 Ῑ.

3476 293 3575 358 162

353 377 668 449 αγορεύειν,
700 378 760 432 τὸ
793 379 879 432 διὰ
911 377 1004 431 τοῦ
1046 377 1273 432 ἀσπίλου
1303 378 1674 450 βαπτίσματος
1712 386 1899 438 πάντας

2022 391 2258 457 pellarc,
2290 394 2382 462 qui
2431 407 2525 460 per
2561 394 2966 450 immaculatum
2997 395 3322 466 baptismum
3350 403 3575 456 credeu-

353 471 488 532 τοὺς
517 470 866 533 πιστεύοντας
887 467 1201 539 ἐλευθεροῦν
1223 487 1238 535 ;
1264 470 1424 537 Λέγει
1453 472 1559 544 γὰρ
1593 475 1621 524 6
1661 475 1916 528 Ἀπόστο-

351 557 471 623 λος,
493 560 681 631 ὅτιπερ
713 578 732 611 ι
763 558 1004 631 ’0,νόμος
1026 558 1121 612 τοῦ
1151 560 1462 631 Πνεῦματος
1488 563 1584 632 τῆς
1606 563 1749 634 ζωῆς
1764 566 1917 635 ἠλευ-

352 646 566 720 θέρωσε
594 667 664 720 με
692 649 802 703 ἀπὸ
839 648 933 701 τοῦ
985 648 1149 718 νόμον
1207 651 1306 720 τῆς
1345 651 1642 722 ἁμαρτίας,
1672 655 1766 706 καὶ
1819 653 1913 706 τοῦ

351 740 622 796 θανάτου.
648 759 670 792 ι
1027 788 1030 793 .

461 840 465 845 ·
663 831 807 889 ειυν.
835 860 905 880 -.—
931 831 1201 904 ῐΓΝΔἹΊῼ
1224 833 1615 905 ΔΝΘΥΠΑΤῼ.

430 920 684 991 Ἔξεστιν,
705 922 1007 992 ἐμπεσόντα
1029 925 1149 977 τινὰ
1175 926 1256 988 είς
1281 924 1342 978 τδ
1378 926 1472 978 τοῦ
1504 924 1667 996 θηρὸς
1717 926 1911 994 στόμα,
1965 985 1974 988 _

344 1012 457 1071 τοῦ,
488 1012 729 1066 διαϐόλου
755 1020 917 1085 φημὶ,
937 1015 1269 1094 ἀπολυθῆναι
1292 1017 1480 1096 τοῦτου
1500 1018 1584 1070 διὰ
1615 1019 1714 1089 τῆς
1752 1037 1916 1089 μετα-

345 1099 529 1165 νοίας,
571 1100 818 1174 καθάπερ
867 1097 1198 1174 λελύτρωται
1255 1105 1347 1156 καὶ
1397 1105 1683 1176 ἐρρύσθηὸ
1719 1108 1775 1158 ἐν
1807 1110 1915 1160 Κο-

319 1216 322 1218 τ
351 1189 875 1266 ρίνοῳ“προφθαρεὶς
890 1197 954 1265 τῇ
967 1196 1207 1265 μητρυιᾷ
1221 1196 1283 1248 ὲκ
1303 1195 1683 1266 φάρυγγοςτοῦ
1700 1198 1790 1267 ὲχθ
1799 1199 1914 1268 ροῦ,

347 1284 488 1355 πρὶν
515 1286 579 1354 τῇ
609 1285 971 1355 περισσοτέρᾳ
1016 1285 1162 1358 λύπῃ
1209 1286 1526 1362 καταποθεῖ,
1579 1289 1674 1339 καὶ
1711 1289 1789 1350 εἰς
1817 1290 1913 1360 τὴν

345 1374 565 1428 κοιλίαν
595 1376 821 1448 χωρήσῃ
848 1375 943 1428 τοῦ
974 1375 1161 1447 θηρίου
1209 1366 1294 1430 δ.ιά
1323 1377 1418 1449 τῆς
1439 1378 1699 1446 ἀγεννοῦς
1717 1379 1908 1433 δυσθυ-

344 1465 508 1534 μίας,
532 1465 624 1518 καὶ
654 1465 752 1534 τῆς
768 1465 1146 1534 ἀπογνώσεως.

408 1601 414 1606 .
883 1555 1110 1609 EII".—
1142 1556 1224 1621 Τῷ
1254 1557 1431 1622 αὐτῷ.

417 1644 590 1707 Αὐτὸς
611 1645 680 1698 δι’
707 1647 902 1699 ἑαυτοῦ
938 1647 1086 1717 πρὸς,
1107 1647 1167 1700 σὲ
1195 1649 1556 1718 παραγίνεται
1596 1648 1845 1719 ἀοράτως
1878 1649 1907 1699 6

2019 488 2101 536 tes
2127 498 2320 538 omnes
2350 484 2405 537 in
2433 484 2738 555 libertatem
2778 487 3059 540 vindicat?
3081 487 3223 542 Dicit
3259 493 3402 544 enim
3428 493 3577 562 Apo-

2016 571 2233 627 stolus:
2287 591 2307 622 ‹
2346 571 2456 627 Lex
2501 575 2730 641 spiritus
2777 577 2900 630 vitae
2948 577 3198 632 liberavit
3241 593 3328 634 me
3373 595 3405 634 a
3456 582 3576 652 lege

2014 662 2223 729 peccati
2253 670 2309 718 ct
2338 666 2533 720 mortis
2557 667 2621 719 ¹⁰.
2657 683 2675 716 ι

2251 833 2450 890 CCXII.
2484 865 2555 878 —-
2575 835 2851 891 IGNATIO
2881 836 3340 894 PROCONSULI.

2083 922 2142 976 In
2171 921 2432 980 facultate
2465 927 2611 984 illius
2640 937 2760 991 est,
2810 933 2902 1000 qui
2946 946 3043 999 per
3084 945 3147 985 os
3186 931 3408 998 bellum,
3454 933 3576 987 dia-

2014 1007 2121 1062 boli
2149 1048 2164 1075 ,
2207 1009 2462 1080 inquam,
2496 1014 2820 1082 prolabitur,
2857 1031 2954 1084 per
3015 1018 3391 1084 paenitentiam
3441 1019 3598 1084 lite?

2014 1100 2161 1164 rari;
2211 1101 2669 1167 quemadmodum
2719 1105 2984 1160 liberatus
3028 1119 3092 1160 ac
3149 1119 3401 1162 servatus
3447 1118 3572 1177 est,

2014 1191 2107 1259 qui
2139 1190 2384 1245 Corinthi
2419 1207 2544 1247 cum
2595 1208 2832 1249 noverca
2881 1205 3242 1251 consueverat
3275 1198 3341 1262 ἰ,
3372 1213 3434 1252 ex
3473 1200 3567 1252 ad-

2013 1283 2237 1337 versarii
2265 1282 2550 1349 faucibus,
2585 1295 2877 1354 antequam
2919 1287 3306 1342 abundantiori
3348 1289 3570 1342 tristitia

2014 1373 2421 1440 absorberetur,
2472 1381 2526 1429 et
2584 1376 2641 1428 in
2702 1384 2946 1429 ventrem
2991 1378 3182 1432 bellua:
3226 1394 3327 1448 per
3387 1380 3572 1450 pusilli

2014 1459 2182 1513 animi
2215 1473 2469 1530 angorem
2502 1476 2568 1515 ac
2595 1460 3034 1529 desperationem
3063 1464 3501 1534 immergeretur.

2453 1552 2564 1621 80
2584 1551 2898 1607 CCXlll.-~-
2932 1550 3136 1607 Eidem.

2091 1642 2211 1710 Ipse
2250 1658 2347 1712 per
2379 1643 2618 1711 seipsum
2654 1642 2722 1695 ad
2755 1651 2809 1697 te
2835 1645 3078 1698 caelestis
3116 1645 3362 1702 medicus
3394 1648 3568 1704 oculis

335 1731 598 1804 οὐράνιος
627 1735 830 1806 ἰατρὸς,
866 1736 980 1811 ,κᾶν
1018 1736 1092 1805 μὴ
1128 1737 1191 1789 σὺ
1239 1736 1521 1807 δυνηθείης
1560 1738 1695 1807 πρὸς
1746 1739 1899 1791 αὑτὸν

2017 1732 2236 1788 minime
2273 1734 2522 1802 objectus
2553 1734 2796 1797 accedit,
2838 1733 2966 1787 licet
2994 1743 3051 1788 tu
3098 1735 3166 1788 ad
3191 1752 3314 1790 eum
3345 1748 3568 1808 propter

336 1815 915 1896 τωμυθῆναιδιὰ-τὴν
969 1827 1249 1882 ἀσθένειαν
1281 1829 1379 1902 καὶ,
1417 1829 1634 1880 ἀτονίαν
1680 1828 1773 1881 τοῦ
1827 1829 1912 1881 λο-

333 1915 568 1986 γισμοῦ.
703 1963 706 1968 .
833 1918 835 1922 ⁴
934 1981 936 1983 ς
997 1919 999 1921 ’
1289 1907 1293 1913 ί

854 2006 992 2068 ΣῐκΔθ.
1015 2035 1078 2045 —-
1107 1995 1194 2069 Τῷ
1226 2003 1404 2069 αὐτῷ.

349 2115 351 2117 ί
415 2094 579 2157 Τινὲς
621 2092 793 2162 ἔγνων
835 2094 1201 2176 ἓγωγεηιηβὲ
1253 2087 1618 2174 πλησιάζοντα
1649 2096 1734 2149 διὰ
1780 2097 1904 2164 φιλ-

333 2184 664 2256 ανθρωπίαν
701 2186 818 2248 γτδν
869 2186 977 2240 τῶν
1017 2183 1203 2254 ψυχῶν
1233 2254 1236 2255 ν
1269 2185 1450 2254 ἰατρὸν
1508 2187 1932 2255 παραδέξασθαι,

339 2276 727 2348 βουληθέντας,
779 2275 902 2344 ἀπὸ
931 2262 1302 2345 ἀναισθησίας,
1354 2276 1449 2336 καὶν
1488 2278 1752 2348 πονηρίας
1781 2278 1906 2330 πολ-

336 2367 483 2437 λῆς.
659 2373 664 2398 λ
891 2377 897 2381 ’
1017 2402 1035 2414 ~-
1116 2396 1118 2398 τ
1190 2392 1192 2395 ·

417 2491 420 2494 ~
857 2455 997 2510 EIE’.
1019 2456 1188 2520 -Τῷ
1219 2454 1397 2520 αὐτῷ.
1477 2471 1486 2534 χ
1827 2504 1830 2506 ν

417 2549 627 2614 Παῦλος
653 2548 884 2616 διώκτης
906 2547 1165 2620 ὑπάρχων
1194 2549 1290 2618 τῆς
1306 2548 1395 2600 τοῦ
1416 2550 1650 2620 Χριστοῦ
1683 2548 1907 2619 Ἐκκλη-

341 2643 472 2705 σίας
503 2639 860 2709 ἅπετυφὶώθη
884 2639 1226 2712 πρῶτον-τοῖς
1256 2640 1466 2704 κακοῖς,
1502 2640 1596 2691 καὶ
1623 2641 1688 2710 τῇ
1718 2640 1907 2708 ἀφάτῳ

337 2734 612 2804 ὠμότητι,
649 2733 796 2794 ὅπως
840 2730 1128 2800 ἀναϐλέψει
1161 2730 1238 2800 τῷ
1266 2729 1404 2800 Θεῷ,
1457 2731 1548 2782 καὶ
1595 2733 1660 2800 τῇ
1701 2731 1902 2794 δικαιο-

340 2824 506 2896 σύνῃ.
535 2823 769 2884 Εἰκότως
789 2811 966 2874 τοίνυν
997 2822 1026 2873 6
1059 2820 1261 2891 Κύριος
1287 2820 1476 2888 ἔλεγεν
1509 2837 1524 2853 ⁸
1578 2820 1719 2888 Ἐγὼ
1745 2816 1906 2891 ἦλθον

336 2916 428 2977 είς
447 2915 539 2967 τὸν
565 2913 787 2983 κόσμον,
821 2911 911 2964 ἵνα
939 2911 987 2964 οἱ
1020 2911 1103 2981 μὴ
1123 2910 1403 2980 βλέποντες
1445 2909 1700 2979 βλέπωσι,
1725 2912 1819 2963 καὶ
1858 2911 1905 2963 οἱ

339 3005 636 3076 βλέποντες
695 3002 882 3071 τυφλοὶ
930 3002 1260 3077 γένωνται.)
1309 3001 1555 3072 ᾘνίξατο
1610 3001 1714 3072 γὰρ
1781 3004 1904 3064 τοὺς

333 3098 458 3159 τοῖς
493 3087 914 3166 πονηρεύμασιν,
952 3092 1046 3144 καὶ
1072 3094 1206 3153 ταῖς
1236 3091 1486 3153 ἀτοπίαις
1535 3094 1899 3162 προστετηκό-

332 3203 443 3249 τας
481 3183 789 3255 ὀφθαλμοὺς
828 3181 1234 3249 ἁποτυφλῶσαι,
1285 3182 1489 3244 ἀνοῖξαι
1516 3182 1592 3244 δὲ,
1636 3182 1728 3233 καὶ
1776 3182 1901 3234 ἀκέ-

334 3275 542 3330 σασθαι
572 3276 696 3338 τοὺς
727 3265 950 3344 νοητοὺς
976 3272 1306 3342 ὀφθαλμοὺς,
1339 3267 1418 3333 οἷς
1440 3272 1794 3339 ὲφοπτεύεται
1840 3272 1898 3322 τὸ

326 3365 538 3430 κάλλος
575 3365 682 3417 τῶν
708 3365 917 3433 ἀρετῶν
965 3363 1061 3415 καὶ
1088 3363 1186 3431 τῆς
1215 3361 1557 3428 θεογνωσίας.

613 3457 768 3521 Σιςν.
797 3484 865 3495 -
895 3453 1296 3521 ΕΥΓΡΑΜΜΙῼ
1322 3447 1615 3521 ΝΟΜΙΚῼ.

413 3564 432 3597 ι
455 3543 706 3613 Εἱσῆλθε,
739 3541 873 3612 φησὶ
919 3542 1178 3611 Μωῦσῆς,
1210 3542 1288 3602 είς
1341 3540 1431 3593 τὸν
1472 3542 1666 3608 γνόφον
1693 3558 1707 3572 ’
1753 3559 1772 3592 ι
1803 3539 1892 3593 τοῦ

323 3637 467 3709 περὶ
520 3635 648 3688 Θεὸν
693 3633 914 3702 γνόφου,
941 3632 1092 3685 οὐδὲν
1137 3633 1323 3701 ἕτερον
1375 3631 1791 3701 ὲμφαίνοντοςῆ
1832 3624 1894 3686 τὸ

323 3724 709 3795 ἀπερινὸητον,
757 3725 851 3777 καὶ
878 3722 1276 3792 ἀνεξιχνίαστον
1305 3721 1399 3774 τοῦ
1443 3721 1577 3774 Θεοῦ
1599 3738 1613 3754 ο
1653 3740 1890 3776 σκοτοει-

318 3814 430 3881 δῆς
451 3814 556 3883 γὰρ
591 3813 684 3866 καὶ
707 3812 950 3881 ἀφεγγὴς
977 3810 1123 3881 ἡτοῦ
1154 3797 1350 3878 *(νόερου
1387 3810 1626 3878 πέφυκεν
1653 3810 1792 3879 ὄψις,
1824 3811 1891 3864 τὰ

321 3908 391 3957 ἐν
413 3905 552 3971 αὐτῇ
585 3902 898 3971 κρύπτουσα
925 3902 1011 3955 διὰ
1046 3901 1138 3954 τοῦ
1180 3900 1535 3965 πυκνοτάτου,
1581 3903 1671 3954 καὶ
1704 3919 1890 3955 σκοτο-

322 3994 509 4055 ειδοῦς
534 3994 689 4064 ἀέρος
730 3993 983 4063 εἴργουσα
1030 3993 1124 4054 τὰς
1159 3992 1309 4062 δψεις
1373 3992 1481 4045 τῶν
1529 3992 1779 4061 ὁρώντων
1809 3997 1889 4057 εἰς

321 4083 519 4149 αὐτὸν,
560 4084 638 4134 ἔτι
685 4085 780 4135 καὶ
811 4082 918 4136 τῶν
966 4083 1182 4136 ἐννοιῶν
1213 4081 1390 4134 αὐτῶν
1434 4082 1526 4144 τὰς
1564 4084 1888 4153 περιέργους

321 4176 465 4246 περὶ
490 4172 621 4226 Θεοῦ
668 4175 1033 4243 ἐπιχειρήσεις
1057 4189 1070 4201 '
1118 4193 1135 4224 ι
1165 4173 1359 4235 Σκότος
1384 4173 1510 4242 γὰρ,
1543 4175 1726 4243 φησὶν,
1758 4175 1887 4227 ἁπο-

322 4263 520 4338 κρυφὴ
551 4261 738 4331 αὑτοῦ,
769 4263 860 4316 καὶ
891 4263 988 4331 οὐχ
1017 4262 1360 4332 ὁραθήσεται.
1405 4282 1420 4313 ι

892 4354 1106 4406 Σ1Ζ’.-
1131 4352 1223 4416 Τῷ
1242 4352 1418 4417 αὐτῷ.

404 4445 563 4510 Ἔθος
587 4446 731 4515 ἔχεις
767 4443 1067 4514 προχείρως
1105 4441 1201 4496 τοῦ
1229 4442 1428 4510 λέγειν,
1468 4443 1548 4496 ὅτι
1581 4443 1895 4513 πολυμήχαο

322 4535 416 4598 νός
481 4535 593 4586 ἐστι
623 4572 640 4597 ,
695 4533 789 4586 καὶ
846 4531 1180 4602 πολύτροπος
1200 4534 1226 4584 6
1253 4532 1494 4594 διάϐολος
1514 4550 1527 4563 ’
1554 4533 1892 4602 συνομολογῶ

223 4677 232 4688 ,
323 4624 509 4690 κάγώ.
546 4622 682 4676 Ἀλλ’
716 4623 811 4677 ἐὰν
851 4623 1040 4691 νήφειν
1073 4621 1403 4692 θελήσωμεν,
1436 4621 1610 4690 ἐαυτῷ
1660 4623 1888 4691 πονηρὸς

320 4710 536 4763 ἔσταιό
567 4707 825 4771 διάϐολος,
867 4708 958 4760 καὶ
1006 4707 1102 4775 οὐχ
1167 4709 1295 4776 ἡμῖν
1321 4709 1394 4777 ’ἡ
1437 4708 1542 4776 γὰρ
1583 4715 1744 4774 eum;
1788 4709 1885 4776 τῆς

319 4799 530 4862 κακίας
595 4800 778 4868 μόνοις
827 4800 938 4860 τοῖς
1006 4797 1356 4866 κεκτημένοις
1421 4796 1590 4865 αὐτὴν
1650 4796 1879 4865 ὑπάρχει

316 4889 570 4956 ὀλεθρία,
598 4890 632 4958 ὴ
652 4889 707 4941 δὲ
727 4887 895 4959 ἀρετὴ
924 4886 1248 4948 τούναντίον,
1285 4886 1404 4954 οὐχ)⁵
1431 4886 1556 4948 τοὺς
1609 4887 1879 4955 κεκτημέ-

318 4994 456 5039 νους
521 4977 715 5044 μόνον,
769 4975 903 5029 ἀλλὰ
951 4974 1044 5028 καὶ
1091 4975 1214 5036 τοὺς
1276 4972 1535 5044 πλησίους
1603 4973 1880 5042 ὠφελῆσαι

316 5071 574 5124 δύναται.

817 5155 966 5205 ΣΙΗ’.
999 5184 1066 5194 —-
1103 5152 1182 5216 Τῷ
1226 5151 1399 5216 αὐτῷ.

397 5246 518 5297 ἰνα
555 5239 746 5310 μάθῃς,
771 5240 851 5293 ὅτι
882 5243 909 5293 ὁ
937 5241 1033 5310 μὲν
1056 5240 1222 5303 κακὸς
1247 5242 1391 5311 μόνῳ
1415 5240 1591 5310 ἐαυτῷ
1635 5241 1820 5303 κακὸς,
1846 5242 1871 5293 6

311 5337 378 5391 δὲ
407 5332 615 5402 ἀγαθὸς
637 5331 728 5384 καὶ
755 5329 1203 5404 ὲτέροιξῇἀγαθὸς,
1231 5334 1535 5405 μαρτυρίαν
1566 5351 1645 5386 σοι
1683 5350 1874 5403 παροι-

317 5427 503 5500 μιώδη
548 5421 765 5493 παρέξω
793 5434 809 5452 °
845 5422 1078 5475 «Τέκνον
1124 5421 1261 5493 γὰρ,
1314 5424 1506 5493 φησὶν,
1557 5424 1649 5477 ἐὰν
1709 5423 1872 5486 κακὸς

392 5605 442 5639 ³⁸
475 5602 634 5658 Rom.
661 5616 776 5668 rm,
800 5601 856 5658 9..

2011 1823 2386 1892 aegritudinem
2437 1833 2491 1879 et
2530 1824 2885 1894 cogitationis
2931 1825 3257 1896 languorem
3305 1828 3568 1885 accedere

2015 1928 2121 1968 non
2147 1915 2347 1968 valeas.

2505 2003 2732 2058 CCXIV.
2761 2035 2830 2045 -—
2855 2006 3059 2060 Eidem.

2077 2091 2378 2147 Nonnullos
2437 2091 2554 2159 ipse
2617 2093 2887 2161 cognovi,
2951 2097 3042 2163 qui
3101 2098 3270 2150 etiam
3342 2109 3568 2170 propter

1996 2197 2163 2235 suam
2195 2180 2584 2234 humanitatem
2631 2182 2886 2248 proxime
2931 2181 3279 2237 accedentem
3303 2225 3318 2249 ,
3353 2187 3566 2242 anima-

2011 2287 2129 2326 rum
2167 2272 2433 2326 medicum
2481 2270 2554 2324 ob
2592 2280 2871 2340 stuporem
2894 2312 2912 2339 ,
2962 2282 3015 2328 ct
3061 2289 3331 2330 summam
3365 2279 3566 2348 nequi-

2010 2363 2138 2416 tiam
2174 2362 2458 2416 admittere
2481 2361 2797 2416 noluerunt.

2523 2450 2731 2506 CCXV.
2755 2480 2816 2489 —
2847 2450 3052 2509 Eidem.

2077 2541 2275 2596 Paulus
2323 2555 2444 2595 cum
2486 2551 2909 2610 persequeretur
2963 2543 3168 2599 Christi
3222 2544 3562 2612 Ecclesiam,

2007 2631 2182 2687 oculis
2207 2633 2513 2686 obeam-catus
2533 2642 2615 2686 cst
2641 2632 2682 2662 ³³
2713 2632 2947 2700 primum
2974 2634 3133 2689 malis
3153 2644 3208 2689 et
3240 2639 3565 2693 crudelitate

2007 2719 2405 2788 inexplicabili,
2449 2728 2507 2772 ut
2555 2718 2678 2787 Dei,
2715 2731 2769 2775 et
2795 2721 3026 2790 justitiae
3062 2725 3247 2780 lumen
3275 2741 3566 2798 recupera-

2005 2818 2106 2866 ret.
2137 2808 2254 2863 Non
2305 2810 2400 2864 abs
2451 2825 2509 2865 re
2549 2811 2736 2880 itaque
2777 2805 3038 2868 Dominus
3085 2801 3348 2871 diccbat:
3391 2838 3410 2871 ι
3449 2819 3561 2892 Ego

2004 2903 2126 2957 veni
2161 2904 2214 2957 in
2247 2902 2636 2968 nmndum,.ut
2673 2904 2763 2972 qui
2809 2919 2919 2959 non
2953 2906 3174 2970 vident,
3205 2908 3465 2978 videant;
3504 2921 3563 2967 ct

1957 3040 1974 3059 ,
2005 2995 2095 3063 qui
2147 2995 2376 3061 vident,
2426 2993 2552 3047 «ξωοί
2606 2993 2739 3048 Iiant
2782 2996 2868 3049 ¹³ε
2902 3015 2922 3049 ι
2951 2997 3128 3051 innuit
3185 3000 3451 3069 siquidem
3500 3018 3562 3058 ac

2005 3085 2253 3153 turpibus
2309 3083 2668 3148 facinoribus,
2722 3085 3087 3157 absurdisque
3127 3089 3340 3145 deditos
3369 3092 3562 3148 oculos

2001 3175 2361 3240 eﬂ‘ossurum;
2416 3183 2786 3229 reseraturum
2840 3192 3006 3245 vero,
3057 3187 3112 3233 et
3158 3179 3555 3235 medicaturum

1999 3265 2186 3319 oculos
2238 3264 2666 3329 intellectuales,
2716 3267 2920 3336 quibus
2974 3269 3237 3323 virtutum
3288 3271 3455 3330 decor
3503 3281 3559 3329 et

1998 3357 2191 3410 divinat
2229 3356 2560 3426 cognitionis
2589 3358 2949 3426 conspicitur.

2128 3442 2360 3498 CCXVI.
2385 3475 2454 3484 -
2475 3445 2882 3517 EUGRAMMIO
2912 3449 3423 3510 LEGUMPERITO.

2069 3554 2087 3585 ι
2138 3533 2422 3602 Introivit,
2476 3538 2552 3590 ait
2580 3537 2826 3609 Moyses,
2873 3541 2926 3594 in
2987 3541 3471 3599 obscuritatem“.
3527 3565 3546 3598 ι

1993 3624 2150 3678 Circa
2179 3624 2346 3680 Deum
2390 3629 2702 3684 obscuritas
2736 3631 2871 3685 nihil
2920 3631 3065 3686 aliud
3100 3632 3360 3699 instruit,
3387 3653 3550 3706 quam

1995 3713 2393 3784 inintelligibile
2468 3715 2562 3771 Dei
2631 3729 2793 3788 atque
2867 3720 3265 3787 inscrutabile;
3343 3727 3550 3794 opacu‘s

1991 3804 2171 3867 enim,
2208 3812 2261 3858 et
2294 3807 2412 3860 sine
2461 3807 2667 3862 lumine
2711 3810 2965 3880 caliginis
3001 3819 3256 3880 aspectus
3290 3823 3374 3868 est
3398 3853 3414 3876 ,
3454 3815 3547 3886 qui

1993 3891 2171 3959 Spissa
2202 3906 2264 3944 ac
2296 3893 2580 3948 tenebrosa
2610 3897 2752 3949 aeris
2774 3897 3024 3951 crassitie
3062 3913 3183 3965 qua:
3216 3899 3269 3952 in
3301 3916 3365 3954 eo
3395 3912 3544 3967 sunt,

1992 3981 2223 4049 obtegit,
2259 3982 2448 4038 oculos
2477 3984 2581 4052 81
2615 3985 2668 4037 in
2697 4000 2821 4039 eum
2862 3985 3187 4039 intuentium
3215 4001 3410 4043 arcens
3435 4029 3451 4052 ,
3491 4001 3545 4045 ct

1990 4071 2380 4140 cogitationum
2444 4083 2703 4142 przeterca
2765 4075 3003 4144 ipsarum
3055 4065 3404 4133 curiosas’de
3435 4080 3546 4136 Deo

1990 4159 2319 4229 indagines:
2374 4181 2392 4212 ι
2449 4161 2712 4218 Tcnebrze
2757 4165 2939 4228 enim,
3005 4166 3109 4229 ait,
3172 4175 3542 4237 tegumentum

1990 4249 2195 4318 ipsius,
2224 4260 2287 4322 et~
2309 4267 2415 4307 non
2449 4254 2718 4308 videbitur
2755 4256 2819 4306 “.
2860 4273 2879 4306 ›

2515 4343 2763 4398 CCXVII.
2789 4375 2857 4384 —
2881 4345 3086 4401 Eidem.

2062 4431 2217 4488 Soles
2267 4435 2600 4489 inconsulto.
2637 4435 2819 4490 dicere
2867 4444 3145 4511 versutum
3205 4451 3328 4494 esse
3375 4449 3540 4511 atque

1987 4529 2226 4576 astutum
2257 4523 2531 4577 diabolum
2559 4539 2574 4578 :
2607 4540 2781 4593 neque
2826 4526 2943 4594 ipse
2969 4527 3273 4583 abnuerim.
3304 4526 3536 4586 Verum-

1983 4623 2161 4666 tamen
2213 4615 2258 4667 si
2316 4614 2485 4668 sobrii
2543 4631 2664 4671 esse
2715 4617 2982 4681 velimus,
3018 4619 3120 4674 sibi
3168 4619 3270 4688 ipsi
3324 4631 3538 4680 astutus

1979 4703 2083 4755 erit
2122 4710 2176 4756 et
2232 4719 2338 4757 non
2389 4705 2569 4761 nobis.
2621 4706 2986 4774 lmprobitatis
3034 4709 3303 4780 siquidem
3344 4715 3535 4780 genius

1978 4791 2110 4846 solis
2163 4793 2334 4862 ipsius
2383 4799 2797 4864 possessoribus
2839 4800 3136 4866 perniciem
3190 4801 3383 4866 aflert;
3440 4806 3532 4858 sed

1976 4881 2149 4936 virtus
2210 4888 2485 4941 contrarie
2542 4902 2600 4941 se
2648 4903 2878 4957 gerens,
2940 4905 3047 4943 non
3113 4893 3532 4959 possessoribus

1978 4969 2139 5023 modo
2160 5010 2172 5032 ,
2212 4971 2305 5025 sed
2334 4971 2525 5027 vicinis
2554 4975 2715 5028 etiam
2755 4975 3116 5028 emolumento
3146 4986 3250 5030 cst.

2469 5151 2737 5207 CCXVIII.
2762 5183 2830 5192 ——
2856 5153 3062 5209 Eidem.

2052 5241 2119 5297 Ut
2153 5241 2336 5296 discas
2360 5280 2374 5304 ,
2406 5243 2606 5296 malum
2643 5243 2852 5313 sibiipsi
2895 5245 2994 5299 soli
3018 5260 3136 5299 esse
3167 5247 3389 5309 malum,
3429 5247 3526 5300 bo-

1981 5348 2108 5385 num
2161 5348 2289 5387 vero
2331 5342 2386 5388 et
2437 5334 2559 5388 aliis
2612 5334 2831 5399 bonum,
2888 5336 3258 5389 testimonium
3309 5338 3405 5391 tibi
3457 5352 3524 5390 ex

1980 5417 2290 5492 Proverbiis
2324 5422 2629 5479 adducam:
2691 5443 2708 5475 ι
2745 5422 2867 5488 Fili,
2902 5425 3065 5488 enin),
3108 5427 3199 5488 ait,
3251 5425 3292 5479 si
3327 5442 3522 5496 pravus

932 5602 968 5632 “
1015 5598 1033 5652 I
1071 5597 1195 5653 Cor.
1233 5617 1281 5663 γ,
1320 5599 1368 5652 I.
1414 5600 1454 5629 ¹¹
1479 5601 1604 5653 Act.
1637 5616 1708 5666 ις,
1735 5600 1785 5652 8.
1863 5596 2079 5652 "Joan.
2126 5614 2200 5662 rx,
2237 5598 2324 5654 '59.
2405 5598 2448 5630 “
2485 5598 2654 5653 Exod.
2701 5599 2909 5666 “,23.
2990 5597 3151 5652 “Job
3190 5615 3322 5664 xxu,
3371 5601 3452 5652 II-
