4134 6328
724 226 829 293 163

2153 220 2211 277 S.
2257 218 2415 278 NILI

3799 219 3900 283 164

719 343 836 403 ﬂes,
864 339 1011 392 solus
1050 335 1338 391 exhauries
1369 335 1547 398 mala‘,
1591 333 1638 386 si
1695 331 1930 401 sapiens,
1977 330 2085 386 eris
2138 329 2264 382 tibi-

2365 328 2493 397 γένῃ
2516 328 2693 396 ,μόνος
2729 328 3004 397 άντλήσεις
3031 329 3099 382 τὰ
3123 329 3266 383 κακά
3284 344 3298 360 ⁸
3334 329 3450 383 ἐὰν
3477 327 3532 382 δὲ
3576 329 3758 398 σοφὸς,
3803 329 3900 400 ἔσῃ

719 427 934 498 metipsi
963 435 1016 481 et
1048 426 1296 495 proximo
1323 427 1541 494 sapiens
1583 425 1647 477 ¹⁸.
1683 443 1704 476 ι

944 515 1170 570 CCXIX.
1197 544 1266 555 —
1290 512 1704 588 ARISTOTELI
1731 507 2029 566 PRIMATI.

787 606 924 660 Mitti
958 605 1157 661 dicitur
1184 603 1379 667 Filius,
1429 618 1536 656 non
1585 600 1885 657 secundum
1923 599 2071 668 quod
2121 597 2264 652 Deus

705 681 960 750 Verbum
994 695 1052 749 in
1075 695 1198 749 sinu
1222 703 1306 749 est
1348 691 1552 754 Patris,
1587 691 1764 745 omnia
1786 690 2096 742 continens.
2128 704 2148 738 ι
2187 685 2265 740 Ex

726 787 845 854 ipso
875 784 1041 847 enim,
1066 792 1121 839 et
1154 799 1249 854 per
1276 785 1474 854 ipsum,
1515 789 1570 835 et
1615 781 1670 834 in
1715 779 1892 849 ipsum
1914 778 2096 833 omnia
2120 777 2162 809 "
2195 794 2207 830 :
2239 795 2260 829 ι

718 881 836 930 εις(
862 872 920 926 In
939 875 1058 943 ipso
1078 873 1346 937 vivimus,
1372 885 1667 933 movemur,
1708 876 1764 924 et
1795 884 1984 925 sumus
2009 869 2073 935 “;
2112 886 2132 920 ι
2168 861 2266 922 sed

717 965 1016 1020 secundum
1044 961 1187 1032 quod
1216 960 1546 1030 sibimetipsi
1576 959 1800 1016 asciscit
1831 959 1976 1016 Deus
2007 957 2260 1021 Verbum,

717 1053 1030 1109 electiones
1059 1052 1326 1123 assumpti
1366 1051 1639 1122 corporis.
1676 1122 1681 1126 _

834 1195 840 1202 .
1221 1141 1425 1198 CCXX.
1447 1171 1519 1183 —
1541 1140 1748 1195 Eidem.

785 1229 1014 1294 Luctus,
1044 1231 1138 1300 qui
1185 1246 1284 1301 pro
1329 1230 1568 1301 peccatis
1621 1230 1703 1295 tit,
1738 1223 1954 1283 dulcem
1987 1226 2090 1283 sibi
2129 1241 2264 1292 mm-

718 1334 898 1374 rorem
927 1328 981 1374 et
1005 1321 1282 1376 tristitiam
1305 1321 1413 1390 82
1449 1320 1712 1384 vindicat,
1743 1325 1799 1374 et
1833 1318 2088 1372 malleum
2119 1315 2262 1371 illius

719 1423 960 1464 amarum
989 1410 1325 1480 degustatur,
1360 1425 1456 1479 spe
1485 1410 1625 1464 bona
1659 1423 1724 1462 ac
1752 1409 1906 1463 suavi
1940 1407 2218 1461 conditum
2246 1422 2260 1469 ;

719 1497 1000 1567 propterea
1032 1500 1203 1553 nutrit
1226 1501 1496 1563 animam,
1566 1499 1950 1569 cogitationem
1989 1497 2265 1566 voluptate

719 1580 1012 1654 perfundit,
1053 1601 1147 1643 eor
1173 1588 1530 1658 pinguel'acit,
1561 1587 1916 1657 corporisque
1944 1593 2260 1640 concretum

716 1667 1001 1732 ﬂorere-ac
1028 1678 1298 1734 virescere
1323 1663 1472 1732 facit.
1510 1677 1696 1744 Quare
1723 1677 1926 1748 optime
1946 1675 2116 1730 David
2139 1691 2266 1729 con-

717 1762 930 1818 cinebat
959 1780 976 1818 :
1011 1781 1032 1816 ι
1063 1762 1244 1820 Factae
1275 1774 1401 1820 sunt
1428 1764 1564 1818 mihi
1592 1765 1847 1835 lacrymae
1876 1762 2035 1833 panis
2079 1762 2168 1818 die
2203 1768 2278 1816 ac‘

716 1859 876 1909 nocte
897 1852 960 1906 ".
1003 1870 1023 1905 ι

1201 1941 1432 1997 CCXXI.
1458 1970 1528 1981 -—
1548 1941 1762 1995 Eidem.

789 2054 809 2087 ι
848 2033 1099 2097 Domine,
1131 2033 1231 2094 ait,
1266 2040 1326 2085 ut
1368 2038 1525 2085 acuto
1567 2030 1726 2085 bona:
1762 2029 2062 2085 voluntatis
2111 2045 2268 2084 coro—

717 2124 859 2181 nasti
888 2137 988 2178 nos
1018 2125 1083 2175 ”.
1121 2140 1141 2172 ι
1171 2122 1312 2174 Idem
1355 2118 1822 2194 justoruml’uerit
1848 2127 2062 2174 scutum
2095 2127 2148 2172 et
2177 2134 2268 2171 eo-

719 2226 852 2268 rona
890 2227 904 2264 :
941 2207 1226 2280 propterea
1254 2207 1347 2277 qui
1393 2207 1559 2262 armis
1605 2204 1851 2264 induitur
1890 2205 2270 2261 intellectuali-

718 2309 798 2356 ter
830 2305 1144 2354 coronatur.
1196 2295 1439 2366 Namque
1487 2295 1748 2350 Saiomon
1780 2294 1918 2350 dixit
1949 2313 1962 2349 :
2013 2312 2031 2344 ε
2059 2293 2267 2349 Corona

717 2390 1037 2446 deliciarum
1071 2385 1321 2442 defendet
1357 2396 1411 2440 Ie
1447 2386 1513 2438 “.
1551 2405 1570 2436 ι
2126 2375 2129 2377 ’

951 2478 1200 2534 CCXXII.
1241 2507 1308 2518 -—
1337 2475 1642 2531 THEBINO
1679 2470 2028 2531 MONACHO.

785 2561 1252 2636 Quemadmodum
1280 2568 1335 2621 in
1382 2567 1520 2621 mari
1547 2583 1719 2636 genus
1750 2566 2029 2620 hominum
2064 2564 2270 2618 facino-

719 2673 902 2714 rosum
933 2667 987 2712 et
1013 2658 1211 2723 audax,
1267 2657 1324 2711 in
1347 2656 1526 2720 tmari,
1581 2656 1673 2708 ubi
1716 2657 1910 2709 civitas
1938 2661 2041 2720 est,
2065 2655 2146 2707 vel
2169 2668 2268 2706 rra-

716 2749 862 2802 vium
894 2748 1056 2802 statio
1104 2755 1198 2801 aut
1235 2753 1452 2817 portus,
1501 2746 1650 2800 nulla
1682 2746 1897 2799 ratione
1919 2744 1976 2798 in
2008 2745 2270 2812 navigan-

2367 417 2592 487 σεαυτῷ,
2621 418 2712 471 καὶ
2733 418 2809 488 τῷ
2832 418 3061 488 πλησίῳ.
3090 439 3110 470 ι

2536 509 2678 562 ΣῐΘ’.
2703 510 3237 563 -ΑΡΙΣΤΟΤΕΛΕΙ
3271 507 3726 562 ΠΡΩΤΕΥΟΝΪΙ.

2446 598 2802 652 ’Δπεστάλθαι
2825 582 3040 666 λέγεται
3061 601 3090 651 ὁ
3118 599 3260 663 Υἱὸς,
3293 601 3353 652 οὐ
3375 600 3498 654 καθ’
3523 599 3553 651 ὃ
3569 598 3700 661 Θεὸς
3732 598 3905 666 Λόγος

2364 688 2509 741 ἐστὶν
2542 688 2600 740 ὲν
2624 689 2840 752 κόλποις
2877 676 2969 741 τοῦ
3019 688 3228 759 [ἰατρὸς
3275 690 3541 760 περιέχων
3582 689 3651 742 τά
3699 687 3902 741 πάντα·

2339 797 2391 830 τι
2433 777 2522 844 Ἐξ
2547 779 2715 832 αὑτοῦ
2772 778 2900 848 γὰρ,
2947 779 3040 831 καὶ
3087 780 3166 841 τίς
3210 778 3371 832 αὑτὸν
3394 781 3468 833 τά
3497 778 3694 844 πάντα,
3732 778 3827 832 καὶ
3848 779 3908 832 ὲν

2363 883 2510 953 αὐτῷ
2531 881 2733 952 ζῶμεν,
2754 883 2849 937 καὶ
2868 883 3178 954 κινούμεθα,
3201 884 3292 938 καὶ
3312 886 3497 956 ἐσμὲν,
3527 905 3546 940 ι
3578 886 3712 941 ἀλλὰ
3745 885 3866 941 καθ’
3880 887 3910 940 δ

2367 970 2698 1025 ίδιοποιεῖται
2735 972 2762 1024 ὁ
2791 971 2923 1037 Θεὸς
2977 973 3148 1042 Λόγος
3179 973 3252 1027 τά
3289 975 3459 1044 πάθη,
3493 972 3554 1029 οὖ
3600 975 3669 1030 ἂν
3716 976 3907 1046 εῐληφε

2367 1062 2636 1134 σώματος.

2882 1155 3008 1209 ΣΚ’.
3027 1184 3094 1195 -
3114 1155 3197 1220 Τῷ
3213 1155 3390 1220 αὐτῷ.

2444 1244 2504 1296 '0
2533 1243 2618 1311 ἐφ’
2655 1245 2946 1315 ἁμαρτίαις
3006 1245 3288 1316 γινόμενος
3336 1247 3605 1319 ὀδυρμὸς,
3658 1246 3913 1317 γλυκεῖαν

2367 1334 2625 1405 κέκτηται
2654 1336 2751 1406 τὴν
2785 1336 2956 1400 ἀνίαν,
2997 1339 3088 1390 καὶ
3117 1338 3402 1407 μελιτῶδες
3433 1339 3598 1392 αὑτοῦ
3624 1339 3684 1391 τὸ
3719 1338 3913 1409 πἰκρδν

2365 1423 2696 1493 εὑρίσκεται,
2731 1424 2901 1478 ἐλπίδι
2934 1426 3131 1496 ἀγαθῇ,
3162 1427 3252 1480 καὶ
3284 1431 3492 1498 χρηστῇ
3526 1429 3913 1498 φαρματτόμε-

2367 1529 2473 1576 νον,
2502 1514 2588 1567 διὰ
2615 1514 2772 1568 τοῦτο
2795 1515 2982 1585 τρέφει
3011 1517 3116 1584 τὴν
3131 1517 3327 1588 ψυχὴν,
3367 1521 3522 1584 γανοῖ
3551 1518 3610 1569 τὸ
3640 1519 3912 1588 φρόνημα,

2367 1603 2602 1657 λιπαίνει
2631 1605 2728 1673 τὴν
2766 1603 3010 1674 καρδίαν,
3038 1604 3258 1667 εὐθαλὲς
3291 1605 3580 1674 ἐργάζεται
3609 1607 3668 1658 τὸ
3689 1607 3783 1659 τοῦ
3810 1606 3916 1658 σώ-

2371 1708 2536 1761 ματος
2598 1693 2892 1763 σύγκριμα.
2953 1695 3062 1747 Καὶ
3103 1694 3283 1758 καλῶς
3330 1697 3359 1748 ὁ
3421 1694 3586 1749 Δαυῒδ
3616 1693 3912 1765 ἐμελῴδει·

2371 1802 2388 1835 ι
2429 1782 2688 1855 Ἐγενήθη
2739 1802 2826 1855 μοι
2867 1785 2933 1838 τὰ
2974 1786 3181 1857 δάκρυα
3239 1787 3401 1857 ἄρτος
3443 1787 3651 1858 ἡμέρας
3693 1788 3785 1840 καὶ
3825 1804 3917 1840 νυο

2367 1871 2510 1934 κτός.
2544 1889 2563 1923 ι
3176 1881 3183 1885 ·

2856 1961 3024 2012 ΣΚΑ’.
3063 1991 3132 2002 --
3165 1961 3246 2025 τῷ
3264 1961 3442 2025 αὐτῷ.

2441 2069 2459 2100 ι
2490 2049 2681 2121 Κύριε,
2715 2050 2899 2119 φησὶν,
2925 2051 3000 2113 ὡς
3049 2051 3197 2120 ὅπλῳ
3252 2048 3495 2114 εὐδοκίας
3541 2051 3921 2118 ἐστεφάνωσας

2367 2143 2531 2209 ἡμᾶς.
2566 2159 2585 2190 ι
2651 2140 2859 2193 Ταύτόν
2904 2141 2969 2192 ἂν
3014 2142 3099 2208 εἴη
3124 2142 3230 2194 τῶν
3259 2142 3480 2194 δικαίων
3507 2142 3599 2193 καὶ
3621 2142 3803 2205 ὅπλον,
3827 2142 3921 2194 καὶ

2371 2229 2649 2297 στέφανος,
2686 2229 2823 2282 ὥστε
2846 2231 2935 2283 τὸν
2953 2231 3342 2300 ὡπλησάμενον
3384 2231 3589 2300 νοητῶς
3621 2230 3920 2299 στεφανοῦ-

2370 2318 2493 2371 σθαι
2530 2333 2544 2348 ⁸
2581 2320 2673 2370 καὶ
2701 2320 2808 2389 γὰρ
2835 2321 2930 2373 καὶ
2953 2320 3198 2390 Σολομὼν
3231 2321 3418 2390 εἴρηκε
3448 2338 3459 2349 ·
3524 2340 3541 2372 ι
3579 2322 3835 2391 Στεφάνῳ
3861 2322 3920 2375 ἢ

2369 2409 2582 2478 τρυφῆς
2615 2410 2942 2479 ὑπεραστειεῖ
2973 2428 3087 2465 σου.
3136 2429 3154 2461 ι

2706 2500 2874 2551 mea
2896 2528 2963 2539 _
2980 2499 3230 2568 ΘΕΡΙΝῼ
3260 2500 3578 2569 ΜΟΝΑΧῼ.

2439 2582 2646 2660 Ὥσπερ
2703 2590 2752 2642 oi
2798 2590 2938 2642 κατὰ
2990 2590 3088 2659 τὴν
3122 2590 3396 2643 θάλασσαν
3431 2591 3748 2662 κακοῦργοι,
3790 2590 3921 2644 ἔνθα

2373 2682 2472 2751 μὲν
2501 2681 2653 2745 πόλις
2681 2683 2846 2746 ἐστὶν,
2872 2683 2904 2753 ἢ
2929 2684 3186 2754 ὲπινήῖον,
3217 2683 3251 2754 ἢ
3279 2684 3466 2754 λιμὴν,
3498 2685 3746 2754 οὐδαμῶς
3795 2686 3921 2739 ἑπι-

2369 2770 2608 2834 τιθέντες
2634 2774 2744 2836 τοῖς
2771 2771 3040 2836 πλέουσιν,
3074 2772 3231 2827 τοῦτο
3250 2774 3356 2843 γάρ
3386 2770 3561 2845 μάτην
3600 2773 3666 2828 ἂν
3689 2775 3775 2845 εἴη
3802 2793 3920 2829 κιν-

716 2841 806 2886 tes
833 2830 1096 2898 impetum
1127 2824 1356 2894 faciunt;
1402 2829 1458 2884 id
1505 2829 1654 2884 enim
1709 2837 1859 2884 esset
1889 2827 2094 2882 frustra
2126 2842 2184 2881 se
2215 2827 2267 2878 in

953 2932 1004 2935 ,Α
1055 2914 1362 2935 ,μημμη
1402 2930 1587 2935 suum
1629 2914 1669 2935 .-ε
1706 2916 1753 2935 ._
1805 2915 1904 2935 ,..,
1948 2917 2080 2935 ,ηλ

2370 2824 2639 2912 δυνεύειν·
2673 2824 2766 2912 ὲᾶίν
2787 2860 2843 2912 δὲ
2873 2863 2929 2913 ἐν
2958 2824 3924 2935 μέσῳ

716 2916 1013 2993 discrimen
1051 2914 1363 2971 adducere:
1402 2930 1595 2970 verum
1627 2914 1672 2970 si
1701 2916 1761 2993 in
1803 2915 1911 2969 alto
1948 2917 2082 2969 mari
2111 2915 2262 2968 navi-

715 3009 892 3064 culam
917 2990 1391 3078 deprehenderint,
1422 3005 1570 3076 quod
1610 2990 1708 3059 illi
1729 3020 1832 3074 ope
1853 2995 2144 3059 auxiliaria
2172 3005 2266 3060 tle-

717 3098 898 3153 stituti
946 3105 1097 3163 sunt,
1143 3097 1494 3153 occasionem
1528 3095 1875 3173 arripientes,
1926 3096 2113 3150 omnia
2146 3111 2266 3149 mo—

715 3191 843 3244 vent
881 3187 1267 3257 invertuntque
1303 3202 1407 3243 nec
1438 3187 1595 3257 prius
1635 3186 1931 3250 absistunt,
1965 3187 2140 3241 donec
2183 3187 2268 3239 vel

719 3279 1039 3348 navigantes
1073 3279 1414 3347 immergant,
1460 3277 1546 3332 vel
1572 3277 1806 3352 hocqipsi
1830 3277 2079 3339 subeant;
2115 3277 2194 3332 sic
2216 3285 2269 3330 et

719 3369 842 3424 dira
873 3369 1171 3439 voluptatis
1221 3369 1475 3435 tentatio,
1520 3369 1592 3433 ei,
1633 3369 1724 3438 qui
1758 3365 2122 3439 virginitatem
2155 3369 2268 3423 ele-

719 3460 820 3528 git,
848 3459 1074 3518 multam
1122 3457 1278 3513 atl‘ert
1322 3465 1698 3528 tempestatem
1728 3470 1781 3514 et
1804 3473 2020 3529 gravem
2061 3460 2268 3528 procel-

720 3548 849 3611 lam,
897 3555 954 3602 et
1003 3562 1110 3601 non
1166 3547 1418 3604 ferendos
1471 3547 1728 3603 ﬂuctuum
1778 3550 2046 3616 turbines,
2089 3550 2267 3604 omnia

720 3651 924 3706 susque
947 3636 1124 3705 deque
1153 3637 1411 3715 miscens,
1438 3646 1497 3692 ut
1525 3640 1577 3693 vi
1605 3649 1660 3694 et
1683 3640 1884 3708 impetu
1917 3654 2109 3694 navem
2136 3639 2274 3693 subi

718 3738 948 3799 mergat.
975 3730 1163 3786 Audiit
1210 3748 1468 3803 namque,
1503 3721 1771 3788 monacho
1798 3746 1908 3787 non
1931 3742 2058 3789 esse
2089 3734 2140 3787 in
2174 3748 2270 3802 po—

717 3819 911 3874 te'state
955 3835 1180 3875 uxorem
1232 3821 1453 3885 ducere,
1503 3829 1556 3876 et
1596 3822 1759 3876 veluti
1796 3821 1851 3875 in
1883 3831 2096 3891 portum
2135 3838 2269 3878 con-

714 3909 857 3984 Jugii
890 3925 991 3966 usu
1017 3926 1078 3966 se
1107 3911 1442 3979 subducere;
1495 3911 1588 3966 sed
1639 3927 1737 3982 per
1775 3913 1956 3968 omnia
1996 3922 2270 3969 certamen

719 4013 1059 4069 pugnamque
1116 4001 1382 4057 adversus
1425 4003 1718 4067 daemones,
1772 4003 1869 4072 qui
1906 4004 2272 4072 voluptatibus

716 4087 826 4157 83
855 4090 1088 4141 animum
1118 4090 1354 4155 irritant,
1388 4092 1667 4146 subeunda
1696 4108 1843 4149 esse.
1883 4092 1964 4150 Ne
1995 4094 2163 4164 igitur
2183 4094 2274 4147 ad-

676 4224 681 4228 .
720 4174 1001 4240 miremur,
1042 4178 1088 4230 si
1132 4178 1274 4231 bello
1310 4180 1636 4246 impetimur;
1688 4197 1863 4251 neque
1911 4184 1978 4240 ad
2033 4199 2268 4254 pugnam

2291 2932 2333 2988 (ἶ
2371 2949 2626 3015 λάϐωσιν,
2656 2949 2861 3017 ἑφόδιον
2887 2941 3100 3020 ἔχδντες
3127 2953 3224 3022 τὴν
3253 2950 3362 3004 τῶν
3383 2932 3755 3022 ’βοηθησόντων
3791 2955 3924 3024 ὲρηο

2374 3042 2520 3111 μίαν,
2547 3042 2725 3095 πάντα
2759 3043 2985 3106 κινοῦσι,
3015 3043 3106 3096 καὶ
3147 3043 3486 3113 στρέφουσιν,
3522 3045 3617 3097 καὶ
3657 3046 3716 3098 οὑ
3774 3047 3923 3115 πρό-

2369 3147 2524 3200 τερον
2547 3131 2891 3198 ἀφίστανται,
2916 3131 3015 3193 ἕως
3047 3130 3112 3184 ἂν
3139 3132 3171 3200 ἦ
3206 3132 3543 3184 καταδύσωσι
3565 3133 3690 3190 τοὺς
3716 3134 3922 3204 ἐμπλέ-

2368 3237 2546 3283 οντας,
2570 3221 2603 3289 ἢ
2637 3219 2791 3272 τοῦτο
2826 3220 3067 3274 πάθωσιν
3096 3221 3250 3273 αὐτοί
3284 3237 3298 3252 ο
3335 3222 3506 3284 οὓτως
3532 3223 3625 3275 καὶ
3673 3225 3701 3275 ὁ
3748 3224 3924 3288 δεινὸς

2367 3311 2466 3379 τῆς
2489 3311 2677 3380 ἡδονῆς
2705 3311 3001 3380 πειρασμὸς
3020 3310 3100 3380 τῷ
3120 3312 3481 3382 προῃρημένῳ
3502 3313 3599 3383 τὴν
3629 3313 3922 3382 παρθενίαν

2370 3398 2533 3452 πολὺν
2567 3399 2758 3466 ἐπάγει
2785 3401 2875 3450 τὸν
2914 3398 3174 3467 χειμῶνα.
3215 3399 3309 3451 καὶ
3336 3398 3572 3468 χαλεπὴν
3597 3400 3694 3470 τὴν
3729 3401 3920 3470 ζάλην,

2368 3491 2462 3550 καὶ
2485 3491 2786 3559 ἀφορήτους
2814 3489 2910 3552 τὰς
2935 3489 3244 3559 τρικυμίας,
3276 3492 3448 3542 πάντα
3472 3491 3580 3544 ἄνω
3625 3491 3716 3543 καὶ
3772 3493 3923 3544 κάτω

2370 3578 2553 3640 κινῶν,
2575 3578 2714 3631 ὥστε
2735 3581 2798 3648 τῇ
2824 3577 2913 3649 βίᾳ
2940 3578 3031 3629 καὶ
3060 3579 3124 3646 τῇ
3147 3576 3293 3646 ῥύμη
3322 3577 3674 3646 περιστρέψαι
3699 3576 3761 3628 ἰδ
3786 3577 3921 3630 σκά-

2371 3686 2488 3736 φος.
2523 3670 2756 3721 Ἤκουσε
2784 3665 2910 3737 γᾶρ,
2939 3669 3020 3720 ὅτι
3056 3669 3084 3720 ὁ
3120 3667 3347 3739 μοναχδς
3383 3667 3482 3718 οὐκ
3517 3666 3626 3734 ἔχει
3675 3666 3923 3729 ἐξουσίαν

2370 3759 2639 3827 γαμῆσαι,
2680 3758 2771 3810 καὶ
2810 3757 3057 3826 καθάπερ
3095 3756 3272 3824 λιμένι
3311 3755 3805 3824 ἐγκαθορμισθῆναι
3852 3758 3918 3824 τῇ

2372 3851 2562 3919 χρήσει
2583 3852 2681 3919 τῆς
2726 3843 2942 3917 μίξεως,
2969 3847 3082 3899 ἀλλ’
3113 3847 3324 3914 ἀνάγκη
3369 3845 3434 3897 δι’
3473 3846 3594 3897 ὅλου
3645 3845 3917 3909 παλαίειν,

2373 3942 2467 3993 καὶ
2500 3939 2763 4009 μάχεσθαι
2788 3938 2922 4008 πρὸς
2942 3938 3066 3999 τοὺς
3080 3939 3200 3997 ταῖς
3225 3935 3571 4005 ἡδυπαθείαις
3588 3934 3704 4009 ,τὴν
3741 3934 3920 4005 ψυχὴν

2373 4032 2707 4102 ἐρεθίζοντας
2733 4031 3007 4099 δαίμονας.
3036 4029 3126 4099 Μὴ
3163 4023 3254 4081 οὖν
3287 4014 3613 4097 ξενιξὼμεθα
3654 4025 3924 4096 πολεμούο

2376 4138 2544 4191 μενοι,
2600 4122 2731 4191 μηδὲ
2754 4122 3120 4189 ἀποκάμωμεν
3183 4118 3317 4188 πρὸς
3365 4117 3464 4184 τὴν
3499 4119 3693 4187 μάχην,
3722 4116 3919 4184 ἔχομεν

2301 4223 2346 4279 ι)
2371 4214 2478 4282 γὰρ
2520 4196 2689 4280 μέγαν
2712 4209 3115 4280 ὑπερασπιστὴν
3139 4208 3199 4261 τὸ
3227 4207 3486 4274 πανάγιον
3515 4207 3756 4275 Πνεῦμα,
3772 4206 3838 4258 δι’
3858 4198 3918 4258 οὗ

721 4263 956 4317 animum
1015 4263 1466 4332 despondeamus.
1523 4265 1796 4321 Habemus
1842 4270 1986 4321 enim
2018 4285 2269 4338 magnum

2366 4263 2705 4370 δυνησόμεθα
2761 4263 2935 4352 πάντα
2974 4263 3085 4351 τοῦ⁸
3125 4263 3485 4350 διαϐόλουυτὰ
3549 4263 3918 4365 πεπυρωμένα

719 4353 1064 4410 defensorem
1111 4368 1175 4408 ac
1204 4354 1476 4410 vindicem
1535 4354 1800 4427 Spiritum
1857 4370 2125 4421 sanctum,
2180 4374 2276 4426 per

719 4459 880 4512 quem
910 4443 1209 4512 poterimus
1254 4445 1460 4500 diaboli
1509 4448 1690 4502 omnia
1728 4448 2090 4502 obscenarum
2123 4448 2276 4515 cupi-

717 4533 945 4587 ditatum
982 4534 1150 4602 ignita
1185 4535 1390 4604 iacula,
1434 4545 1488 4591 et
1534 4537 1718 4591 carnis
1773 4536 1969 4602 facem,
1994 4547 2048 4593 et
2085 4536 2278 4590 incita-

717 4627 960 4675 mentum
991 4619 1255 4677 t'acillimo
1279 4622 1499 4692 negotio
1523 4625 1892 4694 exstinguere.

925 4729 1199 4786 CCXXIII.
1237 4764 1307 4776 --
1331 4733 1662 4790 SELEUCIO
1690 4736 2012 4795 DIACONO.

785 4819 918 4874 Cum
956 4831 1198 4898 (μιαιιιοιῖ
1219 4823 1360 4881 inter
1410 4826 1545 4883 alias
1580 4826 1808 4884 virtutes
1840 4832 2071 4900 primum
2101 4833 2271 4889 locum

717 4910 1029 4975 obtineant,
1071 4914 1394 4982 prudentia,
1454 4915 1756 4983 fortitudo,
1820 4925 2173 4990 temperantia
2226 4935 2279 4978 et

711 4999 933 5068 justitia'
997 5017 1014 5064 ;
1083 5011 1368 5072 propterea
1429 5015 1481 5059 et
1542 5005 1793 5072 diabolus
1847 5019 2083 5079 quatuor
2129 5014 2272 5068 vitiis

717 5092 885 5146 multa
921 5092 1022 5146 alia
1047 5091 1100 5145 in
1132 5108 1189 5147 se
1221 5096 1648 5161 continentibus,
1684 5100 1751 5151 ad
1779 5101 1862 5153 sui
1925 5102 2095 5169 ipsius
2147 5119 2269 5175 pro—

719 5181 1095 5252 pugnationem
1127 5183 1318 5240 utitur.
1347 5183 1410 5237 Et
1438 5186 1750 5256 audi,,quid
1801 5190 1945 5245 dicat
1974 5193 2265 5250 Zacharias

718 5273 972 5342 propheta
1013 5283 1246 5342 quatuor
1284 5275 1538 5333 cornibus
1615 5279 1888 5334 suffultam
1927 5282 2139 5339 Satanae
2174 5300 2267 5356 po-

813 5436 856 5512 ’ξ
883 5438 980 5497 Pro
994 5459 1057 5499 γ.»
1078 5460 1151 5512 tx,
1184 5445 1270 5499 I2.

1367 5447 1408 5479 ¹τ
1438 5446 1641 5504 Coloss.
1702 5464 1739 5515 ι,
1776 5450 1858 5503 16.

716 5518 789 5569 tv,
829 5506 876 5560 9.

1956 5452 2003 5483 “
2026 5454 2144 5508 Act.
2177 5469 2303 5520 xvu,

2371 4387 2503 4459 βέλη
2521 4388 2631 4441 τῶν
2656 4389 2888 4457 αἰσχρῶν
2917 4387 3213 4456 ἐπιθυμιῶν
3238 4387 3330 4438 καὶ
3360 4385 3467 4438 τῶν
3489 4386 3923 4452 ὑπεκκαυμάτων

2370 4478 2468 4547 τῆς
2503 4477 2705 4548 σαρκὸς
2745 4477 2936 4546 ῥᾳδίως
2966 4475 3169 4528 σϐέσαι.

2655 4736 2820 4790 ΣΚΡ.
2843 4764 2908 4775 --
2934 4735 3272 4804 ΣΕΛΕΥΚΙῼ
3326 4735 3644 4805 ΔΙΔΚΟΝῼ.

2459 4825 2674 4895 Ἐπειδὴ
2695 4825 2952 4892 τέσσαρες
2986 4823 3314 4892 ὑπάρχουσιν
3337 4817 3526 4890 ἀρεταὶ
3544 4819 3924 4888 γενικώταται,

2377 4917 2654 4987 φρόνησις,
2691 4914 2928 4983 ἀνδρεία,
2987 4912 3322 4981 σωφροσύνη,
3375 4910 3704 4979 δικαιοσύνη,
3731 4911 3926 4964 τούτου

2376 5017 2534 5085 χάριν
2563 5014 2656 5066 καὶ
2679 5016 2705 5066 δ
2734 5011 2974 5073 διάϐολος
3008 5011 3294 5079 τέσσαρσιν
3327 5009 3543 5077 κακίαις
3569 5024 3930 5078 περιεκτικω-

2376 5106 2564 5166 τάταις
2584 5103 2794 5156 πολλῶν
2821 5101 3025 5153 κακιῶν
3079 5100 3212 5169 πρὸς
3261 5099 3469 5168 ἄμυναν
3509 5098 3788 5168 κέχρηται.
3808 5098 3930 5173 ,Καὶ

2377 5196 2624 5261 ἄκουσον,
2655 5194 2706 5245 τί
2734 5192 2881 5258 λέγει
2911 5191 3178 5259 Ζαχαρίας
3205 5190 3232 5240 ὁ
3278 5191 3576 5260 προφήτης,
3604 5189 3702 5257 τὴν
3733 5203 3930 5256 τετρα-

2380 5286 2605 5356 κέρατον
2632 5282 2727 5340 τοῦ
2750 5283 2958 5335 Σατανᾶ
2988 5280 3314 5349 θεασάμενος
3331 5280 3573 5348 δύναμινσ
3604 5273 3779 5346 ιτΗρα
3799 5278 3933 5342 τοὺς

2366 5454 2455 5508 9.8.
2553 5454 2595 5485 ¹⁹
2629 5453 2772 5507 Psal.
2802 5468 2909 5515 xu,
2949 5453 3002 5504 4.
3114 5453 3157 5482 ²⁰
3188 5450 3326 5505 Psal.
3385 5467 3438 5514 v,
3491 5451 3576 5502 I5.
3684 5447 3726 5478 ¹¹
3756 5451 3933 5508 Prov.
