4134 6328
249 259 332 323 105

1423 235 1948 304 EPISTULARUM
1968 238 2114 297 LIB.
2154 241 2202 298 ι.

3324 230 3426 296 166

243 362 509 432 ὀφθαλμούς
546 379 666 430 μου,
699 358 790 409 καλ
818 357 924 408 ἴδον
952 355 1188 425 τέσσαρα
1240 354 1466 424 κέρατα,
1531 351 1598 401 τὰ.
1649 345 1814 404 δια-λ

1894 347 2097 398 entiam
2144 345 2375 399 intuitus
2412 362 2424 396 :
2465 363 2481 395 ι
2510 343 2726 400 Elet'avi
2763 343 2950 399 oculos
3003 338 3173 407 meos,
3229 350 3284 397 et
3319 347 3424 399 vidi

245 456 572 527 σκορπίσαντα
599 451 690 503 τὸν
731 449 946 511 Ἰούδαν,
983 449 1075 502 καὶ
1096 449 1188 503 τὸν
1227 443 1458 514 Ἰσραήλ.
1497 460 1515 492 ι

686 626 838 679 ΣΚΔ.
879 655 946 666 --
980 625 1062 689 τῷ
1102 621 1280 686 αὐτῷ.

299 720 415 790 Περὶ
437 716 528 785 τῆς
556 718 934 787 τετραμόρφου
955 714 1231 781 δυνάμεως
1260 709 1350 763 τοῦ
1371 707 1640 770 διαϐόλου,
1673 708 1768 760 καὶ

241 811 416 878 Μωσῆς
445 809 472 860 6
504 808 763 876 μέγιστος
821 805 1114 877 νομοθέτης
1148 806 1204 858 ὲν
1235 796 1611 874 τῷΛευιτικῷ
1656 803 1768 862 τοῖς

241 900 519 969 δυναμένοις
542 900 964 969 ἐπιμελέστερον
1003 897 1254 960 συνιέναι,
1283 897 1485 965 λέπραν
1504 894 1768 961 ὑπάρχειν

238 991 600 1062 τετρακέφαλον
623 991 780 1059 δίκην
829 989 993 1057 ὕδρας
1030 987 1334 1055 διαγράφει,
1362 983 1767 1044 λευκαίνουσαν,

240 1081 318 1133 καὶ
374 1076 795 1148 γλαυκίξουσαν,
853 1075 946 1128 καὶ
1000 1072 1385 1144 χλωρίζουσαν,
1445 1075 1540 1125 καὶ
1606 1072 1769 1141 πυρί-

239 1169 428 1234 ζουσαν.

435 1260 600 1312 SKE'.
628 1290 696 1300 —
723 1256 1153 1324 ΑΥΓΟΥΣΤΙΝῼ
1186 1253 1542 1320 ΤΡΙΒΟΥΝῼ.

298 1347 359 1399 Εὖ
410 1349 770 1416 ἐπιστάμενος
820 1347 951 1397 Θεὸν
1001 1341 1138 1397 εἶναι
1186 1346 1277 1396 τὸν
1329 1342 1530 1410 δοτῆρα
1575 1343 1767 1404 παντὸς

238 1438 434 1505 ἀγαθοῦ,
472 1439 708 1506 συνεχῶς
765 1437 939 1506 λέγεις
996 1435 1129 1506 πρὸς
1165 1435 1288 1496 τοὺς
1318 1432 1772 1500 συντυγχάνοντας

237 1531 286 1581 τὸ
321 1527 500 1580 Ἰακὼϐ
528 1528 620 1580 τοῦ
652 1529 988 1602 πατριάρχου
1028 1527 1226 1594 λόγιον,
1261 1525 1342 1576 ὅτι
1387 1521 1608 1590 Ἰιλέησέ
1642 1537 1706 1590 με
1746 1522 1773 1572 6

236 1620 363 1682 Θεὸς,
399 1621 488 1672 καὶ
513 1618 628 1671 ἔστι
651 1637 739 1688 μοι
776 1620 972 1671 πάντα·
1002 1619 1060 1669 οὐ
1091 1617 1197 1686 γὰρ
1228 1614 1474 1683 ὲξέργων
1499 1610 1772 1665 διιιαιοσύ⁴

1870 446 2106 504 quatuor
2161 448 2389 513 cornua,
2427 450 2547 504 quae
2591 435 2782 490 ludant
2840 440 2895 491 et
2957 433 3124 488 Israel
3159 435 3433 505 disperso-

1873 535 2001 579 rttnt
2025 527 2095 578 ²².
2128 545 2146 576 ι

2395 610 2927 667 CCXXIV.-—Eidem

1943 704 2362 774 Quadruplicetn
2399 703 2696 773 potentiam
2753 701 2958 755 diaboli
3015 703 3180 757 etiam
3225 699 3438 772 Moyses

1875 794 2146 848 maximus
2171 796 2448 862 legislator
2477 795 2529 848 in
2551 791 2794 847 Levitico
2824 791 2894 845 iis
2935 791 3028 860 qui
3061 806 3173 844 rem
3203 791 3437 862 diligen-

1875 884 1986 940 tius
2009 884 2311 955 intelligere
2326 893 2581 955 possunt,
2614 883 2919 953 designavit
2949 882 3183 952 ;lepram
3207 892 3439 952 quatuor

1875 976 2145 1043 capitibus
2172 975 2352 1045 hydra:
2389 976 2569 1029 instar
2593 976 2935 1040 describens,
2979 972 3242 1039 albidam,
3277 971 3433 1041 glau-

1875 1081 2018 1133 cam,
2061 1065 2340 1122 herbidum
2375 1072 2429 1119 et
2462 1067 2679 1120 rutilam
2699 1067 2765 1119 ".
2793 1086 2810 1118 ι

2089 1239 2808 1298 CCXXV.—-AUGUSTINO
2828 1239 3158 1295 .TRIBUNO.

1951 1333 2116 1388 [)eum
2141 1345 2264 1386 esse
2299 1331 2536 1385 universi
2576 1330 2702 1382 boni
2738 1328 2980 1380 datorem
3006 1328 3072 1394 “,
3109 1331 3308 1399 optime
3333 1329 3446 1382 eal-

1881 1443 2017 1494 lens,
2044 1439 2184 1493 saepe
2212 1434 2260 1478 te
2294 1421 2699 1490 alloquentibtts
2720 1418 2911 1472 Jacobi
2942 1419 3269 1487 patriarcha:
3317 1419 3448 1472 eﬂ'a-

1882 1522 1990 1564 tnm
2059 1514 2322 1573 inculcas,
2380 1510 2524 1565 Deus
2585 1510 2696 1580 εἰ..
2753 1511 3006 1564 misertus
3062 1518 3146 1564 est
3212 1507 3339 1570 mei,
3397 1517 3452 1560 et

1884 1603 2140 1657 omnibus
2166 1604 2400 1656 abundo.
2427 1601 2611 1669 Neque
2640 1603 2785 1656 enim
2821 1618 2882 1655 ex
2917 1603 3176 1671 operibus
3201 1599 3448 1667 iustitia.

235 1727 331 1778 νης,
373 1709 483 1761 ἀλλ’
515 1710 573 1773 ἐξ
624 1683 774 1760 ἐλέου
814 1707 971 1768 Θεοῦ,
1023 1683 1118 1758 και
1167 1683 1378 1772 iam;
1447 1686 1814 1770 amorim-.0;

1894 1695 1974 1748 sed
2000 1710 2062 1748 ex
2095 1693 2188 1746 Dei
2224 1694 2602 1748 misericordia
2632 1711 2956 1764 summaque
3010 1696 3253 1750 bonitate
3285 1693 3456 1746 habes

234 1799 441 1865 ἐκτήσω,
481 1796 625 1864 ἅπερ
660 1794 800 1862 ἔχεις
819 1810 831 1820 ”
858 1794 916 1854 ἐξ
941 1793 1117 1845 αὐτῶν
1140 1795 1194 1844 δὲ
1221 1792 1403 1843 πολλοὶ
1427 1787 1778 1858 εὐεργετοῦν-

234 1903 306 1936 ται
331 1884 582 1950 δεόμενοι.
614 1883 722 1935 Καὶ
748 1881 1081 1949 ἀποδέχομαί
1117 1898 1173 1931 σε
1199 1876 1255 1931 εὖ
1292 1892 1351 1930 τε
1391 1877 1663 1941 ποιοῦντα,
1690 1877 1781 1928 καὶ

235 1974 638 2043 εὐλογιζόμενον,
670 1976 764 2027 καὶ
794 1972 1296 2041 ταπεινολογοῦντα.

426 2157 607 2219 ΣΚΕΓ.
641 2183 708 2192 -
740 2153 1026 2219 ΘΕΟΦΙΛῼ
1059 2151 1569 2217 ΚΛΓΚΕΛΛΛΙἾῼ.

300 2247 490 2312 Ὠσπερ
522 2244 621 2312 οὐχ
663 2244 760 2294 ὅσα
793 2241 1019 2312 ἠδύνατο
1058 2241 1226 2294 ἐποίει
1267 2242 1292 2290 ὀ
1315 2238 1516 2308 Κύριος
1552 2236 1780 2307 Ἰησοῦς,

238 2336 335 2385 ἀλλ’
367 2336 458 2386 ὅσα
491 2332 750 2402 ἠϐούλετο
819 2330 1272 2400 ἐθαυματούργει,
1331 2329 1500 2390 οὕτως
1548 2329 1643 2396 οὐχ
1684 2328 1784 2378 ὅσα

240 2426 340 2494 ᾔδει
367 2425 656 2487 ἐδίδασκεν,
717 2423 828 2476 ἀλλ’
881 2424 980 2475 ὅσα
1018 2421 1204 2490 μαθεῖν
1232 2419 1539 2488 ἠδυνάμεθα
1581 2418 1785 2484 ὑπηγὸ-

245 2533 413 2584 ρευεεν
435 2557 447 2578 ,
479 2518 544 2584 τῇ
584 2514 837 2583 ἀσθενείᾳ.
866 2516 963 2582 τῆς
988 2511 1198 2580 φύσεως
1233 2507 1560 2578 συμμετρῶν
1586 2505 1672 2559 τὸν
1703 2507 1786 2557 λο-

242 2622 328 2671 γον
382 2606 471 2672 τῆς
544 2603 912 2665 διδασκαλίας.
979 2601 1077 2652 Διὰ
1163 2598 1318 2651 τοῦτο
1402 2599 1614 2663 ἀγνοεῖν
1690 2594 1787 2662 τὴν

242 2695 436 2764 ἡμέραν
497 2693 645 2760 λέγει
696 2696 806 2754 τοῖς
856 2691 1122 2760 μαθηταῖς
1187 2689 1432 2741 ἀτελέσιν
1483 2688 1559 2737 ἔτι
1609 2685 1784 2754 ὑπάρ-

243 2800 430 2854 χουσιν.

541 2870 707 2922 ιιιιΖν.
733 2899 799 2906 -
832 2867 1077 2936 summa
1104 2864 1461 2933 mae/ima.

315 2963 369 3012 Ὀ
397 2959 586 3012 θλίϐων
619 2975 677 3009 σε
704 2957 935 3026 πονηρὸς
967 2956 1174 3025 δαίμων
1207 2956 1393 3023 νήφειν
1434 2954 1787 3023 παρασκευὰ-

245 3053 319 3114 ζει
347 3050 431 3101 καὶ
460 3047 654 3118 μᾶλλον
698 3047 831 3116 πρὸς
892 3045 1020 3097 Θεὸν
1086 3042 1470 3110 καταφεύγειν,
1536 3041 1788 3093 κάκεῖθεν

246 3138 554 3193 ἐπισπᾶσθαι
587 3138 682 3198 τὰς
716 3136 964 3206 βοηθείας
991 3153 1002 3163 ·
1031 3135 1230 3185 καὶτὸν
1256 3131 1692 3201 ὑπερασπισμὸν.
1735 3133 1791 3182 Ὀ

242 3232 340 3302 γὰρ
364 3231 566 3300 βλέπων
602 3231 692 3280 τὸν
733 3227 924 3296 ἐχθρὸν
977 3224 1277 3291 ἐφεστῶτα,
1321 3223 1663 3293 προστρέχει,
1699 3223 1793 3273 καὶ

248 3325 593 3394 συμπλέκεται
643 3321 720 3389 τῷ
781 3320 992 3389 βοηθεῖν
1046 3317 1342 3386 δυναμένῳ.
1389 3316 1543 3369 Οὕτω
1572 3334 1672 3369 που
1702 3319 1794 3370 καὶ

243 3413 306 3464 τὰ
330 3415 490 3480 μικρὰ
528 3409 718 3462 παιδία
759 3407 1021 3459 ποιοῦσιν
1050 3407 1174 3458 ὅταν
1204 3405 1298 3474 μὲν
1336 3405 1419 3475 ἴδῃ
1458 3422 1509 3455 τι
1544 3404 1791 3472 φοϐερὸν,

246 3505 317 3566 εἰς
345 3504 428 3555 τὸν
455 3503 552 3570 τῆς
587 3500 790 3570 μητρῦς
814 3499 1010 3550 κόλπον
1063 3495 1499 3563 καταφεύγοντα,
1551 3496 1644 3548 καὶ
1689 3497 1794 3548 τῶν

247 3594 443 3656 ἐκείνης
510 3591 741 3659 ἱματίων
821 3585 1308 3654 ἐκκρεμασθέντα,
1373 3585 1554 3652 ἔχεται
1619 3585 1795 3637 αὐτῶν

247 3682 504 3750 ἀσφαλῶς,
563 3681 657 3734 καί
707 3697 786 3731 τοι
848 3676 1053 3729 πολλῶν
1101 3675 1463 3727 ἀνθελκόντων
1510 3675 1792 3740 πολλάκις“

247 3774 362 3825 ὅταν
391 3772 443 3824 δὲ
468 3771 628 3840 μηδὲν
643 3771 790 3838 παρῇ
820 3768 923 3820 τῶν
948 3767 1335 3838 θορυϐούντων,
1361 3767 1480 3820 οὐδὲ
1510 3768 1794 3838 καλούσης,

250 3864 332 3913 καὶ
361 3862 717 3929 ὲφελκομένης
746 3859 844 3927 τῆς
875 3857 1072 3927 μητρὸς
1103 3859 1366 3927 ἀνέχεται,
1413 3858 1546 3910 ἀλλὰ
1575 3861 1666 3912 καὶ
1703 3877 1800 3912 κα-

248 3951 427 4004 λοῦσαν
450 3950 692 4005 διαπτύει
724 3949 820 4018 τὴν
846 3949 1074 4018 μητέρα,
1099 3949 1375 4001 καὶπολλὰ
1407 3951 1800 4019 μηχανωμένην

252 4043 374 4111 πρὸς
410 4043 464 4094 τὸ
486 4039 910 4107 ἀορελκύσασθαι,
943 4040 1361 4108 ἀποστρέφεται,
1395 4041 1486 4091 καὶ
1526 4040 1798 4109 τραπέζης

251 4133 492 4202 κειμένης
523 4132 867 4199 καταφρονεῖ.
911 4130 1136 4198 Μητέρα
1168 4130 1226 4181 δέ
1254 4147 1345 4198 μοι
1393 4130 1486 4182 νῦν
1517 4130 1797 4202 φιλόστορ-

252 4238 336 4288 γον
374 4224 566 4291 νοήσῃς
597 4221 695 4289 τὴν
727 4220 818 4272 τοῦ
851 4219 987 4271 Θεοῦ
1013 4219 1284 4290 πρόνοιαν.

491 4313 665 4363 ΣΚῙΓ.
706 4341 773 4349 -
819 4311 1152 4379 ΕΥΣΤΛΘῘῼ
1182 4312 1524 4381 .ΔῙΛΚΟΝῼ.

319 4420 335 4451 ι
366 4403 598 4468 Σίδηρον,
627 4401 789 4468 φησὶν
820 4402 846 4451 6
880 4399 1112 4468 ψαλμὸς,
1155 4400 1424 4470 διῆλθενή
1462 4400 1610 4470 ψυχὴ
1647 4420 1663 4451 ι
1702 4403 1792 4454 τοῦ
1871 4437 1876 4443 -

263 4490 466 4556 Ἰωσήφ.
499 4489 721 4558 Σίδηρον
745 4489 868 4557 ἐμοὶ
898 4488 1044 4540 δοκεῖ
1074 4489 1170 4557 τὴν
1221 4489 1490 4558 ἁμαρτίαν
1546 4490 1797 4559 αἰνιγμα-

254 4580 417 4641 τωδῶς
445 4580 637 4648 λέγων,
667 4582 750 4649 ἐφ’
783 4582 848 4650 ἣν
883 4579 1176 4649 παρεκάλει
1201 4581 1288 4630 τὸν
1312 4581 1474 4647 ἁγνὸν
1499 4581 1711 4633 νεανίαν
1745 4584 1804 4633 τὸ

255 4668 337 4720 τοῦ
372 4669 643 4736 Πετεφροῦ
667 4668 905 4735 γύναιον.
965 4668 1188 4738 Σίδηρος
1227 4669 1334 4738 γὰρ
1371 4669 1580 4737 τέμνων
1609 4669 1803 4738 ψυχὴν,

257 4761 339 4813 καὶ
357 4759 612 4826 φονεύων,
647 4763 681 4829 ἡ
708 4760 949 4829 ἁμαρτία
983 4760 1207 4821 εἰκότως
1242 4759 1307 4812 ἂν
1326 4760 1535 4828 ῥηθείη.

448 4850 616 4904 ΣΚΘ’.
675 4879 722 4889 -
770 4851 1129 4903 ΣΤΡΔΤΙΩΝΙ
1179 4851 1602 4921 ΙΛΛΟΥΣΤΡΙῼ.

318 4941 483 4994 Τοῦτο
508 4941 866 5011 διεστήκαμεν
888 4941 996 4992 τῶν
1014 4941 1276 5003 ἀπίστων,
1301 4941 1360 4992 τὸ
1391 4942 1598 5011 κρίσεις
1615 4944 1806 5013 ἐτέρας

261 5032 342 5082 ἐπὶ
370 5032 476 5084 τῶν
502 5031 835 5100 πραγμάτων
886 5028 1027 5099 ἔχειν
1048 5045 1059 5058 ’
1089 5032 1189 5100 ὁρᾷ
1218 5033 1246 5083 6
1280 5030 1479 5099 Ἕλλην
1516 5033 1606 5084 τὸν
1649 5033 1808 5101 οὐρα·

259 5120 359 5184 νὸν,
393 5119 485 5170 καὶ
516 5119 682 5182 σέϐει,
707 5119 800 5169 καὶ
829 5118 1053 5187 κέχηνεν
1082 5135 1096 5149 ·
1129 5118 1258 5170 Θεὸν
1284 5118 1390 5188 γὰρ
1429 5116 1565 5172 εἶναι
1596 5121 1805 5188 νομίζει

259 5204 341 5261 τὸν
394 5208 643 5279 οὐρανόν.
714 5209 847 5278 Ὁρᾷ
879 5208 1074 5276 Ἕλλην
1111 5209 1208 5277 τὴν
1243 5210 1364 5276 γῆν,
1399 5209 1584 5261 καὶτὰ
1619 5209 1808 5274 ὕδατα,

259 5301 342 5350 καὶ
375 5300 686 5368 προσκυνεῖ,
715 5300 806 5352 καὶ
855 5299 1148 5368 θεραπεύει
1183 5299 1250 5351 τὰ
1313 5299 1625 5369 ἀναίσθητα.
1673 5301 1808 5353 Ἀλλ’

261 5388 346 5455 οὐχ
383 5391 540 5456 ἡμεῖς
577 5387 743 5451 οὕτως
770 5403 783 5415 ’
819 5387 894 5456 μὴ
922 5389 1160 5453 γένοιτο·
1203 5388 1312 5440 ἁλλ’
1350 5391 1562 5458 ὁρῶμεν
1601 5391 1688 5442 τὸν
1719 5393 1809 5443 οὐ-

329 5525 368 5554 υ
399 5522 562 5575 Zach.
619 5538 656 5584 ι,
699 5522 781 5578 l8.
855 5518 1093 5578 "Levii.
1133 5539 1250 5586 xm,
1283 5526 1502 5590 passim.

268 5594 302 5623 "
371 5593 640 5656 I'sal..t'.t\',
678 5592 754 5643 18.
833 5595 872 5623 ⁸⁷
905 5595 1034 5646 Gen.
1075 5614 1246 5661 xxxix,
1285 5599 1330 5646 7.

1579 5527 1623 5558 ²”
1660 5527 1794 5581 Gen.
1851 5541 2044 5590 χχχιιι,
2090 5527 2174 5576 ll.

1884 1801 2002 1854 qua:
2029 1784 2275 1852 possides
2311 1802 2324 1849 ;
2361 1792 2414 1836 et
2444 1798 2507 1836 ex
2535 1784 2602 1838 iis
2632 1786 2815 1852 egenis
2845 1800 2908 1838 ac
2951 1783 3454 1853 pauperibus-mul-

1883 1878 1951 1928 tis
1991 1876 2130 1928 bene
2157 1873 2230 1926 lit.
2265 1872 2329 1926 lit
2358 1873 2487 1926 mihi
2518 1888 2648 1928 sane
2694 1874 3004 1942 complaces
3035 1873 3292 1928 beneficia
3317 1886 3452 1926 con-

1886 1967 2085 2029 l'erens,
2123 1975 2177 2019 et
2220 1965 2356 2022 bene
2384 1966 2522 2034 apud
2575 1967 2713 2019 alios
2744 1966 2994 2029 audiens,
3026 1973 3079 2020 et
3109 1966 3336 2020 humilia
3378 1964 3445 2018 de

1885 2065 1933 2110 te
1964 2059 2231 2111 sentiens.

2021 2140 2782 2196 CCXX\'l.—THEOPHILO
2831 2142 3329 2199 CANCELLARlO.

1952 2231 2414 2296 Quemadmodum
2450 2247 2560 2285 non
2599 2248 2937 2301 qurceunquc
2995 2244 3236 2302 poterat,
3275 2236 3457 2289 omnia

1886 2325 2146 2381 Dominus
2182 2325 2347 2382 Jesus
2376 2328 2801 2396 exsequebatur,
2836 2327 2930 2381 sed
2975 2342 3311 2396 quaecunque
3349 2344 3450 2382 vo-

1887 2415 2026 2467 lebat
2077 2415 2397 2468 admiranda
2455 2416 2776 2470 conﬁciebat
2813 2433 2825 2470 :
2859 2418 3043 2472 eadem
3109 2421 3318 2472 ratione
3351 2432 3459 2472 non

1887 2518 2224 2572 quotcunque
2257 2505 2534 2568 noscebat,
2562 2507 2841 2569 edocebat,
2876 2507 2970 2560 sed
3025 2523 3147 2573 qua:
3204 2525 3306 2562 nos
3349 2508 3462 2562 edi-

1888 2608 2041 2647 scere
2067 2603 2404 2662 poteramus,
2433 2595 2774 2658 cnuntiabat,
2813 2609 3119 2648 sermonem
3157 2597 3453 2666 magisterii

1887 2700 2010 2737 cum
2069 2695 2276 2738 natura:
2346 2685 2722 2738 imbecillitate
2756 2701 3100 2741 mensurans.
3156 2687 3450 2757 Pmpterca

1891 2776 2140 2842 ignorare
2169 2791 2225 2828 se
2245 2776 2412 2838 diem,
2431 2775 2507 2827 ait
2530 2776 2815 2843 discipulis
2849 2779 3084 2830 nondum
3116 2781 3457 2845 perfectis".

2098 2861 2396 2918 CCXXVII.
2434 2891 2501 2900 —-
2533 2862 2826 2918 SlSlNNIO
2866 2864 3274 2922 SPATilARlO.

1960 2951 2219 3020 Afﬂigens
2259 2963 2308 3006 te
2341 2967 2570 3020 nequam
2607 2952 2839 3017 dannon,
2870 2955 3000 3008 facit
3067 2968 3124 3010 nt
3156 2958 3337 3015 sobrie
3375 2978 3461 3015 vt-

1899 3056 2012 3106 vas,
2043 3050 2096 3095 et
2127 3042 2410 3096 ardentius
2443 3041 2506 3093 ad
2530 3042 2696 3096 Deum
2730 3044 3036 3114 confugias,
3091 3046 3323 3117 indeque
3367 3065 3468 3104 au-

1901 3134 2024 3185 xilia
2056 3139 2218 3200 atque
2259 3133 2742 3200 propugnationem
2775 3143 3125 3204 extorqueas.
3172 3137 3274 3204 Qui
3321 3142 3465 3194 enim

1900 3223 2265 3277 imminentem
2293 3223 2660 3278 adversarium
2689 3226 2977 3295 conspicit,
3007 3231 3266 3293 accurrit,
3293 3241 3344 3284 et
3362 3247 3465 3283 una

1898 3329 2019 3366 cum
2049 3328 2134 3377 eo,
2166 3314 2254 3382 qui
2312 3328 2467 3380 opem
2512 3313 2651 3366 ferre
2683 3323 2879 3382 potest,
2912 3319 3118 3372 unitur.
3157 3318 3247 3372 Sic
3297 3321 3463 3373 etiam

1897 3412 1948 3457 et
1979 3401 2212 3455 infantes
2237 3404 2382 3470 pueri
2407 3403 2613 3456 faciunt
2639 3421 2651 3454 :
2684 3406 3156 3460 cutnltorrettdum
3187 3409 3464 3477 quidpiam

1901 3495 2006 3548 illis
2027 3494 2247 3546 obvium
2285 3493 2361 3553 fit,
2417 3495 2484 3546 ad
2543 3494 2735 3549 matris
2802 3496 2984 3549 sinum
3021 3499 3364 3568 confugiunt,
3414 3511 3468 3554 et

1900 3586 2018 3651 ejus
2060 3583 2393 3639 indumentis
2428 3587 2676 3654 appensi,
2716 3588 2964 3651 ﬁrmiter,
2999 3589 3123 3642 licet
3155 3592 3306 3643 multi
3361 3608 3465 3645 sa:-

1900 3675 2023 3742 pius
2052 3673 2178 3732 inde
2213 3689 2306 3728 eos
2341 3675 2588 3738 avellere,
2615 3675 2708 3730 sed
2733 3675 2956 3740 frustra,
3000 3687 3285 3731 conentur.
3330 3677 3464 3732 Cum

1904 3781 2033 3820 vero
2061 3766 2196 3818 nihil
2227 3766 2399 3831 adest,
2459 3768 2604 3836 quod
2651 3782 2745 3822 eos
2781 3768 2980 3832 tut-bet,
3015 3771 3180 3823 etiam
3241 3781 3468 3826 vocante

1903 3869 2074 3913 matre
2101 3869 2152 3912 et
2183 3860 2560 3927 pertraltente,
2615 3861 2927 3930 dili’ugiunt,
2966 3863 3073 3916 into
3113 3879 3229 3917 eam
3264 3878 3467 3917 vocan-

1902 3956 2005 4002 tem
2030 3957 2408 4011 contemnunt,
2447 3959 2499 4002 et
2529 3951 2595 4003 ab
2621 3965 2680 4002 ea
2713 3951 2838 4004 licet
2869 3951 3035 4003 multa
3073 3953 3138 4003 ad
3176 3967 3267 4006 eos
3298 3961 3469 4005 attra-

1903 4039 2108 4093 hendos
2163 4038 2270 4108 85
2331 4041 2792 4102 comtniniscatur,
2830 4050 3168 4104 avertuntur,
3199 4053 3252 4096 et
3305 4045 3467 4096 etiam

1902 4129 2146 4197 apposita
2205 4143 2389 4182 mensa
2442 4136 2814 4182 contemnunt.
2853 4130 3074 4183 Matrem
3107 4144 3286 4185 autent
3322 4148 3468 4187 nunc

1903 4217 2218 4272 benevolam
2250 4217 2340 4270 Dei
2383 4218 2774 4286 providentiam
2825 4217 3176 4272 intellexeris.

2182 4302 2963 4360 CCXXVIIL—ISUSTATIHO
2986 4307 3297 4365 DIACONO.

1975 4415 1990 4446 ι
2020 4394 3025 4463 Ferrtttn,aitpsalmus",pertransivit
3057 4397 3288 4449 animam
3314 4415 3331 4448 ι
3381 4396 3471 4454 Jo-

1899 4489 2047 4553 seph.
2077 4485 2319 4546 Ferrum,
2349 4492 2403 4536 ttt
2445 4486 2570 4538 mihi
2600 4487 3113 4557 videtur,peccalunt
3147 4489 3472 4557 perobscura

1904 4592 2243 4644 nuncupans,
2280 4577 2343 4628 ad
2372 4580 2512 4644 quod
2563 4577 2950 4631 cohortabatur
2981 4587 3189 4632 castum
3219 4581 3468 4649 juvenem

1909 4668 2186 4736 I‘utiphari
2220 4667 2534 4720 ntuliercula
2560 4669 2625 4719 ".
2658 4665 2879 4720 Ferrum
2925 4669 3067 4722 enim
3103 4685 3295 4723 secans
3349 4670 3469 4722 aui-

1913 4775 2051 4813 tnant
2106 4768 2159 4810 et
2199 4758 2498 4818 trucidans,
2536 4768 2817 4826 peccatum
2871 4773 2976 4812 non
3003 4760 3100 4812 abs
3132 4777 3188 4814 re
3236 4760 3464 4815 dixeris.

2073 4848 2250 4902 CCXX
2263 4848 2422 4900 ΙΧ.-
2455 4846 2816 4902 STRATIONI
2843 4849 3219 4902 ILLUSTRIO.

1973 4938 2082 4993 lloc
2110 4953 2207 4991 nos
2244 4938 2310 4990 ab
2345 4937 2651 4991 inﬁdelibus
2678 4937 2982 4991 differimus
3010 4977 3024 4999 ,
3054 4938 3194 5006 quod
3232 4954 3317 4993 res
3367 4939 3471 4993 alio

1905 5042 2065 5099 atque
2095 5032 2198 5098 ipsi
2253 5030 2413 5083 modo
2460 5029 2849 5098 dijudicamus.
2884 5028 3064 5083 Videt-
3092 5031 3310 5098 gentilis
3356 5045 3471 5083 ca:-

1909 5121 2041 5183 lutn,
2076 5127 2128 5172 et
2161 5127 2472 5178 veneratur,
2498 5129 2551 5172 et
2583 5127 2764 5187 stupet
2801 5138 2812 5172 :
2841 5135 2964 5172 nam
2998 5118 3164 5172 Deum
3197 5135 3322 5173 esse
3360 5134 3472 5172 co:-

1919 5208 2025 5260 lutn
2061 5207 2354 5260 existimat.
2411 5205 2568 5259 Videt
2624 5217 2818 5258 terram
2856 5213 2908 5258 et
2939 5220 3127 5273 aquas,
3157 5213 3208 5258 et
3253 5204 3468 5264 adorat,

1919 5300 2190 5366 rebusque
2246 5299 2392 5350 omni
2437 5313 2599 5350 sensu
2657 5296 2932 5350 destitutis
2994 5297 3192 5348 cultum
3229 5292 3470 5347 exhibet.

1916 5389 2024 5444 Nos
2059 5405 2186 5442 vero
2236 5405 2339 5441 non
2377 5389 2469 5439 ita.
2507 5387 2657 5439 Absit
2696 5389 2706 5436 !
2747 5386 2848 5440 Sed
2901 5385 3142 5440 videmus
3175 5386 3394 5448 cmlum,
3421 5392 3474 5437 et

2288 5524 2330 5554 ’⁵
2363 5521 2552 5574 Matth.
2600 5512 2866 5584 κχιι’,’56,
2918 5519 3080 5571 Marc.
3144 5533 3262 5580 χιιι,
3317 5517 3400 5573 52.
