  <div class='ocr_page' id='page_1' title='image "/cluster/home/n/w/nwhite01/storage/ocr_20150623/79/pst.000005712786/091.png"; bbox 0 0 4134 6328; ppageno 0'>
   <div class='ocr_carea' id='block_1_1' title="bbox 815 288 942 374">
    <p class='ocr_par' dir='ltr' id='par_1_1' title="bbox 815 288 942 374">
     <span class='ocr_line' id='line_1_1' title="bbox 815 288 942 374; baseline 0.008 -1"><span class='ocrx_word' id='word_1_1' title='bbox 815 288 942 374; x_wconf 69' lang='lat'><strong>167</strong></span> 
     </span>
    </p>
   </div>
   <div class='ocr_carea' id='block_1_2' title="bbox 2234 334 2490 394">
    <p class='ocr_par' dir='ltr' id='par_1_2' title="bbox 2234 334 2490 394">
     <span class='ocr_line' id='line_1_2' title="bbox 2234 334 2490 394; baseline 0.016 -4"><span class='ocrx_word' id='word_1_2' title='bbox 2234 334 2291 391; x_wconf 91' lang='lat' dir='ltr'><strong>S.</strong></span> <span class='ocrx_word' id='word_1_3' title='bbox 2333 335 2490 394; x_wconf 75' lang='grc' dir='ltr'><strong>ΝΜ</strong></span> 
     </span>
    </p>
   </div>
   <div class='ocr_carea' id='block_1_3' title="bbox 3858 338 3971 402">
    <p class='ocr_par' dir='ltr' id='par_1_3' title="bbox 3858 338 3971 402">
     <span class='ocr_line' id='line_1_3' title="bbox 3858 338 3971 402; baseline 0.027 -2"><span class='ocrx_word' id='word_1_4' title='bbox 3858 338 3971 402; x_wconf 77' lang='grc'><strong>168</strong></span> 
     </span>
    </p>
   </div>
   <div class='ocr_carea' id='block_1_4' title="bbox 839 424 2401 518">
    <p class='ocr_par' dir='ltr' id='par_1_4' title="bbox 839 424 2401 503">
     <span class='ocr_line' id='line_1_4' title="bbox 839 424 2401 503; baseline 0.01 -28"><span class='ocrx_word' id='word_1_5' title='bbox 839 424 1140 478; x_wconf 81' lang='lat' dir='ltr'><strong>Creatorem</strong></span> <span class='ocrx_word' id='word_1_6' title='bbox 1177 427 1532 482; x_wconf 81' lang='lat' dir='ltr'><strong>admiramur:</strong></span> <span class='ocrx_word' id='word_1_7' title='bbox 1560 445 1731 497; x_wconf 86' lang='lat' dir='ltr'><strong>ncqnc</strong></span> <span class='ocrx_word' id='word_1_8' title='bbox 1763 433 1902 485; x_wconf 86' lang='lat' dir='ltr'><strong>enim</strong></span> <span class='ocrx_word' id='word_1_9' title='bbox 1940 434 2100 489; x_wconf 84' lang='lat' dir='ltr'><strong>Deum</strong></span> <span class='ocrx_word' id='word_1_10' title='bbox 2131 438 2343 503; x_wconf 77' lang='lat' dir='ltr'><strong>cmlnm,</strong></span> <span class='ocrx_word' id='word_1_11' title='bbox 2372 446 2401 499; x_wconf 74' lang='grc' dir='ltr'><strong><em>Α</em></strong></span> 
     </span>
    </p>
   </div>
   <div class='ocr_carea' id='block_1_5' title="bbox 2396 424 3972 518">
    <p class='ocr_par' dir='ltr' id='par_1_5' title="bbox 2396 442 3972 518">
     <span class='ocr_line' id='line_1_5' title="bbox 2396 442 3972 518; baseline 0.003 -21"><span class='ocrx_word' id='word_1_12' title='bbox 2396 442 2621 508; x_wconf 69' lang='grc' dir='ltr'><strong>ιρανδν,</strong></span> <span class='ocrx_word' id='word_1_13' title='bbox 2667 445 2757 496; x_wconf 75' lang='grc' dir='ltr'><strong>καί</strong></span> <span class='ocrx_word' id='word_1_14' title='bbox 2807 448 2895 497; x_wconf 71' lang='grc' dir='ltr'><strong>τὸν</strong></span> <span class='ocrx_word' id='word_1_15' title='bbox 2942 446 3262 514; x_wconf 70' lang='grc' dir='ltr'><strong>πεποιηκότα</strong></span> <span class='ocrx_word' id='word_1_16' title='bbox 3320 445 3676 516; x_wconf 73' lang='grc' dir='ltr'><strong>θαυμάζομεν.</strong></span> <span class='ocrx_word' id='word_1_17' title='bbox 3730 448 3805 499; x_wconf 81' lang='grc' dir='ltr'><strong>Οὐ</strong></span> <span class='ocrx_word' id='word_1_18' title='bbox 3852 464 3972 518; x_wconf 86' lang='grc' dir='ltr'><strong>γαρ</strong></span> 
     </span>
    </p>
   </div>
   <div class='ocr_carea' id='block_1_6' title="bbox 838 511 2341 589">
    <p class='ocr_par' dir='ltr' id='par_1_6' title="bbox 838 511 2341 589">
     <span class='ocr_line' id='line_1_6' title="bbox 838 511 2341 589; baseline 0.009 -26"><span class='ocrx_word' id='word_1_19' title='bbox 838 511 927 563; x_wconf 81' lang='lat' dir='ltr'><strong>sed</strong></span> <span class='ocrx_word' id='word_1_20' title='bbox 956 526 1090 578; x_wconf 88' lang='lat' dir='ltr'><strong>opus</strong></span> <span class='ocrx_word' id='word_1_21' title='bbox 1118 511 1212 566; x_wconf 80' lang='lat' dir='ltr'><strong>Dei</strong></span> <span class='ocrx_word' id='word_1_22' title='bbox 1230 530 1349 569; x_wconf 85' lang='lat' dir='ltr'><strong>esse</strong></span> <span class='ocrx_word' id='word_1_23' title='bbox 1370 518 1665 584; x_wconf 82' lang='lat' dir='ltr'><strong>opinamur.</strong></span> <span class='ocrx_word' id='word_1_24' title='bbox 1695 519 1858 574; x_wconf 91' lang='lat' dir='ltr'><strong>Video</strong></span> <span class='ocrx_word' id='word_1_25' title='bbox 1885 522 1997 589; x_wconf 85' lang='lat' dir='ltr'><strong>ipse</strong></span> <span class='ocrx_word' id='word_1_26' title='bbox 2023 535 2341 588; x_wconf 88' lang='lat' dir='ltr'><strong>creaturam,</strong></span> 
     </span>
    </p>
   </div>
   <div class='ocr_carea' id='block_1_7' title="bbox 835 597 2347 668">
    <p class='ocr_par' dir='ltr' id='par_1_7' title="bbox 835 597 2347 668">
     <span class='ocr_line' id='line_1_7' title="bbox 835 597 2347 668; baseline 0.013 -21"><span class='ocrx_word' id='word_1_27' title='bbox 835 605 888 647; x_wconf 86' lang='lat' dir='ltr'><strong>et</strong></span> <span class='ocrx_word' id='word_1_28' title='bbox 916 612 1011 664; x_wconf 88' lang='lat' dir='ltr'><strong>per</strong></span> <span class='ocrx_word' id='word_1_29' title='bbox 1033 614 1148 652; x_wconf 84' lang='lat' dir='ltr'><strong>eam</strong></span> <span class='ocrx_word' id='word_1_30' title='bbox 1176 603 1327 668; x_wconf 88' lang='lat' dir='ltr'><strong>quasi</strong></span> <span class='ocrx_word' id='word_1_31' title='bbox 1355 603 1687 659; x_wconf 89' lang='lat' dir='ltr'><strong>manuducor</strong></span> <span class='ocrx_word' id='word_1_32' title='bbox 1709 597 1774 661; x_wconf 82' lang='lat' dir='ltr'><strong>ad</strong></span> <span class='ocrx_word' id='word_1_33' title='bbox 1794 608 2158 664; x_wconf 73' lang='lat' dir='ltr'><strong>Conditorem.</strong></span> <span class='ocrx_word' id='word_1_34' title='bbox 2192 611 2347 666; x_wconf 88' lang='lat' dir='ltr'><strong>Videt</strong></span> 
     </span>
    </p>
   </div>
   <div class='ocr_carea' id='block_1_8' title="bbox 834 682 2345 784">
    <p class='ocr_par' dir='ltr' id='par_1_8' title="bbox 834 682 2345 784">
     <span class='ocr_line' id='line_1_8' title="bbox 834 682 2345 784; baseline 0.015 -51"><span class='ocrx_word' id='word_1_35' title='bbox 834 682 1049 740; x_wconf 85' lang='lat' dir='ltr'><strong>divitias</strong></span> <span class='ocrx_word' id='word_1_36' title='bbox 1081 689 1315 753; x_wconf 75' lang='lat' dir='ltr'><strong>gentilis,</strong></span> <span class='ocrx_word' id='word_1_37' title='bbox 1350 700 1403 742; x_wconf 88' lang='lat' dir='ltr'><strong>et</strong></span> <span class='ocrx_word' id='word_1_38' title='bbox 1430 691 1779 748; x_wconf 85' lang='lat' dir='ltr'><strong>admiratione</strong></span> <span class='ocrx_word' id='word_1_39' title='bbox 1808 706 2006 776; x_wconf 78' lang='lat' dir='ltr'><strong>stupet.</strong></span> <span class='ocrx_word' id='word_1_40' title='bbox 2040 697 2207 753; x_wconf 80' lang='lat' dir='ltr'><strong>Video</strong></span> <span class='ocrx_word' id='word_1_41' title='bbox 2230 699 2345 784; x_wconf 80' lang='lat' dir='ltr'><strong>ipse</strong></span> 
     </span>
    </p>
   </div>
   <div class='ocr_carea' id='block_1_9' title="bbox 833 769 2347 846">
    <p class='ocr_par' dir='ltr' id='par_1_9' title="bbox 833 769 2347 846">
     <span class='ocr_line' id='line_1_9' title="bbox 833 769 2347 846; baseline 0.015 -25"><span class='ocrx_word' id='word_1_42' title='bbox 833 769 1066 845; x_wconf 72' lang='lat' dir='ltr'><strong>divitias,</strong></span> <span class='ocrx_word' id='word_1_43' title='bbox 1110 775 1281 843; x_wconf 88' lang='lat' dir='ltr'><strong>iisque</strong></span> <span class='ocrx_word' id='word_1_44' title='bbox 1324 780 1599 846; x_wconf 79' lang='lat' dir='ltr'><strong>neglectis,</strong></span> <span class='ocrx_word' id='word_1_45' title='bbox 1640 771 1817 835; x_wconf 65' lang='lat' dir='ltr'><strong>risum~</strong></span> <span class='ocrx_word' id='word_1_46' title='bbox 1847 786 2029 838; x_wconf 77' lang='lat' dir='ltr'><strong>extuli.</strong></span> <span class='ocrx_word' id='word_1_47' title='bbox 2067 786 2213 841; x_wconf 83' lang='lat' dir='ltr'><strong>Videt</strong></span> <span class='ocrx_word' id='word_1_48' title='bbox 2256 772 2347 843; x_wconf 79' lang='lat' dir='ltr'><strong>ille</strong></span> 
     </span>
    </p>
   </div>
   <div class='ocr_carea' id='block_1_10' title="bbox 833 852 2347 943">
    <p class='ocr_par' dir='ltr' id='par_1_10' title="bbox 833 852 2347 943">
     <span class='ocr_line' id='line_1_10' title="bbox 833 852 2347 943; baseline 0.015 -37"><span class='ocrx_word' id='word_1_49' title='bbox 833 852 1167 926; x_wconf 71' lang='lat' dir='ltr'><strong>pauperiem,</strong></span> <span class='ocrx_word' id='word_1_50' title='bbox 1188 871 1243 929; x_wconf 82' lang='lat' dir='ltr'><strong>et</strong></span> <span class='ocrx_word' id='word_1_51' title='bbox 1306 854 1681 931; x_wconf 79' lang='lat' dir='ltr'><strong>pertimescens</strong></span> <span class='ocrx_word' id='word_1_52' title='bbox 1730 870 1977 936; x_wconf 88' lang='lat' dir='ltr'><strong>ejnlatur.</strong></span> <span class='ocrx_word' id='word_1_53' title='bbox 2008 870 2175 927; x_wconf 87' lang='lat' dir='ltr'><strong>Video</strong></span> <span class='ocrx_word' id='word_1_54' title='bbox 2232 875 2347 943; x_wconf 86' lang='lat' dir='ltr'><strong>ipse</strong></span> 
     </span>
    </p>
   </div>
   <div class='ocr_carea' id='block_1_11' title="bbox 832 947 2345 1041">
    <p class='ocr_par' dir='ltr' id='par_1_11' title="bbox 832 947 2345 1041">
     <span class='ocr_line' id='line_1_11' title="bbox 832 947 2345 1041; baseline 0.015 -50"><span class='ocrx_word' id='word_1_55' title='bbox 832 947 1157 1011; x_wconf 73' lang='lat' dir='ltr'><strong>pauperiem,</strong></span> <span class='ocrx_word' id='word_1_56' title='bbox 1183 958 1235 1003; x_wconf 87' lang='lat' dir='ltr'><strong>ct</strong></span> <span class='ocrx_word' id='word_1_57' title='bbox 1273 951 1541 1015; x_wconf 91' lang='lat' dir='ltr'><strong>subsulto,</strong></span> <span class='ocrx_word' id='word_1_58' title='bbox 1566 963 1616 1006; x_wconf 89' lang='lat' dir='ltr'><strong>et</strong></span> <span class='ocrx_word' id='word_1_59' title='bbox 1646 956 1871 1027; x_wconf 84' lang='lat' dir='ltr'><strong>gaudeo,</strong></span> <span class='ocrx_word' id='word_1_60' title='bbox 1907 960 2157 1013; x_wconf 73' lang='lat' dir='ltr'><strong>virtutem</strong></span> <span class='ocrx_word' id='word_1_61' title='bbox 2191 976 2345 1041; x_wconf 67' lang='lat' dir='ltr'><strong>veras</strong></span> 
     </span>
    </p>
   </div>
   <div class='ocr_carea' id='block_1_12' title="bbox 828 1028 2347 1114">
    <p class='ocr_par' dir='ltr' id='par_1_12' title="bbox 828 1028 2347 1114">
     <span class='ocr_line' id='line_1_12' title="bbox 828 1028 2347 1114; baseline 0.014 -35"><span class='ocrx_word' id='word_1_62' title='bbox 828 1028 1039 1084; x_wconf 75' lang='lat' dir='ltr'><strong>divitias</strong></span> <span class='ocrx_word' id='word_1_63' title='bbox 1098 1049 1216 1087; x_wconf 87' lang='lat' dir='ltr'><strong>csse</strong></span> <span class='ocrx_word' id='word_1_64' title='bbox 1260 1037 1594 1092; x_wconf 77' lang='lat' dir='ltr'><strong>existimans.</strong></span> <span class='ocrx_word' id='word_1_65' title='bbox 1622 1040 1740 1091; x_wconf 83' lang='lat' dir='ltr'><strong>Alia</strong></span> <span class='ocrx_word' id='word_1_66' title='bbox 1782 1042 1962 1109; x_wconf 88' lang='lat' dir='ltr'><strong>itaque</strong></span> <span class='ocrx_word' id='word_1_67' title='bbox 1997 1044 2221 1107; x_wconf 84' lang='lat' dir='ltr'><strong>ratione,</strong></span> <span class='ocrx_word' id='word_1_68' title='bbox 2254 1029 2347 1114; x_wconf 71' lang='lat' dir='ltr'><strong>qui</strong></span> 
     </span>
    </p>
   </div>
   <div class='ocr_carea' id='block_1_13' title="bbox 826 1105 2343 1193">
    <p class='ocr_par' dir='ltr' id='par_1_13' title="bbox 826 1105 2343 1193">
     <span class='ocr_line' id='line_1_13' title="bbox 826 1105 2343 1193; baseline 0.017 -26"><span class='ocrx_word' id='word_1_69' title='bbox 826 1105 1036 1172; x_wconf 70' lang='lat' dir='ltr'><strong>Christo</strong></span> <span class='ocrx_word' id='word_1_70' title='bbox 1069 1121 1266 1175; x_wconf 89' lang='lat' dir='ltr'><strong>addicti</strong></span> <span class='ocrx_word' id='word_1_71' title='bbox 1316 1133 1454 1178; x_wconf 85' lang='lat' dir='ltr'><strong>sunt.</strong></span> <span class='ocrx_word' id='word_1_72' title='bbox 1490 1141 1578 1181; x_wconf 89' lang='lat' dir='ltr'><strong>res</strong></span> <span class='ocrx_word' id='word_1_73' title='bbox 1628 1127 1834 1193; x_wconf 84' lang='lat' dir='ltr'><strong>vident,</strong></span> <span class='ocrx_word' id='word_1_74' title='bbox 1868 1105 1932 1184; x_wconf 78' lang='lat' dir='ltr'><strong>et</strong></span> <span class='ocrx_word' id='word_1_75' title='bbox 1950 1132 2054 1186; x_wconf 86' lang='lat' dir='ltr'><strong>alia</strong></span> <span class='ocrx_word' id='word_1_76' title='bbox 2085 1137 2343 1192; x_wconf 78' lang='lat' dir='ltr'><strong>vecordes</strong></span> 
     </span>
    </p>
   </div>
   <div class='ocr_carea' id='block_1_14' title="bbox 825 1204 1353 1278">
    <p class='ocr_par' dir='ltr' id='par_1_14' title="bbox 825 1204 1353 1278">
     <span class='ocr_line' id='line_1_14' title="bbox 825 1204 1353 1278; baseline 0.017 -22"><span class='ocrx_word' id='word_1_77' title='bbox 825 1204 1066 1270; x_wconf 76' lang='lat' dir='ltr'><strong>gentiles.</strong></span> <span class='ocrx_word' id='word_1_78' title='bbox 1109 1269 1115 1278; x_wconf 31' lang='grc' dir='ltr'><strong>ι</strong></span> <span class='ocrx_word' id='word_1_79' title='bbox 1350 1214 1353 1217; x_wconf 86' lang='grc'><em>’</em></span> 
     </span>
    </p>
   </div>
   <div class='ocr_carea' id='block_1_15' title="bbox 1159 1371 2069 1440">
    <p class='ocr_par' dir='ltr' id='par_1_15' title="bbox 1159 1371 2069 1440">
     <span class='ocr_line' id='line_1_15' title="bbox 1159 1371 2069 1440; baseline 0.019 -18"><span class='ocrx_word' id='word_1_80' title='bbox 1159 1371 1268 1440; x_wconf 75' lang='lat'><strong>86</strong></span> <span class='ocrx_word' id='word_1_81' title='bbox 1295 1372 1611 1429; x_wconf 72' lang='lat' dir='ltr'><strong>CCXXl.-—</strong></span> <span class='ocrx_word' id='word_1_82' title='bbox 1629 1377 2069 1439; x_wconf 78' lang='lat' dir='ltr'><strong>ZEPHYRlANO.</strong></span> 
     </span>
    </p>
   </div>
   <div class='ocr_carea' id='block_1_16' title="bbox 892 1453 2339 1533">
    <p class='ocr_par' dir='ltr' id='par_1_16' title="bbox 892 1453 2339 1533">
     <span class='ocr_line' id='line_1_16' title="bbox 892 1453 2339 1533; baseline 0.016 -27"><span class='ocrx_word' id='word_1_83' title='bbox 892 1453 1071 1522; x_wconf 85' lang='lat' dir='ltr'><strong>Neque</strong></span> <span class='ocrx_word' id='word_1_84' title='bbox 1114 1458 1438 1515; x_wconf 90' lang='lat' dir='ltr'><strong>multitudini</strong></span> <span class='ocrx_word' id='word_1_85' title='bbox 1467 1466 1799 1533; x_wconf 79' lang='lat' dir='ltr'><strong>egregiorum</strong></span> <span class='ocrx_word' id='word_1_86' title='bbox 1833 1468 2131 1524; x_wconf 76' lang='lat' dir='ltr'><strong>{acinorum</strong></span> <span class='ocrx_word' id='word_1_87' title='bbox 2179 1473 2339 1528; x_wconf 76' lang='lat' dir='ltr'><strong>[iden-</strong></span> 
     </span>
    </p>
   </div>
   <div class='ocr_carea' id='block_1_17' title="bbox 818 1540 2337 1627">
    <p class='ocr_par' dir='ltr' id='par_1_17' title="bbox 818 1540 2337 1627">
     <span class='ocr_line' id='line_1_17' title="bbox 818 1540 2337 1627; baseline 0.018 -36"><span class='ocrx_word' id='word_1_88' title='bbox 818 1540 941 1592; x_wconf 87' lang='lat' dir='ltr'><strong>dum</strong></span> <span class='ocrx_word' id='word_1_89' title='bbox 958 1550 1059 1604; x_wconf 90' lang='lat' dir='ltr'><strong>est,</strong></span> <span class='ocrx_word' id='word_1_90' title='bbox 1075 1558 1243 1612; x_wconf 76' lang='lat' dir='ltr'><strong>neque</strong></span> <span class='ocrx_word' id='word_1_91' title='bbox 1266 1556 1481 1616; x_wconf 85' lang='lat' dir='ltr'><strong>propter</strong></span> <span class='ocrx_word' id='word_1_92' title='bbox 1494 1561 1667 1605; x_wconf 85' lang='lat' dir='ltr'><strong>errata</strong></span> <span class='ocrx_word' id='word_1_93' title='bbox 1684 1555 1891 1610; x_wconf 87' lang='lat' dir='ltr'><strong>animus</strong></span> <span class='ocrx_word' id='word_1_94' title='bbox 1908 1556 2337 1627; x_wconf 86' lang='lat' dir='ltr'><strong>despondendus.</strong></span> 
     </span>
    </p>
   </div>
   <div class='ocr_carea' id='block_1_18' title="bbox 809 1620 2339 1712">
    <p class='ocr_par' dir='ltr' id='par_1_18' title="bbox 809 1620 2339 1712">
     <span class='ocr_line' id='line_1_18' title="bbox 809 1620 2339 1712; baseline 0.02 -40"><span class='ocrx_word' id='word_1_95' title='bbox 809 1620 1051 1694; x_wconf 85' lang='lat' dir='ltr'><strong>Namque</strong></span> <span class='ocrx_word' id='word_1_96' title='bbox 1077 1628 1376 1687; x_wconf 67' lang='lat' dir='ltr'><strong>Pliarisaaus</strong></span> <span class='ocrx_word' id='word_1_97' title='bbox 1418 1633 1573 1691; x_wconf 84' lang='lat' dir='ltr'><strong>bonis</strong></span> <span class='ocrx_word' id='word_1_98' title='bbox 1601 1639 1715 1692; x_wconf 87' lang='lat' dir='ltr'><strong>suis</strong></span> <span class='ocrx_word' id='word_1_99' title='bbox 1762 1645 2013 1710; x_wconf 80' lang='lat' dir='ltr'><strong>Operihus</strong></span> <span class='ocrx_word' id='word_1_100' title='bbox 2036 1647 2238 1712; x_wconf 69' lang='lat' dir='ltr'><strong>ﬁdens,</strong></span> <span class='ocrx_word' id='word_1_101' title='bbox 2273 1665 2339 1703; x_wconf 64' lang='lat' dir='ltr'><strong>es</strong></span> 
     </span>
    </p>
   </div>
   <div class='ocr_carea' id='block_1_19' title="bbox 814 1709 2401 1799">
    <p class='ocr_par' dir='ltr' id='par_1_19' title="bbox 814 1709 2401 1799">
     <span class='ocr_line' id='line_1_19' title="bbox 814 1709 2401 1799; baseline 0.021 -39"><span class='ocrx_word' id='word_1_102' title='bbox 814 1709 927 1779; x_wconf 85' lang='lat' dir='ltr'><strong>ipsa</strong></span> <span class='ocrx_word' id='word_1_103' title='bbox 955 1716 1170 1772; x_wconf 88' lang='lat' dir='ltr'><strong>virtutis</strong></span> <span class='ocrx_word' id='word_1_104' title='bbox 1192 1720 1517 1778; x_wconf 84' lang='lat' dir='ltr'><strong>sublimitate</strong></span> <span class='ocrx_word' id='word_1_105' title='bbox 1544 1728 1770 1790; x_wconf 88' lang='lat' dir='ltr'><strong>corruit,</strong></span> <span class='ocrx_word' id='word_1_106' title='bbox 1799 1709 1857 1783; x_wconf 88' lang='lat' dir='ltr'><strong>et</strong></span> <span class='ocrx_word' id='word_1_107' title='bbox 1886 1732 2203 1799; x_wconf 76' lang='lat' dir='ltr'><strong>publicanus</strong></span> <span class='ocrx_word' id='word_1_108' title='bbox 2225 1709 2328 1792; x_wconf 84' lang='lat' dir='ltr'><strong>non</strong></span> <span class='ocrx_word' id='word_1_109' title='bbox 2361 1732 2401 1787; x_wconf 79' lang='grc' dir='ltr'><strong>Β</strong></span> 
     </span>
    </p>
   </div>
   <div class='ocr_carea' id='block_1_20' title="bbox 810 1802 2336 1891">
    <p class='ocr_par' dir='ltr' id='par_1_20' title="bbox 810 1802 2336 1891">
     <span class='ocr_line' id='line_1_20' title="bbox 810 1802 2336 1891; baseline 0.019 -38"><span class='ocrx_word' id='word_1_110' title='bbox 810 1804 1100 1877; x_wconf 81' lang='lat' dir='ltr'><strong>desperans</strong></span> <span class='ocrx_word' id='word_1_111' title='bbox 1130 1807 1183 1859; x_wconf 92' lang='lat' dir='ltr'><strong>in</strong></span> <span class='ocrx_word' id='word_1_112' title='bbox 1218 1815 1422 1863; x_wconf 85' lang='lat' dir='ltr'><strong>tantum</strong></span> <span class='ocrx_word' id='word_1_113' title='bbox 1463 1802 1701 1869; x_wconf 85' lang='lat' dir='ltr'><strong>elevatus</strong></span> <span class='ocrx_word' id='word_1_114' title='bbox 1724 1826 1825 1884; x_wconf 90' lang='lat' dir='ltr'><strong>est,</strong></span> <span class='ocrx_word' id='word_1_115' title='bbox 1862 1827 1922 1871; x_wconf 92' lang='lat' dir='ltr'><strong>ut</strong></span> <span class='ocrx_word' id='word_1_116' title='bbox 1949 1822 2134 1876; x_wconf 80' lang='lat' dir='ltr'><strong>virtuti</strong></span> <span class='ocrx_word' id='word_1_117' title='bbox 2185 1817 2336 1891; x_wconf 82' lang='lat' dir='ltr'><strong>dedi-</strong></span> 
     </span>
    </p>
   </div>
   <div class='ocr_carea' id='block_1_21' title="bbox 809 1891 2196 1977">
    <p class='ocr_par' dir='ltr' id='par_1_21' title="bbox 809 1891 2196 1977">
     <span class='ocr_line' id='line_1_21' title="bbox 809 1891 2196 1977; baseline 0.018 -38"><span class='ocrx_word' id='word_1_118' title='bbox 809 1898 919 1941; x_wconf 88' lang='lat' dir='ltr'><strong>tum</strong></span> <span class='ocrx_word' id='word_1_119' title='bbox 941 1891 1263 1947; x_wconf 73' lang='lat' dir='ltr'><strong>Pharisaeum</strong></span> <span class='ocrx_word' id='word_1_120' title='bbox 1289 1898 1466 1952; x_wconf 89' lang='lat' dir='ltr'><strong>divina</strong></span> <span class='ocrx_word' id='word_1_121' title='bbox 1496 1906 1757 1958; x_wconf 83' lang='lat' dir='ltr'><strong>sententia</strong></span> <span class='ocrx_word' id='word_1_122' title='bbox 1781 1912 2113 1977; x_wconf 80' lang='lat' dir='ltr'><strong>superaverit</strong></span> <span class='ocrx_word' id='word_1_123' title='bbox 2131 1914 2196 1964; x_wconf 77' lang='grc'><strong>³⁸.</strong></span> 
     </span>
    </p>
   </div>
   <div class='ocr_carea' id='block_1_22' title="bbox 1006 2062 2125 2155">
    <p class='ocr_par' dir='ltr' id='par_1_22' title="bbox 1006 2062 2125 2155">
     <span class='ocr_line' id='line_1_22' title="bbox 1006 2062 2125 2155; baseline 0.022 -41"><span class='ocrx_word' id='word_1_124' title='bbox 1006 2062 1347 2119; x_wconf 78' lang='lat' dir='ltr'><strong>CCXXXI.—</strong></span> <span class='ocrx_word' id='word_1_125' title='bbox 1363 2068 1697 2130; x_wconf 76' lang='lat' dir='ltr'><strong>NlCARETO</strong></span> <span class='ocrx_word' id='word_1_126' title='bbox 1723 2076 2125 2155; x_wconf 34' lang='lat' dir='ltr'><strong>SCRINIAR‘IO.</strong></span> 
     </span>
    </p>
   </div>
   <div class='ocr_carea' id='block_1_23' title="bbox 872 2146 2336 2235">
    <p class='ocr_par' dir='ltr' id='par_1_23' title="bbox 872 2146 2336 2235">
     <span class='ocr_line' id='line_1_23' title="bbox 872 2146 2336 2235; baseline 0.023 -35"><span class='ocrx_word' id='word_1_127' title='bbox 872 2146 1328 2211; x_wconf 83' lang='lat' dir='ltr'><strong>Quemadmodum</strong></span> <span class='ocrx_word' id='word_1_128' title='bbox 1348 2162 1479 2213; x_wconf 86' lang='lat' dir='ltr'><strong>mari</strong></span> <span class='ocrx_word' id='word_1_129' title='bbox 1502 2162 1555 2215; x_wconf 91' lang='lat' dir='ltr'><strong>in</strong></span> <span class='ocrx_word' id='word_1_130' title='bbox 1587 2164 1749 2219; x_wconf 90' lang='lat' dir='ltr'><strong>altum</strong></span> <span class='ocrx_word' id='word_1_131' title='bbox 1780 2148 2067 2235; x_wconf 77' lang='lat' dir='ltr'><strong>sublato,et</strong></span> <span class='ocrx_word' id='word_1_132' title='bbox 2088 2175 2336 2233; x_wconf 76' lang='lat' dir='ltr'><strong>ﬂuctibus</strong></span> 
     </span>
    </p>
   </div>
   <div class='ocr_carea' id='block_1_24' title="bbox 803 2235 2333 2332">
    <p class='ocr_par' dir='ltr' id='par_1_24' title="bbox 803 2235 2333 2332">
     <span class='ocr_line' id='line_1_24' title="bbox 803 2235 2333 2332; baseline 0.021 -45"><span class='ocrx_word' id='word_1_133' title='bbox 803 2235 1039 2304; x_wconf 85' lang='lat' dir='ltr'><strong>undique</strong></span> <span class='ocrx_word' id='word_1_134' title='bbox 1068 2254 1187 2296; x_wconf 83' lang='lat' dir='ltr'><strong>sese</strong></span> <span class='ocrx_word' id='word_1_135' title='bbox 1216 2247 1583 2305; x_wconf 89' lang='lat' dir='ltr'><strong>attollenlihus</strong></span> <span class='ocrx_word' id='word_1_136' title='bbox 1636 2257 1879 2311; x_wconf 83' lang='lat' dir='ltr'><strong>navicula</strong></span> <span class='ocrx_word' id='word_1_137' title='bbox 1932 2261 2333 2332; x_wconf 85' lang='lat' dir='ltr'><strong>submergitur;</strong></span> 
     </span>
    </p>
   </div>
   <div class='ocr_carea' id='block_1_25' title="bbox 803 2326 2331 2416">
    <p class='ocr_par' dir='ltr' id='par_1_25' title="bbox 803 2326 2331 2416">
     <span class='ocr_line' id='line_1_25' title="bbox 803 2326 2331 2416; baseline 0.02 -39"><span class='ocrx_word' id='word_1_138' title='bbox 803 2326 883 2378; x_wconf 88' lang='lat' dir='ltr'><strong>sic</strong></span> <span class='ocrx_word' id='word_1_139' title='bbox 904 2334 956 2381; x_wconf 92' lang='lat' dir='ltr'><strong>et</strong></span> <span class='ocrx_word' id='word_1_140' title='bbox 985 2330 1160 2383; x_wconf 87' lang='lat' dir='ltr'><strong>anima</strong></span> <span class='ocrx_word' id='word_1_141' title='bbox 1193 2334 1409 2388; x_wconf 88' lang='lat' dir='ltr'><strong>tristitia</strong></span> <span class='ocrx_word' id='word_1_142' title='bbox 1463 2352 1580 2390; x_wconf 86' lang='lat' dir='ltr'><strong>eam</strong></span> <span class='ocrx_word' id='word_1_143' title='bbox 1613 2342 1847 2410; x_wconf 89' lang='lat' dir='ltr'><strong>undique</strong></span> <span class='ocrx_word' id='word_1_144' title='bbox 1896 2326 2331 2416; x_wconf 37' lang='lat' dir='ltr'><strong>cingente‘nulla</strong></span> 
     </span>
    </p>
   </div>
   <div class='ocr_carea' id='block_1_26' title="bbox 804 2412 2324 2505">
    <p class='ocr_par' dir='ltr' id='par_1_26' title="bbox 804 2412 2324 2505">
     <span class='ocr_line' id='line_1_26' title="bbox 804 2412 2324 2505; baseline 0.02 -41"><span class='ocrx_word' id='word_1_145' title='bbox 804 2412 1118 2482; x_wconf 88' lang='lat' dir='ltr'><strong>interposita</strong></span> <span class='ocrx_word' id='word_1_146' title='bbox 1145 2432 1292 2473; x_wconf 86' lang='lat' dir='ltr'><strong>mora</strong></span> <span class='ocrx_word' id='word_1_147' title='bbox 1332 2424 1651 2489; x_wconf 78' lang='lat' dir='ltr'><strong>suffocatur,</strong></span> <span class='ocrx_word' id='word_1_148' title='bbox 1686 2430 1730 2484; x_wconf 88' lang='lat' dir='ltr'><strong>si</strong></span> <span class='ocrx_word' id='word_1_149' title='bbox 1765 2435 1968 2487; x_wconf 91' lang='lat' dir='ltr'><strong>nullum</strong></span> <span class='ocrx_word' id='word_1_150' title='bbox 1991 2412 2324 2505; x_wconf 33' lang='lat' dir='ltr'><strong>‘oﬂ&#39;enderit,</strong></span> 
     </span>
    </p>
   </div>
   <div class='ocr_carea' id='block_1_27' title="bbox 792 2502 2326 2595">
    <p class='ocr_par' dir='ltr' id='par_1_27' title="bbox 792 2502 2326 2595">
     <span class='ocr_line' id='line_1_27' title="bbox 792 2502 2326 2595; baseline 0.02 -42"><span class='ocrx_word' id='word_1_151' title='bbox 792 2502 888 2569; x_wconf 83' lang='lat' dir='ltr'><strong>qui</strong></span> <span class='ocrx_word' id='word_1_152' title='bbox 915 2505 962 2557; x_wconf 89' lang='lat' dir='ltr'><strong>ei</strong></span> <span class='ocrx_word' id='word_1_153' title='bbox 997 2505 1209 2561; x_wconf 87' lang='lat' dir='ltr'><strong>interim</strong></span> <span class='ocrx_word' id='word_1_154' title='bbox 1261 2524 1477 2579; x_wconf 87' lang='lat' dir='ltr'><strong>operam</strong></span> <span class='ocrx_word' id='word_1_155' title='bbox 1535 2516 1876 2584; x_wconf 88' lang='lat' dir='ltr'><strong>adjutahilem</strong></span> <span class='ocrx_word' id='word_1_156' title='bbox 1927 2528 2206 2595; x_wconf 81' lang='lat' dir='ltr'><strong>porrigat,</strong></span> <span class='ocrx_word' id='word_1_157' title='bbox 2272 2502 2326 2586; x_wconf 83' lang='lat' dir='ltr'><strong>et</strong></span> 
     </span>
    </p>
   </div>
   <div class='ocr_carea' id='block_1_28' title="bbox 794 2592 2028 2655">
    <p class='ocr_par' dir='ltr' id='par_1_28' title="bbox 794 2592 2028 2655">
     <span class='ocr_line' id='line_1_28' title="bbox 794 2592 2028 2655; baseline 0.02 -14"><span class='ocrx_word' id='word_1_158' title='bbox 794 2592 1123 2646; x_wconf 80' lang='lat' dir='ltr'><strong>consoletur.</strong></span> <span class='ocrx_word' id='word_1_159' title='bbox 1490 2650 1493 2655; x_wconf 81' lang='lat'><strong>.</strong></span> <span class='ocrx_word' id='word_1_160' title='bbox 2022 2639 2028 2645; x_wconf 85' lang='lat'><strong>~</strong></span> 
     </span>
    </p>
   </div>
   <div class='ocr_carea' id='block_1_29' title="bbox 793 2675 2327 2759">
    <p class='ocr_par' dir='ltr' id='par_1_29' title="bbox 793 2675 2327 2759">
     <span class='ocr_line' id='line_1_29' title="bbox 793 2675 2327 2759; baseline 0.022 -33"><span class='ocrx_word' id='word_1_161' title='bbox 793 2675 1495 2742; x_wconf 77' lang='lat' dir='ltr'><strong>CCXXXll.—MONACHIS</strong></span> <span class='ocrx_word' id='word_1_162' title='bbox 1526 2690 1593 2743; x_wconf 86' lang='lat' dir='ltr'><strong>IN</strong></span> <span class='ocrx_word' id='word_1_163' title='bbox 1619 2693 1852 2749; x_wconf 81' lang='lat' dir='ltr'><strong>ClLlClA</strong></span> <span class='ocrx_word' id='word_1_164' title='bbox 1890 2697 2327 2759; x_wconf 75' lang='lat' dir='ltr'><strong>DEGENTIBUS-</strong></span> 
     </span>
    </p>
   </div>
   <div class='ocr_carea' id='block_1_30' title="bbox 857 2762 2329 2849">
    <p class='ocr_par' dir='ltr' id='par_1_30' title="bbox 857 2762 2329 2849">
     <span class='ocr_line' id='line_1_30' title="bbox 857 2762 2329 2849; baseline 0.022 -32"><span class='ocrx_word' id='word_1_165' title='bbox 857 2762 975 2819; x_wconf 83' lang='lat' dir='ltr'><strong>Non</strong></span> <span class='ocrx_word' id='word_1_166' title='bbox 1003 2771 1301 2838; x_wconf 82' lang='lat' dir='ltr'><strong>mediocris,</strong></span> <span class='ocrx_word' id='word_1_167' title='bbox 1332 2779 1424 2830; x_wconf 85' lang='lat' dir='ltr'><strong>sed</strong></span> <span class='ocrx_word' id='word_1_168' title='bbox 1476 2783 1702 2835; x_wconf 82' lang='lat' dir='ltr'><strong>maxima</strong></span> <span class='ocrx_word' id='word_1_169' title='bbox 1731 2787 1886 2841; x_wconf 89' lang='lat' dir='ltr'><strong>nobis</strong></span> <span class='ocrx_word' id='word_1_170' title='bbox 1929 2789 2109 2845; x_wconf 77' lang='lat' dir='ltr'><strong>hrtitia</strong></span> <span class='ocrx_word' id='word_1_171' title='bbox 2143 2796 2329 2849; x_wconf 88' lang='lat' dir='ltr'><strong>oborta</strong></span> 
     </span>
    </p>
   </div>
   <div class='ocr_carea' id='block_1_31' title="bbox 787 2861 2329 2939">
    <p class='ocr_par' dir='ltr' id='par_1_31' title="bbox 787 2861 2329 2939">
     <span class='ocr_line' id='line_1_31' title="bbox 787 2861 2329 2939; baseline 0.021 -33"><span class='ocrx_word' id='word_1_172' title='bbox 787 2861 892 2917; x_wconf 78' lang='lat' dir='ltr'><strong>est,</strong></span> <span class='ocrx_word' id='word_1_173' title='bbox 939 2870 1061 2908; x_wconf 89' lang='lat' dir='ltr'><strong>cum</strong></span> <span class='ocrx_word' id='word_1_174' title='bbox 1097 2861 1371 2927; x_wconf 86' lang='lat' dir='ltr'><strong>piissimus</strong></span> <span class='ocrx_word' id='word_1_175' title='bbox 1400 2871 1679 2937; x_wconf 78' lang='lat' dir='ltr'><strong>presbyter</strong></span> <span class='ocrx_word' id='word_1_176' title='bbox 1702 2872 1939 2930; x_wconf 80' lang='lat' dir='ltr'><strong>Marinus</strong></span> <span class='ocrx_word' id='word_1_177' title='bbox 1995 2894 2082 2933; x_wconf 89' lang='lat' dir='ltr'><strong>res</strong></span> <span class='ocrx_word' id='word_1_178' title='bbox 2126 2892 2329 2939; x_wconf 85' lang='lat' dir='ltr'><strong>vestras</strong></span> 
     </span>
    </p>
   </div>
   <div class='ocr_carea' id='block_1_32' title="bbox 789 2942 2327 3037">
    <p class='ocr_par' dir='ltr' id='par_1_32' title="bbox 789 2942 2327 3037">
     <span class='ocr_line' id='line_1_32' title="bbox 789 2942 2327 3037; baseline 0.021 -44"><span class='ocrx_word' id='word_1_179' title='bbox 789 2942 943 3011; x_wconf 79' lang='lat' dir='ltr'><strong>nobis</strong></span> <span class='ocrx_word' id='word_1_180' title='bbox 964 2947 1281 3003; x_wconf 86' lang='lat' dir='ltr'><strong>nuntiasset.</strong></span> <span class='ocrx_word' id='word_1_181' title='bbox 1304 2950 1408 3006; x_wconf 86' lang='lat' dir='ltr'><strong>Vos</strong></span> <span class='ocrx_word' id='word_1_182' title='bbox 1436 2956 1641 3012; x_wconf 87' lang='lat' dir='ltr'><strong>scilicet</strong></span> <span class='ocrx_word' id='word_1_183' title='bbox 1688 2950 2009 3019; x_wconf 73' lang='lat' dir='ltr'><strong>adaxnuSsim</strong></span> <span class='ocrx_word' id='word_1_184' title='bbox 2055 2972 2327 3037; x_wconf 87' lang='lat' dir='ltr'><strong>apostolos</strong></span> 
     </span>
    </p>
   </div>
   <div class='ocr_carea' id='block_1_33' title="bbox 785 3031 2317 3114">
    <p class='ocr_par' dir='ltr' id='par_1_33' title="bbox 785 3031 2317 3114">
     <span class='ocr_line' id='line_1_33' title="bbox 785 3031 2317 3114; baseline 0.022 -34"><span class='ocrx_word' id='word_1_185' title='bbox 785 3031 1148 3102; x_wconf 78' lang='lat' dir='ltr'><strong>:emulari,qui</strong></span> <span class='ocrx_word' id='word_1_186' title='bbox 1177 3037 1424 3093; x_wconf 86' lang='lat' dir='ltr'><strong>alacriter</strong></span> <span class='ocrx_word' id='word_1_187' title='bbox 1454 3044 1615 3098; x_wconf 83' lang='lat' dir='ltr'><strong>rebus</strong></span> <span class='ocrx_word' id='word_1_188' title='bbox 1648 3051 1931 3107; x_wconf 86' lang='lat' dir='ltr'><strong>mundanis</strong></span> <span class='ocrx_word' id='word_1_189' title='bbox 1967 3058 2317 3114; x_wconf 87' lang='lat' dir='ltr'><strong>renuntiastis</strong></span> 
     </span>
    </p>
   </div>
   <div class='ocr_carea' id='block_1_34' title="bbox 783 3125 2312 3206">
    <p class='ocr_par' dir='ltr' id='par_1_34' title="bbox 783 3125 2312 3206">
     <span class='ocr_line' id='line_1_34' title="bbox 783 3125 2312 3206; baseline 0.022 -37"><span class='ocrx_word' id='word_1_190' title='bbox 783 3132 977 3185; x_wconf 87' lang='lat' dir='ltr'><strong>genus,</strong></span> <span class='ocrx_word' id='word_1_191' title='bbox 1000 3131 1053 3173; x_wconf 89' lang='lat' dir='ltr'><strong>et</strong></span> <span class='ocrx_word' id='word_1_192' title='bbox 1087 3125 1277 3181; x_wconf 79' lang='lat' dir='ltr'><strong>noxias</strong></span> <span class='ocrx_word' id='word_1_193' title='bbox 1300 3128 1598 3198; x_wconf 87' lang='lat' dir='ltr'><strong>voluptates</strong></span> <span class='ocrx_word' id='word_1_194' title='bbox 1646 3135 2023 3206; x_wconf 87' lang='lat' dir='ltr'><strong>despicientes,</strong></span> <span class='ocrx_word' id='word_1_195' title='bbox 2054 3145 2119 3198; x_wconf 88' lang='lat' dir='ltr'><strong>ad</strong></span> <span class='ocrx_word' id='word_1_196' title='bbox 2159 3146 2312 3201; x_wconf 86' lang='lat' dir='ltr'><strong>labo-</strong></span> 
     </span>
    </p>
   </div>
   <div class='ocr_carea' id='block_1_35' title="bbox 783 3204 2312 3288">
    <p class='ocr_par' dir='ltr' id='par_1_35' title="bbox 783 3204 2312 3288">
     <span class='ocr_line' id='line_1_35' title="bbox 783 3204 2312 3288; baseline 0.021 -34"><span class='ocrx_word' id='word_1_197' title='bbox 783 3204 982 3259; x_wconf 90' lang='lat' dir='ltr'><strong>riosam</strong></span> <span class='ocrx_word' id='word_1_198' title='bbox 1015 3209 1177 3263; x_wconf 91' lang='lat' dir='ltr'><strong>vitam</strong></span> <span class='ocrx_word' id='word_1_199' title='bbox 1204 3217 1489 3271; x_wconf 89' lang='lat' dir='ltr'><strong>transitum</strong></span> <span class='ocrx_word' id='word_1_200' title='bbox 1537 3220 1817 3288; x_wconf 77' lang='lat' dir='ltr'><strong>lactentes,</strong></span> <span class='ocrx_word' id='word_1_201' title='bbox 1856 3239 2063 3284; x_wconf 85' lang='lat' dir='ltr'><strong>vosmet</strong></span> <span class='ocrx_word' id='word_1_202' title='bbox 2084 3231 2140 3286; x_wconf 91' lang='lat' dir='ltr'><strong>in</strong></span> <span class='ocrx_word' id='word_1_203' title='bbox 2168 3235 2312 3287; x_wconf 90' lang='lat' dir='ltr'><strong>omni</strong></span> 
     </span>
    </p>
   </div>
   <div class='ocr_carea' id='block_1_36' title="bbox 782 3302 2314 3385">
    <p class='ocr_par' dir='ltr' id='par_1_36' title="bbox 782 3302 2314 3385">
     <span class='ocr_line' id='line_1_36' title="bbox 782 3302 2314 3385; baseline 0.023 -40"><span class='ocrx_word' id='word_1_204' title='bbox 782 3309 980 3357; x_wconf 78' lang='lat' dir='ltr'><strong>genere</strong></span> <span class='ocrx_word' id='word_1_205' title='bbox 1015 3302 1274 3357; x_wconf 69' lang='lat' dir='ltr'><strong>molestia:</strong></span> <span class='ocrx_word' id='word_1_206' title='bbox 1302 3314 1355 3358; x_wconf 92' lang='lat' dir='ltr'><strong>et</strong></span> <span class='ocrx_word' id='word_1_207' title='bbox 1392 3311 1697 3375; x_wconf 79' lang='lat' dir='ltr'><strong>asperitatis</strong></span> <span class='ocrx_word' id='word_1_208' title='bbox 1722 3326 1936 3385; x_wconf 89' lang='lat' dir='ltr'><strong>propter</strong></span> <span class='ocrx_word' id='word_1_209' title='bbox 1967 3319 2130 3375; x_wconf 89' lang='lat' dir='ltr'><strong>Deum</strong></span> <span class='ocrx_word' id='word_1_210' title='bbox 2159 3339 2314 3379; x_wconf 86' lang='lat' dir='ltr'><strong>exer-</strong></span> 
     </span>
    </p>
   </div>
   <div class='ocr_carea' id='block_1_37' title="bbox 781 3390 2313 3475">
    <p class='ocr_par' dir='ltr' id='par_1_37' title="bbox 781 3390 2313 3475">
     <span class='ocr_line' id='line_1_37' title="bbox 781 3390 2313 3475; baseline 0.023 -44"><span class='ocrx_word' id='word_1_211' title='bbox 781 3390 985 3445; x_wconf 73' lang='lat' dir='ltr'><strong>centes,</strong></span> <span class='ocrx_word' id='word_1_212' title='bbox 1019 3395 1071 3438; x_wconf 93' lang='lat' dir='ltr'><strong>et</strong></span> <span class='ocrx_word' id='word_1_213' title='bbox 1103 3402 1195 3442; x_wconf 85' lang='lat' dir='ltr'><strong>ore</strong></span> <span class='ocrx_word' id='word_1_214' title='bbox 1226 3405 1501 3460; x_wconf 86' lang='lat' dir='ltr'><strong>nunquam</strong></span> <span class='ocrx_word' id='word_1_215' title='bbox 1536 3411 1813 3456; x_wconf 87' lang='lat' dir='ltr'><strong>cessantes</strong></span> <span class='ocrx_word' id='word_1_216' title='bbox 1839 3420 1981 3469; x_wconf 90' lang='lat' dir='ltr'><strong>eum,</strong></span> <span class='ocrx_word' id='word_1_217' title='bbox 2006 3410 2096 3475; x_wconf 86' lang='lat' dir='ltr'><strong>qui</strong></span> <span class='ocrx_word' id='word_1_218' title='bbox 2124 3426 2219 3465; x_wconf 85' lang='lat' dir='ltr'><strong>vos</strong></span> <span class='ocrx_word' id='word_1_219' title='bbox 2247 3413 2313 3465; x_wconf 89' lang='lat' dir='ltr'><strong>ad</strong></span> 
     </span>
    </p>
   </div>
   <div class='ocr_carea' id='block_1_38' title="bbox 781 3476 2308 3565">
    <p class='ocr_par' dir='ltr' id='par_1_38' title="bbox 781 3476 2308 3565">
     <span class='ocr_line' id='line_1_38' title="bbox 781 3476 2308 3565; baseline 0.022 -43"><span class='ocrx_word' id='word_1_220' title='bbox 781 3476 1164 3531; x_wconf 87' lang='lat' dir='ltr'><strong>monachorum</strong></span> <span class='ocrx_word' id='word_1_221' title='bbox 1223 3482 1534 3551; x_wconf 88' lang='lat' dir='ltr'><strong>dignitatem</strong></span> <span class='ocrx_word' id='word_1_222' title='bbox 1590 3493 1880 3546; x_wconf 82' lang='lat' dir='ltr'><strong>maximam</strong></span> <span class='ocrx_word' id='word_1_223' title='bbox 1940 3498 2308 3565; x_wconf 88' lang='lat' dir='ltr'><strong>advocaverat,</strong></span> 
     </span>
    </p>
   </div>
   <div class='ocr_carea' id='block_1_39' title="bbox 778 3560 2311 3652">
    <p class='ocr_par' dir='ltr' id='par_1_39' title="bbox 778 3560 2311 3652">
     <span class='ocr_line' id='line_1_39' title="bbox 778 3560 2311 3652; baseline 0.022 -41"><span class='ocrx_word' id='word_1_224' title='bbox 778 3560 1054 3618; x_wconf 88' lang='lat' dir='ltr'><strong>laudantes</strong></span> <span class='ocrx_word' id='word_1_225' title='bbox 1115 3566 1449 3626; x_wconf 87' lang='lat' dir='ltr'><strong>Servatorem</strong></span> <span class='ocrx_word' id='word_1_226' title='bbox 1489 3584 1541 3628; x_wconf 90' lang='lat' dir='ltr'><strong>ct</strong></span> <span class='ocrx_word' id='word_1_227' title='bbox 1593 3592 1767 3647; x_wconf 82' lang='lat' dir='ltr'><strong>regem</strong></span> <span class='ocrx_word' id='word_1_228' title='bbox 1802 3583 2090 3652; x_wconf 84' lang='lat' dir='ltr'><strong>Christum,</strong></span> <span class='ocrx_word' id='word_1_229' title='bbox 2134 3597 2191 3641; x_wconf 91' lang='lat' dir='ltr'><strong>ut</strong></span> <span class='ocrx_word' id='word_1_230' title='bbox 2217 3606 2311 3647; x_wconf 77' lang='lat' dir='ltr'><strong>vos</strong></span> 
     </span>
    </p>
   </div>
   <div class='ocr_carea' id='block_1_40' title="bbox 775 3656 2309 3742">
    <p class='ocr_par' dir='ltr' id='par_1_40' title="bbox 775 3656 2309 3742">
     <span class='ocr_line' id='line_1_40' title="bbox 775 3656 2309 3742; baseline 0.021 -42"><span class='ocrx_word' id='word_1_231' title='bbox 775 3664 1003 3718; x_wconf 82' lang='lat' dir='ltr'><strong>quoque,</strong></span> <span class='ocrx_word' id='word_1_232' title='bbox 1028 3656 1474 3720; x_wconf 87' lang='lat' dir='ltr'><strong>quemadmodum</strong></span> <span class='ocrx_word' id='word_1_233' title='bbox 1506 3663 1684 3717; x_wconf 89' lang='lat' dir='ltr'><strong>divina</strong></span> <span class='ocrx_word' id='word_1_234' title='bbox 1702 3668 2189 3742; x_wconf 64' lang='lat' dir='ltr'><strong>87£gyptiorum</strong></span> <span class='ocrx_word' id='word_1_235' title='bbox 2221 3677 2309 3731; x_wconf 79' lang='lat' dir='ltr'><strong>fax</strong></span> 
     </span>
    </p>
   </div>
   <div class='ocr_carea' id='block_1_41' title="bbox 773 3738 2299 3834">
    <p class='ocr_par' dir='ltr' id='par_1_41' title="bbox 773 3738 2299 3834">
     <span class='ocr_line' id='line_1_41' title="bbox 773 3738 2299 3834; baseline 0.022 -45"><span class='ocrx_word' id='word_1_236' title='bbox 773 3738 1062 3806; x_wconf 82' lang='lat' dir='ltr'><strong>Antonius,</strong></span> <span class='ocrx_word' id='word_1_237' title='bbox 1099 3752 1217 3813; x_wconf 90' lang='lat' dir='ltr'><strong>post</strong></span> <span class='ocrx_word' id='word_1_238' title='bbox 1241 3747 1361 3801; x_wconf 63' lang='lat' dir='ltr'><strong>vitae</strong></span> <span class='ocrx_word' id='word_1_239' title='bbox 1386 3752 1591 3804; x_wconf 82' lang='lat' dir='ltr'><strong>exitum</strong></span> <span class='ocrx_word' id='word_1_240' title='bbox 1617 3755 1809 3812; x_wconf 65' lang='lat' dir='ltr'><strong>futura</strong></span> <span class='ocrx_word' id='word_1_241' title='bbox 1836 3738 2168 3828; x_wconf 29' lang='lat' dir='ltr'><strong>gene&#39;rationi</strong></span> <span class='ocrx_word' id='word_1_242' title='bbox 2196 3781 2299 3834; x_wconf 85' lang='lat' dir='ltr'><strong>op-</strong></span> 
     </span>
    </p>
   </div>
   <div class='ocr_carea' id='block_1_42' title="bbox 772 3830 1957 3909">
    <p class='ocr_par' dir='ltr' id='par_1_42' title="bbox 772 3830 1957 3909">
     <span class='ocr_line' id='line_1_42' title="bbox 772 3830 1957 3909; baseline 0.024 -31"><span class='ocrx_word' id='word_1_243' title='bbox 772 3830 886 3883; x_wconf 89' lang='lat' dir='ltr'><strong>tuni</strong></span> <span class='ocrx_word' id='word_1_244' title='bbox 915 3832 1034 3886; x_wconf 73' lang='lat' dir='ltr'><strong>vita:</strong></span> <span class='ocrx_word' id='word_1_245' title='bbox 1062 3834 1293 3890; x_wconf 89' lang='lat' dir='ltr'><strong>instituti</strong></span> <span class='ocrx_word' id='word_1_246' title='bbox 1315 3840 1596 3909; x_wconf 87' lang='lat' dir='ltr'><strong>imaginem</strong></span> <span class='ocrx_word' id='word_1_247' title='bbox 1616 3846 1957 3908; x_wconf 85' lang='lat' dir='ltr'><strong>relinquatis.</strong></span> 
     </span>
    </p>
   </div>
   <div class='ocr_carea' id='block_1_43' title="bbox 871 3998 2207 4085">
    <p class='ocr_par' dir='ltr' id='par_1_43' title="bbox 871 3998 2207 4085">
     <span class='ocr_line' id='line_1_43' title="bbox 871 3998 2207 4085; baseline 0.026 -35"><span class='ocrx_word' id='word_1_248' title='bbox 871 3998 1143 4056; x_wconf 79' lang='lat' dir='ltr'><strong>CCXXXII</strong></span> <span class='ocrx_word' id='word_1_249' title='bbox 1152 4005 1258 4061; x_wconf 87' lang='lat' dir='ltr'><strong>l.—</strong></span> <span class='ocrx_word' id='word_1_250' title='bbox 1285 4008 1730 4071; x_wconf 78' lang='lat' dir='ltr'><strong>THEOPEMPTO</strong></span> <span class='ocrx_word' id='word_1_251' title='bbox 1759 4019 2207 4085; x_wconf 81' lang='lat' dir='ltr'><strong>PROTECTORI.</strong></span> 
     </span>
    </p>
   </div>
   <div class='ocr_carea' id='block_1_44' title="bbox 835 4085 2305 4177">
    <p class='ocr_par' dir='ltr' id='par_1_44' title="bbox 835 4085 2305 4177">
     <span class='ocr_line' id='line_1_44' title="bbox 835 4085 2305 4177; baseline 0.027 -40"><span class='ocrx_word' id='word_1_252' title='bbox 835 4085 1177 4147; x_wconf 85' lang='lat' dir='ltr'><strong>Conducibile</strong></span> <span class='ocrx_word' id='word_1_253' title='bbox 1207 4104 1259 4148; x_wconf 86' lang='lat' dir='ltr'><strong>et</strong></span> <span class='ocrx_word' id='word_1_254' title='bbox 1293 4100 1520 4155; x_wconf 80' lang='lat' dir='ltr'><strong>maxime</strong></span> <span class='ocrx_word' id='word_1_255' title='bbox 1579 4113 2007 4172; x_wconf 89' lang='lat' dir='ltr'><strong>percommodum</strong></span> <span class='ocrx_word' id='word_1_256' title='bbox 2060 4120 2152 4172; x_wconf 85' lang='lat' dir='ltr'><strong>tibi</strong></span> <span class='ocrx_word' id='word_1_257' title='bbox 2188 4122 2305 4177; x_wconf 84' lang='lat' dir='ltr'><strong>fue-</strong></span> 
     </span>
    </p>
   </div>
   <div class='ocr_carea' id='block_1_45' title="bbox 766 4174 2302 4269">
    <p class='ocr_par' dir='ltr' id='par_1_45' title="bbox 766 4174 2302 4269">
     <span class='ocr_line' id='line_1_45' title="bbox 766 4174 2302 4269; baseline 0.028 -46"><span class='ocrx_word' id='word_1_258' title='bbox 766 4174 836 4225; x_wconf 88' lang='lat' dir='ltr'><strong>rit</strong></span> <span class='ocrx_word' id='word_1_259' title='bbox 871 4176 991 4230; x_wconf 81' lang='lat' dir='ltr'><strong>vitae</strong></span> <span class='ocrx_word' id='word_1_260' title='bbox 1011 4181 1209 4233; x_wconf 80' lang='lat' dir='ltr'><strong>exitum</strong></span> <span class='ocrx_word' id='word_1_261' title='bbox 1268 4199 1477 4254; x_wconf 88' lang='lat' dir='ltr'><strong>semper</strong></span> <span class='ocrx_word' id='word_1_262' title='bbox 1500 4206 1606 4258; x_wconf 73' lang='lat' dir='ltr'><strong>prm</strong></span> <span class='ocrx_word' id='word_1_263' title='bbox 1640 4198 1814 4253; x_wconf 89' lang='lat' dir='ltr'><strong>oculis</strong></span> <span class='ocrx_word' id='word_1_264' title='bbox 1846 4200 2063 4269; x_wconf 87' lang='lat' dir='ltr'><strong>habere,</strong></span> <span class='ocrx_word' id='word_1_265' title='bbox 2089 4215 2141 4262; x_wconf 90' lang='lat' dir='ltr'><strong>et</strong></span> <span class='ocrx_word' id='word_1_266' title='bbox 2171 4210 2302 4265; x_wconf 89' lang='lat' dir='ltr'><strong>retia</strong></span> 
     </span>
    </p>
   </div>
   <div class='ocr_carea' id='block_1_46' title="bbox 763 4260 1791 4351">
    <p class='ocr_par' dir='ltr' id='par_1_46' title="bbox 763 4260 1791 4351">
     <span class='ocr_line' id='line_1_46' title="bbox 763 4260 1791 4351; baseline 0.028 -41"><span class='ocrx_word' id='word_1_267' title='bbox 763 4260 958 4317; x_wconf 88' lang='lat' dir='ltr'><strong>diaboli</strong></span> <span class='ocrx_word' id='word_1_268' title='bbox 992 4269 1138 4321; x_wconf 78' lang='lat' dir='ltr'><strong>varia</strong></span> <span class='ocrx_word' id='word_1_269' title='bbox 1173 4264 1552 4345; x_wconf 71' lang='lat' dir='ltr'><strong>implicataqne</strong></span> <span class='ocrx_word' id='word_1_270' title='bbox 1586 4280 1791 4351; x_wconf 84' lang='lat' dir='ltr'><strong>fugere.</strong></span> 
     </span>
    </p>
   </div>
   <div class='ocr_carea' id='block_1_47' title="bbox 830 4372 2230 4460">
    <p class='ocr_par' dir='ltr' id='par_1_47' title="bbox 830 4372 2230 4460">
     <span class='ocr_line' id='line_1_47' title="bbox 830 4372 2230 4460; baseline 0.025 -36"><span class='ocrx_word' id='word_1_271' title='bbox 830 4372 1531 4460; x_wconf 48' lang='grc' dir='ltr'><strong>ερχχχινςρεᾳῃῃοῐςι</strong></span> <span class='ocrx_word' id='word_1_272' title='bbox 1587 4393 2230 4460; x_wconf 77' lang='lat' dir='ltr'><strong>VALENTINIANORUM</strong></span> 
     </span>
    </p>
   </div>
   <div class='ocr_carea' id='block_1_48' title="bbox 1140 4447 1952 4521">
    <p class='ocr_par' dir='ltr' id='par_1_48' title="bbox 1140 4447 1952 4521">
     <span class='ocr_line' id='line_1_48' title="bbox 1140 4447 1952 4521; baseline 0.027 -23"><span class='ocrx_word' id='word_1_273' title='bbox 1140 4447 1513 4511; x_wconf 69' lang='lat' dir='ltr'><strong>mansssos</strong></span> <span class='ocrx_word' id='word_1_274' title='bbox 1556 4447 1952 4521; x_wconf 47' lang='lat' dir='ltr'><strong>securem:</strong></span> 
     </span>
    </p>
   </div>
   <div class='ocr_carea' id='block_1_49' title="bbox 828 4524 2295 4618">
    <p class='ocr_par' dir='ltr' id='par_1_49' title="bbox 828 4524 2295 4618">
     <span class='ocr_line' id='line_1_49' title="bbox 828 4524 2295 4618; baseline 0.027 -40"><span class='ocrx_word' id='word_1_275' title='bbox 828 4524 961 4582; x_wconf 86' lang='lat' dir='ltr'><strong>Cum</strong></span> <span class='ocrx_word' id='word_1_276' title='bbox 1010 4531 1352 4601; x_wconf 85' lang='lat' dir='ltr'><strong>impudenter</strong></span> <span class='ocrx_word' id='word_1_277' title='bbox 1400 4544 1561 4599; x_wconf 78' lang='lat' dir='ltr'><strong>nimis</strong></span> <span class='ocrx_word' id='word_1_278' title='bbox 1586 4550 1786 4607; x_wconf 88' lang='lat' dir='ltr'><strong>nudius</strong></span> <span class='ocrx_word' id='word_1_279' title='bbox 1844 4557 2033 4611; x_wconf 90' lang='lat' dir='ltr'><strong>tertius</strong></span> <span class='ocrx_word' id='word_1_280' title='bbox 2062 4559 2112 4613; x_wconf 93' lang='lat' dir='ltr'><strong>in</strong></span> <span class='ocrx_word' id='word_1_281' title='bbox 2176 4561 2295 4618; x_wconf 90' lang='lat' dir='ltr'><strong>loco</strong></span> 
     </span>
    </p>
   </div>
   <div class='ocr_carea' id='block_1_50' title="bbox 762 4616 2293 4718">
    <p class='ocr_par' dir='ltr' id='par_1_50' title="bbox 762 4616 2293 4718">
     <span class='ocr_line' id='line_1_50' title="bbox 762 4616 2293 4718; baseline 0.025 -53"><span class='ocrx_word' id='word_1_282' title='bbox 762 4616 975 4679; x_wconf 85' lang='lat' dir='ltr'><strong>publico</strong></span> <span class='ocrx_word' id='word_1_283' title='bbox 1013 4634 1312 4679; x_wconf 86' lang='lat' dir='ltr'><strong>sermonem</strong></span> <span class='ocrx_word' id='word_1_284' title='bbox 1338 4628 1540 4686; x_wconf 87' lang='lat' dir='ltr'><strong>habere</strong></span> <span class='ocrx_word' id='word_1_285' title='bbox 1576 4650 1742 4693; x_wconf 88' lang='lat' dir='ltr'><strong>ausus</strong></span> <span class='ocrx_word' id='word_1_286' title='bbox 1766 4638 1954 4717; x_wconf 80' lang='lat' dir='ltr'><strong>fueris,</strong></span> <span class='ocrx_word' id='word_1_287' title='bbox 1985 4646 2293 4718; x_wconf 79' lang='lat' dir='ltr'><strong>dixerisque</strong></span> 
     </span>
    </p>
   </div>
   <div class='ocr_carea' id='block_1_51' title="bbox 760 4711 2289 4803">
    <p class='ocr_par' dir='ltr' id='par_1_51' title="bbox 760 4711 2289 4803">
     <span class='ocr_line' id='line_1_51' title="bbox 760 4711 2289 4803; baseline 0.026 -51"><span class='ocrx_word' id='word_1_288' title='bbox 760 4715 918 4756; x_wconf 90' lang='lat' dir='ltr'><strong>unam</strong></span> <span class='ocrx_word' id='word_1_289' title='bbox 950 4711 1255 4779; x_wconf 84' lang='lat' dir='ltr'><strong>quampiam</strong></span> <span class='ocrx_word' id='word_1_290' title='bbox 1289 4714 1504 4773; x_wconf 86' lang='lat' dir='ltr'><strong>deitatis</strong></span> <span class='ocrx_word' id='word_1_291' title='bbox 1537 4730 1747 4789; x_wconf 87' lang='lat' dir='ltr'><strong>neptem</strong></span> <span class='ocrx_word' id='word_1_292' title='bbox 1785 4714 2079 4785; x_wconf 77' lang='lat' dir='ltr'><strong>Achamoth</strong></span> <span class='ocrx_word' id='word_1_293' title='bbox 2112 4711 2289 4803; x_wconf 79' lang='lat' dir='ltr'><strong>appel-</strong></span> 
     </span>
    </p>
   </div>
   <div class='ocr_carea' id='block_1_52' title="bbox 761 4790 2294 4890">
    <p class='ocr_par' dir='ltr' id='par_1_52' title="bbox 761 4790 2294 4890">
     <span class='ocr_line' id='line_1_52' title="bbox 761 4790 2294 4890; baseline 0.025 -50"><span class='ocrx_word' id='word_1_294' title='bbox 761 4790 942 4857; x_wconf 83' lang='lat' dir='ltr'><strong>latam,</strong></span> <span class='ocrx_word' id='word_1_295' title='bbox 976 4809 1094 4850; x_wconf 89' lang='lat' dir='ltr'><strong>cum</strong></span> <span class='ocrx_word' id='word_1_296' title='bbox 1126 4800 1488 4861; x_wconf 85' lang='lat' dir='ltr'><strong>desiderasset</strong></span> <span class='ocrx_word' id='word_1_297' title='bbox 1535 4814 1961 4879; x_wconf 82' lang='lat' dir='ltr'><strong>magnitudinem</strong></span> <span class='ocrx_word' id='word_1_298' title='bbox 1995 4821 2294 4890; x_wconf 82' lang='lat' dir='ltr'><strong>deprehen-</strong></span> 
     </span>
    </p>
   </div>
   <div class='ocr_carea' id='block_1_53' title="bbox 758 4879 2288 4979">
    <p class='ocr_par' dir='ltr' id='par_1_53' title="bbox 758 4879 2288 4979">
     <span class='ocr_line' id='line_1_53' title="bbox 758 4879 2288 4979; baseline 0.024 -49"><span class='ocrx_word' id='word_1_299' title='bbox 758 4879 907 4944; x_wconf 85' lang='lat' dir='ltr'><strong>dere,</strong></span> <span class='ocrx_word' id='word_1_300' title='bbox 933 4885 1023 4951; x_wconf 91' lang='lat' dir='ltr'><strong>qni</strong></span> <span class='ocrx_word' id='word_1_301' title='bbox 1058 4884 1109 4940; x_wconf 91' lang='lat' dir='ltr'><strong>in</strong></span> <span class='ocrx_word' id='word_1_302' title='bbox 1131 4892 1551 4952; x_wconf 83' lang='lat' dir='ltr'><strong>sublimitatihus</strong></span> <span class='ocrx_word' id='word_1_303' title='bbox 1577 4891 2033 4964; x_wconf 82' lang='lat' dir='ltr'><strong>inenarrabilihus</strong></span> <span class='ocrx_word' id='word_1_304' title='bbox 2063 4879 2288 4979; x_wconf 73' lang='lat' dir='ltr'><strong>habitat,</strong></span> 
     </span>
    </p>
   </div>
   <div class='ocr_carea' id='block_1_54' title="bbox 761 4967 2292 5060">
    <p class='ocr_par' dir='ltr' id='par_1_54' title="bbox 761 4967 2292 5060">
     <span class='ocr_line' id='line_1_54' title="bbox 761 4967 2292 5060; baseline 0.024 -42"><span class='ocrx_word' id='word_1_305' title='bbox 761 4967 849 5019; x_wconf 90' lang='lat' dir='ltr'><strong>Dei</strong></span> <span class='ocrx_word' id='word_1_306' title='bbox 883 4983 1234 5040; x_wconf 81' lang='lat' dir='ltr'><strong>cognomento</strong></span> <span class='ocrx_word' id='word_1_307' title='bbox 1272 4981 1446 5049; x_wconf 83' lang='lat' dir='ltr'><strong>Bythi,</strong></span> <span class='ocrx_word' id='word_1_308' title='bbox 1477 4995 1530 5042; x_wconf 92' lang='lat' dir='ltr'><strong>et</strong></span> <span class='ocrx_word' id='word_1_309' title='bbox 1569 4988 1714 5045; x_wconf 90' lang='lat' dir='ltr'><strong>illius</strong></span> <span class='ocrx_word' id='word_1_310' title='bbox 1744 4993 1834 5060; x_wconf 91' lang='lat' dir='ltr'><strong>qui</strong></span> <span class='ocrx_word' id='word_1_311' title='bbox 1882 4994 2056 5051; x_wconf 85' lang='lat' dir='ltr'><strong>Chaos</strong></span> <span class='ocrx_word' id='word_1_312' title='bbox 2085 4967 2292 5054; x_wconf 66' lang='lat' dir='ltr'><strong>nunan</strong></span> 
     </span>
    </p>
   </div>
   <div class='ocr_carea' id='block_1_55' title="bbox 756 5057 2287 5153">
    <p class='ocr_par' dir='ltr' id='par_1_55' title="bbox 756 5057 2287 5153">
     <span class='ocr_line' id='line_1_55' title="bbox 756 5057 2287 5153; baseline 0.025 -49"><span class='ocrx_word' id='word_1_313' title='bbox 756 5060 932 5119; x_wconf 85' lang='lat' dir='ltr'><strong>patur,</strong></span> <span class='ocrx_word' id='word_1_314' title='bbox 962 5057 1015 5112; x_wconf 89' lang='lat' dir='ltr'><strong>id</strong></span> <span class='ocrx_word' id='word_1_315' title='bbox 1042 5060 1187 5117; x_wconf 84' lang='lat' dir='ltr'><strong>haud</strong></span> <span class='ocrx_word' id='word_1_316' title='bbox 1239 5083 1497 5137; x_wconf 88' lang='lat' dir='ltr'><strong>prospero</strong></span> <span class='ocrx_word' id='word_1_317' title='bbox 1545 5086 1737 5131; x_wconf 79' lang='lat' dir='ltr'><strong>eventu</strong></span> <span class='ocrx_word' id='word_1_318' title='bbox 1760 5057 2102 5153; x_wconf 73' lang='lat' dir='ltr'><strong>aggressam,</strong></span> <span class='ocrx_word' id='word_1_319' title='bbox 2150 5088 2287 5143; x_wconf 83' lang='lat' dir='ltr'><strong>infra</strong></span> 
     </span>
    </p>
   </div>
   <div class='ocr_carea' id='block_1_56' title="bbox 752 5142 2280 5231">
    <p class='ocr_par' dir='ltr' id='par_1_56' title="bbox 752 5142 2280 5231">
     <span class='ocr_line' id='line_1_56' title="bbox 752 5142 2280 5231; baseline 0.026 -40"><span class='ocrx_word' id='word_1_320' title='bbox 752 5142 1032 5211; x_wconf 77' lang='lat' dir='ltr'><strong>cecidisse,</strong></span> <span class='ocrx_word' id='word_1_321' title='bbox 1066 5160 1121 5204; x_wconf 88' lang='lat' dir='ltr'><strong>et</strong></span> <span class='ocrx_word' id='word_1_322' title='bbox 1171 5153 1444 5211; x_wconf 84' lang='lat' dir='ltr'><strong>scdcntcm</strong></span> <span class='ocrx_word' id='word_1_323' title='bbox 1478 5161 1645 5216; x_wconf 76' lang='lat' dir='ltr'><strong>solam</strong></span> <span class='ocrx_word' id='word_1_324' title='bbox 1698 5165 1751 5219; x_wconf 92' lang='lat' dir='ltr'><strong>in</strong></span> <span class='ocrx_word' id='word_1_325' title='bbox 1813 5170 2049 5227; x_wconf 84' lang='lat' dir='ltr'><strong>tenebris</strong></span> <span class='ocrx_word' id='word_1_326' title='bbox 2119 5176 2280 5231; x_wconf 88' lang='lat' dir='ltr'><strong>nimis</strong></span> 
     </span>
    </p>
   </div>
   <div class='ocr_carea' id='block_1_57' title="bbox 822 5315 1326 5395">
    <p class='ocr_par' dir='ltr' id='par_1_57' title="bbox 822 5315 1326 5395">
     <span class='ocr_line' id='line_1_57' title="bbox 822 5315 1326 5395; baseline 0.036 -26"><span class='ocrx_word' id='word_1_327' title='bbox 822 5315 865 5349; x_wconf 85' lang='grc'><strong>⁸⁸</strong></span> <span class='ocrx_word' id='word_1_328' title='bbox 885 5316 1014 5376; x_wconf 86' lang='lat' dir='ltr'><strong>Luc.</strong></span> <span class='ocrx_word' id='word_1_329' title='bbox 1048 5340 1198 5395; x_wconf 67' lang='grc' dir='ltr'><strong>τνιιι,</strong></span> <span class='ocrx_word' id='word_1_330' title='bbox 1240 5330 1326 5388; x_wconf 76' lang='grc'><strong>10.</strong></span> 
     </span>
    </p>
   </div>
   <div class='ocr_carea' id='block_1_58' title="bbox 743 5454 1938 5577">
    <p class='ocr_par' dir='ltr' id='par_1_58' title="bbox 743 5454 1938 5577">
     <span class='ocr_line' id='line_1_58' title="bbox 743 5454 1938 5577; baseline 0.019 -66"><span class='ocrx_word' id='word_1_331' title='bbox 743 5454 889 5577; x_wconf 40' lang='lat' dir='ltr'><strong>Egi?</strong></span> <span class='ocrx_word' id='word_1_332' title='bbox 927 5454 1084 5515; x_wconf 85' lang='lat' dir='ltr'><strong>Nntat</strong></span> <span class='ocrx_word' id='word_1_333' title='bbox 1115 5464 1408 5528; x_wconf 80' lang='lat' dir='ltr'><strong>Cotelerins</strong></span> <span class='ocrx_word' id='word_1_334' title='bbox 1435 5472 1689 5543; x_wconf 79' lang='lat' dir='ltr'><strong>(Monum.</strong></span> <span class='ocrx_word' id='word_1_335' title='bbox 1721 5477 1780 5531; x_wconf 83' lang='lat' dir='ltr'><strong>E.</strong></span> <span class='ocrx_word' id='word_1_336' title='bbox 1814 5476 1873 5533; x_wconf 77' lang='grc' dir='ltr'><strong>ϐ.</strong></span> <span class='ocrx_word' id='word_1_337' title='bbox 1900 5481 1938 5548; x_wconf 87' lang='grc'><strong>1,</strong></span> 
     </span>
    </p>
   </div>
   <div class='ocr_carea' id='block_1_59' title="bbox 2443 528 3973 604">
    <p class='ocr_par' dir='ltr' id='par_1_59' title="bbox 2443 528 3973 604">
     <span class='ocr_line' id='line_1_59' title="bbox 2443 528 3973 604; baseline 0.005 -24"><span class='ocrx_word' id='word_1_338' title='bbox 2443 528 2570 581; x_wconf 83' lang='grc' dir='ltr'><strong>Θεὸν</strong></span> <span class='ocrx_word' id='word_1_339' title='bbox 2596 533 2851 600; x_wconf 83' lang='grc' dir='ltr'><strong>ὑπάρχειν</strong></span> <span class='ocrx_word' id='word_1_340' title='bbox 2874 534 2962 585; x_wconf 76' lang='grc' dir='ltr'><strong>τὸν</strong></span> <span class='ocrx_word' id='word_1_341' title='bbox 2987 534 3206 602; x_wconf 76' lang='grc' dir='ltr'><strong>οὐρανὸν</strong></span> <span class='ocrx_word' id='word_1_342' title='bbox 3230 537 3468 603; x_wconf 80' lang='grc' dir='ltr'><strong>νοοῦμεν,</strong></span> <span class='ocrx_word' id='word_1_343' title='bbox 3496 534 3606 588; x_wconf 72' lang='grc' dir='ltr'><strong>ἀλλ’</strong></span> <span class='ocrx_word' id='word_1_344' title='bbox 3638 535 3793 604; x_wconf 71' lang='grc' dir='ltr'><strong>ἔργον</strong></span> <span class='ocrx_word' id='word_1_345' title='bbox 3822 535 3973 588; x_wconf 74' lang='grc' dir='ltr'><strong>εἶναι</strong></span> 
     </span>
    </p>
   </div>
   <div class='ocr_carea' id='block_1_60' title="bbox 2442 615 3974 703">
    <p class='ocr_par' dir='ltr' id='par_1_60' title="bbox 2442 615 3974 703">
     <span class='ocr_line' id='line_1_60' title="bbox 2442 615 3974 703; baseline 0.005 -37"><span class='ocrx_word' id='word_1_346' title='bbox 2442 615 2593 667; x_wconf 83' lang='grc' dir='ltr'><strong>Θεοῦ.</strong></span> <span class='ocrx_word' id='word_1_347' title='bbox 2644 617 2783 687; x_wconf 86' lang='grc' dir='ltr'><strong>Ὀρῶ</strong></span> <span class='ocrx_word' id='word_1_348' title='bbox 2813 619 2922 686; x_wconf 74' lang='grc' dir='ltr'><strong>ἐγὼ</strong></span> <span class='ocrx_word' id='word_1_349' title='bbox 2964 620 3062 688; x_wconf 81' lang='grc' dir='ltr'><strong>τὴν</strong></span> <span class='ocrx_word' id='word_1_350' title='bbox 3084 622 3277 685; x_wconf 89' lang='grc' dir='ltr'><strong>κτίσιν,</strong></span> <span class='ocrx_word' id='word_1_351' title='bbox 3315 622 3407 674; x_wconf 74' lang='grc' dir='ltr'><strong>καὶ</strong></span> <span class='ocrx_word' id='word_1_352' title='bbox 3435 622 3501 674; x_wconf 78' lang='grc' dir='ltr'><strong>δι’</strong></span> <span class='ocrx_word' id='word_1_353' title='bbox 3528 622 3691 703; x_wconf 68' lang='grc' dir='ltr'><strong>αὐτῆς</strong></span> <span class='ocrx_word' id='word_1_354' title='bbox 3718 622 3854 690; x_wconf 79' lang='grc' dir='ltr'><strong>πρὸς</strong></span> <span class='ocrx_word' id='word_1_355' title='bbox 3874 622 3974 673; x_wconf 77' lang='grc' dir='ltr'><strong>τὸν</strong></span> 
     </span>
    </p>
   </div>
   <div class='ocr_carea' id='block_1_61' title="bbox 2442 704 3975 777">
    <p class='ocr_par' dir='ltr' id='par_1_61' title="bbox 2442 704 3975 777">
     <span class='ocr_line' id='line_1_61' title="bbox 2442 704 3975 777; baseline 0.005 -23"><span class='ocrx_word' id='word_1_356' title='bbox 2442 704 2640 773; x_wconf 79' lang='grc' dir='ltr'><strong>ταύτης</strong></span> <span class='ocrx_word' id='word_1_357' title='bbox 2660 706 3090 774; x_wconf 85' lang='grc' dir='ltr'><strong>χειραγωγοῦμαι</strong></span> <span class='ocrx_word' id='word_1_358' title='bbox 3121 708 3458 777; x_wconf 87' lang='grc' dir='ltr'><strong>δημιουργόν.</strong></span> <span class='ocrx_word' id='word_1_359' title='bbox 3500 709 3692 762; x_wconf 84' lang='grc' dir='ltr'><strong>Βλέπει</strong></span> <span class='ocrx_word' id='word_1_360' title='bbox 3735 709 3975 763; x_wconf 81' lang='grc' dir='ltr'><strong>πλοῦτον</strong></span> 
     </span>
    </p>
   </div>
   <div class='ocr_carea' id='block_1_62' title="bbox 2442 791 3976 865">
    <p class='ocr_par' dir='ltr' id='par_1_62' title="bbox 2442 791 3976 865">
     <span class='ocr_line' id='line_1_62' title="bbox 2442 791 3976 865; baseline 0.005 -23"><span class='ocrx_word' id='word_1_361' title='bbox 2442 792 2468 841; x_wconf 83' lang='grc' dir='ltr'><strong>ὁ</strong></span> <span class='ocrx_word' id='word_1_362' title='bbox 2495 791 2708 860; x_wconf 80' lang='grc' dir='ltr'><strong>Ἕλλην,</strong></span> <span class='ocrx_word' id='word_1_363' title='bbox 2742 795 2833 845; x_wconf 81' lang='grc' dir='ltr'><strong>καὶ</strong></span> <span class='ocrx_word' id='word_1_364' title='bbox 2861 794 3146 861; x_wconf 79' lang='grc' dir='ltr'><strong>θαυμάζων</strong></span> <span class='ocrx_word' id='word_1_365' title='bbox 3172 795 3520 862; x_wconf 77' lang='grc' dir='ltr'><strong>ἐκπλήττεται</strong></span> <span class='ocrx_word' id='word_1_366' title='bbox 3546 812 3561 825; x_wconf 91' lang='grc'><strong>·</strong></span> <span class='ocrx_word' id='word_1_367' title='bbox 3602 797 3711 865; x_wconf 75' lang='grc' dir='ltr'><strong>ὁρῶ</strong></span> <span class='ocrx_word' id='word_1_368' title='bbox 3736 796 3976 850; x_wconf 82' lang='grc' dir='ltr'><strong>πλοῦτον</strong></span> 
     </span>
    </p>
   </div>
   <div class='ocr_carea' id='block_1_63' title="bbox 2440 879 3975 955">
    <p class='ocr_par' dir='ltr' id='par_1_63' title="bbox 2440 879 3975 955">
     <span class='ocr_line' id='line_1_63' title="bbox 2440 879 3975 955; baseline 0.007 -25"><span class='ocrx_word' id='word_1_369' title='bbox 2440 879 2571 945; x_wconf 72' lang='grc' dir='ltr'><strong>ἐγὼ,</strong></span> <span class='ocrx_word' id='word_1_370' title='bbox 2604 882 2696 933; x_wconf 80' lang='grc' dir='ltr'><strong>καὶ</strong></span> <span class='ocrx_word' id='word_1_371' title='bbox 2717 883 3128 951; x_wconf 80' lang='grc' dir='ltr'><strong>καταφρονήσας</strong></span> <span class='ocrx_word' id='word_1_372' title='bbox 3150 882 3242 935; x_wconf 79' lang='grc' dir='ltr'><strong>τοῦ</strong></span> <span class='ocrx_word' id='word_1_373' title='bbox 3284 883 3509 936; x_wconf 83' lang='grc' dir='ltr'><strong>πλούτου</strong></span> <span class='ocrx_word' id='word_1_374' title='bbox 3549 886 3795 952; x_wconf 74' lang='grc' dir='ltr'><strong>ἐγέλασα.</strong></span> <span class='ocrx_word' id='word_1_375' title='bbox 3830 885 3975 955; x_wconf 72' lang='grc' dir='ltr'><strong>Ὁρᾷ</strong></span> 
     </span>
    </p>
   </div>
   <div class='ocr_carea' id='block_1_64' title="bbox 2442 971 3974 1051">
    <p class='ocr_par' dir='ltr' id='par_1_64' title="bbox 2442 971 3974 1051">
     <span class='ocr_line' id='line_1_64' title="bbox 2442 971 3974 1051; baseline 0.003 -29"><span class='ocrx_word' id='word_1_376' title='bbox 2442 973 2627 1023; x_wconf 80' lang='grc' dir='ltr'><strong>πενίαν</strong></span> <span class='ocrx_word' id='word_1_377' title='bbox 2670 975 2887 1034; x_wconf 73' lang='grc' dir='ltr'><strong>ἐκεῖνος,</strong></span> <span class='ocrx_word' id='word_1_378' title='bbox 2934 972 3025 1025; x_wconf 78' lang='grc' dir='ltr'><strong>καὶ</strong></span> <span class='ocrx_word' id='word_1_379' title='bbox 3086 972 3275 1042; x_wconf 78' lang='grc' dir='ltr'><strong>φρίξας</strong></span> <span class='ocrx_word' id='word_1_380' title='bbox 3321 971 3592 1051; x_wconf 72' lang='grc' dir='ltr'><strong>ὀδύρεται·</strong></span> <span class='ocrx_word' id='word_1_381' title='bbox 3640 974 3746 1041; x_wconf 82' lang='grc' dir='ltr'><strong>ὁρῶ</strong></span> <span class='ocrx_word' id='word_1_382' title='bbox 3776 984 3974 1026; x_wconf 72' lang='grc' dir='ltr'><strong>πενίαν</strong></span> 
     </span>
    </p>
   </div>
   <div class='ocr_carea' id='block_1_65' title="bbox 2442 1057 3975 1127">
    <p class='ocr_par' dir='ltr' id='par_1_65' title="bbox 2442 1057 3975 1127">
     <span class='ocr_line' id='line_1_65' title="bbox 2442 1057 3975 1127; baseline 0.003 -20"><span class='ocrx_word' id='word_1_383' title='bbox 2442 1057 2567 1123; x_wconf 80' lang='grc' dir='ltr'><strong>ἐγὼ,</strong></span> <span class='ocrx_word' id='word_1_384' title='bbox 2591 1058 2683 1109; x_wconf 82' lang='grc' dir='ltr'><strong>καί</strong></span> <span class='ocrx_word' id='word_1_385' title='bbox 2713 1058 2909 1127; x_wconf 86' lang='grc' dir='ltr'><strong>σκιρτῶ</strong></span> <span class='ocrx_word' id='word_1_386' title='bbox 2967 1059 3057 1111; x_wconf 76' lang='grc' dir='ltr'><strong>καὶ</strong></span> <span class='ocrx_word' id='word_1_387' title='bbox 3088 1057 3399 1125; x_wconf 74' lang='grc' dir='ltr'><strong>ἀγάλλομαι,</strong></span> <span class='ocrx_word' id='word_1_388' title='bbox 3421 1057 3643 1109; x_wconf 81' lang='grc' dir='ltr'><strong>πλοῦτον</strong></span> <span class='ocrx_word' id='word_1_389' title='bbox 3669 1058 3837 1127; x_wconf 85' lang='grc' dir='ltr'><strong>ἀληθῆ</strong></span> <span class='ocrx_word' id='word_1_390' title='bbox 3867 1059 3975 1126; x_wconf 74' lang='grc' dir='ltr'><strong>τὴν</strong></span> 
     </span>
    </p>
   </div>
   <div class='ocr_carea' id='block_1_66' title="bbox 2441 1143 3977 1213">
    <p class='ocr_par' dir='ltr' id='par_1_66' title="bbox 2441 1143 3977 1213">
     <span class='ocr_line' id='line_1_66' title="bbox 2441 1143 3977 1213; baseline 0.001 -19"><span class='ocrx_word' id='word_1_391' title='bbox 2441 1144 2634 1210; x_wconf 83' lang='grc' dir='ltr'><strong>ἀρετὴν</strong></span> <span class='ocrx_word' id='word_1_392' title='bbox 2655 1144 3021 1213; x_wconf 75' lang='grc' dir='ltr'><strong>ἐπιστάμενος.</strong></span> <span class='ocrx_word' id='word_1_393' title='bbox 3079 1144 3305 1210; x_wconf 79' lang='grc' dir='ltr'><strong>Ἑτέρως</strong></span> <span class='ocrx_word' id='word_1_394' title='bbox 3341 1143 3514 1194; x_wconf 84' lang='grc' dir='ltr'><strong>τοίνυν</strong></span> <span class='ocrx_word' id='word_1_395' title='bbox 3562 1144 3612 1194; x_wconf 82' lang='grc' dir='ltr'><strong>οἱ</strong></span> <span class='ocrx_word' id='word_1_396' title='bbox 3654 1144 3977 1212; x_wconf 77' lang='grc' dir='ltr'><strong>Χριστιανοὶ</strong></span> 
     </span>
    </p>
   </div>
   <div class='ocr_carea' id='block_1_67' title="bbox 2440 1229 3975 1301">
    <p class='ocr_par' dir='ltr' id='par_1_67' title="bbox 2440 1229 3975 1301">
     <span class='ocr_line' id='line_1_67' title="bbox 2440 1229 3975 1301; baseline 0.002 -22"><span class='ocrx_word' id='word_1_397' title='bbox 2440 1229 2601 1298; x_wconf 80' lang='grc' dir='ltr'><strong>ὁρῶσι</strong></span> <span class='ocrx_word' id='word_1_398' title='bbox 2636 1230 2705 1283; x_wconf 78' lang='grc' dir='ltr'><strong>τὰ</strong></span> <span class='ocrx_word' id='word_1_399' title='bbox 2747 1232 3058 1301; x_wconf 84' lang='grc' dir='ltr'><strong>πράγματα,</strong></span> <span class='ocrx_word' id='word_1_400' title='bbox 3109 1231 3199 1285; x_wconf 74' lang='grc' dir='ltr'><strong>καὶ</strong></span> <span class='ocrx_word' id='word_1_401' title='bbox 3235 1232 3430 1300; x_wconf 78' lang='grc' dir='ltr'><strong>ἑτέρως</strong></span> <span class='ocrx_word' id='word_1_402' title='bbox 3471 1232 3519 1283; x_wconf 78' lang='lat' dir='ltr'><strong>oi</strong></span> <span class='ocrx_word' id='word_1_403' title='bbox 3561 1230 3788 1300; x_wconf 79' lang='grc' dir='ltr'><strong>ἄφρονες</strong></span> <span class='ocrx_word' id='word_1_404' title='bbox 3838 1232 3975 1284; x_wconf 83' lang='grc' dir='ltr'><strong>’Έλ-</strong></span> 
     </span>
    </p>
   </div>
   <div class='ocr_carea' id='block_1_68' title="bbox 2440 1314 2689 1383">
    <p class='ocr_par' dir='ltr' id='par_1_68' title="bbox 2440 1314 2689 1383">
     <span class='ocr_line' id='line_1_68' title="bbox 2440 1314 2689 1383; baseline 0.024 -17"><span class='ocrx_word' id='word_1_405' title='bbox 2440 1315 2615 1383; x_wconf 75' lang='grc' dir='ltr'><strong>ληνες.</strong></span> <span class='ocrx_word' id='word_1_406' title='bbox 2686 1314 2689 1315; x_wconf 19' lang='grc' dir='ltr'><em>ν</em></span> 
     </span>
    </p>
   </div>
   <div class='ocr_carea' id='block_1_69' title="bbox 2880 1407 3513 1478">
    <p class='ocr_par' dir='ltr' id='par_1_69' title="bbox 2880 1407 3513 1478">
     <span class='ocr_line' id='line_1_69' title="bbox 2880 1407 3513 1478; baseline 0.002 -18"><span class='ocrx_word' id='word_1_407' title='bbox 2880 1408 2997 1461; x_wconf 75' lang='grc' dir='ltr'><strong>ΣΑο.</strong></span> <span class='ocrx_word' id='word_1_408' title='bbox 3031 1437 3094 1448; x_wconf 82' lang='grc'><strong>-.</strong></span> <span class='ocrx_word' id='word_1_409' title='bbox 3121 1407 3513 1478; x_wconf 63' lang='lat' dir='ltr'><strong>mamma.</strong></span> 
     </span>
    </p>
   </div>
   <div class='ocr_carea' id='block_1_70' title="bbox 2512 1486 3972 1568">
    <p class='ocr_par' dir='ltr' id='par_1_70' title="bbox 2512 1486 3972 1568">
     <span class='ocr_line' id='line_1_70' title="bbox 2512 1486 3972 1568; baseline 0.005 -23"><span class='ocrx_word' id='word_1_410' title='bbox 2512 1492 2645 1546; x_wconf 71' lang='grc' dir='ltr'><strong>Οὔτε</strong></span> <span class='ocrx_word' id='word_1_411' title='bbox 2662 1492 2879 1565; x_wconf 75' lang='grc' dir='ltr'><strong>θαρρεῖν</strong></span> <span class='ocrx_word' id='word_1_412' title='bbox 2907 1486 3188 1563; x_wconf 81' lang='grc' dir='ltr'><strong>ἀναγκαῖον</strong></span> <span class='ocrx_word' id='word_1_413' title='bbox 3211 1496 3299 1549; x_wconf 72' lang='grc' dir='ltr'><strong>ἐπὶ</strong></span> <span class='ocrx_word' id='word_1_414' title='bbox 3326 1497 3401 1566; x_wconf 82' lang='grc' dir='ltr'><strong>τῷ</strong></span> <span class='ocrx_word' id='word_1_415' title='bbox 3422 1497 3610 1566; x_wconf 83' lang='grc' dir='ltr'><strong>πλήθει</strong></span> <span class='ocrx_word' id='word_1_416' title='bbox 3633 1499 3737 1552; x_wconf 74' lang='grc' dir='ltr'><strong>τῶν</strong></span> <span class='ocrx_word' id='word_1_417' title='bbox 3768 1498 3972 1568; x_wconf 82' lang='grc' dir='ltr'><strong>ἀνδρα-</strong></span> 
     </span>
    </p>
   </div>
   <div class='ocr_carea' id='block_1_71' title="bbox 2440 1580 3973 1655">
    <p class='ocr_par' dir='ltr' id='par_1_71' title="bbox 2440 1580 3973 1655">
     <span class='ocr_line' id='line_1_71' title="bbox 2440 1580 3973 1655; baseline 0.003 -23"><span class='ocrx_word' id='word_1_418' title='bbox 2440 1580 2782 1651; x_wconf 85' lang='grc' dir='ltr'><strong>γαθημάτων,</strong></span> <span class='ocrx_word' id='word_1_419' title='bbox 2820 1582 2931 1636; x_wconf 75' lang='grc' dir='ltr'><strong>οὒτ’</strong></span> <span class='ocrx_word' id='word_1_420' title='bbox 2977 1584 3359 1652; x_wconf 77' lang='grc' dir='ltr'><strong>ἀπογινώσκειν</strong></span> <span class='ocrx_word' id='word_1_421' title='bbox 3408 1587 3497 1638; x_wconf 72' lang='grc' dir='ltr'><strong>ἐπὶ</strong></span> <span class='ocrx_word' id='word_1_422' title='bbox 3534 1589 3642 1647; x_wconf 87' lang='grc' dir='ltr'><strong>τοῖς</strong></span> <span class='ocrx_word' id='word_1_423' title='bbox 3672 1588 3973 1655; x_wconf 72' lang='grc' dir='ltr'><strong>ἐπταισμέ-</strong></span> 
     </span>
    </p>
   </div>
   <div class='ocr_carea' id='block_1_72' title="bbox 2440 1671 3973 1745">
    <p class='ocr_par' dir='ltr' id='par_1_72' title="bbox 2440 1671 3973 1745">
     <span class='ocr_line' id='line_1_72' title="bbox 2440 1671 3973 1745; baseline 0.005 -27"><span class='ocrx_word' id='word_1_424' title='bbox 2440 1684 2567 1730; x_wconf 81' lang='grc' dir='ltr'><strong>νοις.</strong></span> <span class='ocrx_word' id='word_1_425' title='bbox 2613 1671 2722 1721; x_wconf 73' lang='grc' dir='ltr'><strong>Καὶ</strong></span> <span class='ocrx_word' id='word_1_426' title='bbox 2772 1671 2877 1739; x_wconf 80' lang='grc' dir='ltr'><strong>γὰρ</strong></span> <span class='ocrx_word' id='word_1_427' title='bbox 2904 1672 2932 1723; x_wconf 85' lang='grc' dir='ltr'><strong>ό</strong></span> <span class='ocrx_word' id='word_1_428' title='bbox 2960 1674 3241 1742; x_wconf 78' lang='grc' dir='ltr'><strong>Φαρισαῖος</strong></span> <span class='ocrx_word' id='word_1_429' title='bbox 3294 1674 3566 1745; x_wconf 76' lang='grc' dir='ltr'><strong>θαρρήσας</strong></span> <span class='ocrx_word' id='word_1_430' title='bbox 3613 1676 3696 1726; x_wconf 72' lang='grc' dir='ltr'><strong>ἐπ’</strong></span> <span class='ocrx_word' id='word_1_431' title='bbox 3734 1674 3973 1745; x_wconf 72' lang='grc' dir='ltr'><strong>ἐργασίᾳ</strong></span> 
     </span>
    </p>
   </div>
   <div class='ocr_carea' id='block_1_73' title="bbox 2438 1756 3969 1829">
    <p class='ocr_par' dir='ltr' id='par_1_73' title="bbox 2438 1756 3969 1829">
     <span class='ocr_line' id='line_1_73' title="bbox 2438 1756 3969 1829; baseline 0.014 -26"><span class='ocrx_word' id='word_1_432' title='bbox 2438 1757 2665 1824; x_wconf 72' lang='grc' dir='ltr'><strong>χρηστῇ,</strong></span> <span class='ocrx_word' id='word_1_433' title='bbox 2694 1756 2752 1818; x_wconf 78' lang='grc' dir='ltr'><strong>ἐξ</strong></span> <span class='ocrx_word' id='word_1_434' title='bbox 2788 1757 2945 1809; x_wconf 81' lang='grc' dir='ltr'><strong>αὑτοῦ</strong></span> <span class='ocrx_word' id='word_1_435' title='bbox 2972 1758 3069 1826; x_wconf 85' lang='grc' dir='ltr'><strong>τῆς</strong></span> <span class='ocrx_word' id='word_1_436' title='bbox 3108 1760 3304 1829; x_wconf 75' lang='grc' dir='ltr'><strong>ἀρετῆς</strong></span> <span class='ocrx_word' id='word_1_437' title='bbox 3331 1761 3629 1829; x_wconf 76' lang='grc' dir='ltr'><strong>κατηνέχθη</strong></span> <span class='ocrx_word' id='word_1_438' title='bbox 3645 1761 3736 1812; x_wconf 82' lang='grc' dir='ltr'><strong>τοῦ</strong></span> <span class='ocrx_word' id='word_1_439' title='bbox 3768 1760 3969 1828; x_wconf 65' lang='grc' dir='ltr'><strong>ὕψους.</strong></span> 
     </span>
    </p>
   </div>
   <div class='ocr_carea' id='block_1_74' title="bbox 2435 1840 3973 1916">
    <p class='ocr_par' dir='ltr' id='par_1_74' title="bbox 2435 1840 3973 1916">
     <span class='ocr_line' id='line_1_74' title="bbox 2435 1840 3973 1916; baseline 0.005 -25"><span class='ocrx_word' id='word_1_440' title='bbox 2435 1840 2527 1891; x_wconf 61' lang='grc' dir='ltr'><strong>καὶ⁵</strong></span> <span class='ocrx_word' id='word_1_441' title='bbox 2550 1842 2579 1892; x_wconf 84' lang='grc' dir='ltr'><strong>ό</strong></span> <span class='ocrx_word' id='word_1_442' title='bbox 2603 1840 2833 1911; x_wconf 80' lang='grc' dir='ltr'><strong>τελώνης</strong></span> <span class='ocrx_word' id='word_1_443' title='bbox 2860 1842 2934 1912; x_wconf 81' lang='grc' dir='ltr'><strong>μὴ</strong></span> <span class='ocrx_word' id='word_1_444' title='bbox 2971 1844 3231 1911; x_wconf 74' lang='grc' dir='ltr'><strong>ἀπογνοὺς</strong></span> <span class='ocrx_word' id='word_1_445' title='bbox 3260 1846 3508 1898; x_wconf 79' lang='grc' dir='ltr'><strong>τοσοῦτον</strong></span> <span class='ocrx_word' id='word_1_446' title='bbox 3545 1846 3855 1916; x_wconf 72' lang='grc' dir='ltr'><strong>ἀνωρθώθη,</strong></span> <span class='ocrx_word' id='word_1_447' title='bbox 3889 1846 3973 1907; x_wconf 85' lang='grc' dir='ltr'><strong>ὡς</strong></span> 
     </span>
    </p>
   </div>
   <div class='ocr_carea' id='block_1_75' title="bbox 2438 1927 3969 2005">
    <p class='ocr_par' dir='ltr' id='par_1_75' title="bbox 2438 1927 3969 2005">
     <span class='ocr_line' id='line_1_75' title="bbox 2438 1927 3969 2005; baseline 0.007 -28"><span class='ocrx_word' id='word_1_448' title='bbox 2438 1927 2526 1977; x_wconf 82' lang='grc' dir='ltr'><strong>καὶ</strong></span> <span class='ocrx_word' id='word_1_449' title='bbox 2546 1929 2634 1979; x_wconf 86' lang='grc' dir='ltr'><strong>τὸν</strong></span> <span class='ocrx_word' id='word_1_450' title='bbox 2658 1930 2906 1999; x_wconf 80' lang='grc' dir='ltr'><strong>ἐνάρετον</strong></span> <span class='ocrx_word' id='word_1_451' title='bbox 2937 1932 3219 2000; x_wconf 78' lang='grc' dir='ltr'><strong>Φαρισαῖον</strong></span> <span class='ocrx_word' id='word_1_452' title='bbox 3268 1934 3561 2004; x_wconf 79' lang='grc' dir='ltr'><strong>ὑπερϐῆναι</strong></span> <span class='ocrx_word' id='word_1_453' title='bbox 3581 1938 3644 2005; x_wconf 82' lang='grc' dir='ltr'><strong>τῇ</strong></span> <span class='ocrx_word' id='word_1_454' title='bbox 3674 1935 3835 2003; x_wconf 73' lang='grc' dir='ltr'><strong>ψὴφω</strong></span> <span class='ocrx_word' id='word_1_455' title='bbox 3865 1935 3969 1987; x_wconf 77' lang='grc' dir='ltr'><strong>τοῦ</strong></span> 
     </span>
    </p>
   </div>
   <div class='ocr_carea' id='block_1_76' title="bbox 2435 2014 2751 2080">
    <p class='ocr_par' dir='ltr' id='par_1_76' title="bbox 2435 2014 2751 2080">
     <span class='ocr_line' id='line_1_76' title="bbox 2435 2014 2751 2080; baseline 0.019 -17"><span class='ocrx_word' id='word_1_456' title='bbox 2435 2014 2751 2080; x_wconf 81' lang='grc' dir='ltr'><strong>κρείττονος.</strong></span> 
     </span>
    </p>
   </div>
   <div class='ocr_carea' id='block_1_77' title="bbox 2650 2099 3735 2184">
    <p class='ocr_par' dir='ltr' id='par_1_77' title="bbox 2650 2099 3735 2184">
     <span class='ocr_line' id='line_1_77' title="bbox 2650 2099 3735 2184; baseline 0.009 -27"><span class='ocrx_word' id='word_1_457' title='bbox 2650 2106 2811 2158; x_wconf 58' lang='grc' dir='ltr'><strong>ΣΛΑἎ</strong></span> <span class='ocrx_word' id='word_1_458' title='bbox 2843 2137 2911 2150; x_wconf 76' lang='grc' dir='ltr'><strong>-ι-⁹</strong></span> <span class='ocrx_word' id='word_1_459' title='bbox 2940 2099 3284 2179; x_wconf 80' lang='grc' dir='ltr'><strong>ΝΙΚΑΡΕΤῼ</strong></span> <span class='ocrx_word' id='word_1_460' title='bbox 3324 2112 3735 2184; x_wconf 78' lang='grc' dir='ltr'><strong>ΣΚΡΙΝΙΔΡῘῼ.</strong></span> 
     </span>
    </p>
   </div>
   <div class='ocr_carea' id='block_1_78' title="bbox 2504 2178 3965 2276">
    <p class='ocr_par' dir='ltr' id='par_1_78' title="bbox 2504 2178 3965 2276">
     <span class='ocr_line' id='line_1_78' title="bbox 2504 2178 3965 2276; baseline 0.011 -33"><span class='ocrx_word' id='word_1_461' title='bbox 2504 2178 2706 2270; x_wconf 57' lang='grc' dir='ltr'><strong>ξὯσπερ</strong></span> <span class='ocrx_word' id='word_1_462' title='bbox 2741 2183 3000 2266; x_wconf 78' lang='grc' dir='ltr'><strong>θαλάττης</strong></span> <span class='ocrx_word' id='word_1_463' title='bbox 3037 2178 3322 2272; x_wconf 74' lang='grc' dir='ltr'><strong>αἰρομένης</strong></span> <span class='ocrx_word' id='word_1_464' title='bbox 3363 2204 3441 2263; x_wconf 78' lang='grc' dir='ltr'><strong>εἰς</strong></span> <span class='ocrx_word' id='word_1_465' title='bbox 3476 2202 3623 2271; x_wconf 82' lang='grc' dir='ltr'><strong>ὕψος,</strong></span> <span class='ocrx_word' id='word_1_466' title='bbox 3655 2178 3742 2258; x_wconf 71' lang='grc' dir='ltr'><strong>καὶ</strong></span> <span class='ocrx_word' id='word_1_467' title='bbox 3780 2209 3965 2276; x_wconf 74' lang='grc' dir='ltr'><strong>κυμάσ-</strong></span> 
     </span>
    </p>
   </div>
   <div class='ocr_carea' id='block_1_79' title="bbox 2431 2262 3967 2363">
    <p class='ocr_par' dir='ltr' id='par_1_79' title="bbox 2431 2262 3967 2363">
     <span class='ocr_line' id='line_1_79' title="bbox 2431 2262 3967 2363; baseline 0.012 -36"><span class='ocrx_word' id='word_1_468' title='bbox 2431 2262 2536 2330; x_wconf 76' lang='grc' dir='ltr'><strong>των</strong></span> <span class='ocrx_word' id='word_1_469' title='bbox 2566 2262 2823 2333; x_wconf 78' lang='grc' dir='ltr'><strong>πάντοθεν</strong></span> <span class='ocrx_word' id='word_1_470' title='bbox 2867 2285 3275 2358; x_wconf 76' lang='grc' dir='ltr'><strong>κορυφουμένων</strong></span> <span class='ocrx_word' id='word_1_471' title='bbox 3316 2289 3374 2340; x_wconf 82' lang='grc' dir='ltr'><strong>τὸ</strong></span> <span class='ocrx_word' id='word_1_472' title='bbox 3407 2291 3606 2357; x_wconf 65' lang='grc' dir='ltr'><strong>σκάφος</strong></span> <span class='ocrx_word' id='word_1_473' title='bbox 3635 2293 3967 2363; x_wconf 75' lang='grc' dir='ltr'><strong>ὑποϐρύχιον</strong></span> 
     </span>
    </p>
   </div>
   <div class='ocr_carea' id='block_1_80' title="bbox 2444 2362 3965 2449">
    <p class='ocr_par' dir='ltr' id='par_1_80' title="bbox 2444 2362 3965 2449">
     <span class='ocr_line' id='line_1_80' title="bbox 2444 2362 3965 2449; baseline 0.013 -33"><span class='ocrx_word' id='word_1_474' title='bbox 2444 2364 2670 2431; x_wconf 85' lang='grc' dir='ltr'><strong>γίνεται,</strong></span> <span class='ocrx_word' id='word_1_475' title='bbox 2705 2368 2869 2432; x_wconf 77' lang='grc' dir='ltr'><strong>οὕτως</strong></span> <span class='ocrx_word' id='word_1_476' title='bbox 2889 2362 2979 2423; x_wconf 77' lang='grc' dir='ltr'><strong>καὶ</strong></span> <span class='ocrx_word' id='word_1_477' title='bbox 3030 2372 3191 2443; x_wconf 80' lang='grc' dir='ltr'><strong>ψυχὴ,</strong></span> <span class='ocrx_word' id='word_1_478' title='bbox 3220 2377 3316 2443; x_wconf 80' lang='grc' dir='ltr'><strong>τῆς</strong></span> <span class='ocrx_word' id='word_1_479' title='bbox 3367 2376 3597 2445; x_wconf 81' lang='grc' dir='ltr'><strong>ἀθυμίας</strong></span> <span class='ocrx_word' id='word_1_480' title='bbox 3624 2362 3787 2449; x_wconf 77' lang='grc' dir='ltr'><strong>αὐτὴν</strong></span> <span class='ocrx_word' id='word_1_481' title='bbox 3816 2362 3965 2435; x_wconf 80' lang='grc' dir='ltr'><strong>πάν-</strong></span> 
     </span>
    </p>
   </div>
   <div class='ocr_carea' id='block_1_81' title="bbox 2396 2454 3964 2536">
    <p class='ocr_par' dir='ltr' id='par_1_81' title="bbox 2396 2454 3964 2536">
     <span class='ocr_line' id='line_1_81' title="bbox 2396 2454 3964 2536; baseline 0.01 -31"><span class='ocrx_word' id='word_1_482' title='bbox 2396 2454 2581 2505; x_wconf 83' lang='grc' dir='ltr'><strong>,τοθεν</strong></span> <span class='ocrx_word' id='word_1_483' title='bbox 2661 2458 3212 2529; x_wconf 69' lang='grc' dir='ltr'><strong>περιστοιχιςομένης,</strong></span> <span class='ocrx_word' id='word_1_484' title='bbox 3286 2464 3638 2531; x_wconf 82' lang='grc' dir='ltr'><strong>ἀποπνίγεται</strong></span> <span class='ocrx_word' id='word_1_485' title='bbox 3707 2469 3964 2536; x_wconf 78' lang='grc' dir='ltr'><strong>ταχέως,</strong></span> 
     </span>
    </p>
   </div>
   <div class='ocr_carea' id='block_1_82' title="bbox 2431 2539 4013 2623">
    <p class='ocr_par' dir='ltr' id='par_1_82' title="bbox 2431 2539 4013 2623">
     <span class='ocr_line' id='line_1_82' title="bbox 2431 2539 4013 2623; baseline 0.013 -34"><span class='ocrx_word' id='word_1_486' title='bbox 2431 2539 2496 2590; x_wconf 84' lang='grc' dir='ltr'><strong>ἂν</strong></span> <span class='ocrx_word' id='word_1_487' title='bbox 2520 2540 2591 2609; x_wconf 82' lang='grc' dir='ltr'><strong>μὴ</strong></span> <span class='ocrx_word' id='word_1_488' title='bbox 2626 2541 2758 2611; x_wconf 77' lang='grc' dir='ltr'><strong>εὕρῃ</strong></span> <span class='ocrx_word' id='word_1_489' title='bbox 2782 2544 2900 2596; x_wconf 77' lang='grc' dir='ltr'><strong>τινὰ</strong></span> <span class='ocrx_word' id='word_1_490' title='bbox 2958 2549 3109 2615; x_wconf 86' lang='grc' dir='ltr'><strong>χεῖρα</strong></span> <span class='ocrx_word' id='word_1_491' title='bbox 3158 2548 3431 2617; x_wconf 78' lang='grc' dir='ltr'><strong>ὀρέγοντα,</strong></span> <span class='ocrx_word' id='word_1_492' title='bbox 3466 2553 3556 2603; x_wconf 77' lang='grc' dir='ltr'><strong>καὶ</strong></span> <span class='ocrx_word' id='word_1_493' title='bbox 3605 2554 3964 2623; x_wconf 76' lang='grc' dir='ltr'><strong>παραμυθοῦ·</strong></span> <span class='ocrx_word' id='word_1_494' title='bbox 4000 2572 4013 2587; x_wconf 84' lang='lat'><strong><em>°</em></strong></span> 
     </span>
    </p>
   </div>
   <div class='ocr_carea' id='block_1_83' title="bbox 2433 2646 2603 2694">
    <p class='ocr_par' dir='ltr' id='par_1_83' title="bbox 2433 2646 2603 2694">
     <span class='ocr_line' id='line_1_83' title="bbox 2433 2646 2603 2694; baseline 0.006 -15"><span class='ocrx_word' id='word_1_495' title='bbox 2433 2646 2603 2694; x_wconf 86' lang='grc' dir='ltr'><strong>μενον.</strong></span> 
     </span>
    </p>
   </div>
   <div class='ocr_carea' id='block_1_84' title="bbox 2430 2717 3961 2798">
    <p class='ocr_par' dir='ltr' id='par_1_84' title="bbox 2430 2717 3961 2798">
     <span class='ocr_line' id='line_1_84' title="bbox 2430 2717 3961 2798; baseline 0.013 -32"><span class='ocrx_word' id='word_1_496' title='bbox 2430 2717 2589 2769; x_wconf 83' lang='grc' dir='ltr'><strong>ΣΑΒ⁴.</strong></span> <span class='ocrx_word' id='word_1_497' title='bbox 2618 2748 2681 2758; x_wconf 88' lang='grc'><strong>-</strong></span> <span class='ocrx_word' id='word_1_498' title='bbox 2702 2720 3047 2775; x_wconf 77' lang='grc' dir='ltr'><strong>ΜΟΝΑΧΟῘΣ</strong></span> <span class='ocrx_word' id='word_1_499' title='bbox 3078 2724 3166 2776; x_wconf 84' lang='grc' dir='ltr'><strong>ΕΝ</strong></span> <span class='ocrx_word' id='word_1_500' title='bbox 3180 2724 3271 2795; x_wconf 80' lang='grc' dir='ltr'><strong>Ἱᾙ</strong></span> <span class='ocrx_word' id='word_1_501' title='bbox 3295 2726 3559 2798; x_wconf 75' lang='grc' dir='ltr'><strong>ΚΙΛΙΚΙᾼ</strong></span> <span class='ocrx_word' id='word_1_502' title='bbox 3579 2731 3961 2786; x_wconf 76' lang='grc' dir='ltr'><strong>ΔΙΑΓΟΥΣΙΝ.</strong></span> 
     </span>
    </p>
   </div>
   <div class='ocr_carea' id='block_1_85' title="bbox 2498 2806 3961 2893">
    <p class='ocr_par' dir='ltr' id='par_1_85' title="bbox 2498 2806 3961 2893">
     <span class='ocr_line' id='line_1_85' title="bbox 2498 2806 3961 2893; baseline 0.012 -37"><span class='ocrx_word' id='word_1_503' title='bbox 2498 2806 2569 2857; x_wconf 83' lang='grc' dir='ltr'><strong>Οὐ</strong></span> <span class='ocrx_word' id='word_1_504' title='bbox 2595 2807 2843 2874; x_wconf 81' lang='grc' dir='ltr'><strong>μετρίως,</strong></span> <span class='ocrx_word' id='word_1_505' title='bbox 2876 2809 3009 2863; x_wconf 86' lang='grc' dir='ltr'><strong>ἁλλά</strong></span> <span class='ocrx_word' id='word_1_506' title='bbox 3058 2812 3147 2863; x_wconf 73' lang='grc' dir='ltr'><strong>καὶ</strong></span> <span class='ocrx_word' id='word_1_507' title='bbox 3199 2813 3338 2866; x_wconf 81' lang='grc' dir='ltr'><strong>πάνυ</strong></span> <span class='ocrx_word' id='word_1_508' title='bbox 3373 2817 3616 2883; x_wconf 84' lang='grc' dir='ltr'><strong>μεγάλως</strong></span> <span class='ocrx_word' id='word_1_509' title='bbox 3658 2821 3961 2893; x_wconf 76' lang='grc' dir='ltr'><strong>ἐχάρημεν,</strong></span> 
     </span>
    </p>
   </div>
   <div class='ocr_carea' id='block_1_86' title="bbox 2428 2892 3962 2971">
    <p class='ocr_par' dir='ltr' id='par_1_86' title="bbox 2428 2892 3962 2971">
     <span class='ocr_line' id='line_1_86' title="bbox 2428 2892 3962 2971; baseline 0.011 -27"><span class='ocrx_word' id='word_1_510' title='bbox 2428 2892 2850 2959; x_wconf 82' lang='grc' dir='ltr'><strong>ἀπαγγείλαντος</strong></span> <span class='ocrx_word' id='word_1_511' title='bbox 2883 2899 3011 2965; x_wconf 80' lang='grc' dir='ltr'><strong>ἡμῖν</strong></span> <span class='ocrx_word' id='word_1_512' title='bbox 3040 2900 3106 2952; x_wconf 80' lang='grc' dir='ltr'><strong>τά</strong></span> <span class='ocrx_word' id='word_1_513' title='bbox 3135 2900 3252 2952; x_wconf 79' lang='grc' dir='ltr'><strong>καθ’</strong></span> <span class='ocrx_word' id='word_1_514' title='bbox 3272 2902 3409 2971; x_wconf 80' lang='grc' dir='ltr'><strong>ὑμᾶς</strong></span> <span class='ocrx_word' id='word_1_515' title='bbox 3421 2904 3510 2956; x_wconf 80' lang='grc' dir='ltr'><strong>τοῦ</strong></span> <span class='ocrx_word' id='word_1_516' title='bbox 3544 2906 3962 2961; x_wconf 77' lang='grc' dir='ltr'><strong>θεοσεόεστάτου</strong></span> 
     </span>
    </p>
   </div>
   <div class='ocr_carea' id='block_1_87' title="bbox 2430 2976 3961 3066">
    <p class='ocr_par' dir='ltr' id='par_1_87' title="bbox 2430 2976 3961 3066">
     <span class='ocr_line' id='line_1_87' title="bbox 2430 2976 3961 3066; baseline 0.013 -37"><span class='ocrx_word' id='word_1_517' title='bbox 2430 2981 2796 3051; x_wconf 80' lang='grc' dir='ltr'><strong>πρεσϐυτέρου</strong></span> <span class='ocrx_word' id='word_1_518' title='bbox 2835 2985 3093 3054; x_wconf 85' lang='grc' dir='ltr'><strong>Μαρίνου,</strong></span> <span class='ocrx_word' id='word_1_519' title='bbox 3123 2987 3197 3049; x_wconf 85' lang='grc' dir='ltr'><strong>ὡς</strong></span> <span class='ocrx_word' id='word_1_520' title='bbox 3260 2976 3391 3059; x_wconf 79' lang='grc' dir='ltr'><strong>πρὸς</strong></span> <span class='ocrx_word' id='word_1_521' title='bbox 3438 2994 3613 3045; x_wconf 76' lang='grc' dir='ltr'><strong>πᾶσαν</strong></span> <span class='ocrx_word' id='word_1_522' title='bbox 3671 2996 3961 3066; x_wconf 80' lang='grc' dir='ltr'><strong>ἀκρίϐειαν</strong></span> 
     </span>
    </p>
   </div>
   <div class='ocr_carea' id='block_1_88' title="bbox 2424 3069 3958 3156">
    <p class='ocr_par' dir='ltr' id='par_1_88' title="bbox 2424 3069 3958 3156">
     <span class='ocr_line' id='line_1_88' title="bbox 2424 3069 3958 3156; baseline 0.014 -38"><span class='ocrx_word' id='word_1_523' title='bbox 2424 3070 2548 3130; x_wconf 81' lang='grc' dir='ltr'><strong>τοὺς</strong></span> <span class='ocrx_word' id='word_1_524' title='bbox 2569 3069 2891 3134; x_wconf 82' lang='grc' dir='ltr'><strong>ἀποστόλους</strong></span> <span class='ocrx_word' id='word_1_525' title='bbox 2919 3075 3277 3146; x_wconf 84' lang='grc' dir='ltr'><strong>ὲμεμίμησθε,</strong></span> <span class='ocrx_word' id='word_1_526' title='bbox 3316 3080 3707 3150; x_wconf 83' lang='grc' dir='ltr'><strong>ἀποταξάμενοί</strong></span> <span class='ocrx_word' id='word_1_527' title='bbox 3734 3102 3958 3156; x_wconf 77' lang='grc' dir='ltr'><strong>τεπρο-</strong></span> 
     </span>
    </p>
   </div>
   <div class='ocr_carea' id='block_1_89' title="bbox 2363 3155 3958 3237">
    <p class='ocr_par' dir='ltr' id='par_1_89' title="bbox 2363 3155 3958 3237">
     <span class='ocr_line' id='line_1_89' title="bbox 2363 3155 3958 3237; baseline 0.014 -33"><span class='ocrx_word' id='word_1_528' title='bbox 2363 3200 2367 3203; x_wconf 42' lang='grc' dir='ltr'><strong>τ</strong></span> <span class='ocrx_word' id='word_1_529' title='bbox 2418 3155 2599 3224; x_wconf 78' lang='grc' dir='ltr'><strong>θύμως</strong></span> <span class='ocrx_word' id='word_1_530' title='bbox 2624 3160 2734 3219; x_wconf 81' lang='grc' dir='ltr'><strong>τοῖς</strong></span> <span class='ocrx_word' id='word_1_531' title='bbox 2765 3160 2856 3211; x_wconf 85' lang='grc' dir='ltr'><strong>τοῦ</strong></span> <span class='ocrx_word' id='word_1_532' title='bbox 2916 3162 3115 3230; x_wconf 79' lang='grc' dir='ltr'><strong>κόσμου</strong></span> <span class='ocrx_word' id='word_1_533' title='bbox 3182 3166 3513 3235; x_wconf 82' lang='grc' dir='ltr'><strong>πράγμασιν,</strong></span> <span class='ocrx_word' id='word_1_534' title='bbox 3563 3171 3714 3237; x_wconf 86' lang='grc' dir='ltr'><strong>γένος</strong></span> <span class='ocrx_word' id='word_1_535' title='bbox 3764 3190 3821 3225; x_wconf 88' lang='grc' dir='ltr'><strong>τε</strong></span> <span class='ocrx_word' id='word_1_536' title='bbox 3859 3175 3958 3227; x_wconf 79' lang='grc' dir='ltr'><strong>καὶ</strong></span> 
     </span>
    </p>
   </div>
   <div class='ocr_carea' id='block_1_90' title="bbox 2414 3243 3958 3327">
    <p class='ocr_par' dir='ltr' id='par_1_90' title="bbox 2414 3243 3958 3327">
     <span class='ocr_line' id='line_1_90' title="bbox 2414 3243 3958 3327; baseline 0.015 -34"><span class='ocrx_word' id='word_1_537' title='bbox 2414 3243 2628 3313; x_wconf 77' lang='grc' dir='ltr'><strong>τέρψεις</strong></span> <span class='ocrx_word' id='word_1_538' title='bbox 2653 3246 2912 3317; x_wconf 75' lang='grc' dir='ltr'><strong>βλαϐερὰς</strong></span> <span class='ocrx_word' id='word_1_539' title='bbox 2951 3250 3286 3319; x_wconf 76' lang='grc' dir='ltr'><strong>ὑπεριδόντες</strong></span> <span class='ocrx_word' id='word_1_540' title='bbox 3308 3293 3324 3315; x_wconf 91' lang='grc'><strong>,</strong></span> <span class='ocrx_word' id='word_1_541' title='bbox 3359 3256 3449 3307; x_wconf 76' lang='grc' dir='ltr'><strong>καὶ</strong></span> <span class='ocrx_word' id='word_1_542' title='bbox 3481 3259 3612 3327; x_wconf 80' lang='grc' dir='ltr'><strong>πρὸς</strong></span> <span class='ocrx_word' id='word_1_543' title='bbox 3639 3260 3727 3312; x_wconf 82' lang='grc' dir='ltr'><strong>τὸν</strong></span> <span class='ocrx_word' id='word_1_544' title='bbox 3759 3263 3958 3316; x_wconf 75' lang='grc' dir='ltr'><strong>ἐπίπο-</strong></span> 
     </span>
    </p>
   </div>
   <div class='ocr_carea' id='block_1_91' title="bbox 2413 3333 3956 3419">
    <p class='ocr_par' dir='ltr' id='par_1_91' title="bbox 2413 3333 3956 3419">
     <span class='ocr_line' id='line_1_91' title="bbox 2413 3333 3956 3419; baseline 0.013 -37"><span class='ocrx_word' id='word_1_545' title='bbox 2413 3348 2500 3383; x_wconf 89' lang='grc' dir='ltr'><strong>νον</strong></span> <span class='ocrx_word' id='word_1_546' title='bbox 2526 3333 2879 3400; x_wconf 81' lang='grc' dir='ltr'><strong>μετετάξασθε</strong></span> <span class='ocrx_word' id='word_1_547' title='bbox 2907 3336 3038 3404; x_wconf 82' lang='grc' dir='ltr'><strong>βίον,</strong></span> <span class='ocrx_word' id='word_1_548' title='bbox 3064 3342 3208 3411; x_wconf 77' lang='grc' dir='ltr'><strong>πάσῃ</strong></span> <span class='ocrx_word' id='word_1_549' title='bbox 3224 3345 3553 3415; x_wconf 77' lang='grc' dir='ltr'><strong>κακοπαθείᾳ</strong></span> <span class='ocrx_word' id='word_1_550' title='bbox 3581 3348 3668 3398; x_wconf 76' lang='grc' dir='ltr'><strong>καὶ</strong></span> <span class='ocrx_word' id='word_1_551' title='bbox 3690 3349 3956 3419; x_wconf 87' lang='grc' dir='ltr'><strong>σκληρου-</strong></span> 
     </span>
    </p>
   </div>
   <div class='ocr_carea' id='block_1_92' title="bbox 2412 3419 3955 3502">
    <p class='ocr_par' dir='ltr' id='par_1_92' title="bbox 2412 3419 3955 3502">
     <span class='ocr_line' id='line_1_92' title="bbox 2412 3419 3955 3502; baseline 0.013 -33"><span class='ocrx_word' id='word_1_552' title='bbox 2412 3419 2503 3487; x_wconf 77' lang='grc' dir='ltr'><strong>χξᾳ</strong></span> <span class='ocrx_word' id='word_1_553' title='bbox 2529 3421 2613 3472; x_wconf 69' lang='grc' dir='ltr'><strong>διὰ</strong></span> <span class='ocrx_word' id='word_1_554' title='bbox 2642 3421 2768 3473; x_wconf 73' lang='grc' dir='ltr'><strong>Θεὸν</strong></span> <span class='ocrx_word' id='word_1_555' title='bbox 2800 3424 3022 3487; x_wconf 80' lang='grc' dir='ltr'><strong>ἑαυτοὺς</strong></span> <span class='ocrx_word' id='word_1_556' title='bbox 3049 3427 3336 3491; x_wconf 79' lang='grc' dir='ltr'><strong>ἐπιδόντες,</strong></span> <span class='ocrx_word' id='word_1_557' title='bbox 3368 3433 3461 3482; x_wconf 71' lang='grc' dir='ltr'><strong>καὶ</strong></span> <span class='ocrx_word' id='word_1_558' title='bbox 3492 3434 3745 3502; x_wconf 76' lang='grc' dir='ltr'><strong>στόμασιν</strong></span> <span class='ocrx_word' id='word_1_559' title='bbox 3771 3437 3955 3489; x_wconf 73' lang='grc' dir='ltr'><strong>ἀπαύ-</strong></span> 
     </span>
    </p>
   </div>
   <div class='ocr_carea' id='block_1_93' title="bbox 2414 3509 3955 3588">
    <p class='ocr_par' dir='ltr' id='par_1_93' title="bbox 2414 3509 3955 3588">
     <span class='ocr_line' id='line_1_93' title="bbox 2414 3509 3955 3588; baseline 0.014 -33"><span class='ocrx_word' id='word_1_560' title='bbox 2414 3523 2556 3568; x_wconf 85' lang='grc' dir='ltr'><strong>στοις</strong></span> <span class='ocrx_word' id='word_1_561' title='bbox 2584 3509 2920 3578; x_wconf 77' lang='grc' dir='ltr'><strong>γεραίροντες</strong></span> <span class='ocrx_word' id='word_1_562' title='bbox 2948 3513 3038 3563; x_wconf 85' lang='grc' dir='ltr'><strong>τὸν</strong></span> <span class='ocrx_word' id='word_1_563' title='bbox 3076 3517 3578 3587; x_wconf 81' lang='grc' dir='ltr'><strong>προσκαλεσάμενον</strong></span> <span class='ocrx_word' id='word_1_564' title='bbox 3612 3521 3751 3588; x_wconf 81' lang='grc' dir='ltr'><strong>ὑμᾶς</strong></span> <span class='ocrx_word' id='word_1_565' title='bbox 3779 3524 3859 3585; x_wconf 86' lang='grc' dir='ltr'><strong>είς</strong></span> <span class='ocrx_word' id='word_1_566' title='bbox 3889 3526 3955 3577; x_wconf 83' lang='grc' dir='ltr'><strong>τὸ</strong></span> 
     </span>
    </p>
   </div>
   <div class='ocr_carea' id='block_1_94' title="bbox 2411 3593 3954 3680">
    <p class='ocr_par' dir='ltr' id='par_1_94' title="bbox 2411 3593 3954 3680">
     <span class='ocr_line' id='line_1_94' title="bbox 2411 3593 3954 3680; baseline 0.016 -37"><span class='ocrx_word' id='word_1_567' title='bbox 2411 3593 2515 3645; x_wconf 83' lang='grc' dir='ltr'><strong>τῶν</strong></span> <span class='ocrx_word' id='word_1_568' title='bbox 2545 3597 2787 3665; x_wconf 81' lang='grc' dir='ltr'><strong>μοναχῶν</strong></span> <span class='ocrx_word' id='word_1_569' title='bbox 2812 3598 3064 3667; x_wconf 86' lang='grc' dir='ltr'><strong>μέγιστον</strong></span> <span class='ocrx_word' id='word_1_570' title='bbox 3090 3603 3326 3672; x_wconf 81' lang='grc' dir='ltr'><strong>ἀξίωμα,</strong></span> <span class='ocrx_word' id='word_1_571' title='bbox 3359 3608 3579 3678; x_wconf 79' lang='grc' dir='ltr'><strong>Σωτῆρα</strong></span> <span class='ocrx_word' id='word_1_572' title='bbox 3610 3612 3702 3662; x_wconf 74' lang='grc' dir='ltr'><strong>καὶ</strong></span> <span class='ocrx_word' id='word_1_573' title='bbox 3724 3612 3954 3680; x_wconf 80' lang='grc' dir='ltr'><strong>βασιλέα</strong></span> 
     </span>
    </p>
   </div>
   <div class='ocr_carea' id='block_1_95' title="bbox 2411 3682 3953 3771">
    <p class='ocr_par' dir='ltr' id='par_1_95' title="bbox 2411 3682 3953 3771">
     <span class='ocr_line' id='line_1_95' title="bbox 2411 3682 3953 3771; baseline 0.014 -39"><span class='ocrx_word' id='word_1_574' title='bbox 2411 3682 2655 3749; x_wconf 81' lang='grc' dir='ltr'><strong>Χριστὸν,</strong></span> <span class='ocrx_word' id='word_1_575' title='bbox 2689 3685 2835 3747; x_wconf 81' lang='grc' dir='ltr'><strong>ὅπως</strong></span> <span class='ocrx_word' id='word_1_576' title='bbox 2856 3684 2920 3738; x_wconf 80' lang='grc' dir='ltr'><strong>ἂν</strong></span> <span class='ocrx_word' id='word_1_577' title='bbox 2945 3687 3040 3739; x_wconf 74' lang='grc' dir='ltr'><strong>καὶ</strong></span> <span class='ocrx_word' id='word_1_578' title='bbox 3059 3690 3234 3757; x_wconf 88' lang='grc' dir='ltr'><strong>ὑμεῖς,</strong></span> <span class='ocrx_word' id='word_1_579' title='bbox 3260 3691 3443 3762; x_wconf 84' lang='grc' dir='ltr'><strong>ὥσπερ</strong></span> <span class='ocrx_word' id='word_1_580' title='bbox 3468 3696 3494 3747; x_wconf 84' lang='grc' dir='ltr'>ὁ</span> <span class='ocrx_word' id='word_1_581' title='bbox 3522 3696 3661 3760; x_wconf 83' lang='grc' dir='ltr'><strong>θεῖος</strong></span> <span class='ocrx_word' id='word_1_582' title='bbox 3690 3698 3953 3771; x_wconf 75' lang='grc' dir='ltr'><strong>λαμπτὴρ</strong></span> 
     </span>
    </p>
   </div>
   <div class='ocr_carea' id='block_1_96' title="bbox 2410 3769 3947 3858">
    <p class='ocr_par' dir='ltr' id='par_1_96' title="bbox 2410 3769 3947 3858">
     <span class='ocr_line' id='line_1_96' title="bbox 2410 3769 3947 3858; baseline 0.016 -39"><span class='ocrx_word' id='word_1_583' title='bbox 2410 3769 2513 3821; x_wconf 82' lang='grc' dir='ltr'><strong>τῶν</strong></span> <span class='ocrx_word' id='word_1_584' title='bbox 2541 3770 2844 3837; x_wconf 83' lang='grc' dir='ltr'><strong>Αίγυπτίων</strong></span> <span class='ocrx_word' id='word_1_585' title='bbox 2885 3776 3176 3845; x_wconf 68' lang='grc' dir='ltr'><strong>Ἀντώνιος,</strong></span> <span class='ocrx_word' id='word_1_586' title='bbox 3209 3782 3344 3849; x_wconf 87' lang='grc' dir='ltr'><strong>μετά</strong></span> <span class='ocrx_word' id='word_1_587' title='bbox 3373 3784 3471 3853; x_wconf 80' lang='grc' dir='ltr'><strong>τὴν</strong></span> <span class='ocrx_word' id='word_1_588' title='bbox 3490 3786 3737 3858; x_wconf 78' lang='grc' dir='ltr'><strong>τελευτὴν</strong></span> <span class='ocrx_word' id='word_1_589' title='bbox 3766 3790 3947 3856; x_wconf 84' lang='grc' dir='ltr'><strong>ὑμῶν,</strong></span> 
     </span>
    </p>
   </div>
   <div class='ocr_carea' id='block_1_97' title="bbox 2409 3859 3949 3943">
    <p class='ocr_par' dir='ltr' id='par_1_97' title="bbox 2409 3859 3949 3943">
     <span class='ocr_line' id='line_1_97' title="bbox 2409 3859 3949 3943; baseline 0.016 -34"><span class='ocrx_word' id='word_1_590' title='bbox 2409 3859 2755 3914; x_wconf 79' lang='grc' dir='ltr'><strong>καταλείπετε</strong></span> <span class='ocrx_word' id='word_1_591' title='bbox 2816 3866 2881 3934; x_wconf 76' lang='grc' dir='ltr'><strong>τῇ</strong></span> <span class='ocrx_word' id='word_1_592' title='bbox 2921 3865 3183 3940; x_wconf 75' lang='grc' dir='ltr'><strong>μελλούσῃ</strong></span> <span class='ocrx_word' id='word_1_593' title='bbox 3230 3875 3387 3942; x_wconf 77' lang='grc' dir='ltr'><strong>γενεᾷ</strong></span> <span class='ocrx_word' id='word_1_594' title='bbox 3431 3876 3610 3929; x_wconf 75' lang='grc' dir='ltr'><strong>εἰκόνα</strong></span> <span class='ocrx_word' id='word_1_595' title='bbox 3673 3877 3949 3943; x_wconf 78' lang='grc' dir='ltr'><strong>πολιτείας</strong></span> 
     </span>
    </p>
   </div>
   <div class='ocr_carea' id='block_1_98' title="bbox 2406 3946 2650 4016">
    <p class='ocr_par' dir='ltr' id='par_1_98' title="bbox 2406 3946 2650 4016">
     <span class='ocr_line' id='line_1_98' title="bbox 2406 3946 2650 4016; baseline 0.012 -18"><span class='ocrx_word' id='word_1_596' title='bbox 2406 3946 2650 4016; x_wconf 80' lang='grc' dir='ltr'><strong>ἀρίστης.</strong></span> 
     </span>
    </p>
   </div>
   <div class='ocr_carea' id='block_1_99' title="bbox 2578 4036 3763 4114">
    <p class='ocr_par' dir='ltr' id='par_1_99' title="bbox 2578 4036 3763 4114">
     <span class='ocr_line' id='line_1_99' title="bbox 2578 4036 3763 4114; baseline 0.016 -28"><span class='ocrx_word' id='word_1_597' title='bbox 2578 4036 2735 4090; x_wconf 61' lang='lat' dir='ltr'><strong>mra</strong></span> <span class='ocrx_word' id='word_1_598' title='bbox 2767 4067 2832 4078; x_wconf 83' lang='lat'><strong>—</strong></span> <span class='ocrx_word' id='word_1_599' title='bbox 2857 4039 3268 4114; x_wconf 75' lang='lat' dir='ltr'><strong>esunsmnm</strong></span> <span class='ocrx_word' id='word_1_600' title='bbox 3311 4047 3763 4106; x_wconf 73' lang='lat' dir='ltr'><strong>npornx&#39;rom.</strong></span> 
     </span>
    </p>
   </div>
   <div class='ocr_carea' id='block_1_100' title="bbox 2486 4121 3944 4208">
    <p class='ocr_par' dir='ltr' id='par_1_100' title="bbox 2486 4121 3944 4208">
     <span class='ocr_line' id='line_1_100' title="bbox 2486 4121 3944 4208; baseline 0.016 -38"><span class='ocrx_word' id='word_1_601' title='bbox 2486 4121 2765 4191; x_wconf 78' lang='grc' dir='ltr'><strong>Ὠφέλιμον</strong></span> <span class='ocrx_word' id='word_1_602' title='bbox 2786 4125 2932 4179; x_wconf 75' lang='grc' dir='ltr'><strong>ἔσται</strong></span> <span class='ocrx_word' id='word_1_603' title='bbox 2956 4145 3055 4193; x_wconf 88' lang='grc' dir='ltr'><strong>σοι,</strong></span> <span class='ocrx_word' id='word_1_604' title='bbox 3082 4131 3171 4181; x_wconf 81' lang='grc' dir='ltr'><strong>καὶ</strong></span> <span class='ocrx_word' id='word_1_605' title='bbox 3214 4132 3349 4199; x_wconf 87' lang='grc' dir='ltr'><strong>άγαν</strong></span> <span class='ocrx_word' id='word_1_606' title='bbox 3386 4136 3684 4204; x_wconf 85' lang='grc' dir='ltr'><strong>κερδαλέον,</strong></span> <span class='ocrx_word' id='word_1_607' title='bbox 3711 4140 3769 4191; x_wconf 79' lang='grc' dir='ltr'><strong>τὸ</strong></span> <span class='ocrx_word' id='word_1_608' title='bbox 3793 4142 3944 4208; x_wconf 71' lang='grc' dir='ltr'><strong>ἔχειν</strong></span> 
     </span>
    </p>
   </div>
   <div class='ocr_carea' id='block_1_101' title="bbox 2403 4207 3942 4296">
    <p class='ocr_par' dir='ltr' id='par_1_101' title="bbox 2403 4207 3942 4296">
     <span class='ocr_line' id='line_1_101' title="bbox 2403 4207 3942 4296; baseline 0.016 -39"><span class='ocrx_word' id='word_1_609' title='bbox 2403 4207 2487 4258; x_wconf 75' lang='grc' dir='ltr'><strong>ἀεὶ</strong></span> <span class='ocrx_word' id='word_1_610' title='bbox 2517 4210 2617 4277; x_wconf 74' lang='grc' dir='ltr'><strong>πρὸ</strong></span> <span class='ocrx_word' id='word_1_611' title='bbox 2639 4210 2925 4282; x_wconf 78' lang='grc' dir='ltr'><strong>ὀφθαλμῶν</strong></span> <span class='ocrx_word' id='word_1_612' title='bbox 2953 4213 3049 4284; x_wconf 68' lang='grc' dir='ltr'><strong>τὴν</strong></span> <span class='ocrx_word' id='word_1_613' title='bbox 3096 4216 3269 4281; x_wconf 77' lang='grc' dir='ltr'><strong>ἔξοδον</strong></span> <span class='ocrx_word' id='word_1_614' title='bbox 3306 4222 3396 4274; x_wconf 82' lang='grc' dir='ltr'><strong>τοῦ</strong></span> <span class='ocrx_word' id='word_1_615' title='bbox 3425 4224 3561 4293; x_wconf 84' lang='grc' dir='ltr'><strong>βίου,</strong></span> <span class='ocrx_word' id='word_1_616' title='bbox 3592 4230 3683 4280; x_wconf 75' lang='grc' dir='ltr'><strong>καὶ</strong></span> <span class='ocrx_word' id='word_1_617' title='bbox 3718 4207 3942 4296; x_wconf 76' lang='grc' dir='ltr'><strong>φεύγειν</strong></span> 
     </span>
    </p>
   </div>
   <div class='ocr_carea' id='block_1_102' title="bbox 2328 4294 3412 4366">
    <p class='ocr_par' dir='ltr' id='par_1_102' title="bbox 2328 4294 3412 4366">
     <span class='ocr_line' id='line_1_102' title="bbox 2328 4294 3412 4366; baseline 0.022 -25"><span class='ocrx_word' id='word_1_618' title='bbox 2328 4307 2372 4361; x_wconf 77' lang='grc' dir='ltr'><strong>ι)</strong></span> <span class='ocrx_word' id='word_1_619' title='bbox 2402 4294 2490 4345; x_wconf 74' lang='grc' dir='ltr'><strong>τοῦ</strong></span> <span class='ocrx_word' id='word_1_620' title='bbox 2511 4296 2750 4352; x_wconf 75' lang='grc' dir='ltr'><strong>διαὸόλου</strong></span> <span class='ocrx_word' id='word_1_621' title='bbox 2778 4305 2844 4356; x_wconf 72' lang='grc' dir='ltr'><strong>τὰ</strong></span> <span class='ocrx_word' id='word_1_622' title='bbox 2876 4306 3180 4361; x_wconf 82' lang='grc' dir='ltr'><strong>πολύπλοκα</strong></span> <span class='ocrx_word' id='word_1_623' title='bbox 3209 4310 3412 4366; x_wconf 76' lang='grc' dir='ltr'><strong>δίκτυα.</strong></span> 
     </span>
    </p>
   </div>
   <div class='ocr_carea' id='block_1_103' title="bbox 2407 4402 3941 4480">
    <p class='ocr_par' dir='ltr' id='par_1_103' title="bbox 2407 4402 3941 4480">
     <span class='ocr_line' id='line_1_103' title="bbox 2407 4402 3941 4480; baseline 0.018 -27"><span class='ocrx_word' id='word_1_624' title='bbox 2407 4402 2561 4458; x_wconf 60' lang='lat' dir='ltr'><strong>man</strong></span> <span class='ocrx_word' id='word_1_625' title='bbox 2591 4434 2656 4446; x_wconf 89' lang='grc'><strong>--</strong></span> <span class='ocrx_word' id='word_1_626' title='bbox 2687 4408 3012 4480; x_wconf 21' lang='grc' dir='ltr'><strong>ΚΑΡΠῨΙΩΝΙ</strong></span> <span class='ocrx_word' id='word_1_627' title='bbox 3061 4416 3376 4480; x_wconf 62' lang='lat' dir='ltr'><strong>“rerum</strong></span> <span class='ocrx_word' id='word_1_628' title='bbox 3437 4421 3567 4473; x_wconf 74' lang='lat' dir='ltr'><strong>rm:</strong></span> <span class='ocrx_word' id='word_1_629' title='bbox 3591 4426 3726 4477; x_wconf 76' lang='grc' dir='ltr'><strong>ΤΩΝ</strong></span> <span class='ocrx_word' id='word_1_630' title='bbox 3774 4428 3941 4480; x_wconf 70' lang='lat' dir='ltr'><strong>om-</strong></span> 
     </span>
    </p>
   </div>
   <div class='ocr_carea' id='block_1_104' title="bbox 2816 4478 3516 4542">
    <p class='ocr_par' dir='ltr' id='par_1_104' title="bbox 2816 4478 3516 4542">
     <span class='ocr_line' id='line_1_104' title="bbox 2816 4478 3516 4542; baseline 0.019 -14"><span class='ocrx_word' id='word_1_631' title='bbox 2816 4478 3159 4533; x_wconf 82' lang='grc' dir='ltr'><strong>ΛΕΝΤΙΝΩΝ</strong></span> <span class='ocrx_word' id='word_1_632' title='bbox 3178 4478 3516 4542; x_wconf 78' lang='grc' dir='ltr'><strong>ΑΙΡΕΣΕΩΣ.</strong></span> 
     </span>
    </p>
   </div>
   <div class='ocr_carea' id='block_1_105' title="bbox 2471 4560 3939 4649">
    <p class='ocr_par' dir='ltr' id='par_1_105' title="bbox 2471 4560 3939 4649">
     <span class='ocr_line' id='line_1_105' title="bbox 2471 4560 3939 4649; baseline 0.017 -38"><span class='ocrx_word' id='word_1_633' title='bbox 2471 4560 2549 4626; x_wconf 80' lang='lat'><strong>(-1)</strong></span> <span class='ocrx_word' id='word_1_634' title='bbox 2594 4563 3137 4636; x_wconf 84' lang='grc' dir='ltr'><strong>Ἀπηρυθριασμένως</strong></span> <span class='ocrx_word' id='word_1_635' title='bbox 3174 4573 3534 4643; x_wconf 86' lang='grc' dir='ltr'><strong>τολμήσαντός</strong></span> <span class='ocrx_word' id='word_1_636' title='bbox 3560 4595 3651 4630; x_wconf 87' lang='grc' dir='ltr'><strong>σου</strong></span> <span class='ocrx_word' id='word_1_637' title='bbox 3683 4581 3786 4649; x_wconf 84' lang='grc' dir='ltr'><strong>πρὸ</strong></span> <span class='ocrx_word' id='word_1_638' title='bbox 3811 4583 3939 4635; x_wconf 83' lang='grc' dir='ltr'><strong>δευ-</strong></span> 
     </span>
    </p>
   </div>
   <div class='ocr_carea' id='block_1_106' title="bbox 2393 4648 3938 4735">
    <p class='ocr_par' dir='ltr' id='par_1_106' title="bbox 2393 4648 3938 4735">
     <span class='ocr_line' id='line_1_106' title="bbox 2393 4648 3938 4735; baseline 0.017 -37"><span class='ocrx_word' id='word_1_639' title='bbox 2393 4648 2556 4718; x_wconf 81' lang='grc' dir='ltr'><strong>τέρας</strong></span> <span class='ocrx_word' id='word_1_640' title='bbox 2580 4652 2787 4719; x_wconf 81' lang='grc' dir='ltr'><strong>ὴμέρας</strong></span> <span class='ocrx_word' id='word_1_641' title='bbox 2808 4654 3008 4723; x_wconf 81' lang='grc' dir='ltr'><strong>ὁμιλεῖν</strong></span> <span class='ocrx_word' id='word_1_642' title='bbox 3036 4659 3090 4709; x_wconf 85' lang='grc' dir='ltr'><strong>ὲν</strong></span> <span class='ocrx_word' id='word_1_643' title='bbox 3112 4660 3256 4730; x_wconf 87' lang='grc' dir='ltr'><strong>τόπῳ</strong></span> <span class='ocrx_word' id='word_1_644' title='bbox 3282 4662 3542 4732; x_wconf 86' lang='grc' dir='ltr'><strong>δημοσίῳ,</strong></span> <span class='ocrx_word' id='word_1_645' title='bbox 3562 4669 3653 4721; x_wconf 79' lang='grc' dir='ltr'><strong>καὶ</strong></span> <span class='ocrx_word' id='word_1_646' title='bbox 3667 4648 3938 4735; x_wconf 83' lang='grc' dir='ltr'><strong>λέγοντος,</strong></span> 
     </span>
    </p>
   </div>
   <div class='ocr_carea' id='block_1_107' title="bbox 2392 4737 3939 4828">
    <p class='ocr_par' dir='ltr' id='par_1_107' title="bbox 2392 4737 3939 4828">
     <span class='ocr_line' id='line_1_107' title="bbox 2392 4737 3939 4828; baseline 0.017 -40"><span class='ocrx_word' id='word_1_647' title='bbox 2392 4737 2577 4806; x_wconf 85' lang='grc' dir='ltr'><strong>ὅτιπερ</strong></span> <span class='ocrx_word' id='word_1_648' title='bbox 2607 4740 2702 4807; x_wconf 83' lang='grc' dir='ltr'><strong>μία</strong></span> <span class='ocrx_word' id='word_1_649' title='bbox 2736 4759 2815 4805; x_wconf 87' lang='grc' dir='ltr'><strong>τις</strong></span> <span class='ocrx_word' id='word_1_650' title='bbox 2843 4745 3032 4815; x_wconf 82' lang='grc' dir='ltr'><strong>ὲγγόνη</strong></span> <span class='ocrx_word' id='word_1_651' title='bbox 3050 4748 3144 4816; x_wconf 84' lang='grc' dir='ltr'><strong>τῆς</strong></span> <span class='ocrx_word' id='word_1_652' title='bbox 3175 4748 3421 4819; x_wconf 78' lang='grc' dir='ltr'><strong>θεότητος</strong></span> <span class='ocrx_word' id='word_1_653' title='bbox 3447 4754 3739 4827; x_wconf 83' lang='grc' dir='ltr'><strong>λεγουμένη</strong></span> <span class='ocrx_word' id='word_1_654' title='bbox 3783 4760 3939 4828; x_wconf 85' lang='grc' dir='ltr'><strong>Ἀχα-</strong></span> 
     </span>
    </p>
   </div>
   <div class='ocr_carea' id='block_1_108' title="bbox 2395 4824 3936 4904">
    <p class='ocr_par' dir='ltr' id='par_1_108' title="bbox 2395 4824 3936 4904">
     <span class='ocr_line' id='line_1_108' title="bbox 2395 4824 3936 4904; baseline 0.019 -30"><span class='ocrx_word' id='word_1_655' title='bbox 2395 4824 2529 4891; x_wconf 84' lang='grc' dir='ltr'><strong>μὼθ,</strong></span> <span class='ocrx_word' id='word_1_656' title='bbox 2561 4828 2936 4898; x_wconf 77' lang='grc' dir='ltr'><strong>ὲπιθυμήσασα</strong></span> <span class='ocrx_word' id='word_1_657' title='bbox 2979 4835 3036 4886; x_wconf 82' lang='grc' dir='ltr'><strong>τὸ</strong></span> <span class='ocrx_word' id='word_1_658' title='bbox 3097 4836 3323 4904; x_wconf 86' lang='grc' dir='ltr'><strong>μέγεθος</strong></span> <span class='ocrx_word' id='word_1_659' title='bbox 3376 4844 3697 4897; x_wconf 75' lang='grc' dir='ltr'><strong>καταλαϐεῖν</strong></span> <span class='ocrx_word' id='word_1_660' title='bbox 3729 4824 3936 4903; x_wconf 39' lang='grc' dir='ltr'><strong>⁷τοῦ-’ἑν</strong></span> 
     </span>
    </p>
   </div>
   <div class='ocr_carea' id='block_1_109' title="bbox 2393 4914 3933 5003">
    <p class='ocr_par' dir='ltr' id='par_1_109' title="bbox 2393 4914 3933 5003">
     <span class='ocr_line' id='line_1_109' title="bbox 2393 4914 3933 5003; baseline 0.018 -38"><span class='ocrx_word' id='word_1_661' title='bbox 2393 4914 2578 4981; x_wconf 63' lang='grc' dir='ltr'><strong>ὕψεσιν</strong></span> <span class='ocrx_word' id='word_1_662' title='bbox 2607 4921 2935 4990; x_wconf 73' lang='grc' dir='ltr'><strong>ἀπορρήτοις</strong></span> <span class='ocrx_word' id='word_1_663' title='bbox 2969 4924 3101 4977; x_wconf 83' lang='grc' dir='ltr'><strong>Θεοῦ</strong></span> <span class='ocrx_word' id='word_1_664' title='bbox 3138 4928 3231 4979; x_wconf 77' lang='grc' dir='ltr'><strong>τοῦ</strong></span> <span class='ocrx_word' id='word_1_665' title='bbox 3269 4938 3798 5003; x_wconf 79' lang='grc' dir='ltr'><strong>προσαγορευομένου</strong></span> <span class='ocrx_word' id='word_1_666' title='bbox 3828 4938 3933 4993; x_wconf 81' lang='grc' dir='ltr'><strong>Βυ-</strong></span> 
     </span>
    </p>
   </div>
   <div class='ocr_carea' id='block_1_110' title="bbox 2390 5004 3931 5089">
    <p class='ocr_par' dir='ltr' id='par_1_110' title="bbox 2390 5004 3931 5089">
     <span class='ocr_line' id='line_1_110' title="bbox 2390 5004 3931 5089; baseline 0.018 -34"><span class='ocrx_word' id='word_1_667' title='bbox 2390 5004 2500 5067; x_wconf 79' lang='grc' dir='ltr'><strong>θοῦ,</strong></span> <span class='ocrx_word' id='word_1_668' title='bbox 2529 5009 2622 5059; x_wconf 78' lang='grc' dir='ltr'><strong>καὶ</strong></span> <span class='ocrx_word' id='word_1_669' title='bbox 2648 5009 2843 5072; x_wconf 81' lang='grc' dir='ltr'><strong>Χάους,</strong></span> <span class='ocrx_word' id='word_1_670' title='bbox 2872 5013 2964 5063; x_wconf 80' lang='grc' dir='ltr'><strong>καὶ</strong></span> <span class='ocrx_word' id='word_1_671' title='bbox 2989 5014 3143 5067; x_wconf 81' lang='grc' dir='ltr'><strong>τοῦτο</strong></span> <span class='ocrx_word' id='word_1_672' title='bbox 3173 5019 3579 5089; x_wconf 81' lang='grc' dir='ltr'><strong>ἐπιχειρήσασα,</strong></span> <span class='ocrx_word' id='word_1_673' title='bbox 3609 5028 3700 5077; x_wconf 73' lang='grc' dir='ltr'><strong>καὶ</strong></span> <span class='ocrx_word' id='word_1_674' title='bbox 3723 5028 3931 5081; x_wconf 82' lang='grc' dir='ltr'><strong>ἀποτυ-</strong></span> 
     </span>
    </p>
   </div>
   <div class='ocr_carea' id='block_1_111' title="bbox 2387 5093 3930 5184">
    <p class='ocr_par' dir='ltr' id='par_1_111' title="bbox 2387 5093 3930 5184">
     <span class='ocr_line' id='line_1_111' title="bbox 2387 5093 3930 5184; baseline 0.018 -41"><span class='ocrx_word' id='word_1_675' title='bbox 2387 5093 2549 5160; x_wconf 73' lang='grc' dir='ltr'><strong>χοῦσα</strong></span> <span class='ocrx_word' id='word_1_676' title='bbox 2580 5096 2733 5148; x_wconf 74' lang='grc' dir='ltr'><strong>ἔπεσε</strong></span> <span class='ocrx_word' id='word_1_677' title='bbox 2768 5099 2932 5164; x_wconf 80' lang='grc' dir='ltr'><strong>κάτω,</strong></span> <span class='ocrx_word' id='word_1_678' title='bbox 2972 5103 3064 5155; x_wconf 73' lang='grc' dir='ltr'><strong>καὶ</strong></span> <span class='ocrx_word' id='word_1_679' title='bbox 3094 5106 3409 5161; x_wconf 82' lang='grc' dir='ltr'><strong>καθεσθεῖσα</strong></span> <span class='ocrx_word' id='word_1_680' title='bbox 3440 5112 3573 5182; x_wconf 86' lang='grc' dir='ltr'><strong>μόνη</strong></span> <span class='ocrx_word' id='word_1_681' title='bbox 3606 5116 3665 5167; x_wconf 79' lang='grc' dir='ltr'><strong>ὲν</strong></span> <span class='ocrx_word' id='word_1_682' title='bbox 3686 5115 3762 5184; x_wconf 83' lang='grc' dir='ltr'><strong>τῷ</strong></span> <span class='ocrx_word' id='word_1_683' title='bbox 3797 5120 3930 5170; x_wconf 85' lang='grc' dir='ltr'><strong>σκό-</strong></span> 
     </span>
    </p>
   </div>
   <div class='ocr_carea' id='block_1_112' title="bbox 2383 5184 3931 5277">
    <p class='ocr_par' dir='ltr' id='par_1_112' title="bbox 2383 5184 3931 5277">
     <span class='ocr_line' id='line_1_112' title="bbox 2383 5184 3931 5277; baseline 0.019 -45"><span class='ocrx_word' id='word_1_684' title='bbox 2383 5198 2464 5234; x_wconf 84' lang='grc' dir='ltr'><strong>τει</strong></span> <span class='ocrx_word' id='word_1_685' title='bbox 2494 5184 2717 5237; x_wconf 86' lang='grc' dir='ltr'><strong>ἕκλαυσε</strong></span> <span class='ocrx_word' id='word_1_686' title='bbox 2742 5189 2941 5259; x_wconf 79' lang='grc' dir='ltr'><strong>σφόδρα</strong></span> <span class='ocrx_word' id='word_1_687' title='bbox 2970 5193 3189 5262; x_wconf 84' lang='grc' dir='ltr'><strong>σφόδρα,</strong></span> <span class='ocrx_word' id='word_1_688' title='bbox 3215 5198 3307 5249; x_wconf 74' lang='grc' dir='ltr'><strong>καὶ</strong></span> <span class='ocrx_word' id='word_1_689' title='bbox 3344 5201 3405 5251; x_wconf 82' lang='grc' dir='ltr'><strong>ἔκ</strong></span> <span class='ocrx_word' id='word_1_690' title='bbox 3443 5201 3549 5255; x_wconf 84' lang='grc' dir='ltr'><strong>τῶν</strong></span> <span class='ocrx_word' id='word_1_691' title='bbox 3585 5205 3789 5277; x_wconf 79' lang='grc' dir='ltr'><strong>ταύτης</strong></span> <span class='ocrx_word' id='word_1_692' title='bbox 3832 5206 3931 5262; x_wconf 72' lang='grc' dir='ltr'><strong>δα-</strong></span> 
     </span>
    </p>
   </div>
   <div class='ocr_carea' id='block_1_113' title="bbox 1972 5483 3919 5581">
    <p class='ocr_par' dir='ltr' id='par_1_113' title="bbox 1972 5483 3919 5581">
     <span class='ocr_line' id='line_1_113' title="bbox 1972 5483 3919 5581; baseline 0.019 -44"><span class='ocrx_word' id='word_1_693' title='bbox 1972 5483 2091 5551; x_wconf 83' lang='grc'>768)</span> <span class='ocrx_word' id='word_1_694' title='bbox 2130 5485 2267 5541; x_wconf 83' lang='lat' dir='ltr'><strong>hanc</strong></span> <span class='ocrx_word' id='word_1_695' title='bbox 2304 5490 2579 5559; x_wconf 80' lang='lat' dir='ltr'><strong>epistolam</strong></span> <span class='ocrx_word' id='word_1_696' title='bbox 2604 5495 2832 5553; x_wconf 78' lang='lat' dir='ltr'><strong>efﬁctam</strong></span> <span class='ocrx_word' id='word_1_697' title='bbox 2864 5517 2981 5558; x_wconf 76' lang='lat' dir='ltr'><strong>esse</strong></span> <span class='ocrx_word' id='word_1_698' title='bbox 3008 5521 3067 5559; x_wconf 76' lang='lat' dir='ltr'><strong>ex</strong></span> <span class='ocrx_word' id='word_1_699' title='bbox 3099 5506 3215 5562; x_wconf 82' lang='lat' dir='ltr'><strong>loco</strong></span> <span class='ocrx_word' id='word_1_700' title='bbox 3245 5508 3299 5565; x_wconf 85' lang='lat' dir='ltr'><strong>S.</strong></span> <span class='ocrx_word' id='word_1_701' title='bbox 3334 5513 3538 5581; x_wconf 71' lang='lat' dir='ltr'><strong>lrcnmi,</strong></span> <span class='ocrx_word' id='word_1_702' title='bbox 3562 5516 3655 5570; x_wconf 93' lang='lat' dir='ltr'><strong>lib.</strong></span> <span class='ocrx_word' id='word_1_703' title='bbox 3688 5516 3719 5580; x_wconf 89' lang='lat' dir='ltr'><strong>l,</strong></span> <span class='ocrx_word' id='word_1_704' title='bbox 3751 5534 3796 5573; x_wconf 88' lang='lat' dir='ltr'><strong>c.</strong></span> <span class='ocrx_word' id='word_1_705' title='bbox 3828 5518 3919 5574; x_wconf 75' lang='lat' dir='ltr'><strong>Eli.</strong></span> 
     </span>
    </p>
   </div>
  </div>
