4128 6340
179 315 274 380 185

1372 329 1898 389 EPISTULARUM
1936 332 2076 391 LIB.
2117 334 2194 396 I..'.

3246 336 3354 400 186-

175 425 482 479 Γινὼσκουσι
519 427 626 496 γὰρ
651 429 767 498 Θεῷ
797 431 1174 494 ὑπακούοντες,
1207 433 1299 484 καὶ
1325 433 1440 501 Θεῷ
1473 433 1568 502 τὴν
1602 433 1709 501 χάσ,
1727 440 1772 495 Α
1803 454 1805 504 ς

1803 437 1976 505 piant.
2011 438 2080 494 Se
2107 441 2310 509 quipp‘e
2347 403 2456 494 Deo
2483 439 2706 511 obedire
2749 442 3118 510 cognoscunt,
3148 451 3202 497 et
3239 442 3349 498 Deo
3408 496 3411 500 .

182 534 250 566 σιν
274 517 614 584 παρέχοντες,
644 520 735 568 καὶ
755 521 1173 590 τιμηθησόμενοι
1213 523 1361 591 παρὰ
1401 522 1532 573 Θεοῦ
1583 522 1702 574 κατ’

173 602 314 667 ἀξίαν
347 603 626 669 τιμῶντες.
659 605 726 655 Σὺ
769 606 824 658 δὲ
855 599 968 670 ταῖς
1000 609 1239 678 βαρείαις
1271 611 1551 675 ἐπιταγαῖς
1599 627 1699 662 κα-

173 690 493 759 ταφορτίζεις
531 691 654 752 τοὺς
698 695 1083 762 παροικοῦντας
1109 701 1172 767 τῇ
1207 697 1365 770 κώμῃ
1400 715 1490 750 σου
1525 699 1698 766 ἀσκη-

174 778 263 839 τὰς
292 777 532 845 καθάπερ
562 779 880 846 ἀνδράποδα.
931 784 1037 836 Καὶ
1067 786 1179 847 πῶς
1221 803 1278 838 σε
1312 785 1520 838 καλέσω
1549 787 1694 853 φιλόο

178 882 376 934 χριστον
399 881 413 926 ;
951 903 960 911 .

465 954 586 1007 Σιιι.
616 976 684 993 —~
706 956 1032 1029 ΦΕΒΡΑΡΙῼ
1056 943 1381 1034 ‘AIAKONn.

238 1039 320 1106 Μὴ
352 1040 413 1090 τὰ
447 1041 622 1110 πλάτη
640 1043 730 1094 τοῦ
770 1044 880 1110 βίου
902 1048 1096 1113 λίχνως
1124 1067 1210 1116 μοι
1239 1053 1536 1122 περιζήτεισ
1566 1055 1696 1122 μᾶ).-

183 1130 258 1181 ὶον
288 1129 338 1179 δὲ
365 1130 456 1196 τὴν
503 1133 710 1198 στενὴν,
743 1134 835 1183 καὶ
885 1135 1248 1204 τεθλιμμένην
1276 1141 1532 1208 ἀτραπὸν
1590 1159 1693 1211 μα·

188 1216 368 1268 στεύειν
398 1217 705 1286 βουλήθητι.

431 1307 680 1362 ΣΠᾹἌ-
713 1309 934 1378 ῙΛΛΡΙῼ
971 1311 1428 1380 ΠΡΕΣΒΥΤΕΡῼ.

245 1395 394 1446 Ὅταν
420 1395 648 1463 δυνηθῇς
699 1396 788 1447 δύο
841 1399 1008 1466 μῆνας
1057 1400 1207 1467 εὐχῇ,
1244 1400 1336 1467 καὶ
1389 1404 1452 1470 τῇ
1500 1405 1692 1473 ἠσυχίᾳ

186 1489 644 1552 προσκαρτερῆσαι,
678 1485 798 1537 τότε
830 1487 929 1538 κᾶν
951 1487 1113 1557 ὅνυχά
1143 1489 1242 1540 πού
1267 1506 1402 1553 τινα,
1498 1508 1694 1556 φαντα-

185 1573 287 1622 σίαν
316 1574 504 1641 μικράν
538 1591 663 1626 τινα
702 1577 758 1628 ἐν
786 1577 874 1644 νῷ·
892 1576 1071 1629 λαϐεῖν
1091 1579 1290 1648 δυνήσῃ
1317 1580 1413 1647 τῆς
1441 1581 1691 1633 ἐπιπόνου

181 1662 496 1729 τληπαθείας,
527 1665 620 1714 καὶ
646 1666 743 1734 τῆς
766 1667 1098 1735 πολυμόχθου
1142 1667 1430 1737 διαγωγῆς,
1463 1669 1567 1720 τῶν
1608 1671 1694 1723 διὰ

1808 527 2006 593 gratias
2041 535 2244 596 agunt,
2288 536 2341 582 et
2380 518 2634 600 tanquam
2678 542 2717 592 a,
2753 526 2862 581 Deo
2907 529 3202 582 honorandi
3249 545 3349 598 pro
3427 543 3436 561 ε

1803 614 2065 683 dignitate
2098 631 2192 670 eos
2225 617 2513 671 honorant.
2561 615 2626 668 At
2667 623 2721 668 tu
2768 613 3051 684 prmceplis
3093 621 3345 685 gravibus

1809 705 1963 774 104
2000 717 2232 767 ascetas,
2283 706 2374 774 qui
2421 708 2567 758 circa
2618 713 2768 757 tuum
2826 707 3082 774 oppidum
3127 707 3343 774 degunt,
3403 723 3406 728 '

1803 793 1969 844 veluti
2003 795 2289 862 mancipia,
2321 794 2584 848 molestus
2634 794 2850 862 fatigas.
2887 794 2950 847 Et
2971 795 3252 876 ‘quomodo
3293 803 3345 848 te
3411 855 3413 858 ,

1647 933 1662 941 ,
1717 929 1720 931 ,
1801 879 2003 932 Christi
2030 887 2302 933 amantem
2326 881 2702 948 compellabo?

1994 966 2289 1020 CCLXXX.
2333 959 2398 1008 4-
2440 967 2786 1020 FEBRARIO
2822 966 3140 1022 DIACONO.

1869 1055 1946 1108 Nc
1985 1057 2113 1109 vitae
2145 1057 2318 1125 ampla
2360 1058 2700 1126 remissaque
2733 1057 2891 1110 avide
2927 1059 3092 1111 nimis
3129 1057 3344 1125 perqui-

1799 1157 1909 1195 ras.
1948 1143 2134 1196 Potius
2169 1144 2532 1212 angustiorem
2579 1147 3012 1214 prcssioremque
3047 1145 3186 1198 viam
3225 1155 3344 1198 stu-

1799 1229 1954 1284 diose
1977 1219 2303 1298 conquirito.
2666 1268 2669 1270 -

1935 1320 2261 1376 CCLXXXI.
2301 1352 2367 1363 —
2407 1323 2680 1396 lllLARlO
2730 1321 3226 1378 PRESBYTERO..
3309 1362 3312 1364 ν

1870 1410 2003 1464 Cum
2041 1427 2136 1480 per
2161 1414 2298 1468 duos
2328 1429 2539 1469 menses
2572 1395 2626 1468 in
2656 1415 2900 1467 Oratione
2931 1422 2985 1465 et
3017 1417 3195 1480 quiete
3222 1428 3339 1480 per-
3387 1421 3389 1423 ’

1799 1499 1994 1554 sistere
2034 1503 2259 1568 poteris,
2295 1509 2423 1556 tunc
2453 1504 2533 1556 vel
2560 1517 2787 1572 unguem
2822 1502 3199 1570 aliquem,'vel
3240 1517 3339 1569 pu-

1799 1588 1976 1641 sillam
2019 1590 2305 1664 imaginem
2334 1592 2621 1646 laboriosae
2652 1591 2943 1661 patientiae.
2972 1599 3024 1644 et
3051 1590 3340 1644 sudoribus

1800 1676 2050 1729 obnoxiaa
2086 1679 2226 1742 vitae,
2272 1688 2325 1734 et
2371 1681 2603 1734 instituti
2636 1695 2843 1741 eorum,
2891 1681 2982 1747 qui
3030 1695 3124 1749 per
3167 1688 3337 1733 totum

182 1751 337 1817 πάσης
359 1752 448 1818 τῆς
474 1751 617 1818 ζωῆς
648 1757 1081 1823 προσανεχόντων
1134 1756 1206 1824 τῷ
1240 1755 1457 1826 μονήρει
1487 1759 1691 1822 κανόνι,
1727 1763 1767 1815 Β
1795 1780 1812 1817 ι

1727 1763 1767 1815 Β
1795 1764 2171 1834 νίιεεεριιιίιιιῐι
2201 1769 2513 1821 monasticae
2535 1769 2750 1836 regulae,
2778 1777 2832 1822 et
2856 1770 2921 1820 ab
2944 1769 3085 1821 omni
3114 1769 3334 1836 strepitu

183 1839 264 1889 καὶ
290 1841 348 1907 τῇ
373 1841 698 1910 ὰκτυπησίᾳ.

843 1951 1006 2002 ΣΠΒ¹.

241 2032 456 2084 κλέπται
504 2035 791 2105 δύστροποι
834 2038 982 2099 ὄντες
1009 2041 1056 2090 oi
1080 2040 1184 2089 τῶν
1227 2041 1484 2107 Ἑλλήνων
1516 2044 1685 2109 σοφοὶ,

181 2122 310 2189 παρά
337 2137 388 2173 τε
407 2123 699 2189 Μωῦσέως,
724 2126 817 2177 καὶ
848 2128 953 2177 τῶν
985 2128 1272 2195 προφητῶν
1297 2130 1362 2181 τὰ
1386 2129 1687 2200 κυριώτερα

179 2209 269 2259 τῶν
314 2210 579 2277 δογμάτων
607 2213 705 2262 οὐκ
744 2215 1074 2280 εὐχαρίστως
1095 2215 1344 2277 λαϐόντες
1377 2218 1687 2278 ἀλαζονείαν

181 2295 260 2347 καὶ
288 2293 439 2362 τῦφον
465 2297 803 2365 τυρεὺουσιν,
832 2300 903 2360 ὡς
939 2301 1023 2350 ἐπ’
1057 2301 1206 2361 ἰδίοις
1253 2305 1363 2362 τοῖς
1393 2302 1687 2369 ἀλλοτρίοις

181 2385 448 2452 κειμηλίοις
474 2387 610 2452 γανὺ
617 2404 783 2456 μενοι.

532 2475 695 2527 XIII”.
717 2505 784 2515 -—
803 2478 1303 2548 ΔΙΟΝΥΣΙΟΔΩΡῼ.

239 2562 336 2612 Οὔκ
361 2563 648 2630 ἀναγκαῖον
682 2564 746 2616 ἂν
773 2565 880 2633 είη,
917 2567 1022 2617 οὐδ’
1043 2568 1261 2619 ἐπαίνου
1291 2568 1456 2631 ἄξιον,
1484 2571 1544 2622 τὸ
1567 2573 1686 2624 πεί-

185 2649 338 2701 θεσθαι
363 2651 656 2720 προχείρως
700 2655 808 2715 τοῖς
841 2654 1139 2722 προσώπων
1167 2657 1328 2707 τινῶν
1357 2661 1684 2727 κατηγορίαν
1723 2678 1726 2680 ·

185 2739 503 2806 ποιουμένοις,
536 2739 639 2792 κᾶν
667 2742 1170 2810 ὑπάρχειν-δοκῶσιν
1209 2744 1488 2813 αίδέσιμοι.
1523 2748 1682 2816 Περι·

188 2828 337 2893 μένειν
385 2829 491 2898 γὰρ
520 2835 931 2899 χρησιμώτατον
971 2834 1059 2884 καὶ
1089 2835 1186 2901 τὴν
1232 2835 1324 2885 τοῦ
1358 2853 1685 2905 κατηγορου-

187 2918 315 2982 μένου
371 2919 561 2988 μέρους
627 2921 937 2986 ἀπολογίαν,
985 2919 1082 2972 εἷθ’
1115 2923 1332 2991 ὕστερον
1384 2924 1518 2991 μετὰ
1589 2925 1682 2994 τὴν

185 3006 404 3074 ἀκῴασιν
431 3008 534 3061 τῶν
570 3010 910 3076 ἀμφοτέρων,
950 3012 1174 3080 νόμιμόν
1211 3030 1269 3064 τε
1320 3013 1410 3063 καὶ
1454 3014 1676 3078 δίκαιον,

183 3091 242 3152 ὡς
268 3092 496 3161 καθήκει,
526 3095 774 3164 ἐκφέρειν
803 3097 861 3148 τὸ
891 3097 1163 3166 ψήφισμα.
1434 3083 1448 3096 ’

363 3167 374 3190 ⁸
435 3179 593 3232 ΣΠΔν.
631 3211 695 3220 -
727 3181 950 3252 1οΥΛ1ῼ
974 3187 1363 3255 «noueram.

237 3267 328 3335 Τῆς
354 3270 483 3338 ὑπὲρ
506 3272 563 3322 τὸ
600 3271 714 3324 δέον
768 3269 1024 3343 σιτήσεως
1071 3276 1129 3326 τὸ
1163 3268 1359 3346 ἓτὲρας,
1402 3282 1553 3351 δῆλον
1595 3283 1672 3333 ὅτι

185 3355 381 3409 κόλασιν·
426 3359 679 3421 πολλάκις
731 3361 785 3412 δὲ
845 3363 936 3413 καὶ
991 3365 1140 3415 νόσον
1198 3366 1272 3434 τῷ
1331 3369 1536 3436 σώματι
1571 3370 1666 3422 δω-

187 3447 344 3510 ρείται.

588 3538 751 3591 mn.
775 3566 840 3606 -τ
865 3541 1230 3611 ΚΟΡΝΗΛΙῼ.

243 3641 258 3672 ι
289 3624 703 3695 Ἐπισκέψομαι,
743 3628 904 3697 φησιν
1035 3632 1330 3698 προφητεία
1356 3672 1368 3694 ,
1423 3635 1512 3684 ἐπὶ
1551 3637 1672 3697 τοὺς

185 3709 434 3776 φοροῦντας
472 3713 659 3780 ἱμάτια
687 3713 952 3782 ἀλλότρια.
982 3733 999 3763 ι
1039 3715 1094 3765 Ὀ
1123 3718 1225 3784 γὰρ
1250 3718 1322 3786 μὴ
1345 3721 1671 3789 κεκτημένος

186 3795 262 3862 τὴν
281 3797 476 3866 ἀρετὴν,
516 3800 933 3867 ὑποκρινόμενος
969 3802 1043 3864 δὲ,
1090 3805 1178 3853 καὶ
1215 3807 1670 3874 σχηματιζόμενος

188 3885 346 3952 ἀρετὴν
384 3886 541 3954 ἔχειν,
571 3883 724 3947 οὗτος
749 3886 964 3953 εὔδηλον
997 3888 1272 3955 ἀλλοτρίαν
1303 3892 1488 3958 στολὴν
1519 3911 1667 3962 περι-

188 3971 409 4042 ϐάλλεται.
440 3975 546 4026 Καὶ
570 3977 616 4026 ol
647 3974 934 4043 ἑτερόδοξοι
976 3976 1029 4026 δὲ
1063 3981 1503 4046 προσποιούμενοι
1539 3998 1668 4050 χρη-

190 4064 264 4112 στα
285 4062 550 4123 διδάσκειν,
599 4062 904 4131 ἐλέγχονται
951 4064 1036 4116 διὰ
1083 4065 1188 4115 τῶν
1218 4066 1428 4131 φαύλων
1472 4070 1670 4137 δογμά-

189 4165 283 4210 των,
311 4150 676 4220 ἠλλοτριῶσθαι
700 4151 794 4219 τῆς
822 4151 969 4214 θείας
1011 4153 1285 4222 ἀληθείας,
1321 4158 1410 4207 καὶ
1451 4157 1546 4224 τῆς
1596 4158 1670 4208 δι-

190 4238 426 4312 καιοσύνης
445 4257 456 4269 ·
485 4239 859 4309 περιεϐάλοντο
882 4241 984 4310 γὰρ
1010 4242 1280 4311 ἀλλότριον
1306 4246 1531 4312 φόρεμα,
1564 4244 1668 4297 ὦσ-

191 4342 268 4398 mp
291 4309 422 4381 λύκοῖ
455 4330 520 4382 τὰ
547 4329 965 4399 τῶνπροὸἁτων
993 4331 1174 4384 κώδια.

419 4506 594 4570 ΣΠΕΓ.
612 4533 680 4543 -
703 4505 904 4573 ΓΑῘΝᾼ
933 4505 1397 4576 ΣΤΡΑΤΗΛΑΤῌ.

247 4609 260 4639 ι
295 4593 376 4664 ὐς
403 4593 473 4643 ὢν
521 4592 852 4658 ἀπαύγασμα
885 4593 980 4658 τῆς
1024 4591 1194 4658 δόξης.
1233 4612 1250 4644 ι
1296 4593 1671 4660 ’Υποδείγματι

192 4678 434 4746 διαλέγεται
463 4685 491 4734 ὁ
521 4682 687 4750 μέγας
725 4681 1054 4742 Ἀπόστολος,
1085 4681 1169 4732 ἵνα
1200 4683 1410 4751 σημάνῃ
1440 4684 1498 4734 τὸ
1531 4685 1668 4735 ἀπα-

195 4765 274 4827 θὲς,
310 4771 386 4820 καὶ
421 4771 498 4822 ὅτι
530 4771 626 4821 οὐκ
655 4769 710 4832 ἐξ
744 4768 1133 4830 ὲλαττωθέντος
1163 4771 1251 4821 τοῦ
1297 4771 1522 4838 Πατρὸς,
1551 4773 1666 4823 οὐδὲ

196 4857 456 4919 μειωθέντος
488 4858 602 4909 τόδε
631 4857 983 4925 ἀπαύγασμα,
1018 4859 1114 4907 οὐκ
1149 4859 1532 4921 ἀνυπόστατον,
1560 4861 1671 4908 ἀλλ’

195 4944 235 4991 ὲν
264 4946 404 5012 ἑτέρῳ
440 4947 549 5014 ἔχει
583 4947 640 4997 τὸ
671 4942 822 4998 εἶναι.
859 4946 946 5012 Μὴ
979 4941 1066 4996 οὖν
1104 4947 1256 4997 τοῦτο
1290 4949 1544 5014 ἐννοήσῃς
1583 4949 1671 4998 ἐπὶ

195 5031 262 5081 τοῦ
285 5033 395 5083 Θεοῦ
430 5036 618 5099 Λόγου·
651 5033 808 5100 βλέπε
860 5035 962 5100 γὰρ
1007 5034 1057 5084 τί
1087 5035 1242 5096 εὐθὺς
1293 5037 1318 5084 ὁ
1361 5035 1669 5095 Ἀπόστολος

199 5122 374 5184 ἐπάγειν
412 5143 428 5172 ι
467 5124 572 5173 Καὶ
600 5124 876 5190 χαρακτὴρ
906 5126 1000 5191 τῆς
1033 5123 1374 5182 ὑποστάσεως
1423 5124 1602 5174 αὑτοῦ.
1646 5143 1661 5171 ›

201 5209 357 5278 Ὣςπερ
408 5211 508 5277 γὰρ
560 5213 586 5260 ὁ
641 5211 825 5286 Πατὴρ
884 5212 1255 5273 ὲνυπόστατος,
1291 5211 1454 5271 οὕτως
1507 5214 1593 5262 καὶ
1635 5215 1659 5262 ὁ

200 5296 291 5357 Tib;
319 5301 672 5359 ἑνυπόστατοςσ
707 5303 802 5351 οὐκ
832 5300 1057 5366 ἄναρχος
1113 5302 1139 5349 ὁ
1178 5301 1318 5361 Υἱὸς,
1352 5301 1516 5359 αἴτιος
1556 5303 1658 5368 γὰρ

203 5385 321 5437 ιι)τοῦ
365 5390 388 5438 ὁ
442 5389 643 5455 Πατὴρ,
701 5387 860 5436 κοιωὸ
891 5388 1090 5452 Πατὴρ,
1124 5389 1179 5436 οὐ
1218 5388 1331 5438 καθ’
1358 5389 1382 5438 ὃ
1412 5388 1658 5455 Κτίστης.

253 5562 284 5592 ⁷⁷
316 5559 534 5629 Sophon.
574 5577 607 5625 ι,
637 5560 687 5612 8.
762 5560 804 5590 ⁷⁸
861 5559 1019 5611 llebr.
1059 5575 1093 5622 ι,
1119 5561 1166 5611 5.

1791 1868 1973 1907 vacuae
2003 1855 2171 1922 quieti
2204 1856 2551 1915 addicuntur.
2581 1870 2907 1924 cognoscere
2939 1856 3160 1924 poteris.

2389 1946 2732 2000 CCLXXXII.

1856 2032 1986 2086 Cum
2020 2033 2163 2088 fures
2199 2036 2472 2102 perversis
2501 2036 2741 2089 moribus
2784 2036 3056 2103 sapientes
3088 2034 3326 2102 gentium

1786 2132 1989 2182 essent,
2012 2137 2040 2173 a
2070 2121 2249 2192 Moyse
2280 2132 2333 2177 et
2362 2125 2636 2192 pr0phetis
2660 2125 2943 2192 potissima
2973 2131 3158 2177 eorum
3192 2123 3325 2192 dog-

1787 2218 1930 2263 mata
1956 2211 2098 2264 male
2121 2214 2283 2280 grati,
2313 2221 2366 2264 et
2395 2214 2644 2265 beneﬁcii
2679 2214 3026 2265 immemores
3057 2213 3328 2280 accipien-

1787 2306 1891 2361 tes,
1919 2298 2236 2366 iactantiam
2263 2309 2316 2352 et
2351 2285 2614 2353 tumorem
2644 2308 2882 2362 struunt,
2917 2307 3172 2368 tanquam
3201 2313 3330 2368 pro-
3386 2327 3392 2332 -

1789 2387 1920 2454 priis
1951 2387 2178 2440 aliorum
2218 2388 2560 2442 claritatibus
2605 2389 3016 2442 insolescentes.
3384 2375 3389 2379 i

2029 2477 2411 2546 C(iLXXXIll.
2429 2507 2497 2518 --
2530 2477 3046 2532 DIONYSIODORO.

1857 2565 2010 2620 Haud
2043 2568 2409 2620 necessarium
2443 2567 2626 2629 fuerit,
2660 2581 2758 2619 nec
2788 2567 2945 2620 laude
2975 2566 3196 2634 dignum
3229 2567 3322 2632 iis,

1786 2654 1874 2720 qui
1894 2654 2279 2706 nonnullorum
2297 2654 2572 2707 hominum
2595 2642 2994 2707 accusationem
3017 2655 3323 2719 instituunt,

1785 2741 2029 2804 credere,
2057 2743 2182 2795 licet
2209 2751 2555 2796 accusatores
2591 2742 2742 2810 105
2777 2742 3066 2795 venerandi
3100 2742 3323 2796 videan-

1768 2840 1888 2884 tur.
1918 2830 2338 2896 Perquam_enim
2364 2831 2516 2891 utile,
2534 2830 2828 2898 etquaastui
2855 2829 3129 2881 uberrimo
3160 2830 3324 2884 fuerit

1782 2929 1834 2972 et
1856 2926 2228 2972 accusatorum
2256 2918 2658 2986 responsionem
2693 2925 3052 2985 exspectare:
3088 2928 3322 2984 postmo-

1783 3009 1908 3061 dum
1940 3008 2184 3074 utrisque
2225 3007 2424 3058 auditis
2465 3006 2764 3075 legitimum
2805 3019 2869 3058 ac
2911 3005 3142 3073 justum,
3178 3016 3231 3061 et
3261 3015 3321 3059 ut

1706 3087 1745 3142 C
1782 3114 1880 3167 par
1902 3106 2004 3159 est,
2030 3097 2292 3163 judicium
2325 3096 2482 3150 ferre.

1979 3184 2343 3238 CCLXXXIV.
2372 3213 2443 3224 —
2470 3184 2663 3238 JULIO
2699 3184 3115 3239 FCEDEBATO.

1850 3275 2036 3328 Victus
2077 3274 2376 3341 quotidiani
2418 3275 2691 3328 immodici
2734 3275 2897 3337 linis,-
2940 3286 2995 3328 ut
3034 3275 3317 3330 manifesto

1779 3372 2039 3432 apparet,
2073 3363 2428 3430 supplicium,
2469 3377 2610 3430 saepe
2648 3364 2809 3414 etiam
2851 3377 3072 3415 numero
3109 3372 3162 3416 et
3200 3378 3314 3414 ma-

1679 3505 1681 3508 .
1779 3453 1882 3504 lam
1915 3452 2282 3521 aegritudinem
2314 3453 2525 3517 corpori
2561 3451 2832 3504 conciliat.

2126 3537 2470 3592 CCLXXXV.
2511 3568 2576 3576 —
2615 3537 2967 3592 CORNELIO.

1852 3648 1869 3680 ι
1905 3628 2188 3690 Visitabo,
2226 3629 2299 3679 ait
2338 3627 2649 3680 vaticinium
2677 3662 2689 3686 ,
2731 3643 2893 3695 super
2932 3643 3026 3682 eos
3052 3667 3065 3689 ,
3104 3629 3196 3695 qui
3233 3629 3313 3681 iu-

1779 3714 1893 3767 duti
1931 3722 2055 3768 sunt
2087 3714 2327 3766 vestibus
2362 3713 2656 3780 peregrinis
2689 3712 2754 3767 τ’.
2791 3731 2808 3763 ι
2841 3711 2941 3776 Qui
2970 3713 3108 3765 enim
3144 3714 3310 3766 virtu-
3375 3781 3384 3785 _

1777 3811 1881 3855 tem
1917 3816 2022 3854 non
2059 3800 2704 3878 tenet,.dissimulatione
2741 3816 2869 3853 vero
2899 3817 3030 3855 usus
3061 3803 3307 3853 virtutem

1776 3905 1834 3943 se
1855 3890 2131 3957 possidere
2152 3887 2449 3950 contendit,
2471 3888 2816 3940 manifestum
2841 3894 2923 3940 est
2956 3903 3075 3939 eum
3116 3888 3308 3941 alienis
3387 3890 3389 3892 ’

1775 3975 2010 4026 vestibus
2040 3972 2462 4025 circumvestiri.
2496 3972 2560 4023 Et
2597 3973 2688 4040 qui
2721 3987 2750 4024 ιι
2779 3974 3307 4040 catholicisauribus

1775 4067 1943 4133 aliena
1975 4064 2251 4126 sentiunt,
2284 4062 2598 4115 simulantes
2646 4075 2703 4113 se
2739 4061 2900 4127 proba
2934 4062 3160 4122 docere,
3186 4077 3307 4128 pro-

1775 4164 1894 4222 pter
1932 4169 2093 4222 prava
2141 4152 2387 4221 dogmata
2439 4151 2561 4203 aliis
2600 4151 2910 4210 insinuata,
2946 4165 3003 4203 se
3048 4165 3075 4200 a
3124 4150 3304 4202 divina

1775 4243 2000 4294 veritate
2047 4249 2099 4293 et
2146 4240 2358 4308 justitia
2413 4239 2569 4305 longe
2618 4251 2736 4289 esse
2788 4237 3300 4304 deprehenduntur:

1776 4345 2008 4397 namque
2064 4329 2241 4379 alieno
2304 4327 2616 4378 indumento
2685 4326 3074 4378 circumvestiti
3141 4335 3302 4391 sunt,

1709 4401 1750 4454 Ῑ)
1775 4414 2221 4482 quemadmodum
2257 4415 2362 4480 lupi
2427 4413 2657 4480 pellibus
2691 4413 2891 4465 ovium.

1809 4501 2172 4558 CCLXXXVI.
2211 4531 2280 4540 -—
2317 4499 2544 4554 ΟΔΙΝᾸΞ
2574 4498 2919 4553 COPIARUM
2953 4500 3266 4555 DUCTORL

1851 4609 1868 4640 ι
1900 4592 2000 4655 Qui
2038 4600 2118 4644 est
2155 4590 2407 4660 splendor
2446 4590 2628 4658 gloriae
2665 4581 2735 4640 ⁷⁸.’
2763 4608 2780 4639 ι
2810 4588 3061 4657 Exemplo
3097 4605 3298 4644 sermo-

1772 4694 1891 4732 nem
1923 4679 2157 4731 conserit
2189 4693 2416 4745 magnus
2446 4678 2767 4744 Apostolus,
2819 4688 2877 4730 ut
2910 4679 3145 4747 passioni
3192 4680 3294 4730 mi-

1773 4771 1916 4821 nime
1947 4767 2237 4820 obnoxium
2269 4766 2628 4834 significaret,
2662 4765 2998 4834 splendorem
3031 4766 3171 4817 hunc
3204 4782 3296 4821 nc-

1768 4869 1869 4921 que
1896 4869 1960 4907 ex
1996 4855 2374 4911 detrimentum
2415 4868 2574 4921 passo
2597 4889 2612 4913 ,
2649 4860 2741 4904 aut
2777 4853 3059 4904 imminuto
3099 4853 3289 4918 Patre,

1767 4957 1885 4995 esse
1922 4941 2037 4994 sine
2073 4942 2427 4995 subsistentia
2453 4979 2466 5003 ,
2503 4956 2664 5008 quam
2704 4942 2755 4993 in
2791 4941 2896 4994 alio
2945 4942 3180 4995 haberet.
3218 4944 3293 4997 Ne

1765 5031 1944 5096 itaque
2001 5031 2100 5082 hoc
2153 5030 2217 5082 de
2272 5031 2378 5082 Deo
2420 5028 2596 5080 Verbo
2650 5029 2944 5095 intelligas.
2997 5031 3289 5082 Considera

1764 5119 1902 5169 enim
1936 5133 2052 5184 qum
2087 5118 2262 5204 statim
2286 5106 2744 5182 103'Apostolus
2774 5118 2952 5169 sub-lit
2982 5135 2992 5166 :
3031 5117 3121 5167 «Et
3157 5119 3284 5167 clmr

1765 5215 1939 5257 ναι-ιρι·
1989 5202 2331 5272 hyposlaseos
2383 5207 2543 5258 illius.
2577 5223 2594 5255 ι
2647 5202 3096 5267 Quemadmodum
3143 5205 3281 5255 enim

1763 5294 1934 5355 l'ater,
1983 5295 2052 5344 ita
2086 5303 2137 5346 ct
2168 5291 2334 5347 Filius
2377 5295 2759 5362 enhypostntus
2787 5299 2868 5344 est
2893 5309 2905 5343 :
2935 5307 3038 5342 non
3079 5292 3282 5357 absque

1771 5385 2032 5450 principio
2071 5383 2268 5447 Filius,
2309 5393 2559 5452 tanquam
2615 5383 2702 5450 qui
2758 5381 3073 5448 principium
3123 5381 3277 5435 habet
