4128 6340
263 317 343 384 193
1422 325 1802 384 ΕΡΙΞΤΟΙ.ΛΕ

1797 327 1936 383 ΠΞΜ
1977 329 2115 385 LIB.
2154 329 2200 386 Ι.

3294 329 3392 393 194

262 428 474 496 στήσεται
525 426 604 485 εἰς
656 429 940 494 πρόσωπον
998 430 1058 480 τὰ
1115 432 1275 491 κακὰ,
1337 433 1475 499 ειπερ
1532 432 1802 492 ἐνταῦθα,

1797 441 1827 492 Α
1859 436 2038 486 omnia
2072 436 2122 486 iu
2164 434 2350 487 faciem
2387 445 2531 488 tuam
2579 439 2735 498 mala,
2773 454 2890 505 qua:
2930 440 3013 492 hic
3045 446 3385 508 perpetrasti,

259 515 505 581 πέπρακας
530 552 543 575 ,
586 513 670 564 ἵνα
710 514 936 582 βλέπων,
982 520 1070 569 καὶ
1104 520 1350 585 ἐπιγνοὺς
1390 523 1466 582 είς
1503 522 1757 589 αἰσχύνην

259 603 332 655 καὶ
356 601 504 668 φόὸον
525 604 618 653 καὶ
647 605 844 672 τρόμον
874 609 1214 677 κατενεχοῇς.

671 692 789 744 TE'.
826 723 892 732 -
921 696 1303 767 ΚΑΛΟΚΥΡῼ.

311 778 497 830 ’Υδατα
525 779 776 841 πολλάκις
799 773 847 832 oi
883 782 1149 846 ἄνθρωποι
1181 785 1456 852 λέγονται·
1494 789 1622 854 φασὶ
1655 790 1756 858 γάρ

253 869 290 918 oi
324 867 577 934 προφῆται
598 885 611 897 ο
648 886 667 918 ι
701 870 830 922 Ἰδοὺ
865 871 937 932 ὡς
977 873 1117 942 ὕδωρ
1158 875 1308 938 πολὺ,
1344 877 1466 945 ἔθνη
1514 878 1700 930 πολλά.
1731 897 1748 928 ι

252 957 354 1014 Καὶ,
390 973 407 1004 ι
433 956 638 1025 Πλῆθος
671 957 836 1009 ἐθνῶν
862 960 1085 1024 πολλῶν,
1109 963 1292 1031 ὥσπερ
1314 964 1453 1034 ὓδωρ
1488 968 1695 1034 ἠχήσει.
1731 987 1749 1018 ι

250 1044 372 1105 Καὶ,
415 1063 430 1092 ι
473 1046 602 1097 Ἰδοὺ
661 1047 847 1114 ἀνάγω
878 1050 961 1116 ἐφ’
1006 1051 1147 1119 ὑμᾶς
1179 1051 1238 1102 τὸ
1267 1053 1406 1122 ὕδωρ
1453 1057 1603 1119 πολὺ,
1666 1057 1754 1108 τὸν

249 1134 435 1201 βασιλέα
456 1133 563 1185 τῶν
599 1136 911 1206 Ἀσσυρίων.
936 1158 964 1189 ,ι

735 1230 870 1294 TC'.
892 1257 960 1266 --
987 1230 1067 1294 Τῷ
1087 1233 1266 1296 αὐτῷ.

304 1313 570 1381 Χριστὸςνό
594 1315 724 1377 Θεὸς
774 1317 866 1367 καὶ
911 1319 1182 1388 Δεσπότης
1211 1318 1318 1372 τῶν
1365 1320 1516 1386 ὅλων,
1571 1322 1752 1389 σαφῶς

244 1403 319 1454 καὶ
337 1403 620 1474 διαρρήδην
650 1407 707 1456 ὲν
729 1410 840 1468 τοῖς
864 1407 1210 1474 Εὖαγγελίοις
1235 1409 1624 1471 ἀνακαλεῖτοὺς
1647 1413 1753 1464 ἀπὸ

241 1492 467 1555 παποὲας
517 1495 711 1556 κακίας
759 1495 1153 1565 βεϐαρημένους
1181 1513 1194 1527 ·
1231 1498 1430 1551 «Δεῦτε
1484 1501 1616 1569 πρὸς
1662 1518 1750 1569 με,

241 1582 556 1651 κραυγάξων,
627 1585 782 1652 κάγὼ
839 1586 1129 1640 ἀναπαύσω
1180 1589 1341 1657 ὑμᾶς.
1367 1608 1385 1638 ι
1427 1590 1594 1641 Τοῦτο
1645 1591 1752 1662 γὰρ

237 1670 363 1739 αὐτῷ
387 1673 474 1724 καὶ
493 1672 593 1739 τῆς
622 1672 680 1736 ἑξ
699 1673 926 1743 ούρανοῦ
969 1674 1192 1728 καθόδου
1222 1678 1284 1728 τὸ
1305 1679 1472 1730 αἴτιον
1512 1680 1748 1747 ’γεγενῆ-

239 1759 340 1812 σθαι
369 1760 812 1815 διεσεόαιώσατοο
845 1781 864 1812 ι
889 1764 960 1814 Οὐ
985 1764 1090 1832 γὰρ
1125 1760 1285 1834 ἦλθον
1330 1767 1566 1829 δικαίους
1591 1768 1749 1820 καλέ-

237 1864 328 1911 σαι,
355 1851 531 1917 φησὶν,
561 1850 696 1903 ἀλλά
722 1852 1074 1922 ἁμαρτωλοὺς
1109 1855 1240 1924 πρὸς
1260 1856 1319 1907 τὸ
1360 1858 1700 1925 μετανοῆσαι.
1724 1876 1742 1910 ι

234 1939 346 2000 Καὶ,
394 1939 497 1990 «Oi
530 1940 798 2008 ἰσχύοντες
844 1943 902 1992 οὐ
957 1942 1241 2012 χρῄζουσιν
1291 1944 1494 2014 ἰατροῦ,
1534 1945 1649 1997 ἀλλ’
1698 1947 1746 1998 οἱ
1800 2015 1805 2019 ι

232 2027 394 2087 κακῶς
424 2028 655 2095 ἔχοντες.
686 2048 703 2079 ι
736 2031 798 2080 Ei
846 2031 1019 2082 τοίνυν
1054 2031 1206 2084 ταῦθ’
1253 2033 1422 2094 οὕτως
1471 2030 1604 2101 ἔχει’,
1647 2051 1747 2102 μη-

228 2115 389 2183 δαμῶς
409 2117 770 2182 ἀπογίνωσκε,
810 2119 1077 2187 μᾶλλονδὲ
1109 2118 1344 2187 ρὠνυσο
1370 2123 1486 2183 ταῖς
1515 2139 1741 2190 χρηστο-

229 2205 391 2272 τέραις
424 2207 654 2259 ἐλπίσιν.

479 2298 596 2348 TZ'.
616 2326 684 2336 -
703 2299 992 2368 ΣῙΛΒΑΝῼ
1024 2299 1456 2370 ΚΟΙΝΟΒΙΩΤῌ.

295 2384 408 2434 Ἐὰν
447 2384 688 2453 θέλωμεν
709 2385 795 2438 διά
832 2386 1044 2437 πάντων
1087 2388 1460 2456 καταπατῆσαι
1490 2388 1612 2450 τοὺς
1639 2388 1743 2441 δαί-

225 2489 388 2538 μονας,
421 2472 679 2540 δείξωμεν
711 2474 797 2524 διὰ
829 2473 1040 2525 πάντων
1076 2475 1173 2543 τήν
1207 2478 1730 2546 ταπεινοφροσύνην,

223 2561 273 2612 τὸ
309 2563 510 2614 ἑαυτῶν
582 2561 790 2631 θέλημα
863 2564 1078 2631 μακρὰν
1141 2565 1536 2634 ἀπορρίψαντες
1567 2584 1578 2596 ·
1651 2568 1742 2618 καὶ

219 2649 390 2716 ὥσπερ
422 2650 517 2716 τὴν
539 2650 789 2717 νηστείαν
817 2649 980 2716 ἡδέως
1004 2650 1423 2720 καταδεχόμεθα,
1453 2653 1739 2704 κελευσάν-

217 2753 308 2787 των
336 2739 462 2803 ἡμῖν
495 2737 600 2788 τῶν
628 2737 717 2788 τὸν
748 2737 858 2804 βίον
911 2739 1325 2806 προοδευκότων,
1375 2738 1513 2791 οὕτω
1558 2741 1651 2791 καὶ
1682 2741 1741 2791 τὸ
1796 2790 1799 2794 ,

217 2829 411 2893 φαγεῖν,
445 2827 476 2894 ἦ
509 2830 648 2878 πιεῖν
682 2829 814 2896 πρός
839 2845 959 2880 τινα
995 2829 1180 2897 χρόνον
1233 2830 1507 2899 κεκμηκὸς
1560 2831 1741 2883 διανα-

214 2915 401 2966 παῦσαι
449 2917 508 2967 τὺ
548 2916 701 2983 σῶμα
759 2917 1243 2985 συμϐουλευόμενοι
1300 2918 1452 2988 παρά
1513 2920 1622 2972 τῶν
1679 2917 1738 2974 εὗ

1859 522 2107 573 astabunt
2141 541 2153 574 :
2192 532 2247 574 ut
2275 525 2458 576 videns
2480 535 2529 578 et
2558 540 2888 593 cognoscens
2918 527 2970 580 in
2993 528 3383 593 confusionem,

1858 610 2101 663 timorem
2133 627 2194 664 ac
2229 623 2517 667 tremorem
2553 618 2839 670 euncedas.

2277 703 2472 755 (ICCV.
2504 732 2566 747 .-
2593 704 2974 759 CALOCYRO.

1923 789 2087 856 Aquae
2112 804 2482 857 sarpenumero
2503 793 2748 845 homines
2782 806 3200 863 nuncupantur:
3233 809 3384 846 nam-

1855 895 1958 948 quc
2003 882 2188 932 dicunt
2240 883 2512 950 prophetae
2547 902 2559 935 :
2605 903 2621 934 ι
2658 885 2793 938 Ecce
2843 887 2986 939 velut
3022 901 3174 954 aqua:
3207 885 3387 938 multa:

1854 970 2034 1037 populi
2062 971 2211 1022 multi
2232 970 2412 1023 ".iEt
2443 991 2454 1025 :
2490 991 2508 1022 ι
2527 972 2808 1025 Multitudo
2839 975 3126 1027 multarum
3147 973 3382 1042 gentium

1853 1061 1997 1113 velut
2033 1076 2170 1129 aqua
2198 1069 2498 1130 perstrepet
2524 1063 2619 1114 κ’.»
2655 1065 2717 1114 Ει
2753 1082 2766 1116 :
2803 1063 2965 1116 «Ecce
2993 1079 3092 1130 ego
3116 1064 3381 1116 adducam

1856 1165 2017 1220 super
2044 1165 2138 1204 vos
2159 1165 2348 1219 aquam
2385 1154 2605 1203 multam
2629 1167 2806 1218 regem
2831 1153 3176 1221 Assyriorum
3200 1153 3264 1202 ⁸⁷.
3287 1171 3304 1198 ι

2346 1235 2564 1289 CCCVI.
2591 1268 2655 1278 —
2691 1237 2886 1290 Eidem.

1920 1322 2167 1377 Christus
2201 1323 2372 1384 Deus,
2421 1333 2473 1378 et
2517 1325 2754 1376 omnium
2803 1325 3080 1382 Dominus.
3131 1324 3272 1375 clare
3323 1337 3384 1371 ac

1852 1405 2026 1481 palam
2061 1415 2113 1466 in
2147 1414 2471 1482 Evangeliis,
2502 1431 2615 1477 eos,
2649 1416 2739 1482 qui
2768 1415 2912 1467 omni
2945 1429 3140 1481 genere
3172 1413 3385 1465 malitia:

1852 1511 2277 1570 prmgravantur,
2306 1504 2534 1576 advocat
2566 1520 2580 1555 :
2617 1521 2635 1552 ι
2668 1503 2856 1556 Venite
2885 1503 2950 1556 ad
2983 1519 3086 1563 me,
3126 1502 3383 1562 clamans,

1851 1597 1903 1642 et
1925 1604 2021 1658 ego
2055 1590 2290 1642 reliciam
2327 1605 2420 1644 vos
2443 1589 2508 1643 ⁸⁸.
2548 1609 2567 1641 ι
2602 1592 2715 1644 Hoc
2740 1593 2881 1645 enim
2914 1592 2986 1642 illi
3019 1606 3048 1642 e
3101 1590 3238 1642 cmlo
3291 1590 3386 1641 dr-

1853 1693 2075 1732 scensus
2129 1679 2182 1731 in
2220 1695 2385 1733 causa
2427 1680 2597 1735 fuisse
2628 1682 2976 1734 asseveravit.
3021 1698 3040 1729 ι
3074 1680 3189 1732 Non
3220 1679 3384 1740 enim,

1850 1767 2044 1835 inquit,
2065 1768 2184 1820 veni
2210 1768 2385 1835 justos
2419 1784 2633 1831 vocare,
2661 1769 2755 1822 sed
2780 1775 3090 1836 peccatores
3121 1767 3183 1819 ad
3212 1767 3386 1833 pumi—

1847 1857 2065 1910 tentiam
2087 1858 2151 1909 θ’.
2189 1876 2207 1907 ι
2252 1857 2316 1910 Ει
2357 1876 2369 1910 :
2416 1877 2435 1907 ι
2471 1858 2570 1924 Qui
2604 1860 2736 1911 bene
2767 1859 2966 1918 valent,
2997 1871 3105 1909 non
3142 1857 3386 1922 indigent

1835 1944 2073 2008 medico,
2100 1946 2193 1998 sed
2217 1947 2308 2013 qui
2339 1946 2478 1998 male
2521 1962 2578 1999 se
2611 1947 2809 1998 habent
2830 1947 2895 1999 ’°.
2931 1965 2948 1996 ι
2990 1944 3109 1998 llaec
3140 1946 3318 2012 itaque
3339 1945 3385 1995 si

1844 2033 1917 2085 ita
1948 2048 2007 2086 se
2038 2034 2256 2097 habent,
2304 2034 2451 2086 nullo
2483 2034 2645 2086 modo
2669 2035 2721 2086 in
2757 2035 3183 2100 desperationem
3216 2033 3385 2100 rapia-

1842 2121 1938 2185 ris,
1969 2121 2060 2175 sed
2091 2122 2270 2190 potius
2294 2136 2389 2190 spe
2418 2122 2625 2175 meliori
2655 2121 3003 2174 confirmare.

1947 2291 2101 2359 113
2147 2291 2385 2345 CCCViI.
2419 2322 2488 2332 —
2525 2289 2815 2345 SILVANO
2858 2289 3277 2346 (ἈΕΝΟΒΙΤᾸΞ.

1912 2379 1967 2434 Si
1996 2397 2218 2449 prorsus
2252 2382 2519 2436 daemones
2556 2383 2879 2436 conculcare
2911 2383 3071 2436 nobis
3116 2382 3168 2433 in
3202 2382 3382 2433 animo

1839 2479 1944 2532 est,
1976 2486 2070 2538 per
2104 2473 2282 2524 omnia
2325 2473 2672 2525 ostendamus
2720 2471 3111 2534 humilitatem,
3150 2471 3307 2538 longe
3350 2484 3380 2521 a

1839 2560 1994 2613 nobis
2027 2562 2297 2630 propriam
2319 2564 2649 2614 voluntatem
2682 2569 3042 2616 removentes.
3090 2563 3155 2614 Et
3189 2576 3378 2629 quem-

1840 2647 2125 2699 admodum
2185 2647 2448 2714 jejunium
2512 2649 2698 2704 libenti
2744 2648 2927 2720 animo
2975 2650 3374 2717 amplectimur,

1839 2738 1909 2786 ita
1937 2736 2370 2802 praecipientibus
2408 2738 2533 2800 illis,
2575 2739 2668 2805 qui
2701 2753 2800 2792 nos
2828 2748 3223 2807 praecesserunt
3245 2742 3280 2801 ς’
3301 2739 3382 2792 sic

1839 2829 1892 2875 et
1924 2823 2221 2884 comedere,
2265 2832 2317 2875 et
2370 2823 2573 2886 bibere,
2617 2833 2670 2877 et
2722 2823 2787 2876 ad
2841 2832 3052 2891 tempus
3103 2825 3376 2878 defessum

1840 2925 2037 2978 corpus
2059 2912 2224 2978 quieti
2272 2911 2505 2974 tradere,
2542 2926 2662 2964 cum
2707 2913 2775 2965 ab
2813 2912 2940 2974 illis,
2980 2913 3072 2980 qui
3103 2928 3190 2966 res
3219 2928 3368 2980 expc-

212 3006 414 3067 εξδῷτων
462 3007 776 3074 δοκιμάζειν
828 3008 919 3059 καὶ
967 3008 1170 3077 κρίνειν
1193 3007 1261 3060 τὰ
1283 3010 1602 3078 πράγματα,
1637 3011 1739 3063 ὑπ·
1765 3033 1802 3086 ρ

1797 3035 1806 3085 ι
1842 3002 1936 3054 riri
1985 3016 2048 3054 ac
2087 3002 2384 3068 dijmlicare
2422 3002 2620 3070 Optime
2650 3003 2869 3065 callent,
2894 3002 3232 3065 'suademur,
3270 3003 3372 3054 ala-

211 3097 514 3163 ακούσωμεν
536 3096 848 3165 προθύμως.
879 3098 971 3152 καὶ
1007 3098 1513 3168 ἀναμφισϐητήτως.
1549 3099 1735 3152 Πλεῐον

208 3183 303 3252 γὰρ
329 3185 428 3250 τῆς
453 3183 704 3251 νηστείας
735 3187 767 3253 ἡ
792 3183 913 3236 καθ’
935 3185 1178 3255 ὑπακοὴν
1215 3187 1510 3256 μετάληψις
1539 3189 1732 3258 μαστί-

207 3273 278 3332 ζει
294 3275 418 3334 τοῦς
441 3273 664 3340 δαίμονα

405 3362 535 3412 Tll'.
556 3387 623 3400 -
643 3359 970 3430 ΘΑΛΑΣΣΙῼ
998 3360 1516 3434 ΑΡΓΥΡΟΠΡΑΤῌ.

265 3453 384 3513 Πῶς
400 3469 540 3512 τινες
560 3451 666 3502 τῶν
689 3454 895 3520 γοήτων
915 3453 1011 3520 (α),
1032 3452 1149 3504 τινὰ
1170 3453 1509 3522 πλανώμενον
1529 3455 1734 3525 ἄνθρω-

202 3557 289 3591 πον
324 3540 572 3608 μνημείῳ
601 3538 1031 3602 ἐπιϐιϐάσαντες,
1072 3543 1149 3602 είς
1191 3540 1346 3609 ξένην
1404 3543 1632 3612 πατρίδα
1658 3543 1736 3606 ἐξ·

209 3628 456 3698 έπεμψαν
487 3627 702 3689 σκοτίας
736 3629 1079 3698 ὑπαρχούσης
1100 3646 1113 3693 ;
1136 3630 1287 3699 δῆλον
1321 3632 1400 3682 ὃτι
1432 3634 1497 3701 τῇ
1526 3635 1733 3703 πονηρᾷ

199 3720 494 3789 ἐπικλήσει,
533 3719 626 3770 καὶ
653 3721 716 3787 τῇ
748 3719 970 3787 δυνάμει
998 3719 1108 3770 τῶν
1135 3719 1375 3785 φυσικῶν
1399 3724 1732 3791 πραγμάτων

195 3809 392 3878 δαίμων
419 3807 691 3877 βαστάσας
717 3807 806 3857 τὸν
824 3807 1365 3875 ἄνθρωπον-ἀλλαχοῦ
1406 3811 1727 3881 διεκόμισεν.

195 3897 370 3960 Οὖτως
410 3897 586 3950 τοίνυν
628 3897 721 3948 καὶ
757 3885 1092 3962 ἅποκτηνοῦν
1127 3894 1431 3963 ἄνθρωπον,
1474 3897 1730 3961 πολλάκις

193 3985 430 4038 δοκοῦσιν
453 3989 501 4038 οἱ
534 3983 834 4054 φαρμακοὶ,
869 3983 987 4051 οὐχὶ
1010 3981 1105 4052 τὴν
1126 3983 1310 4035 οὐσίαν
1340 3984 1434 4036 τοῦ
1471 3985 1725 4054 σώματος

195 4077 664 4143 μεταπλάττοντες,
698 4073 830 4126 ἀλλά
863 4072 1071 4142 μορφὴν
1098 4074 1322 4141 κτήνους
1351 4075 1721 4143 περιτιθέντες

192 4163 345 4232 αὐτῷ.
374 4149 586 4215 Ούκοῦν
608 4164 709 4214 κᾶν
727 4161 1061 4230 σαγματισοῇ
1084 4161 1270 4230 ὥσπερ
1297 4163 1447 4224 ὄντος
1471 4167 1498 4216 ὁ
1523 4165 1728 4233 ἄνθρω-

190 4271 298 4316 πος,
324 4256 449 4305 ὅσον
482 4254 577 4321 μὲν
612 4251 830 4302 δύναται
859 4251 933 4311 ὡς
963 4250 1246 4319 ἄνθρωπος
1274 4251 1550 4318 βαστάζει,
1584 4253 1643 4304 τὸ
1670 4253 1724 4304 δὲ

188 4345 360 4396 λοιπὸν
394 4345 506 4404 τοῖς
537 4340 707 4409 ὤμοις
735 4343 762 4393 ὁ
786 4341 990 4400 δαίμων
1024 4341 1396 4408 ἀνακουφίζει.

351 4518 562 4568 T9’.——
602 4513 927 4567 ZQEGENEI
969 4503 1522 4582 ΚΟΜΕΝΤΑΡΗΣΙῼ.

1841 3091 2009 3145 criter
2039 3093 2262 3173 imperio
2301 3091 2605 3153 audiamus,
2650 3106 2711 3144 ac
2741 3093 2862 3145 sine
2887 3092 2992 3145 ulla
3022 3092 3379 3145 ltaasitatioue.

1842 3179 2008 3250 Magis
2036 3181 2298 3248 siquidem
2331 3181 2537 3249 jejunio
2571 3182 2708 3249 ipso,
2741 3196 2860 3250 qua:
2891 3195 2984 3248 per
3008 3180 3374 3234 obedientiam

1842 3271 2062 3324 refectio
2096 3271 2171 3331 fit,
2207 3271 2477 3324 daemones
2509 3271 2758 3338 ﬂagellat.
3254 3277 3259 3282 “
3329 3333 3334 3338 η

1977 3358 2241 3412 CCCVI“.
2269 3387 2340 3399 -—
2364 3357 2743 3412 THALASSIO
2779 3358 3236 3412 ARGENTARIO.

1909 3448 2192 3512 Quomodo
2227 3464 2289 3502 ex
2323 3449 2808 3518 praestigiatoribus
2858 3449 3134 3514 nonnulli,
3187 3462 3367 3516 quem-

1839 3540 1960 3590 dam
2004 3548 2366 3605 pererrantem
2404 3540 2695 3602 hominem,
2753 3540 3045 3606 sepulturae
3074 3537 3374 3609 appositum

1840 3630 1893 3681 in
1937 3629 2164 3682 alienam
2213 3629 2441 3696 patriam
2495 3628 2846 3694 dimiserunt,
2899 3627 3138 3681 tenebris
3183 3635 3373 3682 cuncta

1837 3721 2268 3788 occupantibus?
2307 3719 2679 3782 manifestum,
2717 3733 2880 3786 prava
2910 3719 3283 3780 advocatione,
3321 3724 3373 3769 et

1838 3822 2015 3860 rerum
2050 3810 2373 3861 naturalium
2428 3810 2683 3864 facultate
2735 3826 2764 3863 a
2813 3811 3054 3864 dmmone
3103 3811 3369 3863 hominem

1835 3898 2103 3951 sublatum
2139 3898 2191 3948 in
2226 3900 2384 3949 aliam
2415 3899 2684 3965 regionem
2721 3906 3148 3966 transportatum
3183 3897 3369 3953 fuisse.

1833 3984 2029 4037 Eadem
2053 3984 2233 4050 itaque
2267 3984 2472 4036 ratione
2505 3985 2777 4036 hominem
2808 3986 2862 4036 in
2888 3985 3110 4039 bestiam
3149 3999 3368 4039 conver-

1833 4083 1946 4127 tere
1978 4072 2173 4138 sarpius
2217 4070 2469 4125 videntur
2506 4073 2725 4125 venelici
2755 4112 2768 4135 ,
2834 4073 2950 4126 norf
3008 4074 3366 4127 substantiam

1833 4162 2078 4229 corporis
2115 4161 2482 4221 immutantes,
2531 4160 2620 4214 sed
2656 4161 2880 4227 pecudis
2914 4159 3140 4212 formam
3172 4160 3240 4212 illi
3273 4174 3366 4228 ap-

1830 4250 2132 4318 pingentes.
2157 4249 2341 4317 Itaque
2362 4249 2487 4303 licet
2507 4249 2684 4313 homo,
2703 4249 3156 4316 quemadmodum
3183 4251 3366 4319 asinus

1760 4353 1803 4405 ι)
1837 4340 1970 4392 sella
2002 4348 2386 4410 praegravetur,
2422 4347 2679 4408 quantum
2729 4347 2900 4406 potest
2951 4340 3063 4407 ipse
3106 4350 3158 4392 ιιι
3209 4343 3367 4392 homo
3421 4396 3427 4402 ,

1831 4429 2087 4496 sustinet,
2121 4429 2390 4498 reliquum
2423 4430 2659 4481 humeris
2685 4429 2893 4481 (ia-mon
2925 4430 3138 4480 attollit.

1835 4519 1992 4591 11ἀ¹
2043 4517 2264 4574 CCCIX.
2313 4546 2381 4557 -——
2429 4516 2762 4570 SUSTHENI
2822 4516 3359 4572 COMENTARESIO.

258 4605 512 4675 ’Δνόητὸν
565 4620 623 4656 σε
665 4604 756 4655 καὶ
788 4601 1041 4653 ἀσύνετον
1078 4601 1477 4669 καταμανθάνω
1501 4618 1515 4632 °
1546 4605 1593 4655 εἰ
1623 4602 1729 4673 γὰρ
1770 4672 1776 4678 η

1899 4607 2124 4661 Fatuum
2183 4615 2234 4661 te
2268 4606 2647 4672 insulsumque
2675 4621 2795 4659 esse
2829 4604 3209 4673 deprehendo:
3237 4619 3360 4655 nam

185 4697 527 4765 ἐπιλαμϐάνῃ
597 4689 690 4744 τοῦ
763 4691 1018 4759 θεοφόρου
1083 4690 1271 4760 ἀνδρὸς
1329 4692 1572 4744 Ἰωάννου
1633 4694 1727 4746 τοῦ

1829 4699 1875 4752 si
1914 4698 2175 4752 deiferum
2225 4699 2396 4750 virum
2443 4697 2704 4749 Joannem
2751 4695 3058 4762 ep’seopum
3093 4694 3360 4747 Constan-

182 4787 482 4839 ἐπισκόπου
530 4780 1175 4846 Κωνσταντινουπόλεως,
1220 4781 1295 4842 ὡς
1340 4780 1578 4850 ὀργίλου,
1637 4783 1728 4835 καὶ

1828 4789 2280 4857 tin0politanum,
2335 4796 2587 4854 tanquam
2646 4767 2933 4836 iracundiae
2979 4781 3217 4834 deditum
3246 4823 3259 4844 ,
3309 4792 3361 4837 et

183 4874 361 4943 ὕϐρεσι
397 4874 696 4942 χαίροντος,
732 4874 788 4922 ὲν
812 4869 890 4937 τῷ
911 4867 1254 4937 ἐπιπλήττειν
1290 4871 1401 4930 τοῖς
1429 4867 1729 4939 ἐξαμαρτά-

1825 4877 2046 4929 nimium
2081 4890 2140 4929 se
2177 4875 2410 4941 injuriis,
2442 4874 2493 4926 in
2525 4871 2843 4925 facinorosis
2883 4869 3360 4936 reprehendendis,

180 4980 342 5023 νουσι,
380 4965 482 5013 καὶ
509 4961 780 5030 ὲμὸριθῶς
819 4958 1188 5012 καθάπτεσθαι
1216 4958 1324 5010 τῶν
1362 4958 1458 5026 τὴν
1495 4960 1728 5030 ἀναλγη-

1824 4963 2205 5024 obiectantem,
2238 4970 2289 5014 et
2325 4961 2452 5026 illis,
2483 4959 2573 5027 qui
2603 4973 2709 5026 pra:
2737 4957 3028 5010 indolentia
3051 4973 3115 5010 ac
3143 4966 3360 5025 stupore

183 5055 314 5115 σίαν,
341 5052 442 5102 καὶ
486 5051 582 5118 τὴν
621 5048 977 5119 ἀναισθησίαν
1037 5047 1478 5117 ἀρρωστούντων,
1542 5051 1728 5118 καιρός

1827 5054 1961 5108 nihil
1986 5052 2403 5121 persentiscunt,
2438 5050 2643 5102 duriter
2665 5063 2960 5118 aSperequc
2992 5047 3358 5115 obiurgandis,

182 5161 253 5195 σοι
289 5141 385 5194 καὶ
409 5140 504 5190 τὸν
533 5139 834 5206 Βαπτιστὴν
879 5138 1127 5206 Ἰωάννην
1187 5138 1383 5204 λέγειν,
1419 5138 1501 5190 ὅτι
1531 5142 1720 5210 γεννή-

1829 5141 2013 5208 culpas
2050 5158 2060 5191 :
2095 5148 2303 5206 tempus
2328 5138 2437 5205 jam
2465 5145 2567 5199 est,
2605 5144 2732 5190 utet
2767 5134 3021 5188 Joannem
3050 5135 3357 5201 Baptistam,

181 5250 316 5301 ματα
361 5228 588 5298 ἐχιδνῶν
618 5244 766 5288 τινας
797 5226 1149 5287 ἀπεκάλεσεν,
1186 5225 1354 5285 ἰώδεις
1385 5226 1476 5277 τὸν
1525 5228 1721 5296 τρόπον

1819 5217 2093 5299 ἐοηίιιιίιιιι
2139 5229 2441 5294 viperarum
2484 5228 2772 5281 nonnullos
2806 5226 2896 5294 qui
2928 5224 3196 5277 venenosis
3239 5235 3355 5272 mo-

600 5316 691 5366 καὶ
746 5314 839 5365 τὸν
881 5314 1195 5365 Ἀπόστολον
1255 5313 1514 5382 ὑϐριστὴν
1580 5311 1719 5367 εἶναι

1826 5320 1974 5372 ribus
1998 5325 2152 5371 erant
2178 5317 2242 5380 ⁹¹,
2284 5326 2703 5385 nuncupantem,
2741 5313 3028 5374 insimules,
3051 5317 3102 5362 et
3136 5311 3355 5375 Aposto-

1569 5408 2052 5494 “.llatth.xu,é8.
2127 5429 2170 5460 ιο
2213 5428 2622 5495 ιιιειιιιι..ικ,ι5,
2715 5418 3028 5476 summa.
3100 5417 3355 5497 "natm.

179 5321 522 5390 ὑπάρχοντας
546 5352 560 5376 ν

237 5436 282 5466 ⁸⁸
319 5435 432 5485 lsa.
463 5443 594 5490 xvu,
636 5427 714 5478 l2.
789 5425 834 5456 ⁸⁸
864 5425 990 5478 ibid.
1067 5426 1108 5456 ⁸⁷
1156 5427 1254 5478 lsa.
1303 5443 1413 5490 \‘lll,
1445 5428 1494 5478 7.

173 5519 248 5560 tu.
306 5504 338 5554 Ἰ
366 5518 382 5564 ;
411 5499 546 5551 Luc.
577 5511 652 5558 ιιι,
681 5496 733 5546 7.

235 5616 311 5677 (α’)
348 5609 588 5666 Allatius
611 5606 832 5672 νοητῶν,
857 5605 1329 5659 intellectualalzus.
1361 5607 1502 5661 ἕξοι-τ.
