4128 6340
276 326 368 386 ΞΟΞ

572 432 640 484 ΙΙ·
674 461 739 470 -ο
763 433 1045 502 ΔΣΤΕΡῘῼ
1083 433 1504 503 ΑΝΔΓΝΩΣῘᾘ.

335 520 404 572 Οὐ
449 519 708 589 βούλομαί
740 537 800 572 σε
853 524 918 591 τῇ
954 523 1123 590 οἰήσει
1153 521 1508 591 προκόπτειν,
1555 520 1687 572 ἀλλὰ
1735 518 1811 587 τῷ

273 611 408 678 ἔργῳ
451 612 546 678 τῆς
601 610 888 680 καλλίστης
950 611 1254 674 πολιτείας,
1303 610 1397 662 καὶ
1445 610 1540 672 τῖες
1584 609 1810 677 θεογνω·

278 699 403 760 σίας.

778 790 856 842 Θ¹.
895 821 962 830 —
1001 789 1082 854 Τῷ
1119 779 1297 854 αὐτῷ.

343 897 361 926 ι
399 879 667 948 ’Δμαρτία
695 879 800 949 γάρ
821 880 919 933 οὐκ
952 880 1290 949 ἐλλογιεῖται,
1321 880 1396 950 μὴ
1427 880 1578 943 ὄντος
1593 880 1807 949 νόμου.ι

279 971 410 1031 Ἕως
442 971 547 1037 γὰρ
585 970 808 1038 μηδέπω
839 971 1298 1042 συμπεπλήρωται
1328 971 1356 1021 ὁ
1385 971 1441 1021 ὲν
1473 973 1603 1040 ἡμῖν
1629 971 1816 1040 νόμος,

1460 318 1977 385 EPISTOLARUM
2006 319 2146 377 LIB.
2191 321 2272 380 ΙΙ.

3333 334 3336 338 ’
3347 322 3447 382 ‘206

2125 428 2278 497 125
2324 427 2446 478 \‘lll.
2490 457 2554 465 -—-
2596 425 2882 480 AE-il‘lililt)
2927 427 3239 481 LECTORI.

1981 519 2116 571 Nolo
2148 531 2198 572 tu
2226 520 2569 588 opinatione,
2607 521 2697 572 sed
2733 521 2934 588 optima
2966 522 3090 575 vita:
3119 524 3328 577 ratione
3350 565 3363 586 ,
3398 533 3452 578 et

1915 609 2004 664 Dei
2041 610 2349 679 cegnitiouc
2377 609 2444 662 ad
2481 609 2732 663 Virtutem
2769 613 3041 682 progredi.

2461 780 2545 835 ιιι.
2585 810 2652 819 -—
2694 781 2894 836 Eidem.

1987 888 2006 921 ι
2035 871 2319 926 Peccatum
2354 887 2461 926 non
2490 874 2848 941 reputabitur,
2887 876 2931 929 si
2965 877 3046 930 lex
3085 893 3190 932 non
3221 890 3302 933 est
3335 882 3395 932 η.
3436 899 3453 930 ι

1912 961 2205 1030 Quousque
2229 962 2373 1016 enim
2409 978 2512 1015 non
2544 964 2811 1032 completa
2837 973 2918 1020 est
2946 966 2996 1018 in
3027 968 3180 1022 nobis
3209 970 3310 1033 lex,
3339 987 3459 1039 qua:

276 1059 656 1128 προστακτικὸς
709 1060 807 1128 μὲν
837 1054 910 1114 ὧν
957 1061 1202 1131 ποιητέον
1225 1100 1240 1124 ,
1283 1061 1710 1130 ἀπαγορευτικὸς
1758 1061 1814 1115 δὲ

1920 1051 2095 1120 iubeat
2125 1067 2225 1116 ea,
2264 1069 2381 1120 qua:
2429 1053 2672 1106 facienda
2712 1064 2870 1120 sunt,
2911 1059 3295 1128 prohibeatque
3323 1076 3456 1114 eou-

274 1142 342 1199 ὧν
380 1147 450 1216 μὴ
474 1149 741 1212 ποιητέον,
776 1149 916 1202 κατὰ
951 1150 1048 1212 τὰς
1089 1150 1530 1220 ὑποτυπουμένας
1573 1151 1814 1218 φυσικῶς

275 1238 395 1304 ἡμῖν
453 1237 575 1305 περὶ
635 1237 852 1303 ἀγαθῶν
915 1240 1008 1289 καὶ
1073 1239 1256 1291 κακῶν
1303 1239 1664 1308 ἐνθυμήσεις,
1695 1238 1812 1291 οὐδὲ

275 1329 594 1397 ἁμαρτάνειν
623 1329 999 1398 λελογίσμεθα.
1033 1329 1214 1399 Χωρὶς
1241 1330 1351 1399 γὰρ
1378 1332 1542 1400 νόμου
1572 1331 1813 1400 ἁμαρτία

273 1417 448 1485 νεκρά.
499 1417 992 1487 Συμπληρωθέντος
1036 1419 1089 1471 δὲ
1121 1417 1214 1471 τοῦ
1244 1421 1406 1489 νόμου
1436 1419 1528 1472 τοῦ
1565 1422 1623 1473 ὲν
1663 1421 1811 1489 ἡμῖν,

277 1504 403 1573 μετά
450 1505 540 1555 τὸν
570 1505 910 1573 ἀπαρτισμὸν
943 1505 1048 1558 τῶν
1092 1506 1323 1570 ἐννοιῶν,
1345 1506 1437 1557 καί
1466 1505 1564 1573 τῆς
1601 1506 1815 1572 ἐντολῆς

273 1593 543 1661 ἐλθούσης.
601 1593 757 1653 εὐθὺς
829 1593 992 1645 κακία
1036 1595 1092 1647 ὲν
1150 1596 1281 1664 ἡμῖν
1334 1594 1675 1663 εὑρίσκεται,
1723 1593 1814 1644 καὶ

270 1683 518 1749 ἀνέζησεν
551 1683 583 1750 ὴ
614 1682 870 1750 ἁμαρτία.

799 1775 855 1826 ι’.
885 1805 947 1814 -
992 1772 1073 1838 Τῷ
1103 1772 1281 1837 αὐτῷ.

338 1864 540 1932 Ὠσπερ
578 1864 610 1933 ή
641 1861 908 1933 περιτομὴ
929 1865 1004 1924 εἰς
1027 1862 1390 1933 ἀκροϐυστίαν
1410 1863 1712 1930 λελόγισται
1738 1862 1816 1932 τῷ

274 1953 521 2021 μοχθηρῷ
559 1953 823 2021 Ἰουδαίῳ,
865 1952 1039 2015 οὕτως
1084 1954 1117 2020 ἠ
1153 1952 1485 2022 ἐγκράτεια,
1519 1952 1615 2004 καὶ
1663 1953 1818 2021 ὴνη-

272 2045 418 2095 στεία
453 2047 531 2106 εἰς
584 2046 891 2114 κραιπάλην
919 2085 933 2108 ,
967 2045 1057 2095 καὶ
1101 2043 1404 2113 ἀπληστίαν
1441 2041 1712 2109 λογίζεται
1741 2043 1818 2110 τῷ

275 2134 411 2184 κατά
436 2135 559 2194 τοὺς
588 2133 854 2200 Ἕλληνας
900 2133 1234 2203 νηστεύοντι,
1271 2135 1362 2184 καὶ
1407 2133 1485 2202 τῷ
1516 2131 1654 2186 κατά
1696 2133 1818 2192 τοὺς

273 2223 597 2290 Μανιχαίους
637 2222 906 2276 ἀσιτοῦντι
931 2263 947 2286 ,
997 2224 1090 2276 καὶ
1126 2223 1192 2276 τὰ
1242 2223 1376 2276 καλά
1411 2222 1682 2291 κτίσματι
1724 2222 1818 2274 τοῦ

272 2313 403 2365 Θεοῦ
437 2313 831 2383 βδελυττομένῳ
860 2313 1156 2383 ἀνθρώπῳ.

783 2406 885 2457 ΙΝ.
915 2433 980 2444 --
1013 2403 1095 2467 Τῷ
1124 2403 1302 2468 αὐτῷ.

352 2495 414 2546 'll
441 2496 577 2547 κατά
606 2495 835 2564 Χριστὸν
865 2495 1155 2564 τελουμένη
1189 2495 1500 2564 ἐγκράτεια,
1533 2493 1692 2561 καλὴ,
1725 2493 1822 2545 καὶ

275 2586 411 2652 ἄγαν
446 2584 638 2652 ἀρίστη
682 2585 816 2643 ἐστὶ,
864 2585 958 2634 καὶ
989 2582 1287 2651 λυσιτελὴς,
1329 2583 1441 2652 ἡδὲ
1468 2582 1584 2634 κατ’
1623 2581 1820 2650 ’Ἐλλη-

276 2694 387 2736 νας,
419 2675 662 2726 καὶκατὰ
689 2675 1016 2742 Μανιχαίους
1052 2673 1325 2740 γινομένη,
1357 2671 1548 2740 ψεκτὴ,
1576 2672 1668 2723 καὶ
1701 2673 1820 2723 ὲπι-

275 2767 498 2834 ϐλαὸης.

511 2857 607 2905 nr.
641 2885 708 2894 -
744 2856 1099 2926 ΝΙΙΜΕΡΤΙῼ
1138 2855 1586 2925 ΣΙΛΕΝΤΙΑΡΙῼ.

347 2943 495 3011 Μηδέ
538 2960 666 2994 ποτε
714 2941 817 3010 δῷς
872 2943 1078 3012 σεαυτῷ
1129 2945 1432 2998 ἀνάπαυσιν
1473 2944 1580 2996 ἀπὸ
1627 2942 1822 3004 παντὸς

1913 1143 2079 1194 traria
2118 1145 2412 1198 secundum
2454 1147 2665 1201 innatas
2703 1150 2856 1203 nobis
2889 1152 2955 1205 de
2995 1152 3155 1206 bonis
3203 1163 3254 1206 et
3301 1155 3459 1208 malis

1913 1233 2452 1299 anin‘iadrersioues,
2512 1252 2735 1305 peccare
2794 1255 3058 1308 nusquam
3124 1251 3452 1312 reputamur.

1913 1317 2154 1388 Namque
2191 1323 2398 1391 absque
2430 1325 2542 1394 lege
2569 1339 2848 1394 peccatum
2883 1340 3158 1386 mortuum
3193 1343 3295 1386 est.
3327 1334 3456 1386 Cum

1915 1421 2041 1459 vero
2065 1409 2147 1460 lex
2174 1409 2226 1461 in
2257 1412 2410 1464 nobis
2436 1414 2700 1479 completa
2731 1406 2890 1469 fuerit
2921 1427 3044 1486 post
3068 1422 3458 1488 cogitationum

1915 1498 2330 1576 perfectionem,
2360 1513 2410 1554 et
2443 1514 2711 1572 ιιι-ευριπιιο
2745 1508 3100 1569 adveniente.
3132 1510 3312 1562 Statim
3344 1526 3458 1562 ma-

1919 1590 2028 1642 litia
2056 1591 2109 1643 in
2143 1592 2299 1647 nobis
2326 1593 2617 1657 invenitur,
2650 1604 2701 1648 et
2735 1607 3013 1664 peccatqu
3047 1601 3260 1652 revixit.

2468 1769 2533 1823 Χ.
2593 1801 2661 1812 --
2701 1773 2908 1826 Eidem.

1982 1853 2445 1919 Quemadmodum
2502 1860 2852 1915 circumcisio
2911 1860 3222 1916 facinoroso
3277 1862 3464 1918 Judmo

1917 1945 1967 1996 in
2004 1948 2321 2014 przrputium
2376 1958 2703 2016 reputatur;
2756 1952 2826 2004 ita
2875 1963 2927 2005 et
2978 1956 3358 2020 continentia,
3408 1967 3462 2010 et

1912 2034 2177 2101 jejunium
2214 2038 2264 2088 iu
2295 2042 2568 2106 crapulam
2600 2048 2651 2094 ct
2687 2041 2739 2093 in
2773 2042 3135 2098 iusatietatcm
3178 2055 3464 2114 reputatur

1916 2123 2027 2184 illi.
2058 2125 2147 2191 qui
2180 2141 2329 2179 more
2358 2129 2601 2196 gentium
2622 2129 2832 2199 jejunat
2854 2174 2867 2196 ,
2901 2141 2954 2186 et
2994 2133 3091 2200 qui
3121 2174 3136 2197 ,
3185 2144 3241 2186 ut
3284 2133 3460 2187 Mani-

1917 2209 2050 2265 cliaai
2087 2217 2358 2281 assolent,
2392 2230 2419 2268 a
2452 2217 2590 2272 cibis
2616 2219 2886 2288 abstinet,
2917 2229 2969 2276 et
3002 2222 3140 2276 bona
3171 2221 3264 2278 Dei
3297 2239 3460 2294 Opera

1917 2307 2256 2357 GXSCCTQIUI'.

2484 2396 2568 2452 XI.
2601 2427 2669 2437 ——
2705 2399 2910 2454 Eidem.

1986 2478 2119 2544 Qua:
2149 2481 2448 2536 secundum
2485 2484 2757 2538 Christum
2792 2488 3126 2542 continentia
3160 2489 3460 2558 perficitur,

1919 2569 2094 2636 bona,
2125 2580 2180 2626 et
2221 2588 2379 2642 quam
2410 2577 2611 2643 optima
2653 2585 2735 2630 cst
2779 2586 2831 2630 et
2875 2579 3062 2638 utilis:
3106 2594 3224 2648 quae
3263 2595 3466 2633 secun-

1921 2659 2048 2713 dum
2080 2669 2266 2730 gentes
2293 2671 2344 2716 et
2371 2662 2699 2720 Manichaeos
2720 2707 2733 2729 ,
2769 2667 3138 2736 vituperabilis
3165 2677 3218 2723 et
3248 2670 3429 2724 noxia.

2060 2833 2220 2914 126
2259 2833 2375 2889 ΧΙΙ.
2407 2867 2473 2875 -—-
2500 2836 2851 2897 NEMERTIO
2881 2843 3330 2902 SlLENTlARIO.

1992 2921 2070 2978 Ne
2095 2942 2330 2996 unquam
2366 2944 2546 2986 cesses
2575 2933 2640 2986 ab
2670 2935 2817 2989 omni
2853 2951 2908 2990 re
2927 2977 2940 3001 ,
2970 2953 3089 3007 quae
3118 2938 3182 2992 ad
3217 2926 3468 3010 pietatem

279 3033 414 3104 πρὸς
440 3035 496 3085 τὸ
531 3033 746 3096 εὐσεϐὲς
781 3033 1143 3096 συντείνοντος
1177 3035 1497 3104 πράγματος
1519 3051 1533 3065 ·
1567 3037 1685 3095 ταῖς
1716 3035 1822 3103 γάρ

1923 3015 2203 3072 conducit.
2233 3017 2288 3072 In
2320 3015 2717 3080 cessationibus
2744 3027 2887 3080 enim
2920 3044 2983 3082 ac
3009 3029 3134 3085 otiis
3162 3046 3316 3087 error
3370 3036 3471 3086 int-

279 3121 634 3182 ἀναπαύσεσι,
666 3123 761 3174 καὶ
809 3125 925 3185 ταῖς
963 3123 1180 3189 ἀργίαις
1221 3123 1280 3174 τὸ
1323 3122 1692 3193 πλημμελοῦν,
1733 3123 1825 3174 καὶ

279 3213 337 3264 τὸ
374 3211 573 3280 φαῦλον
633 3211 938 3263 ἐπιτίθεται
1007 3212 1227 3280 μᾶλλον.
1307 3212 1468 3265 Ἀλλά
1518 3215 1611 3266 καὶ
1669 3214 1826 3283 εὔχου

281 3302 620 3370 συχνότερον,
657 3301 748 3351 καὶ
769 3303 833 3369 τῇ
870 3301 1169 3368 ἀναγνώσει
1210 3301 1439 3372 πρόσεχε
1465 3303 1570 3355 τῶν
1590 3306 1679 3356 τοῦ
1715 3305 1826 3356 Κυ-

278 3391 396 3457 ρίου
426 3390 660 3458 θεσμῶν,
687 3390 777 3442 καὶ
817 3390 1091 3460 περίελκε,
1117 3392 1209 3443 καὶ
1241 3392 1478 3461 περίσπσ.
1505 3393 1601 3461 τὴν
1634 3392 1825 3445 σαυτοῦ

276 3481 511 3532 διάνοιαν
553 3483 632 3542 εἰς
669 3481 768 3543 τὰς
820 3482 925 3533 τῶν
974 3482 1238 3550 δεομένων
1279 3485 1552 3546 εὐποιίας,
1596 3485 1689 3538 καὶ
1731 3485 1827 3548 τὰς

214 3624 218 3625 ν
281 3570 612 3637 προστασίας
666 3569 771 3619 τῶν
809 3572 1312 3640 καταπονουμένων.
1355 3573 1463 3625 Καὶ
1513 3573 1681 3634 οὕτως
1737 3577 1826 3626 ἐκ·

278 3658 449 3726 φεύξῃ
477 3658 671 3726 ῥαδίως
692 3660 750 3709 οὐ
788 3659 945 3728 μόνον
973 3661 1070 3731 τὴν
1100 3663 1379 3733 ἐνέργειαν
1409 3663 1504 3730 τῆς
1535 3663 1824 3732 ἁμαρτίας,

277 3749 416 3799 ἀλλὰ
447 3749 536 3799 καὶ
576 3748 763 3810 αότάς,
802 3751 874 3812 ὠς
909 3752 1070 3814 εἰκὸς,
1108 3755 1203 3813 τάς
1254 3754 1571 3822 προσϐολὰς,
1601 3755 1691 3805 καὶ
1731 3755 1828 3814 τὰς

278 3841 499 3908 μνήμας
520 3838 614 3890 καὶ
633 3837 730 3899 τὰς
750 3839 1092 3908 ἀνακινήσεις
1121 3843 1227 3891 τῶν
1245 3844 1454 3893 ἀτόπων
1473 3844 1820 3910 πραγμάτων.

801 3931 896 3982 II".
927 3959 995 3969 -—
1029 3929 1109 3993 Τῷ
1133 3930 1309 3994 αὐτῷ.

359 4017 597 4072 Ἐπαινῶ
625 4035 684 4070 σε
727 4019 826 4087 τῆς
851 4019 991 4071 κατὰ
1019 4019 1190 4090 ψυχὴν
1243 4020 1560 4090 ἐπιμελείας
1609 4020 1825 4091 πολλῆς,

277 4107 508 4173 καὶτῆς
558 4109 902 4177 ἐγκρατείας,
940 4111 1031 4162 καὶ
1089 4111 1185 4180 τῆς
1236 4111 1444 4181 ἀποχῆς
1486 4112 1592 4164 τῶν
1647 4114 1827 4166 κακῶν

274 4195 584 4261 θεαμάτων,
647 4199 738 4247 καὶ
783 4199 879 4264 τῆς
935 4199 1276 4262 ἀνεξικακίας
1302 4240 1317 4262 ,
1365 4203 1456 4254 καὶ
1501 4201 1608 4253 τῶν
1649 4203 1828 4254 ἄλλων

273 4283 749 4352 κατορθωμάτων,
797 4279 979 4355 ὦνπερ
1033 4289 1397 4340 ἐπιδείκνυσαι
1436 4290 1493 4340 ἐν
1539 4291 1687 4359 μέσῳ
1732 4291 1825 4343 τοῦ

1927 3108 2277 3178 probitasque
2310 3112 2490 3178 potius
2522 3113 2849 3168 admittitur.
2891 3117 2995 3172 Sed
3028 3128 3080 3173 et
3114 3135 3334 3189 precare
3366 3123 3472 3177 frc-

1925 3201 2181 3267 quentius
2211 3243 2226 3268 ,
2290 3214 2341 3257 et
2371 3204 2770 3261 Dominieorum
2819 3223 3204 3281 prmceptorum
3257 3217 3472 3271 lectioni

1927 3290 2182 3345 incumbe
2203 3334 2216 3357 ,
2247 3302 2300 3346 et
2331 3295 2541 3349 attrahe
2566 3337 2578 3358 ,
2614 3306 2665 3352 et
2698 3301 2908 3368 applica
2941 3314 3170 3356 mentem
3220 3314 3364 3359 tuam
3418 3309 3472 3361 in

1924 3395 2216 3444 egenorum
2272 3383 2685 3441 beneﬁcentiam
2730 3398 2784 3443 ct
2838 3392 3135 3459 patrocinia
3185 3409 3474 3464 Oppi-csso-

1926 3486 2069 3526 rum.
2122 3471 2323 3543 Sicque
2372 3475 2514 3531 facili
2564 3482 2780 3549 negotio
2828 3484 3056 3540 evitabis
3109 3501 3215 3537 non
3263 3494 3471 3539 tantum

1930 3559 2234 3630 iuiqu‘itatis
2265 3560 2540 3629 actiones,
2578 3569 2670 3621 sed
2703 3578 2753 3622 et
2792 3571 2968 3639 ipsos,
3004 3582 3058 3624 ut
3091 3588 3188 3640 par
3217 3580 3334 3637 est,
3374 3574 3473 3626 im-

1929 3661 2081 3719 petus
2120 3662 2172 3707 et
2213 3658 2498 3710 memorias
2536 3665 2588 3710 ct
2628 3667 2804 3714 motus
2870 3676 3047 3714 rerum
3090 3662 3470 3719 absurdarum.

2463 3923 2595 3978 Xlll.
2633 3957 2696 3965 —
2733 3927 2928 3982 Eidem.

1998 4004 2217 4060 Multam
2246 4016 2390 4063 tuam
2420 4013 2565 4065 circa
2593 4013 2824 4066 animam
2857 4015 3187 4082 diligentiam
3219 4027 3271 4070 et
3299 4022 3476 4073 couti-

1931 4098 2207 4161 nentiam,
2243 4109 2295 4153 et
2348 4116 2374 4152 a
2412 4102 2589 4166 pravis
2630 4104 2953 4168 spectaculis
2988 4104 3470 4173 longinquitatem,

1926 4194 1978 4238 et
2009 4187 2324 4252 iujuriarum
2355 4191 2727 4253 tolerantiam,
2758 4199 3063 4261 ca'tcraquc
3090 4194 3189 4246 alia
3219 4197 3474 4264 pr;cclare

1930 4284 2078 4341 gesta
2100 4315 2114 4339 ,
2142 4292 2262 4344 qua:
2290 4277 2465 4330 medio
2499 4281 2701 4334 mundo
2725 4281 2997 4338 involutus
3024 4287 3262 4338 ostendis
3284 4325 3298 4346 ,
3325 4302 3472 4338 sum-

275 4374 483 4440 κόσμου
519 4372 900 4441 στρεφόμενος.
939 4375 1074 4426 ’Λλλ⁴
1102 4376 1159 4426 ’ἐν
1191 4393 1279 4445 μοι
1308 4377 1387 4430 ἔτι
1441 4378 1574 4447 πρὸς
1624 4380 1826 4444 τούτοις

1932 4379 2148 4433 mopere
2175 4364 2435 4420 admiror.
2481 4367 2584 4422 Sed
2631 4385 2795 4422 unum
2838 4371 2966 4422 mihi
3017 4371 3191 4423 adhuc
3241 4387 3348 4440 prtc
3388 4373 3472 4426 his

273 4462 525 4530 χάρισαι,
574 4462 672 4531 τῆς
717 4462 823 4514 τῶν
857 4463 1149 4530 γελοποιῶν
1191 4464 1367 4536 λύμης
1419 4466 1602 4519 λοιπὸν
1637 4471 1830 4522 σαυτὸν

271 4553 678 4620 ἀποσχοίνισον,
710 4555 803 4607 καί
838 4555 947 4607 ἰδού
989 4572 1071 4607 σοι
1109 4558 1135 4608 ό
1171 4559 1433 4626 στέφανος
1467 4561 1785 4612 πέπλεκται.

560 4727 651 4776 u'.
679 4755 746 4763 —
770 4726 1063 4795 ΛΝΤΩΝΙῼ
1105 4729 1552 4798 ΣΧΟᾹΛΣΤΙΚῼ.

346 4814 427 4880 Τῇ
463 4813 581 4882 Οείᾳ.
635 4815 798 4882 ψήφῳ
835 4815 1186 4883 βεϐαπτίσθαι
1221 4817 1542 4886 Ἰσραηλῖται
1591 4819 1826 4884 λογίζον-

270 4921 386 4964 ται,
428 4906 751 4970 περαιῶντες
791 4906 883 4974 τὴν
944 4906 1201 4976 Ἐρυθρὰν
1233 4906 1518 4972 Θάλασσαν,
1552 4909 1720 4961 καίτοι
1753 4910 1825 4978 μὴ

271 4991 684 5060 βαπτισθέντες.
747 4994 928 5057 Οὕτως
977 4996 1116 5062 ἔδοξε
1157 4997 1274 5068 Θεῷ
1327 4999 1414 5050 τὸν
1454 4998 1826 5066 δευτερότοκον

283 5079 530 5148 Ἐφραῒμ
573 5084 907 5148 πρωτότοκον
957 5086 1248 5153 λέγεσθαι,
1303 5089 1395 5140 καὶ
1441 5089 1825 5157 προκρίνεσθαι

269 5173 367 5225 τοῦ
399 5171 643 5240 μείζονος
675 5175 961 5246 Μανασσῆ,
1003 5180 1068 5230 ἵν’
1108 5182 1263 5249 ἡμεῖς
1294 5178 1540 5250 ζητῶμεν
1577 5180 1673 5240 τὰς
1705 5184 1821 5234 τούο

266 5281 380 5316 των
414 5261 698 5331 σημασίας.

753 5353 850 5406 ιε’.
872 5386 937 5394 -
967 5356 1350 5427 ΘΕΟΣΕΒΕΙῼ.

339 5439 410 5495 Αἱ
442 5437 587 5508 παρὰ
625 5438 699 5508 τῷ
734 5445 977 5514 προρήτῃ
1012 5449 1250 5517 Ζαχαρία
1279 5448 1369 5498 δύο
1399 5453 1593 5516 χρυσαῖ
1623 5451 1816 5517 ἐλαῖαι,

344 5614 390 5647 ι’
415 5612 575 5666 Rom.
637 5630 688 5676 ν,
747 5615 828 5666 13.

908 5617 948 5647 ¹⁵
1000 5619 1131 5670 (ten.
1182 5637 1365 5686 ιιι-ιιι,
1411 5624 1489 5676 l0.
1573 5626 1609 5654 ³⁷
1643 5624 1806 5677 Zach.

1928 4456 2181 4510 omnibus
2227 4459 2566 4525 gratificare,
2616 4473 2644 4508 a
2697 4469 2843 4524 peste
2887 4473 3239 4525 scurrarum,
3273 4463 3472 4530 quibus

1930 4545 2192 4606 inhaeres,
2225 4546 2546 4598 discinditur
2574 4566 2586 4600 :
2629 4555 2682 4599 ct
2714 4563 2778 4603 cu
2805 4548 2918 4617 jam
2965 4551 3061 4605 tibi
3109 4567 3308 4606 corona
3343 4568 3474 4606 con-

1924 4639 2068 4685 texta
2095 4643 2193 4686 est.

2168 4719 2304 4772 XIV.
2323 4749 2387 4759 -—
2403 4721 2702 4777 ANTONIO
2736 4724 2997 4779 SCIIOLA
3010 4726 3221 4780 STlCO.

1999 4805 2188 4860 Divino
2211 4807 2428 4867 decreto
2452 4809 2706 4864 lsraelilze
2742 4828 2888 4866 mare
2920 4815 3156 4866 Rubrum
3194 4814 3472 4884 trajicien-

1927 4905 2040 4962 tes,
2077 4898 2197 4952 licet
2242 4900 2496 4969 baptizati
2547 4919 2650 4955 non
2700 4904 2932 4967 fuciiut,
2987 4905 3246 4973 haptizati
3293 4923 3471 4964 tamen

1925 4989 2324 5046 existimantur.
2357 4996 2446 5049 Sic
2476 4997 2582 5050 Deo
2609 4997 2779 5049 visum
2810 5005 2888 5049 est
2911 5036 2924 5058 ,
2959 4993 3199 5052 secundo
3232 5003 3468 5069 genitum

1926 5082 2180 5151 Ephraim
2213 5089 2632 5156 primogenitum
2665 5088 2809 5150 diei,
2859 5099 2910 5143 et
2953 5093 3144 5161 majori
3188 5101 3313 5147 nato
3359 5093 3468 5145 Ma-

1929 5193 2103 5231 nassa:
2131 5178 2386 5231 anteferri
2421 5180 2483 5244 l“,
2518 5187 2575 5231 ut
2603 5197 2703 5236 nos
2733 5182 2924 5237 horum
2956 5187 3288 5254 signiﬁcatus
3318 5185 3471 5239 aride

1929 5268 2324 5334 perquiramus.

2289 5354 2444 5422 127
2476 5354 2587 5408 XV.
2622 5387 2686 5394 —
2723 5356 3116 5412 Tlll-ZOSEBIO.

1999 5446 2121 5500 Dum
2148 5448 2284 5517 apud
2316 5449 2628 5518 prophetarit
2664 5450 2979 5504 Zachariam
3012 5451 3162 5504 (illvm
3195 5465 3370 5509 aurea:
3401 5451 3466 5517 ⁸⁷,

1887 5643 1958 5690 ιν,
1992 5625 2045 5678 3.
