4128 6340
164 243 247 304 239

1329 235 1844 298 EI‘ESTULARIIM
1879 237 2019 294 LII}.
2061 237 2140 294 II.

3203 230 3305 294 ἳὶῦ

165 348 421 421 ἀνθρώπων
454 349 715 419 μηδαμῶς
772 350 1058 421 φοϐηθῆτε.
1097 371 1114 400 ι
1164 327 1238 404 ές
1285 350 1446 402 αὑτοῦ
1482 351 1537 402 δὲ
1570 349 1667 418 βοᾷ
1698 351 1738 406 Α
1770 364 1795 400 ιι

1698 351 1738 406 Α
1770 363 1836 401 ne
1866 349 2102 402 timeatis
2133 347 2196 401 “.
2227 366 2242 396 ι
2272 346 2371 400 Per
2396 348 2634 416 seipsum
2666 346 2720 400 in
2753 343 3042 412 Erangelio
3069 342 3301 396 clamat:

169 441 214 489 iv
229 435 292 504 τῷ
315 436 624 506 Εὐαγγελίῳ
640 454 653 467 ο
681 458 698 488 ι
718 439 988 510 Μακάριοί
1014 441 1158 502 ὲστε,
1190 441 1315 490 ὅταν
1341 438 1666 491 ὀνειδίσωσιν

168 528 311 595 ὑμᾶς·
337 527 553 595 χαίρετε
577 565 595 592 ,
626 530 718 580 καὶ
740 529 1086 596 ἀγαλλιᾶσθε,
1116 530 1198 582 δτι
1234 530 1262 581 6
1295 529 1483 598 μισθὸς
1517 525 1666 595 ὑμῶν

169 616 301 677 πολὺς
319 617 373 669 ὲν
392 617 503 678 τοῖς
529 617 791 686 οὐρανοῖς.
830 637 847 669 ι
887 619 996 672 Καὶ
1015 621 1040 672 6
1063 618 1351 680 ἀπόστολος
1380 618 1435 670 δὲ
1465 617 1667 678 Παῦλος

168 708 212 755 ἐν
247 707 303 773 τῇ
333 704 465 774 πρὸς
513 705 796 775 Ἐϐραίους
849 705 1151 776 Ἐπιστολῇ.
1197 708 1396 776 σφόδρα
1446 705 1668 776 ἐπῄνεσε

169 793 268 854 τοὺς
295 793 368 854 εἰς
411 793 498 844 τὸν
530 794 757 861 Σωτῆρα
795 794 1024 862 Χριστὸν
1061 793 1282 862 ἔχοντας
1317 793 1540 857 ζέουσαν
1581 794 1670 845 πί-

171 896 281 932 στιν.
303 880 360 932 EI
380 879 554 930 τοίνυν
576 879 728 930 ταῦθ’
743 876 923 940 ὀὕτως
946 877 1078 948 ἔχει,
1101 878 1343 947 μηδό).ως
1364 877 1667 946 ἀθυμήσῃς,

171 967 280 1036 μηδὲ
304 967 532 1037 πτοηθῇς
571 967 1015 1037 ὲξονειδιξόμενος
1043 967 1108 1020 δι’
1143 966 1407 1028 εὔκλειαν,
1432 967 1521 1017 καὶ
1548 967 1671 1034 τρό-

169 1074 262 1107 πων
286 1057 639 1126 χρηστότητα,
685 1059 781 1109 καὶ
817 1056 1070 1127 λαμπρὰν
1100 1056 1395 1120 εὐσέϐειαν,
1430 1055 1533 1107 ὑπὸ
1565 1054 1672 1105 τῶν

170 1144 436 1213 ἀϐελτέρων
472 1163 550 1207 τε,
583 1147 676 1198 καὶ
704 1146 898 1207 ἀθέων,
927 1147 1019 1198 καλΙ
1059 1146 1312 1216 μυσαρῶν
1346 1145 1669 1215 ἀνθρώπων·

172 1234 246 1284 καὶ
283 1234 378 1301 γὰρ
409 1235 456 1286 οί
505 1236 692 1302 πόρνοι
724 1234 1058 1302 καταγελῶσι
1103 1235 1208 1286 τῶν
1244 1235 1669 1305 σωφρονούντων,

171 1321 245 1371 καὶ
269 1323 310 1371 οἱ
355 1322 563 1384 ἀσεϐεῖς
595 1322 882 1375 σκόπτουσι
926 1323 1051 1382 τοὺς
1083 1323 1466 1384 εὐσεϐοῦντας,
1503 1323 1596 1375 καὶ
1624 1326 1671 1375 οἱ

171 1409 364 1475 πονηροὶ
391 1410 508 1471 τοὺς
543 1411 780 1478 ἀγαθοὺς
810 1410 1253 1480 μυκτηρίζουσιν,
1286 1413 1378 1463 καὶ
1407 1413 1454 1462 οἱ
1487 1411 1675 1478 τυφλοὶ

172 1497 565 1561 πολυϐλὲποντας
590 1501 972 1569 κικλήσκουσιν
998 1502 1244 1563 ἑαυτοὺς,
1270 1503 1364 1554 καὶ
1403 1503 1449 1553 οἱ
1481 1502 1673 1569 φαυλό-

172 1604 292 1639 τατοι
318 1589 594 1650 κροτοῦσι,
636 1589 729 1642 καὶ
770 1591 1198 1659 ἀνακηρύττουσι
1251 1591 1347 1646 τὰς
1385 1592 1671 1660 ἁμαρτίας,

1777 457 1792 488 ι
1833 436 1982 492 Beati
2012 439 2177 498 estis,
2211 452 2332 490 eum
2365 436 2740 490 rnaledixeriut
2773 434 2925 488 vobis
2952 451 2966 498 ;
2997 432 3220 502 gaudete
3255 439 3309 482 et

1770 529 2073 590 exsultate,
2103 529 2356 596 quoniam
2389 541 2602 582 merces
2643 536 2820 580 vestra
2869 524 3088 593 copiosa
3131 531 3211 578 est
3253 521 3307 572 in

1771 619 1924 672 ca-lis
1955 619 2020 671 ’⁵.
2047 636 2065 668 ι
2089 617 2154 670 Et
2179 618 2376 672 Paulus
2404 617 2679 687 apostolus
2705 614 2943 684 Epistula
2969 613 3034 667 ad
3060 611 3308 666 Hebraeos

1772 708 2000 760 maxime
2027 708 2324 762 admiratus
2348 715 2434 760 est
2457 721 2572 770 eos,
2598 707 2686 774 qui
2711 705 2768 758 in
2797 704 3129 757 Salvator-em
3156 700 3309 754 Chri-

1774 800 1916 846 stum
1957 792 2153 846 habent
2194 791 2470 844 ardentem
2513 790 2668 844 ﬁdem
2709 791 2773 842 “.
2803 789 2924 842 llaec
2952 789 3131 856 itaque
3158 787 3202 840 si
3238 787 3308 838 ita

1774 900 1832 940 se
1856 885 2085 951 habent,
2120 901 2185 939 ne
2213 899 2438 954 prorsus
2467 884 2705 937 animum
2733 881 3101 951 despondeas,
3136 892 3312 946 neque

1775 975 1968 1029 timore
1995 976 2248 1029 concidas
2273 1013 2286 1034 .
2317 983 2534 1043 propter
2565 971 2800 1037 famam,
2826 980 2880 1025 et
2913 985 3117 1024 morum
3146 968 3312 1036 requi-

1774 1059 1936 1118 tatem
1960 1104 1974 1127 ,
2003 1072 2055 1118 et
2087 1062 2426 1132 Splendidam
2457 1062 2748 1131 pietatem,
2779 1076 2808 1112 a
2845 1059 3093 1121 vesanis,
3132 1055 3311 1124 impiis

1773 1152 2230 1220 exsecrandisquc
2284 1152 2593 1206 hominibus
2656 1149 2961 1202 maledictis
3012 1145 3308 1215 impolitus.

1776 1241 1987 1295 Etenim
2023 1242 2256 1296 adulteri
2293 1243 2636 1295 continentes
2673 1238 2936 1300 irrident,
2972 1246 3024 1290 et
3060 1235 3180 1303 pios
3211 1233 3316 1286 im-

1776 1332 1849 1402 pii
1885 1332 2311 1396 calumuiantur,
2343 1340 2396 1384 et
2428 1330 2626 1398 probos
2660 1328 2888 1396 improbi
2919 1341 3050 1380 naso
3093 1340 3317 1392 suspen-
3347 1391 3351 1397 ἡ

1776 1421 1945 1482 dunt,
1975 1421 2212 1489 uncique
2243 1420 2466 1472 multum
2497 1434 2554 1472 se
2587 1418 2704 1470 visu
2749 1419 2949 1485 pollere
2987 1414 3314 1484 gloriantur,

1776 1521 1829 1564 et
1861 1510 2078 1579 pessimi
2125 1509 2421 1578 plaudunt,
2466 1515 2520 1561 et
2580 1507 2896 1575 iniquitates
2936 1506 3220 1572 evulgant,
3264 1509 3317 1554 et

1779 1597 2224 1668 probrosissimos
2247 1597 2492 1664 rituperii
2520 1589 2764 1655 alleetus,
2790 1595 3138 1648 decernentes
3161 1591 3318 1644 dulce

172 1676 247 1728 καὶ
269 1676 327 1727 τὰ
355 1676 597 1745 αἴσχιστα
623 1678 770 1747 πάθη
807 1678 904 1746 τῆς
951 1679 1189 1747 ἀτιμίας,
1227 1678 1583 1749 ψηφιζόμενοι
1619 1682 1678 1732 τὸ
1712 1674 1748 1730 Β
1778 1704 1802 1740 ῃ

1712 1674 1748 1730 Β
1778 1703 2018 1740 amarmn
2048 1703 2190 1742 csse.
2216 1686 2323 1740 Nos
2351 1700 2478 1740 vero
2504 1687 2682 1754 potius
2709 1699 2804 1739 eos
2835 1682 3068 1737 ludibrio
3101 1679 3316 1733 habebi-

172 1765 333 1834 πικρὸν
384 1765 550 1832 γλυκὺ
633 1762 791 1821 εἶναι.
847 1768 984 1820 Ἀλλ’
1034 1770 1192 1838 ἡμεῖς
1253 1769 1448 1837 μᾶλλον
1502 1771 1676 1824 αὐτῶν

172 1854 574 1924 καταγελάσομεν
609 1896 624 1918 ,
672 1857 765 1910 καὶ
821 1859 1304 1927 ιαταγνωσόμεθα,
1345 1861 1677 1928 πενθήσομέν

171 1955 236 2000 τε,
287 1943 372 1993 καὶ
419 1943 902 2015 καταθρηνήσομεν
939 1945 1037 2014 τὴν
1083 1945 1188 1996 τῶν
1230 1946 1479 1998 τοιούτων
1531 1945 1678 1998 ἀπώ-

171 2029 310 2083 λειαν.

583 2121 709 2174 κη’,
745 2151 764 2160 ι
793 2153 808 2161 -
850 2124 1224 2194 ΝΙΚΟΔΙΙΜῼ.

237 2207 478 2274 Ὀφείλεις
504 2210 633 2278 εὐχε.
802 2230 805 2232 ·
883 2215 952 2280 τῷ
981 2215 1118 2284 Θεῷ,
1147 2215 1228 2268 ὅτι
1258 2215 1356 2268 οὐκ
1385 2215 1528 2284 ἔχεις
1555 2219 1678 2286 χρή-

175 2313 314 2363 ματα.
343 2299 426 2352 ἴνα
452 2300 525 2371 μὴ
549 2301 682 2354 ἀπαι
700 2321 780 2368 ..τρι
814 2323 854 2372 ⁸ς
902 2305 959 2356 ἐν
989 2307 1170 2375 ἡμέρᾳ
1197 2306 1424 2374 κρίσεως
1445 2306 1533 2358 τὸν
1560 2307 1677 2358 τού-

173 2402 258 2438 των
282 2385 453 2453 λόγον·
498 2408 516 2440 ι
545 2386 614 2461 ⁷ῼ
661 2392 787 2461 γὰρ,
825 2393 976 2462 φησι,
1007 2394 1138 2446 πολὺ
1170 2393 1392 2459 δέδοται,
1427 2397 1679 2467 περισσόο

173 2492 302 2542 τερον
343 2477 728 2548 ἁπαιτήσουσιν
777 2484 824 2533 οἱ
873 2485 1175 2552 πράκτορες
1221 2485 1472 2551 ἄγγελον
1515 2504 1534 2536 ι
1588 2487 1679 2538 καὶ

174 2565 344 2633 πολλὴν
395 2568 545 2637 δίκην
595 2571 775 2636 ὑφέξει
818 2572 923 2623 τῶν
979 2571 1234 2624 δοθέντων
1306 2576 1597 2643 χρημάτων
1651 2577 1679 2626 6

177 2653 429 2717 πλούσιος,
494 2659 587 2710 καὶ
635 2660 854 2728 ἀκριϐὲς
921 2660 1256 2726 λογοθὲσιον,
1317 2662 1409 2714 καὶ
1447 2664 1678 2730 φρικτὴν

174 2741 520 2798 δ’)σκουσσίονα
548 2787 564 2810 ,
605 2749 825 2816 πότερον
882 2749 1096 2812 καλῶς,
1148 2750 1180 2818 ἢ
1223 2751 1402 2812 κακῶς
1452 2750 1678 2823 διῴκησε

175 2829 226 2880 τὰ
265 2833 332 2894 εἰς
383 2834 536 2885 αὑτὸν
581 2837 928 2905 περιελθόντα
979 2839 1114 2894 κατὰ
1153 2841 1403 2910 πρόνοιαν
1436 2842 1588 2896 θεοῦ.

442 3015 560 3066 Kl”.
585 3046 654 3054 -
693 3018 1032 3086 aereum
1069 2995 1383 3090 ᾸΙΛΚΟΝῼ.

230 3103 309 3170 Μὴ
335 3103 604 3175 θαρσήσῃς
635 3107 710 3174 τῷ
741 3110 882 3178 γήρᾳ
902 3126 914 3138 ι
949 3111 1039 3161 καὶ
1065 3110 1171 3177 γὰρ
1201 3111 1291 3161 καὶ
1317 3112 1564 3180 γέροντες
1593 3113 1680 3163 πί-

178 3206 401 3242 πτουσινο
430 3194 680 3245 ὲπικαλοῦ
729 3197 782 3248 δὲ
815 3200 902 3248 τὸν
947 3198 1175 3267 Χριστὸν
1229 3201 1314 3251 ἀεὶ
1367 3201 1497 3268 πρὸς
1557 3202 1681 3271 βοή-

176 3277 320 3340 θειαν,
348 3278 410 3328 ἶν’
436 3279 594 3342 αὐτός
619 3297 710 3332 σου
767 3287 994 3355 φρουρὸς
1025 3287 1114 3338 καὶ
1139 3286 1380 3351 ἄσειστος
1421 3289 1682 3357 ἀσφάλεια

180 3366 388 3435 γένηται.

454 3464 576 3515 KA'.
606 3492 676 3503 ——-
712 3466 975 3535 ΧΑΡΙΣΙῼ
1013 3467 1370 3538 ΕΠῘΣΚΟΠῼ.

235 3545 547 3601 Πυνθᾶνεταί
577 3570 676 3619 μου
709 3554 741 3622 ἡ
791 3554 943 3621 τιμία
986 3572 1077 3606 σου
1107 3555 1271 3624 ψυχὴ,
1306 3557 1359 3608 τί
1391 3555 1454 3608 ἂν
1495 3557 1578 3626 εἴη
1627 3558 1677 3611 τὲ
1709 3583 1711 3586 ·

179 3637 521 3704 γεγραμμένον
546 3640 650 3691 ὑπὸ
676 3641 766 3692 τοῦ
798 3643 1137 3706 ’Λποστόλου,
1167 3643 1246 3696 ὅτι
1278 3664 1296 3695 ι
1327 3648 1559 3714 Δύναμις
1587 3648 1682 3715 τῆς

179 3724 414 3794 ἁμαρτίας
431 3728 458 3778 6
477 3729 637 3797 νόμος
657 3731 768 3780 ἐστὶ
789 3731 1051 3796 Μωσέως;
1070 3751 1087 3782 ι
1114 3735 1220 3801 Οὐχ
1235 3735 1315 3784 δτι
1336 3737 1684 3804 πταισμάτων

177 3811 328 3877 ὀθείος
343 3817 494 3884 νόμος
517 3819 626 3870 ὑπά
635 3835 745 3887 ρχει
769 3820 1062 3888 ποιητικὸς,
1088 3820 1234 3874 ὥσπε
1242 3840 1272 3891 ρ
1288 3824 1426 3886 τινὲς
1443 3826 1686 3878 ἀπαίδευ-

177 3920 242 3956 τοι
256 3909 422 3973 κακῶς
438 3913 802 3981 νενομίκασιν-
820 3915 929 3966 οὐδ’
944 3915 1022 3966 ὅτι
1042 3915 1395 3985 ἰσχυροποιεῖν
1411 3918 1507 3988 τὴν
1520 3920 1686 3989 ἁμαρο

178 3994 274 4045 τίαν
293 3999 438 4050 εἴωθε
457 4018 472 4030 -
499 4002 575 4070 μὴ
599 4003 823 4067 γένοιτο.
844 4004 933 4074 Μὴ
958 4001 1048 4057 οὖν
1072 4005 1175 4076 γὰρ
1202 4007 1395 4074 μᾶλλον
1420 4009 1507 4060 καὶ
1533 4025 1686 4078 περι-

179 4083 387 4146 κόπτειν,
414 4088 444 4156 ῆ
483 4091 578 4139 καὶ
606 4091 945 4155 ἐξαφανίζειν
971 4093 1066 4153 τὰς
1097 4095 1366 4162 ἁμαρτίας
1409 4097 1645 4162 πέφυκεν
1665 4113 1679 4127 ·

180 4171 271 4222 ἀλλ’
296 4174 369 4226 ὅτι
396 4176 633 4238 δυνατῶς
659 4177 877 4245 ἐλέγξας
908 4180 1002 4246 τὴν
1023 4180 1126 4231 τῶν
1156 4182 1369 4247 φαύλως
1396 4184 1682 4251 δρωμένων

179 4259 396 4327 ἀτοπίαν,
425 4265 518 4317 καὶ
545 4266 903 4336 δημοσιιεύσας
931 4268 1026 4337 τὴν
1070 4269 1228 4336 φύσιν
1268 4271 1374 4323 τῶν
1403 4273 1682 4342 ἀπρεπῶν,

179 4351 442 4424 ἐμφράττει
471 4356 531 4408 τὸ
573 4358 922 4427 ἀναίσχυντον
951 4360 1120 4428 στόμα
1159 4361 1266 4412 τῶν
1302 4363 1566 4416 Ἰουδαίων
1601 4382 1684 4416 σε·

181 4447 488 4513 μνυνομὲνων
530 4447 628 4516 μὲν
676 4449 767 4501 ἐπὶ
803 4449 878 4517 τῷ
910 4450 1034 4518 θείῳ
1062 4451 1366 4520 γράμματι,
1401 4455 1489 4505 καὶ
1523 4471 1682 4522 κορυ-

180 4529 481 4588 ϐαντιῶντων
523 4536 804 4603 διηνεκῶς,
844 4541 1020 4590 πᾶσαν
1061 4540 1114 4590 δὲ
1161 4541 1430 4608 ἁμαρτίαν
1469 4541 1682 4608 ἀφόϐως

180 4618 541 4690 ἐργαζομένων,
575 4623 671 4675 καὶ
716 4623 802 4674 διὰ
831 4623 926 4692 τῆς
975 4623 1332 4691 παραϐάσεως
1368 4625 1459 4676 τοῦ
1497 4627 1679 4693 νόμου,

179 4707 250 4756 τὸν
274 4713 556 4783 νομοθέτην
597 4711 985 4782 ἀτιμαζόντων.
1015 4713 1152 4778 Πρὸς
1188 4714 1295 4782 γὰρ
1319 4713 1381 4783 δὴ
1415 4714 1472 4765 τὸ
1505 4716 1681 4784 πρόσ-

179 4813 302 4850 ωπον
333 4801 434 4852 τῶν
469 4803 548 4874 τῷ
579 4805 726 4873 νόμῳ
757 4803 1203 4872 ὲγκαυχωμένων,
1246 4805 1338 4856 καὶ
1367 4803 1683 4866 ἀλαζονευο-

183 4886 348 4952 μὲνων,
375 4892 404 4941 6
428 4893 567 4955 θεῖος
607 4893 920 4956 ’Λπόστολος
952 4893 1119 4947 ταῦτὰ
1161 4912 1218 4946 τε
1248 4895 1338 4947 καὶ
1368 4893 1434 4946 τά
1467 4895 1710 4947 τοιαῦτα

179 4974 579 5046 ἀποφθέγγεσθαι
608 4982 814 5036 εἴωθεν.

453 5065 578 5117 KE'.
609 5096 641 5109 ν-
666 5096 677 5106 ·
717 5070 1032 5139 ΕΡΜΟΛΛῼ
1069 5073 1366 5141 ΜΟΝΑΧῼ.

237 5151 366 5206 ’Δνω
403 5153 562 5222 βλέπε.
591 5159 726 5226 πρὸς
753 5158 903 5212 Θεόν.
943 5162 1006 5212 Τί
1055 5178 1136 5213 σοι
1182 5163 1273 5213 καὶ
1301 5163 1409 5223 τοῖς
1439 5163 1678 5229 γηΐνοις;

180 5241 250 5309 Μὴ
272 5241 390 5296 θέλε
412 5245 669 5315 καθορᾷν,
703 5249 754 5300 τί
797 5250 1020 5319 πράττει
1050 5251 1078 5302 6
1121 5253 1374 5320 κοσμικὸς
1395 5269 1409 5281 ’
1439 5245 1680 5324 ἀπέστης

179 5327 268 5399 γὰρ
289 5330 374 5384 τοῦ
399 5331 624 5404 κόσμου,
653 5335 743 5387 καὶ
784 5339 882 5407 τῆς
912 5340 1143 5410 ἀγχόνης
1173 5342 1264 5393 τοῦ
1299 5341 1430 5410 βίον.
1469 5343 1558 5411 Mi;-
1588 5341 1680 5397 οὖν

236 5498 272 5529 ’³
294 5497 385 5556 Isa.
415 5520 483 5569 LI,
507 5505 557 5556 7.
629 5505 673 5536 ”
712 5504 892 5560 Matth.
936 5522 988 5568 ν.
1027 5509 1105 5573 ιι,
1147 5511 1221 5563 12.

757 5613 771 5638 Ἰ

1300 5513 1342 5540 ³⁸
1373 5512 1534 5566 llehr.
1570 5530 1620 5567 κ.
1659 5516 1740 5568 52.

1713 4142 1754 4194 D

1777 1792 1934 1839 mus,
1972 1786 2022 1830 et
2063 1775 2579 1835 condemnabimus.
2627 1784 2681 1828 et
2735 1774 2993 1828 similium
3046 1769 3312 1824 excidium

1777 1866 2230 1934 cctuplorabimus
2261 1880 2323 1918 ac
2357 1863 2678 1934 lugebimus.

1992 2181 1994 2183 .
2231 2125 2389 2181 XXII.
2422 2159 2486 2168 -—
2514 2123 2877 2180 NICODEMO.

1847 2219 2042 2272 Gratia:
2072 2217 2167 2272 tibi
2200 2217 2420 2287 agenda:
2453 2226 2581 2271 sunt
2617 2216 2752 2276 Deo,
2782 2214 2924 2284 quod
2957 2212 3206 2282 pecuniis
3223 2210 3318 2264 de-

1778 2309 2054 2372 SIituaris,
2100 2326 2168 2364 ne
2213 2312 2296 2364 die
2334 2310 2533 2378 judicii
2580 2309 2646 2364 de
2684 2324 2866 2362 earum
2909 2307 3114 2360 ratione
3155 2320 3317 2369 expo-

1779 2402 1970 2455 searis.
2005 2419 2020 2450 ι
2051 2400 2151 2454 Cui
2197 2399 2372 2465 enim,
2421 2400 2532 2461 ait,
2582 2399 2813 2451 multum
2839 2397 3016 2450 datum
3040 2400 3137 2454 est,
3161 2391 3227 2444 ab
3254 2407 3317 2444 co

1779 2494 1952 2562 majus
1980 2499 2230 2562 expetent
2274 2491 2445 2561 angeli
2475 2498 2758 2544 exactores
2787 2489 2829 2518 ’⁷
2862 2505 2874 2540 :
2910 2505 2926 2536 ι
2955 2495 3006 2541 et
3033 2486 3182 2540 dives
3223 2498 3319 2552 pro

1779 2582 2056 2636 concessis
2086 2581 2188 2634 sibi
2221 2581 2468 2649 pecuniis
2501 2580 2685 2633 aerius
2718 2579 2771 2632 in
2802 2577 3066 2646 judicium
3099 2575 3318 2628 vocabi-

1779 2684 1886 2736 tur,
1909 2674 2172 2725 rationem
2199 2671 2524 2726 exactiorem
2552 2669 2877 2726 redditurus.
2902 2664 3178 2718 horrenda.-
3207 2665 3321 2718 dis-

1778 2763 2018 2817 cussioni
2069 2760 2487 2828 subjiciendus,
2538 2775 2603 2811 an
2659 2759 2792 2811 bene
2841 2756 2920 2808 vel
2972 2756 3145 2817 male,
3203 2770 3322 2822 qua:

1781 2854 2026 2908 Numinis
2069 2850 2408 2922 providentia
2445 2850 2502 2904 in
2544 2849 2719 2918 ipsum
2762 2860 3052 2915 pervenere
3092 2843 3323 2896 admini-

1705 2983 1748 3038 α
1780 2944 2049 2998 straverit.

1930 3029 2084 3098 130
2118 3027 2300 3080 XXIII.
2323 3055 2392 3065 —-
2413 3021 2822 3078 API‘IRODISIO
2860 3019 3167 3074 DIAI'ONO.

1853 3119 1926 3172 Ne
1958 3119 2088 3172 lidas
2130 3117 2357 3170 nimium
2405 3115 2601 3177 senio;
2651 3127 2883 3179 namque
2934 3111 3226 3162 concidunt
3271 3117 3325 3161 et

1784 3226 1940 3265 senes
1970 3209 2090 3278 ipsi.
2127 3207 2233 3261 Sed
2264 3206 2534 3260 Christum
2571 3203 2757 3254 invoca
2791 3200 3049 3253 continuo
3087 3200 3137 3250 in
3173 3200 3327 3250 auxi~

1784 3302 1930 3363 lium,
1952 3308 2009 3353 ut
2040 3300 2126 3353 ille
2160 3298 2258 3351 tibi
2289 3304 2474 3350 custos
2502 3304 2556 3347 et
2589 3293 2916 3346 inconcussa
2943 3290 3209 3346 securitas
3234 3290 3322 3344 sit.
3403 3279 3407 3283 ’

2043 3467 2227 3520 XXIV.
2263 3496 2332 3510 -υ
2369 3465 2689 3520 CIIABISIO
2729 3464 3078 3519 EPISCOPO.

1854 3561 2226 3623 [‘ereontaris,
2259 3561 2342 3612 vir
2377 3560 2721 3621 honorande,
2753 3559 2880 3627 quid
2918 3557 3047 3610 illud
3083 3555 3154 3610 sit
3181 3553 3325 3622 quod

1784 3651 2044 3717 scriptum
2077 3658 2160 3704 cst
2191 3664 2284 3718 per
2317 3649 2675 3718 Apostolum':
2705 3666 2724 3698 ι
2757 3645 2998 3700 Potentia
3018 3644 3325 3713 peccatilex

1784 3749 1864 3792 est
1895 3738 2090 3808 Moysis
2120 3739 2227 3790 "1';
2264 3736 2379 3790 Non
2407 3737 2546 3805 quod
2565 3736 2976 3788 commissorum
2997 3734 3230 3802 turpium
3251 3733 3324 3786 di-

1784 3828 1905 3881 vina
1951 3829 2035 3881 lex
2086 3827 2411 3895 procreatrix
2449 3826 2555 3887 sit,
2585 3823 3037 3894 quemadmodum
3078 3824 3323 3876 nonnulli

1787 3919 1976 3972 insulsi
2017 3918 2175 3972 nimis
2209 3933 2371 3986 prave
2397 3917 2815 3974 existimarunt;
2851 3931 3023 3981 neque
3063 3914 3203 3981 quod
3238 3929 3324 3966 ro-

1787 4008 1885 4061 bur
1912 4014 2132 4076 pecealo
2157 4007 2373 4060 tribuat.
2402 4007 2555 4059 Absit
2582 4006 2704 4056 hoc.
2728 4003 2978 4067 Quinimo
3001 4001 3178 4070 potius
3204 4015 3325 4070 pcc~

1785 4107 1902 4150 cata
1934 4097 2186 4163 impedit,
2210 4095 2600 4162 disperditque.
2628 4094 2731 4148 Sed
2755 4097 2897 4164 quod
2922 4093 3138 4148 rohuste
3161 4092 3323 4145 nimis

1787 4201 1962 4238 rerum
1996 4184 2133 4238 male
2166 4194 2438 4253 gestarum
2468 4184 2856 4239 absurditalem
2893 4182 3287 4251 reprehendens
3307 4219 3322 4244 ,

1783 4287 1836 4331 et
1872 4276 2250 4332 indeeorarum
2289 4276 2560 4329 actionum
2598 4286 2845 4327 naturam
2881 4272 3200 4342 dirulgans,
3234 4273 3321 4325 in-

1781 4367 2142 4421 verecundum
2176 4365 2480 4419 Juda'ornm
2525 4379 2588 4417 os
2627 4363 2895 4428 oceludit,
2929 4362 3020 4433 qui
3055 4363 3108 4417 in
3139 4362 3321 4416 divina

1780 4459 1955 4510 littera
1991 4457 2314 4524 gloriantur,
2358 4465 2411 4508 et
2463 4469 2612 4509 more
2659 4456 3020 4525 corybantum
3067 4459 3324 4523 perpetuo

1780 4545 2090 4607 insaniunt,
2119 4553 2174 4597 et
2197 4557 2358 4598 oume
2384 4555 2662 4612 peccatum
2693 4544 2955 4614 intrepide
2978 4550 3322 4612 perpetrant,

1779 4640 1831 4685 et
1885 4634 2016 4703 legis
2067 4633 2503 4702 transgressione
2552 4634 2915 4704 legislatorem
2967 4632 3318 4684 inhonoraut.

1781 4721 2021 4792 Namque
2056 4722 2110 4776 in
2149 4739 2436 4793 personam
2474 4739 2699 4787 eorum,
2731 4725 2822 4791 qui
2863 4723 2976 4791 lege
3024 4723 3325 4792 gloriantur

1779 4820 1828 4862 et
1863 4811 2211 4881 superhiunt,
2243 4813 2459 4868 divinus
2510 4810 2806 4880 Apostolus
2861 4811 2975 4862 haec
3021 4818 3078 4864 et
3124 4809 3323 4864 similia

1782 4902 1963 4956 dicere
1992 4904 2290 4957 consuevit.

2029 5074 2192 5127 XXV.
2227 5106 2291 5116 -—
2327 5074 2699 5131 IIERMOLAO
2737 5077 3084 5134 MONACIIO.

1858 5166 2081 5218 Sursum
2116 5164 2179 5215 ad
2213 5162 2381 5218 Deum
2418 5167 2618 5234 aspice.
2657 5166 2797 5232 Quid
2834 5167 2929 5222 tibi
2962 5177 3015 5222 et
3047 5167 3322 5222 terrenis?

1786 5253 1961 5314 Care,
1997 5266 2064 5304 ne
2101 5250 2228 5317 quid
2267 5261 2415 5320 gerat
2455 5254 2730 5318 mundus,
2772 5253 2967 5308 intueri
3001 5255 3321 5311 contendas.

1789 5341 2077 5411 Sejunctus
2105 5355 2160 5394 es
2197 5354 2227 5393 a
2255 5339 2491 5405 mundo,
2523 5349 2576 5395 et
2607 5333 2784 5395 rerum
2813 5340 3204 5397 utundanarum
3242 5343 3323 5398 Ia-

1822 5517 1863 5547 ²⁷
1928 5515 2056 5568 |.ue.
2109 5529 2202 5572 xu.
2257 5514 2340 5567 48.
2418 5517 2460 5546 ²“
2520 5516 2534 5568 ι
2584 5517 2707 5571 Cor.
2755 5533 2838 5578 xv,
2894 5517 2976 5573 50.
