4128 6340
608 346 739 438 ἰιι

2086 381 2145 440 S.
2172 376 2330 440 NILI

3714 376 3816 438 212

646 504 799 557 queo.
842 486 916 540 Ne
964 489 1145 555 itaque
1179 486 1485 541 actionibus
1521 488 1814 543 mundanis
1852 489 2137 544 incumbas
2163 530 2176 554 ,
2212 500 2253 553 Α

2212 500 2253 553 Α
2279 493 2380 561 ὅρα
2400 493 2459 545 τὸ
2502 493 2748 561 βιωτικδν
2778 492 2953 560 ἔργον,
2996 492 3130 543 ἀλλὰ
3158 491 3385 558 πρόσεχε
3418 486 3623 559 σεαυτῷ
3651 492 3815 559 μόνῳ,

649 578 796 645 1'31
830 576 924 631 sed
956 576 1050 628 tibi
1079 576 1178 629 soli
1208 576 1445 639 attende,
1471 578 1853 644 examinaquc,
1891 578 2179 644 quomodo,

647 673 700 715 ιιι
728 677 992 717 nouorum
1018 672 1321 716 ascclarum
1345 672 1426 717 est
1446 702 1462 727 ,
1491 678 1630 731 opus
1654 671 1805 716 tuum
1831 666 2181 734 compleatur.

650 769 667 801 ε
695 751 1048 805 Considerate
1095 753 1238 805 enim
1285 747 1589 820 diligenter,
1620 754 1886 821 quomodo
1949 754 2187 810 ambule-

646 844 714 894 tis
746 842 810 905 ",
834 853 887 898 et
910 836 1171 907 quodnam
1192 842 1313 895 vitae
1358 841 1664 896 institutum
1706 843 2016 911 sequimini,
2051 863 2072 897 ι
2103 843 2189 899 di-

649 933 827 985 xinum
854 932 1052 985 clamat
1075 938 1422 999 praeceptum.

854 1018 1114 1073 XXVl.——
1142 1018 1481 1075 PROCOPIO
1532 1019 2007 1076 PRESBYTERO.

714 1109 767 1163 Si
802 1110 857 1163 in
889 1108 1047 1176 pejus
1076 1108 1485 1163 conversionem
1518 1110 1797 1179 vituperas
1822 1150 1840 1178 ,
1879 1125 2189 1165 conversro-

2288 586 2379 635 xui
2414 582 2679 650 φρόντιζε,
2708 581 2851 644 ὅπως
2878 583 3015 634 κατὰ
3048 581 3108 631 τὸ
3136 579 3341 650 πρέπον
3381 582 3489 641 τοῖς
3536 579 3818 646 ὰσκηταῖς,

2288 670 2554 739 πραχθείη
2593 669 2653 721 τὸ
2698 670 2853 738 ἔργον
2905 686 3019 722 σου.
3073 687 3091 719 α
3130 668 3366 721 Βλέπετε
3408 667 3512 736 γὰρ
3561 665 3821 732 ἀκριϐῶς,

2289 757 2402 820 πῶς
2447 760 2814 827 περιπατεῖτε,
2865 758 2958 811 xui
2996 758 3110 820 πῶς
3158 756 3516 817 πολιτεύεσθε,
3556 773 3575 806 ι
3630 754 3723 824 βοᾷ
3760 751 3824 804 τὸ

2289 849 2429 901 θεῖον
2467 849 2762 916 ἐπίταγμα.

2508 1022 2649 1087 KQ".
2680 1051 2749 1060 —
2777 1019 3123 1088 ΠΡΟΚΟΠΙῼ
3156 1015 3618 1077 ΠΡΕΣΒΥΤΕΡῼ.

2356 1113 2419 1166 Et
2444 1111 2629 1180 ψέγεις
2647 1110 2744 1181 τὴν
2774 1112 2850 1172 είς
2873 1110 2932 1161 τὸ
2959 1111 3133 1179 χεῖρον
3160 1106 3414 1178 στροφὴν,
3439 1106 3605 1175 φεῦγε
3630 1103 3726 1172 τὴν
3749 1104 3830 1162 είς

649 1213 767 1251 nem
799 1198 854 1249 in
880 1196 1039 1265 pejus
1078 1197 1275 1251 devita.
1320 1215 1338 1248 ι
1375 1196 1479 1261 Qui
1527 1198 1695 1262 enim,
1737 1199 1834 1263 ait,
1889 1213 2189 1253 conversus

2285 1203 2345 1255 τὸ
2371 1203 2547 1271 χεῖρον
2578 1200 2832 1270 στροφήν.
2870 1218 2887 1250 ι
2928 1197 2985 1251 '0
3009 1199 3115 1267 γὰρ
3143 1197 3416 1266 στραφεὶς,
3446 1195 3626 1263 φησιν,
3660 1194 3733 1255 εἰς
3764 1193 3830 1245 τὰ

646 1286 812 1339 l'neiit
841 1296 1008 1348 retro,
1060 1300 1166 1338 non
1208 1293 1290 1340 est
1328 1286 1466 1340 bene
1506 1286 1805 1355 dispositus
1853 1286 1919 1340 ad
1964 1300 2187 1355 regnum

2287 1292 2478 1355 ὀπίσω,
2510 1290 2608 1342 οὐκ
2632 1288 2775 1341 ἐστιν
2806 1288 3020 1350 εὔθετος
3136 1285 3375 1357 βασιλείᾳ
3400 1284 3507 1337 τῶν
3534 1282 3790 1352 οὐρανῶν.
3808 1300 3825 1331 ι

650 1375 911 1429 coriorum
945 1376 1009 1428 ³⁰.
1046 1393 1065 1426 ι

908 1463 1119 1518 XXVII.
1148 1494 1220 1505 —
1246 1457 1640 1519 FRUMENTIO
1668 1463 1923 1520 COMITI.

727 1572 745 1604 ι
793 1553 1147 1608 Circumcisio
1192 1555 1324 1607 nihil
1367 1561 1471 1617 est,
1506 1556 1578 1607 ait
1611 1554 1926 1623 Apostolus,
1969 1560 2022 1607 et
2057 1569 2191 1622 prae-

657 1644 867 1711 putium
901 1638 1199 1695 nihilost".
1219 1643 1509 1698 rNeutrum
1558 1644 1701 1698 enim
1729 1640 1783 1697 in
1820 1642 2045 1696 salutem
2076 1642 2191 1695 ani-

654 1745 753 1782 mre
782 1738 835 1784 et
860 1728 1169 1783 divinorum
1199 1731 1565 1800 cognitionem
1608 1730 1885 1784 conducit.
1917 1729 2187 1794 Quidnam

2454 1448 2459 1455 '
2556 1461 2681 1514 KZ'.
2709 1489 2780 1500 —
2805 1456 3244 1526 erememm
3271 1456 3562 1508 KOMHTI.

2364 1566 2382 1599 ι
2418 1547 2691 1619 Περιτομὴ
2722 1547 2871 1600 οὐδέν
2898 1548 3037 1608 ἐστι,
3081 1545 3243 1615 φησιν
3286 1546 3315 1595 ὀ
3375 1542 3705 1604 ’Δπόστολος,
3740 1543 3832 1592 καὶ

2289 1639 2613 1707 ἀκροϐυστία
2650 1638 2799 1690 οὐδέν
2831 1639 2993 1690 ἐστιν.
3024 1655 3042 1687 ι
3091 1634 3378 1704 Οὐδέτερον
3415 1632 3523 1703 γὰρ
3550 1631 3657 1685 τῶν
3682 1633 3837 1699 εἰρη-

2293 1728 2467 1797 μένων
2490 1726 2849 1795 συμϐἀλλεται
2886 1726 3021 1793 πρδς
3048 1722 3316 1793 σωτηρίαν
3338 1722 3535 1791 ψυχῆς,
3571 1720 3664 1773 καὶ
3702 1719 3842 1771 θειο-

653 1818 816 1886 igitur
850 1819 1137 1882 conducet,
1177 1829 1230 1873 et
1274 1821 1696 1874 emolumentum
1735 1818 1940 1873 homini
1969 1818 2195 1873 aﬂcret?
2226 1832 2264 1883 Β

2226 1832 2264 1883 Β
2290 1815 2452 1884 τέραν
2482 1815 2696 1880 γνῶσιν.
2732 1813 2795 1865 Τί
2826 1809 2917 1865 οὖν
2951 1812 3016 1865 ἂν
3043 1813 3129 1880 εῐη
3154 1812 3213 1863 τὸ
3239 1810 3568 1871 λυσιτελοῦν,
3603 1808 3695 1862 καὶ
3714 1808 3839 1878 δνη-

654 1908 940 1965 Manifcsto
968 1910 1274 1963 divinorum
1300 1919 1687 1979 praeceptorum
1716 1910 1984 1965 custodia.

894 2100 1127 2157 XXVIII.
1157 2133 1224 2143 —
1257 2101 1565 2157 lllPPASlO
1596 2096 1921 2155 TRIBUNO.

722 2193 1181 2258 Quemadmodum
1215 2200 1299 2246 est
1338 2192 1582 2244 ciborum
1610 2184 1899 2258 jejunium,
1935 2188 2007 2241 ita
2032 2195 2116 2240 est
2146 2194 2199 2241 et

656 2286 750 2337 ira:
781 2282 1068 2350 jejunium,
1112 2287 1166 2335 et
1203 2279 1516 2333 ambitionis
1552 2277 1866 2332 dominatus
1905 2277 2196 2345 jejunium,

654 2382 707 2424 et.
736 2362 1064 2440 invidentife,
1098 2376 1152 2423 et
1175 2368 1471 2437 iactantiae,
1509 2376 1563 2422 et
1595 2366 1856 2429 avaritiae,
1880 2373 1933 2419 ct
1969 2365 2197 2431 injuria-

656 2473 776 2514 rum
808 2461 1098 2521 memorize,
1131 2466 1186 2511 et
1224 2457 1523 2524 repentinae
1562 2457 1686 2519 ira,
1717 2463 1770 2509 et
1807 2453 2197 2516 somnolentiae,

656 2559 711 2602 et
753 2549 1019 2618 scgnitiei,
1063 2555 1121 2601 et
1168 2546 1527 2610 curiositatis,
1568 2552 1622 2600 et
1660 2542 2106 2612 perturbationis,
2146 2550 2199 2594 ct

661 2640 939 2692 similium.

938 2726 1128 2781 XXIX.
1161 2757 1228 2767 —
1260 2723 1537 2780 TIIYRSO
1572 2719 1921 2779 MONACHO.

730 2841 786 2894 Si
815 2840 1026 2894 curiose
1053 2837 1434 2907 pcrscrutaris,
1465 2844 1519 2891 et
1548 2834 1735 2890 sedulo
1760 2848 1847 2888 res
1867 2847 2079 2896 eorum,
2108 2830 2200 2899 qui

663 2928 1055 2983 contumeliose
1094 2927 1249 2995 132
1281 2942 1339 2981 se
1400 2932 1612 2994 gerunt,
1648 2922 1968 2991 expiscaris,
2022 2920 2202 2973 cordis

665 3025 742 3079 tui
774 3023 973 3075 oblitus
1012 3036 1092 3081 es,
1142 3020 1333 3081 cellam
1379 3024 1524 3068 tuam
1571 3030 1679 3068 non
1722 3012 1885 3073 nosti.
1914 3025 1944 3063 a
1979 3012 2205 3064 veritate

2299 1920 2380 1956 σιν
2408 1903 2692 1974 προξενοῦν
2737 1902 2815 1970 τῷ
2848 1902 3151 1971 ἀνθρώπως
3201 1901 3366 1969 Δῆλον
3408 1900 3487 1952 ὅτι
3532 1900 3565 1968 ὴ
3614 1898 3843 1968 τήρησις

2296 1994 2400 2046 τῶν
2428 1992 2652 2046 ἐντολῶν
2679 1992 2769 2043 τοῦ
2800 1990 2955 2045 Θεοῦ.
3238 1982 3245 1985 ’
3892 2004 3895 2007 ·

2608 2102 2739 2157 Kll'.
2773 2129 2843 2142 -
2872 2101 3144 2170 mnum
3172 2098 3531 2169 ΤΡΙΒΟΥΝῼ.

2367 2194 2573 2261 Ὥσπερ
2603 2192 2717 2243 ἐστὶ
2746 2191 3040 2260 βρωμάτων
3076 2188 3293 2258 νηστεία
3312 2224 3329 2251 ,
3375 2187 3515 2239 οὕτω
3543 2187 3637 2239 καὶ
3672 2186 3848 2255 θυμοῦ

2296 2280 2515 2349 νηστεία
2548 2278 2683 2342 ἐστὶ,
2714 2278 2808 2330 καὶ
2843 2277 3123 2346 φιλαρχίας
3144 2275 3381 2344 νηστεία,
3413 2274 3506 2327 xui.
3529 2274 3846 2343 βασκανίας,

2298 2368 2389 2422 καὶ
2434 2369 2669 2437 κόμπου,
2713 2367 2805 2419 καὶ
2845 2366 3269 2435 φιλοχρηματίας
3316 2382 3395 2426 τε,
3428 2367 3520 2417 καὶ
3547 2364 3848 2434 ὀξυχολίας.

2298 2458 2391 2510 καὶ
2416 2456 2697 2526 ὑπνηλίας,
2743 2456 2836 2509 καὶ
2865 2456 3059 2517 νωθίας
3085 2494 3100 2519 ,
3140 2456 3231 2508 καὶ
3268 2455 3603 2525 περιεργίας,
3635 2458 3725 2508 καὶ
3752 2472 3852 2507 τα-

2303 2548 2491 2616 ραχῆς,
2528 2546 2622 2598 καὶ
2656 2546 2763 2598 τῶν
2803 2544 3053 2612 καθεξῆς.

2667 2718 2795 2770 ΚΕ)’.
2827 2746 2899 2757 -
2926 2716 3145 2785 ΘΥΡΣῼ
3178 2715 3483 2783 ΜΟΝΑΧῼ.

2383 2828 2505 2880 Ἐὰν
2528 2827 3002 2897 ⁸ιτολυπραγμονῇς,
3043 2828 3135 2878 καὶ
3185 2826 3352 2895 ἡδέως
3409 2824 3739 2896 περιεργάζῃ
3780 2831 3855 2880 τὰ

2302 2922 2597 2990 πράγματα
2629 2917 2733 2971 τῶν
2764 2916 2857 2985 τὴν
2897 2914 3276 2985 ἀσχημοσύνην
3308 2914 3681 2983 ἐργαζομένων
3700 2952 3714 2977 ,
3745 2915 3851 2965 έπ-

2303 3008 2487 3061 ελᾰιθου
2522 3007 2620 3073 τῆς
2672 3004 2893 3056 σεαυτοῦ
2927 3003 3167 3072 καρδίας,
3207 3002 3305 3053 οὐκ
3337 2999 3479 3062 οἶδας
3512 3002 3608 3070 τὴν
3657 3000 3854 3053 κέλὶαν

663 3116 903 3177 aberras,
957 3125 1049 3180 per
1099 3106 1242 3163 invia
1291 3107 1393 3159 iter
1431 3105 1647 3174 carpis,
1708 3113 1761 3156 et
1802 3100 2086 3156 considera
2138 3098 2205 3152 ad
2234 3134 2277 3190 Ο

2234 3134 2277 3190 c
2309 3113 2421 3160 σου,
2453 3092 2754 3161 ἐπλανήθης
2781 3092 2888 3145 ἀπὸ
2916 3091 3011 3160 τῆς
3038 3088 3310 3163 ἀληθείας,
3341 3090 3435 3141 καὶ
3466 3087 3678 3140 ἀνοδίαν
3708 3085 3854 3157 βαδί-

662 3216 953 3273 quemnam
976 3199 1192 3253 tandem
1221 3197 1377 3250 linem
1412 3193 1687 3249 devenias.

1188 3306 1355 3363 XXX.
1387 3336 1457 3348 ——
1487 3306 1688 3361 Eidem.

736 3398 1197 3468 Quemadmodum
1226 3399 1363 3466 ipse,
1396 3396 1442 3451 si
1472 3395 1697 3465 gratiam
1721 3393 1851 3447 mihi
1873 3392 2053 3445 datam
2084 3390 2203 3444 aliis

670 3503 885 3560 quoque
912 3501 1019 3539 non
1045 3484 1533 3545 communicavero,
1569 3482 1832 3535 rationem
1858 3481 1913 3533 in
1940 3480 2026 3533 die
2055 3478 2202 3545 judi-

671 3580 739 3634 rii
766 3576 1075 3632 redditurus
1109 3580 1516 3639 sum,tanquam
1552 3571 1693 3639 quod
1727 3569 1947 3624 silentio
1969 3567 2208 3635 spiritale

672 3668 933 3722 talentum
965 3654 1313 3725 sull‘oderim;
1348 3661 1421 3715 ita
1453 3669 1506 3713 et
1536 3666 1593 3711 tu
1625 3660 1677 3711 in
1705 3658 1794 3726 jus
1826 3657 2129 3718 vocaberis,
2164 3655 2211 3709 si

670 3768 724 3813 et
756 3757 879 3810 aliis
919 3752 1130 3807 idoneis
1176 3765 1285 3804 non
1326 3749 1590 3818 elargitus
1638 3747 1840 3808 fueris,
1887 3745 2213 3814 cognitionis

672 3839 870 3903 munus
904 3843 1122 3897 caeleste
1157 3840 1252 3893 tibi
1288 3836 1681 3892 concreditum.
1714 3835 1892 3889 Testis
1923 3834 2066 3885 enim
2099 3833 2213 3901 ipse

675 3952 818 4002 sum,
852 3936 1076 3989 multam
1109 3930 1207 3986 tibi
1233 3929 1628 4000 suppeditatam
1657 3939 1779 3980 esse
1810 3922 2056 3976 Numinis
2087 3937 2211 3990 gra-

679 4030 829 4090 tiam,
879 4026 948 4080 ob
998 4038 1209 4077 morum
1272 4019 1631 4081 nobilitatem,
1692 4015 1813 4068 vitm
1872 4012 2209 4080 gravitatem,

678 4132 889 4186 unaque
910 4130 1033 4169 cum
1071 4109 1535 4183 praestantissimis
1566 4104 1846 4162 monachis
1882 4101 2211 4155 contenden-

680 4220 786 4261 tem
812 4202 1162 4272 diligentiam.
1194 4200 1347 4264 Quod
1382 4214 1513 4253 sane
1557 4198 1611 4251 in
1641 4195 1823 4249 habitu
1858 4191 2127 4255 smculari,
2164 4201 2215 4243 ct

682 4294 896 4367 publica
926 4289 1272 4359 expeditione
1295 4288 1610 4341 admirabile
1631 4294 1734 4346 est.

946 4400 1138 4455 XXXI.
1170 4429 1237 4443 —-—
1269 4396 1609 4461 ΡΗΟἹῚΝᾹΣ,
1648 4403 1702 4449 ει
1739 4390 1943 4447 DOR...

754 4493 999 4550 Vestram
1030 4492 1192 4544 vitam
1213 4489 1588 4544 inluminatam
1617 4482 1871 4536 mmnoria
1899 4481 2213 4542 recolentes,

685 4586 912 4658 gloriam
945 4581 1161 4635 Christo
1187 4580 1376 4633 damus
1397 4618 1411 4640 ,
1443 4592 1564 4630 cum
1600 4573 1802 4627 Davide
1831 4571 2181 4627 enuntiantes
2212 4588 2225 4624 :

693 4696 713 4730 ι
744 4679 916 4743 Quam
948 4672 1146 4727 dilecta
1182 4668 1527 4723 tabernacula
1561 4675 1647 4719 tua
1680 4672 1733 4717 ιιι
1759 4664 1974 4723 altaria,
2009 4660 2230 4715 Domine

691 4766 951 4818 virtutum
978 4762 1053 4813 "l
1092 4777 1111 4811 ι
1153 4756 1291 4813 Vere
1319 4757 1517 4810 etenim
1547 4753 1912 4813 tabernacula,
1937 4759 1990 4805 et
2021 4751 2230 4812 altaria,

692 4864 748 4907 ct
782 4853 1063 4922 templum,
1091 4858 1145 4905 et
1188 4859 1415 4903 munera
1444 4843 1536 4899 Dei
1569 4857 1663 4912 per
1694 4840 2061 4910 virginitatem
2106 4853 2233 4908 ape-

695 4943 908 4997 ruistis.

898 5044 1112 5098 XXXIL
1137 5073 1207 5086 -
1233 5038 1611 5100 MENANDRO
1648 5036 2041 5091 DOMESTlCO.

764 5156 939 5221 Nolo,
976 5157 1204 5209 insultas
1245 5157 1469 5209 auribus
1509 5152 1745 5215 nostris,
1780 5166 1807 5201 a
1844 5159 2068 5216 paterno
2116 5161 2228 5201 meo

700 5249 1029 5305 llellcnismo
1064 5244 1406 5299 desciscere:
1449 5258 1677 5309 namque
1736 5239 1785 5292 id
1828 5235 2234 5303 vituperamlnm

703 5346 851 5408 puto.
876 5336 1255 5392 Verumtamen
1290 5333 1375 5385 dic
1406 5333 1557 5394 mihi,
1586 5333 1665 5383 vir
1695 5327 2027 5388 admirando,
2064 5324 2107 5378 si
2144 5340 2236 5390 pa-

703 5439 787 5481 ter
812 5436 938 5482 tuus
967 5426 1277 5496 prmdonmn
1322 5422 1606 5490 princeps,
1658 5428 1747 5476 aut
1792 5418 1941 5486 133
1995 5412 2239 5468 ebrietati

2316 3183 2456 3247 ζεις·
2495 3182 2587 3234 καὶ
2618 3180 2798 3250 βλέπε,
2830 3178 2963 3247 πρὸς
2987 3179 3137 3229 ποῖον
3173 3176 3366 3246 ὲλεύσῃ
3390 3174 3577 3243 πέρας.

2837 3290 2907 3341 A’.
2953 3315 3022 3326 --
3057 3286 3139 3351 Τῷ
3165 3284 3342 3350 αὐτῷ.

2388 3384 2594 3451 Ὠσπερ
2622 3378 2748 3449 ἐγὼ,
2773 3380 2818 3430 εί
2852 3376 2923 3447 μὴ
2958 3376 3237 3446 μεταδοίην
3270 3375 3473 3444 ἑτέροις
3488 3373 3581 3439 τῆς
3610 3370 3859 3439 δοθείσης

2320 3491 2407 3543 μοι
2439 3474 2678 3541 χάριτος,
2723 3468 2877 3535 λόγον
2915 3465 3091 3533 ὑφέξω
3143 3466 3199 3516 έν
3251 3465 3426 3531 ἡμέρᾳ.
3480 3460 3743 3528 κρίσεως,
3779 3458 3859 3519 ὡς

2318 3562 2613 3633 κατορύξας
2645 3562 2708 3629 τῇ
2744 3559 2918 3625 σιωπῇ
2942 3555 3000 3607 τὸ
3024 3552 3381 3622 πνευματικὸν
3395 3551 3668 3611 τάλαντον,
3689 3546 3862 3608 οὕτως

2319 3653 2410 3705 xui
2440 3652 2502 3703 σὺ
2524 3649 2745 3709 εὐθύνας
2772 3643 3137 3713 ἀπαιτηθήσῃ,
3176 3642 3269 3694 ἐὰν
3300 3640 3371 3710 μὴ
3414 3641 3506 3691 καὶ
3538 3638 3860 3702 ἄλλοιςίκα-

2320 3744 2428 3803 v07;
2464 3739 2770 3809 χορηγήσῃς
2799 3737 2894 3805 τὴν
2925 3731 3371 3803 ἐμπιστευθεῖσαν
3396 3747 3475 3781 σοι
3499 3729 3740 3793 οὐράνιον
3761 3727 3863 3777 δωο

2324 3830 2449 3902 ρεὰν
2478 3832 2574 3897 τῆς
2600 3825 2869 3893 γνώσεως.
2899 3821 3172 3892 Μαρτυρῶ
3203 3819 3309 3891 γάρ
3349 3834 3429 3870 σοι
3462 3817 3654 3884 πολλὴν
3687 3814 3863 3883 ἔχοντι

2321 3926 2479 3994 χάριν
2499 3919 2652 3982 Θεοῦ,
2681 3920 2746 3971 δι’
2776 3918 3053 3985 εὐγένειαν
3080 3916 3310 3985 τρόπων,
3340 3914 3433 3965 xui.
3462 3912 3570 3981 βίον
3605 3908 3863 3977 σεμνότα-

2323 4030 2432 4075 τον,
2460 4013 2551 4065 καὶ
2574 4009 2883 4078 ἐπιμέλειαν
2910 4006 3279 4077 ἀμιλλωμένην
3300 4006 3407 4065 τοῖς
3435 4000 3737 4071 κρατίστοις
3755 3996 3867 4048 τῶν

2330 4102 2572 4173 μοναχῶν
2592 4117 2606 4130 ·
2644 4100 2777 4167 ὅπερ
2820 4097 3121 4166 θαυμαστὸν
3155 4094 3369 4164 βλέπειν
3401 4094 3457 4145 ὲν
3503 4092 3737 4162 σχήματι
3769 4104 3864 4140 κο-

2329 4190 2526 4263 σμικῷ,
2560 4191 2654 4243 καὶ
2676 4188 2907 4258 δημοσίᾳ
2938 4184 3209 4256 στρατείᾳ.

2602 4382 2721 4434 AA’.
2749 4409 2819 4421 .-
2841 4377 3136 4448 cereum
3167 4375 3258 4429 καὶ
3284 4374 3428 4427 aer.
3468 4410 3482 4427 .
3527 4410 3585 4425 ..

2390 4468 2825 4538 Μνημονεὺοντες
2846 4470 2944 4537 τῆς
2976 4468 3268 4536 ἀμολύντοδ
3291 4466 3319 4516 ὕ
3329 4465 3442 4535 μῶν
3470 4462 3633 4530 ζωῆς,
3657 4458 3872 4522 δοξάζο-

2327 4578 2424 4631 μεν
2448 4561 2535 4611 τδν
2570 4557 2816 4629 Χριστὸν,
2843 4556 3086 4623 λέγοντες
3115 4556 3211 4607 σὺν
3241 4552 3316 4623 τῷ
3340 4552 3498 4605 Δαυῖδ
3516 4566 3529 4578 ·
3560 4566 3579 4599 ‹
3628 4549 3714 4609 Ὠς
3735 4547 3870 4612 ἀγα-

2325 4650 2469 4720 πητὰ
2501 4649 2566 4702 τΞι
2596 4646 2925 4717 σκηνώματὰ
2953 4662 3067 4708 σου,
3096 4643 3187 4695 καὶ
3210 4642 3277 4695 τὰ
3303 4639 3670 4706 θυσιαστήρια,
3699 4634 3870 4701 Κύριε

2325 4742 2430 4794 τῶν
2456 4740 2757 4808 δυνάμεωνῑ
2790 4757 2807 4787 ι
2853 4735 3086 4805 ’Λληθῶς
3115 4734 3221 4803 γὰρ
3272 4728 3599 4800 σκηνώματα
3641 4742 3701 4777 τε
3726 4763 3741 4784 .
3775 4722 3872 4774 καὶ

2330 4830 2700 4897 θυσιαστήρια,
2754 4827 2847 4879 καὶ
2876 4825 3021 4887 ναὸς,
3068 4824 3159 4875 xui
3201 4820 3457 4889 κειμήλια
3489 4815 3621 4868 Θεοῦ
3658 4814 3745 4866 διὰ
3770 4811 3873 4878 τῇς

2330 4919 2621 4989 παρθενίας
2647 4916 2939 4983 πεφήνατε.

2568 5026 2689 5081 ΛΒ’.
2721 5054 2787 5066 -
2810 5020 3178 5089 ΜΕΝΛΝΔΡῼ
3213 5014 3612 5082 annexum.

2401 5144 2473 5196 Οὐ
2507 5139 2778 5210 βούλομαι,
2809 5137 3005 5203 λέγεις,
3037 5116 3421 5199 ὲκστῆναίτοῦ
3468 5121 3715 5191 πατρῴου
3757 5118 3877 5169 Ἐλ-

2334 5231 2611 5300 ληνισμοῦ·
2648 5227 3001 5281 ἐπονείδιστον
3030 5222 3135 5289 γὰρ
3162 5217 3316 5271 τοῦτό
3346 5233 3405 5278 γε
3444 5210 3612 5281 οἶμαι.
3663 5208 3727 5260 Τί
3757 5205 3870 5267 οὖν,

2335 5320 2448 5370 εἰπέ
2474 5336 2582 5387 μοι,
2607 5318 2892 5385 θαυμάσιε,
2924 5317 2969 5365 εἰ
2991 5314 3018 5364 ὀ
3061 5310 3239 5377 πατὴρ
3268 5323 3360 5358 σου
3396 5301 3686 5373 λῄσταρχος
3708 5315 3810 5358 τις,
3838 5296 3870 5364 ἦ

2342 5408 2622 5474 μεθυστὴς,
2654 5407 2685 5473 ἢ
2720 5405 2927 5469 πόρνος,
2958 5397 3352 5467 ἣτοκογλύφος,
3383 5394 3414 5463 ἢ
3442 5393 3638 5461 θρασὺς
3677 5389 3709 5443 ἢ
3734 5404 3872 5453 τυμ-

706 5518 940 5581 deditus,
969 5526 1061 5570 aut
1091 5516 1321 5575 adulter,
1353 5520 1444 5563 aut
1474 5510 1765 5570 fenerator,
1807 5517 1893 5559 aut
1926 5506 2122 5568 audax,
2150 5511 2241 5552 aut

2348 5495 2582 5563 ϐωρύχος
2615 5496 2919 5560 ἐτύγχανεν,
2944 5492 3001 5541 οὔ
3032 5489 3198 5548 θέλεις
3223 5484 3449 5555 σώφρονι
3483 5477 3713 5548 λογισρῦ
3750 5490 3873 5544 (ρη-

785 5694 1050 5764 ”l".phcs.
1082 5710 1133 5758 v,
1180 5694 1261 5748 15.
1340 5692 1381 5724 ³ο
1418 5690 1548 5745 Luc.
1585 5704 1658 5753 ix,
1708 5686 1786 5738 62.

1875 5687 1907 5715 "
1947 5685 2114 5739 ICor.
2168 5696 2257 5744 ru,
2299 5678 2378 5732 l9.
2458 5677 2496 5705 ³²
2538 5670 2924 5732 l‘sal.t.xsxm,
2966 5669 3007 5721 l.
