4128 6340
156 337 278 400 23

147 449 394 520 σᾶμενος
421 486 434 508 ,
469 445 728 515 κρείττων
777 441 1023 510 γενέσθαι
1079 444 1177 505 τῖς
1225 440 1315 493 τοῦ
1356 439 1563 496 ἀδίκου,
1620 432 1711 482 καὶ
1743 432 1780 484 Λ

147 539 377 589 ἀνοσίου
406 535 605 602 πατρὸς
641 533 1076 602 κακοφροσύνηςῖ

311 731 426 783 AI".
451 759 518 768 -—-
547 727 946 785 ΧΡΥΣΟΓΟΝΩ.
989 722 1426 785 ΠΡΕΣΒΥΤΕΡῼ
1455 721 1570 773 ΚΑΙ

743 795 1131 862 ΗΓΟΥΜΕΝῼ.
1413 809 1418 814 ~

257 886 530 958 ’ίίρώτησέ
561 904 648 956 με,
680 887 713 954 ἡ
756 884 998 953 ὑμετέρα
1039 882 1244 950 ἀγάπη,
1284 880 1336 933 τί
1364 881 1531 940 ἐστιν,
1579 879 1712 943 ὅπερ

156 978 368 1043 φάσκει
400 976 532 1046 πρὸς
570 975 659 1026 τὸν
688 972 866 1025 Θεδνδ
902 971 1140 1041 Βαρούχο
1171 971 1250 1022 ὃτι
1299 987 1317 1020 ι
1355 968 1426 1021 Σὺ
1467 965 1516 1018 εἷ
1583 964 1716 1016 καθ-

154 1068 192 1132 ή
207 1083 368 1130 μενος
389 1066 475 1115 τὸν
493 1063 682 1124 αἰῶνα,
701 1062 795 1114 καὶ
815 1063 970 1130 ἡμεῖς
991 1058 1346 1126 ἀπολλύμενοι
1365 1057 1452 1108 τὸν
1469 1056 1636 1108 αίῶνα
1657 1071 1669 1116 ;
1693 1071 1709 1102 ι

169 1157 238 1206 Ὀ
269 1156 399 1214 Θεὸς
450 1154 632 1223 ἐπειδὴ
663 1152 1012 1213 ἀναλλοίωτος
1070 1149 1167 1204 καὶ
1195 1149 1456 1220 ἄτρεπτος
1487 1147 1716 1214 ὑπάρχει

153 1245 433 1314 διηνεκῶς
460 1286 473 1306 ,
505 1245 657 1314 δῆλον
699 1245 779 1296 ὅτι
830 1244 889 1295 ὲν
919 1243 984 1311 τῇ
1017 1240 1205 1294 ἑαυτοῦ
1255 1239 1517 1307 καθῆσθαι
1562 1239 1719 1306 ἀτρε-

156 1309 395 1404 τττότητι
420 1335 505 1386 διὰ
535 1309 729 1395 παντὸς
753 1309 994 1402 εἴρηται·
1029 1333 1186 1401 ἡμεῖς
1215 1331 1270 1383 δὲ
1290 1330 1509 1399 στρεπτοὶ
1548 1309 1716 1390 ὄντες,

163 1427 372 1495 ῥαδίως
406 1424 749 1493 ἀπολλύμεθα
778 1425 1031 1477 ἑκάστοτε
1079 1421 1222 1475 ἄλλοι
1250 1421 1362 1473 ἀντ’
1389 1421 1558 1474 ἄλλων
1593 1418 1719 1470 πολ-

161 1518 328 1577 λάκις
361 1516 664 1584 γινόμενοι,
705 1514 797 1567 καὶ
839 1515 928 1582 ἀφ’
958 1513 1154 1584 ἑτέρων
1199 1511 1468 1580 λογισμῶν
1496 1511 1578 1578 ἐφ’
1608 1508 1721 1560 ἐτέ-

162 1624 298 1674 ρους
336 1608 619 1674 λογισμοὺς
649 1604 882 1673 συνεχῶς
906 1602 1330 1672 μεταϐαίνοντες.

447 1694 560 1747 ΛΔ’.
590 1723 655 1732 -
682 1693 1015 1762 ΣΩΚΡΑΤΙῼ
1050 1693 1456 1744 ΕΞΚΕΠΤΟΡΙ.

244 1802 262 1832 ι
309 1783 373 1834 Αἱ
411 1782 659 1850 δυνάμεις
713 1781 817 1833 τῶν
860 1779 1099 1848 οὐρανῶν
1146 1780 1557 1849 σαλευθήσονται
1603 1778 1719 1830 κατ’
1752 1763 1792 1815 Β

160 1873 391 1940 ἐκείνην
423 1873 518 1940 τὴν
555 1870 766 1941 ήμόραν
794 1870 893 1939 τῆς
931 1869 1335 1939 δικαιοκρισίας.
1380 1886 1399 1918 ι
1435 1867 1722 1920 Τουτέστιν

160 1963 223 2012 αἱ
280 1962 568 2029 ἁγγελικαὶ
619 1961 861 2031 στρατιαὶ
910 1961 986 2031 τῷ
1019 1959 1323 2029 Δεσποτικῷ
1363 1958 1725 2029 ὑπηρετοῦσαι

163 2051 574 2119 προστάγματι,
607 2049 666 2113 ἐξ
695 2049 1024 2119 ἡμερότητος
1052 2049 1128 2111 είς
1159 2049 1323 2118 ὀργὴν
1353 2047 1726 2117 κινηθήσονται

280 2178 293 2189 .
338 2176 352 2190 .
381 2138 578 2199 πάντας
604 2137 726 2198 τοὺς
760 2137 1023 2206 πονηροὺς
1046 2135 1376 2205 ἀνθρώπους.

891 2227 1012 2280 AE'.

243 2323 317 2373 Οἱ
351 2321 572 2383 ἀνόσιοι,
597 2321 689 2373 καὶ
713 2320 879 2383 ἄθεοι,
910 2317 1130 2386 πονηροί
1160 2335 1238 2377 τε,
1273 2317 1364 2369 καὶ
1392 2317 1615 2385 ἄθεσμοι
1639 2317 1726 2368 τοῦ

167 2414 396 2463 Σατανᾶ
422 2412 664 2480 λογισμοὶ
694 2412 767 2480 μὴ
801 2411 1122 2481 θροείτωσάν
1151 2427 1232 2473 σε,
1261 2409 1391 2479 μηδὲ
1428 2409 1731 2475 καταπλητ-

165 2501 446 2562 τέτωσαν,
497 2501 567 2568 μή
606 2515 662 2550 τε
703 2495 848 2585 ’μὴν
874 2497 1432 2569 παρασκευαζέτωσαν
1486 2498 1728 2565 ἀθυμεῖν,

167 2589 271 2638 καὶ
304 2587 584 2639 ἐκλύεσθαι
609 2589 705 2656 τὴν
735 2586 832 2657 ὁὴν
867 2589 1070 2657 ἀγαθήν
1109 2588 1321 2658 ψυχὴν,
1344 2587 1519 2640 πίστει
1570 2604 1730 2655 γεγα-

168 2678 454 2747 νωμὲνην,
478 2679 567 2729 καὶ
600 2677 673 2746 τῷ
701 2678 913 2748 σταυρῷ
932 2678 1024 2731 τοῦ
1048 2678 1277 2748 Χριστοῦ
1309 2655 1737 2748 ξςραττομένην.³

332 2790 470 2854 A5,".
500 2819 568 2826 —
595 2789 1029 2843 ΔΗΜΟΣΘΕΝΕΙ
1073 2789 1277 2841 ΠΑΤΡί
1311 2789 1594 2842 ΠΟΛΕΩΣ.

257 2900 325 2950 Εἰ
359 2901 433 2969 μὴ
460 2901 564 2952 τῶν
597 2901 899 2970 μακαρίων,
931 2903 1024 2956 καὶ
1064 2902 1230 2965 ὄντως
1271 2902 1428 2956 θείων
1457 2904 1552 2972 τῆς
1601 2905 1740 2973 Γρα-

181 2989 294 3056 φῆς
348 2989 516 3057 λόγων
543 2991 671 3059 ἐρᾷς
695 3032 708 3055 ,
743 2993 957 3062 κτήνεσι
999 2996 1105 3056 τοῖς
1150 2994 1389 3063 ἀνοήτοις
1435 2995 1527 3046 καὶ
1566 2994 1740 3059 ἀλογί-

184 3097 341 3142 στοις
372 3083 800 3156 παρεικασθήσῃ.

608 3175 724 3229 AZ'.
746 3206 814 3215 —
845 3176 1320 3245 ΚΑΛΛΙΣΤΙΛΝῼ.

269 3261 475 3334 Ὠσπερ
503 3266 811 3335 ὀρεγόμενοι
847 3268 944 3337 τῆς
975 3269 1116 3337 ζωῆς
1151 3269 1369 3333 ἐσθίειν,
1418 3269 1509 3321 καὶ
1542 3269 1732 3330 πίνειν,

185 3356 423 3424 φράζειν
451 3374 525 3420 τε,
558 3359 650 3409 καὶ
682 3359 982 3428 ἀκροᾶσθαι
1011 3358 1298 3426 εἰώθαμεν,
1347 3358 1485 3411 οὕτω
1531 3361 1621 3410 καὶ
1671 3361 1736 3426 τῇ

185 3442 494 3510 ἀναγνώσει
527 3444 630 3496 τῶν
650 3445 740 3496 τοῦ
764 3445 894 3500 Θεοῦ
924 3446 1115 3513 λογίων
1151 3450 1498 3515 προσανέχειν
1532 3448 1736 3513 ὀφείλο-

189 3552 295 3602 μεν
329 3534 635 3604 ἀκορέστως
661 3537 726 3604 τῇ
754 3535 962 3604 γνώμῃ,

561 3626 686 3677 AH'.
721 3655 791 3664 -
822 3627 1362 3698 ΑΣΚΛΗΠΙΟΔΟΤῼ.

259 3712 333 3762 Τί
366 3728 445 3762 σοι
473 3712 656 3778 ὄφελος
694 3713 800 3764 τῶν
829 3715 922 3783 μὲν
953 3716 1178 3767 οἰκετῶν
1209 3716 1414 3783 ἄρχειν,
1455 3718 1572 3776 ταῖς
1621 3719 1737 3767 ὲπι-

187 3800 414 3868 θυμίαις
440 3801 493 3851 δὲ
515 3800 796 3866 δουλεύειν,
827 3802 1012 3874 ὥσπερ
1048 3809 1264 3874 πικραῖς
1294 3807 1592 3865 δεσποίναις
1618 3823 1630 3866 ;

443 3969 558 4021 AB'.
591 3999 659 4009 —
684 3971 1022 4042 ΑΥΞΕΝΤΙῼ
1057 3974 1460 4044 ΙΛΛΟΥΣΤΡΙῼ

259 4059 569 4128 Μονογενὴς
599 4060 722 4125 Υἱὸς
761 4062 853 4113 καὶ
875 4063 1043 4129 Λόγος
1069 4062 1160 4115 τοῦ
1189 4064 1413 4134 Πατρὸς,
1442 4065 1548 4128 ζῶν
1577 4067 1741 4133 Λόγος

189 4151 365 4210 ἐστὶν,
413 4152 504 4202 καὶ
555 4153 909 4215 ὲνυπόστατος
935 4155 1102 4222 Λόγος
1149 4155 1396 4225 ὑπάρχει,
1426 4158 1648 4219 ἀπαθῶς
1679 4160 1742 4209 ἐκ

190 4233 410 4300 [ἰατρὸς
434 4235 537 4301 πρὸ
560 4237 772 4290 πάντων
799 4240 1025 4302 αἰώνων,
1067 4245 1158 4291 καὶ
1184 4244 1381 4307 χρόνων
1415 4247 1740 4310 γεγεννημέ-

186 4341 303 4383 νος.
342 4323 494 4388 μόνος
522 4324 584 4374 ὲκ
622 4326 779 4391 μόνου
812 4327 1118 4395 μονογενὴς,
1153 4302 1266 4393 (pth;
1298 4331 1358 4378 ἐκ
1388 4302 1578 4393 φωτὸς,
1611 4302 1738 4390 ἐλεὸς

187 4413 450 4480 ἀληθινὸς
496 4415 558 4464 ἐκ
613 4414 744 4465 Θεοῦ
795 4415 1069 4484 ἀληθινοῦ,
1120 4416 1196 4484 τῷ
1232 4417 1343 4485 ἰδίῳ
1389 4418 1562 4487 Ila.th
1602 4421 1740 4472 κατὰ

191 4503 376 4554 πάντα
409 4503 609 4571 ὅμοιος,
645 4504 884 4574 δυνάμει,
932 4506 1107 4575 ουσία,
1149 4509 1456 4576 ἁγαθότητι,
1506 4511 1737 4578 ἐξουσίᾳ,

191 4593 286 4643 καί
310 4593 459 4660 πάσῃ
485 4593 794 4662 τελειότητι,
818 4595 891 4655 ὡς
916 4599 1107 4664 χωρεῖν
1135 4596 1223 4646 τὸν
1246 4597 1459 4664 Πατέρα
1489 4601 1544 4648 ὲν
1573 4600 1738 4664 αὐτῷ,

193 4685 288 4734 καὶ
324 4682 613 4747 χωρείσθαι
644 4685 744 4734 ὑπὸ
779 4686 870 4734 τοῦ
908 4686 1134 4754 ιΙατρδς,
1169 4685 1379 4737 πάντων
1413 4688 1608 4738 ὑλικῶν
1634 4691 1740 4754 Δη-

195 4769 493 4838 μιουργδς,
529 4771 621 4820 σὺν
662 4769 737 4836 τῷ
784 4771 974 4836 Πατρὶ,
1016 4772 1105 4820 καὶ
1133 4770 1207 4838 τῷ
1239 4771 1395 4839 ἁγίῳ,
1423 4772 1514 4821 καὶ
1549 4773 1741 4839 ὀμοου-

196 4863 316 4931 σίῳ,
343 4862 436 4911 καὶ
469 4860 819 4929 προσκυνητῴ
855 4860 1143 4928 ῐΙνεὺματι.

725 4973 812 5025 M'.
844 5002 910 5009 -
950 4971 1030 5036 Τῷ
1054 4953 1227 5036 αὐτῷ.

275 5088 340 5137 Ὀ
372 5085 657 5152 μονογενὴς
685 5085 828 5147 Υἱὸς,
861 5087 950 5138 καὶ
980 5088 1147 5150 Λόγος
1183 5086 1272 5137 τοῦ
1309 5085 1460 5146 Θεοῦ,
1487 5087 1579 5135 καὶ
1609 5089 1748 5154 μετὰ

193 5179 250 5228 εὖ
288 5175 741 5242 σχηματισθῆναι,
781 5177 898 5244 ήτοι
927 5177 1315 5246 σωματωθῆναι
1351 5179 1412 5228 ὲκ
1458 5178 1553 5244 τῆς
1587 5161 1746 5244 ἀγίας

191 5265 499 5333 Παρθένου,
539 5266 634 5316 οὐκ
660 5266 1040 5330 ἐκπέπτωκεν,
1081 5268 1171 5318 καὶ
1212 5267 1618 5336 ἀπηλλοτριώοη
1650 5270 1746 5337 τῆς

191 5357 336 5413 ἰδίας
367 5354 636 5418 θεότητος,
669 5354 843 5421 ἔμεινε
882 5355 987 5423 γὰρ
1019 5355 1147 5416 Θεὸς
1178 5357 1265 5407 καὶ
1309 5356 1442 5423 μετὰ
1486 5357 1581 5421 τὴν
1614 5358 1743 5424 σάρ-

189 5461 389 5506 κιο-σιν,
417 5443 546 5503 Θεὸς
579 5443 674 5509 μὲν
707 5444 950 5513 ἀληθινὸς
983 5445 1119 5496 κατά
1147 5445 1204 5496 τὸ
1249 5447 1490 5513 ἀόρατον,
1543 5447 1744 5515 ἅνθρω-

272 5619 320 5645 ³³
355 5619 566 5674 Baruch
621 5624 770 5680 ut,5.
853 5625 913 5655 ³³⁸
946 5623 1083 5677 Psal.
1137 5641 1392 5685 LXXXVIII,
1452 5626 1536 5677 57.

1326 321 1847 390 EPISTOLARUM
1877 319 2018 378 LID.
2052 315 2134 374 II.

1812 422 2185 492 sepulcrorum
2230 414 2454 468 eil'ossor
2482 407 2698 466 fuisset,
2737 412 2915 453 annon
2961 406 3186 463 cuperes
3230 407 3355 460 pru-

1812 483 1960 566 de'nti
1991 523 2232 576 saneque
2254 502 2480 557 consilio
2505 507 2685 556 ulcus,
2710 489 2899 561 iujusti
2930 501 2990 539 ac
3021 484 3168 552 impii
3194 483 3360 550 patris

1811 599 2160 668 improbitate
2193 594 2378 650 sanior
2409 585 2674 644 evadere?

1767 3073 1808 3128 (ς
1841 3061 2117 3115 destitutis
2147 3052 2540 3108 assimilaberis

1618 5626 1655 5653 ³⁵
1715 5623 1905 5675 .IIatlh.
1965 5637 2109 5682 XXIV,
2162 5620 2247 5672 ‘29.

3249 279 3354 343 235

1910 708 2143 761 XXXIII.
2179 735 2246 745 --
2280 681 3263 821 CIIIiI‘XI'rSaGBQﬁDHPDESBYTERO.

1883 864 2179 921 Pnstnlasti
2203 902 2216 926 ,
2240 864 2430 916 dilecte
2461 861 2553 921 mi,
2579 855 2707 925 quid
2736 861 2836 912 est,
2855 849 2995 919 quod
3011 841 3220 899 Baruclt
3241 838 3372 894 dicit

1816 958 1882 1012 ad
1927 957 2094 1011 Deum
2130 975 2141 1008 :
2184 973 2200 1004 ι
2239 953 2317 1006 'I‘u
2350 969 2407 1004 es
2442 951 2637 1003 sedens
2670 946 2724 998 in
2754 942 2970 1002 saecula,
3008 945 3061 993 et
3090 950 3191 989 nos
3225 931 3368 1001 peri—

1818 1065 1937 1103 tuus
1966 1051 2017 1102 in
2055 1045 2315 1101 saeculum
2339 1043 2416 1094 39?
2451 1061 2466 1091 ι
2505 1039 2644 1090 Deus
2676 1048 2798 1088 cum
2832 1027 3188 1084 immutabilis
3211 1032 3370 1090 atque

1819 1142 2154 1196 invariabilis
2189 1146 2448 1208 perpetuo
2480 1137 2570 1196 sit,
2601 1127 2947 1182 manifestum
2989 1129 3090 1180 est,
3134 1131 3256 1173 eum
3307 1114 3361 1165 in

1822 1232 2038 1300 Propria
2093 1229 2282 1283 sedere
2333 1221 2771 1278 immutabilitate
2814 1217 2866 1269 in
2902 1221 3162 1266 :cternum
3185 1207 3273 1268 ³³⁸,
3311 1213 3369 1258 ut

1819 1322 2034 1374 dicitur.
2067 1319 2134 1370 At
2165 1332 2284 1380 nos,
2311 1315 2402 1383 qui
2434 1313 2498 1366 de
2531 1309 2673 1364 facili
2712 1313 3006 1364 mutantur,
3045 1307 3098 1353 et
3129 1294 3359 1364 singulis

1822 1409 2012 1462 diebus
2047 1407 2329 1466 morimur,
2361 1403 2448 1453 alii
2481 1409 2640 1467 atque
2673 1395 2760 1450 alii
2790 1392 2990 1461 saepius
3030 1387 3182 1449 facti,
3223 1394 3275 1438 ct
3306 1397 3370 1435 ex

1823 1500 1941 1552 aliis
1974 1499 2025 1549 iu
2061 1499 2199 1551 alias
2230 1494 2587 1563 cogitationes
2612 1486 2914 1554 saepissime
2942 1485 3302 1534 transeuntes.

2020 1672 2333 1726 XXXIV.—-—
2362 1665 2698 1724 SOCIMTIO
2760 1653 3170 1714 EXCEPTOIII.

1895 1783 1914 1814 ί
1961 1766 2199 1818 Virtutes
2240 1762 2499 1815 cmlorutu
2532 1752 3024 1810 commovebuntur
3059 1746 3111 1796 in
3140 1742 3226 1795 die
3249 1738 3381 1807 justi

1821 1854 2012 1921 judicii
2056 1851 2122 1907 ³⁵.
2168 1871 2185 1903 ι
2234 1852 2346 1904 lloe
2395 1858 2512 1912 est,
2571 1842 2794 1914 angelici
2845 1836 3118 1892 exercitus
3169 1830 3381 1882 Domini

1826 1945 2108 1998 audientes
2178 1940 2407 2009 imperio
2481 1953 2546 1990 ex
2627 1928 3054 1986 mansuetudine
3122 1923 3174 1974 in
3247 1921 3382 1972 iram

1827 2008 2349 2089 commovebuntur,
2423 2032 2474 2077 et
2548 2034 2741 2090 pravos
2801 2015 3046 2068 homines
3102 2008 3385 2060 universas

1829 2118 2074 2186 perdent.

2494 2198 2700 2254 XXXV.

1907 2303 2202 2358 Perrcrstc,
2231 2306 2282 2351 ct
2317 2295 2513 2363 impim,
2546 2302 2852 2360 pravatque,
2880 2294 2934 2338 et
2973 2283 3190 2344 exleges
3230 2278 3386 2329 Sata-

1834 2410 1913 2447 nae
1959 2391 2311 2460 cogitationes
2356 2402 2420 2436 ne
2478 2394 2526 2436 Ie
2575 2379 2917 2440 conturbent,
2963 2386 3136 2440 neque
3183 2378 3388 2437 perter-

1834 2488 2006 2540 reant,
2043 2493 2215 2543 neque
2249 2475 2294 2524 id
2327 2479 2645 2540 npereultlt',
2677 2475 2728 2517 ut
2763 2463 2998 2516 animum
3029 2455 3386 2525 despondeas,

1833 2581 1886 2623 et
1928 2580 2014 2621 tua
2051 2569 2187 2620 bona
2212 2564 2390 2615 anima
2422 2560 2522 2612 ﬁde
2547 2557 2884 2616 colluslt‘ata,
2913 2558 2966 2604 cl.
2991 2547 3191 2608 Christi
3227 2556 3390 2598 cruce

1836 2659 2195 2720 circutnsepta
2228 2649 2576 2702 disSnlvatur.

1894 2767 1996 2835 δᾶ,
2037 2762 2270 2815 XXXVI.
2306 2790 2372 2798 —-
2411 2748 2850 2809 DEIIOSTIIENI
2907 2741 3108 2800 URBIS
3153 2736 3385 2794 PATBI.

1911 2879 1963 2928 Si
2000 2879 2151 2928 beata
2190 2884 2241 2924 et
2284 2888 2403 2924 vere
2439 2868 2622 2919 divina
2669 2863 2968 2928 Seripturm
3014 2854 3223 2923 eloquia
3274 2859 3391 2905 sltt-

1841 2971 1991 3023 diose
2023 2983 2124 3020 non
2152 2965 2376 3034 appetis,
2399 2951 2685 3029 jmnentis'
2705 2952 3085 3022 insipientibus
3107 2955 3159 3002 et
3184 2947 3392 2998 ratione

2572 3051 2614 3079 35
3167 3053 3170 3057 '

2186 3141 2440 3194 XXXVII.
2474 3168 2535 3177 —-
2572 3129 3044 3189 C.\LI.ISTIANO.

1908 3232 2388 3301 Quetnatlmmlum,
2430 3229 2554 3280 dum
2596 3227 2758 3279 vitam
2793 3222 3112 3291 appetimus,
3139 3217 3296 3268 edere
3338 3223 3393 3264 et.

1839 3331 2043 3386 bibere,
2098 3327 2244 3392 loqui
2283 3331 2345 3392 et
2393 3319 2577 3374 audire
2632 3317 2940 3374 sueritnus,
2978 3313 3048 3361 ita
3095 3317 3148 3361 ct
3191 3305 3393 3359 divinis

1840 3421 2070 3487 eloquiis
2126 3413 2463 3485 perlegendis
2517 3405 2944 3463 insaturabiliter
3001 3409 3178 3453 mente
3228 3412 3390 3466 opera

1841 3509 2015 3562 danda
2050 3513 2153 3560 est.

2140 3609 2418 3665 XXXVIII.
2441 3638 2509 3648 --
2539 3603 3077 3662 ASCI.EPIODOTO.

1911 3705 2043 3766 Quis
2075 3703 2168 3756 tibi
2221 3714 2352 3754 usus
2404 3700 2565 3752 fuerit
2619 3697 2792 3750 servis
2842 3692 3057 3761 quidem
3106 3691 3388 3756 imperare,

1797 3794 1805 3803 '
1843 3794 2122 3847 desideriis
2179 3806 2307 3846 vero
2348 3803 2604 3856 tanquam
2659 3780 2958 3839 immitibus
3006 3778 3238 3834 dmninis
3275 3791 3388 3828 ser—

1843 3884 1954 3938 vire
1983 3885 2035 3936 ?‘

2053 3970 2286 4023 XXXIX.
2317 3997 2385 4008 —-—-
2411 3961 2758 4019 AUXENTIO
2799 3955 3175 4010 II.I.IISTIlIO.

1918 4065 2236 4132 Uuigenitus
2292 4059 2482 4116 Filius.
2536 4069 2588 4110 et
2649 4053 2884 4108 Verbum
2948 4049 3144 4103 Patris,
3207 4042 3392 4095 tivv’t:s

1847 4157 2099 4219 Verbum,
2132 4161 2184 4206 et
2213 4152 2429 4220 prepria
2481 4146 2786 4200 subsistens
2833 4137 3109 4208 bypesmsi
3156 4133 3391 4186 Verbum

1844 4258 1944 4307 est,
1995 4261 2058 4296 ex
2100 4245 2254 4295 Patre
2285 4249 2409 4291 ante
2451 4235 2630 4289 omnia
2665 4232 2881 4292 smcula,
2910 4238 2961 4283 et
2991 4237 3230 4294 tempera
3274 4222 3393 4276 sine

1848 4335 1955 4386 ulla
2006 4332 2258 4400 passione
2306 4328 2541 4397 genitus,
2594 4325 2748 4379 solus
2795 4337 2858 4374 ex
2908 4318 3024 4373 solo
3061 4313 3388 4382 unigenitus,

1845 4427 2022 4485 lumen
2054 4439 2116 4476 ex
2163 4421 2387 4477 lumine,
2427 4419 2567 4470 Deus
2597 4428 2756 4466 verus
2789 4411 2853 4462 de
2897 4408 3005 4460 Deo
3053 4419 3211 4467 vero,
3243 4400 3388 4452 Patri

1838 4516 1892 4566 iu
1947 4513 2200 4564 omnii-vs
2249 4507 2464 4564 similis,
2506 4500 2774 4571 potentia,
2825 4495 3084 4557 essentia,
3127 4492 3387 4550 bonitate,

1839 4601 2163 4652 auctoritate
2192 4607 2243 4647 et
2279 4595 2426 4646 omni
2474 4588 2831 4660 perfectione,
2867 4585 3002 4638 adeo
3035 4583 3174 4635 utin
3209 4581 3388 4644 seipse

1837 4690 2015 4757 capiat
2042 4683 2275 4747 Patrem,
2301 4693 2353 4738 et
2378 4684 2624 4752 capiatur
2650 4695 2676 4731 a
2702 4678 2893 4740 Patre;
2920 4688 3101 4728 rerum
3125 4668 3385 4727 omnium,

1840 4756 2226 4842 qu.ematerize
2283 4771 2533 4832 subsunt,
2591 4765 2870 4824 Conditor,
2934 4775 3056 4813 cum
3115 4756 3294 4816 Patre,
3334 4762 3388 4804 et

1839 4871 2050 4925 sancto,
2075 4871 2129 4916 et
2159 4857 2629 4920 consubstantiali,
2662 4866 2713 4908 et
2743 4848 3017 4905 adorando
3042 4844 3270 4913 Spiritu.

2314 4969 2466 5038 135
2497 4967 2604 5018 XL.
2642 4993 2707 5003 -—
2739 4962 2942 5013 Eidem.

1913 5083 2237 5153 Unigenitus
2291 5079 2484 5140 Filius,
2537 5083 2590 5128 et
2635 5073 2724 5125 Dei
2786 5069 3020 5124 Verbum
3063 5067 3224 5120 etiam
3267 5073 3390 5132 post

1845 5175 2092 5239 formam,
2127 5185 2339 5239 corpus
2371 5181 2586 5235 nempe,
2626 5179 2689 5218 ex
2717 5170 2903 5217 saneta
2929 5158 3148 5226 Virgine
3178 5169 3389 5208 assum-

1845 5279 2010 5336 plant,
2071 5279 2178 5316 non
2230 5260 2599 5330 degeneravit,
2658 5267 2881 5322 nequea
2915 5249 3129 5318 [Il‘Oltl‘IO
3177 5245 3392 5299 dcitatis

1845 5367 1985 5412 statu
2017 5361 2193 5406 motus
2223 5359 2339 5416 est;
2373 5363 2606 5416 namque
2634 5347 2796 5398 etiam
2819 5352 2938 5412 post
2965 5337 3388 5392 incarnationem

1856 5449 1992 5501 Deus
2053 5443 2370 5512 permansit,
2426 5440 2565 5492 Deus
2616 5436 2830 5505 quidem
2883 5445 3042 5484 verus
3091 5426 3389 5484 secundum

2328 5617 2372 5647 ³⁸
2431 5613 2571 5667 Psal.
2602 5623 2787 5672 XLVIII,
2815 5606 2898 5660 I5.
