4128 6340
713 324 812 409 215

2157 332 2215 391 S.
2263 330 2422 388 NILI

3802 330 3908 394 2ὶῦ

709 443 849 510 quod
907 458 1011 495 non
1069 443 1298 505 videtur,
1353 448 1400 493 rt
1457 442 1755 495 secundum
1811 444 1953 512 quod
2012 445 2243 507 videtur,

2348 460 2442 505 πος
2473 443 2528 496 δὲ
2562 443 2807 514 ἀληθινὸς
2854 444 2992 498 κατᾶ
3037 443 3097 497 τὸ
3139 444 3318 515 ὁρὼμε
3333 460 3444 507 νον,
3485 443 3584 496 οὐκ
3608 441 3766 504 ἄνους
3796 439 3910 510 γὰρ

712 536 869 586 bumo
899 549 1078 586 verus.
1111 531 1294 600 Neque
1324 534 1463 586 enim
1489 533 1606 587 sine
1630 540 1804 587 mente
1834 543 1885 587 et
1910 533 2086 586 anima
2113 541 2248 592 erat,

708 635 761 675 ut
793 623 986 676 etTutiit
1021 623 1410 690 Apollinarius.

998 712 1128 766 XLI.
1157 739 1221 753 -μ
1255 713 1611 768 EL'TIIYMIO
1639 713 1948 768 IHACONO.

771 821 874 874 Alii
897 821 1111 890 quidem
1143 821 1195 874 in
1223 822 1438 882 vim-tis,
1477 827 1530 874 et
1555 821 1786 885 olivetis,
1821 829 1873 873 et
1893 821 2177 888 jumentis,
2201 826 2254 872 et

2352 534 2438 604 δὴ.
2467 535 2561 587 καὶ
2587 535 2810 605 ἄψυχος,
2838 535 3084 607 καθάπερ
3117 535 3373 606 βεϐὀηκεν
3418 531 3851 602 Ἀπολλινάριος.ι

2667 717 2802 768 MA'.
2829 744 2900 755 -—
2926 715 3230 784 ΕΥΘΥΜΙῼ
3271 713 3587 784 ΔῘΑΚΟΝῼ.

2427 825 2639 894 ’Έτεροι
2673 825 2770 894 μὲν
2803 825 2887 878 ἐπ’
2915 823 3252 895 ἀμπελῶσιν,
3288 825 3382 877 καὶ
3404 821 3640 884 ἐλαιῶσι,
3658 820 3751 872 καὶ
3778 819 3913 888 κτήο

703 926 978 964 servorum
1032 910 1396 973 multitudine,
1431 919 1484 964 et
1512 910 1723 966 aedibus
1753 925 1887 962 auro
1921 916 2251 976 argentoque

2353 932 2491 978 νεσι,
2518 917 2609 968 καὶ
2632 912 2822 985 πλήθει
2850 915 2957 968 τῶν
2987 915 3230 979 οἰκετῶν,
3256 914 3348 968 καὶ
3368 913 3536 974 οἴκοις
3563 910 3909 980 περιφανέσι,

701 1000 1020 1070 splendidis,
1054 1006 1106 1051 et
1133 999 1364 1058 terrenis
1395 997 1695 1051 ditionibus
1729 998 1986 1066 gaudent.
2011 994 2091 1048 Tu
2126 1008 2251 1049 vero

2355 1007 2538 1077 χρυσῷ
2567 1024 2646 1070 τε,
2679 1008 2771 1060 καὶ
2795 1008 3018 1079 ἀργύρῳ
3044 1045 3060 1072 ,
3104 1007 3197 1060 καὶ
3225 1002 3334 1069 τοῖς
3361 1003 3541 1066 ἄλλοις
3587 1003 3791 1072 γηῖνοις
3817 1000 3911 1052 εὖ-

699 1091 1109 1156 praeelarissime
1138 1089 1340 1143 Christi
1370 1104 1541 1151 serve,
1570 1087 1772 1156 Regem
1811 1085 2136 1139 invisibilem
2170 1085 2253 1138 in-

700 1179 1097 1232 tellectualihus
1153 1177 1520 1232 indesinenter
1571 1175 1747 1230 oculis
1799 1189 2051 1237 cernens,
2107 1174 2253 1228 illius

699 1267 982 1319 Sttm‘ilalis
1027 1269 1320 1336 particeps,
1367 1278 1418 1319 et
1461 1280 1680 1329 amore,
1728 1265 1820 1332 qui
1859 1263 2095 1318 discindi
2146 1277 2252 1317 non

697 1363 884 1426 potest,
913 1357 988 1409 illi
1013 1358 1316 1425 colligatus,
1337 1373 1539 1425 speque
1563 1371 1686 1426 erga
1709 1370 1829 1409 eum
1850 1354 2086 1408 animum
2103 1366 2250 1408 tuum

696 1448 976 1501 enutriens
989 1490 999 1509 ,
1013 1455 1063 1500 et
1081 1447 1512 1516 dilectione,qua:
1526 1461 1633 1500 non
1651 1446 1954 1510 marcescit,
1971 1452 2076 1499 tete
2087 1445 2254 1499 delec-

699 1546 842 1598 tans,
873 1539 1408 1606 precibttscontinuis
1430 1547 1476 1591 et
1503 1537 1833 1606 psalmorum
1856 1536 2108 1589 cautibus
2125 1551 2252 1590 eon-

697 1623 851 1675 tinuo
868 1624 1181 1678 incumbens
1203 1631 1254 1676 et
1276 1637 1554 1678 sermones
1571 1622 1882 1691 spirituales
1901 1621 2251 1690 amplectens,

698 1713 1076 1779 prophetarum
1107 1713 1199 1766 illa
1233 1715 1540 1768 exclamas:
1575 1733 1593 1764 ι
1631 1711 1962 1767 Recordatus
1990 1725 2107 1765 sum
2135 1710 2247 1773 Dei,

697 1802 978 1857 etlaetatus
1000 1818 1116 1857 sum
1152 1805 1216 1856 "z
1255 1824 1272 1854 ι
1302 1803 1405 1857 Et:
1445 1823 1462 1854 ι
1499 1802 1898 1872 Superlrrtabor
1931 1803 1982 1854 io
2021 1800 2248 1855 Domino

699 1906 838 1957 meo,
874 1908 979 1947 non
1022 1894 1258 1948 laboravi
1301 1909 1535 1962 sequens
1583 1892 1867 1946 Dominum
1915 1907 2092 1946 meum
2126 1891 2190 1944 ³⁷.
2223 1910 2241 1943 ι

699 1976 994 2036 Exsultabo
1029 1982 1228 2051 itaque,
1256 1982 1648 2036 humanissime
1684 1981 1927 2048 Domine,
1959 1985 2012 2037 in
2043 1996 2249 2038 sermo-

697 2072 856 2127 nibus
889 2075 1015 2137 tuis,
1061 2073 1511 2142 quemadmodum
1549 2074 1640 2143 qui
1673 2073 1892 2127 divitias
1923 2074 2152 2135 invenit,
2194 2081 2250 2127 et

700 2162 931 2228 prmdam
956 2163 1175 2214 nmlt‘am
1209 2163 1272 2215 ³⁸.
1308 2161 1712 2231 Proptereaque
1746 2161 1996 2217 Salvator
2023 2171 2076 2217 et
2104 2161 2245 2215 Con-

697 2251 840 2305 ditor
868 2252 1108 2305 Omnium
1146 2253 1244 2306 tibi
1295 2252 1628 2320 respondet:
1670 2249 1937 2303 Gaudium
1988 2261 2160 2315 tuum,
2195 2260 2250 2303 et

697 2342 1113 2395 exsultationem
1143 2350 1288 2394 tuam
1327 2342 1504 2394 nullus
1539 2341 1704 2393 l'urari
1744 2339 2002 2408 poterit"
2036 2358 2048 2392 :
2084 2325 2248 2391 Maria

699 2431 964 2499 siqu-idem
997 2434 1250 2500 optimam
1285 2433 1444 2500 elegit
1485 2432 1791 2485 divinarum
1839 2428 2244 2496 disciplinarum

698 2535 916 2589 semper
942 2521 1198 2575 virentem
1235 2532 1438 2590 partem
1470 2519 1536 2571 λθ.
1570 2518 2014 2587 Quando‘itaque
2042 2516 2273 2572 scrmo-'

697 2623 794 2666 nes
832 2613 988 2682 136
1009 2613 1113 2667 mei
1145 2613 1197 2666 in
1224 2620 1276 2666 te
1303 2613 1548 2665 habitant
1572 2609 1968 2674 recordatione,
1994 2607 2249 2662 recorda-

695 2703 796 2756 bor
845 2703 920 2755 tui
968 2702 1021 2756 in
1062 2717 1230 2773 regno
1281 2716 1419 2756 meo.
1474 2703 1575 2756 Et:
1615 2719 1632 2750 σ
1671 2699 1748 2756 Ne
1797 2701 2011 2763 timeas,
2067 2707 2246 2753 tecum

696 2792 838 2844 enim
867 2806 960 2846 ero
990 2792 1242 2848 omnibus
1274 2792 1461 2847 diebus
1488 2793 1552 2858 “,
1587 2810 1605 2841 ι
1637 2807 1700 2846 ex
1734 2791 1878 2844 omni
1904 2789 2247 2843 tribulatione

696 2881 936 2938 liberans
965 2890 1016 2937 te
1041 2881 1109 2948 θ’,
1151 2889 1204 2938 et
1239 2883 1474 2952 eripiens
1505 2897 1535 2936 e
1567 2896 1730 2935 manu
1774 2879 2145 2935 insidiantium
2178 2878 2243 2930 ⁵³.

883 3073 1047 3128 XLII.
1086 3105 1150 3115 -
1186 3070 1622 3129 CIIRYSEROTI
1652 3067 2026 3125 SOPIIIST/E.

767 3186 824 3242 Si
863 3187 1305 3258 linguaeissimus
1369 3185 1634 3256 Apollinis
1702 3187 1874 3256 tripus
1927 3187 2247 3242 adveniente

696 3277 754 3331 In
788 3291 1002 3332 carnem
1043 3277 1285 3331 omnium
1329 3275 1556 3329 Domino
1597 3275 1815 3328 Christo
1848 3273 2244 3343 SilCl‘OjttSSuS,

699 3375 897 3438 pra'ter
937 3368 1173 3436 gentium
1211 3366 1668 3435 exspectationem
1704 3365 1805 3434 (sic
1837 3367 1984 3419 enim
2012 3366 2246 3420 addece-

698 3458 812 3525 bat)
862 3457 1153 3524 obmutuit,
1197 3457 1648 3528 quemadmodum
1690 3458 1955 3522 universi,
2003 3459 2094 3524 qui
2143 3459 2247 3513 sub

702 3549 844 3602 coelo
867 3557 1010 3611 sunt,
1046 3549 1362 3601 intuentur:
1396 3563 1562 3616 quare
1591 3556 1643 3600 tu
1675 3548 1789 3616 ipse
1821 3564 1993 3618 neque
2017 3549 2244 3618 pudore,

700 3654 877 3708 neque
904 3639 1099 3691 rubore
1145 3637 1474 3691 sutl'undcris
1528 3637 1595 3692 de
1632 3640 1739 3693 tuis
1774 3640 2152 3710 insipientibus
2186 3655 2249 3694 ac

680 3721 1205 3782 'infortunatissimis
1266 3726 1369 3779 diis
1395 3739 1585 3778 curam
1635 3742 1850 3794 gerens,
1899 3729 2159 3788 absurda,
2195 3735 2250 3782 et

702 3832 764 3872 ca
797 3831 919 3884 qute
944 3831 1048 3868 non
1080 3821 1228 3877 sunt,
1255 3812 1586 3868 defensans?
1625 3813 2006 3866 Verumtamen
2042 3815 2086 3868 si
2118 3814 2246 3867 mihi

702 3908 945 3972 credere,
990 3919 1320 3973 causamque
1364 3912 1508 3956 tuam
1556 3901 2012 3956 rationabiliorem
2073 3901 2249 3956 facere

702 3999 801 4051 tibi
827 3999 880 4051 in
911 3999 1090 4051 animo
1116 3995 1299 4060 fuerit,
1323 3994 1678 4048 vaticinantis
1717 3991 1944 4061 tripodis
1975 3993 2248 4046 silentium

671 4074 675 4079 ’
703 4102 849 4143 nunc
882 4088 1221 4158 potissimum
1250 4085 1605 4140 matulareris.

970 4196 1147 4250 XLIII.
1178 4225 1247 4237 ——
1273 4193 1616 4250 FAUSTINO
1643 4191 1988 4248 MONACIIO.

773 4300 910 4366 Quid
970 4300 1247 4368 gravaris?
1289 4301 1417 4368 quid
1460 4302 1786 4356 maceraris?
1848 4301 1978 4372 quid
2024 4301 2248 4355 vocibus

2354 1098 2668 1167 φραίνονται
2713 1100 3006 1171 κτήμασιν.
3053 1100 3126 1151 Σὺ
3173 1097 3229 1151 δέ
3271 1109 3356 1166 γε,
3402 1094 3720 1165 πανεύφημε
3749 1090 3908 1145 δοῦλε
3949 1163 3952 1165 Δ

2353 1187 2606 1258 Χριστοῦ,
2636 1191 2723 1242 τὸν
2756 1190 2979 1260 ἀόρατον
3009 1183 3236 1240 Βασιλέα
3281 1189 3393 1249 τοῖς
3428 1187 3634 1254 νοητοῖς
3673 1176 3910 1236 ἀδιαλεί-

2353 1293 2500 1342 πτως
2527 1274 2796 1347 θεώμενος
2830 1277 3146 1347 ὀφθαλμοῖς,
3183 1276 3276 1328 καὶ
3305 1273 3402 1344 τῆς
3441 1273 3646 1327 ἐκείνου
3677 1270 3908 1342 τερπνό-

2351 1388 2510 1439 τητος
2536 1369 2846 1432 ἀπολαύων,
2886 1369 2978 1422 καὶ
3004 1367 3084 1438 τῷ
3110 1367 3460 1437 ἀδιασπάστῳ
3494 1364 3639 1433 πόθῳ
3665 1362 3908 1416 συνδεδε-

2357 1459 2512 1529 μένος
2543 1458 2708 1527 αύτῷ,
2746 1457 2917 1511 ἐλπίδι
2946 1474 3005 1510 τε
3034 1460 3096 1528 τῇ
3131 1459 3208 1518 είς
3245 1455 3402 1510 αὑτὸν
3432 1454 3760 1524 τρεφόμενος
3802 1449 3904 1520 τὴν

2351 1551 2547 1620 ψυχὴν,
2575 1551 2668 1603 καὶ
2698 1550 3120 1621 ἐναϐρυνόμενος
3149 1552 3214 1618 τῇ
3241 1546 3536 1618 ἅμαράντῳ
3568 1544 3777 1613 ἀγάπῃ,
3809 1542 3906 1595 εύ-

2353 1642 2471 1710 χαῖς
2501 1659 2556 1694 τε
2581 1641 2845 1711 συνεχέσι,
2871 1642 2963 1694 καὶ
2985 1639 3322 1710 ψαλμῳδίαις
3345 1635 3782 1708 προσκαρτερῶν.
3807 1635 3906 1686 καὶ

2353 1730 2824 1800 ἐνστερνιζόμενος
2853 1731 2977 1793 τοὺς
3018 1729 3418 1800 πνευματικους
3449 1726 3670 1794 λόγους,
3696 1725 3762 1778 τὰ
3794 1724 3905 1779 τῶν

2353 1819 2644 1892 προφητῶν
2681 1819 2913 1889 ὲκὸοᾷςτ
2951 1836 2971 1870 ι
3019 1818 3324 1889 Ἐμνήσοην
3367 1815 3460 1869 τοῦ
3489 1813 3653 1876 Θεοῦ,
3687 1812 3780 1866 καὶ
3803 1813 3908 1883 ’ρύ-

2347 1909 2607 1980 φράνθην.
2645 1928 2662 1958 ι
2689 1907 2884 1960 Καίοι
2931 1905 3545 1978 Ὑπερευφρανθήσομαι
3597 1905 3653 1955 ἐν
3692 1901 3904 1970 τῷΚυ-

2353 1999 2451 2068 ρίῳ
2487 2015 2609 2068 μου,
2632 1997 2731 2048 ούκ
2761 1995 3022 2048 ἐκοπίασα
3061 1991 3468 2048 κατακολουθῶν
3493 1990 3664 2044 ὀπίσω
3694 1987 3900 2060 Κυρίου

2351 2105 2472 2156 μου.
2499 2106 2516 2138 ι
2557 2084 2972 2154 Ἀγαλλιάσομαι
2998 2077 3255 2144 τοίνυν,ὦ
3278 2079 3619 2151 φιλάνθρωπε
3637 2078 3899 2138 Δέσποτα,

2346 2179 2440 2231 ἐπὶ
2483 2181 2591 2240 τοῖς
2633 2177 2810 2244 λόγοις
2840 2192 2953 2237 σου,
3004 2173 3254 2246 καθάπερ
3299 2174 3328 2225 ὀ
3361 2169 3609 2242 εὑρηκὼς
3647 2169 3897 2229 πλοῦτον,

2347 2271 2441 2323 καὶ
2475 2269 2644 2321 σκύλα
2680 2266 2865 2320 πολλὰ.
2901 2265 2989 2318 Διὸ
3025 2263 3477 2334 ἀνταποκρίνεταί
3513 2279 3592 2314 σοι
3633 2260 3659 2311 ὁ
3685 2257 3896 2327 Σωτὴρ,

2347 2361 2438 2412 καὶ
2460 2359 2695 2423 Κτίστης
2717 2356 2820 2414 τῶν
2847 2354 3115 2415 ἁπάντων,
3144 2354 3331 2421 ὅτιπερ
3351 2351 3447 2422 τὴν
3467 2351 3635 2421 χαράν
3664 2365 3777 2412 σου,
3807 2347 3901 2400 καὶ

2345 2449 2441 2518 τὴν
2473 2446 2786 2514 ἀγαλλίασιν
2814 2443 2982 2505 οὐδεὶς
3007 2441 3340 2511 ἀποσυλῆσαι
3371 2440 3670 2510 δυνήσεται.
3710 2436 3900 2507 Μαρία

2347 2539 2454 2607 γὰρ
2480 2539 2575 2606 τὴν
2615 2535 2823 2605 ἀγαθὴν
2864 2533 3176 2598 ἐξελέξατο,
3208 2531 3314 2584 τῶν
3361 2530 3517 2583 Θείων
3563 2528 3899 2597 μαθημάτων

2347 2629 2570 2696 ἀειθαλῆ
2603 2625 2813 2696 μερίδα.
2853 2624 3064 2694 Ἐπειδὴ
3091 2620 3182 2676 οὖν
3207 2622 3255 2675 οἱ
3283 2621 3429 2689 λόγοι
3461 2637 3560 2689 μου
3584 2621 3640 2670 ἐν
3681 2619 3760 2670 σοι
3796 2633 3898 2669 κα-

2345 2713 2704 2783 τασκηνοῦσι,
2736 2712 2895 2782 μνείᾳ
2928 2709 3305 2782 μνησθήσομαί
3341 2716 3436 2762 σου
3469 2711 3526 2760 ἐν
3555 2710 3620 2777 τῇ
3656 2706 3902 2776 βασιλείᾳ

2351 2826 2470 2878 μου.
2501 2807 2638 2859 Καί·
2677 2824 2696 2856 ι
2735 2803 3012 2873 Μηδαμῶς
3046 2800 3303 2871 φοϐηθῇς,
3345 2798 3481 2869 μετὰ
3517 2798 3609 2851 σοῦ
3642 2797 3747 2867 γὰρ
3778 2797 3900 2849 ἔσο-

2352 2913 2449 2964 μαι
2486 2895 2572 2947 διὰ
2591 2892 2819 2955 παντὸς,
2844 2911 2862 2944 ι
2895 2893 2958 2944 ἐκ
2984 2893 3243 2960 πάσηςσε
3269 2887 3620 2958 λυτρούμενος
3643 2886 3896 2954 ολίψεως,

2351 2983 2448 3036 καὶ
2473 2981 2790 3051 ἐξαρπάζων
2819 2980 2882 3032 ἐκ
2908 2977 3085 3048 χειρὸς
3118 2975 3225 3030 τῶν
3253 2974 3719 3029 ἐπιϐουλευόντων.

2640 3092 2771 3146 MB’.
2795 3120 2864 3132 ---
2891 3089 3270 3143 ΧΡΥΣΕΡΩΤΙ
3295 3086 3599 3156 ΣΟΦΙΣΤῌ.

2416 3205 2477 3256 Εἰ
2509 3205 2535 3255 ὀ
2560 3201 2996 3271 πολυφωνότατος
3017 3200 3109 3252 τοῦ
3144 3199 3472 3260 Ἀπόλλωνος
3492 3195 3715 3267 τρίπους
3739 3187 3898 3264 σι’γᾷν

2347 3291 2818 3364 προστεταγμένος
2866 3290 2952 3342 διὰ
3002 3290 3100 3358 τῆς
3150 3289 3414 3358 ἐνσάρκου
3467 3285 3763 3354 παρουσίας
3801 3282 3897 3333 τοῦ

2347 3385 2559 3437 πάντων
2588 3380 2854 3433 Δεσπότου
2902 3377 3135 3449 Χριστοῦ
3166 3377 3313 3449 παρὰ
3347 3377 3444 3446 τὴν
3490 3374 3595 3426 τῶν
3632 3371 3898 3442 Ἑλλήνων

2348 3471 2673 3544 προσδοκίαν
2704 3469 3019 3540 πρεπόντως
3048 3467 3382 3537 πεφίμωται,
3433 3462 3613 3525 καθὼς
3661 3464 3899 3524 ἅπαντες

2347 3563 2395 3614 οἱ
2429 3560 2523 3630 τὴν
2553 3559 2640 3628 ὑφ’
2687 3559 2820 3628 ἡλίῳ
2863 3557 3148 3628 νεμόμενοι
3181 3555 3483 3625 βλέπουσιν,
3533 3553 3674 3615 τίνος
3710 3552 3899 3604 ἕνεκεν

2349 3651 2508 3712 αὐτὸς
2534 3647 2887 3717 ἐντραπῆναι,
2913 3645 3313 3716 ῆαίσχυνοῆναι
3341 3644 3400 3698 ού
3425 3643 3619 3714 βούλει,
3643 3643 3730 3694 τὸν
3755 3640 3899 3709 ὑπὲρ

2349 3741 2453 3793 τῶν
2481 3739 2794 3806 ἀλογίστων,
2822 3737 2916 3789 καὶ
2936 3735 3238 3788 παναθλίων
3265 3734 3400 3787 θεῶν
3423 3750 3513 3786 σου
3538 3733 3691 3800 λόγον
3717 3727 3900 3783 ποιού-

2352 3847 2532 3898 μενος,
2585 3828 2676 3880 καὶ
2723 3823 3164 3893 ἀντιποιούμενος
3213 3826 3311 3894 τῆς
3361 3822 3604 3885 ἀτοπίας,
3655 3820 3750 3874 καὶ
3796 3820 3899 3887 τῆς

2349 3919 2736 3988 ἁπροσωπίας;
2785 3915 2920 3970 Ἀλλ’
2954 3906 3119 3985 εἴπερ
3141 3915 3261 3986 ἐμοὶ
3292 3913 3571 3984 πεισθῆναι
3594 3910 3896 3980 θελήσειας,

2354 4009 2550 4076 μᾶλλον
2579 4007 3003 4077 εὐπροσωπῆσαι
3036 4005 3133 4074 τὴν
3177 4005 3415 4072 ἀφωνίαν
3466 4001 3660 4074 μᾶλλον
3698 3998 3898 4070 ἀρτίως

2352 4097 2610 4166 ζηλώσεις
2637 4096 2730 4147 τοῦ
2758 4095 3014 4164 μαντικοῦ
3036 4093 3302 4162 τρίποδος.

2660 4207 2790 4259 Ml".
2821 4235 2887 4246 —
2915 4202 3250 4272 ΦΛΥΣΤῙΝῼ
3279 4201 3582 4271 ΜΟΝΑΧῼ.

2423 4319 2487 4372 Τί
2522 4318 2711 4388 0>.ί6ῃ;
2745 4317 2798 4369 τί
2830 4316 3046 4382 ἁλύεις;
3077 4315 3128 4368 τί
3160 4313 3368 4385 μέμφῃ,
3407 4313 3500 4366 καὶ⁸
3538 4309 3895 4380 καταμέμφῃ,

712 4392 886 4446 instas
907 4430 920 4456 ,
960 4401 1012 4443 et
1051 4388 1298 4443 assiduas
1331 4388 1468 4456 jacis
1499 4403 1594 4441 ore
1625 4391 1907 4458 querelas,
1940 4406 2158 4446 morose
2190 4400 2244 4443 tu

2356 4409 2718 4478 μεμψίμοιρε;
2749 4408 2790 4459 Τ
2796 4407 2812 4460 ί
2834 4407 3240 4474 ἀνυπομόνητον
3269 4403 3460 4457 σαυτὸν
3488 4399 3768 4464 δεικνύεις,
3801 4399 3894 4451 καλ

707 4499 771 4538 ac
805 4482 1066 4552 querule?
1090 4480 1266 4546 Quare
1282 4487 1332 4536 te
1360 4481 1750 4549 impatientem,
1781 4489 1835 4533 et
1861 4482 2046 4550 pusilli
2080 4483 2242 4534 animi

705 4579 880 4632 virum
914 4575 1168 4644 cvulgans
1208 4573 1545 4626 advenientia
1582 4588 1686 4625 non
1721 4572 1994 4627 sustines?
2021 4571 2253 4626 Memen-

708 4679 783 4732 to,
821 4665 946 4737 quid
979 4665 1066 4719 ille
1105 4665 1160 4718 in
1203 4662 1673 4716 adhortationibus
1710 4661 1906 4715 dixerit
1940 4679 1955 4714 :
2000 4678 2020 4712 ι
2049 4660 2170 4724 Fili,
2204 4662 2250 4714 si

705 4757 1008 4812 accesseris
1037 4752 1243 4810 servire
1282 4752 1527 4816 Domino,
1554 4766 1796 4820 praepara
1828 4751 2062 4805 animam
2103 4759 2249 4804 tuam

709 4847 775 4900 ad
799 4849 1170 4910 tentationem,
1203 4844 1373 4914 dirige
1399 4857 1495 4896 cor
1525 4853 1701 4907 tuum,
1735 4849 1790 4896 et
1816 4843 2048 4906 sustine,
2089 4850 2143 4896 et
2185 4857 2252 4897 ne

710 4937 966 4998 turberis,
999 4952 1171 5006 neque
1222 4935 1330 4988 cito
1371 4947 1604 5002 exposco
1651 4931 1973 4985 solutionem
2014 4936 2253 4999 tempore

709 5025 1040 5080 inductionis
1069 5027 1135 5079 “.
1170 5045 1188 5078 ι
1217 5025 1395 5091 Quare
1429 5025 1477 5078 id
1518 5022 1921 5076 animadvertas
1964 5020 2120 5088 137
2169 5036 2260 5074 ve-

710 5115 826 5179 lim,
855 5113 972 5170 sine
1001 5114 1088 5166 Dei
1121 5115 1328 5181 judicio
1353 5115 1515 5179 nihil,
1542 5111 1686 5183 quod
1719 5110 1934 5180 amigat,
1972 5108 2132 5160 alicui
2162 5110 2256 5160 ad-

709 5201 918 5257 venire.
956 5199 1294 5268 Quapropter
1350 5219 1367 5251 ι
1411 5202 1596 5254 Virum
1643 5200 1826 5262 indue,
1859 5205 1910 5251 et
1970 5196 2257 5248 roboretur

711 5306 806 5345 cor
841 5299 1028 5359 tuum”
1053 5295 1107 5342 et
1148 5288 1360 5342 sustine
1410 5287 1692 5342 Dominum
1718 5290 1786 5348 ⁵³,
1825 5307 1843 5339 ι
1892 5296 1952 5341 ιιι
1980 5286 2058 5338 ιιιί
2093 5286 2255 5339 mise-

711 5388 922 5435 neatur.

2358 4496 2835 4565 μικροψυχότατον,
2865 4494 2938 4561 μὴ
2967 4495 3144 4560 φέρων
3165 4492 3230 4542 τὰ
3277 4491 3586 4559 συμϐάντα;
3610 4487 3896 4554 Μνήσοητι

2346 4583 2440 4637 τοῦ
2480 4584 2727 4649 λέγοντος
2779 4583 2836 4634 ἐν
2872 4583 2991 4644 ταῖς
3030 4579 3412 4649 παραινέσεσι·
3467 4595 3486 4628 ι
3532 4577 3748 4639 Τέκνον,
3797 4575 3898 4628 ἐὰν

2348 4675 2621 4746 προσέρχῃ
2645 4671 2909 4725 δουλεύειν
2938 4669 3016 4740 τῷ
3047 4669 3258 4739 Κυρίῳ,
3286 4667 3567 4738 ὲτοίμασον
3595 4666 3690 4737 τὴν
3713 4665 3895 4736 ψυχήν

2349 4782 2442 4818 σου
2476 4767 2554 4828 είς
2591 4762 2910 4834 πειρασμὸν,
2964 4759 3180 4812 εύουνον
3226 4757 3323 4828 τὴν
3371 4756 3594 4828 καρδίαν
3652 4772 3765 4820 σου,
3797 4754 3896 4809 καὶ

2348 4845 2707 4922 καρτέρησον,
2733 4849 2848 4901 καὶ
2901 4849 2972 4918 μὴ
3002 4848 3288 4918 ταράττον,
3323 4845 3458 4915 μηδὲ
3485 4845 3708 4914 τάχιστα
3741 4844 3897 4914 ζήτει

2346 4942 2499 4996 λύσιν
2532 4944 2588 4995 ἐν
2615 4939 2789 5010 καιρῷ
2824 4939 3132 5008 ἐπαγωγῆς.
3163 4955 3183 4988 ι
3213 4937 3451 4988 Γίνωσκε
3495 4939 3622 5005 γὰρ,
3650 4937 3730 4988 ὅτι
3763 4937 3894 4988 ἄνευ

2351 5031 2583 5101 κρίσεως
2611 5027 2775 5092 Θεοῦ,
2817 5025 2968 5078 οὐδὲν
3001 5025 3107 5076 τῶν
3146 5021 3403 5090 Ολιϐερῶν
3440 5020 3727 5090 ἐπέρχεταί
3761 5037 3892 5074 τινι.

2351 5120 2544 5189 Διόπερ
2575 5136 2593 5169 ι
2638 5114 2931 5186 Ἀνδρίζου,
2965 5114 3058 5167 καὶ
3081 5107 3450 5180 κραταιούσοω
3475 5109 3509 5176 ἡ
3554 5108 3743 5175 καρδία
3775 5125 3894 5169 σου,

2351 5209 2444 5260 καὶ
2470 5209 2751 5277 ὑπόμεινον
2777 5204 2866 5257 τὸν
2895 5202 3115 5272 Κύριον,
3165 5219 3182 5251 ι
3222 5202 3309 5252 ἵνα
3338 5215 3395 5251 σε
3423 5198 3632 5266 ἐλεήσῃ.

787 5573 828 5605 ³⁸
857 5567 997 5632 f’sal.
1043 5597 1219 5644 um,
1256 5581 1305 5634 ό.
1383 5579 1424 5608 ³⁷
1453 5577 1560 5631 Jer.
1614 5592 1739 5633 xm.
1796 5578 1877 5630 16.
1955 5580 1998 5610 ³⁸
2035 5574 2175 5632 Psal.
2203 5591 2251 5627 cr

2348 5589 2388 5644 ι,
2436 5571 2554 5644 162.
2635 5569 2674 5644 ξε
2717 5568 2870 5644 λοίιιιἐ
2905 5584 3014 5644 xvi,
3048 5569 3131 5620 32.
3187 5570 3254 5644 _‘_°
3291 5568 3416 5622 Luc.
3455 5582 3508 5631 κ,
3553 5566 3634 5620 42.
3711 5565 3750 5595 δ’
3787 5568 3871 5617 lsa

721 5654 832 5701 ιιι.
882 5645 960 5698 It).
1045 5649 1084 5678 "
1119 5649 1261 5702 I‘sal.
1291 5663 1480 5710 xxxiii,
1521 5647 1602 5698 IS.
1680 5647 1720 5675 ⁸⁸³
1770 5646 1906 5700 Psal.
1947 5665 2069 5702 xxx.
2109 5649 2190 5698 lti.

2269 5643 2310 5674 ³⁵
2338 5640 2500 5694 I‘Iccli.
2537 5654 2598 5701 I,,
2639 5638 2682 5688 I.

2762 5637 2804 5668 ’⁵⁸
2839 5637 2978 5689 Psal.
3009 5652 3152 5701 mn,
3184 5637 3264 5690 14.
