4128 6340
183 323 260 387 227
1323 325 1714 389 EPISTOLAF

1791 326 1849 384 Μ
1876 326 2020 387 LIB.
2049 327 2128 386 ll.

1731 442 1778 495 Α

479 435 600 495 ΜΔ.
630 469 701 481 --
727 443 1029 514 nemo
1058 443 1365 512 meum).

233 530 570 618 nitantxpm
613 531 791 598 λέγεις
837 534 1098 604 ὑπάρχειν
1153 536 1455 618 ἁμάρτημα
1479 574 1493 598 ,
1531 532 1598 585 δι’
1633 525 1694 585 οὗ

181 619 284 680 Θεὸς
311 617 599 684 ἀθετεῖται,
630 621 722 671 καὶ
749 620 878 684 Θεὸς
919 621 1239 690 ἀτιμάζεται
1277 623 1363 675 διὰ
1391 623 1488 691 τῆς
1521 638 1697 691 παρα-

180 707 360 768 εᾶσεως
408 705 567 761 θείων
617 709 1006 779 ὲνταλμάτωνς
1060 711 1175 763 Κᾶν
1225 712 1332 782 γάρ
1386 728 1468 774 τις
1528 710 1695 780 ἄνδρα

179 793 381 862 φονεύσῃ
407 833 424 858 ,
463 794 557 846 καὶ
607 794 806 864 βρέφος
856 798 1186 868 ἀποκτείνῃ,
1241 799 1433 867 φονεὺς
1481 800 1695 860 πάντως

177 882 402 950 ύτάρχει,
431 883 522 935 καὶ
551 883 625 946 ὡς
656 885 847 952 φονεὺς
874 885 1137 954 κρίνεται.
1171 888 1293 950 Πῶς
1321 889 1496 941 τοίνυν
1521 891 1696 953 ποιεῖς

177 974 226 1025 τὸ
257 975 491 1042 πταῖσμα
513 1013 528 1038 ,
572 974 637 1026 δι’
669 971 730 1029 οὗ
770 977 987 1049 ὲκκλείῃ
1028 977 1128 1048 τῆς
1162 977 1438 1047 βασιλείας
1468 979 1576 1032 τῶν
1607 981 1695 1032 ού-

178 1079 326 1132 ρανων
342 1079 358 1128 ;

648 1242 779 1297 ME’.
806 1269 872 1287 ρ·-
907 1241 988 1308 Τῷ
1016 1243 1194 1307 αὐτῷ.

235 1329 316 1398 Μὴ
335 1329 586 1398 γόγγυζε,
618 1332 870 1401 ἄνθρωπε
893 1349 908 1363 ·
936 1333 1212 1402 ἀλλότριον
1235 1334 1340 1403 γὰρ
1372 1335 1596 1404 μοναχοῦ
1632 1335 1693 1389 τὸ

175 1419 456 1486 γογγύζειν,
481 1420 585 1474 κᾶν
616 1424 776 1492 μέχρι
801 1422 1026 1476 θανάτου
1057 1424 1381 1477 κινδυνεύειν
1423 1442 1481 1478 σε
1512 1427 1689 1497 συμϐῇ

173 1510 491 1563 ἐπιτελοῦντα
522 1512 584 1564 τὺ
627 1513 1042 1582 ὲπιταττόμενόν
1084 1531 1164 1567 σοι
1209 1515 1362 1585 παρὰ
1399 1516 1494 1584 τῆς
1541 1516 1690 1570 ἀδελ-

175 1600 396 1668 φότητος.
429 1619 447 1651 ι
499 1601 558 1654 '0
609 1601 716 1670 γὰρ
771 1601 956 1671 ὑμῶν,
1013 1603 1208 1672 φησὶν,
1265 1594 1510 1667 ἁκούων,
1558 1603 1691 1672 ἐμοῦ

172 1689 356 1754 ἀκούει,
376 1690 466 1743 καὶ
494 1692 522 1742 ό
546 1691 818 1760 τολμήσας
840 1692 981 1760 ὑμᾶς
1015 1691 1298 1760 ἀθετῆσαι,
1321 1692 1420 1762 ἐμὲ
1442 1693 1639 1746 ἀθετεῖ.
1669 1712 1688 1744 ›

173 1781 314 1832 Καὶὸ
339 1781 656 1842 Ἀπόστολος
684 1781 880 1850 γράφει
909 1798 921 1810 ·
968 1800 986 1832 ι
1030 1781 1120 1850 Μὴ
1161 1783 1478 1850 γογγύζετε,
1516 1782 1694 1848 καθώς

171 1888 299 1933 τινες
341 1871 444 1922 τῶν
501 1871 846 1940 Ἰσραηλιτῶν
898 1865 1236 1938 ἐγόγγυσαν,
1277 1874 1368 1926 καὶ
1418 1873 1693 1928 ἀπώλοντο

171 1957 267 2010 ὕπο
293 1958 377 2011 τοῦ
403 1957 740 2032 ὀλοθρευτοῦ.
776 1977 793 2009 ι
835 1959 898 2011 Εἰ
931 1959 1107 2012 τοίνυν
1155 1960 1334 2030 βούλει
1383 1963 1456 2032 μὴ
1496 1963 1693 2018 ἀπολὲ-

171 2046 315 2110 σθαι,
353 2050 598 2101 πέπαυσο
642 2049 750 2100 τῶν
799 2049 1143 2117 γογγυσμῶν.
1201 2053 1272 2103 Ἦ
1319 2052 1436 2114 πῶς
1492 2054 1691 2123 δυνήσῃ

169 2136 295 2206 πῴς
324 2136 516 2204 Κύριον
541 2137 861 2189 διαπετάσαι
890 2136 986 2197 τὰς
1015 2141 1232 2206 χεῖρας,
1277 2141 1370 2192 καὶ
1415 2139 1690 2204 εὔξασθαι,

167 2222 296 2274 κατὰ
320 2222 408 2291 τὴν
441 2223 732 2291 παράδοσιν
761 2222 857 2274 τοῦ
897 2223 1214 2276 ’Δποστόλου
1239 2265 1252 2286 ,
1303 2226 1468 2296 χωρὶς
1504 2227 1690 2296 ὀργῆς,

163 2313 250 2364 καὶ
281 2311 629 2381 διαλογισμῶν
651 2331 663 2343 ·
688 2314 761 2367 Τὸ
789 2313 894 2383 γὰρ
923 2313 1209 2380 γογγύζειν
1241 2315 1428 2385 κύημα
1453 2316 1686 2386 ὑπάρχει

165 2420 339 2473 οργης.

443 2493 586 2560 Μςο.
613 2524 681 2535 —
711 2497 1047 2566 ΗΛΙΟΔΩΡῼ
1087 2497 1393 2569 ΜΟΝΑΧῼ.

202 2580 345 2634 Ὅσοι
375 2582 467 2650 μὲν
497 2583 710 2644 πολλοῖς
742 2585 942 2646 πόνοις,
987 2586 1078 2638 καὶ
1135 2587 1339 2656 ἱδρῶσι,
1385 2589 1476 2640 καὶ
1519 2589 1694 2658 χρόνῳ

171 2670 351 2741 μακρῷ
391 2671 681 2740 μαχόμενοι
703 2674 818 2736 ταῖς
846 2672 1075 2744 ἡδοναῖς,
1115 2676 1264 2745 μόλις
1299 2677 1427 2728 ποτὲ
1465 2676 1554 2729 τοῦ
1597 2694 1694 2746 χα-

171 2766 412 2835 ρίσματος
441 2764 701 2834 ἐπέτυχον
745 2765 843 2834 τῆς
893 2765 1154 2827 ἀπαθείας
1179 2804 1192 2826 ς
1228 2765 1437 2828 τούτοις
1483 2785 1693 2835 συγχω-

170 2857 402 2923 ρήσωμεν
445 2856 731 2925 συντυχίας
764 2854 1028 2907 ποιεῖσθαι
1062 2854 1194 2926 πρὸς
1219 2856 1694 2926 ἁσκητρίας.“οσοι

166 2946 216 2995 δὲ
248 2945 382 2997 κατά
410 2961 466 2997 σε
510 2946 706 2998 πάθεσι
740 2943 1038 3014 φιληδόνοις
1072 2945 1487 3014 πεφορτισμένοι
1534 2946 1691 3008 εἰσὶν,

167 3034 510 3104 εἰργέσθωσαν
530 3035 630 3103 τῆς
651 3035 902 3103 τοιαύτης
933 3033 1350 3104 σφαλερωτάτης
1383 3035 1614 3102 ἐντεύξει
1625 3053 1691 3097 λς,

93 3120 101 3131 ’
169 3126 248 3205 ἵνα
278 3126 346 3194 μὴ
379 3126 469 3177 καὶ
498 3125 594 3187 τὰς
625 3125 758 3187 ιδίας
802 3124 999 3194 ψυχὰς,
1033 3127 1125 3178 καὶ
1154 3125 1252 3187 τὰς
1284 3123 1564 3195 ἀλλοτρίας
1614 3128 1692 3188 εἰς

172 3215 423 3286 βάραθρον
460 3216 704 3290 ρίψωσιν.
753 3217 913 3267 Ἀνευ
959 3215 1066 3284 γὰρ
1111 3217 1482 3286 ἀπαραιτήτου
1529 3217 1690 3279 τινος,
1733 3265 1736 3269 .

170 3309 256 3359 καὶ
299 3307 594 3373 ἀναγκαίας
624 3307 832 3378 χρείας,
865 3305 923 3357 ού
958 3305 1036 3358 δεῖ
1070 3305 1284 3376 βλέπειν
1319 3306 1556 3376 θηλείας,
1590 3308 1694 3360 κᾶν

169 3395 428 3449 κανονικαὶ
458 3390 579 3461 ὦσι,
615 3396 712 3450 κᾶν
745 3395 1021 3464 κοσμικαί.
1053 3397 1175 3458 Τοῖς
1204 3397 1261 3450 δὲ
1297 3398 1692 3467 προτρέπουσιν

169 3487 304 3555 ἡμᾶς
341 3487 416 3548 εἰς
457 3489 581 3548 τοὺς
623 3487 825 3539 ἑαυτῶν
868 3488 1046 3548 οἴκους
1099 3486 1368 3556 βιωτικοῖς
1415 3489 1687 3556 ἀνδράσιν,

167 3575 297 3626 ὥστε
326 3576 457 3644 ὑπὲρ
486 3576 662 3628 αὐτῶν
684 3577 1007 3648 ποιήσασθαι
1042 3579 1365 3647 προσευχὰς,
1390 3578 1602 3631 λεκτέον
1631 3580 1691 3631 τὸ

169 3665 250 3717 τού
288 3666 610 3734 Εὑαγγελίου
642 3669 698 3718 ὲν
729 3669 1190 3738 ταπεινοφροσύνῃ
1213 3707 1228 3731 ,
1269 3669 1350 3720 ὅτι
1377 3686 1390 3699 ο
1435 3669 1546 3721 Οὐκ
1580 3670 1694 3738 εἰμὶ

171 3753 338 3816 ἱκανὸς
381 3757 719 3826 ὲνλάρεταϊς,
757 3756 1099 3824 ἴνανείσὲλθω
1126 3759 1206 3818 εἰς
1246 3756 1335 3808 τίον
1384 3753 1527 3809 οἶκόν
1565 3775 1691 3811 σουο

169 3846 278 3898 ἐπεὶ
330 3845 386 3898 δὲ
416 3846 684 3910 πιστεύεις
715 3848 1034 3915 ὠφελεῖσθαι
1071 3842 1136 3899 δι’
1176 3849 1337 3916 εὐχῆς
1375 3849 1482 3902 τῶν
1531 3867 1694 3918 μονα-

169 3937 289 4006 χῶν,
326 3957 343 3989 ε
369 3937 602 4006 γενέσθω
654 3953 754 4000 σοι,
812 3937 1110 4006 καθὼςκαὶ
1164 3939 1504 4001 ἐπίστευσας.
1539 3960 1556 3990 ι
1589 3943 1694 3995 Καὶ

171 4031 353 4093 πάντες
403 4029 456 4082 δὲ
509 4031 558 4081 oi
607 4028 923 4096 ἀγαπῶντες
971 4027 1066 4099 τὴν
1112 4028 1380 4100 ἡμετέραν
1429 4031 1695 4084 εὐτέλειαν

171 4120 390 4187 πατέρες
435 4119 527 4172 καὶ
561 4117 776 4187 ἀδελφοὶ
819 4118 1327 4190 παρακληθήσονται
1375 4119 1506 4190 παρ’
1561 4122 1694 4190 ἐμοῦ

171 4208 549 4274 προσεύξασθαι
598 4210 832 4284 γνησίως
873 4195 1009 4280 ὑπὲρ
1054 4207 1161 4262 τῶν
1213 4209 1508 4280 δεηθέντων
1560 4210 1692 4279 βιω-

169 4312 340 4350 τικων.

3230 322 3338 386 ειε

2079 438 2261 496 XLIV.
2287 468 2354 478 —-
2383 435 2678 517 CYRlldD
2718 434 3066 490 MONACHO.

1867 530 2110 596 Quanam
2155 531 2365 584 ratione
2397 544 2619 598 parvum
2658 542 2779 582 esse
2809 534 3086 596 peccatum
3115 537 3345 584 conten-

1795 621 1879 674 dis
1902 661 1918 686 ,
1948 620 2108 688 cujus
2137 633 2300 673 causa
2342 618 2484 671 Deus
2539 617 2815 685 abjicitur,
2856 621 2910 668 et
2943 613 3081 667 Deus
3128 614 3343 669 divino.-

1793 698 1914 765 rum
1972 716 2365 778 praeceptorum
2420 705 2872 776 prmvaricatione
2939 705 3347 758 contemnitur?

1796 801 1921 856 Sive
1950 802 2095 856 enim
2127 799 2397 870 quispiam
2431 799 2608 854 virum
2650 796 2920 858 trucidet,
2951 795 3067 869 sive
3091 794 3345 864 infant".

1794 893 1906 946 lum
1951 891 2266 954 interimat,
2321 887 2591 942 homicida
2627 885 2806 940 modis
2846 885 3102 939 omnibus
3133 891 3244 946 est,
3292 871 3381 938 et.

1793 984 1961 1038 veluti
2015 980 2298 1035 homicidae
2351 980 2468 1032 dies
2527 976 2603 1030 illi
2656 975 2876 1038 dicitur,
2939 981 2994 1027 et
3032 988 3228 1028 nomen
3275 973 3344 1027 ad

1729 1087 1733 1090 '
1789 1073 2002 1143 judices
2054 1072 2315 1125 defertur.
2370 1067 2617 1133 Quanam
2673 1065 2838 1134 igitur
2891 1064 3104 1117 ratione
3158 1063 3390 1117 scelus.

1791 1174 1979 1234 patras
2005 1203 2019 1227 ,
2058 1179 2158 1232 pro
2187 1176 2294 1230 quo
2325 1174 2491 1226 regno
2524 1156 2788 1210 cmlorum
2823 1155 2971 1210 foras
2999 1153 3346 1209 extruderis?

2320 1248 2482 1302 XLV.
2506 1277 2573 1287 —-
2605 1246 2809 1299 Eidem.

1859 1343 1937 1398 Ne
1970 1354 2316 1404 murmures,
2352 1339 2424 1391 mi
2461 1338 2624 1389 homo
2657 1353 2670 1388 :
2708 1348 2886 1402 neque
2927 1333 3080 1387 enim
3118 1331 3346 1386 addecet

1792 1432 2119 1488 monachum
2157 1427 2548 1491 murmuratio,
2582 1426 2706 1480 licet
2729 1423 2962 1479 evidenti
2991 1423 3115 1476 vita:
3147 1421 3344 1476 discri-

1791 1521 2103 1585 mine,‘tibi
2143 1536 2170 1572 a
2213 1519 2553 1572 fraternitate
2619 1514 2922 1582 impositum
2980 1513 3343 1582 peragendum

1791 1613 1882 1669 sit.
1923 1630 1941 1663 ι
1979 1611 2081 1677 Qui
2115 1611 2258 1664 enim
2291 1623 2388 1662 vos
2417 1606 2603 1668 audit,
2659 1606 2732 1658 ait
2756 1645 2772 1667 ,
2814 1619 2898 1658 me
2926 1604 3116 1665 audit,
3163 1611 3216 1656 et
3249 1601 3343 1671 qui

1792 1717 1892 1754 vos
1922 1701 2161 1770 spernit,
2198 1713 2282 1754 me
2311 1697 2516 1764 spernit
2534 1694 2579 1726 “
2615 1713 2633 1746 ι
2669 1692 2735 1746 Et
2779 1692 3075 1764 Apostolus
3104 1689 3293 1744 scribit
3327 1707 3340 1742 :

1726 1770 1766 1823 Β
1801 1813 1818 1846 ι
1857 1792 1933 1848 Ne
1963 1787 2436 1845 murmuraveritis
2459 1825 2473 1848 ,
2507 1781 2962 1854 quemadmodum
2984 1795 3049 1834 ex
3082 1778 3345 1835 israelitis

1792 1885 1884 1953 qui
1905 1887 2336 1940 murmurarunt,
2356 1885 2410 1931 et
2427 1876 2706 1945 perierunt
2724 1871 3227 1926 abexterminatore
3239 1866 3303 1920 ".
3319 1885 3339 1918 ι

1791 1974 1976 2043 Itaque
2008 1973 2051 2028 si
2088 1971 2162 2023 tui
2199 1970 2349 2023 salus
2382 1981 2528 2020 cura:
2561 1964 2654 2018 tibi
2685 1970 2804 2025 est,
2837 1975 2995 2017 cessa
3033 1974 3065 2014 a
3094 1972 3339 2012 murmu-

1792 2063 2124 2118 rationibus.
2158 2057 2257 2112 Sin
2308 2059 2522 2119 minus,
2556 2052 2831 2122 quomodo
2902 2049 3106 2118 poteris
3135 2046 3198 2100 ad
3237 2047 3342 2099 Do-

1791 2153 2238 2203 minum-manus
2292 2142 2642 2212 protendere,
2682 2152 2980 2208 precesque
3031 2136 3343 2194 effundere,

1791 2249 1849 2294 ut
1882 2238 2176 2308 Apostolus
2201 2233 2483 2296 tradebat,
2510 2232 2718 2300 absque
2756 2229 2838 2282 ira
2868 2237 2921 2282 et
2950 2226 3343 2308 disputationi-

1791 2331 1895 2386 bus
1925 2299 2011 2382 ί³τ
2048 2325 2410 2381 Murmuratio
2441 2299 2676 2392 namque
2707 2299 3003 2375 iracundia:
3033 2318 3176 2372 fetus
3204 2324 3307 2371 est.

1937 2508 2094 2579 138
2124 2504 2306 2560 XLVI.
2338 2533 2404 2543 —
2434 2498 2821 2555 HELIODORO
2859 2496 3204 2552 MONACIIU.

1864 2601 2189 2667 Quicunque
2245 2594 2430 2649 multis
2468 2590 2749 2645 laboribus
2803 2595 2856 2642 et
2903 2585 3235 2647 sudoribus,
3292 2590 3345 2633 et

1793 2667 1958 2758 longo
2017 2695 2260 2755 tempore
2323 2697 2445 2736 cum
2502 2677 2872 2747 voluptatibus
2931 2672 3342 2732 conﬂictantcs,

1793 2780 2009 2834 tandem
2043 2775 2337 2844 aliquando
2370 2774 2445 2826 ita
2497 2769 2684 2824 animo
2731 2764 3029 2834 comparati
3081 2769 3236 2825 sunt,
3285 2768 3345 2813 ut

1793 2870 1962 2924 nullis
1991 2861 2492 2936 perturbationibus
2521 2863 2985 2913 commoveantur,
3016 2851 3082 2904 iis
3121 2864 3216 2919 per
3247 2864 3346 2903 nos

1794 2961 2028 3016 facultas
2083 2957 2190 3019 sit,
2245 2948 2691 3008 consuetudinem
2754 2956 3167 3010 sermonemque
3221 2954 3344 2992 cum

1797 3049 2119 3105 mulieribus
2163 3059 2282 3100 sese
2327 3037 2714 3097 exercentibus
2759 3035 2982 3087 habere.
3034 3030 3138 3109 Qui
3177 3043 3345 3095 vero,

1799 3151 1855 3194 ut
1883 3146 2003 3192 tute
2030 3151 2119 3198 es,
2153 3129 2538 3185 affectionibus
2570 3126 2635 3180 ad
2667 3128 2971 3194 voluptates
3008 3121 3192 3191 pronis
3223 3134 3350 3171 one-

1798 3238 2007 3290 rantur,
2044 3227 2118 3279 ab
2141 3223 2520 3290 hujuscemodi
2555 3211 3039 3285 periculosissimis
3064 3206 3347 3276 colloquiis

1801 3322 2112 3377 arceantur,
2149 3328 2214 3363 ne
2242 3309 2486 3379 proprias
2522 3304 2732 3357 animas
2761 3303 3072 3367 alienasque
3097 3297 3148 3348 in
3188 3296 3349 3348 bara-

1802 3411 1982 3463 thrum
2023 3403 2382 3474 praecipitent.
2427 3397 2647 3463 Absque
2670 3393 2812 3447 enim
2848 3389 3158 3444 necessario
3205 3400 3348 3448 usu,

1797 3509 1851 3555 et
1881 3498 1972 3568 qui
2013 3494 2204 3550 evitari
2255 3504 2360 3544 non
2397 3495 2603 3558 potest,
2639 3484 2924 3546 mulieres,
2961 3481 3076 3534 sive
3118 3478 3222 3531 illa:
3249 3474 3351 3530 sub

1792 3591 1977 3659 regula
1998 3627 2011 3649 .
2045 3587 2161 3641 sive
2189 3583 2376 3637 libera:
2407 3581 2572 3633 vitam
2601 3575 2810 3630 ducunt
2836 3613 2851 3635 ,
2889 3569 3215 3640 aspiciendae
3243 3581 3348 3618 non

1795 3649 1942 3736 siml.
1973 3673 2291 3731 Hominibus
2339 3677 2517 3721 autem
2564 3661 2961 3722 saacularibus,
3009 3656 3099 3737 qui
3148 3666 3247 3705 nos
3295 3649 3350 3702 in

1796 3767 2049 3838 proprias
2113 3760 2256 3815 aedes
2313 3757 2475 3812 etiam
2533 3753 2886 3806 adhortantes
2948 3745 3241 3801 advocant,
3294 3744 3351 3790 ut

1797 3827 2033 3930 pro-illis
2065 3867 2252 3923 preces
2284 3849 2389 3902 Deo
2443 3843 2732 3899 fundamus
2759 3882 2772 3904 ,
2809 3837 2938 3892 illud
2989 3827 3346 3930 Evangelii-in

1798 3915 2100 4018 dejectione
2127 3940 2292 3994 animi
2322 3935 2651 4004 respondere
2683 3930 2945 3982 debemus
2971 3942 2984 3976 :
3011 3921 3126 3974 Non
3151 3920 3184 3970 ii
3218 3915 3348 3969 mihi

1798 4014 1878 4094 in-
1905 4031 2200 4088 virtutibus
2242 4037 2564 4095 progressus
2606 4026 2733 4073 sunt
2758 4055 2772 4080 ,
2827 4023 2886 4069 ut
2928 4014 3148 4065 domum
3203 4017 3348 4061 tuam

1797 4127 2067 4182 introeam
2096 4118 2139 4148 ⁸³
2187 4134 2201 4169 :
2237 4118 2609 4167 verumtamen
2647 4122 2771 4160 cum
2804 4103 2858 4158 id
2913 4109 3068 4155 certo
3123 4108 3307 4152 teneas
3334 4135 3347 4155 .

1799 4213 2194 4271 monachorum
2227 4216 2412 4274 preces
2444 4200 2538 4252 tibi
2573 4197 2882 4265 adiumento
2917 4191 3155 4253 futuras,
3206 4204 3224 4236 ι
3259 4186 3350 4239 fiat

1796 4304 1931 4365 tibi,
1976 4300 2116 4352 sicut
2151 4290 2431 4348 credidisti
2453 4288 2520 4342 ⁸ο.
2563 4307 2580 4338 ι
2621 4285 2683 4340 Ει
2715 4299 2904 4339 omnes
2947 4283 3041 4352 qui
3108 4287 3346 4334 nostram

173 4389 415 4442 'mmem
453 4389 682 4464 diligunt
710 4395 892 4456 Patres
925 4387 1230 4459 ΐταιτεείιυθ
1255 4428 1268 4453 ,
1319 4405 1405 4446 me
1435 4399 1836 4462 Intercessore,
1867 4408 1971 4464 pro
1995 4387 2280 4459 requisitis
2313 4398 2343 4437 a
2405 4379 2762 4439 saecularibus
2814 4374 3051 4445 legitime
3111 4385 3174 4425 ac
3233 4368 3348 4423 sin-

172 4493 280 4534 cere
309 4462 472 4534 Deum
507 4480 963 4548 deprecabuntur.

481 4567 611 4623 MZ'.
637 4598 703 4610 -
733 4568 1023 4640 annuum
1054 4567 1350 4639 ΜΟΝΑΧῼ.

229 4654 506 4710 Βέλτιστον
546 4655 640 4710 νῦν
681 4656 1107 4724 ἐπιφθέγξασθαί
1160 4673 1241 4709 σοι
1293 4657 1354 4710 τὸ
1402 4658 1493 4710 τοῦ
1540 4660 1699 4728 Ἰερε-

175 4748 286 4816 μίου
316 4763 332 4777 ⁶
379 4766 398 4797 ι
436 4742 505 4798 Ὦ
543 4746 669 4807 λαδς
699 4745 876 4814 μωρὸς
923 4746 1014 4797 καὶ
1054 4745 1325 4814 ἁκάρδιος.
1379 4765 1397 4797 ι
1435 4747 1562 4799 Δέον
1588 4748 1697 4817 γὰρ

172 4835 503 4907 αἰσχύνεσθαί
534 4853 592 4889 σε
625 4835 716 4887 ἐπὶ
743 4837 853 4896 τοῖς
871 4833 1092 4901 φαύλοις
1121 4835 1426 4904 πράγμασι,
1465 4837 1557 4888 καὶ
1579 4839 1699 4900 ταῖς

173 4928 511 4992 κενοδοξίαις,
560 4925 651 4978 καὶ
677 4926 797 4986 ταῖς
830 4923 1247 4993 ἁθυροστομίαις
1270 4963 1285 4987 ,
1335 4924 1453 4976 τότε
1490 4925 1696 4996 πλήττῃ

172 5017 278 5076 ταῖς
310 5015 505 5084 χερσὶ,
545 5015 638 5068 καὶ
664 5015 782 5076 ταῖς
830 5011 1014 5074 ἄλλαις
1061 5012 1386 5082 ἀγερωχίαις
1431 5013 1697 5085 ἑναῦρύνῃ

177 5101 360 5172 μᾶλλον
393 5104 598 5166 τούτοις
620 5145 635 5167 ,
673 5109 778 5157 ’καὶ
819 5103 1021 5173 τέρπῃ,
1061 5103 1153 5154 καὶ
1183 5102 1273 5154 ἐπὶ
1302 5101 1516 5155 πάντων
1568 5121 1700 5156 καυ-

173 5190 341 5257 χᾶσαι,
373 5189 466 5240 καὶ
493 5191 730 5251 ἐπαινεῖς
760 5190 972 5253 σαυτὸν,
999 5187 1232 5257 δαψιλῶς
1264 5188 1525 5253 δοξάζεις.
1554 5190 1696 5243 Ἀλλ’

175 5278 498 5348 αἰσχύνθητι,
538 5280 702 5346 φησιν
727 5282 756 5332 ὁ
788 5281 940 5345 ἅγιος
985 5280 1264 5349 προφήτης
1294 5280 1358 5331 ὲκ
1408 5280 1697 5350 προσώπου

173 5367 256 5422 τοῦ
296 5366 453 5434 Θεοῦ,
504 5369 597 5420 καὶ
643 5367 772 5422 λάϐε
805 5369 901 5440 τὴν
947 5370 1166 5439 ἀτιμίαν
1200 5387 1320 5434 σου,
1352 5370 1497 5432 ὅπως
1525 5370 1590 5423 ἂν
1618 5373 1697 5435 είς

175 5457 506 5526 συναίσθησιν
529 5457 719 5526 ἐλθὼν,
758 5459 948 5513 σαυτὸν
981 5459 1235 5529 ἐπιγνῷς,
1278 5459 1371 5511 καὶ
1399 5461 1698 5527 καταγνοὺς

1724 4582 1771 4639 D

2064 4559 2246 4616 XLVII
2296 4587 2366 4597 --
2393 4549 2710 4608 LEONIDE
2738 4546 3086 4604 MONACHO.
3160 4608 3163 4609 ν

1869 4652 2143 4723 Optimum
2195 4643 2340 4701 nunc
2369 4645 2617 4714 equidem
2656 4653 2739 4697 est
2760 4679 2777 4705 ,
2811 4639 2942 4694 illud
2974 4638 3068 4691 tibi
3097 4633 3348 4689 Jeremiae

1791 4743 2006 4798 edicere
2036 4759 2051 4794 :
2081 4758 2099 4790 ε
2133 4737 2177 4793 Ο
2205 4736 2400 4808 popule
2444 4735 2607 4789 stulte
2630 4740 2684 4788 et
2712 4745 2906 4786 excors
2934 4731 2999 4780 ".
3037 4746 3056 4778 ι
3094 4726 3342 4796 Namque

1791 4848 1914 4888 cum
1945 4846 2084 4902 opus
2112 4841 2259 4885 esset
2281 4836 2334 4881 te
2361 4827 2555 4881 rubore
2584 4821 2822 4878 suffundi
2844 4860 2858 4882 ,
2889 4819 2959 4872 ob
2991 4832 3078 4871 res
3108 4832 3304 4886 pravas
3327 4857 3342 4880 ,

1793 4927 1850 4972 et
1875 4920 2093 4973 inanem
2135 4917 2408 4985 gloriam,
2460 4923 2510 4967 et
2551 4913 2752 4980 lingua:
2774 4907 3158 4977 petulantiam,
3213 4914 3346 4960 tunc

1794 5009 2050 5065 manibus
2079 5007 2293 5077 plaudis
2316 5043 2332 5068 ,
2367 5013 2422 5058 et
2455 5001 2582 5055 aliis
2612 5014 2706 5068 per
2739 5007 2791 5053 te
2819 4997 3114 5052 insolenter
3137 4998 3301 5068 gestis
3327 5033 3342 5059 ,

1797 5099 2052 5168 superbis
2081 5085 2133 5152 et
2177 5094 2507 5157 oblectaris,
2553 5099 2608 5148 et
2642 5098 2768 5144 ante
2801 5089 2941 5145 alios
2969 5089 3142 5158 iactas
3164 5126 3177 5148 ,
3206 5097 3264 5168 et
3293 5094 3345 5140 te

1801 5165 1957 5259 139
1995 5189 2246 5242 laudibus
2296 5181 2456 5240 effers
2481 5225 2498 5249 ,
2529 5189 2582 5238 et
2610 5180 3104 5238 abundantioribus
3137 5165 3346 5245 praeco-

1798 5280 1906 5333 niis
1936 5261 2175 5332 estollis.
2205 5274 2591 5331 Verumtamen
2631 5275 2828 5328 rubore
2855 5269 3184 5329 suffundere,
3216 5281 3343 5319 san-

1796 5377 1919 5424 ctus
1949 5367 2211 5437 prOphclu
2260 5382 2326 5422 ex
2376 5381 2606 5436 persona
2638 5364 2728 5419 Dei
2757 5363 2970 5417 clamat
3001 5374 3015 5410 :
3061 5355 3125 5408 Et
3155 5357 3345 5425 accipe

1795 5459 2149 5529 opprobrium
2199 5467 2352 5514 tuum
2396 5459 2464 5526 ",
2521 5464 2582 5511 ut
2622 5455 2832 5510 tandem
2881 5447 3174 5519 aliquando
3219 5463 3343 5518 per-

235 5599 280 5630 ι’
303 5597 439 5669 Luc.
467 5614 520 5658 ι,
547 5598 629 5652 i6.
704 5600 747 5632 ⁸⁷
774 5601 793 5655 l
823 5601 948 5657 Cor.
985 5619 1034 5664 κ,
1065 5603 1144 5654 ιο.
1220 5601 1263 5634 ³⁸
1297 5602 1314 5655 l
1346 5601 1580 5658 ‘l‘imoth.
1609 5618 1667 5669 ιι,
1696 5600 1714 5655 ε

1825 5600 1871 5633 ⁴¹
1893 5586 2026 5657 Luc.
2057 5617 2151 5667 vn,
2179 5600 2232 5657 6.
2264 5601 2311 5634 ⁸⁸
2331 5597 2512 5657 Matth.
2531 5598 2742 5661 vm,i5.
2817 5597 2858 5628 ⁸⁸
2887 5594 2992 5652 Jcr.
3025 5612 3080 5663 v,
3119 5591 3209 5646 2i.
3289 5591 3334 5623 ³³

177 5668 352 5724 Ezech.
396 5682 502 5736 avt,
551 5669 636 5722 52.
