4128 6340
690 363 789 429 219
1759 424 1763 428 .
2138 364 2200 421 's.
2245 361 2403 422 mu
3740 338 3851 400 εει)

695 473 994 530 sentiseens
1018 513 1033 532 .
1067 479 1117 525 te
1145 472 1318 540 ipsum
1346 486 1663 540 cognoscas,
1684 478 1739 525 et
1767 480 1856 524 tua
1883 472 2222 538 improbitate
2249 477 2296 532 Α
2319 472 2416 539 τῆς
2450 465 2644 520 σαυτοῦ
2678 461 2872 531 φαυλότ

2267 477 2296 532 ι
2319 472 2416 539 τῆς
2450 465 2644 520 σαυτοῦ
2678 461 3034 531 φαυλότητος,
3076 453 3303 546 δυνηθῇς
3325 447 3669 546 φωτισθῆναι
3692 463 3706 478 ·
3758 447 3857 546 δρα

687 562 1034 615 eondemnata
1068 539 1245 627 possis
1274 539 1585 613 illuminari.
1618 561 1855 628 Namque
1887 562 2075 613 animae
2104 574 2218 612 ma-
2316 559 2441 627 θρος
2464 556 2568 625 γὰρ
2595 553 2771 623 ψυχῆς
2796 552 2872 620 ᾲμ

2316 559 2344 611 θ
2354 575 2441 627 ρος
2464 556 2568 625 γὰρ
2595 553 2771 623 ψυχῆς
2796 546 3199 620 ἀμαρτημάτων
3247 541 3534 607 ἐπίγνωσις
3572 539 3663 587 καὶ
3685 539 3854 585 κατὰ·

690 651 918 703 tutinum
965 657 1047 701 est
1087 657 1432 715 peceatormn
1475 651 1745 718 cognitio,
1792 659 1842 705 et
1888 651 2218 706 condemna-
2317 662 2537 713 γνωσις,
2569 644 2663 695 καὶ
2701 640 2872 709 ἀρχὴε

2317 662 2537 713 γνωσις,
2569 644 2663 695 καὶ
2701 640 2841 709 ἀρχὴ
2867 632 3155 704 σωτηρίας.

688 741 763 793 ιίυ
786 779 799 802 ,
840 749 891 792 et
930 738 1117 793 salutis
1152 739 1497 806 principium.

680 818 690 828 ’
1342 827 1564 881 XLVIII.
2172 880 2177 881 ,

761 916 868 967 Deo
901 923 1044 968 tuam
1084 916 1506 971 imbecillitatem
1560 916 1762 970 fateare
1785 956 1799 979 ,
1837 925 1897 969 ut
1929 915 2013 970 vis
2043 914 2226 985 gratia:

690 1006 1008 1072 splendeat,
1048 1017 1101 1060 et
1134 1019 1295 1073 supra
1323 1016 1569 1060 naturam
1603 1004 1823 1058 Domini
1849 1005 2099 1059 voluntas
2136 1005 2228 1057 mi-

690 1095 875 1146 racula
907 1095 1123 1149 eﬂiciat.

742 1201 922 1256 XLIX.
955 1202 1454 1257 -ΑῌΞΧᾹΝΠΒΟ
1494 1201 1815 1257 ΜΟΝᾹΟΠΟ
1854 1202 1939 1256 EX
1974 1200 2196 1257 GRAM-

3011 824 3150 877 Mll'.

2401 919 2759 988 Ὀμολόγησον
2790 915 2865 985 τῷ
2898 913 3014 984 Θεῷ
3050 913 3143 982 τὴν
3189 908 3385 964 σαυτοῦ
3427 904 3735 965 ἀσθένειαν,
3770 904 3855 953 ἵνα

2321 1010 2382 1062 τὸ
2432 1008 2650 1061 δυνατὸν
2707 1004 2957 1075 ἀστράψῃ
3009 1002 3105 1069 τῆς
3153 999 3413 1069 χάριτος,
3464 994 3554 1046 καὶ
3605 992 3856 1071 ἐπέκεινα

2325 1097 2533 1165 φύσεως
2564 1093 3015 1163 θαυματουργήσῃ
3039 1090 3098 1141 τὸ
3134 1086 3449 1139 Δεσποτικδν
3479 1082 3740 1153 βούλημα.

2326 1204 2529 1260 Μθπ-
2567 1197 3300 1269 ΑΛΕΞΑΝΔΡῼάιιοξᾼΧῼ
3362 1196 3497 1248 Αιιο
3544 1190 3855 1244 ruam-\-

1331 1270 1606 1323 MATICO.
2935 1264 2949 1269 ⁷
2975 1264 3205 1318 ΤίΚΩΝ.

766 1379 783 1410 ι
826 1346 1157 1417 Venite.ait
1188 1361 1443 1429 propheta
1469 1401 1484 1423 ,
1521 1370 1575 1412 et
1610 1360 1971 1413 ascendamus
1999 1361 2051 1412 in
2079 1375 2231 1412 mon-
2404 1380 2422 1413 ι
2455 1360 2567 1414 Δεῖν
2593 1377 2614 1412 ε
2639 1398 2655 1422 ,
2686 1358 2872 1428 φησιν

2404 1380 2422 1413 ι
2455 1360 2567 1414 Δεῖν
2593 1377 2614 1412 ε
2639 1398 2655 1422 ,
2686 1358 2847 1428 φησὶν
2871 1358 2900 1410 6
2934 1355 3233 1425 προφήτης,
3267 1352 3358 1404 καὶ
3386 1348 3669 1417 ἀναδῶμεν
3697 1348 3774 1408 είς
3801 1343 3865 1395 τὸ

691 1456 797 1503 tem
830 1449 1032 1501 Domini
1056 1451 1126 1499 ⁵³.
1178 1469 1194 1498 ι
1235 1448 1349 1501 Non
1385 1456 1563 1501 autem
1594 1488 1608 1511 ,
1644 1448 1832 1501 Venite
1862 1456 1915 1502 et
1960 1464 2058 1502 nos
2107 1463 2234 1516 prato
2330 1452 2451 1517 ὅρος
2486 1448 2572 1499 τοΓ
2616 1446 2835 1516 Κυρίου.

2330 1452 2451 1517 ὅρος
2486 1448 2572 1499 τοΓ
2616 1446 2835 1516 Κυρίου.
2874 1463 2892 1496 ›
2929 1440 3263 1511 οὐχὶ,ηΔεΰτε
3287 1480 3302 1503 ,
3356 1438 3448 1490 καὶ
3490 1450 3860 1503 κατακρημνι-

700 1539 893 1605 eipites
925 1538 1243 1603 dejiciamns
1277 1539 1327 1589 in
1360 1537 1652 1590 adversarii
1690 1538 2000 1605 voraginem
2050 1556 2063 1591 :
2101 1539 2233 1590 nihil
2335 1539 2545 1606 σοῶμεν
2595 1537 2669 1599 είς
2704 1534 2807 1609 τὴν.
2846 1552 2872 1586 τ

2335 1539 2545 1606 σθῶμεν
2595 1537 2669 1599 είς
2704 1534 2807 1609 τὴν.
2846 1532 2939 1586 τοῦ
2984 1529 3174 1599 ἐχθροῦ
3220 1529 3492 1598 φάραγγα.
3547 1525 3708 1577 Οὐδὲν
3754 1523 3862 1589 γάρ

694 1629 838 1681 enim
865 1668 880 1690 ,
935 1639 993 1680 ιιι
1027 1644 1210 1680 verum
1265 1629 1456 1690 fatear,
1491 1628 1753 1696 terrigena
1798 1629 2060 1696 sapientia
2110 1644 2235 1697 pro-
2334 1625 2541 1693 ἀληθῶς
2583 1626 2811 1694 ὑπάρχει
2852 1640 2872 1674 ι

2334 1625 2541 1693 ἀληθῶς
2583 1626 2811 1694 ὑπάρχει
2852 1620 3153 1690 κοιλότερον
3195 1618 3293 1686 τῆς
3342 1615 3607 1685 κοσμικῆς
3651 1612 3857 1681 σοφίας,

696 1717 921 1771 fitndius
947 1756 961 1775 .
992 1717 1301 1786 depressius
1327 1759 1342 1783 ,
1382 1718 1678 1782 humilius;
1728 1718 1853 1771 licet
1900 1719 2236 1786 impudenter
2266 1775 2300 1786 ﬁ
2333 1716 2449 1767 οὐδὲ
2491 1711 2872 1784 χθαμαλώτερό

2267 1775 2300 1786 ﬁ
2333 1716 2449 1767 οὐδὲ
2491 1711 2904 1784 χθαμαλώτερόν
2931 1726 2989 1762 τε
3011 1749 3025 1770 ,
3057 1710 3150 1761 καὶ⁵
3190 1703 3713 1777 χαμαιπετέστερον,
3760 1699 3861 1752 κᾶν

697 1806 829 1859 satis
875 1806 929 1858 in
979 1807 1145 1857 altum
1197 1807 1409 1858 vo!atus
1461 1806 1706 1858 attollere
1732 1820 1861 1859 suos
1895 1808 2230 1874 proﬁteatur.
2266 1775 2305 1829 Β
2332 1804 2392 1864 ἐξ
2427 1801 2801 1871 ἀναισχυντίας
2833 1801 2872 1852 i1

2267 1775 2305 1829 Β
2332 1804 2392 1864 ἐξ
2427 1775 2801 1871 ἀναισχυντίας
2817 1775 3085 1852 ⁷ἱπτᾶοθαι
3122 1775 3281 1864 δῆθεν
3315 1794 3489 1863 ὑψηλά
3531 1790 3862 1858 ἐπαγγέλλη-

696 1895 1033 1961 Quapropter
1080 1893 1297 1946 divinus
1352 1895 1526 1945 aiebat
1558 1894 1895 1961 Apostolus:
1952 1912 1971 1943 ι
2010 1894 2235 1960 Sapien-

699 1982 826 2033 tiam
857 1982 1040 2033 mundi
1082 1983 1242 2048 hujus
1272 1998 1391 2036 esse
1422 1984 1702 2035 stultitiam
1730 1984 1869 2051 apud
1907 1982 2070 2037 Deum
2098 1984 2164 2036 “.
2212 2004 2230 2037 ι

700 2073 833 2125 Cum
864 2073 1004 2124 enim
1056 2073 1289 2125 mundus
1320 2088 1413 2140 per
1457 2072 1774 2140 sapientiam
1821 2070 1981 2124 Deum
2009 2088 2115 2124 non
2146 2086 2236 2125 co-

700 2163 977 2231 gnovisset
996 2201 1010 2225 ,
1056 2162 1195 2215 Deus
1224 2162 1534 2229 sapientum
1560 2162 1837 2214 scientiam
1870 2162 2086 2215 stultam
2114 2163 2237 2214 red-

700 2251 835 2303 didit
863 2290 876 2310 ,
909 2251 1124 2318 eloquio
1161 2266 1219 2302 ac
1246 2251 1485 2303 dictione
1536 2252 1790 2312 rudibus,
1837 2252 2195 2318 cognitionem
2221 2292 2234 2314 ,

702 2341 755 2395 in
804 2354 907 2406 qua
953 2339 1134 2391 nullus
1183 2352 1335 2389 error
1382 2338 1788 2393 admittebatur.
1841 2337 2237 2405 possidentibus

700 2426 991 2493 apostolis,
1045 2426 1286 2479 subdens
1332 2427 1614 2480 universas
1657 2436 1879 2494 gentes,
1922 2437 1975 2480 et
2024 2441 2235 2480 omnem

700 2515 940 2583 linguam
983 2514 1289 2568 Graecorum
1316 2522 1368 2567 ct
1393 2515 1759 2568 barbarorum.
1782 2514 2239 2583 llincquicunquc

700 2602 914 2670 pietatis
947 2602 1277 2672 prmeonium
1330 2602 1697 2670 amplectitur,
1731 2605 1858 2657 totis
1900 2605 2105 2657 viribus
2156 2606 2237 2654 iu-

701 2692 908 2745 eumbit
932 2733 947 2755 ,
985 2691 1354 2759 apostolorum
1397 2691 1598 2754 regulis
1626 2692 2030 2761 obtemperans,
2062 2704 2117 2744 ut
2149 2708 2237 2745 eo—

703 2795 825 2832 rum
874 2779 1091 2833 dicendi
1139 2777 1363 2832 formam
1399 2780 1661 2844 ι’λιίείίδίῐρ
1692 2790 2031 2848 asseqnatur,
2065 2783 2239 2835 nullo-

702 2884 806 2937 que
840 2867 995 2937 140
1023 2867 1178 2921 modo
1213 2868 1281 2922 ab
1305 2882 1490 2921 eorum
1518 2866 1718 2921 illibata
1745 2870 2036 2924 traditione
2075 2871 2239 2924 delle-

701 2964 830 3011 ctat.
890 2958 1347 3011 Absurdissimum
1395 2957 1576 3025 itaque
1605 2958 1805 3020 fuerit,
1860 2975 1996 3021 nos.
2048 2961 2137 3029 qui
2175 2964 2237 3013 ad

704 3056 941 3101 montem
986 3046 1213 3101 excelsa:
1244 3054 1296 3099 et
1328 3046 1648 3100 Christianae
1674 3047 2025 3115 philosophiae
2055 3063 2242 3102 ascen-

705 3134 887 3187 dimus
910 3176 924 3196 ,
961 3144 1082 3202 post
1114 3136 1391 3205 gentilium
1417 3135 1653 3204 ejuratas
1693 3139 2020 3205 praestigias,
2057 3146 2109 3194 et
2146 3154 2241 3193 co-

706 3238 826 3275 rum
857 3225 1127 3275 tumidum
1172 3226 1381 3277 dicendi
1419 3242 1586 3290 genus
1625 3228 1964 3281 exsibilatum
1991 3269 2005 3290 ,
2054 3244 2240 3284 rursus

706 3307 774 3361 ad
803 3307 978 3361 inanis
1006 3309 1186 3376 gloria:
1235 3312 1460 3377 vanique
1492 3313 1651 3364 attulii
1685 3315 2238 3371 tenebricosissimmt

708 3398 1003 3450 convallem
1055 3398 1342 3464 protrudi,
1393 3407 1446 3451 et
1494 3401 1773 3467 prudentia
1813 3402 1923 3468 jam
1979 3404 2242 3470 perfectos

708 3484 890 3538 denuo
935 3485 1339 3550 rejurenescere
1364 3527 1378 3548 ,
1412 3498 1466 3541 et
1494 3488 1666 3540 instar
1707 3486 2087 3542 inlantulorum
2121 3506 2241 3545 car-

712 3569 857 3621 mina
876 3608 889 3630 ,
922 3570 1240 3637 iambosque
1262 3574 1476 3625 maximi
1508 3576 1772 3629 mstimare
1793 3615 1808 3638 ,
1844 3577 2036 3643 quibus
2064 3579 2241 3631 nullus

711 3659 970 3728 indiguit,
990 3670 1169 3727 neque;
1194 3661 1382 3727 Apollo
1418 3664 1811 3719 Alexandrinus
1840 3665 2071 3721 disertus
2099 3710 2112 3733 ,
2146 3683 2243 3736 po-

715 3758 828 3799 tum
862 3748 1062 3801 Christi
1119 3750 1401 3819 discipulis
1447 3751 1738 3813 exhibens,
1790 3770 1962 3822 neque
2000 3757 2243 3811 Clemens

713 3835 987 3888 llomanus
1032 3836 1415 3907 philosophus,
1467 3855 1640 3907 neque
1694 3845 1958 3897 innumeri
2004 3847 2094 3899 alii
2132 3864 2242 3899 ma-

718 3924 873 3990 gistri
905 3926 1124 3979 virtutis
1145 3967 1161 3993 ,
1210 3934 1266 3980 ct
1313 3929 1698 3995 grammatistm
1728 3931 2086 3999 apostolorqu
2116 3950 2241 3987 suc-

714 4026 958 4066 ressores
1003 4031 1018 4078 ;
1058 4030 1123 4067 nc
1152 4016 1339 4068 metris
1365 4026 1416 4070 et
1441 4017 1767 4073 carminibus
1790 4035 2002 4075 crucem
2036 4020 2242 4076 Domini

720 4110 1044 4152 eraeuareut
1068 4140 1081 4163 ,
1116 4109 1168 4153 et
1210 4110 1396 4154 contra
1426 4103 1660 4157 divinam
1708 4107 1871 4173 legem
1896 4146 1913 4172 ,
1946 4111 2045 4163 mel
2086 4126 2245 4178 super

717 4188 886 4242 altare
914 4188 1104 4243 oll‘erre
1121 4190 1641 4259 deprehenderentur
1677 4193 1741 4249 ⁸⁵.
1772 4213 1791 4246 ι
1816 4195 1917 4249 Mel
1943 4198 2084 4250 enim
2111 4214 2139 4252 c
2169 4200 2245 4250 la-

718 4277 820 4329 biis
841 4279 1077 4331 mulieris
1098 4280 1392 4334 meretricis
1410 4282 1631 4335 distillat
1647 4283 1851 4349 ⁵⁶,›Ιιοο
1870 4293 1951 4339 est
1966 4287 2242 4355 gentilium

2331 1912 2440 1947 ται.
2483 1893 2573 1944 Διό
2606 1907 2767 1960 φησιν
2811 1891 2840 1942 6
2887 1889 3025 1951 θεῖος
3062 1884 3374 1945 ’Δπόστολος
3395 1925 3408 1946 ,
3442 1883 3522 1934 ὅτι
3553 1898 3572 1931 t
3613 1874 3676 1931 Ἦ
3707 1879 3862 1946 σοφία

2332 1984 2423 2037 τοῦ
2469 1983 2671 2050 κόσμου
2716 1980 2902 2031 τούτου
2936 1977 3115 2045 μωρία
3160 1974 3308 2041 παρά
3350 1971 3427 2040 τῷ
3469 1969 3585 2038 Θεῷ
3631 1970 3796 2020 ὲστιν.
3838 1984 3855 2016 ι

2346 2072 2559 2142 Ἐπειδὴ
2583 2071 2689 2142 γὰρ
2713 2070 2741 2120 ὁ
2768 2068 2964 2137 κόσμος
3010 2065 3111 2117 οὐκ
3145 2064 3287 2131 ἔγνω
3327 2063 3412 2114 διὰ
3436 2062 3535 2129 τῆς
3562 2057 3751 2124 σοφίας
3772 2054 3863 2106 τὸν

2333 2162 2481 2225 Θεὸν,
2512 2160 2786 2231 ἐμώρανεν
2811 2160 2838 2211 6
2875 2156 3004 2218 Θεδς
3039 2154 3137 2222 τὴν
3170 2152 3358 2219 σοφίαν
3380 2150 3490 2201 τῶν
3518 2147 3715 2215 σοφῶν,
3752 2148 3862 2207 τοῖς

2337 2250 2567 2311 ίδιώταις
2598 2250 2695 2317 μὲν
2720 2250 2786 2317 τῇ
2821 2246 3035 2315 φράσει,
3064 2243 3124 2294 τὸ
3148 2242 3475 2293 ἀδιάπτωτον
3499 2237 3555 2288 δὲ
3587 2235 3725 2286 κατά
3764 2232 3863 2300 τὴν

2334 2340 2531 2406 γνῶσιν
2580 2337 2789 2405 ἔχουσιν
2838 2331 3188 2392 ἀποστόλοις,
3236 2326 3504 2388 ὑποτάξας
3553 2325 3657 2375 πᾶν
3692 2321 3862 2382 ἔθνος,

2337 2429 2429 2481 καὶ
2482 2429 2656 2479 πᾶσαν
2721 2423 2967 2491 γλῶσσαν
3004 2419 3264 2487 Ἑλλήνων
3291 2434 3381 2481 τε,
3424 2416 3514 2466 κα)⁵
3558 2411 3861 2481 βαρϐάρων.

2340 2516 2497 2569 Ὅθεν
2541 2514 2765 2575 ἕκαστος
2813 2512 2918 2565 τῶν
2967 2510 3043 2578 τῷ
3089 2507 3397 2577 κηρύγματι
3446 2505 3542 2572 τῆς
3594 2500 3865 2561 εὐσεϐείας

2337 2603 2692 2673 προσιόντων,
2744 2600 2974 2667 σπουδὴν
3022 2599 3198 2650 πᾶσαν
3247 2594 3479 2652 τίθεται,
3521 2593 3629 2652 τοῖς
3681 2590 3866 2642 κανόσι

2336 2692 2442 2744 τῶν
2486 2688 2790 2743 ἀποστόλων
2836 2687 3117 2755 ἑπόμενος,
3159 2684 3249 2735 τόν
3294 2682 3511 2734 ἐκείνων
3550 2678 3869 2747 χαρακτῆρα

2340 2783 2432 2833 σῦν
2456 2779 2704 2848 ἀκριϐείᾳ
2729 2775 3024 2845 μιμεῖσθαι,
3048 2774 3139 2827 καὶ
3161 2773 3403 2841 μηδαμοῦ
3425 2766 3868 2837 παρατρέπεσθαι

2336 2872 2433 2938 τῆς
2461 2870 2680 2922 ἐκείνων
2706 2867 2931 2935 ἀμώμου
2961 2863 3320 2935 παραδόσεως.
3353 2861 3471 2912 Τῶν
3515 2860 3870 2912 ἀτοπωτάτων

2338 2959 2511 3011 τοίνυν
2559 2955 2624 3009 ἂν
2660 2954 2746 3022 εἴη
2772 2995 2785 3017 ,
2823 2953 3122 3022 προϐάντας
3152 2952 3294 3019 ἡμᾶς
3338 2948 3413 3018 τῷ
3457 2948 3570 3016 ὄρει
3602 2947 3699 3015 τῆς
3728 2947 3870 2998 κατά

2267 3066 2309 3125 C
2339 3047 2569 3119 Χριστὸν
2623 3044 2829 3113 ὑψηλῆς
2882 3041 3217 3110 φιλοσοφίας,
3282 3039 3417 3108 μετά
3470 3038 3528 3090 τὸ
3581 3037 3871 3090 διαπτῦσαι

2338 3139 2434 3209 τὴν
2472 3135 2780 3204 Ἑλληνικὴν
2822 3133 3102 3202 τερθρείαν
3130 3170 3145 3194 ,
3196 3130 3287 3183 καὶ
3319 3128 3575 3198 ἀτιμάσαι
3604 3129 3700 3194 τὴν
3730 3144 3868 3195 κομ-

2338 3227 2541 3297 πῳδίαν
2584 3224 2779 3286 αὐτῶν,
2825 3223 2982 3275 πάλιν
3014 3224 3090 3281 είς
3122 3221 3216 3289 τὴν
3248 3220 3345 3286 τῆς
3370 3216 3729 3285 κουφοδοξίας,
3774 3216 3868 3267 καὶ

2338 3316 2437 3383 τῆς
2471 3311 2850 3382 ματαιοπονίας
2896 3308 3291 3377 καταφέρεσθαι
3336 3306 3737 3374 σκοτεινοτάτην
3770 3307 3871 3372 φά-

2340 3421 2546 3476 ραγγα,
2591 3403 2685 3455 καὶ
2722 3402 2845 3463 τοὺς
2872 3400 3102 3461 τελείους
3144 3400 3239 3467 τὴν
3285 3398 3454 3466 φρένα
3491 3397 3646 3451 πάλιν
3675 3398 3869 3449 παιδα-

2342 3493 2629 3563 ριεύεσθαι,
2661 3492 2752 3545 καὶ
2778 3489 2929 3557 δίκην
2974 3488 3267 3558 μειρακίων
3315 3488 3439 3554 περὶ
3474 3486 3660 3539 πολλοῦ
3701 3488 3870 3537 ποιεῖς

2342 3582 2461 3633 σθαι
2499 3582 2566 3632 τὰ
2614 3581 2751 3648 ἔπη,
2792 3580 2885 3631 καὶ
2924 3579 3045 3640 τοὺς
3087 3578 3339 3647 ἰάμϐους,
3377 3571 3449 3628 ὧν
3486 3576 3671 3645 χρείαν
3696 3574 3868 3635 οὐδεὶς

2342 3666 2513 3735 ἔσχεν,
2542 3668 2641 3718 οὐκ
2686 3666 2949 3725 Ἀπολλὼς
2994 3667 3020 3716 6
3064 3665 3430 3729 Ἀλεξανδρεὺς
3456 3663 3629 3727 λόγιος
3663 3662 3690 3713 6
3721 3677 3870 3712 ποτι-

2343 3754 2469 3822 στὴς
2492 3754 2598 3805 τῶν
2626 3753 2855 3823 Χριστοῦ
2886 3752 3154 3820 μαθητῶν,
3184 3753 3242 3803 οὐ
3272 3752 3494 3819 Κλήμης
3520 3752 3549 3803 6
3590 3750 3871 3819 Ῥωμαίων

2342 3844 2643 3911 φιλόσοφος,
2671 3843 2767 3915 οὐκ
2797 3842 2941 3894 ἄλλοι
2969 3842 3147 3910 μυρίοι
3172 3841 3462 3908 φιλόσοφοι,
3494 3840 3585 3893 καὶ⁸
3609 3856 3869 3910 γραμμα-

2340 3932 2517 3985 τισταὶ
2561 3932 2797 4000 δευτεροι
2828 3931 2933 3983 τῶν
2964 3930 3267 3982 ἀποστόλων
3312 3930 3620 3998 λεγόμενοι,
3662 3930 3746 3980 ἶνα
3795 3927 3871 3994 μὴ

2339 4022 2427 4075 διὰ
2473 4020 2562 4073 τοῦ
2614 4021 2841 4088 μέτρου,
2896 4020 2986 4071 καὶ
3026 4021 3121 4086 τῆς
3153 4020 3429 4079 ὲποποιῖας
3466 4018 3739 4071 κενώσωσι
3778 4014 3872 4065 τὸν

2343 4110 2565 4177 σταυρδν
2595 4104 2686 4160 τοῦ
2718 4108 2953 4176 Κυρίου,
2999 4110 3089 4158 καὶ
3116 4107 3400 4175 φωραθῶσι
3431 4106 3573 4174 παρὰ
3608 4105 3696 4157 τὸν
3731 4104 3871 4157 θεῖον

2342 4200 2500 4267 νόμον
2550 4198 2610 4250 τὸ
2661 4197 2778 4263 μέλι
2810 4196 3163 4264 ἀναφέροντες
3205 4196 3296 4246 ἐπὶ
3346 4196 3405 4246 τὸ
3471 4196 3867 4265 θυσιαστήριον.

2349 4308 2366 4339 ι
2390 4288 2523 4340 Μέλι
2556 4285 2661 4355 γὰρ
2682 4285 2965 4348 ἀποστάζει
2986 4284 3311 4353 ἀπὸχειλὲων
3328 4286 3576 4352 γυναικὸς
3606 4286 3827 4355 πόρνης,
3844 4308 3860 4334 ο

720 4368 1002 4420 verborum
1052 4375 1243 4418 ornatu
1271 4376 1326 4421 et
1357 4369 1640 4435 splendore
1666 4411 1681 4435 ,
1720 4376 1997 4440 qua:_satis
2024 4393 2243 4444 persua-
2275 4376 2316 4428 Ι)
2344 4376 2539 4445 δηλαδὴ
2586 4377 2681 4445 τῆς
2723 4375 2872 4444 Ἑλλή

2275 4376 2316 4428 Ι)
2344 4376 2539 4445 δηλαδὴ
2586 4377 2681 4445 τῆς
2723 4375 2983 4444 Ἑλλήνων
3008 4375 3382 4438 καλλιεπείας,
3437 4376 3553 4445 ἥτις
3606 4379 3669 4444 τῇ
3704 4374 3869 4443 πολλῇ

719 4458 875 4509 dente
922 4457 1311 4512 consuetudine
1338 4498 1352 4522 ,
1389 4458 1664 4527 decipiens
1719 4462 1881 4514 stulte
1928 4462 2204 4530 deceptum
2231 4504 2246 4527 ,

722 4552 781 4596 ut
807 4546 882 4595 ait
914 4544 1161 4599 Salomon
1182 4588 1196 4610 ,
1236 4548 1547 4618 laqueisque
1575 4564 1636 4602 ex
1669 4549 1827 4602 labiis
1856 4551 2057 4603 exortis
2098 4553 2248 4603 colli-

721 4644 854 4703 gat,
907 4648 971 4687 ac
1017 4634 1194 4687 divina
1242 4638 1580 4706 ριιίίοεονιιία
1609 4640 1929 4702 extrudens,
1986 4641 2036 4693 in
2075 4642 2244 4708 ipsum

723 4725 968 4791 laqueum
996 4731 1050 4777 et
1080 4722 1133 4777 in
1191 4725 1514 4792 profundum
1583 4728 1773 4780 inferni
1815 4731 2006 4783 misere
2039 4740 2247 4799 talltum

723 4815 1033 4882 prmcipitat.
1072 4814 1147 4870 Ne
1189 4814 1371 4881 itaque
1400 4816 1654 4869 'numeris
1697 4820 1972 4881 attendas,
2016 4821 2141 4874 licet
2193 4822 2243 4872 in

723 4917 816 4954 eos
846 4903 1024 4955 animo
1081 4905 1432 4973 propensiore
1473 4907 1589 4966 sis,
1627 4906 1892 4973 nimisque
1945 4910 2050 4963 illis
2095 4909 2248 4962 addi-

726 5002 847 5045 erus
875 5031 889 5053 ,
942 5008 1007 5045 ne
1045 4994 1282 5049 divinum
1336 4995 1701 5064 apostolorum
1730 4996 2088 5051 characterem
2119 5000 2250 5051 abo-

726 5081 875 5145 lens,
903 5098 1056 5149 quem
1088 5084 1239 5136 avide
1291 5085 1450 5138 nimis
1488 5093 1641 5139 antea
1666 5085 1961 5153 exprimere
1985 5082 2249 5153 elegeras,

731 5168 800 5219 in'
826 5176 1113 5221 extremam
1160 5170 1550 5225 deformitatem
1584 5174 1786 5227 incidas
1811 5211 1826 5237 ,
1853 5181 2012 5241 atque
2041 5173 2252 5227 innote—

731 5271 848 5309 scas
875 5295 888 5317 ,
929 5273 1114 5325 parum
1147 5261 1239 5314 tibi
1269 5277 1411 5315 cura:
1437 5277 1555 5316 essa
1584 5266 1805 5317 salutem
1838 5275 1981 5318 tuam
2024 5275 2241 5333 propter

731 5343 961 5395 studium
1007 5346 1339 5413 carminum;
1380 5348 1741 5417 prmjudicium
1783 5367 1937 5415 vero,
1989 5362 2042 5406 et
2085 5359 2242 5421 typus

730 5438 781 5482 ιι
812 5430 1030 5497 laqueus
1064 5435 1179 5489 aliis
1214 5435 1307 5487 tias
1334 5474 1348 5498 ,
1378 5438 1465 5505 qui
1516 5438 1891 5504 innnorigcrati
1922 5480 1936 5503 ,
1979 5421 2109 5493 viles
2162 5455 2245 5493 se—

802 5604 845 5633 "
891 5603 990 5658 lsa.
1045 5608 1103 5666 il,
1160 5608 1207 5657 3.

2344 4466 2537 4531 πιθανῇ
2584 4464 2763 4530 ὁμιλίᾳ
2813 4464 3130 4527 ἐξαπατῶσα
3162 4464 3249 4514 τὸν
3308 4463 3696 4530 κομψευθέντα,
3730 4463 3874 4515 καθά

2343 4570 2502 4622 φησιν
2526 4553 2553 4603 6
2575 4550 2841 4619 Σολομὼν,
2876 4553 3085 4621 βρόχοις
3112 4567 3168 4601 τε
3194 4552 3302 4612 τοῖς
3330 4550 3433 4602 ἀπὸ
3459 4550 3673 4619 χειλέων
3707 4568 3871 4601 κατα·

2348 4640 2550 4711 δεσμεῖ,
2586 4641 2675 4693 καὶ
2700 4640 2959 4705 ἐξοκεῖλαι
3011 4640 3461 4709 παρασκευάσασα
3491 4639 3588 4707 τῆς
3612 4640 3702 4691 τοῦ
3736 4640 3869 4693 Θεοῦ

2339 4730 2672 4799 φιλοσοφίας,
2698 4730 2778 4791 εἰς
2806 4729 2936 4781 αὐτὸ
2957 4730 3017 4782 τὸ
3046 4729 3324 4798 πέταυρον,
3359 4731 3448 4782 καὶ
3477 4732 3549 4791 είς
3581 4729 3740 4783 αὐτὸν
3771 4732 3863 4783 τὸν

2341 4820 2583 4887 πυθμένα
2625 4817 2716 4870 τοῦ
2768 4818 2889 4887 ᾅδου
2925 4817 3272 4881 καταϐιϐάζει
3313 4820 3401 4870 τὸν
3432 4819 3622 4878 ἀθλίως
3652 4819 3865 4871 ἁλόντα.

2344 4909 2432 4977 Μὴ
2468 4908 2642 4959 τοίνυν
2682 4907 2796 4958 θέλε
2831 4908 3176 4975 προσανέχειν
3198 4906 3273 4974 τῷ
3308 4908 3503 4974 μέτρῳ,
3532 4906 3632 4957 κᾶν
3668 4909 3715 4958 εἰ
3742 4906 3868 4958 λίαν

2346 5001 2477 5072 πρὸς
2506 4999 2633 5050 αὐτὸ
2678 4998 2955 5065 συνήθειαν
2987 4998 3079 5049 καὶ
3108 4997 3292 5065 ἵμερον
3335 4997 3623 5066 κέκτησαι,
3674 4999 3759 5050 ἵνα
3792 4999 3868 5069 μὴ

2344 5089 2604 5155 ἀφανίσας
2648 5086 2755 5137 τῶν
2787 5086 2974 5137 ἀλιέων
3010 5085 3097 5135 τὸν
3149 5085 3285 5135 θεῖον
3318 5086 3632 5155 χαρακτῆρα
3654 5126 3669 5150 ,
3699 5087 3869 5157 ὅνπερ

2349 5179 2443 5229 σὺν
2466 5177 2608 5245 πόθῳ
2642 5175 2816 5243 πολλῷ
2847 5173 3030 5242 πρώην
3057 5174 3421 5242 ἀναμάξασθαι
3452 5176 3702 5244 προείλω,
3732 5177 3869 5243 πρὸς

2347 5266 2443 5333 τὴν
2472 5267 2699 5334 ἐσχάτην
2739 5264 2834 5334 μὲν
2863 5264 3093 5333 ὲκπέσῃς
3120 5264 3384 5333 ἀμορφίαν
3407 5305 3420 5327 ,
3451 5265 3601 5331 δῆλος
3643 5264 3696 5314 δὲ
3735 5264 3869 5334 γένῃ

2347 5352 2554 5421 ἀμελῶν
2581 5356 2671 5420 τῆς
2713 5352 2904 5405 σαυτοῦ
2936 5354 3201 5417 σωτηρίας
3248 5352 3335 5404 διὰ
3370 5355 3463 5419 τῆς
3494 5353 3617 5421 περὶ
3656 5352 3722 5404 τά
3761 5353 3869 5417 ἔπη

2352 5441 2575 5509 σπουδῆς
2597 5482 2610 5505 ,
2644 5443 2917 5511 πρόκριμα
2960 5443 3013 5495 δὲ
3040 5481 3052 5505 ,
3086 5445 3176 5495 καὶ
3214 5441 3373 5503 τύπος
3399 5480 3411 5505 ,
3456 5442 3543 5493 καὶ
3572 5441 3733 5509 παγίς
3761 5440 3870 5494 δει-

1286 5610 1326 5639 ³⁴⁸
1370 5609 1385 5661 l
1426 5609 1548 5661 Cor.
1592 5624 1669 5671 nt,
1712 5609 1789 5663 19.
1868 5612 1909 5641 ³⁵
1945 5608 2108 5664 Levit.
2146 5629 2201 5667 ιι.
2239 5612 2316 5675 ιι,
2349 5612 2425 5664 l2.
2500 5613 2544 5642 ³⁸⁵
2570 5612 2722 5664 l‘tov.
2748 5629 2796 5677 ν,
2822 5614 2872 5665 3.
