4128 6340
156 353 272 420 221

1318 353 1838 418 EPISTULARUM
1880 359 2021 418 LIB.
2065 361 2144 420 ll.

3219 360 3326 402 9’31

3220 397 3326 426 ιιι-ΞΑ

155 468 337 531 λθείης
363 463 534 526 ἄλλοις
555 503 568 527 ,
613 465 802 517 ’ὁπόσοι
829 465 1081 526 ἄτακτοι,
1129 467 1218 518 καὶ
1264 469 1514 536 συρφετοὶ
1538 506 1551 530 ,
1587 469 1676 519 καὶ
1710 465 1750 518 Α
1781 483 1785 528 ξ

1710 465 1750 518 Α
1781 480 2015 532 gnesque
2040 482 2160 521 cum
2184 467 2311 530 sint,
2347 469 2545 521 nullam
2571 468 2784 522 ri:tutis
2819 471 3076 522 rationem
3105 470 3318 549 habent.

156 558 349 622 βλάκες
367 554 718 622 ὑπάρχοντες,
744 553 998 624 οὐδεμίαν
1021 556 1073 622 δὲ
1099 557 1345 624 φροντίδα
1373 558 1468 624 τῆς
1490 558 1685 626 ἀρετῆς

154 648 384 712 ἔχουσιν,
415 644 540 706 ὅλας
569 644 625 695 δὲ
657 644 754 706 τὰς
796 644 1003 714 ἡμέρας
1043 646 1139 711 τῆς
1174 644 1317 715 ζωῆς
1362 646 1486 714 περὶ
1519 645 1686 698 ταῦτα

153 734 508 802 ἁδώεσχοῦσι,
539 734 626 785 διὰ
648 735 745 802 τῆς
772 735 1060 801 ὲπαράτου,
1089 735 1178 785 καὶ
1203 752 1408 802 παρασε
1420 735 1687 803 συρμένης

153 825 467 887 κενοδοξίας,
497 825 588 876 τὸν
622 825 817 893 μικρὸν
849 825 1008 893 ἄρτον
1034 826 1140 876 τῶν
1168 826 1359 891 ὀλίγων
1389 824 1686 893 ἀνθρώπων

153 916 390 965 ἐπαινεῖν
437 912 598 980 δῆθεν
655 913 1138 982 προαιρουμένων,
1175 913 1551 982 δουλοπρεπῶς
1605 930 1683 977 τε,

154 1006 254 1056 καὶ
281 1007 408 1070 ἄγαν
439 1003 829 1073 βρεφοπρεπῶς
873 1003 1232 1071 κομιζόμενοι,
1267 1004 1324 1066 ἐξ
1351 999 1408 1057 οὗ
1443 1004 1514 1073 μὴ
1553 1022 1687 1074 τρα-

155 1097 406 1162 φήσονται
445 1093 504 1143 τὸ
561 1092 780 1145 σύνολον
828 1093 923 1160 τὴν
959 1092 1165 1160 ψυχὴν,
1208 1090 1340 1144 ἀλλὰ
1387 1094 1478 1144 καὶ
1517 1090 1685 1160 λιμώ-

154 1183 350 1244 ξουσιν.
379 1181 502 1233 Δέον
537 1181 644 1250 γὰρ
672 1183 897 1250 ζητῆσαι
927 1180 1074 1250 παρὰ
1108 1180 1198 1233 τοῦ
1227 1181 1358 1233 Θεοῦ
1388 1180 1492 1233 τῷν
1527 1181 1685 1232 δυνά-

155 1288 321 1338 μεων,
365 1272 455 1323 καὶ
487 1271 642 1339 δόξης
677 1268 930 1340 ἀληθοῦς,
964 1271 1057 1322 καὶ
1090 1270 1252 1339 τιμῆς
1280 1270 1456 1338 πλήρη
1488 1268 1680 1335 ἄρτον·

150 1363 203 1412 οἱ
249 1361 300 1412 δὲ
329 1360 631 1413 τούναντίον
668 1361 1020 1430 πράττουσιν,
1075 1361 1135 1412 ἐκ
1185 1359 1448 1427 κοσμικῆς
1500 1359 1686 1425 σοφίας

151 1449 454 1518 ἀνωφελοῦς
497 1451 731 1519 οἰόμενοι
778 1451 1088 1521 τρέφεσθαι.
1147 1451 1289 1519 Τιμὴ
1333 1451 1387 1502 δὲ
1434 1449 1685 1516 γυναικὸς

148 1541 351 1608 πόρνης
376 1539 503 1592 ὡσεὶ
536 1540 629 1592 καὶ
653 1541 770 1601 ἐνὸς
799 1541 964 1610 ἄρτου
988 1581 1002 1605 ,
1039 1540 1259 1608 ἀτιμίας
1288 1540 1346 1606 γέ
1357 1557 1563 1609 μοντος,
1594 1538 1685 1590 καὶ

145 1626 424 1687 ἀσθενείας
451 1627 668 1702 πολλῆς.
704 1627 773 1678 Σὺ
802 1627 857 1678 δέ
886 1643 947 1695 γε
991 1627 1080 1678 τὸν
1127 1625 1232 1677 τῷν
1261 1627 1369 1678 ἄνω
1411 1624 1686 1690 δυνάμεων

143 1716 312 1781 ἄρτον
354 1715 612 1783 διηνεκῶς
649 1715 870 1785 αἴτησον
893 1730 909 1747 ⁸
951 1715 1111 1784 ἄρτον
1145 1715 1251 1782 γὰρ
1289 1711 1546 1781 οὐρανοῦ,
1594 1712 1685 1764 καὶ

142 1807 309 1873 ἄρτον
336 1805 575 1871 ἀγγέλων
601 1805 798 1872 ἔφαγεν
830 1803 1128 1873 ἄνθρωπος,
1160 1824 1176 1854 ι
1209 1807 1312 1865 πᾶς
1343 1805 1486 1863 ὅστις
1519 1802 1681 1853 πνεύ-

146 1913 277 1961 ματι
310 1897 391 1965 ζῇ,
411 1896 501 1949 καὶ
533 1896 800 1964 πνεύματι
829 1898 1045 1963 στοιχεῖ,
1079 1913 1094 1946 ι
1134 1895 1224 1946 καὶ
1251 1897 1356 1955 τοῖς
1396 1892 1684 1960 ἐκκλησια-

141 1989 348 2046 στικοῖς
376 1985 594 2054 θεσμοῖς
628 1984 1022 2050 ὲξακολουθῶν,
1058 1985 1154 2052 τῆς
1186 1985 1374 2048 σοφίας
1417 1982 1515 2049 τῆς
1548 1983 1683 2033 ἄνω-

142 2076 234 2124 θεν
269 2076 667 2144 κατερχομένης
704 2075 1053 2142 μετέσχηκεν.
1090 2075 1286 2141 ΙἌρτον
1311 2070 1402 2124 οὖν
1433 2069 1679 2139 οὐρανοῦ,

138 2163 234 2213 καὶ
261 2163 425 2230 ἄρτον
451 2161 692 2229 ἀγγέλων
719 2201 732 2223 ,
778 2164 876 2214 οὐκ
924 2161 1083 2230 ἄρτον
1113 2160 1362 2227 γυναικὸς
1407 2159 1610 2227 πόρνης
1655 2159 1682 2208 ὁ

139 2253 380 2315 τοιοῦτος
427 2253 614 2304 ἐσθίει.
655 2253 846 2303 Πολλοὶ
897 2250 1004 2303 τῶν
1046 2249 1333 2319 αἱρετικῷν
1378 2248 1544 2301 πολλὰ
1574 2250 1684 2298 ὲπι-

141 2341 457 2405 συνέταξαν,
488 2340 599 2394 ἀλλ’
624 2342 774 2395 οὐδὲν
795 2341 1097 2410 ὠφέλησαν.
1124 2343 1265 2392 Διότι
1285 2341 1683 2409 ἀνεμοφθόρους

138 2429 287 2498 εἶχον
334 2430 456 2493 τοὺς
495 2431 752 2500 στάχυας,
796 2429 870 2494 ὦς
897 2447 1056 2499 φησιν
1086 2432 1110 2482 ὁ
1141 2431 1438 2499 προφήτης,
1469 2430 1683 2497 δράγμα

137 2520 239 2571 οὐκ
271 2519 394 2587 ἔχον
439 2519 590 2588 ἰσχὺν
634 2519 728 2580 τοῦ
762 2522 980 2588 ποιῆσαι
1013 2520 1253 2589 ἄλευρον.
1289 2519 1350 2572 El
1383 2519 1439 2572 δὲ
1471 2519 1681 2588 θαυμά-

136 2607 252 2669 ζειε
281 2609 407 2669 τοὺς
433 2607 739 2677 γράφοντας
768 2608 833 2659 τὰ
873 2609 998 2677 ἔπη,
1039 2608 1153 2678 ὥρα
1185 2626 1265 2660 σοι
1296 2609 1390 2661 καὶ
1436 2609 1681 2662 Ἀπολλι-

135 2698 329 2766 νὰριον
348 2698 434 2749 τὸν
463 2697 698 2765 δυσσεϐῆ
721 2699 813 2750 καὶ
847 2698 1157 2766 καινοτόμον
1181 2699 1491 2765 θαυμάζειν,
1515 2698 1681 2751 πολλὰ

135 2785 258 2839 λίαν
297 2787 656 2857 μετρήσαντα,
697 2789 787 2839 καὶ
817 2789 1235 2856 ὲποποιήσαντα,
1267 2789 1358 2838 καὶ
1386 2805 1679 2856 ματαιοπο-

136 2877 401 2946 νήσαντα,
433 2878 522 2929 καὶ
551 2878 712 2930 παντὶ
741 2877 915 2948 καιρῷ
942 2881 998 2930 ὲν
1028 2877 1204 2943 λόγοις
1236 2879 1478 2945 ἀνοήτοις
1511 2895 1677 2931 κατα-

135 2965 413 3034 τριϐέντα,
446 2967 731 3038 οέδήσαντά
754 2986 812 3019 τε
845 2971 954 3030 τοῖς
979 2967 1224 3036 ἁκερδέσι
1260 2967 1364 3019 τῶν
1397 2968 1559 3030 ἐπῶν,
1587 2968 1678 3020 καὶ

1788 557 1878 607 sed
1913 558 2164 611 omnibus
2191 559 2312 611 vitm
2342 574 2453 612 suae
2485 558 2676 612 diebus
2701 561 2842 612 circa
2885 559 2994 612 haec
3022 561 3285 628 ineptiunt
3305 600 3319 621 ,

1786 659 1878 710 per
1905 645 2053 714 141
2088 649 2472 700 exserraudam
2498 684 2512 710 ,
2545 663 2737 700 vanam
2778 658 2831 701 et
2860 649 3066 700 inanem
3098 651 3319 717 gloriam

1784 735 2042 800 pusillum
2074 752 2265 803 panem
2294 752 2586 806 paucorum
2614 739 2888 791 hominum
2915 778 2929 802 ,
2961 740 3204 792 laudibus
3228 756 3318 792 ex-

1786 825 1968 878 tollere
1994 841 2142 893 aeque
2169 835 2329 894 atque
2372 828 2704 880 studentium
2730 867 2745 891 ,
2797 843 3078 882 servorum
3125 828 3316 882 instar.

1787 915 2052 984 nimisque
2086 918 2360 985 pueriliter
2397 918 2713 985 deportant,
2749 933 2855 986 quo
2889 934 3108 987 prorsus
3147 919 3320 971 anima

1784 1019 1968 1058 eorum
1996 1021 2100 1058 non
2130 1006 2417 1070 nutrietur,
2473 1007 2579 1058 imo
2625 1009 2800 1074 potius
2830 1009 2967 1062 l'ame
2994 1008 3319 1060 enecabitur.

1785 1093 1917 1148 Nam
1957 1112 2076 1150 cum
2122 1111 2150 1148 a
2186 1097 2288 1150 Deo
2317 1097 2611 1158 virtutum,
2647 1103 2699 1149 et
2731 1113 2870 1150 vera:
2905 1097 3118 1166 gloria,
3148 1106 3199 1152 et
3225 1097 3324 1149 ho-

1788 1185 1937 1238 noris
1969 1187 2181 1253 plenum
2218 1202 2404 1254 panem
2443 1201 2662 1254 poscere
2696 1185 3038 1246 debuissent,
3071 1186 3122 1237 hi
3158 1199 3324 1253 Oppo-

1785 1275 1942 1328 situm
1983 1275 2221 1342 l'aciunt,
2276 1291 2339 1329 cx
2384 1276 2625 1332 smculari
2677 1274 2973 1342 sapientia,
3026 1287 3143 1341 quae
3192 1274 3323 1326 nulli

1786 1365 1907 1418 usui
1953 1371 2070 1428 est,
2118 1365 2489 1419 existimantes
2534 1365 2636 1417 sibi
2678 1365 2930 1416 alimenta
2971 1363 3320 1430 suppeditari.

1785 1451 1968 1502 Honor
2002 1467 2128 1505 vero
2157 1451 2398 1505 mulieris
2449 1451 2745 1505 meretricis
2778 1457 2857 1503 est
2903 1450 3041 1503 idem
3075 1465 3136 1502 ac
3167 1447 3290 1501 uniu

1785 1537 1934 1601 panis
1987 1536 2316 1604 ignominia,
2365 1544 2415 1590 et
2455 1538 2618 1589 multa
2667 1536 2977 1590 inﬁrmitate
3029 1536 3194 1604 pleni.
3242 1533 3322 1587 Tu

1784 1637 1944 1690 porro
1966 1639 2321 1690 supernarum
2349 1625 2606 1677 virtutum
2635 1639 2823 1692 panem
2849 1626 3103 1678 continuo
3127 1638 3284 1693 posce
3308 1643 3322 1676 :

1784 1726 1973 1778 panem
2006 1713 2146 1765 enim
2176 1714 2295 1766 ςαξιί
2323 1752 2337 1773 ,
2363 1720 2415 1766 et
2444 1728 2632 1781 panem
2657 1714 2964 1781 angelorum
2998 1713 3158 1766 homo
3181 1728 3327 1766 com-

1789 1800 1895 1852 edit
1923 1801 1988 1862 ⁵⁷,
2028 1819 2046 1850 ι
2081 1802 2169 1868 qui
2206 1801 2396 1869 spiritu
2435 1800 2650 1861 vivit,et
2690 1799 2875 1868 spiritu
2918 1799 3154 1851 ambulat
3199 1800 3263 1862 ⁵³,
3305 1818 3320 1846 ο

1785 1897 1838 1942 οι
1873 1890 2259 1943 ecclesiasticis
2290 1892 2497 1959 legibus
2526 1892 2905 1958 obtemperans
2927 1929 2941 1954 ,
2962 1887 3237 1956 sapientiae
3261 1904 3322 1939 ex

1785 1980 1892 2030 alto
1928 1979 2261 2033 advenientis
2312 1982 2579 2048 particeps
2612 1979 2686 2032 fit.
2730 1979 2924 2032 Panem
2959 1978 3138 2047 itaque
3164 1977 3285 2030 caeli
3310 2019 3324 2037 ,

1782 2076 1834 2119 et
1861 2083 2051 2134 panem
2085 2069 2430 2135 angelorum,
2482 2086 2586 2121 non
2636 2084 2826 2136 panem
2862 2067 3105 2121 mulieris
3153 2082 3328 2121 mere-

1784 2156 1932 2209 tricis
1967 2158 2124 2209 homo
2175 2158 2219 2209 is
2265 2159 2515 2210 comedit.
2560 2158 2633 2211 Ex
2685 2158 2950 2212 han-elicis
2976 2157 3130 2210 multi
3159 2157 3326 2210 multa

1783 2247 2001 2313 scriptis
2035 2248 2402 2309 tradiderunt,
2437 2225 2556 2315 qua:
2595 2256 2770 2302 tamen
2820 2246 2947 2299 nulli
2982 2245 3103 2300 usui
3143 2245 3323 2309 fuere,

1782 2334 1923 2400 quod
1963 2348 1991 2386 ο
2028 2343 2185 2388 vento
2235 2344 2518 2404 corruptas
2575 2336 2752 2404 spicas
2782 2335 3123 2398 habuerunt,
3163 2340 3220 2385 ut
3252 2332 3325 2385 ait

1784 2423 2040 2491 propheta
2081 2442 2094 2476 :
2128 2424 2428 2492 Manipulus
2463 2442 2566 2478 non
2596 2426 2796 2479 habens
2827 2426 2994 2480 robur
3027 2422 3092 2476 ad
3125 2421 3323 2475 facien-

1780 2512 1899 2566 dam
1933 2512 2156 2566 l'arinam
2187 2516 2250 2568 ".
2284 2514 2337 2567 Si
2371 2531 2494 2570 vero
2516 2515 2552 2569 ii
2575 2517 2673 2569 tibi
2697 2531 2749 2567 Ill
2782 2513 3136 2586 admiratione
3166 2521 3322 2575 sunt,

1780 2605 1870 2671 qui
1905 2606 2143 2658 carmina
2194 2607 2558 2672 scripserunt,
2615 2605 2815 2673 poteris
2861 2615 2914 2658 et
2946 2603 3208 2671 impium,
3263 2611 3318 2656 et

1779 2705 2086 2748 novatorem
2142 2695 2535 2763 Apollinarium
2591 2695 2788 2748 habere
2846 2694 2897 2746 in
2936 2693 3321 2752 admiratione.

1778 2781 1868 2847 qui
1906 2783 2304 2852 quamplurima
2340 2786 2579 2840 numeris
2631 2795 2685 2837 et
2718 2784 2955 2838 carmine
2985 2781 3320 2851 composuit.

1776 2876 1830 2919 et
1861 2868 2055 2921 frustra
2088 2870 2296 2923 labores
2323 2872 2635 2940 insumpsit,
2662 2879 2713 2926 et
2739 2885 2832 2938 per
2857 2879 3024 2922 totum
3060 2885 3169 2923 suae
3201 2871 3322 2923 vita:

1779 2967 1984 3025 tempus
2042 2959 2093 3012 in
2154 2961 2524 3029 insipientibus
2575 2961 2918 3015 sermonibus
2969 2959 3320 3028 congerendis

136 3053 537 3125 φλεγμήναντα,
570 3059 666 3109 καὶ
694 3057 1042 3126 ὐδεριάσαντα
1072 3059 1181 3118 τοῖς
1200 3052 1496 3124 λογισμοῖς,
1531 3076 1549 3109 ι
1584 3057 1676 3109 καὶ
1704 3078 1745 3134 C

1704 3078 1745 3134 ο
1783 3047 2128 3115 semetipsum
2179 3050 2408 3110 attrivit.
2453 3051 2652 3120 quique
2696 3051 2993 3103 carminum
3043 3048 3319 3103 inutilibus

134 3146 168 3212 ἡ
199 3145 421 3211 γλῶσσα
469 3146 628 3199 αὐτοῦ
667 3146 874 3199 διῑπλθεν
920 3146 1012 3197 ἐπὶ
1036 3146 1129 3215 τῆς
1175 3147 1278 3215 γῆς
1306 3185 1320 3209 ,
1354 3165 1372 3198 ι
1412 3147 1487 3210 ὡς
1525 3148 1683 3201 Δαυῒδ

132 3234 343 3303 ἔλεγεν.

449 3410 528 3462 N’.
555 3437 628 3449 -
655 3409 1058 3463 ΑΡΙΣΤΟΚΛΕΙ
1083 3410 1383 3480 ΜΟΝΑΧῼ.

200 3498 575 3560 Διστασιάζειν
603 3497 782 3559 ἔοικας
808 3497 938 3566 πρὸς
966 3499 1172 3562 ἑαυτὸν,
1199 3501 1335 3552 καλὰ
1362 3502 1459 3569 μὲν
1484 3498 1675 3561 λαλῶν,

131 3588 286 3639 κακά
316 3588 367 3638 δὲ
398 3588 664 3656 πράττων,
696 3590 788 3640 καὶ
813 3589 1015 3642 λυττῶν
1048 3591 1231 3659 ὥσπερ
1282 3593 1329 3643 οἱ
1372 3592 1550 3654 κύνες,
1586 3592 1676 3642 καὶ

77 3668 88 3680 ’
132 3677 348 3737 πάντας
376 3677 724 3730 καθυλακτῷν
761 3680 1022 3745 ἀφειδῶς,
1075 3681 1164 3731 καὶ
1211 3681 1672 3748 ἁπερυθριάστως.

141 3765 315 3817 Ἀλλὰ
339 3765 428 3816 νῦν
449 3766 578 3830 γοῦν
606 3767 912 3836 διόρθωσαι,
958 3769 1172 3834 ἁδελφὲ,
1212 3771 1354 3830 ὅπως
1385 3769 1457 3838 μὴ
1484 3771 1677 3841 διαμά-

129 3870 338 3922 χωνται
368 3851 432 3905 τὰ
460 3853 597 3921 ἔργα
626 3870 717 3904 σου
747 3855 821 3922 τῷ
860 3853 1038 3923 σεμνῷ
1077 3855 1466 3924 ἑπαγγέλματι.

448 3942 1016 4012 ΝΑ’.--ΒΙΚΕΝΤ1ῼ
1064 3945 1360 4017 unum.
1427 3983 1433 3988 .

194 4032 368 4084 Ὅσον
405 4031 571 4094 δοκεῖς
600 4033 660 4084 τὸ
699 4032 854 4102 σῶμα
886 4032 1293 4104 σκληραγωγεῖν
1337 4038 1398 4104 τῇ
1437 4038 1673 4106 ἐπιπόνῳ

125 4120 223 4173 καὶ
253 4122 560 4191 τραχυτέρᾳ
602 4122 809 4192 διαίτῃ,
856 4123 1088 4192 τοσοῦτῳ
1122 4124 1440 4198 μᾶλλον-τὴν
1478 4129 1671 4180 σαυτοῦ

125 4209 360 4278 καρδίαν
404 4212 769 4274 ταπείνωσον,
813 4213 1220 4278 κατευτελίζων,
1268 4217 1359 4268 καὶ
1390 4217 1672 4278 ὲξουδενῶν

126 4299 353 4359 σαυτὸν,
390 4298 474 4350 ἵνα
519 4301 594 4367 μὴ
631 4302 729 4369 τῆς
759 4301 1056 4365 κενοδοξίας
1087 4302 1267 4371 χώραν
1316 4305 1580 4375 λαϐοὲσης
1613 4310 1670 4359 ἐν

1784 3137 1977 3190 studiis
2009 3137 2292 3203 intumuit,
2346 3141 2691 3203 exaestuavit,
2732 3147 2783 3192 et
2828 3139 2978 3207 quasi
3020 3153 3154 3207 aqua
3189 3138 3319 3191 sub-

1785 3234 1869 3279 tus
1898 3235 2071 3280 cutem
2115 3229 2528 3296 cogitationibus
2566 3230 2782 3282 inﬂatus
2827 3237 2908 3283 est
2942 3246 2956 3282 :
2998 3247 3015 3279 ι
3053 3239 3103 3281 et
3140 3229 3316 3297 lingua

1781 3314 1897 3382 ejus
1937 3317 2198 3383 percurrit
2233 3333 2394 3384 super
2424 3327 2618 3371 terram
2650 3319 2693 3349 ‘°
2730 3337 2747 3369 ι
2804 3326 2860 3369 ut
2893 3317 3052 3370 David
3083 3319 3314 3374 dicebat.

1998 3403 2150 3472 142
2193 3405 2249 3455 L.
2274 3434 2342 3442 —
2368 3404 2726 3459 ARISTOCLI
2765 3404 3108 3459 MONACIIO.

1849 3490 1926 3544 Tu
1962 3502 2010 3544 te
2039 3493 2152 3560 ipse
2180 3508 2207 3544 a
2246 3494 2528 3563 temetipso
2566 3494 2879 3564 discrepare
2909 3496 3110 3549 videris
3134 3537 3147 3559 ,
3188 3497 3314 3550 dum

1780 3583 1982 3650 optima
2013 3599 2239 3651 qumque
2287 3585 2513 3653 loquens
2542 3625 2555 3649 ,
2593 3587 2827 3654 pessima
2865 3602 3026 3655 opere
3059 3599 3314 3656 przestas,

1777 3682 1829 3726 et
1858 3689 2008 3736 mque
2035 3689 2095 3726 ac
2127 3689 2287 3728 canes
2317 3715 2328 3736 ,
2363 3675 2414 3727 in
2453 3676 2653 3729 rabiem
2690 3685 2875 3739 actus,
2916 3678 2968 3729 in
3000 3693 3184 3730 omnes
3211 3679 3315 3728 lar-

1776 3765 1913 3830 giter
1946 3765 2203 3832 nulloque
2234 3766 2430 3819 rubore
2462 3766 2702 3820 snﬂ'usus
2729 3806 2742 3830 ,
2784 3767 3040 3825 oblatras.
3074 3769 3140 3818 At
3175 3781 3314 3820 nunc

1777 3855 2007 3923 tcipsum
2040 3857 2250 3923 corrige
2274 3897 2287 3918 ,
2324 3855 2508 3920 frater,
2544 3873 2609 3910 ne
2641 3872 2671 3908 a
2706 3857 2852 3926 gravi
2894 3858 3308 3924 venerandoque

1773 3945 1895 3996 vita:
1924 3953 2028 3996 tuae
2060 3944 2304 3995 instituto
2333 3958 2494 4009 Opera
2525 3943 2840 3995 dissideant.

2089 4030 2171 4084 Ll.
2204 4062 2267 4069 -——
2297 4030 2653 4084 VINCENTIO
2690 4030 3001 4086 ASCETIE.

1841 4123 2052 4188 Quanto
2098 4138 2293 4190 corpus
2345 4131 2491 4175 tuum
2549 4121 2901 4174 laboriosiorc
2951 4131 3003 4175 et
3037 4124 3310 4189 asperiore

1771 4216 1880 4266 vita
1913 4213 2118 4267 duriter
2144 4227 2204 4265 ac
2236 4213 2454 4264 minime
2483 4211 2817 4280 indulgenter
2844 4211 2936 4263 tibi
2961 4211 3155 4264 videris
3189 4229 3308 4281 pcr-

1772 4310 2030 4361 traetare,
2085 4307 2232 4353 tanto
2287 4302 2455 4369 magis
2487 4316 2578 4354 cor
2609 4310 2754 4354 tuum
2800 4300 3058 4364 humilia,
3121 4309 3307 4354 temet-

123 4390 231 4453 σοὶ,
275 4389 398 4440 ἀντὶ
424 4388 614 4453 πυροῦ,
650 4390 833 4474 κνίδην
878 4391 1115 4462 θερίσῃς,
1159 4394 1249 4445 καὶ
1279 4396 1324 4446 οἱ
1351 4395 1506 4447 κόποι
1534 4398 1666 4450 ἀπόο
1700 4389 1753 4478 Β.

1700 4389 1945 4478 D.ipsum
1975 4391 2307 4458 \‘ilipendens
2336 4407 2398 4444 ac
2435 4391 2584 4444 nihili
2620 4390 2855 4455 faciens,
2891 4407 2957 4444 ne
3006 4390 3056 4443 in
3091 4401 3138 4445 te
3172 4406 3303 4442 vana

123 4478 340 4532 λυνται.

409 4649 529 4701 NB’.
558 4679 624 4690 --
650 4652 1038 4724 ΠΑΝΗΓΥΡΙῼ
1084 4658 1389 4727 ΜΟΝΑΧῼ.

196 4739 307 4791 Ἕκ
325 4755 480 4790 τινων
501 4742 745 4807 σημείων
768 4743 958 4812 νοήσας
981 4745 1008 4796 ὁ
1037 4748 1283 4814 πονηρὸς,
1315 4750 1396 4799 ὅτι
1426 4749 1668 4817 εὐλογίας

119 4827 352 4896 λογικῆς
392 4828 691 4897 τετύχηκας
734 4829 825 4884 διὰ
876 4833 972 4900 τῆς
1021 4834 1185 4903 καλῆς
1238 4839 1532 4904 ἐργασίας,
1575 4843 1668 4893 καὶ

121 4914 290 4983 χάριν
324 4915 607 4984 οὐρανόθεν
643 4916 909 4987 εἴληφας,
959 4922 1203 4990 καθάπερ
1246 4927 1272 4975 ὀ
1314 4926 1534 4986 Ἰακὼϐ,
1574 4930 1666 4980 καὶ

1769 4481 1934 4546 gloria
1971 4481 2143 4533 locmn
2176 4489 2471 4548 occupaute
2502 4493 2619 4532 loco
2652 4479 2904 4534 frumenti
2938 4481 3163 4534 urticam
3192 4494 3304 4532 me-

1740 4576 1848 4623 ‘tas
1869 4611 1881 4631 ,
1914 4582 1964 4623 et
1999 4568 2207 4622 labores
2236 4569 2549 4636 perdantnr.

2047 4655 2149 4708 ιιι.
2179 4686 2237 4693 --
2269 4654 2657 4709 PANEGYRIO
2696 4657 3027 4711 Maximo.
3113 4671 3128 4680 '

1833 4745 2162 4808 Quibusdam
2214 4746 2382 4813 signis
2434 4748 2834 4813 deprehendens
2886 4747 3148 4811 pessimus
3197 4745 3302 4800 da:-

1767 4853 1927 4897 tnon,
1990 4846 2040 4889 te
2077 4836 2324 4889 rationali
2387 4838 2751 4890 beuulntionc
2808 4850 2899 4900 per
2951 4833 3086 4886 bona
3139 4849 3299 4903 opera

1764 4928 2016 4992 potitum,

2092 4927 2435 4992 ccelestisque
2484 4927 2697 4991 gratim,
2753 4922 3197 4988 quemadmodum
3245 4933 3298 4975 et

123 5005 330 5063 πάντες
355 5005 406 5055 ot
434 5005 668 5074 γνησίως
691 5007 1087 5072 δεδουλευκότες
1118 5013 1252 5080 Θεῷ,
1297 5017 1362 5082 τῇ
1403 5015 1666 5087 βασκανίᾳ

1756 5015 1947 5078 Jacob,
1986 5024 2038 5068 et
2068 5031 2284 5077 omnes,
2321 5017 2409 5081 qui
2448 5016 2671 5080 ingenue
2704 5027 2929 5080 vereque
2966 5012 3070 5066 Deo
3101 5011 3297 5065 servie-

123 5090 357 5158 πληγεὶς
388 5095 416 5144 ὁ
443 5094 842 5166 μισάνθρωπος,
873 5100 965 5152 καὶ
994 5104 1327 5170 τετρωμένος
1361 5105 1436 5171 τῷ
1464 5106 1661 5176 φθόνῳ,

127 5182 397 5251 μεγάλους
427 5186 566 5238 κατὰ
607 5187 702 5238 σοῦ
737 5189 906 5258 ἀνῆψε
950 5191 1073 5251 τοὺς
1115 5194 1446 5258 πειρασμούς
1481 5194 1663 5260 βουλό-

125 5289 289 5341 μενος
325 5274 419 5324 καὶ
455 5275 701 5344 ἐκθλίψαι
737 5279 834 5348 τὴν
866 5280 1144 5348 φιλάρετον
1182 5281 1378 5350 ψυχὴν,
1412 5284 1659 5336 ὑποτιθέ-

127 5362 289 5429 μενος
332 5379 390 5412 τε
435 5365 560 5425 τοὺς
592 5370 855 5435 πονηροὺς
893 5370 1200 5437 λογισμοὺς,
1245 5373 1335 5422 καὶ
1369 5373 1497 5442 πρὸς
1527 5375 1660 5442 ἔργα

125 5450 361 5518 βλαϐερὰ
420 5452 643 5520 ἐκϐῆναι
700 5459 1096 5511 κατασπεύδων.
1150 5461 1252 5510 Καὶ
1307 5461 1454 5526 ξένον
1511 5465 1659 5516 οὐδὲν

195 5626 240 5656 ’⁷
269 5623 412 5679 Psal.
447 5643 645 5692 uxr",
673 5629 758 5697 25,
786 5630 872 5684 25.
949 5634 992 5663 "
1015 5633 1186 5688 Galat.
1219 5653 1267 5699 ν,
1297 5637 1382 5689 9.5.

1463 5637 1504 5666 "
1537 5635 1676 5690 Osee
1728 5652 1844 5701 νιιι,
1880 5636 1927 5687 7.

1760 5119 1916 5166 runt,
1950 5107 2262 5174 participem
2298 5103 2495 5156 factum
2524 5145 2537 5167 ,
2577 5103 2864 5156 invidentia
2903 5104 2988 5156 illa
3024 5101 3293 5154 hominum

1760 5212 1884 5250 osor
1910 5210 2196 5263 percussus
2217 5235 2231 5256 ,
2270 5202 2318 5246 et
2350 5193 2475 5247 odio
2508 5194 2724 5247 saucius
2753 5194 2991 5263 ingentes
3021 5191 3070 5241 in
3095 5197 3143 5241 te
3174 5196 3295 5242 ten-

1766 5288 1990 5338 tationes
2014 5283 2250 5336 incendit
2278 5324 2290 5346 ,
2326 5298 2390 5336 eo
2425 5300 2620 5352 scopo,
2655 5292 2709 5335 ut
2738 5284 2963 5334 animant
3007 5279 3292 5332 virtutibus

1763 5376 1993 5429 deditam
2043 5373 2292 5442 dejiciat,
2348 5390 2641 5442 pravasquc
2688 5371 3035 5439 cogitationes
3092 5382 3291 5434 suppo-

1765 5480 1929 5529 "ms!
1980 5471 2033 5517 (δι
2070 5465 2134 5516 ad
2184 5464 2519 5530 0Perationes
2571 5461 2752 5515 noxias
2819 5457 3157 5527 compellens,
3209 5456 3288 5507 Mt

2006 5637 2046 5666 ⁶⁰
2073 5636 2217 5689 Psal.
2262 5650 2426 5697 ωιτη,
2462 5633 2512 5686 9.
