4128 6340
236 350 344 412 225

1408 345 1924 404 EPISTOLABUM
1963 346 2103 404 LIB.
2145 345 2224 403 Il.

3308 346 3409 408 2Ξὸ

233 459 346 509 τῶν
373 455 684 510 ἀποστόλων
713 454 1008 523 γενόμενοι,
1061 457 1239 521 λύχνοι
1265 453 1403 514 τινες
1440 453 1678 522 ὑπῆρχον
1723 453 1780 503 ὲν

1881 466 1966 504 res
1995 454 2377 520 apostolorum,
2419 451 2649 504 lucerna:
2676 460 2829 504 erant
2872 452 2924 504 i'n
2956 454 3190 506 tem-bris
3223 457 3410 509 lucen-

239 548 427 614 σκοτιᾷ
464 545 762 613 φαίνοντες,
782 547 874 596 καλ⁵
901 544 1119 612 ἀστέρες
1139 543 1412 606 ἀπλανεῖς,
1440 544 1538 610 τὴν
1573 540 1781 608 ἀφεγγῆ

235 636 330 688 τοῦ
361 634 701 705 ἀνθρωπίνου
735 635 848 702 βίου
907 633 1330 700 καταυγάζοντες
1366 631 1547 694 νύκτα,
1581 633 1672 682 καὶ
1700 629 1781 679 λι-

241 725 416 793 μένων
442 724 695 794 πρόϐολοι
727 725 800 793 τῷ
828 723 946 777 καθ’
984 722 1206 784 ἑαυτοὺς
1259 720 1588 789 ἀχειμάστῳ,
1621 720 1781 770 πᾶσιν

237 813 456 875 εὔκολος
483 812 885 874 ὑποδεικνύντες
916 812 974 862 τὸ
1005 811 1274 877 διαφυγεῖν
1294 807 1540 868 ἀϐλαϐῶς
1559 806 1654 868 τὰς
1675 805 1782 856 τῶν

238 902 428 954 παθῶν
461 901 784 972 προσϐολάς.
807 900 972 972 Δςιτὺς
1000 899 1056 950 δὲ
1079 897 1341 958 τοσαύτας
1366 896 1538 964 ψυχὰς
1567 896 1782 962 ὑποχει-

241 994 388 1063 ρίους
419 989 860 1061 ἔχων,ὲξώρισας
908 989 1004 1059 μὲν
1050 988 1144 1057 τὴν
1180 986 1394 1057 ἀρετὴν,
1439 987 1530 1038 καὶ
1571 984 1784 1054 μακρὰν

237 1082 609 1150 ἑφυγάδευσας
632 1120 648 1145 ,
682 1079 758 1148 τῷ
795 1080 850 1130 δὲ
902 1079 1076 1130 σκότει
1121 1078 1218 1144 τῆς
1251 1073 1524 1144 πονηρίας,
1562 1075 1654 1126 καὶ
1688 1074 1784 1142 τῆς

239 1169 588 1239 κακοηθείας,
637 1168 698 1220 τὸ
750 1167 945 1220 σαυτοῦ
1005 1166 1287 1235 πρόσωπον
1345 1163 1512 1232 ἡδέως
1553 1161 1776 1227 ἐγκαλύ-

238 1269 416 1317 πτεις,
438 1257 534 1309 καὶ
561 1257 640 1317 είς
671 1254 976 1319 κακοεξίαν,
1009 1256 1100 1305 καὶ
1130 1251 1387 1320 χειμῶνα,
1419 1251 1508 1301 καὶ
1544 1248 1782 1316 ταραχὰς

238 1341 553 1403 ἀπαύστους
601 1341 883 1410 ὲμσάλλεις
929 1342 1051 1401 τοὺς
1089 1339 1362 1405 ἀδελφοὺς,
1392 1338 1481 1389 καὶ
1529 1336 1782 1387 ἀπολέσαι

241 1431 492 1493 σπεύδεις
532 1431 658 1494 τοὺς
710 1430 944 1499 σωθῆναι
977 1429 1297 1495 ὀφεὲλοντας.
1341 1428 1448 1478 Καὶ
1484 1427 1562 1486 τίς
1592 1443 1648 1476 σε
1678 1425 1783 1494 ἄρα

209 1521 504 1591 ιλυτρὼσει
532 1522 627 1590 τῆς
656 1521 872 1574 αἰωνίου
900 1517 1464 1588 κολάσεωςςιΦοϐερδν
1485 1517 1587 1585 γὰρ
1613 1517 1667 1567 τὸ
1688 1520 1782 1584 ἒμ-

239 1614 426 1664 πεσεῖν
457 1615 536 1673 είς
561 1611 745 1680 χεῖρας
765 1608 898 1661 Θεοῦ
930 1609 1144 1671 ζῶντος.
1180 1626 1196 1657 ι

622 1778 755 1833 una
787 1806 858 1820 -
880 1780 1078 1848 anno
1105 1779 1406 1847 ΜΟΝΛΧῼ.

321 1868 538 1936 Ἐπειδὴ
562 1869 682 1938 οὐχὶ
713 1868 1200 1938 ταπεινοφροσύνης
1250 1870 1421 1937 χάριν,
1464 1869 1592 1922 ἀλλά
1635 1888 1780 1922 κενο-

238 1957 416 2021 δοξίας
450 1958 684 2028 μετέρχῃ
713 1959 809 2027 τὴν
829 1958 1148 2026 ἀνάγνωσιν,
1185 1958 1271 2010 διὰ
1297 1959 1450 2012 τοῦτο
1483 1962 1776 2029 παραμένει

242 2063 324 2098 σοι
353 2049 382 2098 ὁ
413 2047 511 2115 τῆς
541 2048 790 2116 πορνείας
829 2048 1122 2116 πειρασμός
1145 2064 1158 2078 ·
1188 2049 1248 2098 οὐ
1277 2049 1382 2116 γὰρ
1420 2050 1678 2117 συμφέρει
1706 2049 1780 2118 τῷ

239 2135 433 2202 ἄφρονι
461 2133 661 2201 τρυφὴ,
718 2134 836 2185 οὐδὲ
889 2132 964 2200 τῷ
1006 2134 1362 2201 τετυφωμένῳ
1391 2135 1450 2186 τὸ
1472 2136 1557 2186 ἀεὶ
1586 2138 1778 2201 ἀναγι-

239 2222 492 2287 νώσκειν,
525 2223 618 2274 καὶ
639 2222 738 2291 τῆς
765 2221 1054 2291 ὑψηγορίας
1082 2223 1385 2276 ἀπολαύειν.
1429 2223 1490 2274 Ἠ
1513 2225 1612 2293 γὰρ
1651 2225 1781 2290 γνῶν

243 2327 326 2374 σις
366 2313 547 2378 φυσιεῖ
583 2310 774 2383 [φυσῖα
788 2311 833 2381 η
860 2314 947 2363 ἐπὶ
984 2314 1115 2364 πολὺ
1149 2313 1235 2365 τὸν
1268 2313 1776 2384 ματαιοφρονοῦντα,

242 2398 337 2450 καὶ
367 2397 813 2466 ἀτωνενοημένον,
843 2400 933 2450 καὶ
956 2398 1174 2468 βλάπτει
1205 2399 1292 2452 τὸν
1318 2400 1566 2462 ἀλαζόνα,
1597 2399 1780 2469 ὥσπερ

242 2490 272 2540 ὁ
294 2483 436 2549 οἶνος
454 2486 542 2540 τὸν
571 2488 898 2557 πυρέττοντα
922 2488 1160 2557 βλάπτει.
1192 2490 1349 2543 Ὥστε
1378 2486 1468 2544 οὖν
1488 2493 1780 2562 κενωθῆναι

241 2575 302 2628 τὸ
321 2575 547 2644 φύσημα
568 2575 664 2643 τῆς
686 2564 880 2643 ψυχῆς,
905 2577 1207 2643 ἀναγκαίως
1234 2581 1261 2630 ὁ
1288 2579 1489 2648 δαίμων
1519 2580 1779 2650 ἐφέστηκε

242 2665 467 2728 πιέζων,
504 2665 595 2716 καὶ
615 2663 906 2733 ἐξελέγχων
933 2663 1021 2717 τὸν
1048 2669 1472 2736 πεφυσιωμένον.
1496 2671 1557 2722 Et
1577 2672 1632 2723 δὲ
1659 2672 1781 2740 βού-

241 2754 324 2806 λει
354 2753 537 2806 τοῦτον
557 2753 680 2805 ἰδεῖν
708 2752 897 2805 θᾶττον
924 2755 1315 2826 ὑποχωροῦντα,
1342 2757 1560 2828 θέλησον
1583 2760 1780 2826 φθάσαι

243 2843 333 2896 τὸν
366 2846 465 2912 τῆς
490 2843 979 2913 ταπεινοφροσύνης
1020 2845 1404 2899 ἀκατάσειστον
1433 2849 1658 2918 πύργον,
1690 2850 1780 2901 καὶ

244 2935 703 3005 καθοπλισάμενος
731 2939 850 3001 ταῖς
907 2939 1244 3008 ἀγρυπνίαις,
1279 2941 1370 2993 καὶ
1414 2944 1532 3004 ταῖς
1564 2942 1782 3005 πολλαῖς

1882 551 1962 594 tes
1985 542 2048 604 "',
2082 552 2133 596 et
2157 543 2326 595 stellae
2356 558 2462 595 non
2492 551 2732 596 errantes
2759 542 3037 594 obscuram
3063 542 3181 595 vitae
3216 553 3412 597 nostrm

1879 638 2086 684 noctem
2111 632 2575 693 collustrantes,et
2602 633 2990 699 tranquillitate
3019 633 3229 699 propria
3261 635 3409 684 omni

1879 720 2240 774 concitatione
2266 737 2432 774 vacua
2456 733 2702 789 portuum
2745 722 3166 796 propugnacula,
3201 722 3408 774 facilem

1879 809 2128 860 omnibus
2167 818 2642 874 przemonstrantes
2671 811 2831 870 viam,
2865 819 2922 861 ut
2961 812 3076 862 sine
3102 811 3409 862 discrimine

1881 897 2341 964 perturbationum
2376 898 2615 966 impetus
2659 898 3006 951 declinarent.
3035 898 3111 951 Tu
3147 915 3272 952 vero
3303 901 3413 967 ipse

1882 993 1963 1038 tot
1997 985 2205 1040 animas
2237 986 2337 1039 sub
2379 996 2639 1054 potestate
2677 987 2881 1040 habens
2929 989 3113 1040 virtuti
3165 989 3412 1042 exsilium

1882 1077 2192 1145 imperasti,
2252 1078 2514 1145 longeque
2555 1091 2672 1128 eam
2744 1079 2949 1143 pulsam
3010 1079 3412 1140 exterminasti;

1883 1164 2172 1232 impietatis
2223 1179 2347 1216 vero
2397 1164 2635 1217 tenebris
2688 1172 2742 1216 et
2796 1165 3171 1232 pervcrsilatis
3223 1165 3411 1217 faciem

1881 1259 2024 1303 tuam
2061 1252 2249 1304 libenti
2291 1253 2470 1303 animo
2513 1243 2778 1318 contegis,
2817 1259 2870 1303 ct
2904 1252 2955 1303 in
3006 1266 3205 1318 pravos
3239 1267 3416 1306 mores

1879 1347 1932 1393 et
1953 1347 2322 1408 tempestates,
2355 1347 2407 1392 et
2451 1354 2722 1406 nunquam
2756 1347 3028 1391 cessantes
3084 1340 3270 1391 turbas
3305 1339 3413 1390 fra-

1881 1436 1988 1482 tres
2021 1429 2268 1495 conjicis,
2294 1436 2346 1481 et
2379 1428 2665 1481 salvandos
2699 1427 2751 1479 in
2797 1427 3149 1495 perditionem
3186 1430 3415 1480 maxima

1880 1516 2221 1567 contentione
2261 1513 2558 1581 protrudis.
2624 1513 2682 1564 Et
2739 1516 2860 1580 quis
2911 1524 2959 1565 te
3013 1528 3041 1565 ιι
3086 1515 3415 1581 sempiterna

1883 1616 2037 1669 poena
2072 1600 2363 1653 liberabit?
2393 1619 2410 1648 ‹
2442 1598 2796 1652 Tremendum
2816 1616 3046 1668 namque
3066 1611 3148 1656 est
3182 1603 3417 1655 incidere

1881 1689 1936 1742 in
1967 1703 2158 1742 manus
2187 1688 2275 1739 Dei
2308 1688 2539 1740 viventis
2567 1688 2631 1737 ⁸⁵⁵.
2677 1705 2693 1735 ι

2211 1776 2384 1827 LVIII.
2422 1805 2489 1814 -—-
2527 1774 2734 1827 AI'J'I‘IO
2767 1774 3107 1829 MONACIIO.

1947 1865 2386 1933 Quandoquidem
2413 1881 2515 1918 non
2548 1867 2887 1925 humilitatis,
2925 1867 3018 1918 sed
3043 1867 3217 1919 inanis
3237 1867 3418 1934 gloria:

1879 1961 2048 2024 gratia
2081 1957 2375 2010 lectionem
2405 1956 2666 2023 capessis,
2698 1964 2974 2024 propterea
3007 1957 3059 2008 in
3093 1967 3142 2010 te
3171 1973 3416 2024 perseve-

1878 2053 1960 2096 rat
2001 2044 2370 2096 fornicationis
2413 2044 2637 2096 tentatio
2671 2061 2684 2093 :
2721 2060 2894 2110 neque
2939 2047 3079 2097 enim
3135 2047 3418 2101 commode

1878 2130 2085 2184 accedit
2121 2131 2397 2197 insipienti
2457 2131 2650 2191 luxus,
2695 2146 2867 2198 neque
2913 2132 3166 2197 superbia
3233 2131 3418 2184 inﬂato

1877 2227 2133 2288 perpetua
2171 2219 2365 2283 lectio,
2418 2228 2470 2272 et
2507 2219 2756 2276 sublimis
2811 2220 3069 2274 dictionis
3121 2223 3412 2288 possessio.

1876 2309 2123 2377 Cognitio
2164 2309 2428 2376 siquidem
2483 2310 2662 2361 inania
2695 2309 3060 2374 meditantem,
3107 2318 3159 2362 et
3195 2310 3416 2363 demen-

1878 2406 2009 2459 tem,
2053 2413 2114 2450 ac
2156 2405 2334 2451 mente
2382 2407 2595 2464 captum
2653 2398 2831 2459 inﬂat,
2881 2407 2934 2450 et
2989 2400 3218 2467 superbo
3241 2406 3414 2461 nocet,

1879 2486 2325 2553 quemadmodum
2367 2486 2546 2536 vinum
2601 2484 2747 2538 febre
2790 2485 3073 2538 laboranti.
3127 2483 3417 2552 Quousque

1879 2579 2058 2646 itaque
2087 2577 2249 2629 animi
2283 2576 2542 2645 superbia
2577 2581 2832 2627 cvacuata
2865 2588 2970 2626 non
3010 2583 3125 2635 est,
3168 2589 3419 2627 necessa-

1878 2665 1959 2716 rio
1977 2664 2182 2736 damon
2214 2664 2500 2716 imminens
2521 2662 2732 2730 premit,
2757 2659 3105 2729 inﬂatumque
3125 2662 3411 2728 redarguit.

1881 2751 1936 2804 Si
1960 2766 2091 2803 vero
2116 2751 2378 2820 146ιίὺί
2402 2753 2453 2804 in
2479 2753 2659 2804 animo
2679 2759 2782 2810 est,
2807 2766 2926 2806 cum
2949 2766 3108 2819 quam
3135 2751 3414 2816 citissime,

1878 2837 2049 2889 solum
2079 2844 2304 2896 vertere,
2338 2837 2554 2898 intueri,
2579 2838 2645 2889 ad
2680 2837 2996 2889 humilitatis
3014 2837 3199 2887 turrim
3231 2838 3426 2890 incon‘

1879 2943 2089 2981 cussam
2123 2929 2385 2988 accedito,
2419 2936 2574 2996 teque
2610 2927 2831 2996 vigiliis,
2861 2935 2913 2981 et
2947 2929 3127 2981 multis
3159 2930 3416 2982 orationi-

245 3030 588 3097 προσευχαῖς,
617 3027 712 3079 καὶ
745 3031 811 3098 τῇ
843 3028 948 3081 τῶν
972 3028 1198 3098 ψαλμῶν
1251 3030 1447 3101 ἐπῳδῇ,
1488 3031 1778 3102 ὀφθαλμοῖς

1882 3018 2001 3078 bus,
2019 3027 2070 3072 et
2096 3019 2420 3086 psalmorum
2442 3025 2622 3081 cantu,
2645 3017 2806 3071 veluti
2827 3027 3101 3070 armatura
3118 3018 3413 3084 instruens,

245 3117 540 3189 θεωρήσεις
567 3118 660 3171 τοῦ
687 3118 876 3190 ἐχθροῦ
899 3120 994 3190 τὴν
1026 3121 1315 3173 ἀπώλειαν.

554 3207 679 3260 ΝΘ¹.
720 3236 783 3249 ρ-
825 3208 1140 3261 ΧΛΡΙΤΩΝΙ
1174 3209 1472 3280 ΜΟΝΑΧῼ.

314 3297 429 3350 Οὐκ
458 3296 600 3348 ἔστιν
628 3296 865 3366 ἁμαρτία
895 3299 954 3348 τὸ
997 3297 1127 3367 πρὸς
1160 3296 1331 3366 βραχὺ
1378 3301 1687 3367 προσελθεῖν
1716 3306 1778 3371 τῇ

245 3387 369 3437 καθ’
397 3387 600 3455 ἡμέραν
648 3389 819 3456 τροφῇ
874 3388 928 3437 ἐν
986 3389 1048 3455 τῇ
1097 3389 1396 3459 τεταγμένῃ
1424 3389 1560 3460 ὥρα.
1589 3392 1703 3462 Χρὴ
1727 3393 1780 3443 δὲ

243 3474 427 3526 λοιπὸν
459 3475 591 3543 μετά
613 3475 672 3526 τὸ
709 3475 1235 3544 προσταπεινωοῆναι
1264 3480 1325 3547 τῇ
1360 3478 1514 3549 χρείᾳ
1563 3481 1652 3531 τοῦ
1688 3480 1783 3531 σώ-

249 3579 437 3631 ματος,
466 3563 630 3627 ὀξέως
676 3563 834 3615 πάλιν
893 3563 968 3623 είς
1025 3562 1112 3613 τὸν
1158 3564 1377 3632 οὐρανὸν
1427 3567 1619 3634 κοῦφον
1652 3570 1778 3619 ἀνα-

227 3639 486 3719 ’πέμπειν
516 3651 576 3703 τὸ
598 3650 869 3722 φρόνημα,
890 3652 1050 3723 μηδὲν
1075 3653 1130 3704 ἐν
1152 3653 1296 3722 αὐτῷ
1320 3656 1780 3727 συνανακουφίζων

243 3741 350 3793 τῶν
375 3740 573 3810 χοῖκῶν
601 3757 818 3810 φροντισ
826 3742 1027 3811 μάτων.
1476 3751 1482 3756 ’

590 3831 662 3885 Ξ¹.
696 3862 760 3871 -
793 3833 1080 3902 ΑΔΡΙΑΝῼ
1134 3833 1437 3903 ΜΟΝΑΧῼ.

312 3925 414 3977 Διά
451 3923 504 3975 τί
538 3925 600 3976 ὲκ
649 3915 842 3991 πολλῆς
904 3925 994 3974 καὶ
1052 3924 1276 3992 ἀκαίρου
1339 3924 1612 3993 φροντίδος
1661 3941 1775 3976 κιν-

242 4013 482 4074 δυνεύεις
559 4013 637 4074 είς
709 4013 960 4063 ἀπιστίαν
1031 4015 1244 4073 πεσεῖν,
1301 4012 1609 4082 προσδοκῶν
1647 4013 1776 4064 Θεοῦ

243 4100 660 4166 ἑγκάταλειψιν,
709 4101 798 4153 καὶ
853 4100 956 4152 τῶν
1002 4101 1312 4169 ἐπιτηδείων
1369 4101 1464 4169 τὴν
1517 4101 1773 4172 {llud/tv;

248 4190 434 4256 Ἔχεις
456 4189 563 4258 γὰρ
587 4189 650 4258 δὴ
701 4193 834 4253 τέως
883 4191 1030 4253 τινάς
1071 4191 1506 4259 ἐπικουροῦντας,
1559 4191 1776 4261 καὶτῆς

244 4274 443 4342 πολλῆς
488 4289 576 4325 σου
635 4274 916 4337 ἀσθενείας
969 4275 1546 4343 ἀντιλαμόανομένους,
1582 4277 1672 4329 τόν
1714 4294 1773 4329 τε

1881 3107 2052 3161 hostis
2082 3106 2434 3176 perditionem
2469 3107 2640 3159 oculis
2676 3106 2998 3174 conspicies.

2137 3193 2271 3247 LIX.
2293 3223 2362 3233 —
2387 3192 2753 3247 CIIARITONI
2803 3192 3148 3248 MONACIIO.

1947 3284 2061 3338 Non
2094 3291 2176 3338 est
2211 3291 2500 3350 peccatum
2533 3299 2623 3349 per
2657 3283 2814 3336 breve
2849 3291 3059 3350 tempus
3104 3283 3413 3350 praescripta

1882 3374 2013 3426 hora
2074 3374 2136 3425 ad
2193 3373 2564 3441 quotidianum
2617 3374 2810 3425 victum
2869 3373 3139 3424 accedere.
3196 3374 3415 3438 Oportet

1881 3478 2026 3524 vero,
2062 3472 2341 3529 postquam
2376 3478 2431 3517 se
2477 3463 2738 3530 quispiam
2803 3463 3118 3522 necessitate
3172 3464 3412 3531 corporis

1880 3551 2198 3611 quniliavit,
2218 3567 2374 3618 quam
2413 3553 2678 3604 citissime
2709 3568 2919 3606 rursum
2947 3554 3011 3605 ad
3050 3553 3243 3605 cmlum
3270 3555 3413 3621 rogi-

1881 3644 2132 3694 tationem
2179 3641 2450 3710 expedire,
2487 3643 2616 3695 nihil
2676 3657 2856 3696 secum
2903 3659 2963 3696 ex
3008 3644 3237 3696 terrenis
3265 3645 3410 3696 curis

1877 3730 2250 3786 attrahentcm.

2171 3819 2281 3872 LX.
2314 3852 2382 3861 —
2415 3818 2713 3873 ΑῡιιιΑΝο
2765 3819 3108 3877 MONACIIO.

1947 3911 2113 3975 Quam
2146 3911 2213 3962 ob
2237 3924 2454 3962 causam
2494 3924 2556 3961 ex
2586 3910 2804 3962 immani
2841 3913 3249 3978 importunaque
3279 3927 3406 3967 cura

1877 3997 2183 4051 amittendae
2237 3997 2354 4048 fidei
2419 3997 2470 4047 in
2530 3996 2816 4048 disvrimcn
2871 3999 3052 4059 venis,
3121 4003 3407 4068 suspicans

1877 4088 2039 4140 Ilcum
2097 4097 2147 4139 te
2198 4087 2618 4147 di-rclicturum,
2679 4093 2730 4138 ct
2775 4088 3074 4139 necessaria
3127 4089 3408 4146 defutura?

1877 4176 2051 4229 Ilabes
2089 4175 2230 4228 enim
2269 4175 2318 4224 in
2358 4173 2501 4226 hunc.
2535 4173 2671 4225 diem
2709 4174 3018 4239 nonnullos,
3048 4177 3140 4243 qui
3178 4177 3272 4229 tibi
3305 4180 3405 4231 mi—

1877 4269 2127 4326 nistrant,
2162 4271 2215 4316 et
2258 4264 2309 4314 in
2342 4263 2488 4332 gravi
2522 4264 2619 4316 hac
2668 4272 2757 4316 tua
2813 4265 3124 4332 :rgritudiue
3166 4269 3408 4323 subsidio

245 4365 422 4416 πάντα
447 4360 650 4426 ἔνδοξον
689 4360 1033 4429 Ἰλλούστριον
1064 4363 1281 4430 Ἥρωνα
1334 4362 1471 4414 πάνυ
1504 4363 1610 4414 ἀπὸ
1640 4379 1776 4436 καρ-

1878 4355 2117 4420 veniunt,
2152 4361 2203 4406 et
2256 4355 2393 4407 inter
2424 4355 2560 4408 alios
2595 4369 2780 4407 omnes
2821 4356 3075 4427 inclytum
3115 4359 3407 4412 illustrem-

243 4453 360 4513 δίας
384 4452 506 4512 τοὺς
542 4450 800 4519 μοναχοῦς
837 4450 1074 4509 σέϐοντα,
1133 4451 1226 4501 καὶ
1247 4450 1335 4501 τὸν
1367 4450 1460 4502 τοῦ
1480 4451 1778 4518 ἀγιωτάτου

245 4538 538 4591 ἐπισκόπου
573 4535 900 4605 ἀδελφιδοῦν,
951 4537 1042 4587 καὶ
1072 4535 1227 4588 αὑτὸν
1279 4535 1649 4605 φιλομόναχον,
1691 4538 1780 4590 καὶ

244 4630 339 4695 τὴν
367 4628 693 4695 σεμνοτάτην
737 4626 978 4678 διάκονον
1019 4625 1110 4676 τοῦ
1177 4625 1408 4691 Χριστοῦ
1468 4627 1778 4695 Θεοδούλην.

245 4711 392 4783 Πλὴν
424 4715 516 4765 καὶ
552 4712 766 4775 τούτους
801 4713 865 4764 ἂν
886 4712 1006 4781 δόξῃ
1052 4713 1367 4778 τελευτῆσαι
1401 4714 1504 4780 πρὸ
1527 4713 1618 4766 τοῦ
1648 4718 1780 4768 ἀπο-

245 4806 426 4858 θανεῖν
449 4820 528 4866 σε,
555 4802 762 4864 πάντως
790 4801 996 4872 βλέπων
1026 4803 1051 4852 ὀ
1069 4801 1196 4860 Θεὸς
1231 4801 1288 4851 τὸ
1324 4803 1512 4869 πρᾶον,
1539 4804 1628 4855 καὶ
1652 4804 1780 4870 ἡσύ-

247 4911 361 4961 χιον
389 4895 483 4962 τῆς
499 4893 672 4961 ψυχῆς
725 4907 836 4954 σου,
887 4891 983 4958 τήν
1034 4905 1089 4939 τε
1129 4890 1566 4958 ἀπραγμοσύνην,
1599 4895 1689 4943 καὶ
1718 4892 1778 4942 τὸ

245 4980 588 5049 ἀπερίεργον,
628 4983 720 5033 καὶ
742 4981 838 5049 τὴν
875 4980 1004 5048 πρὸς
1034 4981 1090 5030 τὺ
1122 4983 1362 5049 κρεῖττον
1383 4981 1583 5049 ἀγαθὴν
1614 4999 1776 5050 προσ-ι

247 5072 477 5140 εδρείαν,
527 5072 588 5134 ἐξ
645 5071 919 5141 ἀμηχάνου
971 5071 1171 5138 πέμψει
1225 5087 1303 5121 σοι
1330 5073 1451 5131 τοὺς
1475 5072 1778 5140 διακονῆσαι

247 5163 386 5230 πρὸς
414 5160 508 5230 τὴν
532 5161 717 5229 χρείαν
754 5162 1076 5229 ὀφείλοντας.
1121 5162 1348 5213 Δύναται
1369 5160 1474 5227 γὰρ
1503 5164 1528 5211 ὀ
1564 5161 1688 5222 Θεὸς
1717 5166 1778 5215 ἐκ

244 5253 350 5303 τῶν
387 5250 544 5301 λίθων
569 5251 766 5303 τούτων
793 5252 1054 5320 ἐξεγεῖραι
1106 5253 1226 5314 τοὺς
1259 5251 1546 5320 προθύμως
1576 5253 1778 5322 ὑπηρε-

245 5338 574 5406 τησομένους
600 5341 708 5401 τοῖς
728 5341 814 5392 τὸν
846 5343 1046 5410 μονήρη
1085 5341 1488 5411 μετερχομένοις
1518 5340 1645 5408 βίον.
1685 5345 1776 5406 Τίς

247 5439 348 5498 γὰρ
377 5427 436 5497 δὴ
467 5429 524 5478 οὗ
559 5430 669 5496 μετ’
704 5430 906 5493 ἱκεσίας
941 5432 1130 5500 πολλῆς
1184 5432 1506 5502 χωρηγήσει,
1537 5432 1594 5482 οὺ
1619 5432 1776 5501 μόνον

319 5599 382 5668 εε,
409 5599 445 5652 ll
485 5598 623 5650 Pttr.
670 5616 702 5661 ι,
747 5600 826 5653 19.
903 5601 945 5631 ⁸⁸
981 5601 1138 5653 Ilebr.
1183 5617 1235 5665 ι,
1272 5602 1356 5654 3i.

1872 4461 1974 4513 que
2006 4443 2290 4508 Heronem,
2323 4445 2484 4498 nimis
2518 4460 2579 4497 ex
2614 4445 2774 4497 corde
2807 4446 3082 4499 monachis
3110 4449 3402 4511 addictum,

1872 4546 1922 4590 et
1960 4536 2288 4590 sanctissimi
2331 4536 2564 4603 episcopi
2596 4551 2656 4587 ex
2701 4534 2866 4588 fratre
2910 4547 3176 4605 nepotem,
3217 4540 3306 4606 qui
3353 4548 3406 4591 et

1870 4627 1987 4693 ipse
2017 4625 2308 4678 monachos
2352 4625 2541 4692 diligit,
2577 4632 2627 4677 et
2657 4627 3164 4680 venerabilissimam
3208 4627 3405 4680 Christi

1871 4712 2234 4765 diaconissam
2265 4711 2615 4767 'l'beodulam.
2647 4713 2710 4767 Et
2733 4715 2853 4768 licet
2891 4716 2967 4778 bi,
2994 4725 3272 4782 antequam
3296 4719 3407 4784 ipse

1873 4801 1978 4854 vita
2014 4800 2276 4872 fungaris,
2313 4801 2450 4856 diem
2481 4817 2637 4856 suum
2693 4804 2938 4862 obierint.
2981 4803 3117 4856 Deus
3161 4820 3407 4860 mansue-

1877 4891 2137 4954 tudinem,
2175 4901 2226 4946 et
2256 4895 2486 4961 quietem
2518 4894 2706 4946 anima:
2732 4903 2832 4946 tuae
2884 4892 3142 4957 intuitus,
3198 4911 3407 4949 necnon

1873 4983 2336 5049 tranquillitatem,
2362 4993 2412 5035 ct
2445 4984 2661 5051 minimc
2692 4976 2953 5036 curiusam
2987 4983 3404 5052 simplicitatem,

1873 5073 2209 5141 Optimosque
2240 5073 2303 5125 ad
2334 5074 2553 5124 meliora
2586 5077 2828 5133 conatus,
2851 5087 2911 5124 ex
2944 5073 3230 5141 improviso
3256 5074 3404 5142 147

1875 5170 2064 5229 mittet,
2103 5167 2191 5233 qui
2227 5164 2529 5218 necessitati
2554 5171 2655 5216 tum
2690 5165 3014 5219 ministrent.
3055 5167 3227 5219 Potest
3266 5167 3406 5217 enim

1877 5257 2011 5310 Deus
2042 5272 2104 5309 ex
2138 5256 2400 5323 lapidibus
2427 5254 2575 5308 hisce
2605 5257 2868 5309 suscitare
2889 5258 2951 5320 ‘6,
2985 5258 3075 5322 qui
3108 5255 3404 5306 libentissi-

1883 5362 1965 5399 me
1997 5348 2080 5407 iis,
2107 5347 2197 5413 qui
2242 5346 2590 5399 monasticam
2632 5347 2793 5398 vitam
2824 5340 3244 5411 amplectuntur,
3277 5345 3407 5396 sub-

1884 5437 2138 5489 serviant.
2192 5435 2398 5490 Etenim
2431 5437 2548 5506 quis
2580 5453 2710 5503 non,
2750 5433 3240 5503 ctianringentibus
3285 5449 3408 5503 pres

1434 5606 1476 5637 “
1499 5605 1682 5659 Matth.
1713 5621 1788 5670 ιιι,
1826 5606 1875 5657 9.
