4128 6340
816 247 913 309 2⁴27

2254 239 2314 297 S.
2355 238 2514 299 NILI

3875 240 3985 303 228

819 356 971 409 cibus
1004 351 1216 413 additis,
1261 364 1367 402 non
1401 347 1852 411 subministrabit,
1878 350 2000 401 non
2048 354 2254 401 tantum
2282 360 2345 400 ea

2450 348 2514 398 τὰ
2538 345 2636 415 τῆς
2659 344 2861 415 χρείας,
2887 343 3022 397 ἀλλὰ
3068 343 3159 396 καὶ
3188 343 3258 396 τὰ
3282 343 3417 413 ὑπὲρ
3455 344 3661 413 χρείαν,
3691 347 3801 409 τοῖς
3827 347 3985 400 εὐσε-

818 457 938 513 qu:e
964 441 1285 501 necessaria,
1321 439 1412 493 sed
1442 438 1600 493 etiam
1632 454 1748 507 quae
1777 453 1937 507 supra
1970 439 2143 506 ipsum
2184 450 2343 490 usum

822 540 944 586 sunt
975 531 1365 592 abundantius,
1419 529 1505 597 pie
1542 537 1594 581 et
1632 528 1871 580 virtuose
1915 525 2256 580 viventibus?
2288 522 2343 577 Si

819 621 959 674 enim
998 618 1236 671 homines
1270 618 1501 681 barbari,
1533 625 1585 670 et
1621 616 1709 684 qui
1736 618 1859 685 jure
1892 606 2012 669 belli
2036 614 2345 684 llierusoly-

822 727 905 764 ma
943 720 1216 778 cmperunt
1246 710 1542 780 Babylonii.
1595 711 1845 763 virtutem
1874 707 2114 763 Ieremia;
2135 705 2346 761 reveriti

821 806 967 862 sunt,
1000 813 1211 852 omnem
1242 798 1318 851 illi
1344 811 1525 851 curam
1556 796 1885 866 corporalem
1931 810 2091 863 quam
2130 794 2348 846 muniti-

820 884 1126 940 eentissime
1152 884 1529 948 exhibuerunt,
1561 898 1665 938 non
1695 884 1868 937 solum
1895 882 1959 936 ad
1997 880 2201 934 victum
2228 892 2349 948 per-

822 976 1045 1028 tinentia
1076 975 1307 1044 elargiti,
1346 974 1437 1030 sed
1473 988 1618 1038 vasa,
1649 974 1847 1049 quibus
1889 973 2062 1028 solent
2097 970 2349 1026 conviva-

822 1065 1030 1119 toribus
1069 1064 1373 1119 ministrare
1415 1082 1429 1118 :
1471 1064 1740 1134 quomodo
1772 1052 1829 1125 ii,
1875 1062 1965 1130 qui
1996 1060 2232 1129 ejusdem
2263 1073 2354 1127 ge-

824 1154 966 1208 neris
983 1154 1303 1216 sunt,vitam
1334 1154 1517 1207 virtuti
1548 1151 1780 1206 deditam
1809 1165 1915 1203 non
1942 1149 2348 1209 reverebuntur,

820 1251 874 1295 et
902 1242 1223 1311 cogitatione
1250 1256 1345 1309 per
1365 1242 1676 1310 disciplinas
1701 1241 1821 1310 plus
1840 1255 1996 1308 quam
2017 1237 2231 1293 barbari
2252 1236 2353 1305 ipsi

822 1330 887 1384 ad
908 1345 1086 1384 rerum
1113 1330 1371 1384 bonarum
1406 1331 1938 1399 comprehensionem
1969 1326 2268 1395 cxpurgati,
2301 1333 2355 1378 et

824 1422 1037 1477 virtutis
1063 1421 1438 1475 aemulatores?
1472 1420 1621 1473 Licet
1663 1420 1807 1473 enim
1847 1419 1913 1471 ad
1956 1419 2100 1472 illius
2146 1415 2355 1471 εχει-οἱς-

826 1512 955 1565 tium
984 1511 1051 1564 ob
1079 1510 1363 1563 nonnullas
1384 1524 1577 1563 causas
1597 1509 1879 1563 admovere
1911 1524 1969 1563 se
1992 1523 2097 1562 non
2123 1507 2353 1577 possint,

822 1613 937 1651 eam
983 1598 1251 1652 honorant
1290 1599 1662 1664 nihilominus,
1708 1597 1962 1667 illiusque
1996 1597 2226 1651 athletas
2259 1596 2353 1648 de-

2442 434 2572 497 6ὦς,
2619 433 2710 485 καὶ
2736 433 2963 502 σεμνῶς,
3015 434 3107 486 καὶ
3160 432 3421 502 ὲναρέτως
3479 434 3711 501 βιοῦσινς
3756 435 3820 487 EI
3873 444 3986 509 γὰρ

2442 522 2712 592 ἄνθρωποι
2768 522 3044 591 βάρϐαροι,
3093 522 3187 575 καὶ
3234 520 3464 591 πολέμου
3536 525 3681 592 νόμῳ
3730 523 3989 586 λαϐόντες

2456 611 2795 681 Ἰεροσόλυμα
2831 613 2878 662 οἱ
2939 610 3281 674 Βαϐυλώνιοι,
3321 613 3419 682 τὴν
3457 613 3654 684 ἀρετὴν
3681 614 3989 685 ᾐδέσθησαν

2443 699 2532 753 τοῦ
2568 699 2840 770 Ἰερεμίου,
2875 701 2967 753 καὶ
2990 702 3166 753 πᾶσαν
3186 700 3481 771 θεραπείαν
3501 704 3768 773 παρέσχον
3799 721 3990 774 σωμα-

2443 788 2598 855 τικὴν
2618 786 3099 856 μεγαλοψυχότατα,
3117 788 3178 840 οὐ
3199 789 3355 856 μόνον
3372 790 3438 842 τὰ
3458 790 3589 860 πρὸς
3605 790 3807 861 τροφὴν
3820 791 3989 844 δεδω·

2446 876 2616 941 κότες,
2631 876 2762 928 ἀλλὰ
2779 877 2866 929 καὶ
2892 876 3078 947 σκεύη,
3099 873 3178 940 οἷς
3198 877 3316 941 ἔθος
3340 878 3456 931 tati.
3480 879 3991 941 διακονεῖσθαιτοὺς

2448 970 2818 1039 ἑστιωμένους,
2850 971 2964 1033 πῶς
2995 971 3092 1023 οὐκ
3138 971 3541 1041 αἱδεσθήσονται
3578 972 3689 1042 βίον
3733 974 3990 1043 ἐνάρετον

2446 1062 2495 1112 oi
2533 1060 2807 1131 ὁμόφυλοι,
2846 1061 2941 1113 καὶ
2993 1060 3082 1112 τὸν
3126 1060 3381 1130 λογισμὸν
3409 1062 3472 1114 ἐκ
3515 1062 3762 1127 παιδείας
3788 1064 3993 1133 μᾶλλον

2448 1151 2538 1204 τοῦ
2590 1150 2916 1221 βαρϐαρικοῦ
2994 1150 3477 1221 διακεκαθαρμένοι
3550 1154 3686 1222 πρὸς
3734 1155 3833 1223 τὴν
3878 1153 3994 1207 τῶν

2451 1240 2628 1293 καλῶν
2655 1239 2991 1309 κατανόησιν,
3026 1240 3119 1292 καὶ
3146 1239 3343 1311 ἀρετῆς
3367 1239 3601 1311 ζηλωταί
3628 1258 3643 1306 ;
3676 1243 3736 1294 Ei
3764 1242 3869 1311 γὰρ
3894 1243 3995 1295 καὶ

2454 1329 2526 1398 μὴ
2548 1327 2853 1397 δεδύνηνται
2881 1328 3083 1399 ταύτης
3124 1329 3359 1398 ἀσκηταὶ
3408 1330 3657 1396 γενέσθαι
3703 1330 3791 1383 διά
3836 1348 3997 1394 τινας

2451 1419 2645 1482 αἰτίας,
2684 1417 2795 1469 ἀλλ’
2816 1414 2905 1471 οὖν
2935 1434 2997 1486 γε
3021 1414 3246 1487 τιμῶσιν
3275 1417 3462 1486 αὐτὴν,
3490 1420 3582 1471 καὶ
3604 1420 3726 1482 τοὺς
3752 1420 3997 1490 ἀθλητὰς

2452 1507 2618 1573 αὐτῆς
2644 1505 3024 1576 θαυμάζουσιν.
3049 1507 3139 1575 Μὴ
3183 1501 3274 1559 οὖν
3319 1506 3487 1559 πολλὰ
3537 1508 3808 1576 φρόντιζε,
3854 1509 4000 1562 ἀλλὰ

2454 1593 2592 1647 κατὰ
2612 1593 2707 1664 τὴν
2720 1592 3037 1662 παραίνεσιν
3062 1594 3260 1663 Πέτρου
3274 1595 3367 1645 καὶ
3393 1594 3605 1647 Παύλου
3628 1598 3997 1667 γρηγὸρησον,

825 1688 1081 1740 mirantes
1113 1687 1332 1740 intentis
1361 1688 1533 1743 oculis
1586 1688 2038 1757 contemplantur.
2076 1685 2153 1740 Ne
2190 1685 2354 1754 igitur

2456 1688 2546 1739 καὶ
2572 1686 2738 1755 νῆψον
2765 1687 2843 1747 εἰς
2904 1686 3224 1755 προσευχὰς,
3252 1687 3346 1739 καὶ
3381 1688 3553 1742 πᾶσάν
3592 1706 3684 1742 σου
3708 1690 3804 1760 τὴν
3834 1691 3996 1761 μέρι-

825 1775 1003 1828 multis
1027 1774 1439 1843 cegitationibus
1468 1785 1518 1829 te
1545 1791 1804 1838 maceres,
1835 1775 1949 1837 sed,
1981 1782 2040 1827 ut
2080 1773 2271 1829 Petrus
2301 1782 2354 1828 et

827 1864 1019 1918 Paulus
1050 1864 1401 1917 adhortantur
1444 1883 1457 1917 :
1504 1863 1756 1932 lnvigila,
1791 1873 1842 1917 et
1886 1863 2103 1917 sobrius
2152 1871 2269 1917 esto
2299 1863 2353 1916 in

823 1952 1156 2007 orationibus
1177 1953 1241 2015 ",
1272 1953 1554 2007 universas
1585 1962 1703 2006 tuas
1737 1952 2089 2023 cogitationes
2116 1954 2169 2007 in
2189 1952 2353 2007 Deum

826 2041 1132 2104 remittens;
1159 2058 1176 2090 ι
1198 2039 1372 2110 Prope
1392 2042 1535 2095 enim
1558 2038 1814 2094 Dominus
1833 2048 1914 2094 est
1931 2040 1996 2094 “.
2028 2059 2046 2091 ι
2084 2039 2181 2094 Et:
2210 2059 2228 2090 ι
2260 2040 2356 2094 Ni—

824 2129 899 2181 hil
935 2129 1146 2182 solliciti
1174 2128 1316 2193 sitis,
1355 2129 1450 2191 ait,
1488 2127 1583 2182 sed
1616 2129 1670 2181 in
1715 2130 1861 2181 omni
1894 2143 1952 2182 re
1981 2168 1998 2193 ,
2031 2129 2275 2182 oratione
2302 2138 2356 2182 et

825 2227 981 2281 prece
1018 2214 1283 2282 postulata
1319 2221 1494 2268 vestra
1520 2212 1629 2267 Deo
1676 2223 1805 2266 nota
1836 2213 1965 2267 (iant
1989 2214 2067 2279 ⁶⁹;
2102 2233 2120 2265 ι
2158 2222 2211 2268 et
2244 2216 2357 2283 ipso

827 2301 975 2355 vobis
1005 2303 1056 2353 in
1086 2300 1334 2355 omnibus
1361 2301 1682 2369 providebit.
1733 2301 1796 2354 Et
1834 2316 2050 2355 rursum
2088 2302 2193 2356 alio
2236 2302 2356 2356 loco

826 2388 1083 2455 scriptum
1116 2395 1199 2442 est
1232 2406 1247 2442 :
1279 2386 1547 2456 Respicite
1586 2389 1639 2441 in
1671 2389 1919 2457 antiquas
1956 2392 2351 2458 generatioms.

827 2476 955 2540 Quis
982 2474 1206 2529 credidit
1234 2490 1468 2544 unquam
1497 2473 1741 2537 Domino,
1763 2483 1816 2529 et
1841 2477 2071 2545 neglexit
2096 2478 2244 2530 illum
2272 2478 2358 2531 7°?

831 2562 1144 2616 Percurristi
1175 2562 1287 2617 haec
1308 2564 1488 2616 omnia
1522 2581 1533 2617 :
1568 2562 1702 2615 illud
1727 2572 1902 2617 tamen
1954 2564 2008 2616 in
2044 2565 2355 2630 memoriam

720 2661 723 2665 ‘
830 2650 1168 2717 adducimus.
1214 2650 1397 2704 Daniel
1449 2651 1501 2703 in
1538 2651 1671 2704 urbe
1726 2650 1990 2721 Babylone
2044 2652 2099 2705 in
2148 2651 2354 2706 foveant

828 2739 1040 2793 leonum
1072 2739 1363 2807 projectus,
1399 2739 1638 2808 nihilque
1663 2738 1733 2792 ab
1778 2739 1883 2793 illis
1912 2739 2038 2793 mali
2068 2754 2356 2809 perpessus

830 2828 1045 2881 sedebat
1072 2842 1193 2881 eum
1234 2827 1370 2883 fame
1407 2828 1750 2898 depugnans;
1798 2827 2046 2883 llabaeue
2080 2844 2208 2883 vero
2241 2844 2360 2898 pro-

2454 1791 2589 1844 μναν
2613 1776 2690 1837 είς
2703 1767 2803 1828 τὸν
2824 1775 2955 1828 Θεὸν
2986 1776 3321 1847 ὲπιρῤίψας.ι
3344 1778 3537 1846 Ἐγγὺς
3558 1782 3662 1850 γὰρ
3685 1779 3713 1830 ὁ
3733 1780 3958 1850 Κύριος,
3973 1801 3993 1832 ι

2452 1864 2545 1917 καὶ
2572 1883 2589 1914 ι
2617 1862 2797 1934 Μηδὲν
2828 1868 3139 1934 μεριμνᾶτε,
3156 1867 3335 1935 φησιν,
3353 1868 3535 1921 ἀλλ’ὲν
3552 1872 3708 1922 παντὶ
3738 1874 3803 1940 τῇ
3832 1888 4001 1942 προσ-

2451 1958 2581 2023 ευχῇ
2625 1956 2718 2007 καὶ
2759 1957 2823 2025 τῇ
2849 1955 3027 2027 δεήσει
3055 1956 3121 2008 τὰ
3148 1959 3421 2027 αἰτήματα
3465 1960 3617 2029 ὑμῶν
3650 1962 4002 2031 γνωριζέσθω

2452 2043 2586 2112 πρὸς
2615 2046 2706 2095 τὸν
2732 2043 2885 2108 Θεὸν,
2920 2063 2939 2096 ι
2970 2045 3061 2098 καὶ
3081 2046 3241 2109 αὐτὸς
3272 2048 3399 2117 ὑμῖν
3438 2050 3495 2101 ὲν
3526 2052 3655 2103 πᾶσι
3685 2056 3999 2123 προνοήσει.

2454 2133 2559 2185 Καὶ
2589 2133 2745 2186 πάλιν
2776 2134 2833 2187 ὲν
2857 2133 3023 2204 ἑτέρῳ
3046 2124 3345 2203 γέγραπται
3374 2153 3389 2168 ⁸
3435 2138 3761 2209 Ἐμόλέψατε
3795 2144 3872 2204 εἰς
3895 2144 4001 2213 ἀρ-

2453 2223 2608 2291 χαίας
2647 2224 2857 2289 γενεάς.
2919 2223 3013 2284 Τίς
3059 2225 3339 2278 ἐπίστευσέ
3404 2244 3531 2280 ποτε
3556 2229 3631 2297 τῷ
3669 2232 3872 2302 Κυρίῳ,
3906 2235 4005 2285 καὶ

2454 2314 2727 2383 ὑπερεῖδεν
2755 2314 2913 2366 αὐτόν
2936 2332 2951 2380 ;
2987 2316 3246 2382 Ἀνέγνως
3276 2318 3450 2371 πάντα
3476 2335 3491 2349 ·
3528 2320 3665 2390 πλὴν
3689 2322 4002 2393 ὑπομνήσο-

2457 2403 2555 2472 μέν
2574 2419 2653 2455 σε.
2684 2404 2875 2473 Δανιὴλ
2897 2407 2954 2456 ὲν
2977 2404 3249 2457 Βαϐυλῶνι
3301 2407 3379 2467 είς
3408 2406 3609 2460 λάκκον
3635 2408 3862 2462 λεόντων
3894 2412 4003 2480 ἑμ-

2455 2491 2799 2559 6εὕλημένος,
2834 2492 2996 2560 μηδέν
3026 2509 3084 2545 τε
3130 2492 3298 2546 δεινὸν
3324 2495 3601 2558 πεπονθὼς
3640 2496 3740 2549 ὑπὸ
3770 2498 4000 2561 τούτων,

2454 2580 2683 2650 ἐκάθητο
2705 2580 2979 2649 λιμώττων
2999 2598 3012 2610 ο
3050 2582 3355 2652 Ἀὄϐακοὺμ
3383 2583 3425 2635 δ’
3446 2586 3474 2635 ὁ
3508 2585 3786 2653 προφήτης
3809 2585 4001 2637 θεόθεν

2456 2667 2778 2733 κελευσθεὶς,
2832 2669 2924 2720 καὶ
2970 2669 3059 2721 ὑπ’
3123 2671 3349 2745 ἀγγέλου
3406 2670 3720 2739 βασταχθεὶς
3764 2673 3871 2726 ἀπὸ
3898 2674 4005 2743 τῆς

2468 2758 2719 2819 Ἰουδαίας
2756 2760 2833 2820 εἰς
2861 2757 3162 2819 Βαϐυλῶνα,
3186 2761 3278 2811 καὶ
3306 2761 3384 2822 εἰς
3415 2760 3579 2812 αὑτὸν
3615 2761 3722 2814 τῶν
3774 2762 4006 2815 λεόντων

2455 2844 2650 2897 λάκκον
2687 2844 2981 2911 διακομίζει
3004 2845 3064 2897 τὸ
3092 2847 3325 2918 ἄριστον,
3354 2849 3443 2899 καὶ
3472 2850 3635 2918 φησὶν
3663 2849 4004 2920 εὐχαριστῶν

830 2916 1007 2984 pheta,
1049 2916 1122 2969 ita
1151 2915 1257 2970 Deo
1291 2916 1531 2985 jubcnte,
1580 2924 1633 2971 et
1681 2918 1748 2970 ab
1792 2918 1983 2987 angelo
2015 2919 2261 2973 sublatus
2291 2936 2357 2973 ex

2456 2935 2483 2985 ὁ
2515 2934 2758 3003 μέγιστος
2783 2936 2995 3004 Δανιὴλ,
3030 2954 3049 2985 ι
3073 2915 3371 3006 Ἐμνήσθης
3391 2939 3497 3007 γάρ
3528 2915 3648 3006 μου,
3677 2942 3705 2991 ὁ
3727 2915 4007 3005 ⁷θεὸιςηιιιὶ

833 3004 1009 3057 Iudaea
1048 3004 1098 3057 in
1137 3004 1480 3075 Babylonem,
1533 3005 1690 3076 148
1732 3015 1786 3061 et
1840 3008 1894 3061 in
1937 3007 2106 3077 ipsam
2142 3009 2359 3064 leonum

2458 3025 2555 3077 οὐκ
2586 3027 2932 3093 ἐγκατέλιπες
2959 3028 3078 3089 τοὺς
3113 3026 3467 3095 ἐκζητοῦντάς
3505 3046 3582 3081 σε.
3632 3049 3650 3080 ι
3684 3030 3867 3083 Ταῦτα
3894 3033 4008 3085 τοί-

833 3094 1037 3146 t‘oveam
1057 3093 1334 3161 prandium
1356 3093 1526 3149 defert
1556 3112 1569 3147 :
1597 3104 1649 3148 et
1681 3095 1752 3148 ait
1781 3097 1981 3165 gratias
2004 3111 2169 3165 agens
2193 3098 2362 3150 maxi-

835 3197 953 3235 mus
986 3182 1165 3236 Daniel
1200 3201 1212 3236 :
1252 3200 1271 3232 ι
1308 3182 1590 3236 Meministi
1642 3183 1782 3236 cnim
1822 3185 1948 3246 mei,
1983 3183 2143 3249 Deus,
2168 3192 2222 3239 et
2250 3201 2359 3239 non

832 3271 1163 3339 dercliquisti
1193 3282 1489 3339 qumrentes
1528 3280 1579 3326 te
1600 3272 1664 3323 ".
1709 3290 1727 3322 ι
1764 3271 1887 3326 llaec
1910 3274 2093 3341 igitur,
2127 3282 2180 3328 et
2210 3276 2361 3329 simi-

836 3362 903 3413 lia
936 3370 1108 3414 mente
1146 3362 1411 3425 evolvens,
1454 3362 1516 3413 ad
1554 3360 1741 3425 Deum,
1789 3374 2021 3429 eumque
2073 3361 2245 3414 solum
2282 3361 2363 3413 in-

835 3460 1102 3503 cessanter
1131 3449 1448 3517 cogitatione
1476 3450 1723 3516 coniuge.

1121 3538 1252 3591 LXI.
1277 3569 1341 3577 -—-
1365 3536 1674 3591 FLORIONI
1718 3537 2066 3592 MONACIIO.

894 3627 1331 3696 'chcspondcas
1352 3627 1607 3688 animum,
1652 3625 1767 3679 licet
1803 3627 1879 3680 sis
1908 3628 2115 3680 iulirma
2154 3628 2362 3683 valetu-
2420 3640 2423 3643 ‘

838 3714 980 3777 dine,
1009 3716 1160 3782 quasi
1195 3715 1395 3767 nullum
1420 3716 1810 3768 consolatorem
1849 3714 2149 3769 habiturus.
2205 3735 2223 3766 ι
2265 3717 2366 3771 Bo-

842 3819 965 3855 num
994 3804 1133 3857 euint
1158 3791 1246 3857 est~
1267 3817 1481 3871 sperare
1518 3804 1572 3856 in
1616 3802 1922 3865 Dominum,
1965 3817 2123 3870 quam
2152 3817 2367 3871 sperare

840 3892 893 3944 in
916 3892 1181 3946 hominem
1206 3892 1270 3943 ".
1307 3911 1326 3943 ι
1365 3890 1517 3945 Viam
1544 3892 1684 3946 enim
1719 3892 1940 3945 omnino
1965 3892 2030 3945 ad
2069 3899 2213 3945 tuam
2242 3907 2368 3946 con-

842 3979 1154 4033 solationem
1188 3979 1326 4031 Deus
1350 3980 1696 4045 excogitabit,
1728 3993 1828 4032 nec
1852 3980 2024 4033 deerit
2052 3980 2117 4033 ad
2140 3981 2366 4035 salutem

838 4068 1157 4137 excogitatio
1181 4067 1451 4136 sapientia:
1490 4066 1643 4119 fonti.

1081 4156 1234 4209 LXII.
1263 4187 1331 4197 -
1355 4156 1739 4212 ATHANASIO
1788 4153 2134 4213 MONACIIO.

2460 3130 2574 3179 vuv,
2604 3115 2696 3168 καὶ
2736 3118 2803 3168 τά
2837 3116 3051 3170 τοιαῦτα
3083 3118 3218 3169 κατὰ
3261 3118 3380 3170 νοῦν
3402 3119 3719 3188 λαμϐάνων,
3752 3119 3889 3191 πρὸς
3913 3130 4005 3174 τὸν

2459 3202 2609 3268 Θεὸν,
2679 3204 2771 3257 καὶ
2813 3206 2969 3275 μόνον
3038 3206 3385 3270 ἀδιαλείπτως
3436 3210 3501 3278 τῇ
3553 3209 3761 3281 διανοίᾳ
3827 3213 4005 3268 κατά-

2461 3308 2642 3361 φευγε.

2790 3556 2906 3608 ΞΝ.
2933 3585 2997 3597 -
3027 3558 3339 3609 ΦΛΟΡΙΩΝῘ
3372 3559 3674 3627 ΜΟΝΛΧῼ.

2532 3644 2621 3713 Μὴ
2669 3642 2865 3711 ἀθύμει
2929 3645 3285 3712 ὲξασθενήσας
3328 3647 3386 3698 τὸ
3433 3649 3609 3718 σῶμα,
3648 3648 3723 3711 ὡς
3778 3649 4008 3719 μηδενὸς

2461 3732 2773 3800 τευξόμενος
2796 3732 2887 3785 τοῦ
2920 3735 3454 3805 παραμυθησαμένου.
3483 3756 3503 3789 ι
3526 3738 3745 3806 Ἀγαθὸν
3767 3740 3876 3808 γὰρ
3905 3758 4006 3793 πε-

2428 3832 2429 3835 ‘
2463 3821 2702 3874 ποιθέναι
2748 3823 2840 3874 ἐπὶ
2876 3823 3090 3893 Κύριον,
3119 3824 3150 3892 ἢ
3183 3826 3486 3879 πεποιθέναι
3530 3830 3615 3879 ἐπ’
3638 3828 3944 3896 ἄνθρωπον.
3986 3847 4003 3877 ι

2466 3908 2634 3977 Πόρον
2681 3909 2786 3978 γὰρ
2815 3910 3026 3971 πάντως
3059 3914 3192 3980 πρὸς
3233 3915 3578 3982 παραμυθίαν
3617 3931 3708 3967 σου
3732 3918 4009 3985 ὲπινοήσει

2464 3995 2613 4059 Θεὸς,
2652 3997 2743 4047 καὶ
2770 3999 2867 4047 οὐκ
2913 3999 3174 4065 ἐπιλείψει
3239 4001 3369 4067 πρὸς
3403 4001 3668 4069 σωτηρίαν
3705 4002 3916 4056 ἐπίνοια
3942 4006 4007 4073 τῇ

2468 4085 2613 4151 πηγῇ
2645 4083 2739 4151 τῆς
2769 4086 2977 4151 σοφίας.

2777 4172 2892 4225 EB’.
2924 4201 2991 4214 -—-
3021 4175 3355 4246 ΑΘΑΝΑΣΙῼ
3391 4177 3694 4250 ΜΟΝΔΧῼ.

912 4246 1031 4299 Cito
1078 4252 1130 4300 te
1174 4245 1339 4299 reduc
1397 4247 1449 4297 in
1499 4247 1917 4309 monasterium,
1963 4263 2029 4301 ex
2073 4263 2179 4316 quo
2236 4248 2363 4302 male

2539 4260 2755 4329 Ταχέως
2785 4262 3037 4315 ἐπάνελοε
3072 4264 3149 4326 εἰς
3180 4264 3239 4317 τὸ
3267 4245 3658 4336 μοναστήριον,
3679 4269 3797 4322 ὅθεν
3822 4273 4009 4334 κακῶς

843 4351 1091 4404 egressus
1154 4351 1238 4400 es,
1290 4350 1355 4389 ne
1399 4349 1632 4404 unquam
1666 4341 1815 4387 extra
1855 4335 2123 4387 stabulum
2169 4338 2373 4389 diutius

845 4432 1203 4476 commoratus
1243 4423 1695 4477 intellectualibus
1725 4422 1917 4477 belluis
1948 4422 2101 4477 cibus
2145 4424 2373 4490 olzjicia-

846 4513 943 4566 ris.
969 4512 1023 4565 Si
1050 4527 1173 4565 vero
1191 4512 1415 4567 liberare
1443 4521 1495 4568 te
1523 4513 1675 4583 culpa
1698 4521 1873 4583 putas,
1900 4513 2126 4581 ideoque
2152 4512 2374 4581 potioris

786 4592 792 4599 ’
845 4605 1120 4673 cujusdam
1156 4604 1366 4658 virtutis
1392 4607 1787 4670 exspectatione
1814 4620 1843 4658 a
1867 4606 2192 4659 monasterio
2216 4605 2373 4673 longe

846 4711 1151 4765 pererrare;
1183 4694 1467 4750 recordare
1507 4694 1651 4747 illius
1675 4695 1874 4763 eloquii
1904 4712 1917 4749 :
1956 4694 2049 4748 Est
2092 4696 2177 4749 via
2209 4711 2374 4765 appa-

847 4800 971 4841 rens
992 4786 1108 4838 viro
1145 4786 1283 4840 bona
1315 4801 1454 4849 esse,
1498 4793 1737 4839 extrema
1761 4798 1885 4837 vero
1916 4785 2059 4840 illius
2098 4792 2260 4854 agunt
2302 4786 2367 4840 ad

846 4874 1165 4943 profundum
1214 4876 1405 4929 inferni
1437 4875 1502 4929 ⁷³.
1558 4873 1777 4943 Semper
1830 4873 1971 4926 enim
2028 4874 2254 4929 Satanas
2313 4884 2366 4928 ut

848 4958 1134 5035 plurimum
1178 4966 1587 5022 rationabilibus
1634 4964 1813 5021 causis
1852 4963 2000 5018 illius
2030 4964 2364 5033 insidiarum,

847 5063 1006 5124 atque
1033 5053 1388 5123 improbitatis
1419 5057 1726 5124 inexpertos
1754 5054 2079 5123 expiscatur.

1120 5141 1295 5195 LXIII.
1322 5171 1391 5183 —
1420 5141 1710 5197 SYIIIANO
1753 5142 2092 5198 MONACHO.

916 5229 1125 5283 Attente
1148 5227 1541 5297 prudenterque
1568 5230 1863 5282 mouastico
1893 5231 2077 5286 ordine
2112 5231 2368 5285 utendum

847 5324 929 5372 est
957 5333 971 5370 :
1003 5320 1251 5388 gymnico
1280 5318 1538 5388 siquidem
1585 5318 1875 5372 certamine
1911 5329 2179 5375 certamen
2216 5319 2371 5390 ιω

994 5453 1180 5528 Il’elr.
1219 5470 1271 5516 ν,
1305 5456 1366 5528 8f,
1413 5456 1432 5507 Ι
1476 5455 1666 5528 Thess.
1701 5472 1753 5518 ν,
1793 5454 1842 5509 6.
1871 5458 1959 5528 Α⁶⁸
1992 5458 2215 5528 Philipp.
2248 5474 2318 5525 tv,
2350 5460 2399 5513 5.

918 5521 963 5554 ’³
992 5521 1132 5577 Psal.
1154 5538 1315 5590 csvtt,
1342 5526 1396 5577 8.
1470 5526 1515 5557 "
1541 5523 1697 5579 Prov.
1722 5539 1831 5588 xiv,
1865 5524 1945 5577 1‘2.

2450 4346 2701 4415 ἐξῆλθες,
2729 4351 2801 4417 μή
2832 4368 2957 4402 ποτε
2988 4352 3089 4414 ἔξω
3117 4354 3212 4420 τῆς
3244 4355 3478 4423 μάνδρας
3511 4358 3602 4408 ἐπὶ
3629 4358 3760 4410 πολὺ
3795 4359 4009 4429 διατρίυ

2466 4435 2591 4503 ψας,
2627 4435 2815 4505 βρῶμα
2842 4440 2969 4506 γένῃ
2998 4439 3103 4489 τῶν
3130 4442 3332 4507 νοητῶν
3370 4442 3586 4510 θηρίων.
3634 4446 3695 4495 Εἰ
3723 4446 3779 4496 δὲ
3828 4446 4008 4513 λέγοις

2469 4524 2760 4595 προσδοκίᾳ
2806 4526 3104 4595 κρείττονός
3158 4545 3297 4590 τινος
3326 4531 3523 4600 ἀρετῆς
3557 4533 3878 4599 ἀφίστασθαι
3913 4535 4008 4602 τῆς

2470 4614 2653 4683 μονῆς,
2696 4614 2959 4683 μνήσθητι
2996 4616 3088 4668 τοῦ
3141 4620 3376 4682 εἰπόντος
3404 4621 3503 4688 ὅτι,
3553 4622 3725 4675 Ἐστὶν
3767 4623 3883 4685 ὁδὸς
3922 4625 4009 4677 δο-

2468 4704 2635 4758 κοῦσα
2662 4706 2838 4776 ἀγαθὴ
2890 4706 3024 4761 εἶναι
3062 4708 3232 4778 ἀνδρὶ,
3278 4710 3343 4763 τά
3381 4712 3559 4781 μέντοι
3604 4713 3880 4765 τελευταῖα
3911 4716 4009 4766 αὖ·

2470 4795 2567 4862 τῆς
2598 4795 2746 4864 φέρει
2780 4798 2857 4856 είς
2886 4797 2973 4848 τὸν
2994 4799 3237 4868 πυθμένα
3265 4800 3353 4852 τοῦ
3385 4803 3530 4871 ᾅδου.
3575 4803 3683 4854 ’Λεὶ
3710 4803 3814 4871 γάρ
3850 4803 3878 4853 ὁ
3907 4806 4008 4857 Σα-

2470 4884 2635 4945 τανᾶς
2665 4883 2739 4944 ὡς
2767 4884 2856 4935 ἐπὶ
2885 4885 2943 4935 τὸ
2976 4886 3220 4939 πλεῖστον
3262 4891 3376 4949 ταῖς
3414 4890 3809 4956 εὐ).ογος,ςανῖαις
3847 4895 4008 4961 ἀγκι-

2472 4971 2680 5039 στρεύει
2704 4972 2826 5034 τοὺς
2854 4972 2949 5039 τῆς
2979 4976 3381 5043 κακομηχανίας
3406 4976 3566 5028 αὑτοῦ
3612 4978 3683 5047 μὴ
3712 4980 4007 5049 ἐσχηκότας

2469 5061 2677 5126 πεῖραν.

2793 5149 2906 5201 El".
2947 5178 3015 5189 -
3046 5151 3334 5219 Σιίηιικῼ
3373 5153 3676 5223 ΜυΝΛΧῼ.

2542 5234 2910 5305 Προπεχόντως
2941 5238 3017 5306 τῷ
3052 5239 3315 5308 μοναδικῴ
3335 5241 3588 5309 τάγματι,
3623 5245 3711 5297 καὶ
3732 5244 4007 5311 νηφαλέως

2474 5324 2764 5392 κεχρῆσθαι
2785 5326 2861 5379 δεῖ
2880 5344 2892 5355 ⁵
2923 5326 3015 5379 τοῦ
3042 5329 3145 5398 γὰρ
3176 5330 3433 5396 γυμνικοῦ
3460 5332 3682 5399 ἀγῶνος,
3700 5333 3727 5382 ὁ
3746 5334 4006 5402 ἡμέτερος

2478 5461 2520 5489 ⁸⁵³
2546 5460 2677 5515 Ibid.
2709 5463 2760 5516 θ.
2872 5465 3107 5520 ".I".ccli.
3139 5483 3195 5533 ll,
3226 5468 3306 5533 ll,
3354 5470 3435 5523 l2.
3544 5471 3586 5501 '”
3624 5470 3755 5522 Dan.
3782 5482 3891 5531 ειν,
3921 5467 4013 5521 '57.
