4128 6340
317 313 412 373 229

1461 280 1989 373 Ertsromnun
2029 315 2169 373 LIB.
2212 315 2296 373 II.
2329 314 2353 329 ‘

3388 321 3494 390 230

319 419 454 479 ἀγὼν
521 417 936 488 δυσχερέστερός
996 420 1160 478 ἐστιν,
1196 419 1309 469 ἐκεῖ
1347 416 1444 485 μὲν
1480 419 1585 486 γὰρ
1612 417 1851 486 ἀθλητῶν
1881 420 1906 474 Α

1955 427 2195 471 nostrum
2230 417 2549 472 laboriosius
2579 427 2658 472 est
2696 438 2707 471 :
2742 419 2811 472 ibi
2848 422 2986 474 enim
3025 421 3346 477 athletarum
3374 441 3494 480 cor-

320 512 536 574 σιὶιματα
598 507 832 559 κλίνεται
886 507 1169 577 ὀρθοῦσθαι
1203 506 1398 575 ῥᾳδίως
1442 507 1728 573 δυνάμενα,
1772 507 1855 556 ὲν-

314 596 476 648 ταῦθα
505 596 559 648 δὲ
592 596 757 664 ψυχαὶ
793 596 1237 659 καταπίπτουσιν,
1270 595 1333 657 ἃς,
1358 595 1501 661 ἅπαξ
1537 594 1852 663 ἀνατραπείσ-

316 701 419 747 εας,
447 685 598 753 μόλις
623 685 710 736 ἐστ
723 702 767 736 ιν
805 687 1098 754 ἀνεγεῖραι.

579 774 691 826 san
723 802 790 814 —
819 774 1148 843 rpnroeto
1179 773 1571 843 ΗΓΟΥΜΕΝῼ.

373 862 609 930 Μωῦσῆς
634 865 661 914 ό
697 877 863 930 μεγας
894 861 1215 934 ἱεροφάντης
1255 861 1358 926 ἔξω
1381 862 1478 929 τῆς
1504 861 1848 932 παρεμϐολῆς

308 950 607 1017 πηξάμενος
639 949 734 1017 τὴν
763 950 987 1018 σκηνὴν,
1023 950 1193 1021 δηλοῖ,
1247 949 1322 1011 ὡς
1361 949 1577 1020 μακρὰν
1619 949 1845 1019 οορύσου

1956 521 2106 572 pora,
2133 523 2249 575 qua:
2280 507 2423 560 facili
2455 508 2667 576 negatio
2699 507 2831 575 erigi
2872 509 3074 573 valent,
3101 511 3493 577 incurvanlur;

1953 595 2145 649 anima:
2168 598 2478 662 concidunt,
2514 612 2646 666 quas
2681 597 2846 652 semel
2899 599 3136 654 inversas
3175 618 3258 653 ιἰιι
3291 603 3490 670 erigas.

2227 769 2404 824 LXIV.
2435 802 2503 811 —
2533 769 2879 825 GREGORIO
2916 772 3180 828 ABBATI.

2017 861 2226 931 Moyses
2258 878 2482 928 magnus
2512 862 2602 915 ille
2626 877 2916 920 sacrorum
2933 865 3162 918 antistes
3194 873 3342 918 extra
3399 880 3487 919 ca-

1947 957 2055 1004 stra
2085 950 2485 1003 tabernaculum
2539 954 2870 1004 constituens
2902 954 2946 982 ⁷⁵
2990 954 3204 1016 innuit,
3265 955 3415 1023 longe
3457 970 3486 1006 a

307 1039 592 1107 πολεμικοῦ
623 1041 725 1108 χρὴ
758 1040 848 1092 τὸν
874 1040 1184 1093 διδάσκαλον
1217 1035 1391 1104 εἶναι,
1419 1040 1510 1091 καὶ
1540 1041 1723 1109 πόρρω
1750 1039 1843 1092 τοῦ

1942 1039 2173 1092 tumultu
2206 1038 2394 1092 bellico
2424 1047 2670 1107 oportere
2718 1042 3030 1106 magistrum
3064 1056 3205 1102 esse,
3243 1051 3295 1095 et
3331 1043 3488 1111 longe

305 1131 641 1196 πεφυρμένου
675 1129 994 1183 ἁπόκεισθαι
1037 1128 1428 1199 στρατοπέδου,
1471 1127 1603 1197 πρὸς
1641 1129 1840 1196 εἰρηνι-

305 1216 409 1280 κὸν,
444 1217 537 1276 καὶ
569 1217 903 1285 ἀπολέμητον
943 1217 1277 1286 μεταστάντα
1309 1215 1440 1283 βίον.

650 1305 767 1356 εει.
789 1333 857 1342 -
879 1304 1174 1372 eeoaorn
1201 1303 1502 1372 ΜΟΝΑΧῼ.

369 1395 427 1446 ΕΞ
455 1394 534 1462 τῷ
563 1393 709 1461 ζυγῷ
739 1393 838 1461 τῆς
867 1393 1218 1462 πανευφήμου
1259 1391 1566 1460 ὑποταγῆς,
1603 1389 1691 1440 τὸν
1739 1389 1837 1458 τῆς

1202 1481 1276 1549 μὴ
1308 1479 1442 1531 πολυ
1450 1479 1836 1549 πραγμονήσῃς

299 1483 466 1550 ψυχῆς
495 1501 585 1534 σου
621 1483 816 1550 αὐχένα
843 1481 1148 1544 ὑπέκλινας,

297 1574 387 1633 τὰς
406 1572 712 1641 οἰκονομίας
737 1571 828 1624 τοῦ
861 1571 1219 1640 προεστῶτος,
1251 1570 1406 1639 μόνον
1438 1570 1493 1622 δὲ
1525 1569 1590 1621 τὰ
1613 1571 1830 1620 ἐπιτασ-

298 1663 493 1728 σόμενά
521 1678 629 1726 σοι,
664 1660 763 1713 κᾶν
794 1660 983 1730 βαρέα,
1013 1660 1105 1713 καὶ
1138 1660 1364 1712 ἐπίπονα
1391 1660 1662 1728 τυγχάνοι,
1702 1673 1833 1726 προ-

1941 1129 2008 1183 ab
2041 1129 2252 1195 impuro
2282 1130 2602 1180 commorari
2639 1131 2876 1181 exercitu
2905 1169 2919 1192 ,
2953 1129 3015 1180 ad
3051 1130 3322 1196 pacificam
3366 1133 3486 1184 nul-

1940 1218 2097 1286 loque
2128 1217 2357 1268 tumultu
2391 1216 2583 1268 bellico
2614 1228 2856 1269 vexatam
2905 1219 3043 1268 viam
3091 1222 3482 1272 transvectum.

2180 1305 2334 1358 LXV.
2373 1337 2435 1347 —
2480 1305 2846 1360 TllEODOltO
2887 1304 3232 1360 ΜΟΝᾹΟΙΙΟ.

2006 1392 2062 1447 Si
2107 1394 2240 1463 jugo
2286 1395 2742 1449 deeantatissimce
2786 1395 3105 1448 obedientiaa
3159 1396 3485 1449 animaetute

1934 1484 2195 1536 cervicem
2231 1483 2547 1546 submisisti,
2583 1498 2649 1534 ne
2679 1482 2875 1536 anxius
2925 1483 3192 1552 nimisque
3233 1484 3483 1538 curiosus

1932 1573 2227 1640 superioris
2257 1574 2335 1626 tui
2368 1574 2442 1628 rei
2481 1572 2765 1627 familiaris
2803 1572 3321 1629 administrationem
3352 1590 3482 1628 exa-

1933 1665 2140 1727 mines;
2181 1672 2394 1717 tantum
2428 1680 2488 1718 ea
2519 1679 2635 1733 qua:
2665 1663 2757 1716 tibi
2791 1664 3164 1730 imponuntur,
3198 1666 3325 1718 licet
3360 1681 3480 1733 gra-

297 1724 475 1818 ούμως
503 1724 672 1803 ποιεῖν
701 1724 986 1812 σπούδαζε.
1016 1752 1088 1802 Τὸ
1123 1751 1230 1819 γὰρ
1262 1724 1711 1819 περιεργάζεσθαι
1737 1724 1832 1809 τὰς
1856 1724 1903 1800 ,Β

1933 1755 2014 1806 via
2044 1762 2095 1807 et
2127 1753 2396 1809 laboriosa
2431 1755 2566 1815 sint,
2610 1755 2771 1806 alacri
2820 1754 3018 1815 animo,
3051 1764 3108 1808 ut
3147 1754 3350 1808 efﬁcias
3396 1756 3477 1808 in-

295 1840 382 1891 τοῦ
410 1839 722 1892 διδασκάλου
761 1841 1090 1909 οἰκονομίας,
1135 1841 1229 1891 καὶ⁵
1279 1838 1590 1908 δοκιμάζειν
1633 1837 1834 1890 ἐθέλειν

1933 1843 2144 1897 rumbe.
2176 1843 2401 1899 Curiose
2426 1848 2656 1912 namque
2688 1843 2924 1906 magistri
2950 1841 3474 1897 administrationum

293 1933 356 1983 τά
385 1932 511 2001 παρ’
556 1931 721 1984 αὑτοῦ
773 1924 1240 1999 προστασσόμενα,
1274 1928 1529 1997 ἐμπόδιόν
1567 1928 1679 1980 ἐστι
1734 1927 1834 1994 τῆς

1931 1932 2249 1999 perquisitio
2279 1971 2293 1992 ,

293 2019 389 2085 σῆς
445 2019 738 2087 προκοπῆς.
785 2020 858 2070 Οὐ
908 2018 1011 2085 γάρ
1045 2019 1108 2085 δὴ
1168 2017 1381 2077 πάντως
1434 2017 1567 2084 ὅπερ
1605 2016 1826 2067 πιθανὸν
1875 2053 1880 2057 ς

291 2108 377 2157 καὶ
407 2105 620 2172 εὔλογον
655 2105 897 2172 φαίνεται
929 2106 1003 2174 τῷ
1043 2104 1269 2172 ἀπείρῳ,
1295 2102 1586 2154 τοῦτοκαὶ
1618 2100 1828 2170 ἀληθῶς

288 2195 500 2261 εὔλογόν
539 2196 714 2246 ἐστιν·
761 2194 933 2256 ἄλλως
973 2193 1078 2263 γὰρ
1118 2194 1145 2244 ό
1187 2192 1452 2261 τεχνίτης,
1486 2191 1577 2243 καὶ
1607 2190 1829 2253 ἄλλωςό

288 2286 666 2353 ἀνεπιστήμων
707 2284 880 2354 κρίνει
938 2283 1006 2336 τὰ
1047 2283 1143 2356 τῆς
1196 2284 1403 2352 τέχνης.
1435 2280 1634 2332 Κανόνι
1661 2281 1769 2350 γὰρ
1800 2282 1829 2332 ό

288 2372 384 2440 μὲν
407 2375 466 2441 τῇ
498 2373 777 2442 ἐπιστήμῃ
803 2372 1082 2441 κέχρηται.
1113 2374 1140 2424 ό
1169 2371 1224 2423 δὲ
1262 2369 1337 2440 τῷ
1362 2370 1558 2423 είκότι’
1585 2369 1645 2420 τὸ
1671 2367 1726 2420 δέ
1753 2369 1828 2422 εί-

285 2459 378 2520 κὸς
408 2459 651 2526 ὀλιγάκις
708 2459 806 2526 μὲν
842 2459 1153 2528 στοχάζεται
1207 2457 1306 2524 τῆς
1363 2456 1634 2526 ἀληθείας,
1666 2455 1734 2508 τὰ
1770 2456 1826 2508 δὲ

285 2547 450 2601 πολλά
480 2548 861 2616 ἀποτυγχάνει,
897 2547 1093 2615 μᾶλλον
1119 2547 1214 2616 τῆς
1247 2546 1532 2616 ὀρθότητος
1570 2547 1700 2615 πρὸς
1729 2547 1825 2612 τὴν

282 2634 493 2704 ἀπάτην
517 2633 633 2701 ἕχον
662 2634 757 2700 τὴν
800 2631 1135 2698 συγγένειαν.

639 2721 770 2788 Ξζῗ.
806 2751 874 2761 -—-
901 2721 1117 2790 ΓΑΛΛῼ
1160 2720 1461 2791 ΜΟΝΑΧῼ.

347 2809 414 2860 Τί
439 2827 519 2860 σοι
565 2808 752 2877 ὄφελος
796 2809 895 2878 τῆς
942 2807 1221 2874 ξενιτείας,
1269 2807 1484 2860 καὶτοῦ
1531 2808 1689 2859 πόνου
1723 2805 1823 2876 τῆς

279 2900 582 2967 άσκησεως,
631 2899 720 2950 καὶ
764 2898 862 2968 τῆς
907 2899 1101 2968 πολλῆς
1132 2897 1514 2968 ταλαιπωρίας,
1569 2897 1723 2950 πάλιν
1756 2900 1819 2968 τῇ

279 2988 474 3057 καρδία
506 2989 583 3049 εἰς
636 2987 903 3054 Αἴγυπτον
949 2987 1313 3056 στρεφομένῳ,
1356 2986 1450 3040 καὶ
1482 2986 1820 3056 καθεκάστην

280 3077 465 3144 σχεδὸν
507 3077 716 3146 ἡμέραν
745 3075 830 3132 διὰ
854 3076 960 3128 τῶν
985 3076 1274 3129 ἐπιστολῶν
1304 3079 1412 3138 τοῖς
1426 3078 1639 3137 οἰκείοις
1657 3092 1820 3146 προσ-

277 3165 570 3234 ομιλοῦντι,
613 3167 701 3217 καὶ
726 3166 803 3235 τῷ
848 3165 1088 3235 διαπύρῳ
1139 3165 1340 3234 φίλτρῳ
1373 3166 1468 3234 τῆς
1509 3165 1822 3231 συγγενείας

277 3253 736 3321 ἀποσφαλλομένῳ
792 3253 890 3323 τῆς
943 3251 1312 3320 τελειότητος;
1367 3253 1516 3320 Τάχα
1569 3255 1675 3320 γὰρ
1723 3253 1821 3303 οὐκ

278 3346 512 3412 ἤκουσας
557 3343 644 3393 τοῦ
680 3342 879 3410 Κυρίου
910 3341 1264 3408 ἐπιτιμῶντος
1291 3344 1355 3410 τῇ
1404 3342 1588 3410 Μαρία
1623 3344 1679 3392 ἐν
1711 3343 1820 3404 τοῖς

281 3433 592 3499 συγγενέσιν
621 3432 945 3502 ὲπιζητοὺσῃ
976 3430 1154 3496 αὐτὸν,
1181 3432 1275 3483 καὶ
1308 3432 1398 3483 τὸν
1433 3431 1685 3498 φιλοῦντα
1712 3448 1817 3484 πα-

275 3522 433 3590 τέρα,
462 3521 493 3588 ἢ
528 3520 737 3589 μητέρα
762 3522 898 3589 ὑπὲρ
920 3521 1097 3585 αὑτὸν,
1134 3521 1407 3590 κρίνοντος
1452 3519 1664 3585 ἀνάξιον
1697 3523 1821 3572 ἐαυ-

275 3609 392 3673 τοῦ,
427 3611 520 3664 καὶ
545 3609 632 3662 διὰ
671 3613 777 3662 τῶν
820 3613 989 3681 λόγων
1022 3611 1221 3665 τούτων
1263 3610 1543 3681 ἀραρότως
1587 3611 1820 3679 ἔκλειψιν

274 3702 386 3753 τῶν
410 3702 737 3769 συγγενικῶν
764 3702 1146 3772 ὑποτιθεμένου
1177 3701 1390 3770 δεσμῶν
1414 3719 1426 3764 ;
1473 3702 1532 3754 Ei
1561 3700 1690 3768 γοῦν
1721 3719 1820 3753 κα-

273 3789 596 3852 ταλέλοιπας
620 3791 716 3859 τὴν
742 3791 985 3861 Χαρρὰν,
1017 3792 1150 3859 ὅπερ
1180 3789 1535 3857 ἑρμηνεύεται
1568 3789 1815 3856 τρώγλη,

275 3879 435 3932 τοῦτο
457 3880 512 3933 δὲ
538 3881 785 3948 σημαίνει
814 3879 910 3942 τὰς
932 3879 1229 3948 αἰσθήσεις,
1263 3880 1352 3929 καὶ
1379 3880 1440 3929 ἐκ
1464 3879 1560 3946 τῆς
1583 3878 1819 3939 κοιλάδος

275 3971 500 4040 Χεϐρὼν
525 3969 763 4038 ἐξῆλθες,
792 3957 1029 4022 τουτέστι
1057 3968 1162 4020 τῶν
1205 3967 1471 4020 ταπεινῶν
1514 3967 1688 4036 ἔργων
1723 3966 1821 4034 τῆς

277 4059 567 4124 ἁμαρτίας,
598 4059 693 4108 καὶ
715 4059 777 4109 ἐκ
801 4059 897 4124 τῆς
924 4060 1149 4126 ἐρήμου,
1181 4057 1302 4109 καθ’
1334 4057 1399 4125 ἢν
1431 4056 1664 4121 γίνονται
1687 4055 1820 4107 πλά-

288 4165 385 4209 ναι,
419 4145 646 4197 σπεῦσον
674 4148 1076 4214 μετοικισθῆναι
1110 4147 1248 4200 κατὰ
1292 4147 1415 4206 τοὺς
1458 4146 1816 4212 πατριάρχας,

278 4237 354 4295 είς
386 4233 656 4302 Δωθαεὶμ,
706 4234 948 4284 τουτέστι
977 4237 1055 4294 εἰς
1082 4235 1177 4301 τὴν
1212 4234 1396 4299 ἱκανὴν
1437 4233 1674 4299 ἔκλειψιν
1721 4232 1818 4299 τῆς

2373 1941 2427 1986 et
2483 1939 2869 2000 praeceptorum
2923 1931 3067 1985 illius
3120 1933 3364 2006 probatio
3398 1934 3474 1986 tui

1929 2021 2203 2087 prolectus
2262 2021 2645 2096 impedimento
2692 2029 2795 2072 est.
2849 2019 3030 2086 Neque
3063 2023 3203 2073 enim
3255 2023 3482 2076 omnino
3534 2046 3537 2048 >

1927 2107 2068 2177 quod
2104 2123 2230 2162 vero
2259 2108 2436 2162 simile
2499 2123 2562 2161 ac
2612 2108 2810 2161 rationi
2855 2123 3151 2161 consonum
3201 2109 3475 2176 inexperto

1926 2196 2158 2260 videtur,
2207 2197 2306 2249 hoc
2346 2212 2471 2250 vere
2514 2196 2714 2250 rationi
2782 2210 3082 2248 consonum
3156 2203 3258 2248 est.
3309 2197 3478 2249 Aliter

1924 2286 2068 2339 enim
2101 2284 2317 2347 artifex,
2353 2294 2406 2337 et
2433 2285 2588 2339 aliter
2616 2285 2748 2338 artis
2784 2285 3026 2357 ignarus,
3061 2298 3123 2337 ea
3175 2301 3295 2354 quae
3336 2287 3470 2340 artis

1923 2381 2070 2434 sunt,
2098 2373 2397 2441 dijudicat:
2431 2374 2614 2441 regula
2653 2372 2796 2425 enim
2847 2373 2938 2425 ille
2970 2372 3188 2436 quidem
3233 2373 3472 2427 scienter

1923 2464 2115 2525 utitur,
2146 2463 2235 2516 hic
2276 2461 2639 2516 convenienti.
2662 2459 2764 2514 Sed
2788 2461 3118 2514 conveniens
3131 2476 3253 2515 raro
3268 2463 3468 2516 verita-

1924 2562 2028 2606 ιιιιιι
2059 2554 2314 2616 collimat,
2337 2563 2392 2605 ut
2417 2553 2705 2620 plurimum
2727 2563 2851 2604 vero
2865 2550 2931 2602 ab
2953 2565 3014 2602 ea
3045 2550 3277 2614 aberrat,
3299 2553 3474 2620 magis

1922 2641 1986 2694 ad
2002 2657 2407 2710 erroremquam
2432 2641 2494 2694 ad
2513 2639 3227 2702 recti!ullinent,aflinitatem
3245 2641 3468 2696 habens.

2130 2729 2285 2796 150
2335 2729 2517 2782 wa.
2560 2758 2627 2769 -
2660 2727 2883 2780 eam)
2919 2727 3261 2786 nonanno.

1988 2817 2120 2883 Quis
2154 2819 2249 2872 tibi
2286 2833 2418 2872 usus
2451 2817 2620 2869 fuerit
2660 2817 3154 2884 peregrinationis,
3220 2825 3273 2871 et
3314 2833 3470 2872 exere

1921 2904 2193 2958 citationis
2237 2904 2544 2965 laboriosae,
2572 2914 2624 2956 et
2673 2913 2777 2956 tam
2823 2903 3079 2958 immanis
3127 2903 3464 2969 amictionis,

1925 3007 2133 3046 rursum
2176 2991 2338 3045 corde
2371 2993 2424 3044 in
2458 2991 2748 3062 Egyptian
2785 2993 3098 3056 revertenti,
3140 3001 3194 3047 et
3239 2993 3469 3062 singulis

1923 3080 2034 3135 fere
2064 3081 2255 3135 diebus
2284 3095 2379 3149 per
2407 3082 2667 3149 epistolas
2721 3080 3083 3136 familiaribus
3116 3083 3466 3151 colloqucntl,

1919 3180 1972 3224 et
2031 3171 2240 3224 ardenti
2278 3171 2620 3240 cognationis
2657 3171 2908 3238 cupidine
2934 3185 2962 3222 a
3005 3171 3332 3239 perfectione
3372 3171 3465 3224 de-

1917 3261 2120 3313 erranti
2149 3259 2170 3312 ?
2195 3258 2356 3314 Forte
2383 3260 2525 3314 enim
2568 3277 2672 3313 non
2724 3262 2926 3313 audisti
2951 3259 3232 3313 Dominum
3287 3261 3464 3314 Mariae

1919 3348 2369 3416 erprobrautem,
2401 3346 2542 3416 quod
2573 3347 2712 3400 inter
2751 3346 3183 3415 consanguineos
3207 3362 3326 3399 cum
3376 3347 3461 3399 iu-

1917 3437 2225 3503 quireret”;
2254 3438 2408 3504 eique
2435 3436 2524 3503 qui
2555 3445 2756 3503 patrem
2788 3444 2840 3488 et
2875 3446 3095 3488 matrem
3145 3435 3264 3503 plus
3298 3451 3462 3502 quam

1920 3528 2069 3579 illum
2120 3534 2348 3586 amaret,
2401 3527 2582 3593 seipso
2628 3525 2907 3595 indignum
2938 3525 3362 3592 iudicantem",
3407 3533 3459 3576 et

1918 3631 2012 3683 per
2045 3616 2158 3668 htec
2194 3616 2360 3668 verba
2397 3604 2621 3668 li'rmiter
2661 3615 3186 3682 consanguineorum
3218 3613 3460 3665 vinculo-

1913 3695 2037 3759 rum
2075 3703 2398 3758 solutionem
2461 3705 2898 3772 supponentem?
2946 3703 3127 3770 Itaque
3171 3703 3214 3755 si
3269 3703 3457 3754 dereli-

1919 3794 2082 3861 quisti
2114 3792 2380 3854 Cltarran,
2405 3807 2524 3861 quae
2560 3794 2944 3860 interpretatur
2981 3792 3154 3853 uidua,
3200 3790 3284 3842 hic
3331 3805 3459 3841 vero

1917 3883 2093 3934 innuit.
2125 3897 2354 3943 sensus,
2391 3891 2444 3933 et
2487 3895 2550 3933 ex
2578 3881 2714 3932 valle
2748 3880 2997 3932 Chebron
3041 3879 3220 3931 exiisti
3251 3879 3320 3938 ",
3355 3877 3456 3931 hoc

1927 3977 2094 4023 estex
2133 3968 2346 4020 miseris
2384 3968 2584 4034 peccati
2607 3967 2884 4035 operibus,
2905 3974 2958 4019 et
2979 3980 3040 4018 ex
3070 3965 3281 4019 deserto
3307 3981 3454 4020 erm-

1918 4058 2062 4111 t'ibtts
2088 4055 2343 4120 obnoxio,
2371 4055 2658 4116 contende,
2693 4064 2744 4107 ut
2789 4055 3159 4116 trausferaris,
3193 4055 3452 4122 quemad-

1917 4145 2134 4199 modum
2166 4152 2219 4196 et
2248 4145 2588 4212 patriarchae,
2617 4145 2669 4196 in
2702 4143 2945 4196 Dothaitn
2969 4143 3036 4204 ’⁸,
3086 4144 3188 4196 hoc
3219 4151 3302 4196 est
3336 4143 3451 4214 suf-

1918 4236 2184 4288 lieicutettt
2242 4231 2508 4286 defectum
2561 4249 2768 4285 carnem
2831 4233 3148 4286 :tﬂ‘ectionis.
3207 4231 3452 4286 Dotltaitu

279 4323 544 4392 σαρκικῆς
568 4321 948 4390 προσπαϐείας’
967 4321 1214 4387 Δωθαεὶμ
1233 4319 1336 4387 γάρ
1359 4320 1533 4383 ἱκανὴ
1553 4319 1817 4385 ἔκλειψις
1850 4342 1891 4396 D

1927 4338 2152 4391 namque
2189 4323 2453 4390 sufﬁciens
2528 4322 2751 4392 defectus
2823 4323 3234 4391 interpretatur.
3298 4323 3451 4388 cujus

276 4411 653 4482 ἑρμηνεύεται,
699 4406 876 4482 ἧσπερ
913 4411 1181 4476 ἐπιτυχεῖν
1210 4408 1556 4475 ἀγωνίζονται
1591 4408 1810 4471 πάντες,

272 4506 392 4556 ὅσοι
421 4503 694 4574 ὀρέγονται
729 4502 825 4569 τῆς
859 4499 1274 4570 μακαριωτάτης
1307 4497 1585 4558 ἀπαθείας.

307 4611 897 4667 ΞΖ¹.--ΕΛΕΥθΕΡῙΩ
926 4611 1207 4662 ΜΟΝΛΧΩ
1234 4611 1367 4660 ΛΠυ
1394 4607 1783 4661 ΝΟΥΜΕΡΩΝ.

345 4764 459 4814 Οὐκ
482 4760 808 4830 ἀποδέχομαι
830 4777 887 4811 σε
919 4760 1046 4829 πρὶν
1070 4759 1294 4826 ἐκκόψαι
1320 4758 1384 4811 τὰ
1410 4757 1572 4825 πάθη,
1601 4758 1814 4827 μυρίαις

1911 4421 2188 4482 compotes
2222 4412 2331 4468 fieri
2363 4414 2711 4477 contendunt,
2743 4413 3053 4483 quicunque
3085 4415 3449 4469 beatissimam

1910 4505 2058 4558 il'am
2122 4505 2578 4573 perturbationum
2658 4504 2978 4557 vacuitatem
3037 4505 3446 4570 concupiscunt.

2063 4611 2266 4667 LXVlI.
2305 4643 2372 4652 —
2400 4611 2830 4666 ELEUTHERIO
2855 4609 3178 4667 MONACHO
3213 4610 3300 4664 EX

2519 4681 2842 4736 NUMERIS.

1981 4768 2094 4822 Non
2117 4770 2327 4838 excipio
2347 4778 2416 4829 te,
2445 4770 2493 4822 ni
2516 4771 2664 4839 pritts
2684 4769 3112 4837 perturbationes
3135 4766 3443 4831 abscindas,

272 4850 552 4918 χρώμενον
585 4851 904 4918 συντυχίαις,
954 4850 1046 4900 καὶ
1079 4847 1364 4916 τραύματα
1418 4848 1508 4897 ἐπὶ
1551 4846 1819 4913 τραύμασι

1927 4855 1999 4921 ιιιί
2027 4856 2324 4908 innumeris
2354 4855 2731 4923 congressibus
2759 4855 2944 4913 uteris,
2965 4860 3017 4902 et
3044 4853 3261 4905 vulnera
3281 4868 3440 4921 super

271 4943 340 5007 τῇ
369 4939 571 5008 διανοίᾳ
594 4939 683 4992 διὰ
722 4939 826 4990 τῶν
849 4938 1144 5007 αἰσθήσεων
1177 4935 1497 5003 σωρεύονται
1522 4975 1536 4994 ,
1589 4935 1680 4986 καὶ
1711 4934 1818 5002 μά-

1927 4945 2132 4997 tulttera
2162 4944 2321 4996 menti
2349 4959 2438 5011 per
2472 4957 2660 4995 sensus
2682 4954 2991 5009 exaggeras,
3019 4954 3188 5007 eoque
3224 4942 3435 5011 potissi-

272 5027 413 5080 λισο⁴
460 5029 540 5079 ὅτι
585 5029 641 5091 ἐξ
669 5026 1004 5095 ἠμελημένον
1053 5026 1144 5076 καὶ
1172 5023 1474 5091 ἀκαθάρτου
1516 5021 1626 5089 βίου
1681 5022 1816 5092 πρὸς

1927 5049 2080 5095 num,
2120 5033 2261 5100 quod
2291 5048 2352 5085 ex
2388 5031 2597 5098 abjecto
2627 5039 2680 5083 et
2713 5030 2922 5099 impuro
2951 5030 3069 5083 vitm
3100 5031 3344 5084 inStituto
3374 5031 3439 5079 ad

271 5118 373 5186 τῆν
420 5115 614 5185 ἀρετὴν
664 5115 758 5166 τοῦ
807 5113 1036 5184 Χριστοῦ
1089 5113 1490 5182 μετοικισθῆναι
1547 5115 1815 5184 προείλου.

1927 5123 2162 5175 virtutem
2189 5119 2384 5172 Christi
2420 5118 2626 5171 traduci
2656 5117 2904 5186 elegeris.
2928 5117 3261 5185 Qutpropter
3288 5114 3436 5182 151

270 5207 477 5274 Διόπερ
524 5205 808 5274 Οεράπευε,
862 5207 933 5275 μὴ
963 5205 1143 5273 μέντοι
1190 5204 1384 5268 αὖξανε
1439 5207 1554 5265 ταῖς
1614 5205 1814 5271 ἀφυλά-

1927 5224 2064 5268 tana,
2117 5223 2223 5260 non
2276 5208 2400 5259 item
2448 5206 2654 5275 atlauge
2704 5206 3016 5276 itnprovitlis
3069 5201 3440 5269 congressibus

267 5311 428 5355 κτοις
484 5296 785 5362 συντυχίαις
829 5297 902 5348 cit
929 5297 1201 5364 νοσήματα
1260 5297 1354 5364 τῆς
1387 5295 1580 5363 ψυχῆς.
1632 5296 1811 5346 Ἔοικε

1927 5296 2256 5365 rgritudiues
2284 5295 2492 5350 anima}.
2529 5295 2676 5350 Meus
2719 5298 2860 5350 enim
2897 5307 3100 5349 eorum,
3132 5290 3219 5356 qui
3254 5303 3439 5344 recens

267 5390 386 5457 γὰρ
418 5387 446 5438 ό
473 5383 590 5446 νοῦς
615 5385 720 5438 τῶν
759 5384 1075 5454 προσφάτως
1110 5386 1202 5454 τῆς
1233 5386 1423 5449 κακίας
1466 5388 1809 5454 ἀνακεχωρη-

1927 5385 1979 5436 ιι)
2012 5383 2354 5452 improbitate
2383 5390 2742 5447 secesserunt,
2772 5381 2963 5437 similis
2985 5384 3066 5431 est
3092 5377 3303 5445 corpori
3327 5387 3439 5431 tum

862 5207 933 5275 μὴ
963 5205 1143 5273 μέντοι
1190 5204 1384 5268 αὖξανε
1439 5207 1554 5265 ταῖς
1614 5205 1814 5271 ἀφυλά-

2010 5558 2051 5585 ⁷⁷
2086 5555 2216 5609 Cen.
2251 5570 2348 5622 xu,
2373 5558 2423 5610 4.
2503 5555 2544 5586 ’⁸
2578 5554 2931 5616 ch.xxxvu,
2964 5551 3045 5605 l7.

343 5559 394 5592 ⁷⁸
418 5555 586 5611 Exod.
620 5570 807 5620 xum,
842 5554 891 5607 Ἰ.
966 5557 1008 5587 ’⁸
1045 5556 1173 5609 Luc.
1217 5572 1273 5620 ιι,
1301 5557 1386 5610 tot
1464 5557 1508 5586 ⁷⁸
1545 5556 1723 5610 Matth.
1765 5575 1816 5621 ιι,
1848 5556 1933 5608 57.
