4128 6340
245 221 343 282 233

1442 215 1968 276 EPVISTOLARUM
2007 213 2150 273 LIB.
2189 211 2263 271 II.

3325 214 3425 274 234

245 334 491 403 βόρϐορον
524 332 628 383 τῶν
687 331 1002 401 Ἑλληνικῶν
1049 332 1263 401 βίϐλων,
1305 331 1390 384 ἵνα
1424 332 1473 382 τί
1500 349 1586 398 μοι
1616 347 1776 382 σπου-

1908 330 2140 383 ιιιι·οιίιιιι
2177 329 2386 390 sordes,
2424 329 2551 396 quid
2587 329 2683 382 tibi
2726 340 2829 381 tam
2860 329 3083 390 scdulo,
3137 341 3424 401 postquam

245 425 397 484 διίως
430 422 799 492 συναθροίζεις
833 423 968 492 μετᾶ
1001 423 1097 491 τὴν
1125 422 1400 491 ἁποταγὴν
1424 422 1479 472 ἐν
1517 421 1591 490 τῷ
1621 439 1781 489 μονα-

247 523 441 582 στηριῳ
470 513 778 580 ἀνωφελῶς,
823 514 1018 583 μᾶλλον
1050 514 1093 563 δ’
1133 512 1473 576 ὲπιϐλαὸῶςς
1535 511 1782 579 Ἀποκρί-

246 604 359 673 θητι
387 605 538 672 ἡμῖν,
563 598 608 657 ῶ
640 604 735 672 τῆς
763 603 1248 672 ματαιοφροσύνης,
1276 603 1370 654 καὶ⁹
1393 603 1491 670 τῆς
1519 601 1784 652 ταλαιπω-

249 693 359 760 ρίας
385 694 586 763 ἀνθηρὲ
616 693 1014 762 χαλκαλέκτωρ.

603 781 717 837 ΟΔ’.
748 811 816 821 -—
844 783 1102 850 ΠΙΣΙΜΙῼ
1130 782 1435 850 ΜΟΝΑΧῼ.

316 873 754 942 Προσευχομένου
793 871 885 924 τοῦ
911 853 1180 924 Δεσπότου
1239 870 1409 939 Ἰησοῦ
1456 871 1512 921 ἐν
1546 869 1623 938 τῷ
1652 869 1784 938 ὄρει,

245 966 478 1034 ἔλαμψεν
506 966 566 1016 τὸ
588 966 896 1032 πρόσωπον,
927 965 1020 1017 καὶ
1039 962 1278 1033 ἧστραψε
1299 961 1366 1013 τὰ
1393 962 1578 1027 ἱμάτια
1604 958 1787 1022 αὑτοῦ,

243 1058 376 1126 ὅπερ
402 1055 718 1123 συμϐαίνειν
747 1055 933 1107 εἴωθεν
963 1057 1073 1116 τοῖς
1115 1049 1534 1120 φιλοπονώτερον
1566 1052 1630 1116 τῇ
1659 1049 1789 1118 εὐχῇ

240 1147 595 1216 προσανέχειν
645 1146 998 1209 σπουδάζουσι
1055 1145 1333 1212 μοναχοῖς·
1373 1141 1636 1208 ἐκλάμπει
1686 1140 1792 1207 γὰρ

241 1236 541 1304 τηνικαῦτα
565 1236 624 1288 τὸ
659 1236 945 1306 πρόσωπον
974 1235 1069 1302 τῆς
1095 1233 1270 1302 ψυχῆς
1288 1273 1302 1296 ,
1355 1233 1448 1283 καὶ
1498 1230 1790 1297 ἀστράπτει

240 1329 267 1377 6
288 1326 492 1395 ταύτης
525 1326 751 1396 ἀόρατος
782 1324 1087 1388 στολισμδς,
1121 1325 1255 1393 ὅπερ
1283 1325 1332 1373 οἱ
1361 1322 1542 1374 πολλοὶ
1572 1320 1792 1387 ἀγνοοῦ-

243 1431 344 1466 σιν.

647 1504 764 1557 ΟΕ’.
795 1533 861 1542 ——
889 1503 1056 1571 ΖΩΣᾼ
1089 1503 1388 1570 ΛΣΚΗΤῌ.
1465 1552 1489 1559 _

322 1594 380 1646 Ὀ
413 1595 674 1663 μακάριος
710 1591 908 1661 Πέτρος
937 1582 1058 1641 ἀντὶ
1077 1591 1173 1659 τῆς
1204 1591 1504 1659 ἀνθρακιᾶς
1530 1592 1621 1658 τῆς
1652 1590 1708 1640 ἐν
1728 1589 1792 1656 τῇ

240 1687 379 1756 αὺλῇ
419 1687 658 1751 Καῖάφα,
684 1684 808 1736 ἔνθα
831 1684 921 1736 καὶ
948 1684 1262 1753 ἐπειράσθη,
1292 1683 1438 1736 θείαν
1462 1675 1624 1752 ηὗρεν
1646 1682 1798 1734 ὕστε-

245 1794 337 1845 ρον
370 1778 662 1845 ἀνθρακιὰν
687 1777 743 1828 ἐν
775 1778 839 1844 τῇ
877 1765 1193 1842 Τιϐεριάδιί
1235 1775 1438 1844 γυμνὸς
1475 1773 1581 1842 γὰρ
1613 1772 1686 1825 ὣν
1714 1771 1800 1825 διὰ

239 1865 339 1933 τὴν
367 1867 590 1934 ἄρνησιν
611 1883 624 1895 ·
674 1866 806 1918 ἀλλὰ
839 1864 912 1934 μὴ
943 1866 1171 1935 νομίσῃς
1206 1883 1275 1934 με
1326 1864 1533 1918 ἀθετεῖν
1567 1865 1660 1933 τὴν
1694 1863 1800 1915 τῶν

242 1957 592 2022 Εὑαγγελίων
646 1957 902 2025 ἱστορίαν,
939 1961 1029 2008 καὶ
1079 1957 1136 2008 τὸ
1161 1957 1349 2024 νοητὸν
1396 1956 1795 2024 καταμίγνυμι·

240 2047 446 2113 γυμνὸς
495 2047 674 2097 τοίνυν
727 2046 983 2112 ὑπάρχων
1037 2048 1064 2095 6
1118 2047 1387 2112 μακάριος
1447 2046 1668 2112 Πέτρος,
1711 2045 1800 2095 τὸν

241 2134 538 2198 ἐπενδύτην
565 2135 661 2201 τῆς
682 2134 760 2194 εἰς
782 2135 1013 2202 Χριστὸν
1037 2134 1247 2198 ἐλπίδος
1269 2132 1676 2200 περιζίῖλννυται,
1708 2135 1800 2183 καὶ

241 2222 430 2288 βάλλει
461 2222 646 2272 ἑαυτὸν
670 2223 749 2282 είς
773 2223 869 2290 τὴν
910 2221 1178 2283 θάλασσαν
1207 2222 1312 2273 τῶν
1351 2221 1676 2288 οἱκτειρμῶν
1707 2219 1799 2271 τοῦ

239 2311 404 2374 Θεοῦ,
445 2313 534 2363 καὶ
558 2307 687 2380 ἦλθε
713 2311 846 2380 πρὸς
892 2312 1093 2380 Ἰησοῦν
1131 2311 1315 2379 ὥσπερ
1360 2311 1544 2361 ἁλύσει
1588 2311 1693 2360 τινὶ
1725 2309 1800 2377 τῷ

241 2402 397 2466 πόοῳ
428 2401 731 2469 ἑλκόμενος,
786 2402 878 2451 καὶ
910 2392 1100 2468 ἐπειδὴ
1146 2397 1212 2468 ἦν
1267 2399 1610 2461 κεκοπιακὼς
1638 2401 1693 2452 ἐν
1726 2398 1802 2467 τῷ

241 2489 425 2557 καιρῷ
451 2487 548 2555 τῆς
579 2490 873 2557 ἀρνήσεως,
898 2490 986 2541 καὶ
1020 2480 1314 2556 μοχθήσας,
1361 2491 1455 2540 καὶ
1488 2489 1802 2558 πικρανθεὶς

242 2575 322 2644 τῷ
353 2576 632 2645 κλαυθμῷ,
689 2577 779 2627 καὶ
826 2579 889 2644 τῇ
942 2577 1084 2646 λύπῃ
1119 2577 1400 2646 στερηθεὶς
1448 2579 1541 2629 τοῦ
1575 2580 1800 2648 Κυρίου,

242 2667 586 2735 ἀνεκτήσατο
632 2666 792 2717 αὑτὸν
837 2668 864 2717 ὁ
912 2667 1038 2728 ἴδιος
1089 2668 1361 2734 Δεσπότης
1394 2667 1459 2734 τᾷ
1518 2667 1802 2736 θαυμασίῳ

242 2756 420 2824 ἄρτῳ,
448 2758 538 2807 καὶ
575 2755 860 2824 παραδόξῳ
888 2756 1047 2825 ίχθύῐ,
1075 2754 1166 2810 καὶ
1194 2758 1332 2823 μετὰ
1370 2758 1430 2808 τὸ
1459 2756 1674 2826 ἄριστον
1709 2755 1802 2809 λα-

240 2843 329 2898 λεῖ
354 2845 503 2914 αὖτῷ
535 2847 562 2896 ὁ
591 2846 776 2915 Σωτὴρ
836 2846 1187 2916 ἐπιθυμοῦντι
1243 2847 1469 2898 ἀκοῦσαι
1503 2850 1599 2916 τῆς
1629 2865 1801 2916 μακα-

1886 420 1993 473 illis
2024 421 2419 474 abrenuntiasti
2447 455 2462 478 .
2506 422 2624 475 sine
2657 422 2766 475 ullo
2808 422 3125 483 commodo,
3168 424 3273 475 imo
3319 435 3424 476 tam

1886 512 2045 564 uoxic
2064 513 2116 564 in
2149 514 2482 566 monasterio
2505 515 2780 582 congeris?
2806 512 2849 567 Ο
2871 514 3180 567 vanissimas
3202 515 3429 582 hujusce

1885 609 1936 653 et
1966 602 2280 654 miserrimae
2312 602 2578 657 l‘atttitatis
2611 604 2799 658 ﬂoride
2843 606 3124 666 eollector,
3167 607 3429 672 responde

1888 691 2035 744 mihi.

2160 781 2386 838 LXXIV.
2427 815 2495 824 ——
2525 784 2774 839 PISIMIO
2817 785 3163 842 MONACHU.

1957 869 2158 926 Orante
2198 873 2427 930 Domino
2471 874 2597 930 Jesu
2632 878 2685 929 in
2721 890 2936 942 monte,
2977 878 3140 931 facies
3187 878 3306 945 ejus
3351 892 3437 931 re—

1891 962 2184 1028 SpIenduit,
2204 972 2257 1016 et
2285 966 2607 1020 vestimenta
2645 966 2912 1020 fulserunt
2932 968 2974 996 ⁸³
3003 986 3014 1019 :
3039 967 3182 1035 quod
3219 969 3438 1021 evenire

1891 1051 2067 1104 suevit
2104 1053 2170 1106 iis
2205 1055 2295 1122 qui
2329 1057 2731 1115 contentiosius
2789 1058 3154 1122 attentiusqnc
3199 1057 3434 1109 orationi

1893 1141 2213 1196 incumbunt
2270 1146 2580 1200 monachis.
2621 1146 2774 1200 Tune
2826 1149 2968 1200 enim
3021 1151 3210 1199 animae
3272 1146 3436 1199 facies

1892 1232 2159 1297 Splendet,
2212 1235 2469 1304 illiusque
2523 1237 2812 1291 invisibilis
2872 1247 3098 1290 ornatus
3162 1245 3436 1297 coruscat,

1893 1324 2037 1388 quod
2079 1327 2319 1394 plerique
2349 1326 2620 1395 ignorant.

2230 1504 2433 1564 LXXV.
2464 1537 2531 1545 —
2563 1504 2759 1559 ZOSzE
2799 1507 3107 1561 ASCE'sz.

1966 1594 2161 1648 Beatus
2205 1595 2398 1651 Petrus
2434 1613 2528 1665 pro
2562 1599 2861 1650 carbonum
2901 1599 2991 1650 illa
3033 1606 3203 1660 strue,
3241 1613 3361 1665 quae
3391 1599 3444 1650 in

1898 1683 2114 1751 Caiphze
2143 1687 2300 1748 atrio,
2355 1688 2443 1739 ubi
2499 1697 2551 1738 et
2591 1676 3180 1751 tentationem'subiit,
3235 1695 3349 1740 erat
3377 1689 3445 1752 ⁸³,

1899 1776 2134 1828 divinam
2190 1782 2535 1846 postmodum
2590 1781 2747 1833 aliam
2795 1778 3081 1832 Tiberiade
3126 1779 3388 1846 corruperit
3432 1797 3444 1830 :

1900 1881 2133 1934 namque
2157 1885 2278 1920 cum
2302 1857 2527 1936 preptcr
2559 1871 2902 1937 negationem
2937 1869 3116 1922 nudus
3158 1877 3299 1922 esset
3333 1869 3446 1934 (sed

1902 1972 1966 2009 ne
1992 1998 2004 2018 ,
2038 1974 2242 2024 qn:r5o,
2277 1975 2362 2012 me
2406 1959 2825 2025 Evangeliorum
2861 1959 3142 2012 historiam
3200 1972 3450 2025 pessum-

1901 2046 2028 2096 dare
2053 2047 2352 2110 existimes,
2385 2048 2512 2100 dum
2558 2050 2702 2116 quod
2743 2056 2923 2101 mente
2973 2046 3242 2114 concipio,
3274 2047 3452 2098 immi-

1903 2133 2086 2201 sceo),
2131 2135 2310 2188 nudus
2342 2136 2522 2203 itaque
2552 2151 2676 2188 cum
2711 2142 2854 2189 esset
2893 2135 3089 2188 beatus
3139 2135 3360 2193 Petrus,
3399 2135 3450 2184 iu

1901 2223 2179 2278 Christum
2220 2226 2329 2292 spei
2377 2227 2558 2280 tunica
2601 2227 2945 2293 accingitur,
2993 2240 3158 2292 seque
3210 2226 3260 2276 in
3307 2238 3455 2276 mare

1899 2314 2200 2368 divinarum
2233 2317 2724 2370 misericordiarutn
2746 2317 3036 2383 projieieus
3058 2316 3365 2379 “,accessit
3390 2317 3455 2366 ad

1901 2403 2105 2464 Iesum,
2140 2420 2324 2458 amore
2353 2396 2518 2458 veluti
2553 2415 2746 2458 catena
2780 2405 3015 2472 quadam
3065 2413 3347 2465 attractus,
3404 2413 3455 2455 et

1904 2495 1982 2548 sic
2008 2496 2168 2549 nimis
2205 2495 2513 2557 negationis
2555 2503 2800 2562 tempore
2861 2493 3247 2562 defatigatum,
3301 2493 3457 2562 154

1906 2602 2131 2655 magnos
2188 2588 2403 2642 labores
2453 2595 2760 2655 expertum,
2815 2586 3075 2654 Iacrymis
3128 2586 3457 2653 tristitiaque

1904 2677 2331 2746 afﬂictum,qnod
2360 2679 2584 2732 Domino
2607 2680 3061 2746 privaretur,cum
3082 2678 3181 2730 sibi
3208 2679 3458 2744 proprius

1905 2768 2169 2823 Dominus
2202 2771 2609 2831 reconciliavit,
2656 2769 2972 2822 admirando
3031 2785 3168 2837 pane
3213 2777 3266 2822 et
3310 2770 3458 2838 pisce

1906 2860 2181 2927 inepinato
2203 2859 2248 2890 ⁸⁵
2268 2878 2279 2912 :
2298 2868 2351 2913 et
2369 2868 2492 2927 post
2527 2860 2812 2928 prandium
2835 2875 2956 2912 eum
2982 2860 3261 2912 audienda:
3287 2860 3458 2914 beata:

247 2935 373 3006 ρίας
404 2935 604 3002 φωνῆς,
630 2936 723 2987 καὶ
743 2935 1024 3001 ἀναπαύει,
1052 2938 1144 2989 καὶ
1169 2937 1468 3005 παρηγορεῖ
1486 2936 1644 2987 αὑτὸν
1666 2935 1801 2986 κατὰ

1908 2951 2055 3004 vocis
2087 2950 2358 3004 desiderio
2388 2949 2712 3018 gestientetn
2746 2948 3065 3015 alloquitur,
3093 2955 3145 3001 et
3193 2951 3460 3017 tranquil-

241 3026 305 3076 τὸ
335 3024 543 3092 πλῆθος
565 3025 670 3076 τῶν
698 3025 895 3078 ὀδυνῶν
922 3027 1020 3092 τῆς
1057 3025 1285 3093 καρδίας
1326 3025 1418 3074 τοῦ
1450 3024 1677 3091 Πέτρου,
1712 3023 1803 3074 καὶ

240 3117 392 3168 οὕτω
424 3115 830 3182 καταγλυκάνας
858 3115 1035 3178 αὑτὸν,
1070 3113 1299 3182 ποιμένα
1339 3114 1437 3181 τῆς
1482 3112 1803 3181 οἰκουμένης

244 3205 468 3272 ἀπάσης
498 3203 835 3271 καθίστησινε

583 3297 716 3359 oq'.
751 3323 820 3332 -.
852 3293 1148 3362 ΘΕΟΔΩΡῼ
1174 3289 1476 3362 ΜυΝᾹΧῼ.

324 3404 344 3436 ι
393 3385 774 3454 Εὑαρεστήσω,
800 3385 964 3454 φησὶν
996 3385 1022 3436 6
1047 3383 1227 3447 Δαυῒδ,
1255 3384 1310 3433 ἐν
1335 3382 1486 3453 χώρᾳ
1514 3382 1752 3444 ζώντων·
1782 3402 1797 3433 ι

242 3473 437 3543 χώραν
469 3474 701 3537 ζώντων,
757 3476 854 3526 οὐκ
907 3476 1369 3544 ἀποθνησκόντων,
1422 3475 1512 3527 τὸν
1549 3473 1806 3543 μέλλοντα

241 3566 427 3628 λέγων
455 3563 643 3616 αἰῶνα.
693 3564 756 3615 Ἡ
779 3564 886 3634 γὰρ
928 3563 1168 3634 παροῦσα
1198 3565 1310 3634 ςωῆ
1362 3565 1466 3617 τῶν
1508 3564 1806 3634 ἀνθρώπων

240 3656 338 3707 διὰ
370 3653 578 3704 πολλῶν
610 3654 850 3706 θανάτων
875 3655 1318 3723 συμπληροῦσθαι
1339 3654 1597 3720 πέφυκεν,
1629 3655 1687 3706 οὐ
1716 3655 1809 3722 μό-

244 3763 342 3798 νον
374 3747 433 3798 ὲν
454 3747 518 3813 τῇ
548 3744 687 3813 κατὰ
714 3744 808 3806 τὰς
861 3745 1273 3813 μεθηλικιώσεις
1331 3744 1594 3814 μεταϐολῇ
1615 3785 1629 3808 ,
1676 3745 1808 3798 ἀλλὰ

245 3840 345 3892 καὶ
374 3839 434 3889 ὲν
455 3839 563 3898 τοῖς
581 3835 720 3888 κατὰ
740 3836 1010 3904 ἁμαρτίαν
1038 3833 1250 3901 σώμασι
1273 3834 1382 3886 τῶν
1404 3834 1608 3902 ψυχῶν.
1637 3835 1808 3886 Ὅπου

245 3930 308 3982 δὲ
337 3931 442 3981 οὐκ
471 3927 613 3980 ἐστιν
647 3925 930 3987 ἀλλοίωσις
974 3925 1093 3976 οὐδὲ
1128 3924 1394 3993 σώματος,
1444 3923 1564 3976 οὐδὲ
1610 3923 1805 3992 ψυχῆς,

243 4018 379 4072 οὔτε
413 4019 519 4088 γάρ
547 4021 659 4070 ἐστι
695 4015 950 4086 λογισμοῦ
985 4014 1336 4086 παρατροπὴ,
1373 4012 1494 4066 οὕτε
1529 4014 1810 4083 μετάθεσις

245 4108 502 4176 γνώμης,
531 4108 780 4176 οὐδεμιᾶς
801 4091 1167 4175 περιστάσεως
1190 4104 1248 4156 τὸ
1270 4105 1544 4166 εὐσταθὲς,
1572 4107 1666 4157 καὶ
1682 4104 1812 4156 ἀτά·

246 4213 424 4269 ραχσν
447 4195 552 4246 τῶν
572 4195 841 4262 λογισμῶν
879 4196 1282 4264 ἀφαιρουμένης
1302 4234 1317 4259 ,
1350 4195 1444 4262 σῷ
1482 4195 1593 4246 ὄντι
1629 4195 1809 4262 ἐκείνη

245 4287 409 4356 χώρα
441 4286 556 4335 ἐστι
578 4282 812 4344 ζώντων,
841 4283 932 4334 καὶ
960 4283 1393 4350 εὐφραινομένων
1419 4281 1696 4349 διηνεκῶς.

241 4396 369 4450 ΟΖ’.
403 4424 472 4433 --
497 4393 770 4462 ΝΕΑΔΙῼ.
811 4392 1141 4461 eamme,
1179 4393 1628 4462 ΑΝΔΡῡΜΛΧῼ.
1673 4371 1812 4446 tor;

352 4464 472 4533 ΛΙῼ
494 4503 510 4528 ,
540 4461 888 4531 ΧΕΙΜΑΣΙῼ,
918 4462 1268 4515 ΜΟΝΑΧΟΙΣ
1299 4461 1702 4515 ΦΙΑΟΔῙΚΟΙΣ.

321 4645 439 4698 Νῦν
462 4642 711 4711 εὔκαιρον
740 4644 909 4693 εἰπεῖν
934 4659 1054 4694 τινα
1088 4641 1195 4692 τῶν
1216 4642 1616 4710 εὐφρανούντων
1642 4660 1808 4693 κατα-

244 4736 501 4803 μαθόντα
539 4734 634 4803 τὴν
664 4734 743 4795 εἰς
769 4732 828 4783 τὸ
866 4733 1004 4784 θεῖον
1043 4733 1192 4800 ὑμῶν
1242 4733 1662 4801 καταφρόνησιν,
1703 4734 1810 4785 τῶν

240 4829 296 4878 δὲ
349 4827 490 4893 7:96;
529 4826 681 4888 γένος
714 4826 840 4893 ὑμῖν
872 4823 1216 4893 στρατιωτῶν
1259 4824 1318 4873 τὸ
1360 4824 1638 4876 σπουδαῖον
1683 4827 1808 4896 περὶ

239 4915 342 4982 τὴν
382 4911 711 4976 θεοσέϐειαν,
739 4915 926 4981 ὅτιπερ
947 4913 996 4963 οἱ
1027 4911 1513 4964 πανευλαϐἐστατοι
1549 4914 1809 4981 στρατιῶ-

239 5019 333 5053 ται
359 5000 681 5066 νενικήκασι
711 5003 829 5063 ταῖς
876 4998 1241 5069 ψαλμῳδίαις,
1282 5001 1372 5051 καὶ
1413 5000 1532 5062 ταῖς
1572 5018 1804 5068 προσευ-

239 5097 392 5161 χαῖς,
423 5092 485 5157 τῇ
512 5105 567 5139 τε
590 5090 1069 5162 ξδιοπραγμοσὸνῃ,
1092 5091 1184 5142 κοιλ⁹
1209 5094 1273 5160 τῇ
1297 5090 1433 5142 κατὰ
1454 5092 1550 5158 τὴν
1577 5092 1805 5161 Ἐκκλη-

241 5185 368 5234 σίαν
395 5177 658 5246 ἀγρύπνῳ
679 5181 1166 5247 προσκαρτερήσει,
1188 5181 1310 5240 τοὺς
1330 5181 1802 5246 ἀπηγριωμένους,

209 5257 338 5326 ¹καί
372 5267 754 5334 πανοργίλους,
797 5268 888 5318 καὶ
927 5269 1347 5334 μισοθιεωτάτους
1396 5270 1503 5320 τῶν
1537 5269 1805 5337 μοναχῶν,

239 5355 747 5424 ἀποτιναξαμένους
789 5355 886 5422 μὲν
922 5357 1019 5424 τὴν
1056 5359 1282 5425 ἡσυχίαν
1321 5359 1419 5424 τὴν
1461 5357 1799 5426 πρέπουσαν,

307 5542 360 5575 ⁸³
389 5537 584 5592 Matth.
615 5549 744 5594 xvn,
771 5532 825 5585 2.
926 5533 975 5563 “
1007 5533 1162 5589 Jnan.
1197 5553 1346 5598 xvtu,
1386 5541 1460 5594 ιδ,

574 5627 839 5686 ΡΔΤΒΟῘ..
873 5624 977 5682 Gn.
1036 5627 1290 5685 LXXIX.

1567 5540 1609 5570 ⁸⁵
1633 5538 1787 5592 Joan.
1834 5553 1941 5599 ut,
1980 5536 2024 5587 7.

1906 3042 1978 3092 lat
2005 3079 2018 3100 ,
2046 3052 2097 3094 et
2127 3055 2225 3108 pro
2255 3040 2472 3094 modulo
2508 3040 2760 3093 dolorum
2795 3037 2975 3091 cordis
3021 3035 3163 3089 Petri
3211 3038 3459 3104 solatur;

1903 3137 1954 3180 et
1989 3129 2295 3181 edulcatum
2328 3128 2492 3181 totius
2515 3127 2664 3182 orbis
2714 3135 2981 3179 terrarum
3015 3135 3282 3192 pastorem
3328 3141 3460 3180 con-

1901 3217 2077 3270 stituit
2102 3219 2162 3270 ⁸⁷.
2975 3261 2979 3264 λ

2113 3308 2342 3363 LXXVI.
2381 3340 2449 3349 -—
2487 3309 2858 3367 TIIEODORO
2896 3307 3244 3366 MONACIIO.

1983 3420 2000 3451 ‹
2029 3399 2376 3464 Placebo,ait
2406 3401 2666 3464 David,in
2701 3409 2844 3456 terra
2865 3403 3159 3458 viventium
3177 3401 3224 3433 ⁸⁸
3249 3419 3262 3452 :
3290 3420 3308 3452 ι
3353 3410 3460 3455 ter-

1908 3506 2021 3544 ram
2045 3490 2356 3553 viventium,
2381 3492 2882 3556 nonmorientinm,
2929 3494 3166 3546 futurum
3205 3493 3462 3546 srcculum

1909 3582 2162 3636 innucns:
2190 3584 2435 3638 Praesens
2466 3599 2698 3650 namque
2727 3585 2835 3636 vita
2875 3586 3186 3638 mortalium
3218 3584 3462 3651 pluribus

1909 3674 2177 3726 mortibus
2199 3682 2392 3726 natura
2415 3688 2512 3726 sua
2536 3671 2855 3736 absolvitur,
2887 3688 2990 3726 non
3011 3681 3217 3725 tantum
3247 3679 3464 3726 (uatum

1909 3763 2317 3827 mutationibus,
2335 3764 2426 3817 sed
2449 3763 2579 3839 etin
2604 3764 2926 3831 corporibus
2951 3764 3252 3815 animarum
3271 3775 3466 3814 secun-

1909 3849 2035 3903 dum
2092 3861 2392 3917 peccatum.
2440 3849 2538 3902 Ubi
2572 3865 2700 3902 vero
2730 3865 2837 3902 non
2872 3858 2954 3902 est
2993 3863 3165 3915 neque
3189 3848 3464 3915 corporis.

1911 3955 2084 4007 neque
2104 3940 2296 3992 anima:
2323 3938 2651 4004 immutatio,
2672 3939 2780 3992 imo
2795 3953 2969 4007 neque
3000 3936 3195 3992 mentis
3211 3935 3461 3998 deﬂexio.

1912 4045 2085 4099 neque
2111 4030 2394 4085 sententia:
2421 4029 2754 4098 depravatio,
2774 4030 2920 4083 nulla
2934 4029 3341 4083 circumstantia
3357 4035 3466 4080 stn-

1911 4120 2016 4174 bile
2063 4136 2126 4175 ac
2172 4122 2414 4188 quietum
2466 4118 2848 4186 cogitationum
2885 4115 3228 4177 deturbantc.
3261 4131 3341 4170 me
3374 4116 3467 4170 illa

1913 4215 2037 4262 vere
2085 4209 2232 4276 regio
2273 4215 2354 4262 est
2408 4208 2726 4271 viventium,
2776 4215 2822 4262 ct
2855 4208 3112 4262 continuo
3139 4222 3259 4262 sese
3317 4208 3468 4261 ohle-

1835 4281 1888 4339 Ῑ)
1915 4298 2202 4352 ctantium.

1922 4412 2156 4467 LXXVII
2198 4443 2265 4452 —-
2303 4410 2572 4471 NEADIO,
2619 4406 2942 4463 OLYIIPIO.
2977 4403 3464 4468 ANDROMACIIO,

2115 4477 2332 4547 JULto,
2362 4478 2693 4547 CllI-.\l.-\S[O
2713 4474 3078 4547 moments
3103 4475 3264 4530 CON-

2489 4545 2867 4600 'l‘ENTIOSIS.

1983 4640 2139 4694 Nunc
2163 4648 2628 4707 peropportunum
2672 4637 2856 4700 fuerit,
2892 4635 3195 4704 quempiam
3223 4630 3461 4686 adultum

1913 4729 2176 4796 sapientia
2202 4728 2400 4791 virum,
2430 4736 2670 4781 vestrum
2711 4725 2958 4778 Numinis
2999 4728 3388 4788 contemptum,
3414 4728 3468 4774 et

1914 4820 2172 4880 militum,
2201 4820 2292 4888 qui
2319 4819 2472 4871 vobis
2498 4833 2696 4887 genere
2726 4813 3002 4881 conjuncti
3037 4819 3186 4874 sunt,
3218 4811 3461 4877 ejusdem

1913 4904 2161 4960 Numinis
2191 4908 2394 4961 cultum
2422 4914 2736 4960 noscentent
2785 4900 2937 4969 155
2972 4900 3152 4952 dicere
3184 4917 3196 4950 :
3227 4898 3465 4971 Piissimi

1913 5000 2113 5052 milites
2139 4999 2466 5066 psalmorum
2488 4995 2754 5053 cantibus,
2789 4998 2841 5044 et
2879 4990 3239 5052 orationibus,
3268 4999 3321 5043 et
3348 5005 3468 5057 pro.

1916 5090 2154 5159 priorum
2190 5090 2527 5155 negotiorum
2560 5082 3066 5143 adn’iinistratione,
3125 5091 3177 5134 et
3225 5081 3364 5145 vigili
3415 5079 3464 5127 in

1915 5180 2146 5233 erclesia
2191 5177 2367 5231 stabili
2411 5174 2810 5242 permansione,
2842 5172 3113 5232 eﬂeratos,
3166 5177 3217 5221 et
3250 5170 3467 5219 iracun-

1917 5249 2017 5321 dire
2061 5268 2348 5334 mancipia,
2390 5275 2450 5317 ‘et
2506 5265 2868 5334 impiissimos
2905 5261 3197 5315 monachos
3245 5245 3465 5322 super‘a-

1919 5362 2064 5418 runt,
2104 5353 2194 5420 qui
2231 5354 2643 5405 convenientem
2673 5351 2775 5404 sibi
2817 5350 3045 5418 quietem
3074 5382 3087 5403 ,
3115 5350 3166 5393 et
3198 5356 3416 5407 prermn
3451 5381 3462 5404 ,

2909 5525 2953 5557 ⁸⁸³
2983 5522 3302 5583 Psal.~csw,
3330 5519 3383 5573 9.

3032 5617 3109 5673 8.

2107 5534 2149 5563 9°
2181 5530 2252 5583 Ibi
2277 5531 2310 5584 1,
2355 5532 2436 5584 I5.

2512 5533 2556 5563 ⁸⁷
2590 5530 2722 5584 Ibid.
2752 5529 2834 5581 15.
