4128 6340
710 254 818 317 259

2160 255 2216 312 S.
2254 253 2411 313 NIIJ

3791 241 3900 306 260

716 370 977 425 adversus
1006 378 1218 447 nostros
1246 369 1427 427 hostes
1465 371 1826 436 intendimus,
1860 378 2119 440 tantoque
2149 386 2262 424 ma-

2360 372 2466 423 τῶν
2491 369 2694 440 ἐχθρῶν
2718 369 2866 439 ἡμῶν
2911 369 2996 421 διὰ
3060 370 3154 435 τῆς
3186 366 3544 434 ἐνοχλήσεως
3576 364 3752 417 πλεῖον
3788 362 3899 431 γὰρ

713 458 796 527 gis
813 456 867 509 in
892 456 1152 511 bonorum
1174 461 1625 527 promissionibus
1648 462 1974 526 stabilimur,
2002 473 2263 530 quantum

715 559 743 594 τι
778 545 1111 612 voluptuosis
1140 547 1538 618 immundisque
1567 549 1901 604 dtemonibus
1920 548 2261 605 aiﬂictamur.

712 629 846 683 Nam
871 647 995 685 cum
1032 634 1330 689 adversarii
1359 636 1594 706 ingentia
1624 653 1744 692 esse
1760 639 1900 693 bona
1919 678 1933 701 ,
1962 655 2083 708 quas
2111 638 2264 693 nobis

714 720 962 777 Christus
996 724 1283 791 promisit,
1332 727 1535 795 optime
1568 728 1831 792 caueant,
1872 728 2129 783 adversus
2165 744 2263 783 nos

713 808 915 877 ingenti
943 812 1222 867 iracundia
1252 815 1619 870 exardescunt
1644 855 1659 879 ,
1689 826 1741 870 et
1772 816 2066 871 invidentia
2096 833 2265 888 oppu-

711 904 876 965 gnant
903 899 1153 955 obscenis
1176 910 1229 954 et
1259 902 1679 971 improbissimis
1710 903 2089 959 aﬂeetionibus
2114 946 2128 969 ,
2170 922 2259 961 ve-

712 982 1095 1056 hementerque
1132 988 1372 1058 amigunt
1411 991 1692 1055 homines,
1742 993 1834 1061 qui
1896 993 1964 1045 ad
2006 995 2262 1048 virtutem

718 1076 1070 1129 contendunt.
1124 1071 1463 1148 Quapropter
1512 1081 1637 1133 licet
1679 1082 1997 1149 appetentite
2032 1082 2263 1137 intume-

714 1170 903 1225 scant,
954 1163 1499 1234 inﬂammeuturque,
1548 1174 1603 1219 et
1647 1168 1955 1235 voluptates
1997 1168 2261 1233 sordidas;

712 1252 837 1305 licet
861 1266 990 1305 caro
1022 1253 1255 1307 admotis
1286 1253 1524 1306 stimulis
1557 1254 1754 1319 satiat;
1790 1256 1915 1307 licet
1947 1256 2123 1309 omnis
2156 1259 2263 1309 cir-

712 1338 1085 1407 cumspectio,
1141 1348 1195 1392 et
1229 1354 1497 1408 perversae
1547 1340 1704 1408 180
1749 1342 1947 1395 diaboli
2003 1342 2295 1405 machinae

710 1442 809 1481 nos
838 1440 1149 1496 oppugnent
1176 1447 1189 1481 :
1216 1429 1471 1483 universa
1502 1430 1638 1492 ha:c,
1675 1440 1729 1482 et
1754 1429 1855 1482 lide
1880 1467 1894 1491 ,
1934 1437 1986 1492 et
2024 1430 2263 1498 psalmo-

620 1568 623 1569 ν
709 1530 828 1568 rum
852 1524 1118 1594 concentu
1138 1556 1150 1578 ,
1184 1526 1236 1571 et
1263 1518 1488 1573 lectione
1509 1557 1524 1581 ,
1560 1525 1613 1572 et
1641 1517 1969 1573 demissione
1998 1520 2182 1584 animi,
2210 1528 2264 1573 et

614 1663 616 1666 ,
710 1604 832 1657 aliis
891 1606 1327 1667 certaminibus,
1376 1614 1429 1659 et
1486 1621 1651 1675 super
1708 1608 1813 1659 alia
1849 1608 2085 1661 nominis
2133 1606 2260 1662 Jesu

708 1694 912 1748 Christi
946 1695 1039 1750 Dei
1067 1696 1487 1757 humanissimi,
1517 1696 1923 1764 Salvatorisque
1956 1697 2131 1749 nostri
2160 1698 2259 1749 im-
2292 1690 2330 1743 Β

709 1782 1012 1849 ploratione
1047 1797 1388 1851 superamus.
1410 1781 1595 1851 Neque
1619 1783 1731 1836 ﬁeri
1764 1791 1940 1848 potest
1964 1784 2257 1847 ut‘adversi

708 1865 983 1920 daemones
1037 1884 1136 1922 nos
1181 1878 1524 1939 oppugnent,
1563 1870 1615 1923 ni
1661 1872 1813 1938 prius
1847 1886 1945 1926 nos
1978 1888 2072 1941 per
2102 1876 2260 1928 iidem

711 1952 977 2005 modicam
1007 1954 1253 2008 timorem
1307 1956 1550 2007 divinum
1580 1970 1675 2023 per
1722 1964 2068 2009 transennam
2100 1972 2260 2027 aspe-

713 2039 951 2093 xerimus
976 2080 990 2103 ,
1019 2048 1072 2093 et
1119 2055 1147 2093 a
1197 2041 1427 2094 Domino
1465 2042 1625 2096 nobis
1655 2052 1923 2111 praecepta
1962 2045 2261 2112 neglexeri-

713 2144 849 2183 mus.
904 2128 1040 2183 Sunt
1089 2133 1270 2198 itaque
1323 2134 1568 2186 nonnulli
1629 2133 1941 2197 daemones,
1994 2136 2085 2203 qui
2142 2150 2262 2188 sese

712 2218 962 2273 humanis
993 2220 1314 2287 corporibus
1346 2220 1634 2275 induentes
1656 2258 1672 2282 ,
1713 2237 2011 2290 omnesque
2057 2225 2261 2277 instru-

712 2306 880 2357 menti
918 2305 1061 2359 vires
1112 2304 1391 2371 fellantes,
1435 2317 1487 2360 et
1527 2310 1839 2376 languorem
1882 2313 2097 2379 corpori
2132 2328 2261 2365 con-

711 2392 997 2457 ciliantes,
1034 2393 1159 2447 licet
1204 2396 1356 2448 nulla
1391 2396 1533 2450 adsit
1570 2398 1861 2450 infirmitas
1886 2438 1899 2461 ,
1932 2400 2016 2451 vel
2058 2401 2261 2454 valetu-

710 2482 854 2535 dinis
873 2482 1121 2548 initium;
1158 2484 1289 2552 quin
1313 2485 1476 2539 etiam
1506 2486 1574 2537 ad
1598 2486 1708 2539 haec
1737 2488 1919 2540 animo
1948 2488 2217 2542 tristitiam
2241 2528 2256 2552 ,

710 2578 765 2626 et
793 2579 1042 2640 tepentes
1074 2572 1430 2642 cogitationes
1458 2575 1759 2628 immittunt
1791 2592 1803 2629 :
1842 2591 1961 2645 qure
2000 2592 2259 2646 generosa

712 2659 968 2713 firmitate
993 2698 1009 2724 ,
1045 2666 1098 2712 et
1125 2660 1379 2729 prudenti
1411 2663 1575 2717 corde
1600 2663 1912 2732 ejicientes,
1943 2667 2121 2718 omnia
2152 2667 2261 2719 cir-

711 2747 1094 2815 cumspicienti
1134 2747 1242 2803 Deo
1274 2750 1646 2806 adhaereamus
1683 2753 1929 2809 dicentes
1969 2771 1982 2807 :
2040 2772 2058 2804 ι
2103 2754 2261 2823 Eripe

710 2850 798 2889 me
834 2851 899 2889 ex
938 2836 1175 2891 inimicis
1228 2839 1362 2893 meis
1386 2879 1402 2903 ,
1454 2839 1635 2904 Deus~,
1677 2853 1728 2895 et
1760 2842 1827 2896 ab
1855 2843 2260 2911 insurgentibus

711 2926 765 2978 in
821 2940 906 2977 me
945 2925 1109 2979 libera
1153 2925 1302 2979 me"
1350 2942 1362 2977 :
1403 2945 1422 2977 ι
1457 2929 1632 2982 releva
1686 2929 1919 2982 animam
1971 2946 2140 2983 meam
2192 2947 2255 2984 ex

712 3015 872 3067 malis
905 3029 1092 3067 eorum
1134 3016 1410 3084 operibus.
1447 3017 1912 3082 Quemadmodum
1946 3036 2070 3073 vero
2106 3020 2258 3074 Sam-

713 3103 835 3157 εωιί
906 3104 1179 3172 quondam
1240 3114 1461 3175 propter
1509 3108 1956 3177 intemperantem
2005 3112 2255 3179 volupta-

713 3204 820 3246 tem
868 3195 1091 3263 contigit
1139 3194 1193 3257 in
1242 3210 1432 3249 manus
1489 3197 1882 3267 allophylorum
1931 3200 2169 3254 incidere
2190 3200 2256 3261 “,

714 3289 771 3336 et
797 3297 918 3350 quae
944 3283 1054 3352 jam
1090 3283 1155 3337 de
1182 3298 1245 3337 eo
1276 3287 1476 3353 scripta
1506 3294 1668 3349 sunt,
1698 3289 1902 3356 perpeti
1933 3307 1944 3341 :
1980 3288 2081 3342 hoc
2116 3289 2256 3342 idem

711 3377 766 3422 et
794 3385 941 3423 nunc
981 3372 1289 3439 depravatis
1328 3374 1697 3443 voluptatibus
1738 3377 1967 3431 irretitis
2008 3378 2255 3449 obtingit.

716 3457 959 3527 Namque
985 3476 1108 3514 cum
1142 3462 1345 3516 sordidi
1371 3464 1631 3517 daemonis
1663 3466 1885 3533 impetui
1911 3468 2257 3535 cogitationis

714 3548 951 3602 hominis
990 3550 1171 3603 locum
1217 3550 1499 3617 dederint,
1536 3539 1729 3606 divina
1765 3557 1935 3623 gratia
1974 3555 2039 3608 ad
2072 3567 2256 3612 custo-

700 3638 858 3693 diam
880 3640 1073 3693 anima:
1098 3641 1397 3711 advigilans
1426 3643 1701 3706 concedit,
1728 3655 1782 3699 et
1812 3646 2084 3699 daemones
2117 3647 2257 3700 irre-

716 3727 873 3779 titum
904 3729 1226 3797 arripientes
1250 3769 1265 3795 ,
1293 3746 1503 3785 omnem
1542 3732 1597 3784 in
1626 3747 1690 3786 eo
1716 3735 2081 3801 pudibundam
2114 3737 2258 3806 cogi-

712 3816 980 3871 tationem
1028 3827 1325 3884 excavant,
1368 3829 1427 3897 et
1472 3822 1942 3878 indissolubilibus
1992 3827 2256 3879 .itillstio-

711 3918 843 3958 num
872 3919 1048 3969 pravae
1073 3908 1370 3976 voluptatis
1393 3912 1620 3965 vinculis
1647 3912 1850 3981 illigant
1869 3951 1883 3975 ,
1914 3924 1968 3966 et
1997 3914 2052 3967 in
2084 3916 2260 3983 supel-

710 3989 947 4043 lectilem
975 3994 1197 4046 malitiae
1226 3996 1597 4051 conducentes
1620 4038 1635 4064 ,
1670 4002 2069 4055 consuetudine
2094 4017 2258 4071 prava

710 4083 867 4137 molae
895 4098 1115 4152 operam
1148 4085 1278 4141 dare
1316 4091 1660 4144 constituunt
1686 4129 1700 4153 ,
1732 4092 2112 4162 deservireque
2143 4094 2256 4148 dia-

710 4172 835 4225 bolo
872 4173 1066 4227 diebus
1096 4190 1161 4229 ac
1201 4179 1453 4235 noctibus
1486 4181 1731 4251 integris.

802 4352 955 4423 18],
992 4352 1145 4418 Quod
1178 4355 1223 4409 si
1259 4356 1584 4425 resipiscens
1637 4374 1755 4414 sese
1811 4361 2254 4431 circumspexerit

710 4442 889 4494 anima
941 4438 1177 4512 peccatis
1227 4446 1532 4517 illaqueati,
1583 4463 1703 4502 cum
1751 4448 1934 4503 dolore
1979 4453 2156 4505 cordis
2186 4453 2251 4504 ad

709 4529 873 4583 Deum
905 4528 1247 4598 ingemuerit.
1279 4543 1332 4587 et
1360 4535 1551 4591 mediis
1581 4537 1829 4605 precibus
1863 4554 1925 4593 ac
1948 4540 2086 4593 votis
2116 4540 2251 4593 iuvi-

713 4618 964 4673 sibilibus
988 4617 1198 4677 Domini
1233 4624 1460 4689 pedibus
1502 4627 1805 4693 adhaeserit.
1848 4630 1963 4682 inlit
1994 4629 2251 4686 Dominus

708 4706 942 4778 angelis,
986 4708 1437 4776 quemadmodum
1476 4714 1543 4767 de
1591 4714 1927 4771 Sunamitide
1981 4718 2245 4773 Elisaeus:

710 4794 883 4850 Sinite
910 4809 1027 4849 eam
1062 4796 1244 4851 venire
1280 4798 1346 4851 ad
1384 4814 1490 4862 me,
1522 4809 1576 4855 et
1615 4817 1681 4855 ne
1724 4804 1982 4870 rejiciatis
2030 4821 2146 4859 eam
2179 4806 2245 4859 “.

708 4880 856 4936 Licet
904 4885 1049 4938 enim
1102 4886 1305 4940 nullam
1340 4888 1590 4942 virtutem
1642 4892 1928 4959 possideat,
1978 4911 2151 4965 neque
2193 4899 2247 4952 in

708 4972 902 5024 virtute
936 4974 1053 5038 ejus
1086 4991 1210 5045 erga
1234 4993 1317 5031 me
1352 4986 1557 5033 tantum
1595 4979 1805 5035 ﬁduciae
1833 4984 1899 5035 sit
1936 5002 1948 5035 :
1984 4985 2246 5037 nihilomi—

707 5076 808 5114 nus
834 5063 1048 5129 quando
1077 5063 1220 5120 illius
1249 5082 1341 5121 cor
1376 5085 1599 5138 prorsus
1638 5086 1880 5126 amarum
1907 5082 1989 5127 est
2044 5084 2097 5128 et
2132 5078 2247 5130 sine

708 5152 815 5207 ullo
840 5165 1089 5223 reSpeCtu
1121 5158 1260 5223 apud
1298 5174 1381 5214 me
1413 5164 1692 5229 provoluta
1722 5172 1804 5218 est
1832 5179 1953 5217 cum
1994 5167 2246 5235 lacryniis

704 5252 757 5295 et
804 5241 1108 5307 aﬂlictione,
1147 5246 1315 5314 ipsam
1359 5238 1571 5319 excipio
1618 5255 1896 5323 salvoque.
1944 5254 2088 5323 Opus
2121 5271 2245 5309 vero

704 5328 863 5385 Nobis
911 5340 993 5387 est
1022 5335 1530 5403 omnipotentissimi
1566 5346 1617 5392 et
1650 5344 2037 5409 sapientissimi
2076 5344 2244 5413 Spiri-

705 5428 791 5472 tus
818 5420 1009 5485 virtus,
1044 5434 1095 5478 et
1138 5428 1307 5493 gratia
1351 5428 1505 5481 nobis
1546 5430 1797 5486 alacriter
1854 5438 2242 5503 conquirenda.

2366 460 2470 514 τῶν
2505 460 2561 511 ἐν
2586 459 2933 535 ἐπαγγελίαις
2966 457 3178 524 ἀγαθῶν
3214 452 3591 524 βεϐαιούμεθα,
3619 453 3674 505 ἐν
3701 450 3776 520 τῷ
3807 451 3901 503 ἐπὶ

2363 547 2609 601 τοσοῦτον
2658 547 3004 615 πειράζεσθαι
3079 545 3177 598 ὑπὸ
3241 545 3347 596 τῶν
3398 541 3760 610 φιλοσάρκων,
3807 540 3902 591 καὶ

2365 637 2621 707 ῥυπαρῶν
2659 635 2945 704 δαιμόνων.
2996 634 3202 697 Εἱδὸτες
3251 632 3357 700 γὰρ
3388 631 3436 684 οἱ
3460 630 3663 700 ἐχθροὶ,
3692 629 3772 682 ὅτι
3806 644 3903 697 με-

2362 724 2499 791 γάλα
2528 724 2703 791 ἀγαθὰ
2729 727 2757 776 6
2778 723 2976 792 Κύριος
2996 711 3348 791 ἐπηγγείλατο
3368 722 3516 789 ἡμῖν,
3532 719 3733 787 σφόδρα
3754 716 3907 786 ὀργίο

2364 814 2540 878 ξονται
2570 814 2689 866 καθ’
2720 813 2892 883 ἡμῶν,
2920 812 3012 865 καὶ
3057 811 3429 881 βασκαίνοντες
3473 808 3903 870 ἀντιτάσσονται,

2362 903 2445 955 διὰ
2467 902 2577 954 τῶν
2608 901 2867 970 αἰσχρῶν,
2903 900 2993 953 καὶ
3017 899 3353 968 φαυλοτάτων
3402 896 3603 958 παθῶν,
3656 896 3749 947 καὶ
3783 894 3907 946 λίαν

2363 991 2694 1042 ἐκθλίϐουσιν
2746 990 2869 1051 τοὺς
2928 989 3059 1056 πρὸς
3117 988 3215 1057 τὴν
3276 985 3470 1055 ἀρετὴν
3521 985 3907 1052 ἐπειγομένους

2363 1077 2693 1144 ἀνθρώπους.
2748 1077 2837 1129 Διὸ
2890 1076 2991 1129 κᾶν
3049 1076 3327 1144 ἐπιθυμίαι
3382 1073 3763 1142 φλεγμαίνωσι,
3810 1070 3908 1121 καὶ

2362 1168 2543 1237 ⁴ἡδοναὶ
2579 1166 2838 1236 ῥυπαραὶ,
2899 1166 3001 1218 κᾶν
3034 1168 3066 1232 ἡ
3103 1166 3236 1233 σὰρξ
3268 1162 3657 1232 ἐπεγειρομένη
3687 1161 3902 1229 σκιρτᾷ,

2362 1256 2465 1309 κᾶν
2498 1257 2641 1308 πᾶσα
2675 1256 2901 1318 ἐπίνοια,
2919 1256 3010 1306 καὶ
3030 1252 3346 1322 κακοτεχνία
3368 1251 3642 1320 διαϐολικὴ
3672 1250 3907 1319 πειράζῃ

2364 1348 2524 1415 ἡμᾶς,
2561 1345 2733 1397 πάντα
2759 1345 3131 1414 ὑπερνικῶμεν
3163 1344 3248 1395 διὰ
3279 1343 3528 1403 πίστεως,
3561 1341 3653 1392 καὶ
3680 1339 3908 1408 ψαλμῳ-

2361 1436 2494 1498 δίας,
2551 1436 2642 1487 καὶ
2699 1434 3067 1501 ἀναγνώσεως,
3104 1435 3194 1485 καὶ
3250 1430 3765 1500 ταπεινοφροσύνης,
3812 1428 3909 1480 καὶ

2360 1524 2466 1576 τῶν
2503 1523 2673 1577 ἄλλων
2723 1524 3132 1591 ἀγωνισμάτων,
3173 1524 3264 1574 καὶ
3302 1523 3439 1588 ὑπὲρ
3492 1520 3665 1571 πάντα
3689 1517 3775 1569 διὰ
3803 1517 3907 1583 τῆς

2362 1613 2693 1684 ἐπικλήσεως
2747 1613 2839 1665 τοῦ
2886 1613 3143 1682 ὀνόματος
3180 1612 3351 1681 Ἰησοῦ
3388 1608 3629 1681 ὶΧριστοῦ
3658 1607 3751 1660 τοῦ
3781 1606 3903 1675 φιλ-

2358 1700 2639 1774 ανθρώπου
2670 1702 2801 1754 Θεοῦ
2852 1702 2943 1754 καὶ
2997 1702 3243 1768 Σωτῆρος
3279 1700 3447 1767 ἡμῶν.
3486 1698 3558 1749 Ού
3601 1694 3821 1748 δυνατὸν
3847 1693 3905 1745 δὲ

2358 1789 2676 1859 κατισχύσαι
2706 1788 2858 1858 ἡμῶν
2901 1789 3024 1848 τοὺς
3076 1786 3362 1854 πολεμίους
3392 1785 3669 1852 δαίμονας,
3704 1781 3795 1834 ἐὰν
3830 1782 3907 1850 μὴ

2358 1881 2576 1949 πρῶτον
2607 1880 2767 1948 ἡμεῖς
2805 1876 2901 1928 τοῦ
2952 1876 3093 1928 θείου
3124 1876 3285 1943 φόϐου
3320 1874 3813 1941 καταφρονήσωμεν
3838 1870 3908 1922 δι’

2358 1968 2743 2036 ὀλιγοπιστίαν,
2780 1968 2871 2019 καὶ
2906 1966 3263 2035 ἀμελήσωμεν
3305 1964 3409 2016 τῶν
3444 1963 3547 2015 ὑπὸ
3572 1962 3663 2014 τοῦ
3697 1959 3905 2031 Κυρίου

2359 2058 2698 2126 ἐνταλμένων
2719 2058 2867 2125 ἡμῖν.
2898 2055 3045 2107 Εἰσὶν
3071 2050 3161 2106 οὖν
3194 2068 3337 2115 τινες
3365 2051 3609 2120 δαίμονες
3630 2050 3688 2102 τὸ
3704 2048 3903 2121 ἀνθρώ·

2359 2163 2509 2199 πινον
2541 2144 2854 2205 ὑποδύοντες
2917 2144 3092 2212 σῶμα,
3156 2143 3249 2195 καὶ
3310 2144 3486 2193 πᾶσαν
3533 2139 3626 2192 τοῦ
3673 2138 3905 2208 ὀργάνου

2363 2236 2617 2302 μύζοντες
2664 2234 2760 2300 τὴν
2806 2232 3031 2298 δύναμιν
3063 2270 3076 2293 ,
3122 2229 3407 2298 ἀδράνειάν
3453 2245 3512 2281 τε
3552 2228 3647 2280 κα)⁸
3692 2227 3910 2279 ἔκλυσιν

2361 2326 2537 2376 πᾶσαν
2567 2321 2748 2389 σχεδὸν
2777 2320 3006 2381 ἐκνιὸντες
3072 2319 3182 2377 τοῖς
3234 2316 3441 2387 μέλεσι,
3474 2317 3648 2370 καίτοι
3681 2317 3910 2385 μηδενὸς

2360 2412 2621 2482 παρόντος
2677 2411 2976 2478 νοσήματος
3026 2408 3058 2477 ἢ
3107 2407 3430 2478 ἀρρωστίας.
3470 2407 3628 2459 Ἀλλᾶ
3662 2424 3724 2474 γε
3770 2406 3910 2477 πρὸς

2358 2502 2583 2563 τούτοις,
2617 2501 2709 2553 καὶ
2752 2503 2830 2561 εἰς
2889 2498 3084 2567 πολλὴν
3120 2496 3353 2567 ἀθυμίαν
3386 2498 3481 2550 καὶ
3521 2497 3736 2567 χλιαρὸν
3768 2497 3908 2566 φρό-

2359 2610 2503 2661 νημα
2561 2592 2883 2662 ἐμϐάλλουσι
2930 2590 3026 2660 τὴν
3075 2589 3270 2659 ψυχὴν,
3315 2588 3562 2652 ούστινας
3582 2589 3910 2658 διωσάμενοι

2359 2681 2587 2752 γενναίῳ
2608 2683 2869 2751 λογισμῷ,
2925 2681 3015 2734 καὶ⁸
3039 2680 3280 2749 νηφαλίῳ
3318 2681 3513 2748 καρδίᾳ
3533 2678 3611 2749 τῷ
3635 2679 3907 2731 παντεπόο

2361 2790 2467 2844 ’πτῃ
2486 2772 2603 2840 Θεῷ
2624 2773 2689 2823 δι’
2712 2773 2873 2840 εὐχῆς
2924 2769 3267 2837 κολληθῶμεν
3316 2769 3559 2837 λέγοντες
3584 2784 3599 2800 ⁸
3628 2786 3649 2820 ι
3692 2766 3907 2833 Ἐξελοῦ

2363 2880 2427 2932 με
2450 2864 2511 2913 ἐκ
2538 2862 2643 2911 τῶν
2679 2860 2884 2927 ἐχθρῶν
2908 2877 3029 2928 μου,
3056 2862 3083 2911 6
3108 2859 3257 2921 Θεὸς,
3292 2862 3384 2912 καὶ
3408 2862 3469 2913 ἐκ
3494 2860 3599 2912 τῶν
3616 2861 3906 2912 ἐπανιστα-

2284 2987 2323 3042 C
2362 2952 2533 3020 μένων
2564 2950 2647 3002 ἐπ’
2681 2950 2778 3016 ἐμὲ
2826 2948 3097 3019 λύτρωσαί
3126 2966 3210 3015 με.
3244 2967 3260 2997 ι
3309 2950 3777 3019 Ἀποκατάστησον
3805 2950 3906 3017 τὴν

2356 3040 2531 3109 ψυχήν
2560 3056 2657 3107 μου
2698 3038 2801 3089 ἀπὸ
2832 3038 2931 3106 τῆς
2989 3037 3319 3107 κακουργίας
3370 3037 3567 3092 αὐτῶν.
3613 3038 3823 3106 Ὠσπερ
3847 3036 3906 3088 δὲ

2357 3127 2431 3196 τῷ
2461 3126 2694 3196 Σαμψὼν
2729 3125 3036 3196 συμϐέϐηκέ
3091 3142 3217 3179 ποτε
3249 3125 3334 3178 διὰ
3357 3125 3663 3194 φιληδονίαν
3694 3128 3771 3187 είς
3792 3129 3907 3194 χεῖ-

2359 3235 2456 3287 ρας
2488 3218 2742 3286 ἐμπεσεῖν
2772 3217 2880 3269 τῶν
2930 3217 3251 3283 ἀλλοφύλων,
3289 3216 3381 3269 καὶ
3425 3216 3611 3269 παθεῖν
3632 3217 3813 3269 ἐκεῖνα
3833 3218 3905 3269 τὰ

2356 3308 2713 3377 γεγραμμένα
2742 3307 2867 3377 περὶ
2891 3307 3070 3371 αὐτοῦ,
3104 3308 3257 3359 τοῦτο
3283 3307 3377 3359 καὶ
3400 3304 3493 3358 νῦν
3517 3307 3731 3367 πάντως
3760 3305 3905 3359 κατά

2355 3397 2528 3465 ψυχὴν
2585 3397 2790 3463 γίνεται
2842 3397 2918 3467 τῷ
2966 3396 3434 3466 ἀγκιστρευομένῳ
3484 3398 3619 3458 ταῖςῑ
3642 3398 3904 3464 πονηραῖς

2357 3486 2600 3554 ἡδοναῖς·
2633 3489 2697 3555 τῇ
2758 3487 2863 3557 γὰρ
2916 3488 3179 3557 προσϐολῇ
3224 3486 3317 3539 τοῦ
3372 3485 3611 3555 ῥυπαροῦ
3653 3486 3903 3555 δαίμονος

2356 3573 2899 3643 ἐπακολουθησάντων
2967 3576 3073 3627 τῶν
3119 3576 3390 3643 λογισμῶν
3440 3576 3533 3629 τοῦ
3580 3576 3901 3644 ἀνθρώποιϊ,

2355 3660 2643 3729 ἀφίσταται
2687 3663 2784 3729 μὲν
2817 3664 2848 3730 ἡ
2877 3664 3183 3731 φρουροῦσα
3227 3665 3331 3732 τὴν,
3361 3665 3535 3733 ψυχὴν
3574 3664 3690 3716 θεῖα
3719 3664 3901 3733 χάρις,

2357 3750 2726 3819 ἐπιλαϐόμενοι
2754 3751 2807 3803 δὲ
2832 3750 2922 3802 τοῦ
2940 3752 3289 3822 ἀγρευθέντος
3311 3756 3356 3804 οἱ
3379 3754 3642 3821 δαίμονες,
3680 3753 3904 3821 ἐξορύτ-

2357 3858 2534 3894 τουσιν
2560 3838 2720 3892 αὑτοῦ
2776 3841 2883 3893 πᾶν
2916 3842 3240 3911 σωφρονικὸν
3262 3842 3471 3909 νόημα,
3505 3840 3903 3907 δεσμεύουσιδὶ

2354 3934 2466 3995 τοῖς
2498 3930 2771 3991 δυσλύτοις
2806 3930 2910 3981 τῶν
2963 3930 3367 4001 γαργαλισμῶν,
3399 3930 3490 3982 καὶ
3536 3930 3645 3990 τοῖς
3669 3929 3903 3997 αἰσχρᾶς

2358 4017 2646 4087 ἐπιθυμίας
2670 4018 2901 4085 δεσμοῖς,
2958 4021 3047 4070 καὶ
3097 4021 3175 4081 είς
3214 4020 3310 4087 τὴν
3349 4019 3519 4085 γάζαν
3572 4019 3903 4086 κατάγοντες

2355 4107 2452 4173 τῆς
2481 4106 2674 4169 κακίας
2732 4107 3232 4175 παρασκευάζουσιν
3292 4106 3508 4176 ἀλήθειν
3537 4110 3600 4177 τῇ
3644 4107 3905 4179 συνηθείᾳ.

2354 4197 2419 4264 τῇ
2454 4198 2613 4264 κακῇ,
2648 4196 2740 4247 καὶ
2797 4197 3238 4265 ἐξυπηρετείσθαι
3284 4196 3359 4247 τῶ
3392 4197 3618 4265 διαϐόλῳ
3641 4198 3738 4259 τὰς
3760 4199 3903 4266 ἡμέ-

2286 4284 2327 4338 D
2358 4303 2475 4355 ρας,
2506 4287 2597 4337 καὶ
2625 4286 2720 4347 τὰς
2741 4285 2936 4347 νύκτας
2965 4286 3107 4348 ὅλας.

2439 4373 2559 4425 Ἐάν
2583 4373 2637 4424 δὲ
2666 4375 2863 4443 δυνηθῇ
2894 4377 2971 4436 εἰς
2988 4377 3180 4444 ἑαυτὴν
3202 4377 3427 4430 ἐλθοῦσα
3446 4379 3477 4446 ἠ
3498 4376 3637 4445 ψυχὴ
3658 4374 3750 4428 τοῦ
3780 4376 3901 4438 ταῖς

2354 4461 2644 4529 ἁμαρτίαις
2684 4462 3091 4527 παγιδευθέντος
3157 4464 3399 4527 στενάξαι
3452 4465 3585 4531 πρὸς
3613 4463 3744 4516 Θεὸν
3779 4465 3904 4531 μετ’

2352 4547 2541 4617 ὀδύνης
2594 4550 2833 4619 καρδίας,
2896 4550 2988 4601 κα)⁸
3049 4550 3443 4619 περιπλακῆναι
3477 4551 3541 4602 δι’
3576 4552 3757 4620 εὐχῆς,
3799 4554 3901 4606 καὶ

2356 4641 2558 4702 ἱκεσίας
2616 4642 2723 4702 τοῖς
2775 4641 3023 4709 ἀοράτοις
3050 4642 3141 4693 τοῦ
3176 4641 3442 4693 Δεσπότου
3501 4643 3624 4693 ποσὶ
3654 4641 3824 4708 λέγει,
3866 4644 3895 4695 6

2354 4733 2552 4800 Κύριος
2592 4734 2700 4793 τοῖς
2740 4732 3008 4798 ἀγγέλοις,
3045 4732 3227 4803 ὥσπερ
3255 4734 3281 4785 6
3315 4733 3608 4792 Ἐλισσαῖος
3636 4733 3762 4801 περὶ
3797 4732 3903 4803 τῆς

2350 4821 2706 4889 Σωμανίτιδος
2730 4837 2743 4851 ⁶
2781 4824 2976 4889 ’Ᾱφετε
3020 4822 3185 4891 αὐτὴν
3222 4823 3499 4891 προσιέναι
3541 4838 3651 4890 μοι,
3698 4823 3790 4875 καὶ
3822 4823 3902 4892 μὴ

2347 4908 2632 4962 ἀπύσεισθε
2667 4909 2852 4977 αὐτὴν.
2892 4910 3005 4963 Κᾶν
3038 4912 3147 4979 γὰρ
3184 4910 3446 4979 μηδεμίαν
3492 4911 3749 4981 κέκτηται
3780 4913 3904 4979 ἀρε-

2346 4997 2463 5064 τὴν,
2500 5002 2592 5052 καὶ
2625 5000 2930 5069 παρρησίαν
2962 5002 3093 5069 πρός
3124 5016 3209 5069 με,
3244 5001 3376 5053 ἀλλά
3406 5018 3466 5067 γε
3496 5002 3581 5055 διὰ
3606 5002 3665 5055 τὸ
3699 5002 3883 5055 κατώ-

2353 5088 2505 5141 δυνον
2535 5085 2669 5140 εἶναι
2718 5091 2880 5157 αὐτῆς
2934 5091 3029 5158 τὴν
3059 5090 3299 5159 καρδίαν,
3340 5092 3433 5143 καὶ
3476 5092 3704 5151 ἀναιδῶς
3732 5106 3883 5159 προσ.

2354 5176 2707 5231 κυλινδεῖσθαί
2765 5197 2851 5245 μοι
2923 5180 3055 5247 μετὰ
3117 5180 3406 5249 δακρύων,
3474 5183 3594 5234 καὶ¹
3627 5181 3895 5249 θλίψεως,

2353 5268 2731 5337 προσδέχομαι,
2776 5269 2865 5319 καὶ
2908 5268 3078 5331 σώζω.
3124 5270 3296 5339 Χρεία
3325 5270 3381 5324 δὲ
3420 5274 3550 5341 ἡμῖν
3584 5270 3673 5323 τοῦ
3704 5285 3903 5322 1tthm

2350 5353 2602 5424 δυνάμου,
2630 5358 2718 5410 καὶ
2747 5359 3017 5426 πανσόφου
3050 5360 3381 5429 Πνεύματος,
3408 5360 3688 5430 δυνάμεώς
3710 5375 3769 5411 τε
3796 5360 3901 5422 κα).

2358 5443 2592 5510 χάριτος,
2629 5446 2766 5515 άπερ
2796 5450 2970 5509 ζητεῖν
2998 5439 3242 5517 εὐθύμως
3266 5451 3568 5518 ὀφείλομεν.
3602 5447 3755 5501 Οὕτω
3784 5447 3897 5520 γὰρ

773 5530 990 5599 "_Psal.
1028 5553 1177 5605 uin,
1208 5539 1260 5591 2.
1337 5540 1380 5570 ‘*
1410 5541 1584 5596 Judic.
1619 5561 1725 5613 tm,
1761 5550 1983 5615 passim.
2062 5552 2103 5581 ’⁸³
2135 5552 2194 5603 IV
2238 5552 2371 5623 Reg.
2417 5572 2491 5618 tv,
2523 5558 2608 5610 37.
