4128 6340
168 326 248 394 261

1322 315 1784 379 EPISTOLARU
1796 316 1846 373 Μ
1887 317 1953 373 Li
1968 317 2028 373 Β.
2071 317 2149 374 Π.

3215 315 3318 376 282

168 441 220 494 ἃν
237 437 289 490 τὺ
307 435 399 504 μὲν
416 432 567 497 τόξον
591 431 693 484 τῶν
711 429 946 483 δυνατῶν
969 434 1032 500 τῇ
1050 431 1213 500 κακίᾳ
1233 429 1496 496 δαιμόνων
1515 427 1672 480 ἀσθε-
1700 429 1745 484 Α
1773 423 1793 477 ἰ

1700 429 1745 484 Α
1773 423 1883 478 liae
1921 424 2184 493 siquidem
2234 423 2441 477 ratione
2486 436 2888 492 generosorum,
2925 436 2987 475 ac
3019 424 3315 488 potentium

170 530 292 596 νήαει
343 521 798 584 κατατοξευόντων
837 521 980 589 ἡμᾶς
1027 523 1132 581 τοῖς
1191 521 1286 585 τῆς
1339 517 1676 586 ἡδυπαθείας

169 613 444 683 λογισμοῖς,
489 611 678 681 ὥσπερ
724 610 834 676 τισὶ
889 609 1299 676 πεπυρωμένοις
1356 606 1595 672 βέλεσιν·
1630 605 1679 655 ot

169 707 213 759 δὲ
247 705 299 757 τὸ
327 703 450 772 πρὶν
499 700 853 768 ἠσθενηκότες
884 699 1094 761 πιστοὶ,
1153 696 1373 764 ὕστερον
1438 694 1680 762 μεγάλως

172 789 672 858 ἑνδυναμωθήσονται
713 788 790 847 είς
818 785 914 852 τὴν
960 784 1067 836 τῶν
1104 783 1356 836 ἐναντίων
1388 782 1676 847 ἀναίρεσιν.

173 879 262 931 Καὶ
276 877 421 928 τοῦτο
467 875 575 943 ἄρα
603 874 768 933 ἔστιν,
799 873 935 940 ὅπερ
971 869 1384 940 προφητεύουσα
1417 871 1448 938 ἡ
1486 884 1676 921 πιστο-

173 970 283 1036 τάτη
341 967 515 1036 μήτηρ
574 963 666 1016 τοῦ
719 951 967 1032 Σαμουὴλ
1016 961 1196 1028 ἔλεγε,
1241 960 1402 1023 Τόξον
1442 958 1683 1012 δυνατῶν

176 1057 420 1126 ἠσθένησε,
440 1055 534 1106 καὶ
555 1056 602 1106 οἱ
629 1052 978 1113 ἀσθενοῦντες
1011 1049 1405 1120 περιεζώσαντο
1433 1049 1679 1114 δύναμιν.

176 1146 349 1206 Σκοπὸς
375 1143 449 1210 τῷ
493 1140 838 1212 δημιουργῷ,
884 1141 978 1193 καὶ
1025 1140 1297 1208 ζωγράφῳ
1338 1139 1434 1206 τῆς
1487 1139 1682 1197 κακίας

175 1236 370 1302 δαίμονι.
395 1234 471 1293 είς
500 1231 720 1300 βαρεῖαν
756 1231 845 1283 καὶ
872 1228 1294 1298 ἀπαραμύθητον
1315 1227 1485 1290 λύπην
1510 1225 1682 1294 ἐμϐα-

178 1328 268 1378 λεῖν
301 1325 520 1376 ἕκαστον
569 1321 883 1390 ἄνθρωπον,
931 1320 1021 1373 καὶ
1082 1318 1382 1386 ἀποστῆσαι
1432 1318 1680 1379 πίστεως,

178 1416 357 1476 ἐλπίδος
374 1413 464 1466 καὶ
490 1413 589 1479 τῆς
613 1411 757 1472 θείας
784 1411 1017 1479 ἀγάπης.
1043 1408 1185 1478 ἅπερ
1202 1408 1316 1460 ἐστὶ
1350 1406 1683 1476 καιριώτερα

178 1523 222 1558 τε
262 1505 344 1557 καὶ
383 1503 644 1574 κράτιστα
691 1500 786 1569 τῆς
843 1500 920 1561 είς
965 1499 1190 1567 Χριστὸν
1242 1496 1535 1557 εὐσεϐείας.
1589 1496 1685 1549 Διὰ

176 1592 304 1645 τοῦτο
328 1591 413 1643 καί
437 1607 588 1652 τινας
613 1589 720 1641 τῶν
759 1588 958 1640 πιστῶν
993 1586 1393 1656 παρασκευάζει
1431 1585 1685 1644 πολλάκις

175 1682 247 1734 διὰ
287 1679 377 1748 τῆς
428 1663 731 1745 κτηνώδους
767 1681 1049 1745 κινήσεως,
1102 1676 1194 1728 καὶ
1239 1675 1328 1726 ἐπὶ
1375 1673 1538 1727 αὐτοῦ
1588 1671 1681 1723 τοῦ

175 1769 308 1835 ἁγίου
332 1768 474 1819 οἴκου
502 1766 643 1835 ῥέειν
665 1765 843 1835 γονὴν,
871 1766 1012 1826 ὅπως
1035 1763 1128 1832 τὴν
1157 1763 1331 1831 ψυχὴν
1364 1763 1456 1814 τοῦ
1482 1761 1678 1814 παθόν-

176 1858 442 1927 τοςὲνέγκῃ
465 1858 540 1917 εἰς
559 1855 917 1922 ἀπελπισμδν,
950 1853 1042 1906 καὶ
1062 1853 1314 1920 ἀθυμίαν,
1341 1853 1433 1904 καὶ
1457 1851 1664 1903 τελείαν

176 1949 465 2014 ἀπόγνωσιν.
498 1948 666 1999 Ὅταν
697 1946 802 2014 γὰρ
834 1944 912 2012 τῷ
935 1945 1126 2013 χρόνῳ,
1161 1945 1253 1996 καὶ
1273 1943 1345 2012 τῷ
1369 1942 1512 2011 ἔργῳ
1549 1958 1684 2010 προσ

177 2035 297 2106 κόςιῃ
327 2051 419 2095 τις,
450 2033 568 2086 τότε
595 2035 644 2084 οἱ
699 2031 941 2100 πολέμιοι
994 2031 1100 2082 τῶν
1149 2029 1421 2098 σαρκικῶν
1466 2029 1682 2097 ἡδονῶν,

178 2123 256 2173 καὶ
275 2120 560 2189 ἐπιθυμιῶν
587 2119 900 2186 ὲπαφίενται
923 2115 1069 2185 αὐτῷ
1102 2118 1237 2186 πρὸς
1259 2117 1554 2184 γυμνάσιον
1586 2115 1685 2166 αύ-

177 2211 274 2273 τοῦ,
301 2212 386 2264 καὶ
406 2211 663 2279 δοκίμιον.
706 2207 838 2262 Εἶτα
881 2209 1233 2275 λυπούμενος,
1287 2205 1377 2258 καὶ
1429 2223 1686 2273 στενοχω·

179 2298 406 2369 ρούμενος
455 2296 817 2365 ἀναγκάζεται
861 2296 1044 2348 λοιπὸν
1104 2292 1487 2348 ταπεινοῦσθαι
1510 2332 1524 2356 ,
1592 2293 1687 2344 καὶ

177 2386 381 2448 πενθεῖν,
397 2385 488 2437 καί⁵
499 2385 688 2437 ἑαυτὸν
703 2384 858 2453 μόνον
873 2383 1234 2451 κατακρίνειν,
1251 2384 1343 2435 καὶ
1361 2381 1688 2450 μέμφεσθαι.

178 2472 272 2523 Καὶ
284 2472 438 2534 οὕτως
448 2471 534 2545 διά
553 2471 660 2523 τῶν
680 2470 991 2541 πειρασμῶν
1009 2470 1099 2523 τού
1109 2487 1210 2522 των
1241 2469 1587 2538 δοκιμασθεὶς
1603 2470 1692 2540 ἔρ-

178 2576 308 2628 χεται
327 2560 450 2629 πρὸς
469 2559 567 2626 τὴν
580 2558 763 2610 πασῶν
777 2548 898 2610 τῶν
911 2559 1119 2628 ἀρετῶν
1143 2561 1472 2631 ὑψηλοτέραν
1485 2559 1692 2629 διάκρι-

181 2664 272 2699 σιν.
298 2647 460 2714 ’Δπερ
481 2640 573 2698 οὖν
589 2645 776 2699 πολλοὶ
792 2645 866 2715 μὴ
882 2648 1373 2723 προπαιδευθέντες,
1421 2651 1551 2718 μηδὲ
1567 2647 1696 2701 ταύ-

178 2754 263 2806 την
277 2737 610 2806 κτησάμενοι,
632 2737 776 2798 τινὲς
800 2739 897 2804 μὲν
913 2737 1090 2790 αὐτῶν
1129 2737 1476 2801 ξενισθέντες,
1498 2740 1591 2791 καὶ
1606 2739 1693 2790 θο-

181 2824 473 2894 ρυϐηθέντες
496 2824 588 2877 τὸν
627 2823 749 2876 νοῦν
769 2826 827 2893 ἐξ
851 2825 1189 2895 ἀπροσεξίας,
1216 2827 1306 2879 καὶ
1338 2827 1690 2896 ἀδιακρισίας,

181 2912 379 2973 ἑαυτοὺς
414 2911 646 2979 ἔσφαξαν
681 2913 943 2982 μαχαίρᾳ,
983 2915 1125 2975 τινὲς
1150 2913 1208 2965 δὲ
1245 2916 1694 2983 κατεκρὴμνησαν

1743 514 1980 589 διιιτιιὶιίο
2018 513 2343 574 dannonum,
2381 520 2435 566 et
2482 510 2724 564 mollitiei
2754 509 3188 578 cogitationibus,
3228 527 3319 564 ve-
3413 519 3419 521 ’

1781 602 1873 653 luti
1903 601 2226 669 quibusdam
2257 601 2441 670 ignitis
2460 600 2656 668 jaculis
2675 614 2774 654 nos
2798 599 3090 667 petentium
3114 600 3318 667 sagittae

1777 698 2122 758 torpescent;
2159 691 2344 744 ﬁdeles
2375 705 2501 744 vero
2539 690 2766 743 antehac
2797 688 3130 745 vacillantes.
3162 697 3319 755 atque

1779 777 1987 834 remissi
2020 779 2362 847 postmodum
2408 780 2775 847 maximopere
2805 780 2858 832 in
2887 777 3121 832 hostium
3153 779 3318 832 inter-

1791 867 2071 920 neeionem
2122 854 2468 919 invalescent.
2499 863 2567 917 Et
2599 866 2702 918 hoc
2747 873 2847 929 est,
2891 864 3031 932 quod
3067 863 3321 916 ﬁdissima

1785 955 2050 1010 Samuelis
2080 969 2251 1007 mater
2276 954 2460 1006 divino
2506 952 2736 1007 Numine
2773 952 2954 1006 amata
3002 953 3325 1021 praenuntia-

1781 1047 1873 1100 bat
1899 1064 1912 1099 :
1943 1044 2147 1113 Sagitta
2196 1045 2539 1098 robustorum
2591 1043 2854 1096 inﬁrmata
2888 1051 2990 1105 est,
3023 1052 3075 1095 et
3104 1041 3322 1094 invalidi

1782 1135 1989 1189 viribus
2024 1149 2141 1188 sese
2165 1134 2514 1187 acc'inxerunt
2538 1131 2604 1184 “.
2642 1129 2859 1184 Auctori
2887 1132 3186 1198 pictoriquc
3208 1145 3322 1181 tua-

1781 1224 1910 1275 litiae
1938 1223 2185 1276 dwmoni.
2211 1235 2409 1289 scopus
2439 1225 2543 1279 est.
2592 1218 2646 1272 in
2678 1233 2888 1288 gravem
2918 1226 3078 1288 atque
3126 1217 3322 1270 insola-

1783 1313 1940 1371 bilem
1973 1324 2256 1364 mmrorem
2277 1310 2524 1364 homines
2555 1307 2829 1369 inducere,
2861 1315 2914 1359 et
2954 1323 2980 1358 a
3009 1307 3130 1366 (ide,
3157 1321 3249 1374 spe
3269 1313 3323 1359 et

1781 1401 2045 1454 cbaritate
2074 1399 2278 1461 divina,
2299 1414 2416 1467 qtue
2448 1395 3004 1452 accommodatissima
3030 1405 3084 1450 et
3113 1396 3321 1464 potissi-

1782 1504 1867 1540 ma
1899 1496 2025 1542 sunt
2045 1488 2249 1541 cultum
2278 1501 2406 1554 erga
2430 1485 2710 1539 Christum
2744 1499 2960 1538 servare
2982 1483 3322 1544 incolumem,

1783 1592 1940 1644 quam
1973 1576 2286 1644 longissime
2340 1587 2637 1627 removere.
2692 1571 2983 1638 Propterea
3037 1573 3326 1625 nonnullos

1785 1664 2018 1717 l‘aleiium
2073 1678 2214 1730 εαψο
2272 1660 2468 1729 sacpius
2503 1660 2739 1712 motione
2797 1658 3034 1711 bellnina
3080 1659 3145 1712 in.
3189 1659 3324 1726 ipsis

1718 1728 1758 1780 Β
1783 1753 1941 1805 etiam
1965 1751 2326 1806 sacrosanctis
2355 1750 2560 1803 aedibus
2586 1763 2770 1802 semen
2813 1746 3138 1814 profundere
3159 1748 3322 1815 c0git,

1784 1852 1842 1896 ut
1871 1843 2103 1894 animam
2137 1841 2232 1893 tali
2272 1840 2391 1893 labe
2421 1837 2845 1892 contaminatam
2889 1837 2940 1888 in
2967 1836 3323 1892 defectionem

1786 1934 2064 2002 suiipsius,
2088 1942 2141 1987 ct
2167 1930 2600 2000 desperationem
2633 1935 2874 1981 exactam
2904 1927 3140 1982 inducat.

1853 2023 1986 2075 Cum
2021 2023 2162 2073 enim
2195 2036 2481 2090 progressu
2523 2021 2803 2087 temporis,
2842 2030 2894 2073 et
2927 2019 3089 2071 rebus
3118 2021 3327 2088 egregie

1793 2111 1962 2180 gestis
1986 2111 2253 2178 quispiam
2287 2107 2602 2179 progressus
2636 2108 2841 2172 fecerit,
2881 2109 3035 2176 182
3063 2116 3175 2160 tum
3206 2123 3325 2161 car-

1786 2201 1988 2253 naliunt
2043 2200 2417 2266 voluptatum,
2466 2207 2521 2252 et
2581 2197 2971 2252 desideriorum
3025 2198 3208 2252 hostes
3261 2200 3326 2252 ad

1787 2291 1961 2359 ipsius
1994 2288 2356 2342 rudimentum
2389 2295 2550 2356 atque
2593 2288 3003 2357 probationem,
3055 2287 3206 2342 liberi
3248 2301 3333 2340 re~

1791 2380 2061 2433 laxantur.
2100 2377 2444 2433 Postmodum
2482 2378 2806 2449 aegritudine
2833 2375 3147 2432 contractus
3171 2387 3333 2446 atque

1789 2465 1844 2518 in
1877 2464 2154 2533 angustias
2173 2465 2505 2533 compulsus,
2539 2463 2792 2531 deinceps
2815 2478 2937 2518 sese
2967 2463 3020 2516 in
3053 2464 3329 2517 humilita-

1789 2561 1896 2607 tem
1925 2555 2259 2617 submittere,
2292 2555 2348 2607 itt
2382 2568 2664 2608 mmrorem
2691 2552 2870 2621 deiici,
2899 2559 2956 2607 et
2980 2553 3328 2621 semetipsum

1791 2643 2133 2698 solummodo
2174 2645 2537 2699 condemnare
2581 2651 2636 2697 et
2694 2658 2953 2699 accusare
3001 2644 3234 2714 cogitur.
3269 2643 3332 2696 Et

1791 2732 1871 2784 sic
1908 2733 2098 2787 mediis
2130 2734 2279 2801 bisce
2308 2732 2683 2786 vexationibus
2715 2734 2994 2800 probatus,
3028 2733 3095 2787 ad
3124 2733 3331 2789 discre-

1793 2823 1990 2874 tionem
2024 2821 2314 2874 virtutibus
2365 2819 2618 2870 ontnibus
2661 2820 3014 2873 excelsiorem
3065 2821 3330 2889 pervolat.

1794 2913 1999 2978 Quibus
2036 2926 2156 2965 cum
2212 2913 2453 2980 plerique
2493 2910 2856 2980 prminstructi
2912 2925 3018 2964 non
3081 2909 3332 2975 fuissent,

183 3001 380 3098 fautob;
407 3002 656 3070 ἀφορήτῳ
686 3000 847 3072 λύπῃ,
875 3003 968 3054 καὶ
998 3004 1297 3069 ἀπογνώσει
1323 3003 1687 3071 συσχεθέντες,
1720 3038 1764 3098 c
1797 3020 1813 3056 ι

1720 3038 1764 3098 c
1797 3018 1968 3072 neque
1995 3002 2139 3055 illam
2171 3001 2558 3069 possedissent,
2597 3000 2789 3068 partim
2832 3001 3072 3054 novitate
3104 3000 3179 3054 rei
3208 3015 3332 3070 per-

183 3086 337 3153 ζτεροι
361 3087 412 3139 δὲ
435 3088 498 3141 τά
529 3089 816 3156 γεννητικὰ
853 3089 1014 3157 μόρια
1042 3088 1321 3156 κόψαντες,
1349 3091 1440 3142 καὶ
1465 3091 1691 3157 αὐτοφο-

184 3178 343 3228 νευταὶ
375 3179 570 3228 ἑαυτῶν
595 3180 658 3245 τῇ
697 3177 1008 3247 προαιρέσει
1035 3178 1310 3244 γεγονότες
1348 3181 1395 3230 οἱ
1438 3179 1688 3242 τάλανες,

186 3267 430 3320 Oetaeam;
457 3270 520 3336 τῇ
565 3266 889 3336 ἀποστολικῇ
943 3269 1051 3336 ἀρᾷ
1107 3269 1201 3318 καὶ
1249 3269 1528 3339 κωμῳδίᾳ,
1569 3270 1696 3337 περὶ

185 3350 248 3408 ὧν
277 3373 450 3425 φησιν’
485 3357 708 3423 Ὄφελον
737 3357 829 3408 καὶ
857 3357 1215 3424 ἀποκόψονται
1246 3360 1294 3410 οἱ
1336 3360 1695 3412 ἀναστατοῦν-

184 3461 262 3506 τες
286 3447 434 3514 ὑμᾶς.
462 3445 642 3497 Ἀλλοι
662 3446 716 3497 δὲ
741 3446 832 3499 καὶ
861 3445 1047 3498 ἔλαϐον
1078 3447 1547 3516 συναρπασθέντες
1590 3447 1696 3498 ὑπὸ
1719 3439 1721 3441 ’

187 3532 264 3582 τοῦ
290 3533 508 3593 Σατανᾶ,
549 3533 642 3584 καὶ
665 3527 808 3585 οὗτοι
844 3532 1134 3586 ὑπεύθυνοι
1162 3534 1445 3600 γεγονότες
1473 3536 1536 3599 τῇ
1563 3548 1696 3596 προσ

188 3621 362 3686 φητικῇ
407 3620 669 3685 ἀποφάσει
727 3620 950 3690 λεγούσῃ
979 3638 993 3653 ο
1045 3623 1219 3683 (Τοὺς
1260 3621 1316 3672 δὲ
1355 3620 1698 3681 ἐκκλίνοντας

185 3708 252 3768 εἰς
285 3708 369 3770 τὰς
400 3709 760 3775 στραγγαλιάς
803 3711 996 3774 ἀπάξει
1022 3711 1219 3779 Κύριος
1243 3709 1378 3777 μετά
1407 3709 1511 3761 τῶν
1532 3712 1697 3778 ὲργα-

188 3795 398 3864 ζομένων
426 3802 520 3866 τὴν
544 3799 788 3866 ἀνομίαν.
829 3818 848 3850 ι
868 3799 924 3850 Ὀ
953 3799 1125 3850 τοίνυν
1152 3798 1227 3867 τῷ
1253 3799 1470 3867 τοιούτῳ
1489 3799 1698 3867 δαίμονι

188 3888 719 3958 ἀντιστρατευόμενος,
751 3889 848 3940 καὶ⁹
877 3889 1254 3958 ἀντιπράττων
1283 3888 1524 3956 δηλονότι
1564 3889 1694 3958 πρὸς

186 3974 264 4028 τδν
281 3977 477 4045 δολερὸν
508 3979 704 4030 σκοπὸν
729 3979 1094 4049 ἁρμοζόμενος
1126 3981 1188 4047 τῇ
1209 3978 1449 4048 ὑπομονῇ
1483 3980 1697 4050 χρᾶται,
1726 4007 1729 4010 -

189 4064 358 4132 καὶτῇ
401 4067 765 4138 μακροθυμίᾳ,
826 4069 919 4120 καὶ
949 4068 1014 4120 δι’
1065 4067 1248 4136 εύχῆς,
1308 4067 1403 4121 καὶ
1453 4068 1701 4136 νηστείας

189 4153 456 4217 ἀνενδότου,
513 4158 607 4207 καὶ
673 4158 923 4220 πίστεως,
966 4159 1058 4210 καὶ
1096 4158 1331 4222 ἐλπίδος,
1363 4159 1454 4210 καὶ
1497 4158 1702 4220 τελείας

190 4244 275 4312 τῆς
308 4245 433 4313 πρὸς
470 4244 600 4296 Θεὸν
649 4245 884 4312 -ἁγάπης
939 4245 1400 4312 καταπολεμήσει,
1437 4249 1528 4296 καὶ
1573 4249 1701 4298 κατέ

1793 3091 2013 3153 turbati,
2043 3091 2338 3157 incertique
2372 3089 2438 3143 de
2471 3090 2725 3142 omnibus
2748 3088 2968 3142 .redditi
2997 3103 3060 3142 ex
3097 3089 3324 3158 segnitie

1791 3188 1845 3233 et
1880 3177 2264 3244 disceptatione
2310 3189 2416 3227 non
2457 3175 2696 3242 jutlicata
2723 3213 2738 3235 ,
2802 3175 2948 3228 ferro
3003 3175 3106 3230 sibi
3158 3175 3331 3228 fatum

1795 3265 2148 3325 accersivere;
2190 3263 2380 3330 partim
2406 3261 2706 3331 praccipites
2759 3275 2818 3314 se
2861 3260 3145 3326 dederunt,
3203 3277 3336 3316 mte-

1795 3370 1913 3408 rore
1944 3351 2295 3415 intolerando,
2326 3360 2379 3404 et
2404 3351 2781 3418 desperatione
2823 3351 3105 3419 oppressi;
3140 3352 3335 3418 partim

1795 3440 2048 3496 membris
2075 3441 2393 3506 genitalibus
2427 3439 2671 3505 abrasis,
2718 3452 2770 3493 et
2805 3449 3032 3494 mortem
3093 3441 3337 3496 sibimet-

1793 3531 1923 3598 ipsis
1974 3527 2328 3582 voluntariam
2382 3528 2686 3596 irrogantcs
2751 3529 2954 3592 miseri,
3008 3543 3128 3584 sese
3165 3531 3337 3584 malc-

1795 3620 2014 3674 dictioni
2047 3619 2355 3687 apostolica:
2374 3627 2426 3670 et
2466 3617 2666 3672 derisui
2699 3618 2907 3671 comico
2943 3618 3244 3686 subjecere,
3272 3620 3340 3674 dc

1797 3711 1989 3778 quibus
2019 3710 2090 3764 ait
2121 3727 2133 3761 :
2171 3707 2385 3761 Utinam
2405 3716 2457 3761 et
2478 3707 2883 3771 abscindantur,
2915 3708 3006 3776 qui
3036 3709 3340 3782 inquietant

1795 3817 1925 3863 vos;
1963 3801 2155 3869 partim
2201 3798 2520 3852 mulieribus
2570 3797 2866 3864 innupsere
2899 3812 2928 3849 a
2984 3797 3182 3850 Satana
3216 3812 3339 3851 cor-

1798 3890 1955 3958 repti,
1985 3897 2040 3941 et
2069 3889 2121 3938 lti
2151 3901 2363 3954 quoque
2395 3884 2614 3941 obnoxii
2665 3885 2792 3936 facti
2839 3886 3057 3937 decreto
3105 3886 3340 3951 prophe-

1799 3980 1904 4031 tico
1929 3975 2129 4029 dicenti
2162 3991 2174 4025 :
2215 3991 2232 4022 ι
2271 3971 2608 4026 Declinantcs
2643 3971 2695 4022 in
2726 3970 3083 4037 obligatioues
3107 3973 3340 4027 adducet

1802 4066 2057 4120 Dominus
2104 4077 2223 4116 cum
2294 4059 2649 4128 cperantibus
2722 4060 3032 4127 iniquitates
3069 4061 3134 4113 ⁸⁷.
3177 4079 3195 4110 ι
3235 4062 3339 4126 Qui

1801 4171 1929 4210 vero
1955 4153 2115 4208 simili
2147 4151 2374 4205 θωπιυηὶ
2396 4149 2723 4214 obluctatur,
2764 4149 3049 4217 obstatque
3075 4150 3220 4205 illius
3241 4167 3338 4206 au-

1802 4245 1970 4298 daciae
2004 4254 2056 4296 et
2096 4239 2372 4310 proposito
2399 4239 2679 4301 insidioso,
2715 4233 3018 4293 tolerantia
3064 4241 3256 4303 utitur,
3291 4253 3343 4297 et

191 4333 509 4398 αγωνίσεται,
546 4333 638 4383 καὶ
673 4334 881 4400 κινήσει
913 4332 1122 4394 πάντως
1146 4331 1236 4384 τὸν
1259 4334 1494 4402 ῥυπαρὸν
1518 4333 1703 4386 τοῦτον
1735 4352 1777 4406 D
1805 4337 1819 4388 1

1735 4352 1777 4406 ι)
1805 4334 2228 4404 longanimitate,
2283 4339 2335 4385 et
2381 4332 2658 4401 precibus,
2711 4339 2764 4384 et
2803 4329 3024 4398 jejuniis
3068 4346 3341 4400 nunquam

192 4420 273 4471 καὶ
298 4421 591 4490 ἀκάθαρτον
617 4421 845 4488 δαίμονα
871 4425 935 4491 τῇ
962 4421 1176 4491 βοηθείᾳ
1205 4420 1296 4473 τοῦ
1322 4423 1523 4491 Κυρίου
1547 4423 1701 4491 ήμῶν

202 4506 357 4575 Ἰησοῦ
415 4508 666 4579 Χριστοῦ.
719 4510 898 4578 Ἀρκεῖ
927 4510 1031 4579 γάρ
1083 4511 1214 4578 ἡμῖν
1273 4509 1405 4578 πρὸς
1437 4510 1534 4571 τὴν
1587 4511 1703 4561 κατ’

191 4593 380 4664 ἐχθρῶν
421 4597 630 4665 ἄμυναν
673 4598 734 4648 τὸ
760 4599 926 4665 ὄνομα
957 4599 1126 4664 Ἰησοῦ
1166 4598 1397 4664 Χριστοῦ
1424 4597 1517 4647 τοῦ
1569 4614 1704 4649 παν-

191 4679 393 4747 υψίστου
428 4681 580 4733 Θεοῦ.
615 4680 814 4747 Πολλῆς
840 4681 893 4732 δὲ
930 4683 1056 4748 ἡμῖν
1100 4680 1232 4750 πρὸς
1265 4681 1354 4731 τὸν
1392 4679 1520 4731 Θεὸν
1550 4680 1705 4747 χρεία

192 4765 421 4836 δεήσεως,
453 4769 536 4822 ἵνα
568 4769 642 4838 μὴ
664 4769 978 4838 ἐκπέσωμεν
998 4768 1093 4835 τῆς
1113 4769 1327 4838 ἀρετῆς.
1358 4769 1473 4820 Ὅτι
1491 4769 1594 4837 γὰρ
1616 4768 1707 4820 δυ-

189 4853 335 4904 νατὸν
361 4857 418 4907 ἐκ
447 4856 784 4924 δικαιοσύνης
819 4859 898 4918 εἰς
928 4857 1197 4925 ἁμαρτίαν
1235 4859 1577 4926 μεταπεσεῖν,
1617 4857 1710 4907 καὶ

195 4938 288 4990 ἀπ’)
335 4942 423 4992 τοῦ
475 4943 676 5005 πάθους
723 4946 799 5006 είς
827 4943 884 4996 τὸ
907 4943 1150 5012 ἐμπαθὲς
1193 4943 1706 5012 μεταμορφωθῆναι,

197 5027 371 5093 κράζει
407 5029 535 5097 πρὸς
565 5031 654 5082 τὸν
681 5031 933 5101 Κύριονὴ
965 5034 1261 5102 προφητεία
1287 5049 1300 5061 ·
1338 5051 1356 5083 ι
1394 5032 1712 5101 Ἐγενόμεθα

197 5112 326 5174 aut
352 5116 644 5186 ἀπ’ἀρχῆς,
674 5121 762 5172 ὅτε
785 5121 882 5173 οίηι
902 5117 1074 5191 ἦρξας
1101 5123 1274 5191 ἡμῶν,
1301 5123 1416 5176 οὐδὲ
1441 5121 1710 5191 ἐπεκλήθη

198 5203 422 5271 τδδνομά
449 5222 538 5257 σου
569 5210 651 5273 ἐφ’
674 5211 838 5277 ἡμᾶς,
868 5228 886 5259 ι
914 5212 1005 5265 καί
1027 5213 1192 5279 ἐσμεν
1218 5211 1537 5279 ἀκάθαρτοι.
1569 5211 1709 5262 Ἀλλ’

199 5292 411 5363 ἐγχωρεῖ
435 5295 525 5345 καὶ
567 5299 703 5362 μετά
731 5299 826 5368 τὴν
858 5301 1258 5368 συμϐεϐηκυῖαν
1311 5300 1513 5351 πτῶσιν
1553 5299 1711 5353 πάλιν

201 5385 360 5449 τυχεῖν
386 5383 470 5435 διὰ
497 5384 596 5452 τῆς
632 5388 910 5453 μετανοίας
937 5389 1035 5456 τῆς
1059 5390 1114 5440 ἐν
1151 5392 1215 5455 τῇ
1249 5390 1388 5457 ἀρχῇ
1425 5387 1706 5453 ἀπαθείας,

263 5551 306 5582 ⁸⁸
332 5549 496 5622 lBrg.
524 5566 582 5616 ti,
623 5551 675 5604 4.
750 5553 792 5586 ⁸⁷
821 5554 961 5608 Psal.
994 5560 1169 5620 στιν,
1199 5556 1249 5607 5.

1808 4425 2165 4484 cessantibus,
2194 4430 2248 4478 et
2283 4421 2405 4486 title,
2427 4431 2478 4476 et
2515 4435 2632 4488 spe,
2663 4427 2720 4474 et
2748 4419 2995 4474 absoluto
3019 4435 3143 4490 erga
3179 4422 3342 4476 Deum

1808 4528 1987 4566 amore
2038 4510 2354 4580 proﬂigabit,
2380 4523 2442 4561 ac
2462 4513 2782 4574 prosternet,
2801 4516 2853 4560 et
2878 4507 3161 4562 debellabit
3191 4522 3344 4576 pror—

1810 4616 1902 4653 sus
1965 4601 2105 4650 bunc
2157 4594 2458 4654 sordidum,
2509 4601 2669 4662 atque
2713 4594 2990 4663 impurum
3052 4597 3344 4649 damonem

1815 4685 2026 4740 Domini
2049 4683 2218 4738 nostri
2247 4680 2372 4738 Jcsu
2395 4681 2594 4736 Christi
2613 4682 2899 4750 adiutorio.
2929 4681 3169 4750 Namque
3212 4684 3344 4737 satis

1813 4775 1968 4827 nobis
2015 4786 2278 4840 superque
2330 4781 2413 4826 est
2460 4771 2524 4825 ad
2581 4769 2932 4839 proterendos
2987 4770 3169 4823 hostes
3217 4767 3346 4825 Jesu

1812 4860 2012 4915 Christi
2041 4859 2129 4912 Dei
2159 4858 2514 4913 excelsissimi
2542 4871 2757 4910 nomen.
2793 4855 3067 4923 Frequens
3102 4870 3230 4910 vero
3255 4857 3349 4911 de-

1814 4948 2050 5019 precatio
2078 4947 2144 5001 ad
2173 4945 2338 5002 Deum
2371 4947 2526 5001 nobis
2551 4960 2686 5012 opus
2710 4951 2811 5007 est,
2866 4958 2933 4997 ne
2959 4945 3156 5000 virtute
3209 4948 3348 5001 exci-

1810 5040 2022 5094 tlamus.
2046 5037 2286 5105 Namque
2318 5035 2470 5102 183
2509 5033 2622 5086 ﬁeri
2663 5047 2837 5102 posse,
2875 5039 2934 5088 ut
2962 5049 3026 5089 ex
3047 5033 3259 5103 justitia
3295 5036 3346 5088 in

1811 5136 2090 5196 peccatum
2142 5138 2239 5176 nos
2285 5122 2498 5182 collabi,
2549 5127 2602 5174 ct
2653 5136 2716 5175 ex
2762 5120 2956 5176 all‘ectu
2988 5123 3055 5175 ad
3103 5124 3176 5187 id,
3207 5122 3348 5189 quod

1811 5213 2050 5282 passioni
2096 5208 2385 5263 obnoxium
2423 5216 2525 5272 est,
2585 5209 2985 5275 transformari,
3038 5212 3235 5263 clamat
3282 5211 3351 5262 ad

1815 5300 2093 5354 Dominum
2121 5295 2433 5348 vaticinium
2466 5313 2479 5348 :
2518 5306 2560 5347 ι’
2579 5296 2883 5352 Εθὶσίειηιιι·
2908 5295 3064 5351 sicuti
3091 5307 3119 5345 a
3148 5294 3351 5360 princi-

1812 5387 1920 5456 pio,
1950 5400 2070 5441 cum
2091 5397 2199 5438 non
2231 5383 2464 5441 habebas
2492 5385 2914 5441 dominationem
2947 5383 3003 5436 in
3027 5395 3150 5447 nos,
3180 5397 3357 5452 neque
