4128 6340
726 278 832 340 ‘26‘3

2164 266 2224 322 S.
2258 264 2418 323 NILI

3804 254 3919 319 264

729 384 1029 435 invocatum
1073 375 1252 431 fuerat
1308 388 1503 428 nomen
1562 379 1711 426 tuum
1744 386 1905 439 super
1941 385 2038 423 nos
2069 370 2135 432 ⁸⁸,
2173 388 2190 420 ι
2222 377 2273 421 et

2376 370 2464 430 καὶ
2506 366 2706 435 ἰσχύος.
2755 367 2871 429 Πᾶς
2906 364 3012 435 γὰρ
3038 367 3066 417 ὁ
3090 364 3178 418 διὰ
3225 366 3508 433 μετάνοιαν
3536 364 3627 416 καὶ
3675 364 3919 432 δεήσεως

729 484 913 525 sumus
933 466 1150 535 impuri.
1178 462 1551 519 Verumtamen
1576 461 1685 515 fieri
1705 469 1901 530 potest,
1925 467 2045 529 post
2067 461 2275 527 lapsum

726 571 920 611 rursus
969 555 1145 608 denuo
1197 552 1372 607 media
1405 551 1721 621 pmnitentia
1774 550 1827 602 in
1873 550 2106 616 priorem
2147 546 2275 601 affe-

728 658 910 702 ctuum
934 645 1257 697 vacuitatem
1286 651 1340 697 et
1368 643 1538 697 robur
1589 640 1805 695 reverti.
1852 640 1954 704 Qui
1994 639 2136 692 enim
2181 654 2274 706 per

726 735 1098 803 pmnitentiam
1149 741 1204 787 et
1232 733 1529 787 orationem
1557 731 1767 799 quaerit,
1800 739 2037 798 tempore
2067 728 2272 791 debito,

729 825 796 878 de
813 824 1017 892 integro
1045 837 1107 876 ex
1151 821 1371 889 praealto
1396 820 1762 890 advenientem
1783 820 1887 871 vim
1914 830 1966 873 et
1986 817 2272 872 affectuum

728 912 1050 966 vacuitatem
1077 917 1458 978 consequetur.
1499 909 1721 973 Attento
1755 908 1935 960 animo
1964 907 2151 975 excipe
2179 920 2274 958 va-

728 1000 974 1054 ticinium
1006 1016 1021 1051 :
1063 998 1441 1063 Exsuscitare,
1469 994 1797 1058 Jerusalem,
1824 1005 1878 1050 et
1917 994 2079 1050 indue
2108 994 2274 1048 robur

729 1086 940 1140 brachii
967 1085 1135 1147 tui.et
1162 1085 1496 1140 exsuscitare
1526 1093 1586 1136 ut
1617 1084 1672 1137 in
1704 1084 1969 1153 principio
1993 1081 2275 1150 diei,quo-

733 1178 875 1230 niam
909 1175 1081 1244 fugati
1114 1183 1243 1230 sunt
1260 1190 1291 1228 a
1320 1184 1375 1229 te
1396 1172 1570 1238 dolor,
1589 1174 1845 1228 mmstitia
1865 1181 1917 1226 ct
1941 1173 2190 1241 planctus
2208 1174 2268 1225 “.

731 1267 976 1334 Magnum
1016 1280 1177 1332 porro
1209 1265 1262 1317 in
1298 1263 1539 1319 adversis
1570 1265 1653 1318 vel
1680 1270 1840 1318 tenue
1881 1263 2101 1316 bonum.
2135 1261 2279 1317 Licet

730 1352 873 1405 enim
904 1361 1120 1419 propter
1147 1359 1335 1405 nostra
1356 1358 1573 1420 peccata
1592 1349 1699 1404 Deo
1719 1351 1843 1404 odio
1865 1352 2055 1415 simus,
2072 1365 2278 1405 verum-

733 1447 909 1505 tamen
940 1440 1130 1494 iterum
1166 1447 1381 1507 pcracla
1413 1439 1728 1509 pmnitentia
1759 1439 2080 1508 diligemur;
2114 1438 2278 1494 Deum

734 1542 896 1596 porro
951 1527 1228 1582 Dominum
1283 1527 1729 1582 humanissimum
1783 1542 1883 1582 nos
1929 1529 2104 1583 denuo
2164 1542 2279 1581 am-

734 1617 916 1685 plecti,
942 1632 1146 1685 suaqne
1170 1617 1433 1670 charitate
1462 1617 1659 1671 laetitiis
1684 1618 1938 1672 omnibus
1973 1617 2274 1683 incessere;

734 1706 880 1770 audi,
919 1705 1047 1775 quid
1083 1706 1198 1774 ipse
1232 1705 1376 1760 dicat
1420 1706 1765 1760 iutellectuali
1796 1705 2114 1771 Jerusalem,
2160 1709 2277 1759 ani-

736 1810 835 1847 mre
861 1810 1051 1863 nempe
1090 1804 1289 1851 neStrae
1325 1813 1340 1849 :
1377 1814 1396 1845 ι
1428 1794 1495 1848 Et
1531 1809 1724 1863 ponam
1762 1802 1814 1849 te
1853 1796 2106 1863 gaudium
2140 1811 2279 1850 sem-

736 1884 1025 1951 piternum,
1081 1892 1136 1936 et
1185 1882 1422 1935 laetitiam
1471 1883 1525 1936 in
1574 1884 1919 1951 generatione
1972 1886 2278 1953 generatio-

738 1984 865 2021 num
889 1968 953 2020 '°.
980 1986 999 2019 ι
1023 1966 1099 2022 Ne
1126 1969 1308 2037 itaque
1324 1969 1541 2022 modum
1570 1971 1621 2023 in
1646 1971 2067 2026 controversiam
2087 1987 2275 2041 ponas.

739 2060 872 2112 Cum
919 2059 1061 2113 enim
1121 2058 1262 2114 Deus
1310 2060 1630 2113 volueritcx
1686 2068 1829 2114 statu
1876 2061 2045 2130 pejori
2097 2077 2186 2116 res
2225 2062 2281 2116 in

740 2146 929 2199 melius
954 2145 1259 2209 iumnitare,
1296 2148 1475 2201 omnia
1493 2149 1763 2209 contraria
1793 2148 1884 2202 Dei
1923 2157 2052 2202 nutu
2081 2151 2279 2220 migra—

739 2253 903 2315 bunt,
958 2260 1011 2307 ct
1062 2256 1421 2310 novabuntur.
1471 2256 1736 2321 Quoniam
1788 2259 1855 2312 de
1908 2260 2187 2328 przefacili,
2230 2270 2283 2315 ct

738 2342 885 2395 nulla
914 2343 1153 2397 adhibita
1189 2360 1335 2397 mora
1365 2346 1619 2400 Dominus
1644 2347 2031 2402 humanitatem
2065 2363 2278 2402 omnem

740 2433 968 2491 variare.
1013 2439 1067 2487 et
1098 2434 1255 2486 aliam
1314 2433 1491 2489 facere
1549 2437 1773 2503 poterit;
1833 2438 2281 2505 quemadmodum

705 2566 713 2574 .
742 2518 1085 2575 sinexortice
1112 2521 1373 2588 stipitem,
1404 2530 1457 2577 et
1495 2525 1814 2578 aritudincm
1839 2526 2004 2594 scirpi
2029 2526 2279 2591 Aaronis,

742 2611 904 2663 citius
944 2612 1132 2673 multo,
1163 2628 1320 2680 quam
1372 2613 1424 2665 in
1462 2620 1605 2667 terra
1639 2614 1762 2669 allis
1799 2615 1984 2669 defixa:
2013 2617 2283 2671 radicibus

743 2698 955 2765 plantw,
985 2700 1191 2754 fructus
1217 2701 1512 2770 producere
1545 2706 1796 2772 praecepit
1820 2706 1899 2770 ⁸¹;
1934 2706 1979 2760 si
2006 2707 2148 2759 enim
2180 2708 2284 2761 illae

744 2789 927 2842 multis
977 2804 1240 2844 annorum
1286 2800 1339 2846 et
1375 2800 1672 2862 temporum
1718 2794 2037 2850 decursibus
2077 2796 2283 2851 fructus

743 2881 1019 2941 emittunt;
1050 2889 1102 2930 at
1125 2880 1234 2943 illa,
1266 2890 1425 2934 nocte
1453 2897 1557 2933 una
1591 2883 1747 2951 185.
1765 2885 1943 2936 omnia
1974 2886 2133 2937 simul
2159 2885 2283 2937 folia

2374 459 2593 527 ζητεῖν,
2618 456 2845 526 λήψεται
2876 456 2955 524 τῷ
2973 453 3297 524 προσήκοντι
3336 452 3509 522 καιρῷ
3544 452 3700 505 πάλιν
3725 452 3821 522 τῆς
3854 452 3922 515 ἐξ

2371 547 2534 615 ὕψους
2567 546 2804 615 δύναμιν,
2866 544 2957 597 καὶ
2984 544 3265 598 ἀπάθειαν.
3324 542 3566 612 Πρόσχες
3597 545 3663 612 τῇ
3703 558 3921 610 προφη-

2370 640 2491 708 τείᾳ
2534 654 2547 669 υ
2594 656 2611 686 ι
2651 637 2952 705 Ἐξεγείρου
3001 632 3367 704 Ἰερουσαλὴμ,
3414 633 3507 685 καὶ
3558 632 3762 685 ἔνδυσαι
3816 631 3922 700 τὴν

2376 730 2524 796 ἰσχὺν
2553 727 2644 778 τοῦ
2679 724 2955 797 βραχίονός
2983 741 3095 787 σου,
3128 724 3220 776 καὶ
3282 722 3553 791 ὲξεγείρου
3584 722 3658 784 ὡς
3685 725 3742 775 ἒν
3766 724 3917 791 ἀρχῇ

2373 817 2600 886 ἡμέρας,
2631 815 2761 868 διότι
2785 802 2993 883 ἀπέδρα
3020 816 3126 868 ἀπὸ
3150 814 3241 866 σοῦ
3273 813 3450 882 ὀδύνη,
3477 813 3639 882 λύπη,
3674 815 3766 866 καὶ
3792 830 3922 890 στει-

2374 906 2595 974 ναγμός.
2618 923 2635 953 ι
2696 904 2851 971 Μέγα
2877 904 2934 956 δέ
2969 903 3115 955 ἐστιν
3140 905 3198 955 ὲν
3222 904 3433 967 κακοῖς,
3470 903 3562 956 καὶ
3593 902 3653 954 τὸ
3716 904 3919 971 μικρὸν

2373 997 2589 1065 ἀγαθόν.
2613 996 2674 1048 Ei
2709 996 2816 1064 γὰρ
2852 996 2944 1047 καὶ
2990 993 3338 1063 μεμισήμεθα
3376 994 3482 1046 ὑπὸ
3523 991 3658 1045 Θεοῦ
3700 993 3787 1045 διὰ
3817 993 3927 1053 τὰς

2374 1088 2640 1156 ἁμαρτίας
2668 1084 2841 1153 ἡμῶν,
2873 1082 3007 1136 ἀλλὰ
3030 1085 3125 1135 καὶ
3155 1084 3314 1136 πάλιν
3332 1083 3797 1153 ἀγαπηθησὸμεθα
3822 1084 3924 1136 διὰ

2374 1176 2472 1242 τῆς
2526 1174 2833 1244 μετανοίας.
2906 1173 3027 1225 Ὅτι
3076 1171 3183 1240 γὰρ
3234 1171 3392 1224 πάλιν
3439 1170 3923 1241 προσλαμϐάνεται

2377 1267 2519 1335 ἡμᾶς
2546 1267 2572 1314 ὁ
2604 1262 3101 1331 πολυεὺσπλαγχνος
3130 1261 3420 1330 Δεσπότης,
3436 1261 3527 1314 καὶ
3547 1261 3930 1328 κατευφραίνει

2375 1358 2439 1424 τῇ
2470 1357 2740 1421 ἀγαπήσει
2776 1352 2959 1415 αὑτοῦ,
2990 1351 3148 1420 βλέπε
3180 1351 3231 1403 τί
3261 1351 3410 1417 λέγει
3430 1354 3494 1420 τῇ
3522 1353 3683 1419 νοητῇ
3727 1352 3932 1419 Ἰερου-

2379 1445 2571 1512 σαλὴμ,
2616 1443 2859 1495 τουτέστι
2903 1444 2972 1513 τῇ
3003 1441 3147 1511 ψυχῇ
3188 1439 3341 1509 ἡμῶν
3363 1456 3376 1468 ·
3418 1440 3562 1492 «Καὶ
3590 1439 3827 1508 θήσομαι
3864 1455 3929 1491 σε

2379 1536 2684 1604 halama
2714 1532 3055 1599 αἱὼνιον,καὶ
3080 1531 3414 1602 εὐφροσύνην
3433 1534 3621 1599 γενεᾶς
3649 1531 3868 1598 γενεῶν.
3903 1550 3924 1581 ι

2380 1626 2467 1693 Μὴ
2494 1623 2583 1679 οὖν
2624 1624 2999 1693 ἁμφιϐάλλῃς,
3056 1623 3189 1685 πῶς.
3243 1623 3431 1689 Ὅταν
3471 1623 3579 1691 γὰρ
3640 1621 3924 1691 βουληθῇὸ

2384 1718 2511 1778 Θεὸς
2541 1716 2646 1768 ἀπὸ
2688 1714 2780 1767 τοῦ
2821 1714 3056 1784 χείρονος
3098 1714 3188 1766 ἐπὶ
3228 1714 3472 1782 κρεῖττον
3512 1711 3833 1781 μεταϐάλλειν
3858 1711 3934 1763 τὰ

2385 1806 2698 1874 πράγματα,
2725 1805 2800 1874 τῷ
2828 1803 3155 1872 ἑπιτάγματι
3190 1802 3281 1854 τοῦ
3323 1799 3455 1853 Θεοῦ
3500 1801 3673 1853 πάντα
3728 1801 3957 1869 ῐικιειτὴοΔ

2388 1910 2533 1946 σεται
2583 1892 2653 1946 τὰ
2686 1892 3091 1960 ὲναντιούμεναιν
3117 1890 3240 1944 Ὀτι
3277 1891 3529 1953 εὐκόλως,
3558 1891 3651 1942 καὶ
3698 1889 3935 1958 ἑτοίμως

2346 2011 2355 2013 ~
2385 1984 2665 2052 δυνήσεται
2695 1982 2894 2050 Κύριος
2928 1982 3027 2050 τὴν
3053 1980 3441 2050 ἅνθρωπότητα
3498 1980 3927 2050 μετασκευάσαι,

2386 2074 2459 2135 ὡς
2510 2072 2605 2141 τὴν
2669 2071 2903 2139 ἆφλοιον,
2956 2071 3049 2124 καὶ
3103 2070 3269 2139 ξηρὰν
3319 2068 3507 2139 ῥάϐδον
3548 2067 3640 2121 τοῦ
3692 2067 3933 2137 Ἀαρὼν,

2386 2161 2672 2231 ταχύτερον
2695 2160 2799 2211 τῶν
2829 2160 2884 2210 ἐν
2915 2162 2980 2229 τῇ
3003 2162 3072 2229 γῇ
3097 2159 3477 2229 ὲρριζωμένων
3506 2158 3688 2226 φυτῶν
3717 2174 3935 2227 καρπο-

2387 2252 2619 2318 φορῆσαι
2658 2249 3011 2318 προσέταξενο
3041 2250 3197 2318 εἰπερ
3231 2249 3410 2301 ἐκεῖνα
3455 2247 3671 2309 πολλαῖς
3703 2247 3933 2315 χρόνων.

2388 2340 2478 2390 καὶ
2506 2339 2708 2408 καιρῶν
2733 2341 2955 2409 τροπαῖς
3009 2340 3361 2409 καρποφορεῖ,
3406 2336 3543 2407 αῦτη
3571 2337 3629 2414 δὲ
3660 2336 3764 2388 ὑπὸ
3802 2337 3935 2403 μίαν

2388 2428 2553 2480 νύκτα
2599 2429 2771 2481 πάντα
2809 2426 2946 2497 ὁμοῦ
3002 2428 3193 2496 φύλλα,
3246 2427 3338 2479 καὶ
3389 2427 3546 2494 ἄνθη,
3581 2427 3673 2478 καὶ
3718 2425 3936 2494 καρπὸν

2391 2520 2683 2588 προήγαγε.
2746 2518 2835 2589 Μὴ
2881 2513 2972 2571 οὖν
3037 2519 3111 2581 ὡς
3161 2516 3351 2586 ἔτυχε,
3407 2517 3523 2569 καΥ
3553 2516 3937 2576 ἀϐασανίστως

2392 2607 2775 2677 μετατιθῶμεν,
2794 2608 2887 2659 καὶ
2920 2608 3111 2669 αὐτοὺς
3159 2606 3266 2660 ἀπὸ
3291 2609 3467 2659 τόπων
3499 2606 3578 2667 εἰς
3610 2606 3805 2665 τόπους
3835 2604 3937 2663 τὰς

2390 2700 2453 2750 ἐκ
2476 2699 2579 2751 τῶν
2611 2699 2878 2767 λογισμῶν
2903 2698 3172 2767 ὀχλήσεις,
3209 2698 3301 2748 καὶ
3328 2696 3529 2763 θλίψεις
3554 2692 3933 2760 ἐκφεύγοντες.

2390 2790 2603 2842 Μᾶλλον
2632 2789 2686 2839 δὲ
2719 2789 2813 2841 καὶ
2847 2790 3127 2857 στήκωμεν
3183 2786 3300 2856 μεθ’
3330 2784 3603 2854 ὑπομονῆς
3632 2781 3936 2853 προσευχάς

2396 2895 2564 2947 μενοι,
2611 2877 2862 2946 καθάπερ
2916 2876 3152 2945 Μωῦσῆς
3197 2876 3347 2942 ἔλεγε
3399 2876 3480 2943 τῷ
3505 2866 3752 2943 Ἰσραήλ·
3789 2872 3933 2939 Στήο

744 2972 798 3015 et
833 2964 1016 3028 flores,
1053 2964 1287 3017 fructum
1320 2968 1516 3020 attulit.
1543 2967 1617 3020 Ne
1648 2970 1824 3036 itaque
1858 2969 1933 3020 uti
1960 2968 2098 3023 forte
2123 2970 2277 3035 cadit,

2393 2982 2537 3030 κετε,
2603 2965 2694 3018 καὶ
2748 2963 3012 3032 θαρσεῖτε,
3051 2964 3123 3035 μὴ
3154 2965 3419 3032 φοϐεῖσθε,
3454 2964 3547 3016 καὶ
3584 2961 3773 3031 δψεσθε
3833 2960 3941 3026 τὴν

744 3057 799 3103 et
830 3051 1031 3119 absque
1061 3055 1308 3109 examine
1336 3066 1545 3111 nosmet
1582 3058 1647 3111 de
1695 3058 1829 3111 locis
1862 3059 1925 3111 ad
1960 3059 2073 3112 loca
2110 3069 2286 3113 trans-

748 3141 1032 3203 rebamur,
1069 3158 1131 3195 ex
1185 3147 1599 3210 cogitationibus
1637 3148 1819 3201 turbas
1868 3157 1922 3200 et
1963 3148 2286 3204 afllietioncs

2392 3055 2537 3125 παρὰ
2566 3054 2657 3107 τοῦ
2721 3055 2853 3107 Θεοῦ
2910 3054 3152 3124 βοήθειαν
3183 3093 3198 3118 ,
3263 3055 3327 3124 ἢν
3387 3055 3598 3123 ποιήσει
3645 3052 3773 3121 ὑμῖν
3835 3053 3939 3120 σή-

2395 3166 2458 3217 με
2468 3162 2574 3216 ρον.

749 3230 1196 3286 ἰιιιυιιιιῐεορηῑεε.
1221 3233 1472 3296 Quinimo
1507 3232 1910 3301 perseverantes
1931 3252 2052 3289 cum
2076 3240 2356 3306 patientia,
2381 3252 2690 3301 exoremus,
2712 3242 2772 3291 ut
2810 3235 3022 3307 Moyses
3066 3234 3251 3290 lsraeli
3317 3235 3531 3291 dicebat
3561 3254 3575 3290 :
3645 3235 3815 3301 State,
3880 3240 3940 3287 et

752 3318 962 3381 audete,
999 3336 1065 3373 ne
1100 3321 1354 3383 timeatis,
1403 3330 1457 3375 et
1496 3323 1741 3376 videbitis
1783 3324 2041 3377 auxilium
2085 3342 2113 3378 a
2147 3326 2274 3390 Deo,
2313 3328 2455 3397 quod
2481 3326 2634 3380 vobis
2673 3325 2813 3380 Deus
2845 3325 3002 3379 hodie
3033 3325 3216 3384 afferet
3240 3327 3305 3381 ".

1214 3412 1388 3463 CXLI.
1414 3442 1482 3452 —
1521 3413 1833 3470 DIACO‘NO.

823 3496 953 3550 Cum
986 3498 1184 3553 videris
1227 3501 1492 3571 hominem
1518 3521 1621 3557 non
1665 3506 1807 3570 fidei,
1843 3508 1931 3561 sed
1964 3509 2164 3562 mundo
2196 3511 2293 3562 ad-

755 3586 979 3650 dictum,
1016 3591 1348 3656 temporaria:
1381 3593 1657 3659 sapientia:
1689 3596 1946 3649 inanitate
1980 3600 2294 3665 superbien-

758 3687 883 3737 tem,
915 3685 967 3728 et
998 3677 1256 3731 divinitus
1297 3680 1610 3747 inspiratam
1657 3681 1991 3750 Scriptor-am
2026 3688 2291 3753 nr-gleclui

758 3767 1067 3827 habentem,
1101 3768 1242 3833 quod
1276 3768 1520 3821 formulis
1550 3778 1602 3821 et
1637 3771 1935 3825 Atticorum
1962 3789 2110 3826 more
2135 3790 2294 3829 voces

760 3868 863 3901 non
894 3856 1107 3922 promit,
1138 3868 1258 3907 eum
1289 3853 1617 3909 Nuamanuut
1651 3857 1844 3928 Syrum
1875 3876 1994 3915 esse
2022 3863 2292 3928 existima,

762 3951 929 3993 totum
989 3947 1132 4011 lepra
1186 3958 1400 4013 proliter
1450 3950 1724 4014 perfidiam
1752 3990 1766 4013 ,
1805 3960 2089 4020 antequam
2136 3955 2298 4008 bene—

764 4030 1037 4096 factorum,
1063 4042 1115 4085 et
1153 4036 1388 4086 omnium
1430 4034 1708 4088 Dominum
1757 4039 1922 4091 Deum
1960 4054 2293 4107 agnosceret,

756 4121 1015 4183 'ohsitdm,
1053 4123 1142 4187 qui
1193 4138 1446 4191 perquam
1498 4126 1727 4179 maxime
1781 4126 2026 4195 ingentes
2059 4129 2300 4183 Damasci

763 4208 973 4267 ﬂuvios,
1007 4210 1152 4260 nullo
1174 4211 1331 4263 modo
1359 4214 1443 4265 vel
1473 4230 1635 4267 unum
1670 4216 1828 4283 lepra:
1861 4219 2004 4271 notis
2041 4233 2297 4287 compun-

765 4300 908 4343 ctum
945 4305 1136 4344 sanare
1162 4293 1415 4355 valentes,
1458 4302 1892 4361 commendabat,
1929 4316 1982 4355 et
2010 4302 2297 4359 Iordanem

766 4382 820 4433 in
845 4388 986 4433 terra
1010 4381 1171 4437 Israel
1195 4385 1584 4452 aspernabatur
1603 4386 1666 4440 ³³.
1700 4386 1940 4456 Νιιιιιιμιιι
1970 4408 2065 4445 nos
2089 4410 2302 4460 utroque

769 4468 1153 4541 intellectuales
1188 4471 1441 4527 Israelita:
1468 4474 1663 4529 divina:
1698 4474 1990 4545 Scriptura:
2016 4478 2303 4533 Jot‘daltit'a

765 4554 962 4611 fluenta
992 4558 1354 4624 possidemus,
1405 4577 1541 4628 qum,
1576 4578 1697 4617 cum
1745 4567 2045 4633 prolatione
2095 4577 2302 4620 tantum

768 4647 1032 4700 sermonis
1062 4648 1459 4715 exprimuntur,
1505 4654 1629 4705 vilia
1660 4636 1814 4717 sunt,
1862 4665 1916 4709 et
1964 4659 2157 4725 pusilla
2189 4676 2304 4713 eer-

769 4744 971 4788 nuntur
1006 4755 1018 4789 :
1052 4744 1424 4791 verumtamen
1444 4741 1737 4793 secundum
1768 4744 2047 4799 facultates
2077 4763 2304 4800 arcano-

771 4837 887 4874 rum
909 4823 1348 4879 abscOnditoruut
1375 4828 1427 4879 in
1460 4828 1659 4881 Christi
1682 4830 1947 4896 doctrina,
1974 4848 2109 4902 aqua
2141 4838 2310 4890 subsi-

770 4909 932 4962 licute
985 4912 1038 4963 in
1086 4914 1249 4967 vitam
1305 4923 1558 4969 :eternam
1606 4919 1669 4981 ⁵⁸,
1727 4934 1950 4984 omnes,
2004 4910 2093 4989 qui
2154 4925 2307 4978 fidem

770 4998 1183 5069 axi-plectuntur,
1223 5012 1468 5069 curante,
1502 5016 1833 5075 expurgante
1862 5016 1913 5059 et
1953 5008 2309 5073 illuminaate,

770 5090 931 5157 supra
983 5094 1225 5140 naturam
1281 5103 1426 5155 sunt,
1475 5103 1529 5147 et
1564 5096 1921 5157 admirabilia.
1980 5098 2210 5164 gloriosa
2257 5108 2309 5151 et

698 5202 703 5203 ί
771 5175 1162 5241 Superexaltata
1186 5176 1239 5228 in
1272 5181 1465 5231 stecula
1496 5186 1699 5234 surculi.

893 5263 1046 5332 135
1092 5262 1288 5317 CXLII.
1321 5295 1388 5305 -
1417 5267 1804 5325 NiCOTYCllO
1857 5256 2166 5331 piscoso.

842 5347 942 5435 Qui
990 5352 1161 5406 oculis
1213 5368 1317 5407 non
1348 5356 1678 5423 objiciuntur
1729 5360 1960 5416 Madinei
2008 5353 2298 5428 daemones,

2855 3418 3034 3470 PMA'.
3052 3446 3114 3456 -
3130 3419 3443 3487 ΔιΑΚΟΝῼ.

2469 3512 2633 3563 ’Ὀταν
2682 3508 2794 3579 ἴδῃς
2815 3507 3095 3577 ἄνθρωπον
3125 3507 3365 3570 ἄπιστον,
3389 3506 3482 3559 καὶ
3512 3506 3835 3576 φιλόκοσμον
3854 3512 3944 3577 ἐγ-

2398 3599 2740 3667 καυχὼμενον
2787 3599 2851 3664 τῇ
2875 3595 3191 3663 ματαιότητι
3215 3595 3317 3663 τῆς
3370 3596 3700 3664 προσκαίρου
3720 3598 3939 3666 σοφίας,

2400 3688 2490 3736 καὶ
2507 3684 2838 3746 εὑτελίζοντα
2857 3682 2951 3751 τὴν
2965 3681 3314 3736 θεόπνευστον
3336 3683 3574 3752 Γραφὴν,
3593 3682 3668 3747 ὡς
3682 3684 3757 3754 μὴ
3780 3686 3940 3737 ἀττι-

2402 3773 2673 3837 κίζουσαν,
2685 3772 2915 3838 γίνωσκε
2931 3770 3341 3841 τοῦτονΝαιμὰν
3359 3773 3621 3843 ὑπάρχειν
3635 3773 3722 3825 τὸν
3746 3774 3967 3841 Σύρονμ

2401 3861 2804 3930 λελεπρωμένον
2833 3860 2948 3914 ὅλον
2966 3861 3051 3915 διὰ
3074 3863 3170 3930 τῆς
3194 3862 3463 3925 ἀπιστίας,
3481 3864 3607 3930 πρὶν
3627 3860 3829 3929 ἐπιγνῷ
3850 3860 3944 3913 τδν

2403 3952 2688 4020 εὐεργέτην
2715 3951 2865 4011 Θεὸν,
2900 3953 2991 4002 καὶ
3027 3951 3226 4018 Κύριον
3257 3950 3361 4002 τῶν
3396 3950 3552 4012 ὅλων,
3594 3938 3747 4010 ὅστις
3795 3949 3942 4016 ἄγαν

2407 4041 2500 4106 μὲν
2533 4038 2801 4106 ἐθαύμαζε
2825 4040 2948 4100 τοὺς
2989 4039 3268 4107 μεγίστους
3295 4039 3394 4107 τῆς
3431 4038 3720 4108 Δαμασκοῦ
3770 4056 3943 4094 ποτα·-

2408 4126 2536 4192 μοὺς
2582 4118 2837 4193 μηδαμῶς
2889 4126 3211 4195 δυναμένους
3242 4127 3337 4179 ἕνα
3385 4127 3581 4196 λεπρὸν
3631 4128 3943 4194 ἀπαλλάξαι

2402 4216 2498 4283 τῆς
2534 4217 2882 4269 καταστίκτου
2921 4218 3143 4288 λέπρας,
3178 4212 3449 4288 ηὑτέλιζε’
3479 4221 3535 4273 δὲ
3574 4220 3664 4274 τὸν
3689 4222 3747 4273 ὲν
3773 4224 3840 4290 τῇ
3871 4223 3942 4290 γῇ

2403 4304 2493 4356 τοῦ
2528 4305 2735 4375 Ἰσραὴλ
2764 4306 3046 4375 Ἰορδάνην.
3077 4309 3312 4376 Ἔχομεν
3335 4312 3442 4379 γὰρ
3471 4309 3564 4361 καὶ
3594 4311 3773 4378 ἡμεῖς,
3810 4325 3941 4379 νοη-

2402 4395 2484 4443 eo".
2517 4395 2833 4460 Ἰσραηλῖται
2852 4396 3021 4458 ὄντες,
3048 4398 3231 4463 ήλτῆς
3250 4386 3394 4457 θείας
3416 4399 3633 4465 Γραφῆς
3660 4398 3947 4467 Ίορόάνεια

2409 4480 2616 4549 ῥεῖθρα,
2671 4483 2812 4550 ἅπερ
2857 4482 2995 4534 κατὰ
3058 4484 3153 4550 μὲν
3195 4484 3289 4551 τὴν
3326 4485 3599 4552 προφορὰν
3628 4485 3722 4536 τοῦ
3758 4486 3944 4552 λόγου,

2405 4568 2661 4638 οὐδαμινά
2703 4587 2759 4621 τε
2805 4573 2896 4622 καὶ
2951 4570 3202 4639 ἐλάχιστα
3257 4571 3522 4638 φαίνεται,
3580 4573 3719 4625 κατὰ
3754 4573 3809 4625 δὲ
3844 4575 3947 4636 τὰς

2405 4658 2657 4728 δυνάμεις
2714 4659 2819 4712 τῶν
2874 4661 3180 4729 μυστηρίων
3228 4661 3335 4713 τῶν
3374 4661 3767 4732 κεκρυμμένων
3832 4666 3947 4726 τοῖς

2406 4750 2637 4817 Χριστοῦ
2676 4750 3011 4819 διδάγμασιν,
3041 4753 3188 4804 ὕδατι
3223 4752 3495 4821 ἀλλομένῳ
3532 4753 3609 4812 εἰς
3638 4750 3780 4821 ζωὴν
3809 4752 3945 4805 αἰὼ-

2410 4853 2542 4901 νιον,
2582 4830 2883 4906 ἰατρεύοντί
2913 4856 2991 4902 τε,
3024 4842 3117 4892 καὶ⁵
3157 4839 3489 4903 καθαίροντι,
3527 4838 3620 4890 καὶ
3654 4838 3941 4906 φωτίζοντι

2406 4925 2608 4986 πάντας
2636 4927 2759 4988 τοὺς
2788 4927 3157 4988 πιστεύοντας,
3187 4927 3439 4996 ὑπερφυῆ
3469 4943 3525 4978 τε
3549 4928 3823 4997 τυγχάνει,
3854 4926 3949 4981 καὶ

2406 5008 2705 5078 θαυμαστὰ,
2730 5013 2910 5075 ἔνδοξα
2938 5015 3141 5078 τε,.καὶ
3198 5015 3613 5086 ὑπερυψούμενα
3634 5018 3712 5081 εἰς
3735 5016 3942 5079 αἰῶνας

2408 5114 2614 5160 αιωνος.

2685 5281 2859 5335 mea
2883 5312 2950 5321 —
2977 5249 3326 5355 MKOTrxn
3359 5288 3672 5359 ΔΙΛΚΟΝῼ.
3887 5346 3890 5350 λ

2479 5368 2541 5417 Οἱ
2573 5370 2790 5434 ἀφανεῖς
2814 5370 3062 5423 Μαδινέοι
3095 5373 3362 5442 δαίμονες,
3396 5376 3491 5439 τὰς
3540 5376 3743 5429 ἑαυτῶν
3775 5374 3945 5445 θυγα-

841 5484 1022 5562 "_lsa.
1065 5507 1215 5575 nstri,
1247 5492 1328 5544 l9.
1401 5491 1743 5575 "-!51l.l.|,9,
1777 5496 1861 5547 ll.
1936 5500 1978 5529 ‘“
2006 5481 2107 5551 lsa.
2148 5517 2232 5561 ις,
2269 5500 2351 5553 15.
2432 5504 2469 5531 ⁵¹
2501 5501 2659 5556 Num.
2689 5519 2819 5571 xvii,
2858 5506 2909 5558 8.
2985 5508 3028 5539 ⁸³
3064 5506 3230 5563 Exod.
3262 5527 3373 5575 xiv,
3406 5512 3492 5566 15.
3566 5507 3699 5561 "iV
3732 5506 3870 5573 “03-
3894 5522 3947 5570 Vr

777 5554 1001 5618 passim.
1077 5559 1119 5589 ⁵⁵
1147 5560 1299 5614 Joan.
1328 5576 1399 5624 ιν,
1436 5561 1519 5614 l4.
