4128 6340
187 320 269 383 265

1335 313 1847 382 ΕΡΙΒΤΟΙΛΠΙῙΜ
1889 319 2031 381 LIB.
2064 318 2143 376 Il.

3224 313 3325 373 266

188 434 350 503 τέρας,
404 431 601 501 δηλαδὴ
661 430 758 492 τὰς
805 429 1031 499 αἰσχρὰς
1106 430 1426 499 ἐνθυμήσεις
1483 431 1558 500 τῷ
1606 429 1679 499 νῷ
1710 433 1754 490 Α

1804 426 1918 479 ilias
1958 425 2231 495 proprias,
2274 422 2538 477 obscenas
2579 433 2771 488 nempe
2822 417 3192 487 cogitationes,
3248 418 3327 470 iu-

187 521 583 589 παριστάνουσιν,
614 518 952 594 ἐρεθιζούσας
988 519 1193 582 τοῦτον,
1222 520 1311 571 καί
1350 519 1468 572 λίαν
1510 536 1686 587 παρα-

186 612 410 672 καλούσας
431 608 744 678 καμφθῆναι
774 609 906 679 πρὸς
934 610 994 663 τὸ
1024 610 1232 679 ἄτιμον,
1272 607 1363 663 καὶ
1406 609 1686 672 λυττῶδες,

188 704 257 755 καὶ
279 703 534 770 ἐπάρατον
562 698 744 769 ἔργον.
778 702 875 753 ‘Av
922 702 1051 768 γοῦν
1096 701 1272 771 συμϐῇ
1310 700 1589 770 όλισθῆσαι
1614 698 1691 767 τῷ

187 789 412 858 πνεύματι
437 790 495 839 ὲν
522 790 590 858 τῇ
624 789 840 859 καμίνῳ
870 790 965 859 τῆς
1004 790 1219 859 ἡδονῆς,
1252 790 1345 842 καὶ
1391 790 1491 857 τὴν
1547 788 1692 841 ἔνδον

184 876 714 944 μοιχείανὰποτελέσαι
740 880 880 932 κατὰ
906 880 966 931 τὸ
1001 881 1249 950 ἀόρατον,
1288 880 1477 950 ὥσπερ
1504 878 1633 931 ποτὲ
1661 880 1691 929 ὁ

188 966 360 1037 Ζαμδρὶ
375 966 509 1019 κατὰ
536 968 597 1019 τὸ
627 968 948 1038 φαινόμενον
973 970 1064 1022 ἐπὶ
1085 970 1176 1023 τοῦ
1210 970 1506 1035 Μωῦσέως,
1536 966 1692 1038 χρεία

187 1056 338 1119 λοιπὸν
365 1055 562 1119 Φινεὲς,
583 1056 826 1108 τουτέστι
851 1056 946 1109 τοῦ
986 1058 1173 1125 ίερέως
1202 1058 1358 1126 λόγου
1395 1058 1694 1119 κτείνοντος

188 1145 247 1213 τῷ
268 1145 576 1216 σειρομάστῃ
589 1146 687 1213 τῆς
700 1144 934 1214 φοϐερᾶς
948 1145 1192 1215 διδαχῆς,
1210 1148 1304 1199 καὶ
1325 1146 1500 1210 ἐξολοθ
1510 1146 1691 1217 ρεύον-

188 1249 258 1293 τος
285 1232 365 1283 τόν
408 1249 466 1284 τε
514 1232 766 1303 Ἐϐραῐον
793 1232 887 1286 τὸν
930 1274 942 1288 .
963 1272 976 1285 .
996 1272 1008 1286 .
1029 1271 1042 1286 .
1068 1273 1083 1287 .
1111 1275 1125 1289 .
1144 1272 1159 1287 .
1181 1274 1196 1298 ,
1222 1234 1317 1287 καὶ
1345 1235 1442 1304 τὴν
1492 1235 1696 1287 Μαδια-

191 1322 329 1381 νίτιν,
384 1320 620 1373 τουτέστι
670 1323 762 1374 τὸν
804 1320 1123 1391 φιλόπορνον
1165 1322 1385 1390 τρόπον,
1452 1323 1543 1373 καὶ
1596 1322 1693 1389 τὴν

190 1408 555 1475 γαργαλίσασάν
602 1425 661 1461 τε
716 1409 810 1461 καὶ
866 1408 1001 1479 πρὸς
1025 1410 1087 1461 τὸ
1140 1409 1313 1471 πάθος
1369 1407 1695 1477 πυρώσασαν

191 1497 475 1568 προσὸολήν.

453 1586 628 1639 PMF’.
647 1587 1040 1657 -ζΠΔΜΦΙΛῼ
1068 1580 1384 1654 ΔΙΑΚΟΝῼ.

249 1672 309 1724 Τδ
328 1674 492 1734 λέγειν
520 1674 611 1728 τὸν
636 1675 976 1745 Σολομῶντα,
1005 1692 1023 1725 ι
1048 1675 1257 1746 Καρδία
1294 1674 1481 1743 ἀνδρὸς
1510 1672 1699 1741 αἰσθη-

1788 515 2023 567 tellectui
2050 518 2456 582 repraesentant,
2480 524 2601 564 eum
2622 510 2974 578 pruritantes,
2996 506 3331 574 maximeque

1790 604 1853 655 asl
1889 620 2121 667 sacrum,
2163 602 2493 664 intestabile,
2531 600 2801 655 rabiosum
2837 595 3331 664 exsecrandumque

1790 708 1924 762 opus
1947 695 2377 748 cxstimulantcs.
2412 695 2596 759 Itaque
2638 690 2682 745 si
2721 690 2770 742 id
2805 686 3083 765 acciderit,
3119 693 3178 738 ut
3220 684 3333 753 spi-

1789 782 1896 837 ritu
1918 783 2009 835 illo
2040 785 2095 835 in
2124 783 2392 837 caminum
2421 796 2649 851 proruas
2671 778 2983 847 voluptatis,
3026 787 3080 831 et
3111 774 3335 829 interio-

1790 887 1902 927 rem
1935 870 2365 936 fornicationem,
2395 887 2514 941 qua:
2545 871 2683 925 visui
2720 885 2826 923 non
2850 868 3125 937 ohjicitur,
3153 864 3335 920 absol-

1790 978 1905 1026 vas,
1926 960 2379 1031 quemadmodum
2409 957 2697 1029 aliquando
2722 956 2969 1020 Zambre,
3002 964 3123 1010 ante
3153 954 3337 1009 oculos

1792 1054 2031 1108 omnium
2056 1062 2295 1122 tempore
2324 1049 2544 1119 Moysis,
2590 1058 2717 1103 tunc
2745 1064 2882 1117 opus
2902 1054 2985 1103 est
3016 1046 3243 1100 Phincos
3265 1043 3334 1106 ",

1794 1144 1894 1198 hoc
1921 1151 2003 1197 est
2030 1141 2330 1197 sacerdotis
2365 1152 2634 1201 sermone,
2660 1137 2752 1207 qui
2789 1136 3049 1189 terribilis
3078 1134 3339 1187 doctrina:

1798 1233 2083 1287 siromaste
2117 1230 2413 1291 interimat,
2465 1229 2860 1293 Hebrmumque
2910 1222 3237 1283 adulterum,
3286 1229 3343 1274 et

1794 1318 2219 1381 Madianitidem,
2251 1316 2354 1369 hoc
2385 1322 2488 1376 cst,
2542 1314 2871 1382 impudicum
2927 1313 3259 1375 institutum,
3288 1316 3345 1364 ct

1795 1412 1886 1480 qui
1927 1408 2257 1471 irritaverat,
2280 1414 2332 1459 et
2355 1404 2418 1458 ad
2451 1403 2697 1457 allectum
2725 1402 3055 1461 incenderat,
3085 1401 3341 1469 impetum

1798 1496 2093 1567 disperdat.

2028 1581 2255 1637 CXLIII.
2286 1612 2352 1622 ——-
2382 1578 2725 1635 PAMPHILO
2786 1574 3098 1631 DIACONO.

1870 1675 2183 1730 Verbisillis
2210 1672 2548 1726 Salomonis:
2576 1691 2593 1721 ι
2621 1671 2727 1724 Cor
2742 1669 2979 1723 hominis
3001 1664 3344 1729 sensitivum,

189 1761 314 1830 τικὴ,
351 1763 558 1832 λυπηρά
582 1766 615 1830 ἡ
641 1765 785 1835 ψυχὴ
825 1766 1023 1829 αὐτούς,
1045 1783 1065 1817 ι
1094 1764 1441 1832 τοῦτο’δηλοῖ,
1470 1762 1701 1831 ὃτιπερό
1732 1753 1773 1806 Β

1804 1766 1972 1822 tristis
1986 1764 2166 1818 anima
2191 1764 2337 1816 illius
2356 1762 2422 1825 ⁸⁵,
2446 1780 2461 1811 ι
2490 1761 2752 1823 innuitur,
2780 1774 2925 1819 eum,
2953 1758 3043 1827 qui
3074 1757 3210 1810 malc
3230 1771 3260 1809 a
3288 1770 3348 1809 se

191 1849 442 1919 λαμϐάνων
462 1852 709 1922 αἴσθησιν
746 1852 853 1904 τῶν
882 1852 1102 1921 φαύλως
1128 1849 1276 1919 αύτῷ
1332 1849 1697 1917 πραχθέντων,

191 1941 269 1992 καὶ
293 1940 628 2011 μνημονεύων
659 1941 759 2011 τῆς
807 1941 1040 2013 φρικτῆς
1068 1939 1339 2004 κολάσεως
1363 1939 1463 2009 τῆς
1483 1938 1701 1994 αίωνίου

192 2030 409 2099 ἐκείνης,
460 2034 524 2101 τῇ
584 2032 805 2101 ἑκουσίᾳ
863 2031 1009 2103 λύπῃ
1098 2032 1193 2085 καὶ
1255 2034 1319 2101 τῇ
1374 2030 1702 2100 μεταμελείᾳ

192 2119 349 2171 ἑαυτὸν
372 2119 655 2189 θεραπεύει
681 2120 787 2191 πρὸ
813 2121 913 2191 τῆς
973 2120 1148 2185 ἐξόδου
1178 2119 1271 2172 τοῦ
1324 2118 1457 2188 βίου.
1492 2118 1608 2171 Ὀτ“
1630 2119 1702 2172 ’ἂν

197 2208 259 2269 δὲ,
280 2209 446 2277 φησὶν,
492 2211 844 2280 εὐφραίνηται
871 2213 900 2262 ὁ
934 2210 1172 2272 τοιοῦτος
1189 2250 1203 2274 ,
1232 2209 1329 2262 οὐκ
1356 2207 1703 2277 ὲπιμίγνυται

194 2295 340 2366 ὕϐρει.
380 2298 495 2353 Κᾶν
528 2299 636 2369 γὰρ
672 2298 920 2369 παροῦσα
946 2299 1097 2369 τύχοι
1126 2298 1368 2366 ἀφθόνως
1406 2299 1439 2367 ἡ
1464 2297 1702 2368 σαρκικὴ

193 2390 481 2460 εὐφροσύνη,
528 2392 621 2443 καὶ
656 2390 853 2462 τρυφὴ,
904 2391 1005 2442 οὐκ
1046 2388 1378 2455 έξολισθήσει
1443 2388 1579 2457 πρὸς
1604 2387 1704 2456 τὴν

194 2480 581 2549 ὑπερηφάνειαν.
639 2480 785 2549 Αὕτη
836 2481 944 2549 γὰρ
1006 2479 1161 2550 ὕϐρις
1213 2480 1361 2549 παρὰ
1425 2477 1704 2547 φρονίμοις

193 2571 530 2639 κικλήσκεται.

636 2661 810 2713 ΡΜΔ¹.
844 2689 914 2698 -——
944 2657 1028 2723 Τῷ
1047 2657 1223 2722 αὐτῷ.

258 2750 469 2819 ’Δσαφὲς
497 2750 676 2819 λέγεις
717 2752 981 2821 ὑπάρχειν
1005 2750 1064 2802 τὸ
1110 2749 1270 2821 ῥηθέν
1297 2764 1311 2780 ⁸
1351 2767 1367 2799 ι
1391 2750 1480 2817 Μὴ
1537 2763 1706 2817 προσ-

191 2839 369 2911 αγάγῃς
409 2841 603 2893 ’ἀσεϐεῖ
648 2840 817 2910 νομὴν
853 2839 1096 2894 δικαίων.
1121 2859 1139 2891 ι
1199 2839 1352 2908 Ἔχει
1386 2839 1484 2905 μὲν
1512 2832 1603 2889 οὖν
1644 2836 1704 2887 τὸ

194 2928 326 2999 ῥητὸν
355 2931 440 2983 καὶ
467 2930 633 2999 ἄλλην
662 2930 978 3001 ἑρμηνείαν,
1026 2928 1228 2999 ταύτην
1276 2929 1429 2997 δέχου
1483 2925 1702 2997 ἀρτίως.

193 3018 323 3087 Νομὴ
364 3020 574 3073 πάντων
634 3018 860 3085 πιστῶν,
911 3018 1005 3072 καὶ
1054 3017 1251 3088 τροφὴ,
1294 3017 1387 3070 καὶ
1429 3016 1653 3083 ἔνδυμα,
1678 3015 1705 3067 ό
1731 3056 1773 3115 C

194 3108 351 3179 Σωτὴρ
386 3109 615 3178 Χριστὸς
649 3108 900 3180 ὑπάρχει·
924 3109 981 3160 ὲν
1010 3107 1157 3175 αὐτῷ
1198 3106 1305 3176 γὰρ
1342 3104 1668 3173 ὲκτίσθημεν
1689 3143 1702 3167 ,

199 3218 213 3250 ι
238 3202 317 3251 κει)⁵
335 3200 529 3270 ζῶμεν,
548 3200 642 3253 καὶ
669 3199 980 3269 κινούμεθα,
1012 3197 1107 3250 καὶ
1141 3196 1324 3265 ἐσμέν.
1340 3212 1359 3245 ι
1378 3193 1596 3262 Ἐπειδὴ
1616 3190 1707 3246 οὖν

193 3290 271 3341 καὶ
298 3288 351 3341 τδ
377 3290 703 3342 Δεσποτικὺν
748 3289 925 3358 σῶμα,
960 3288 1051 3340 καὶ
1080 3282 1218 3354 αἷμα
1253 3282 1346 3335 τοῦ
1370 3282 1503 3335 Θεοῦ
1535 3282 1707 3348 Λόγου

191 3376 262 3427 διὰ
285 3377 371 3447 τὴν
396 3378 700 3446 οἰκονομίαν
720 3376 858 3446 νομὴ
886 3378 1140 3445 τυγχάνει
1172 3371 1514 3446 Χριστιανῶν
1543 3372 1710 3424 ἁπάν-

190 3480 298 3529 των,
329 3468 415 3520 καὶ
456 3467 634 3535 τούτῳ
657 3467 735 3536 τῷ
778 3467 1057 3536 μυστηρίῳ
1108 3465 1509 3535 τρέφονταικαὶ
1556 3462 1707 3514 ποτί-

192 3553 363 3617 Caveat“
425 3557 619 3609 ἄτοπον
650 3557 714 3610 ἂν
764 3558 849 3626 εῐη
904 3556 1237 3625 μεταδιδόναι
1285 3553 1380 3608 τοῦ
1432 3552 1708 3623 λεχθέντος

194 3645 456 3714 μυστηρίου
489 3647 643 3715 ἀνδρί
680 3664 788 3698 τινι
842 3646 1026 3698 ἀσεϐεῖ
1074 3646 1166 3698 καὶ
1194 3644 1367 3713 δολίῳ,
1401 3642 1579 3703 καθὼς
1630 3640 1709 3709 τῷ

195 3737 328 3805 μάγῳ
338 3736 525 3803 Σίμωνι
543 3738 698 3806 δῆθεν
715 3736 983 3789 πιστεύειν
1006 3734 1535 3805 καθυποκρινομένῳ.
1554 3731 1709 3783 Ἀλλὰ

193 3824 306 3895 μηδὲ
320 3825 405 3893 τὴν
423 3825 719 3897 βαθυτέραν
738 3826 843 3877 τῶν
862 3825 1164 3893 σεϐασμίων
1205 3822 1397 3890 λογίων
1420 3820 1709 3883 ἀνάπτυξιν

192 3915 484 3985 προσφέρειν
525 3915 592 3968 ἂν
626 3916 851 3984 ἀμυήτῳ
888 3914 995 3965 τινί
1044 3914 1136 3966 καὶ
1151 3914 1368 3984 πονηρῷ
1416 3914 1705 3985 ἀνθρώπῳ.

196 4006 306 4073 «Μὴ
325 4006 419 4074 δῷς
451 4006 578 4075 γὰρ,
608 4005 760 4074 φησὶ,
791 4004 850 4056 τὸ
875 4004 1026 4071 ἅγιον
1055 4003 1130 4073 τῷ
1168 4006 1306 4066 κυνὶ,
1332 4004 1449 4074 μηδ’
1468 4005 1707 4073 ἔμπροσ-

192 4094 266 4145 θεν
299 4098 481 4167 χοίρων
540 4096 705 4167 βάλῃς
752 4097 876 4156 τοὺς
908 4096 1269 4165 μαργαρίτας.
1318 4114 1335 4145 ι
1370 4096 1535 4149 Πάλιν
1556 4094 1611 4146 δέ
1642 4109 1707 4164 με

190 4181 466 4251 ⁴ἠρώτησας,
513 4183 629 4244 πῶς
672 4182 776 4252 χρὴ
820 4184 959 4235 νοεῖν
984 4183 1044 4233 τὸ
1076 4182 1457 4251 γεγραμμένον
1508 4181 1707 4249 ὁμοίως

191 4275 318 4344 παρὰ
340 4275 411 4345 τῷ
433 4274 752 4342 Σολομῶντι,
798 4291 815 4324 ι
843 4274 929 4342 Μὴ
962 4274 1243 4341 ἁπατηθῇς
1282 4272 1541 4342 χορτασία
1596 4288 1708 4323 κοι-

1800 1870 2051 1926 perverse
2084 1862 2229 1923 gesta
2274 1850 2621 1921 perseutiscit
2676 1849 3042 1917 terribilisque
3093 1860 3155 1899 ac
3205 1859 3349 1900 sem-

1801 1948 2023 2017 piternae
2057 1944 2203 1999 illius
2259 1942 2559 2012 punitiouis
2607 1939 2946 2004 recordatur,
2986 1950 3221 1991 maerore
3260 1950 3351 1989 vo-

1800 2036 2032 2090 luntario
2074 2042 2127 2088 et
2180 2033 2540 2102 poenitentia,
2597 2038 2886 2100 antequam
2931 2043 2965 2082 e
3013 2027 3121 2080 vita
3170 2033 3345 2089 exeat,

1800 2127 2149 2195 semetipsum
2185 2138 2398 2177 curare.
2430 2123 2563 2177 Cum
2591 2136 2739 2183 vero,
2771 2120 2866 2182 ait,
2904 2119 2953 2173 is
2975 2118 3207 2181 laetatur,
3239 2130 3347 2168 non

1800 2215 2180 2270 commiscetur
2216 2226 2337 2265 cum
2372 2211 2597 2281 ﬂagitio.
2626 2210 2775 2263 Licet
2807 2208 2948 2262 enim
2989 2204 3204 2260 abunde
3228 2218 3350 2257 cor-

1802 2318 1965 2373 porea
2003 2303 2187 2357 laetitia
2217 2301 2378 2366 adsit,
2424 2302 2693 2369 luxusque
2723 2298 2925 2362 amuat,
2973 2309 3245 2364 nunquam
3297 2294 3349 2346 in

1802 2396 2112 2464 superbiam
2138 2394 2406 2448 illabetur.
2458 2395 2581 2447 Haec
2612 2390 2756 2447 enim
2791 2388 3053 2458 ﬂagitium
3090 2385 3234 2457 apud
3264 2399 3351 2439 sa-

1804 2484 2010 2555 pientes
2041 2499 2234 2540 nomen
2269 2483 2450 2538 habet.

2189 2665 2347 2735 lse
2402 2661 2627 2717 cxuv.
2657 2691 2727 2701 -
2758 2660 2961 2714 Eidem.

1875 2758 2084 2811 Dictum
2116 2756 2267 2819 illud,
2307 2762 2363 2807 ut
2401 2754 2517 2822 ipse
2533 2755 2632 2815 ais,
2658 2752 2952 2806 obscurum
2980 2756 3061 2802 est
3088 2745 3231 2801 :«Ne
3259 2761 3355 2814 ap-

1804 2863 1973 2917 ponas
2030 2846 2195 2914 impio
2224 2846 2406 2899 cibum
2451 2846 2726 2913 justorum
2755 2842 2821 2893 5'.
2849 2859 2866 2891 ι
2906 2840 3078 2894 liabet
3105 2838 3355 2907 equidem

1805 2938 2010 2991 dictum
2048 2936 2150 2990 hoc
2190 2946 2243 2991 et
2297 2936 2454 2987 aliam
2493 2934 2673 2988 verbis
2725 2930 3025 3000 subjectam
3058 2930 3356 2990 notionem,

1806 3041 1965 3096 quam
1996 3038 2141 3077 nunc
2172 3024 2385 3078 habeto.
2424 3022 2591 3077 Cibus
2620 3021 2860 3075 omnium
2889 3020 3147 3081 ﬁdelium,
3177 3024 3231 3071 et
3260 3016 3359 3070 ali-

1808 3124 2067 3178 mentum,
2108 3122 2161 3168 et
2211 3114 2595 3167 vestimentum
2625 3111 2874 3165 Salvator
2924 3108 3171 3163 Christus
3219 3114 3305 3162 est
3340 3123 3354 3160 :

1808 3206 1861 3261 in
1900 3220 1964 3259 eo
1991 3205 2259 3274 siquidem
2291 3204 2478 3266 creati,
2530 3220 2548 3253 ι
2588 3210 2644 3257 et
2689 3200 2944 3261 vivimus,
2974 3206 3026 3253 et
3058 3210 3353 3256 movemur.

1806 3302 1858 3347 et
1882 3309 2071 3348 sumus
2091 3294 2135 3327 ⁸⁷
2159 3298 2193 3347 ’.
2234 3313 2249 3344 ι
2294 3293 2428 3346 Cum
2454 3293 2637 3361 itaque
2667 3298 2719 3346 et
2762 3288 3099 3343 Dominicum
3130 3300 3355 3355 corpus,

1806 3391 1859 3437 et
1919 3383 2145 3450 sanguis
2194 3381 2284 3434 Dei
2342 3381 2498 3434 Verbi
2554 3393 2650 3449 per
2712 3376 3143 3432 lncarnationem
3196 3374 3356 3429 Verbi

1804 3475 2238 3543 Christianorum
2296 3471 2537 3527 omnium
2573 3469 2729 3525 cibus
2756 3470 2847 3535 sit,
2879 3483 3051 3536 coque
3079 3480 3277 3520 arcano
3303 3472 3358 3519 et

1808 3565 2024 3620 alantur
2082 3573 2135 3620 et
2190 3571 2479 3633 potentur,
2548 3561 2842 3615 absurdum
2892 3558 3141 3627 equidem
3194 3556 3357 3611 fuerit

1806 3656 2047 3727 praedicti
2080 3654 2263 3709 arcani
2289 3654 2461 3705 virum
2502 3651 2809 3720 improbum
2846 3649 3203 3716 dolosumque
3231 3659 3357 3713 par-

1807 3746 2019 3815 ticipem
2059 3743 2253 3803 facere,
2295 3740 2457 3796 veluti
2506 3737 2781 3793 Simonem
2846 3736 3098 3807 Magum,
3154 3734 3244 3803 qui
3300 3749 3358 3788 se

1807 3836 2029 3889 credere
2080 3831 2372 3885 simulabat
2404 3830 2489 3882 '5:
2532 3828 2779 3897 quinimo
2831 3834 2886 3880 et
2943 3824 3352 3895 profundiorem

1806 3920 2235 3977 venerandorum
2296 3919 2634 3987 eloquiorum
2688 3914 3189 3984 interpretationem
3238 3914 3356 3967 viro

1808 4011 2074 4082 improbo,
2108 4008 2339 4064 necdum
2368 4008 2585 4062 initiato
2634 4008 2980 4063 concredere.
3022 4024 3040 4057 ι
3068 4004 3144 4060 Ne
3172 4005 3355 4059 tradas

1806 4103 1971 4167 enim,
1995 4102 2087 4166 ait,
2112 4107 2360 4155 sanctum
2392 4099 2538 4159 cani,
2575 4114 2676 4152 nec
2706 4106 2832 4152 ante
2857 4111 3053 4165 porcos
3088 4096 3355 4164 margari-

1807 4204 1892 4245 tas
1918 4190 2172 4260 projicias
2204 4191 2270 4240 δ’.
2309 4208 2326 4239 ι
2372 4188 2639 4242 Praeterea
2680 4202 2708 4241 a
2759 4202 2844 4241 me
2875 4185 3187 4255 postulasti,
3222 4200 3355 4254 qua-

1807 4296 1929 4333 nam
1962 4279 2168 4331 ratione
2190 4275 3065 4344 Salomonisilludintelligendum
3096 4275 3204 4329 sit:
3237 4294 3254 4324 ι
3282 4275 3357 4326 Ne

190 4364 358 4427 λίαςςι
405 4366 475 4417 Ού
534 4365 641 4434 γὰρ
702 4364 789 4426 ἂν,
839 4364 1170 4433 φιλόχριστε,
1233 4362 1483 4431 καθάπερ
1538 4361 1773 4431 ἄρτουι]

1805 4367 2055 4423 illudaris
2088 4367 2338 4420 satietate
2364 4366 2566 4422 ventris
2589 4366 2673 4419 “2
2706 4385 2723 4416 ι
2752 4364 2869 4419 Non
2900 4366 3065 4430 enim,
3098 4379 3129 4418 o
3150 4361 3355 4418 Christi

191 4454 342 4505 κοινοῦ
369 4455 456 4506 καὶ
484 4450 647 4518 οἴνου,
669 4452 803 4519 πρὸς
836 4452 1146 4522 πλησμονὴν
1182 4452 1281 4519 τῆς
1320 4452 1571 4519 γαστρὸς,
1604 4450 1703 4518 τῆς

190 4543 457 4611 φρικώδους
482 4544 692 4612 ἐκείνης
715 4541 805 4594 καὶ
831 4542 1078 4608 ποθεινῆς
1098 4541 1373 4610 τραπέζης
1414 4540 1704 4609 μετέχομεν

189 4634 265 4683 ἐπὶ
295 4634 384 4702 τῆς
424 4632 765 4700 Ἐκκλησίας’
802 4629 1024 4700 βραχέος
1051 4632 1104 4681 δὲ
1137 4630 1331 4697 μέρους
1362 4628 1502 4688 τινος
1540 4644 1705 4695 μετα-

189 4720 503 4792 δίδοταιὴμῐν
536 4720 640 4772 ὑπὸ
696 4719 803 4771 τῶν
831 4719 907 4787 τῷ
934 4719 1051 4786 Θεῷ
1096 4718 1567 4787 λειτουργούντων,
1610 4717 1705 4768 καὶ

194 4811 644 4880 μεταλαμϐάνομεν
678 4811 754 4871 είς
782 4808 911 4876 ὕψος
933 4808 1260 4870 ἀτενίζοντες
1284 4809 1391 4867 τοῖς
1406 4806 1501 4873 τῆς
1528 4804 1703 4874 ψυχῆς

188 4896 466 4967 ὀφθαλμοῖς,
498 4898 633 4965 πρδς
659 4897 720 4949 τὸ
746 4895 1136 4965 καθαρισθῆναι
1200 4894 1697 4964 πλημμελημάτων,

190 4986 265 5037 ml
321 4987 580 5057 ἀγιασμοῦ
656 4988 745 5040 καὶ
820 4988 1083 5054 σωτηρίας
1144 4988 1339 5053 τυχεῖν.
1400 4984 1574 5037 Καλὸν
1646 4984 1702 5034 δὲ

189 5072 381 5142 νομίζω,
432 5077 525 5128 καὶ
552 5079 607 5128 ὲν
648 5080 713 5145 τῇ
761 5078 909 5145 κοινῇ
962 5074 1206 5145 τραπέζῃ
1246 5076 1302 5126 ἐν
1333 5076 1449 5137 ταῖς
1506 5073 1701 5135 οίκίαις

189 5162 318 5231 ἡμῶν
340 5165 409 5235 μὴ
438 5166 747 5218 ἀπατᾶσθαι
797 5167 1061 5235 χορτασία
1098 5166 1324 5226 κοιλίας,
1361 5166 1599 5216 τουτέστι
1630 5162 1703 5231 μὴ

190 5253 500 5321 ὑπερϐαίνειν
520 5256 587 5307 τὰ
606 5256 726 5324 ὅρια
758 5256 856 5322 τῆς
890 5255 1185 5320 ἀναγκαίας
1234 5256 1452 5324 χρείας·
1502 5255 1695 5323 μέτρον

188 5342 273 5410 γὰρ
300 5343 356 5411 δὴ
390 5343 606 5411 ἄριστον
634 5343 733 5410 τῆς
778 5342 884 5394 τῶν
920 5343 1221 5412 βρωμάτων
1246 5343 1276 5412 ἢ
1306 5343 1412 5394 τῶν
1438 5344 1696 5410 πομάτων

187 5435 420 5503 χρήσεως,
454 5436 487 5505 ἡ
520 5434 674 5503 χρεία
696 5433 926 5501 ὑπάρχει
956 5433 1047 5484 τοῦ
1070 5434 1333 5503 σώματος.

190 5547 642 5636 ιηζῖἕυπίίέἱῃ
680 5545 737 5636 In
757 5560 915 5636 539;-
972 5549 1034 5636 :6
1076 5546 1235 5636 prex.
1282 5566 1390 5613 xw,
1432 5552 1491 5604 10

242 5615 414 5671 Matth.
443 5631 539 5682 vn,
567 5616 621 5671 6.
694 5616 737 5647 ‘°
778 5616 934 5668 Prov.
972 5630 1119 5679 xxiv,
1154 5615 1239 5668 15.

327 5713 582 5775 Puncta
615 5711 728 5773 Gtt.
762 5710 1045 5770 LXXIX.

1620 5551 1663 5583 "
1704 5548 1863 5607 Pr0v.
1906 5565 2048 5614 xxw,
2096 5550 2178 5603 l5.

1810 4460 2001 4520 amice,
2033 4456 2195 4512 veluti
2222 4457 2527 4510 communis
2554 4458 2707 4525 panis
2736 4466 2789 4510 et
2828 4456 2963 4519 vini,
2996 4455 3061 4509 ad
3095 4454 3352 4509 saturita-

1809 4557 1913 4601 tem
1966 4548 2211 4608 ventris,
2258 4546 2337 4598 sic
2392 4545 2685 4600 tremenda:
2746 4545 2891 4600 illius
2950 4560 3014 4599 ac
3060 4544 3355 4613 concupita

1810 4650 2009 4688 mensa:
2041 4635 2093 4686 in
2124 4632 2365 4687 Ecclesia
2390 4634 2811 4701 participamus;
2851 4634 2943 4688 sed
2974 4634 3195 4687 minima
3225 4648 3353 4703 par.

1807 4726 1974 4777 ticula
2014 4725 2167 4778 nobis
2206 4740 2236 4777 a
2284 4724 2389 4779 Deo
2444 4724 2880 4779 ministrantibus
2942 4723 3247 4783 exhibetur,
3300 4730 3354 4774 et

1808 4814 2292 4881 communicamus,
2345 4816 2536 4869 animae
2570 4815 2755 4870 oculos
2803 4814 2857 4868 in
2908 4814 3179 4868 excelsum
3217 4812 3353 4865 diri-

1805 4911 2013 4972 gentes,
2069 4912 2128 4956 ut
2166 4918 2195 4957 a
2248 4902 2486 4973 peccatis
2520 4904 2863 4965 mundemur,
2916 4908 2969 4955 et
3012 4900 3351 4955 sanctitatem

1804 5002 1963 5064 atque
1989 4994 2214 5049 saIutem
2240 5008 2658 5064 consequamur.
2689 4993 2961 5063 Optimum
2986 4990 3145 5045 etiam
3172 4988 3354 5042 existi-

1805 5098 1912 5145 mo,
1950 5098 2050 5135 nos
2104 5084 2158 5154 in
2194 5098 2377 5137 mensa
2431 5080 2707 5135 communi
2742 5080 2883 5147 apud
2939 5078 3079 5132 miles
3132 5083 3349 5130 nostras

1805 5171 2053 5225 satietate
2084 5172 2285 5223 ventris
2312 5186 2419 5224 non
2448 5169 2624 5233 illudi,
2682 5183 2815 5222 usus
2843 5180 3032 5235 nempe
3059 5164 3349 5219 necessarii

1801 5260 2002 5313 limites
2026 5274 2132 5312 non
2157 5260 2428 5314 excedere.
2455 5257 2701 5314 Mensura
2730 5270 2958 5325 namque
2982 5255 3086 5308 cibi
3112 5269 3171 5305 ac
3195 5264 3351 5322 potus

1803 5350 2002 5418 optima
2032 5348 2213 5414 fuerit,
2247 5349 2545 5404 necessitas
2574 5346 2832 5415 corporis.

2292 5551 2359 5584 "'
2382 5550 2500 5603 Act.
2533 5564 2661 5611 xvu,
2688 5547 2776 5601 ΩΒ.
2883 5541 2927 5571 ⁵³
2966 5540 3085 5592 Αοῑ-
3113 5553 3227 5599 "mo
3264 5536 3347 5591 ιδ·

2930 5702 2965 5761 9
