4128 6340
761 263 861 304 001‘?

763 291 853 323 2.1;!

825 463 964 527 Quid
1004 465 1130 518 mihi
1158 465 1468 521 Graecorum
1509 471 1802 538 sapientes,
1837 479 2091 534 protensa
2138 468 2306 523 barba

757 567 1080 620 plangi-aves,
1115 568 1166 609 et
1201 557 1568 611 lmmeralibus
1617 557 1932 620 adornatos,
1990 556 2306 626 tumideque

759 640 993 706 inflatos,
1026 644 1233 714 baculo,
1251 645 1523 712 barbaque
1556 643 1959 696 venerationem
1997 645 2102 698 sibi
2136 661 2305 699 aucu-

757 744 966 801 pantes.
996 737 1310 804 protendis?
1357 736 1555 788 Paulus
1583 733 1724 787 enim
1774 735 2071 789 aulicorum
2105 735 2336 802 textor,‘

704 848 705 851 η
756 824 822 875 de
856 826 939 876 via
974 828 1152 888 homo,
1199 835 1251 879 et
1284 825 1422 893 apud
1455 839 1644 878 omnes
1693 826 2030 895 contemptui
2065 827 2302 893 habitus,

754 912 1008 967 Graeciam
1033 915 1380 980 reliquasque
1413 913 1670 968 barbaras
1706 927 1893 982 gentes
1928 917 2208 972 universas
2240 919 2304 972 ad

755 1003 919 1056 Deum
952 1004 1237 1056 convertit.
1280 1005 1379 1067 Qui
1419 1019 1547 1058 vero
1595 1004 1736 1073 apud
1768 1022 1863 1061 vos
1918 1008 2305 1062 circumfertur

752 1089 1102 1158 muniumqne
1128 1090 1380 1144 manibus
1421 1092 1635 1157 teritur,
1674 1091 1848 1159 Plato,
1889 1097 2051 1149 tertio
2084 1099 2136 1150 in
2165 1097 2304 1150 Sici-

753 1183 876 1236 liam
911 1183 1273 1254 aduavigans,
1327 1202 1448 1240 cum
1483 1189 1771 1243 verborum
1815 1191 2031 1244 illorum
2071 1199 2301 1256 tumore,

752 1277 887 1330 etde
920 1292 977 1330 se
1007 1288 1263 1348 concepta
1295 1281 1574 1348 splendida
1616 1283 1889 1350 Opinione,
1943 1297 2116 1349 neque
2144 1283 2302 1334 unius

754 1368 966 1435 tyranni
996 1383 1216 1436 compos
1248 1369 1425 1423 factus
1455 1380 1560 1434 est;
1597 1370 1689 1423 sed
1723 1371 1802 1422 sic
1832 1371 2024 1423 misere
2046 1369 2300 1432 decessit,

699 1491 704 1496 -
755 1467 807 1509 ut
848 1467 900 1510 et
945 1459 1243 1514 libertatem
1307 1461 1478 1526 ipsam
1536 1460 1801 1512 amiserit.
1853 1459 1953 1511 Ast
2004 1459 2299 1512 aulicorum

753 1556 946 1607 textor,
1005 1561 1110 1597 non
1174 1545 1417 1599 Siciliam
1470 1555 1713 1610 tantum,
1764 1561 1872 1600 non
1922 1547 2151 1613 italiam,
2205 1547 2298 1602 sed

754 1635 1062 1688 universum
1097 1644 1364 1690 terrarum
1418 1635 1604 1692 orbem
1653 1637 1854 1706 pietate
1901 1638 2300 1707 prcedicationis

750 1739 998 1779 emensus
1025 1735 1129 1780 est.

854 1815 1080 1871 CXLVI.
1122 1847 1190 1858 —-
1219 1816 1630 1877 PlilLOXENO'
1654 1819 2194 1876 CENSOPHYLACI.

817 1903 1002 1976 Neque
1032 1908 1084 1961 in
1126 1909 1288 1962 rebus
1323 1910 1580 1963 secundis
1618 1925 1682 1962 ac
1729 1910 1919 1964 faustis
1945 1911 2299 1978 corybantum

751 2011 900 2050 more
922 1998 1133 2060 insano,
1168 2005 1330 2067 atque
1371 1996 1519 2050 inani
1556 2004 1765 2051 tumore
1800 1996 1975 2050 inflari
2018 1993 2298 2056 debemus,

753 2098 925 2151 neque
979 2083 1033 2136 in
1091 2082 1334 2139 adversis
1389 2085 1736 2139 successibus
1779 2083 2076 2140 bestiarum
2127 2084 2300 2137 instar

751 2175 1082 2243 despondere
1140 2176 1399 2238 animum,
1443 2182 1497 2231 et
1533 2191 1563 2230 a
1597 2171 1832 2230 maerore
1882 2174 2160 2229 absorberi
2200 2190 2215 2228 :
2247 2173 2296 2226 id

754 2280 983 2334 namque
1012 2266 1188 2332 pusilli
1222 2266 1384 2318 animi
1402 2273 1564 2334 atque
1586 2266 1818 2320 imbellis
1843 2276 1941 2320 est.
1973 2263 2036 2316 Et
2063 2279 2299 2333 prtesens

754 2355 863 2405 lucc
895 2355 998 2404 vita
1032 2355 1369 2421 eorruptioni
1403 2356 1638 2408 obnoxia
1684 2369 1859 2410 scenae
1897 2354 2158 2408 assimilis
2193 2365 2295 2408 est.

743 2448 927 2508 [Quare
976 2459 1146 2512 neque
1201 2443 1532 2517 fortunatum
1570 2459 1692 2500 esse
1737 2459 1951 2512 semper
1990 2444 2045 2496 in
2081 2445 2294 2509 iisdem,

752 2548 923 2602 neque
958 2533 1078 2586 huic
1102 2534 1410 2601 oppositum
1436 2534 1631 2588 stabile
1661 2532 1843 2587 fuerit.

964 2623 1210 2677 CXLVII.
1235 2655 1303 2668 -—
1332 2623 1656 2679 LYCUBGO
1713 2621 2094 2676 ILLUSTlilO.

817 2712 950 2775 Quis
999 2722 1050 2764 te
1090 2727 1198 2763 non
1253 2712 1531 2765 irridebit?
1570 2712 1702 2774 Quis
1734 2711 1798 2762 de
1835 2711 1938 2762 isto
1971 2717 2060 2760 tuo
2117 2707 2298 2761 studio

751 2799 912 2851 nullis
961 2797 1321 2851 circumeluso
1368 2797 1565 2852 finibus
1612 2812 1721 2851 non
1771 2795 2084 2850 accusabit?
2136 2796 2296 2866 188

750 2888 883 2953 Quis
912 2889 1134 2942 stultum
1165 2887 1400 2943 furorem
1434 2902 1541 2941 non
1581 2885 1976 2956 reprehendet,
2007 2886 2098 2956 qui
2138 2888 2293 2940 colli-

750 2979 937 3047 geudis
959 2978 1199 3048 pecuniis
1223 2993 1497 3046 nunquam
1529 2978 1884 3041 exsaturaris,
1920 2991 2094 3043 eaque
2128 2974 2297 3042 possi-

751 3068 876 3120 dere
897 3069 1198 3130 existimas,
1225 3082 1362 3134 qum,
1399 3068 1634 3119 moriens
1663 3072 1717 3118 et
1753 3065 1805 3116 in
1849 3066 2120 3131 regionem
2146 3065 2289 3115 illam

751 3172 778 3206 a
815 3157 1104 3210 tremendis
1137 3156 1343 3224 angelis
1365 3155 1569 3207 catenis
1600 3153 1812 3206 vinctus
1830 3152 2165 3218 deportatus,
2189 3166 2293 3204 una

750 3258 923 3300 tecum
955 3246 1252 3301 convehere
1288 3261 1393 3298 non
1421 3245 1651 3313 poteris;
1693 3242 1936 3312 quinimo
1974 3241 2146 3294 hostis
2179 3255 2294 3292 mu-

755 3356 854 3393 nus
887 3339 1115 3408 peragis,
1145 3352 1267 3390 cum
1301 3335 1715 3394 inhumanitate,
1756 3347 1818 3385 ac
1847 3332 2075 3394 crudeli,
2113 3330 2295 3384 effera-

753 3441 915 3499 tuque
949 3429 1222 3497 proposito
1257 3440 1512 3495 perquam
1561 3422 2016 3491 improbissimam
2061 3421 2294 3472 animam

757 3529 898 3571 tuam
934 3521 984 3571 in
1020 3519 1180 3571 rebus
1207 3515 1509 3585 potissimis
1555 3513 1722 3571 laedis.
1783 3509 2192 3580 propendesque
2241 3508 2294 3560 in

753 3609 1250 3676 afiinemjuvenem,
1283 3606 1371 3674 qui
1407 3609 1720 3671 magnarum
1756 3599 1946 3652 harum
1970 3609 2181 3652 tuarum
2214 3596 2295 3649 fa—

754 3702 1034 3762 cultatum,
1081 3709 1137 3751 ut
1171 3709 1250 3752 est
1303 3697 1580 3750 hominum
1637 3693 1842 3762 Opinio,
1880 3693 2048 3746 haeres
2083 3691 2296 3743 futurus

753 3790 872 3843 est?
902 3789 1002 3842 Sed
1036 3786 1295 3838 annuntio
1323 3786 1416 3837 tibi
1438 3785 1613 3846 triste,
1637 3783 1849 3849 etquod
1881 3783 2111 3834 maxime
2133 3781 2298 3834 velles

757 3888 813 3933 ut
845 3894 946 3934 non
968 3890 1206 3946 prresens
1250 3873 1483 3928 adesset.
1526 3873 1694 3925 Breve
1726 3880 1847 3939 post
1879 3880 2092 3938 tempus
2123 3870 2299 3925 dulcis

756 3973 843 4024 hic
869 3970 1036 4022 haeres
1067 3974 1214 4028 tuus,
1240 3966 1292 4017 in
1311 3979 1468 4033 quem
1493 3965 1696 4027 omnia,
1717 3961 1923 4030 scripto
1947 3961 2110 4015 etiam
2131 3961 2297 4027 edito,

755 4061 960 4122 vivens,
995 4064 1048 4110 et
1087 4057 1324 4122 sapiens,
1373 4067 1709 4120 corporeque
1738 4051 1875 4105 bene
1920 4053 2128 4112 valens,
2181 4065 2301 4118 quae

760 4161 849 4203 tua
880 4150 1190 4208 intererant,
1216 4143 1584 4205 transvexisti,
1621 4150 1849 4195 mortem
1884 4142 2075 4202 obibit,
2104 4147 2157 4192 et
2193 4149 2302 4193 tres

759 4256 957 4320 eosque
985 4239 1128 4291 solos
1163 4236 1455 4305 sepulturae
1477 4234 1689 4288 cubitos
1719 4230 2078 4286 haereditabit.
2114 4230 2302 4298 Tuque

763 4334 981 4386 omnino
1013 4329 1376 4397 obstupesces,
1409 4333 1532 4380 ante
1565 4340 1748 4381 senem
1778 4323 1964 4377 multis
1996 4322 2151 4376 annis
2174 4335 2299 4391 gra-
2327 4353 2373 4407 ι)

763 4438 881 4476 vem
933 4421 1182 4489 juvenem
1229 4417 1520 4486 sepulturae
1570 4413 1890 4467 tradendum
1933 4412 2295 4479 conspiciens.

690 4521 695 4525 ‘
761 4511 825 4563 Et
856 4510 993 4563 forte
1034 4510 1194 4565 etiam
1225 4523 1331 4561 non
1363 4506 1734 4573 obstupesces,
1789 4517 1963 4570 neque
1999 4502 2075 4552 uti
2127 4501 2193 4554 de
2245 4516 2303 4553 re

762 4617 897 4653 nova
933 4598 1306 4662 admiraberis,
1339 4597 1532 4653 similia
1564 4595 1793 4647 intuitus
1839 4593 1958 4645 aliis
1991 4592 2150 4643 etiam
2181 4591 2302 4642 Illu-

760 4690 907 4744 striis
950 4687 1300 4755 AristOphani
1344 4695 1393 4739 et
1424 4683 1700 4738 Crescenti
1749 4679 2032 4733 accidisse.
2075 4675 2303 4730 Verum-

763 4789 940 4831 tamen
968 4791 1130 4839 nunc,
1156 4778 1230 4828 uti
1263 4791 1359 4844 par
1377 4783 1478 4840 est,
1509 4775 1564 4827 in
1589 4786 1775 4826 sanam
1805 4777 2036 4822 mentem
2065 4767 2300 4832 rediens,

768 4869 970 4940 ingenti
1017 4868 1275 4937 ingluviei
1307 4868 1466 4920 finem
1511 4866 1748 4932 impone,
1779 4874 1950 4927 neque
1981 4857 2307 4927 periturum,

769 4963 863 5017 sed
909 4973 1051 5014 tuam
1083 4960 1316 5013 animam
1359 4955 1736 5024 iniquitatibus
1785 4951 2021 5006 deditam
2066 4946 2311 5015 deplord,

769 5060 925 5119 teque
955 5052 1127 5118 ipsum
1157 5047 1434 5117 corrigito,
1461 5044 1710 5109 bonaque
1739 5052 1903 5107 opera
1940 5034 2308 5107 _amplectitor',

768 5149 1054 5207 antequam
1084 5155 1113 5192 e
1144 5136 1420 5207 priesentis
1454 5132 1638 5188 saeculi
1661 5145 1823 5184 scena
1853 5141 2038 5189 exeas,
2078 5124 2315 5192 illucque

769 5230 998 5299 migres,
1048 5229 1138 5282 ubi
1185 5229 1237 5281 in
1279 5233 1553 5296 posterum
1591 5219 1791 5275 nemini
1848 5232 1911 5271 ex
1948 5215 2182 5268 mortuis
2203 5225 2309 5280 pro

772 5319 982 5372 delictis
1037 5315 1395 5384 respondendi
1428 5313 1568 5366 ullus
1613 5309 1829 5365 dabitur
1867 5306 2041 5366 locus,
2089 5301 2179 5355 ubi
2217 5315 2313 5354 ne-

771 5426 874 5479 que
904 5409 1131 5470 amicus,
1166 5422 1338 5474 neque
1381 5417 1593 5464 servus,
1644 5413 1815 5467 neque
1873 5393 2313 5479 con-sanguineus

771 5477 1073 5559 defendere,
1106 5500 1198 5547 aut
1226 5507 1415 5565 pmnas
1451 5488 1618 5546 luenti
1651 5484 2013 5555 sempiternas
2036 5477 2313 5548 suppetias

775 5587 915 5642 ferre
944 5586 1162 5650 poterit.

2203 270 2262 328 S.
2304 271 2463 330 N11,!

893 371 1047 441 [87
1077 371 1279 427 CXLV.
1311 406 1378 417 --
1410 375 1758 432 EULAMPIO
1795 375 2172 431 SOPlliST/E.
2334 401 2381 452 Δ

3845 289 3946 351 268

2690 383 2864 438 me.
2888 413 2955 424 —
2984 383 3335 462 mamma
3351 391 3651 462 20mm.

2478 474 2540 524 Τί
2607 491 2696 542 μοι
2751 478 3076 550 προσφέρεις
3126 482 3247 544 τοὺς
3286 483 3391 536 τῶν
3419 484 3678 553 Ἑλλήνων
3732 487 3944 549 σοφοὺς,

2405 564 2526 624 τοὺς
2558 561 2739 632 βαθεῖς
2766 567 2887 628 τοὺς
2931 566 3196 635 πώγωνας
3213 558 3496 636 Ἑλκοντας,
3529 572 3622 626 καὶ
3649 569 3944 640 ἀναϐεϐλη-

2408 650 2602 718 μένους
2635 648 2730 712 τὰς
2752 652 3045 722 ἐπωμίδας,
3080 655 3172 705 καὶ
3211 655 3349 722 μέγα
3379 660 3658 726 φυσῶντας
3686 657 3747 710 τὸ
3775 656 3946 707 δοκεῖν

2407 740 2760 807 σεμνύνεσθαι
2813 745 2875 811 τῇ
2929 742 3194 812 βακτηρίᾳ
3251 747 3343 796 καὶ
3369 751 3432 816 τῇ
3472 749 3696 820 ὑπήνης
3740 747 3947 809 Παῦλος
4001 792 4004 796 ,

2405 830 2511 900 γὰρ
2538 833 2564 882 ὁ
2593 832 2906 898 σκηνοποιὸς
2937 834 3435 900 κατηυτελισμένος,
3458 839 3554 906 τῆν
3590 839 3812 892 Ἐλλάδα
3857 838 3947 889 καὶ

2405 920 2501 986 τὴν
2524 919 2790 986 βάρϐαρον
2822 921 2997 971 πᾶσαν
3039 922 3307 991 ἀπέτρεψε
3339 925 3480 992 πρὸς
3505 926 3663 978 Θεόν·
3697 928 3796 980 όδὲ
3821 925 3946 994 παρ’

2407 1009 2530 1069 ὑμῖν
2566 1009 2824 1074 ἀγόμενος
2881 1011 2972 1062 καὶ
3006 1012 3426 1082 περιφερόμενος
3465 1013 3703 1077 Πλάτων,
3768 1016 3946 1082 τρίτον

2405 1095 2483 1156 είς
2514 1096 2755 1149 Σικελίαν
2785 1099 2971 1165 ἐλθὼν,
3008 1102 3144 1170 μετὰ
3168 1103 3259 1153 τοῦ
3295 1101 3505 1169 κόμπου
3540 1103 3646 1153 τῶν
3693 1106 3946 1171 ῥημάτιον

2409 1184 2649 1249 ἐκείνων,
2706 1189 2838 1256 μετὰ
2875 1191 2969 1258 τῆς
3007 1191 3320 1259 ὑπολήψεως
3361 1191 3459 1257 τῆς
3490 1191 3765 1260 λαμπρᾶς,
3824 1192 3944 1243 οὑδὲ

2404 1271 2519 1334 ἑνὸς
2561 1279 2871 1344 περιγέγονε
2911 1276 3189 1346 τυράννου·
3239 1278 3348 1330 ἀλλ’
3383 1277 3555 1341 οὕτως
3609 1280 3804 1341 ἀθλίως
3840 1283 3946 1334 ἀπ-

2403 1359 2646 1427 ήλλαξεν,
2679 1366 2750 1426 ὡς
2767 1368 2856 1417 καὶ
2882 1367 3049 1434 αὑτῆς
3070 1369 3314 1420 ἐκπεσεῖν
3336 1371 3428 1436 τῆς
3457 1367 3782 1436 ἐλευθερίας.
3821 1370 3878 1422 'O
3892 1370 3945 1422 δέ

2403 1465 2465 1516 γε
2515 1455 2831 1520 σκηνοποιὸς
2881 1456 2939 1506 οὑ
3000 1456 3245 1508 Σικελίαν
3307 1459 3482 1525 μόνον,
3544 1460 3649 1509 οὐδ’
3697 1459 3944 1524 Ἰταλίαν,

2402 1541 2534 1593 ἀλλὰ
2574 1545 2746 1594 πᾶσαν
2768 1543 2844 1612 τῷ
2871 1546 3178 1613 κηρύγματι
3216 1545 3311 1614 τῆς
3334 1546 3610 1610 εὐσεϐείας
3636 1549 3732 1617 τὴν
3765 1551 3943 1601 οίκουο

2407 1631 2571 1701 μένην
2593 1634 2914 1701 ἐπέδραμεν.

2482 1799 2489 1804 ’
2577 1813 2767 1879 ΡΜςι.
2789 1845 2852 1854 -
2885 1816 3216 1887 ΦΙΛΟΞΕΝῼ
3246 1817 3760 1875 ΚΗΝΣΟΦΥΛΛΚῙ.

2472 1902 2606 1954 Οὔτε
2657 1906 2713 1954 ὲν
2753 1909 2873 1966 ταῖς
2929 1905 3210 1975 εὐθυμίαις
3284 1909 3635 1978 κορυϐαντιᾷν
3692 1911 3773 1962 δεῖ
3851 1915 3948 1966 κκὶ

2398 1992 2662 2055 φυσᾶσθαι
2725 1993 2983 2058 ματαίως,
3037 1995 3148 2044 οὒτ’
3188 1997 3244 2045 ὲν
3297 1999 3415 2056 ταῖς
3456 1997 3939 2066 σκυθρωποτέραις

2396 2080 2757 2131 καταστάσεσι
2793 2081 3149 2134 καταπίπτειν
3194 2083 3404 2150 ἀλόγως
3443 2083 3534 2136 καὶ
3563 2088 3947 2148 καταποντίζε-

2399 2169 2518 2222 σθαι
2562 2171 2664 2223 ὑπὸ
2701 2172 2798 2239 τῆς
2851 2171 3044 2242 λύπης.
3119 2173 3400 2245 Ἀνάνδρου
3475 2175 3581 2246 γὰρ
3629 2175 3802 2246 ψυχῆς
3853 2177 3946 2228 καὶ

2401 2258 2644 2327 μαλακῆς
2668 2254 2827 2312 τοῦτό
2854 2277 2936 2328 γε.
2991 2261 3157 2316 Οὐδὲν
3184 2262 3241 2314 δὲ
3286 2263 3489 2334 σκηνῆς
3530 2265 3558 2315 ὁ
3591 2264 3946 2336 φθειρόμενος

2396 2343 2548 2411 οὗτος
2601 2350 2874 2420 διενήχοχε
2940 2350 3072 2419 βίος.
3130 2351 3264 2404 Οὑτε
3327 2354 3456 2420 γοῦν
3503 2353 3563 2406 τὸ
3613 2357 3946 2424 εὑπρακτεῖν

2397 2442 2513 2492 κατ’
2567 2441 2745 2507 αὑτὸν,
2789 2441 2909 2495 οὔτε
2971 2444 3075 2512 μὴν
3128 2445 3435 2496 τούναντίον
3502 2447 3797 2514 φανήσεται
3856 2447 3946 2515 βέ-

2398 2531 2570 2582 ϐαιον.

2609 2621 2782 2672 PM-Z'.
2799 2651 2867 2659 —
2891 2621 3254 2692 ΛΥΚΟΥΡΓῼ
3291 2622 3713 2694 ΙΛΛΟΥΣἹῬΙῼ.

2464 2709 2557 2771 Τίς
2587 2725 2645 2760 σε
2669 2709 2766 2760 οὑκ
2801 2711 2865 2761 ἂν
2892 2708 3178 2774 γελάσεται
3201 2747 3215 2772 ,
3257 2710 3340 2772 τίς
3367 2727 3426 2762 σε
3461 2712 3558 2763 οὑκ
3576 2710 3639 2762 ἂν
3663 2711 3940 2780 μέμψεται

2394 2799 2494 2870 τῆς
2527 2799 2829 2869 ἀπεράντου
2855 2799 3090 2868 σπουδῆς
3119 2817 3134 2866 ;
3191 2800 3284 2863 Τίς
3312 2817 3371 2852 σε
3392 2800 3453 2851 οὑ
3489 2800 3806 2868 μυκτηρίσει
3838 2802 3944 2868 τῆς

2396 2890 2623 2959 ἄφρονος
2681 2889 2874 2958 μανίας
2908 2929 2923 2953 ,
2981 2889 3280 2956 συνάγοντα
3346 2891 3444 2960 μὲν
3501 2889 3811 2959 ἁκορέστως
3873 2891 3947 2944 τὰ

2394 2976 2627 3026 τοσαῦτα
2688 2976 2979 3042 χρήματα,
3036 2978 3281 3046 κατέχειν
3347 2978 3402 3030 δὲ
3456 2977 3732 3041 δοκοῦντα,
3794 2979 3944 3048 ἅπερ

2396 3061 2655 3130 μηδαμῶς
2709 3061 2910 3132 δυνήσῃ
2955 3063 3326 3132 συνεξενέγκαι
3378 3064 3644 3136 θνήσκων,
3683 3065 3818 3136 πρὸς
3849 3067 3949 3121 τδν

2391 3151 2507 3202 ἐκεῖ
2546 3152 2744 3221 κόσμον
2786 3153 2887 3203 ὑπὸ
2932 3155 3172 3223 φρικτῶν
3229 3156 3471 3223 ἀγγέλων
3526 3158 3816 3226 συρόμενος
3857 3159 3946 3213 δέ-

2395 3257 2570 3310 σμιος,
2619 3240 2814 3311 ἐχθροῦ
2861 3243 2915 3294 δὲ
2955 3247 3182 3313 πρᾶγμα
3230 3243 3503 3308 ποιοῦντα,
3533 3246 3591 3314 ἐν
3618 3246 3696 3314 τῷ
3725 3247 3810 3300 διὰ
3841 3248 3947 3317 τῆς

2393 3331 2779 3400 ἀπανθρωπίας
2847 3333 2937 3384 καὶ
2991 3333 3088 3401 τῆς
3141 3333 3398 3402 άνηλεοὺς
3477 3334 3572 3386 καὶ
3622 3336 3945 3404 ἁμειλίκτου

2393 3421 2613 3490 γνώμης
2641 3423 2894 3490 βλάπτειν
2945 3423 3011 3475 τὰ
3043 3424 3270 3493 μέγιστα
3294 3425 3391 3494 τὴν
3409 3425 3775 3496 ἀνοσιωτάτην
3808 3444 3950 3480 σαυ-

2395 3511 2488 3563 τοῦ
2531 3513 2726 3582 ψυχὴν,
2787 3514 3137 3585 προσκεῖσθαι
3161 3515 3216 3566 δὲ
3248 3514 3324 3584 τῷ
3368 3517 3616 3582 συγγενεῖ
3676 3517 3950 3586 νεανίσκῳ

2396 3599 2731 3670 νομιζομένῳ
2773 3603 3120 3672 κληρονομεῖν
3153 3602 3248 3672 τὴν
3279 3602 3375 3671 σὴν
3423 3605 3661 3674 μεγάλην
3713 3600 3947 3671 etiam:

2410 3690 2546 3742 Ἀλλ’
2578 3691 2990 3760 εὑαγγελίζομαί
3022 3711 3102 3745 σοι
3143 3693 3337 3762 πικρόν
3378 3710 3430 3746 τι
3461 3695 3553 3745 καὶ
3605 3694 3722 3746 λίαν
3775 3695 3953 3747 ἀϐού-

2398 3781 2588 3850 λητον’
2625 3781 2933 3851 τεθνήξεται
2974 3780 3080 3851 γὰρ
3117 3782 3231 3850 μετ’
3270 3782 3486 3848 ὀλίγονό
3515 3783 3717 3850 γλυκὺς
3746 3783 3954 3854 κληρο-

2401 3870 2555 3938 νόμοι,
2596 3885 2712 3933 σου,
2742 3873 2819 3932 είς
2840 3869 3003 3937 ὅνπερ
3035 3870 3126 3920 καὶ
3147 3869 3319 3922 πάντα
3348 3869 3635 3938 ἐγγράφως
3691 3872 3819 3937 ζῶν,
3853 3875 3954 3925 καὶ

2402 3960 2630 4030 φρονῶν,
2666 3961 2758 4012 καὶ
2780 3960 3062 4030 εὑρωστῶν
3081 3958 3353 4036 διέθουατὰ
3383 3959 3700 4028 διαφέροντά
3730 3978 3835 4024 σοι,
3854 3965 3954 4016 καὶ⁵

2403 4051 2493 4103 τοῦ
2530 4050 2809 4120 μνήματος
2843 4050 2966 4111 τοὺς
3008 4051 3153 4119 τρεῖς
3182 4048 3275 4101 καὶ
3326 4048 3517 4117 μόνους
3549 4047 3955 4122 κληρονομήσει

2404 4143 2614 4210 πήχεις.
2642 4141 2748 4195 Καὶ
2781 4140 2992 4201 πάντως
3020 4137 3338 4208 ὲκπλαγήσῃ
3364 4136 3572 4206 βλέπων
3598 4136 3714 4188 νέον
3744 4134 3957 4189 θαπτό-

2407 4249 2562 4300 μενον
2626 4230 2730 4298 πρὺ
2786 4229 3039 4298 γέροντος
3100 4227 3468 4294 πολυχρονίου.
3527 4226 3678 4295 Τάχα
3739 4225 3796 4277 δὲ
3847 4225 3956 4279 οὑκ

2404 4319 2737 4388 ἐκπλαγήσει
2761 4317 2851 4369 ἐπὶ
2872 4316 3061 4385 τούτῳ,
3085 4314 3204 4366 οὑδέ
3225 4331 3284 4381 γε
3309 4313 3620 4382 ξενισθήσῃ,
3650 4312 3958 4383 προτ-εθεα-

2407 4412 2563 4480 μένος
2588 4408 2685 4476 ήδη
2717 4403 2935 4458 τοιαῦτα
2965 4401 3341 4472 συμϐεϐηκότα
3381 4403 3491 4462 τοῖς
3530 4400 3708 4462 ἄλλοις
3747 4399 3960 4454 ἰλλου-

2404 4501 2635 4568 στρίοις,
2681 4495 3066 4565 Ἀριστοφάνει,
3123 4495 3216 4546 καὶ
3266 4492 3595 4562 Κρήσκεντι.
3631 4488 3792 4541 Ἀλλὰ
3856 4490 3960 4544 νῦν

2402 4589 2530 4655 γοῦν
2561 4587 2800 4655 ἐκνήψας
2852 4584 3254 4654 προσηκόντως,
3315 4583 3560 4635 πέπαυσο
3598 4580 3694 4649 τῆς
3745 4580 3962 4648 πολλῆς

2402 4676 2728 4745 ἀπληστίας,
2751 4675 2844 4726 καὶ
2878 4675 2950 4742 μὴ
2981 4673 3071 4725 τὸν
3109 4672 3360 4740 τελευτᾷν
3397 4670 3654 4738 μέλλοντα
3682 4669 3960 4742 κλαύσῃς,

2406 4767 2541 4822 ἀλλὰ
2579 4765 2675 4835 τὴν
2728 4763 2924 4818 σαυτοῦ
2963 4763 3137 4832 ψυχὴν
3193 4761 3544 4829 φιλοπόνηρον
3603 4759 3965 4828 ὑπάρχουσαν

2407 4856 2692 4929 θρήνησον,
2720 4854 2972 4921 καὶπρὸς
3024 4851 3311 4922 διόρθωσιν
3361 4849 3520 4920 ρέψον
3565 4849 3657 4900 καὶ
3687 4845 3967 4916 ἀγαθοερ-

2409 4948 2549 5015 γίας,
2608 4947 2732 5017 πρὶν
2790 4944 3018 5010 ἐξελθεῖν
3066 4960 3123 4994 σε
3154 4941 3251 5010 τῆς
3291 4941 3493 5011 σκηνῆς
3553 4936 3647 4990 τοῦ
3685 4938 3966 5006 παρόντος

2409 5037 2618 5101 αἰῶνος,
2653 5038 2747 5088 καὶ
2800 5033 3145 5105 πορευθῆναι,
3211 5033 3338 5085 ἔνθα
3389 5031 3575 5101 μηδεὶς
3610 5027 3790 5081 λοιπὸν
3849 5029 3969 5082 τῶν

2414 5130 2840 5183 ὲναποθανόντων
2866 5131 2975 5190 τοῖς
3022 5127 3349 5195 πταίσμασιν
3380 5125 3600 5193 εὑρήσει
3658 5119 3972 5188 ἀπολογίας

2415 5222 2614 5291 χώραν,
2670 5221 2792 5272 ἔνθα
2844 5219 2916 5290 μὴ
2969 5219 3139 5286 φίλος,
3183 5217 3255 5287 μὴ
3300 5214 3503 5277 δοῦλος,
3564 5212 3638 5282 μὴ
3686 5211 3971 5281 συγγενὴς

2417 5308 2783 5378 συνηγορῆσαι
2822 5307 2855 5377 ἢ
2899 5305 3158 5376 βοηθῆσαι
3196 5303 3537 5374 κολαζομένῳ
3558 5302 3637 5363 είς
3666 5297 3791 5361 τοὺς
3829 5298 3971 5354 alti)-

2418 5415 2513 5461 νας
2534 5395 2759 5467 ἰσχύσει.
