  <div class='ocr_page' id='page_1' title='image "/cluster/home/n/w/nwhite01/storage/ocr_20150623/79/pst.000005712786/142.png"; bbox 0 0 4128 6340; ppageno 0'>
   <div class='ocr_carea' id='block_1_1' title="bbox 185 286 1736 357">
    <p class='ocr_par' dir='ltr' id='par_1_1' title="bbox 185 286 1736 357">
     <span class='ocr_line' id='line_1_1' title="bbox 185 286 1736 357; baseline -0.007 -1"><span class='ocrx_word' id='word_1_1' title='bbox 185 294 265 357; x_wconf 70' lang='lat'><strong>269</strong></span> <span class='ocrx_word' id='word_1_2' title='bbox 1347 286 1736 349; x_wconf 74' lang='lat' dir='ltr'><strong>EPISTOLAF</strong></span> 
     </span>
    </p>
   </div>
   <div class='ocr_carea' id='block_1_2' title="bbox 1797 286 2175 357">
    <p class='ocr_par' dir='ltr' id='par_1_2' title="bbox 1797 287 2175 349">
     <span class='ocr_line' id='line_1_2' title="bbox 1797 287 2175 349; baseline 0.005 -4"><span class='ocrx_word' id='word_1_3' title='bbox 1797 287 1873 349; x_wconf 80' lang='grc' dir='ltr'><strong>ΙΜ</strong></span> <span class='ocrx_word' id='word_1_4' title='bbox 1912 288 2054 347; x_wconf 85' lang='lat' dir='ltr'><strong>LIB.</strong></span> <span class='ocrx_word' id='word_1_5' title='bbox 2097 290 2175 347; x_wconf 93' lang='grc' dir='ltr'><strong>ΙῘ.</strong></span> 
     </span>
    </p>
   </div>
   <div class='ocr_carea' id='block_1_3' title="bbox 1721 395 3259 465">
    <p class='ocr_par' dir='ltr' id='par_1_3' title="bbox 1721 395 3259 465">
     <span class='ocr_line' id='line_1_3' title="bbox 1721 395 3259 465; baseline 0.007 -14"><span class='ocrx_word' id='word_1_6' title='bbox 1721 398 1765 451; x_wconf 76' lang='grc' dir='ltr'>Α</span> <span class='ocrx_word' id='word_1_7' title='bbox 1868 396 2026 465; x_wconf 79' lang='grc'><strong>189</strong></span> <span class='ocrx_word' id='word_1_8' title='bbox 2055 395 2326 451; x_wconf 65' lang='lat' dir='ltr'><strong>CXLVIII.</strong></span> <span class='ocrx_word' id='word_1_9' title='bbox 2366 428 2430 437; x_wconf 96' lang='lat'>—</span> <span class='ocrx_word' id='word_1_10' title='bbox 2479 397 2821 455; x_wconf 78' lang='lat' dir='ltr'><strong>NICANDRO</strong></span> <span class='ocrx_word' id='word_1_11' title='bbox 2858 401 3259 462; x_wconf 73' lang='lat' dir='ltr'><strong>EXCEPTORI.</strong></span> 
     </span>
    </p>
   </div>
   <div class='ocr_carea' id='block_1_4' title="bbox 373 399 1469 470">
    <p class='ocr_par' dir='ltr' id='par_1_4' title="bbox 373 399 1469 470">
     <span class='ocr_line' id='line_1_4' title="bbox 373 399 1469 470; baseline -0.006 -11"><span class='ocrx_word' id='word_1_12' title='bbox 373 406 552 459; x_wconf 83' lang='lat' dir='ltr'><strong>PMH&#39;.</strong></span> <span class='ocrx_word' id='word_1_13' title='bbox 590 432 654 447; x_wconf 90' lang='lat'><strong>—-</strong></span> <span class='ocrx_word' id='word_1_14' title='bbox 690 401 1034 470; x_wconf 74' lang='grc' dir='ltr'><strong>ΝΙΚΑΝΔΡῼ</strong></span> <span class='ocrx_word' id='word_1_15' title='bbox 1064 399 1469 454; x_wconf 78' lang='grc' dir='ltr'><strong>ΕΞΚΕΠΤΟΡΙ.</strong></span> 
     </span>
    </p>
   </div>
   <div class='ocr_carea' id='block_1_5' title="bbox 239 487 1695 563">
    <p class='ocr_par' dir='ltr' id='par_1_5' title="bbox 239 487 1695 563">
     <span class='ocr_line' id='line_1_5' title="bbox 239 487 1695 563; baseline -0.009 -11"><span class='ocrx_word' id='word_1_16' title='bbox 239 496 480 558; x_wconf 76' lang='grc' dir='ltr'>Πολλάκις</span> <span class='ocrx_word' id='word_1_17' title='bbox 521 510 605 546; x_wconf 89' lang='grc' dir='ltr'><strong>σοι</strong></span> <span class='ocrx_word' id='word_1_18' title='bbox 634 491 864 563; x_wconf 72' lang='grc' dir='ltr'>εἴρηκα,</span> <span class='ocrx_word' id='word_1_19' title='bbox 914 492 1005 544; x_wconf 77' lang='grc' dir='ltr'>καὶ</span> <span class='ocrx_word' id='word_1_20' title='bbox 1045 490 1137 544; x_wconf 78' lang='grc' dir='ltr'><strong>νῦν</strong></span> <span class='ocrx_word' id='word_1_21' title='bbox 1175 490 1230 544; x_wconf 83' lang='grc' dir='ltr'><strong>δέ</strong></span> <span class='ocrx_word' id='word_1_22' title='bbox 1261 507 1439 561; x_wconf 87' lang='grc' dir='ltr'>φημι,</span> <span class='ocrx_word' id='word_1_23' title='bbox 1488 490 1569 542; x_wconf 82' lang='grc' dir='ltr'>ὅτι</span> <span class='ocrx_word' id='word_1_24' title='bbox 1605 487 1695 539; x_wconf 79' lang='grc' dir='ltr'>διὰ</span> 
     </span>
    </p>
   </div>
   <div class='ocr_carea' id='block_1_6' title="bbox 185 584 1691 659">
    <p class='ocr_par' dir='ltr' id='par_1_6' title="bbox 185 584 1691 659">
     <span class='ocr_line' id='line_1_6' title="bbox 185 584 1691 659; baseline -0.005 -18"><span class='ocrx_word' id='word_1_25' title='bbox 185 591 264 659; x_wconf 76' lang='grc' dir='ltr'>τῆς</span> <span class='ocrx_word' id='word_1_26' title='bbox 293 588 512 659; x_wconf 80' lang='grc' dir='ltr'><strong>μαγείας</strong></span> <span class='ocrx_word' id='word_1_27' title='bbox 539 586 643 640; x_wconf 77' lang='grc' dir='ltr'><strong>ὑπὸ</strong></span> <span class='ocrx_word' id='word_1_28' title='bbox 666 586 757 639; x_wconf 81' lang='grc' dir='ltr'><strong>τοῦ</strong></span> <span class='ocrx_word' id='word_1_29' title='bbox 787 586 1041 648; x_wconf 81' lang='grc' dir='ltr'>Τυανέως</span> <span class='ocrx_word' id='word_1_30' title='bbox 1077 584 1431 638; x_wconf 80' lang='grc' dir='ltr'><strong>Ἀπολλωνίου</strong></span> <span class='ocrx_word' id='word_1_31' title='bbox 1466 600 1691 653; x_wconf 84' lang='grc' dir='ltr'>γεγενη-</span> 
     </span>
    </p>
   </div>
   <div class='ocr_carea' id='block_1_7' title="bbox 189 673 1693 749">
    <p class='ocr_par' dir='ltr' id='par_1_7' title="bbox 189 673 1693 749">
     <span class='ocr_line' id='line_1_7' title="bbox 189 673 1693 749; baseline -0.003 -17"><span class='ocrx_word' id='word_1_32' title='bbox 189 682 298 749; x_wconf 80' lang='grc' dir='ltr'>μένα</span> <span class='ocrx_word' id='word_1_33' title='bbox 330 676 664 745; x_wconf 83' lang='grc' dir='ltr'>τελέσματα,</span> <span class='ocrx_word' id='word_1_34' title='bbox 709 676 872 746; x_wconf 85' lang='grc' dir='ltr'>μηδὲν</span> <span class='ocrx_word' id='word_1_35' title='bbox 909 673 1185 737; x_wconf 78' lang='grc' dir='ltr'>παντελῶς</span> <span class='ocrx_word' id='word_1_36' title='bbox 1221 674 1468 744; x_wconf 79' lang='grc' dir='ltr'>οὐράνιον</span> <span class='ocrx_word' id='word_1_37' title='bbox 1504 673 1693 743; x_wconf 75' lang='grc' dir='ltr'>ἔχοντα</span> 
     </span>
    </p>
   </div>
   <div class='ocr_carea' id='block_1_8' title="bbox 186 763 1693 841">
    <p class='ocr_par' dir='ltr' id='par_1_8' title="bbox 186 763 1693 841">
     <span class='ocr_line' id='line_1_8' title="bbox 186 763 1693 841; baseline -0.005 -19"><span class='ocrx_word' id='word_1_38' title='bbox 186 769 510 841; x_wconf 76' lang='grc' dir='ltr'>εὐεργέτημα,</span> <span class='ocrx_word' id='word_1_39' title='bbox 536 766 673 836; x_wconf 86' lang='grc' dir='ltr'>μηδέ</span> <span class='ocrx_word' id='word_1_40' title='bbox 692 782 744 818; x_wconf 90' lang='grc' dir='ltr'><strong>τι</strong></span> <span class='ocrx_word' id='word_1_41' title='bbox 772 766 906 835; x_wconf 82' lang='grc' dir='ltr'>πρὸς</span> <span class='ocrx_word' id='word_1_42' title='bbox 926 766 1099 835; x_wconf 82' lang='grc' dir='ltr'>ψυχὴν</span> <span class='ocrx_word' id='word_1_43' title='bbox 1123 764 1459 835; x_wconf 85' lang='grc' dir='ltr'>ἀναφέροντα</span> <span class='ocrx_word' id='word_1_44' title='bbox 1485 763 1693 834; x_wconf 83' lang='grc' dir='ltr'><strong>κέρδος,</strong></span> 
     </span>
    </p>
   </div>
   <div class='ocr_carea' id='block_1_9' title="bbox 185 853 1696 925">
    <p class='ocr_par' dir='ltr' id='par_1_9' title="bbox 185 853 1696 925">
     <span class='ocr_line' id='line_1_9' title="bbox 185 853 1696 925; baseline -0.007 -12"><span class='ocrx_word' id='word_1_45' title='bbox 185 859 305 913; x_wconf 70' lang='grc' dir='ltr'>οὐδὲν</span> <span class='ocrx_word' id='word_1_46' title='bbox 330 855 599 924; x_wconf 72' lang='grc' dir='ltr'><strong>διαφέρειν</strong></span> <span class='ocrx_word' id='word_1_47' title='bbox 629 853 831 919; x_wconf 78' lang='grc' dir='ltr'>δόξειεν</span> <span class='ocrx_word' id='word_1_48' title='bbox 857 856 1050 923; x_wconf 87' lang='grc' dir='ltr'>δρακὸς</span> <span class='ocrx_word' id='word_1_49' title='bbox 1085 853 1286 924; x_wconf 83' lang='grc' dir='ltr'><strong>κριθῶν</strong></span> <span class='ocrx_word' id='word_1_50' title='bbox 1312 855 1553 925; x_wconf 86' lang='grc' dir='ltr'>χάριτος,</span> <span class='ocrx_word' id='word_1_51' title='bbox 1585 853 1696 914; x_wconf 83' lang='grc' dir='ltr'>τοῖς</span> 
     </span>
    </p>
   </div>
   <div class='ocr_carea' id='block_1_10' title="bbox 187 940 1697 1015">
    <p class='ocr_par' dir='ltr' id='par_1_10' title="bbox 187 940 1697 1015">
     <span class='ocr_line' id='line_1_10' title="bbox 187 940 1697 1015; baseline -0.005 -16"><span class='ocrx_word' id='word_1_52' title='bbox 187 948 295 1015; x_wconf 73' lang='grc' dir='ltr'>πρδς</span> <span class='ocrx_word' id='word_1_53' title='bbox 325 944 388 997; x_wconf 91' lang='grc' dir='ltr'><strong>τά</strong></span> <span class='ocrx_word' id='word_1_54' title='bbox 418 944 715 1012; x_wconf 70' lang='grc' dir='ltr'>ἐπουράνια</span> <span class='ocrx_word' id='word_1_55' title='bbox 744 943 927 995; x_wconf 74' lang='grc' dir='ltr'>ἐκεῖνα</span> <span class='ocrx_word' id='word_1_56' title='bbox 946 980 960 1005; x_wconf 93' lang='grc'><strong>,</strong></span> <span class='ocrx_word' id='word_1_57' title='bbox 992 943 1086 995; x_wconf 69' lang='grc' dir='ltr'>καὶ</span> <span class='ocrx_word' id='word_1_58' title='bbox 1115 942 1366 1012; x_wconf 75' lang='grc' dir='ltr'>ἄφθαρτα</span> <span class='ocrx_word' id='word_1_59' title='bbox 1384 979 1398 1004; x_wconf 88' lang='grc'><strong>,</strong></span> <span class='ocrx_word' id='word_1_60' title='bbox 1428 941 1520 994; x_wconf 74' lang='grc' dir='ltr'>καὶ</span> <span class='ocrx_word' id='word_1_61' title='bbox 1547 940 1697 992; x_wconf 84' lang='grc' dir='ltr'>λύσιν</span> 
     </span>
    </p>
   </div>
   <div class='ocr_carea' id='block_1_11' title="bbox 188 1028 1696 1104">
    <p class='ocr_par' dir='ltr' id='par_1_11' title="bbox 188 1028 1696 1104">
     <span class='ocr_line' id='line_1_11' title="bbox 188 1028 1696 1104; baseline -0.003 -19"><span class='ocrx_word' id='word_1_62' title='bbox 188 1034 247 1104; x_wconf 79' lang='grc' dir='ltr'>μὴ</span> <span class='ocrx_word' id='word_1_63' title='bbox 268 1034 515 1103; x_wconf 84' lang='grc' dir='ltr'><strong>σχήσοντα</strong></span> <span class='ocrx_word' id='word_1_64' title='bbox 536 1030 715 1098; x_wconf 89' lang='grc' dir='ltr'>ἀγαθά</span> <span class='ocrx_word' id='word_1_65' title='bbox 739 1030 989 1100; x_wconf 79' lang='grc' dir='ltr'><strong>κεχηνόσι</strong></span> <span class='ocrx_word' id='word_1_66' title='bbox 1018 1033 1196 1099; x_wconf 82' lang='grc' dir='ltr'>σοφοῖς</span> <span class='ocrx_word' id='word_1_67' title='bbox 1219 1047 1277 1083; x_wconf 85' lang='grc' dir='ltr'><strong>τε</strong></span> <span class='ocrx_word' id='word_1_68' title='bbox 1302 1028 1395 1083; x_wconf 66' lang='grc' dir='ltr'>καὶ</span> <span class='ocrx_word' id='word_1_69' title='bbox 1418 1028 1696 1082; x_wconf 78' lang='grc' dir='ltr'>εὐσεϐέσιν</span> 
     </span>
    </p>
   </div>
   <div class='ocr_carea' id='block_1_12' title="bbox 185 1121 1699 1195">
    <p class='ocr_par' dir='ltr' id='par_1_12' title="bbox 185 1121 1699 1195">
     <span class='ocr_line' id='line_1_12' title="bbox 185 1121 1699 1195; baseline -0.002 -17"><span class='ocrx_word' id='word_1_70' title='bbox 185 1124 473 1195; x_wconf 82' lang='grc' dir='ltr'>ἀνθρώποις.</span> <span class='ocrx_word' id='word_1_71' title='bbox 517 1124 607 1195; x_wconf 75' lang='grc' dir='ltr'><strong>Μὴ</strong></span> <span class='ocrx_word' id='word_1_72' title='bbox 644 1123 823 1176; x_wconf 81' lang='grc' dir='ltr'>τοίνυν</span> <span class='ocrx_word' id='word_1_73' title='bbox 870 1122 1114 1192; x_wconf 78' lang='grc' dir='ltr'><strong>θαύμαζε</strong></span> <span class='ocrx_word' id='word_1_74' title='bbox 1165 1122 1230 1176; x_wconf 84' lang='grc' dir='ltr'>τὰ</span> <span class='ocrx_word' id='word_1_75' title='bbox 1267 1121 1400 1192; x_wconf 71' lang='grc' dir='ltr'>ἔργα</span> <span class='ocrx_word' id='word_1_76' title='bbox 1425 1124 1522 1193; x_wconf 82' lang='grc' dir='ltr'>τῆς</span> <span class='ocrx_word' id='word_1_77' title='bbox 1570 1139 1699 1193; x_wconf 86' lang='grc' dir='ltr'>γοη-</span> 
     </span>
    </p>
   </div>
   <div class='ocr_carea' id='block_1_13' title="bbox 183 1213 1700 1285">
    <p class='ocr_par' dir='ltr' id='par_1_13' title="bbox 183 1213 1700 1285">
     <span class='ocr_line' id='line_1_13' title="bbox 183 1213 1700 1285; baseline -0.003 -16"><span class='ocrx_word' id='word_1_78' title='bbox 183 1218 325 1278; x_wconf 76' lang='grc' dir='ltr'>τείας,</span> <span class='ocrx_word' id='word_1_79' title='bbox 360 1214 485 1285; x_wconf 77' lang='grc' dir='ltr'>μηδὲ</span> <span class='ocrx_word' id='word_1_80' title='bbox 521 1214 677 1285; x_wconf 86' lang='grc' dir='ltr'>θροοῦ</span> <span class='ocrx_word' id='word_1_81' title='bbox 732 1214 825 1267; x_wconf 72' lang='grc' dir='ltr'><strong>ἐπὶ</strong></span> <span class='ocrx_word' id='word_1_82' title='bbox 875 1213 1100 1277; x_wconf 85' lang='grc' dir='ltr'><strong>τούτοις,</strong></span> <span class='ocrx_word' id='word_1_83' title='bbox 1139 1213 1441 1279; x_wconf 79' lang='grc' dir='ltr'><strong>ἀπάλλαξον</strong></span> <span class='ocrx_word' id='word_1_84' title='bbox 1479 1214 1536 1266; x_wconf 83' lang='grc' dir='ltr'>δὲ</span> <span class='ocrx_word' id='word_1_85' title='bbox 1574 1232 1700 1267; x_wconf 85' lang='grc' dir='ltr'>σαυ-</span> 
     </span>
    </p>
   </div>
   <div class='ocr_carea' id='block_1_14' title="bbox 183 1299 1698 1376">
    <p class='ocr_par' dir='ltr' id='par_1_14' title="bbox 183 1299 1698 1376">
     <span class='ocr_line' id='line_1_14' title="bbox 183 1299 1698 1376; baseline -0.001 -18"><span class='ocrx_word' id='word_1_86' title='bbox 183 1307 259 1359; x_wconf 79' lang='grc' dir='ltr'>τὸν</span> <span class='ocrx_word' id='word_1_87' title='bbox 289 1309 373 1375; x_wconf 81' lang='grc' dir='ltr'>τῆς</span> <span class='ocrx_word' id='word_1_88' title='bbox 409 1305 705 1376; x_wconf 81' lang='grc' dir='ltr'>εὐπτοήτου</span> <span class='ocrx_word' id='word_1_89' title='bbox 748 1302 975 1373; x_wconf 76' lang='grc' dir='ltr'>γνώμης</span> <span class='ocrx_word' id='word_1_90' title='bbox 1002 1343 1020 1370; x_wconf 91' lang='grc'><strong>,</strong></span> <span class='ocrx_word' id='word_1_91' title='bbox 1054 1304 1148 1357; x_wconf 61' lang='grc' dir='ltr'><strong>καὶ⁵</strong></span> <span class='ocrx_word' id='word_1_92' title='bbox 1183 1299 1277 1356; x_wconf 79' lang='grc' dir='ltr'><strong>τοῦ</strong></span> <span class='ocrx_word' id='word_1_93' title='bbox 1313 1304 1698 1374; x_wconf 85' lang='grc' dir='ltr'>μειρακιώδους</span> 
     </span>
    </p>
   </div>
   <div class='ocr_carea' id='block_1_15' title="bbox 185 1397 513 1467">
    <p class='ocr_par' dir='ltr' id='par_1_15' title="bbox 185 1397 513 1467">
     <span class='ocr_line' id='line_1_15' title="bbox 185 1397 513 1467; baseline 0 -2"><span class='ocrx_word' id='word_1_94' title='bbox 185 1397 513 1467; x_wconf 74' lang='grc' dir='ltr'>φρονήματος.</span> 
     </span>
    </p>
   </div>
   <div class='ocr_carea' id='block_1_16' title="bbox 356 1484 1491 1554">
    <p class='ocr_par' dir='ltr' id='par_1_16' title="bbox 356 1484 1491 1554">
     <span class='ocr_line' id='line_1_16' title="bbox 356 1484 1491 1554; baseline -0.001 -16"><span class='ocrx_word' id='word_1_95' title='bbox 356 1486 526 1540; x_wconf 70' lang='grc' dir='ltr'>ΡΜΘί.</span> <span class='ocrx_word' id='word_1_96' title='bbox 556 1516 625 1525; x_wconf 93' lang='grc'><strong>-</strong></span> <span class='ocrx_word' id='word_1_97' title='bbox 657 1484 1007 1554; x_wconf 75' lang='grc' dir='ltr'><strong>ΠΑΛΑΤΙΝῼ</strong></span> <span class='ocrx_word' id='word_1_98' title='bbox 1038 1484 1491 1537; x_wconf 79' lang='grc' dir='ltr'><strong>ΠΡΩΤΕΥΟΝΤῙ.</strong></span> 
     </span>
    </p>
   </div>
   <div class='ocr_carea' id='block_1_17' title="bbox 246 1573 1698 1646">
    <p class='ocr_par' dir='ltr' id='par_1_17' title="bbox 246 1573 1698 1646">
     <span class='ocr_line' id='line_1_17' title="bbox 246 1573 1698 1646; baseline -0.001 -18"><span class='ocrx_word' id='word_1_99' title='bbox 246 1576 609 1646; x_wconf 84' lang='grc' dir='ltr'>Συνεχέστερον</span> <span class='ocrx_word' id='word_1_100' title='bbox 662 1575 889 1643; x_wconf 77' lang='grc' dir='ltr'>φάσκεις</span> <span class='ocrx_word' id='word_1_101' title='bbox 918 1591 930 1605; x_wconf 89' lang='grc'><strong>·</strong></span> <span class='ocrx_word' id='word_1_102' title='bbox 992 1574 1115 1637; x_wconf 85' lang='grc' dir='ltr'>Πῶς</span> <span class='ocrx_word' id='word_1_103' title='bbox 1163 1574 1395 1644; x_wconf 88' lang='grc' dir='ltr'>δύναμαι</span> <span class='ocrx_word' id='word_1_104' title='bbox 1442 1573 1698 1643; x_wconf 82' lang='grc' dir='ltr'>σωθῆναι,</span> 
     </span>
    </p>
   </div>
   <div class='ocr_carea' id='block_1_18' title="bbox 3236 304 3336 367">
    <p class='ocr_par' dir='ltr' id='par_1_18' title="bbox 3236 304 3336 367">
     <span class='ocr_line' id='line_1_18' title="bbox 3236 304 3336 367; baseline 0.03 -3"><span class='ocrx_word' id='word_1_105' title='bbox 3236 304 3336 367; x_wconf 74' lang='lat' dir='ltr'><strong>S270</strong></span> 
     </span>
    </p>
   </div>
   <div class='ocr_carea' id='block_1_19' title="bbox 1864 485 3337 568">
    <p class='ocr_par' dir='ltr' id='par_1_19' title="bbox 1864 485 3337 568">
     <span class='ocr_line' id='line_1_19' title="bbox 1864 485 3337 568; baseline 0.012 -30"><span class='ocrx_word' id='word_1_106' title='bbox 1864 485 2014 555; x_wconf 68' lang='lat' dir='ltr'><strong>Saepe</strong></span> <span class='ocrx_word' id='word_1_107' title='bbox 2060 487 2155 541; x_wconf 87' lang='lat' dir='ltr'><strong>libi</strong></span> <span class='ocrx_word' id='word_1_108' title='bbox 2200 488 2347 553; x_wconf 79' lang='lat' dir='ltr'><strong>dixi,</strong></span> <span class='ocrx_word' id='word_1_109' title='bbox 2394 497 2447 543; x_wconf 92' lang='lat' dir='ltr'><strong>et</strong></span> <span class='ocrx_word' id='word_1_110' title='bbox 2496 505 2638 545; x_wconf 89' lang='lat' dir='ltr'><strong>nunc</strong></span> <span class='ocrx_word' id='word_1_111' title='bbox 2689 507 2879 546; x_wconf 79' lang='lat' dir='ltr'><strong>rursus</strong></span> <span class='ocrx_word' id='word_1_112' title='bbox 2934 494 3176 564; x_wconf 88' lang='lat' dir='ltr'><strong>iuculco;</strong></span> <span class='ocrx_word' id='word_1_113' title='bbox 3219 516 3337 568; x_wconf 73' lang='lat' dir='ltr'><strong>qua:</strong></span> 
     </span>
    </p>
   </div>
   <div class='ocr_carea' id='block_1_20' title="bbox 1795 577 3335 657">
    <p class='ocr_par' dir='ltr' id='par_1_20' title="bbox 1795 577 3335 657">
     <span class='ocr_line' id='line_1_20' title="bbox 1795 577 3335 657; baseline 0.01 -30"><span class='ocrx_word' id='word_1_114' title='bbox 1795 577 1980 646; x_wconf 81' lang='lat' dir='ltr'><strong>magiae</strong></span> <span class='ocrx_word' id='word_1_115' title='bbox 2009 593 2109 648; x_wconf 91' lang='lat' dir='ltr'><strong>ope</strong></span> <span class='ocrx_word' id='word_1_116' title='bbox 2133 595 2159 632; x_wconf 80' lang='grc' dir='ltr'><strong>ο</strong></span> <span class='ocrx_word' id='word_1_117' title='bbox 2186 578 2407 650; x_wconf 88' lang='lat' dir='ltr'><strong>Tyaneo</strong></span> <span class='ocrx_word' id='word_1_118' title='bbox 2428 580 2715 649; x_wconf 83' lang='lat' dir='ltr'><strong>Apollonio</strong></span> <span class='ocrx_word' id='word_1_119' title='bbox 2744 582 2986 637; x_wconf 81' lang='lat' dir='ltr'><strong>absoluta</strong></span> <span class='ocrx_word' id='word_1_120' title='bbox 3007 597 3132 639; x_wconf 86' lang='lat' dir='ltr'><strong>sunt</strong></span> <span class='ocrx_word' id='word_1_121' title='bbox 3153 604 3335 657; x_wconf 82' lang='lat' dir='ltr'><strong>opera,</strong></span> 
     </span>
    </p>
   </div>
   <div class='ocr_carea' id='block_1_21' title="bbox 1794 669 3337 733">
    <p class='ocr_par' dir='ltr' id='par_1_21' title="bbox 1794 669 3337 733">
     <span class='ocr_line' id='line_1_21' title="bbox 1794 669 3337 733; baseline 0.01 -15"><span class='ocrx_word' id='word_1_122' title='bbox 1794 679 1916 719; x_wconf 89' lang='lat' dir='ltr'><strong>cum</strong></span> <span class='ocrx_word' id='word_1_123' title='bbox 1950 669 2005 721; x_wconf 90' lang='lat' dir='ltr'><strong>in</strong></span> <span class='ocrx_word' id='word_1_124' title='bbox 2048 684 2104 723; x_wconf 92' lang='lat' dir='ltr'><strong>se</strong></span> <span class='ocrx_word' id='word_1_125' title='bbox 2146 670 2352 723; x_wconf 90' lang='lat' dir='ltr'><strong>nullum</strong></span> <span class='ocrx_word' id='word_1_126' title='bbox 2396 672 2619 726; x_wconf 87' lang='lat' dir='ltr'><strong>omnino</strong></span> <span class='ocrx_word' id='word_1_127' title='bbox 2661 673 2882 727; x_wconf 65' lang='lat' dir='ltr'><strong>caeleste</strong></span> <span class='ocrx_word' id='word_1_128' title='bbox 2916 676 3337 733; x_wconf 76' lang='lat' dir='ltr'><strong>emolumentum</strong></span> 
     </span>
    </p>
   </div>
   <div class='ocr_carea' id='block_1_22' title="bbox 1796 760 3342 833">
    <p class='ocr_par' dir='ltr' id='par_1_22' title="bbox 1796 760 3342 833">
     <span class='ocr_line' id='line_1_22' title="bbox 1796 760 3342 833; baseline 0.008 -26"><span class='ocrx_word' id='word_1_129' title='bbox 1796 760 2033 819; x_wconf 86' lang='lat' dir='ltr'><strong>teneant,</strong></span> <span class='ocrx_word' id='word_1_130' title='bbox 2076 773 2254 827; x_wconf 89' lang='lat' dir='ltr'><strong>neque</strong></span> <span class='ocrx_word' id='word_1_131' title='bbox 2302 760 2425 812; x_wconf 86' lang='lat' dir='ltr'><strong>usui</strong></span> <span class='ocrx_word' id='word_1_132' title='bbox 2482 760 2677 813; x_wconf 64' lang='lat' dir='ltr'><strong>anima:</strong></span> <span class='ocrx_word' id='word_1_133' title='bbox 2735 761 2874 825; x_wconf 74' lang='lat' dir='ltr'><strong>sint,</strong></span> <span class='ocrx_word' id='word_1_134' title='bbox 2919 762 3053 815; x_wconf 83' lang='lat' dir='ltr'><strong>nihil</strong></span> <span class='ocrx_word' id='word_1_135' title='bbox 3098 779 3128 816; x_wconf 93' lang='lat' dir='ltr'><strong>a</strong></span> <span class='ocrx_word' id='word_1_136' title='bbox 3172 768 3342 833; x_wconf 78' lang='lat' dir='ltr'><strong>gratia</strong></span> 
     </span>
    </p>
   </div>
   <div class='ocr_carea' id='block_1_23' title="bbox 1795 846 3396 922">
    <p class='ocr_par' dir='ltr' id='par_1_23' title="bbox 1795 846 3396 922">
     <span class='ocr_line' id='line_1_23' title="bbox 1795 846 3396 922; baseline 0.009 -25"><span class='ocrx_word' id='word_1_137' title='bbox 1795 846 2053 914; x_wconf 84' lang='lat' dir='ltr'><strong>manipuli</strong></span> <span class='ocrx_word' id='word_1_138' title='bbox 2088 847 2269 901; x_wconf 88' lang='lat' dir='ltr'><strong>hordei</strong></span> <span class='ocrx_word' id='word_1_139' title='bbox 2306 849 2521 911; x_wconf 76' lang='lat' dir='ltr'><strong>diﬂerre</strong></span> <span class='ocrx_word' id='word_1_140' title='bbox 2548 851 2874 905; x_wconf 90' lang='lat' dir='ltr'><strong>videbuntur</strong></span> <span class='ocrx_word' id='word_1_141' title='bbox 2896 851 3249 922; x_wconf 75' lang='lat' dir='ltr'><strong>sapientibus,</strong></span> <span class='ocrx_word' id='word_1_142' title='bbox 3281 872 3345 911; x_wconf 89' lang='lat' dir='ltr'><strong>ac</strong></span> <span class='ocrx_word' id='word_1_143' title='bbox 3387 913 3396 921; x_wconf 71' lang='grc'><strong>,</strong></span> 
     </span>
    </p>
   </div>
   <div class='ocr_carea' id='block_1_24' title="bbox 1796 934 3340 1013">
    <p class='ocr_par' dir='ltr' id='par_1_24' title="bbox 1796 934 3340 1013">
     <span class='ocr_line' id='line_1_24' title="bbox 1796 934 3340 1013; baseline 0.009 -28"><span class='ocrx_word' id='word_1_144' title='bbox 1796 934 1899 1001; x_wconf 86' lang='lat' dir='ltr'><strong>piis</strong></span> <span class='ocrx_word' id='word_1_145' title='bbox 1922 934 2249 1005; x_wconf 87' lang='lat' dir='ltr'><strong>hominibus,</strong></span> <span class='ocrx_word' id='word_1_146' title='bbox 2272 940 2363 1009; x_wconf 88' lang='lat' dir='ltr'><strong>qui</strong></span> <span class='ocrx_word' id='word_1_147' title='bbox 2390 940 2453 993; x_wconf 92' lang='lat' dir='ltr'><strong>ad</strong></span> <span class='ocrx_word' id='word_1_148' title='bbox 2479 941 2719 996; x_wconf 67' lang='lat' dir='ltr'><strong>coelestia</strong></span> <span class='ocrx_word' id='word_1_149' title='bbox 2744 943 2859 1005; x_wconf 87' lang='lat' dir='ltr'><strong>illa,</strong></span> <span class='ocrx_word' id='word_1_150' title='bbox 2884 950 2937 997; x_wconf 91' lang='lat' dir='ltr'><strong>et</strong></span> <span class='ocrx_word' id='word_1_151' title='bbox 2966 943 3340 1013; x_wconf 72' lang='lat' dir='ltr'><strong>indepravata,</strong></span> 
     </span>
    </p>
   </div>
   <div class='ocr_carea' id='block_1_25' title="bbox 1795 1030 3344 1097">
    <p class='ocr_par' dir='ltr' id='par_1_25' title="bbox 1795 1030 3344 1097">
     <span class='ocr_line' id='line_1_25' title="bbox 1795 1030 3344 1097; baseline 0.008 -19"><span class='ocrx_word' id='word_1_152' title='bbox 1795 1031 1850 1078; x_wconf 90' lang='lat' dir='ltr'><strong>et</strong></span> <span class='ocrx_word' id='word_1_153' title='bbox 1886 1040 2005 1094; x_wconf 63' lang='lat' dir='ltr'><strong>quae</strong></span> <span class='ocrx_word' id='word_1_154' title='bbox 2042 1042 2319 1097; x_wconf 85' lang='lat' dir='ltr'><strong>nunquam</strong></span> <span class='ocrx_word' id='word_1_155' title='bbox 2358 1030 2725 1086; x_wconf 92' lang='lat' dir='ltr'><strong>dissolventur</strong></span> <span class='ocrx_word' id='word_1_156' title='bbox 2756 1033 2920 1095; x_wconf 87' lang='lat' dir='ltr'><strong>bona,</strong></span> <span class='ocrx_word' id='word_1_157' title='bbox 2958 1035 3235 1091; x_wconf 79' lang='lat' dir='ltr'><strong>anhelant.</strong></span> <span class='ocrx_word' id='word_1_158' title='bbox 3267 1032 3344 1090; x_wconf 85' lang='lat' dir='ltr'><strong>Ne</strong></span> 
     </span>
    </p>
   </div>
   <div class='ocr_carea' id='block_1_26' title="bbox 1797 1115 3345 1193">
    <p class='ocr_par' dir='ltr' id='par_1_26' title="bbox 1797 1115 3345 1193">
     <span class='ocr_line' id='line_1_26' title="bbox 1797 1115 3345 1193; baseline 0.008 -26"><span class='ocrx_word' id='word_1_159' title='bbox 1797 1115 1978 1183; x_wconf 88' lang='lat' dir='ltr'><strong>itaque</strong></span> <span class='ocrx_word' id='word_1_160' title='bbox 2005 1118 2193 1186; x_wconf 62' lang='lat' dir='ltr'><strong>magiae</strong></span> <span class='ocrx_word' id='word_1_161' title='bbox 2224 1134 2388 1187; x_wconf 82' lang='lat' dir='ltr'><strong>opera</strong></span> <span class='ocrx_word' id='word_1_162' title='bbox 2417 1121 2725 1185; x_wconf 77' lang='lat' dir='ltr'><strong>admireris,</strong></span> <span class='ocrx_word' id='word_1_163' title='bbox 2769 1139 2941 1191; x_wconf 90' lang='lat' dir='ltr'><strong>neque</strong></span> <span class='ocrx_word' id='word_1_164' title='bbox 2969 1140 3067 1193; x_wconf 89' lang='lat' dir='ltr'><strong>pro</strong></span> <span class='ocrx_word' id='word_1_165' title='bbox 3102 1126 3207 1179; x_wconf 91' lang='lat' dir='ltr'><strong>illis</strong></span> <span class='ocrx_word' id='word_1_166' title='bbox 3228 1133 3345 1179; x_wconf 61' lang='lat' dir='ltr'><strong>ture</strong></span> 
     </span>
    </p>
   </div>
   <div class='ocr_carea' id='block_1_27' title="bbox 1798 1204 3343 1284">
    <p class='ocr_par' dir='ltr' id='par_1_27' title="bbox 1798 1204 3343 1284">
     <span class='ocr_line' id='line_1_27' title="bbox 1798 1204 3343 1284; baseline 0.008 -26"><span class='ocrx_word' id='word_1_167' title='bbox 1798 1204 1977 1270; x_wconf 89' lang='lat' dir='ltr'><strong>beris,</strong></span> <span class='ocrx_word' id='word_1_168' title='bbox 2048 1207 2157 1261; x_wconf 92' lang='lat' dir='ltr'><strong>imo</strong></span> <span class='ocrx_word' id='word_1_169' title='bbox 2214 1210 2560 1277; x_wconf 85' lang='lat' dir='ltr'><strong>temetipsum</strong></span> <span class='ocrx_word' id='word_1_170' title='bbox 2630 1226 2659 1263; x_wconf 92' lang='lat' dir='ltr'><strong>a</strong></span> <span class='ocrx_word' id='word_1_171' title='bbox 2725 1214 2989 1266; x_wconf 89' lang='lat' dir='ltr'><strong>sententia</strong></span> <span class='ocrx_word' id='word_1_172' title='bbox 3048 1215 3343 1284; x_wconf 82' lang='lat' dir='ltr'><strong>stupiditati</strong></span> 
     </span>
    </p>
   </div>
   <div class='ocr_carea' id='block_1_28' title="bbox 1797 1294 2960 1367">
    <p class='ocr_par' dir='ltr' id='par_1_28' title="bbox 1797 1294 2960 1367">
     <span class='ocr_line' id='line_1_28' title="bbox 1797 1294 2960 1367; baseline 0.007 -21"><span class='ocrx_word' id='word_1_173' title='bbox 1797 1294 2050 1362; x_wconf 83' lang='lat' dir='ltr'><strong>obnoxia,</strong></span> <span class='ocrx_word' id='word_1_174' title='bbox 2077 1304 2128 1350; x_wconf 92' lang='lat' dir='ltr'><strong>et</strong></span> <span class='ocrx_word' id='word_1_175' title='bbox 2156 1295 2385 1365; x_wconf 81' lang='lat' dir='ltr'><strong>juvenili</strong></span> <span class='ocrx_word' id='word_1_176' title='bbox 2420 1299 2748 1367; x_wconf 84' lang='lat' dir='ltr'><strong>cogitatione</strong></span> <span class='ocrx_word' id='word_1_177' title='bbox 2772 1301 2960 1356; x_wconf 90' lang='lat' dir='ltr'><strong>libera.</strong></span> 
     </span>
    </p>
   </div>
   <div class='ocr_carea' id='block_1_29' title="bbox 2040 1458 3098 1533">
    <p class='ocr_par' dir='ltr' id='par_1_29' title="bbox 2040 1458 3098 1533">
     <span class='ocr_line' id='line_1_29' title="bbox 2040 1458 3098 1533; baseline 0.009 -9"><span class='ocrx_word' id='word_1_178' title='bbox 2040 1470 2270 1525; x_wconf 78' lang='lat' dir='ltr'><strong>cxux.</strong></span> <span class='ocrx_word' id='word_1_179' title='bbox 2312 1504 2379 1514; x_wconf 82' lang='grc'><strong>-</strong></span> <span class='ocrx_word' id='word_1_180' title='bbox 2417 1458 2755 1530; x_wconf 76' lang='lat' dir='ltr'><strong>PALmNo</strong></span> <span class='ocrx_word' id='word_1_181' title='bbox 2792 1475 3098 1533; x_wconf 76' lang='lat' dir='ltr'><strong>PRIMATI.</strong></span> 
     </span>
    </p>
   </div>
   <div class='ocr_carea' id='block_1_30' title="bbox 1870 1557 3344 1638">
    <p class='ocr_par' dir='ltr' id='par_1_30' title="bbox 1870 1557 3344 1638">
     <span class='ocr_line' id='line_1_30' title="bbox 1870 1557 3344 1638; baseline 0.007 -28"><span class='ocrx_word' id='word_1_182' title='bbox 1870 1557 2188 1627; x_wconf 74' lang='lat' dir='ltr'><strong>Saepissime</strong></span> <span class='ocrx_word' id='word_1_183' title='bbox 2212 1563 2476 1625; x_wconf 88' lang='lat' dir='ltr'><strong>inculcas,</strong></span> <span class='ocrx_word' id='word_1_184' title='bbox 2506 1579 2737 1632; x_wconf 86' lang='lat' dir='ltr'><strong>quanam</strong></span> <span class='ocrx_word' id='word_1_185' title='bbox 2772 1566 2983 1621; x_wconf 77' lang='lat' dir='ltr'><strong>ratione</strong></span> <span class='ocrx_word' id='word_1_186' title='bbox 3017 1567 3222 1631; x_wconf 83' lang='lat' dir='ltr'><strong>salvari</strong></span> <span class='ocrx_word' id='word_1_187' title='bbox 3250 1583 3344 1638; x_wconf 90' lang='lat' dir='ltr'><strong>po-</strong></span> 
     </span>
    </p>
   </div>
   <div class='ocr_carea' id='block_1_31' title="bbox 187 1646 1736 1768">
    <p class='ocr_par' dir='ltr' id='par_1_31' title="bbox 187 1664 1736 1768">
     <span class='ocr_line' id='line_1_31' title="bbox 187 1664 1736 1768; baseline -0.001 -49"><span class='ocrx_word' id='word_1_188' title='bbox 187 1666 371 1737; x_wconf 82' lang='grc' dir='ltr'>μυρίοις</span> <span class='ocrx_word' id='word_1_189' title='bbox 397 1666 570 1738; x_wconf 86' lang='grc' dir='ltr'>βρύων</span> <span class='ocrx_word' id='word_1_190' title='bbox 596 1669 708 1729; x_wconf 85' lang='grc' dir='ltr'>τοῖς</span> <span class='ocrx_word' id='word_1_191' title='bbox 741 1665 840 1733; x_wconf 83' lang='grc' dir='ltr'>τῆς</span> <span class='ocrx_word' id='word_1_192' title='bbox 878 1665 1055 1735; x_wconf 80' lang='grc' dir='ltr'>ψυχῆς</span> <span class='ocrx_word' id='word_1_193' title='bbox 1093 1664 1323 1730; x_wconf 73' lang='grc' dir='ltr'>ἕλκεσιν,</span> <span class='ocrx_word' id='word_1_194' title='bbox 1364 1664 1458 1768; x_wconf 70' lang='grc' dir='ltr'>καὶ</span> <span class='ocrx_word' id='word_1_195' title='bbox 1489 1665 1701 1768; x_wconf 45' lang='lat' dir='ltr'><strong>disp-Oh:-</strong></span> <span class='ocrx_word' id='word_1_196' title='bbox 1730 1710 1736 1768; x_wconf 45' lang='lat'>1</span> 
     </span>
    </p>
   </div>
   <div class='ocr_carea' id='block_1_32' title="bbox 1797 1646 3344 1768">
    <p class='ocr_par' dir='ltr' id='par_1_32' title="bbox 1802 1646 3344 1768">
     <span class='ocr_line' id='line_1_32' title="bbox 1802 1646 3344 1727; baseline 0.008 -28"><span class='ocrx_word' id='word_1_197' title='bbox 1802 1653 1939 1710; x_wconf 88' lang='lat' dir='ltr'><strong>tero,</strong></span> <span class='ocrx_word' id='word_1_198' title='bbox 1968 1646 2266 1705; x_wconf 90' lang='lat' dir='ltr'><strong>innumeris</strong></span> <span class='ocrx_word' id='word_1_199' title='bbox 2290 1652 2483 1707; x_wconf 65' lang='lat' dir='ltr'><strong>animae</strong></span> <span class='ocrx_word' id='word_1_200' title='bbox 2504 1654 2776 1708; x_wconf 87' lang='lat' dir='ltr'><strong>ulceribus</strong></span> <span class='ocrx_word' id='word_1_201' title='bbox 2799 1665 3034 1721; x_wconf 87' lang='lat' dir='ltr'><strong>scatens,</strong></span> <span class='ocrx_word' id='word_1_202' title='bbox 3060 1658 3344 1727; x_wconf 88' lang='lat' dir='ltr'><strong>malisque.</strong></span> 
     </span>
     <span class='ocr_line' id='line_1_33' title="bbox 1803 1739 3332 1768; baseline 0 0"><span class='ocrx_word' id='word_1_203' title='bbox 1803 1752 1921 1768; x_wconf 77' lang='lat' dir='ltr'><strong>num</strong></span> <span class='ocrx_word' id='word_1_204' title='bbox 1950 1739 2126 1768; x_wconf 62' lang='grc' dir='ltr'>τηε-ιιι..</span> <span class='ocrx_word' id='word_1_205' title='bbox 2162 1741 2385 1768; x_wconf 57' lang='grc' dir='ltr'><strong>η-η-ξκτ</strong></span> <span class='ocrx_word' id='word_1_206' title='bbox 2420 1753 2689 1768; x_wconf 63' lang='grc' dir='ltr'><strong>..-η-μη.-.</strong></span> <span class='ocrx_word' id='word_1_207' title='bbox 2752 1746 3176 1768; x_wconf 62' lang='lat' dir='ltr'><strong>--_.r-_.2_-s,____-</strong></span> <span class='ocrx_word' id='word_1_208' title='bbox 3242 1759 3281 1768; x_wconf 68' lang='lat'><strong>-.</strong></span> <span class='ocrx_word' id='word_1_209' title='bbox 3323 1765 3332 1768; x_wconf 37' lang='grc' dir='ltr'><strong>Α</strong></span> 
     </span>
    </p>
   </div>
   <div class='ocr_carea' id='block_1_33' title="bbox 183 1739 1736 1827">
    <p class='ocr_par' dir='ltr' id='par_1_33' title="bbox 183 1739 1736 1827">
     <span class='ocr_line' id='line_1_34' title="bbox 183 1739 1736 1827; baseline -0.001 -18"><span class='ocrx_word' id='word_1_210' title='bbox 183 1774 273 1809; x_wconf 87' lang='grc' dir='ltr'><strong>των</strong></span> <span class='ocrx_word' id='word_1_211' title='bbox 317 1756 760 1827; x_wconf 71' lang='grc' dir='ltr'>ἐμπεπλησμένος</span> <span class='ocrx_word' id='word_1_212' title='bbox 809 1754 1030 1819; x_wconf 83' lang='grc' dir='ltr'>κακῶν,</span> <span class='ocrx_word' id='word_1_213' title='bbox 1083 1756 1178 1807; x_wconf 75' lang='grc' dir='ltr'>καὶ</span> <span class='ocrx_word' id='word_1_214' title='bbox 1220 1754 1547 1825; x_wconf 81' lang='grc' dir='ltr'>φλεγόμενος</span> <span class='ocrx_word' id='word_1_215' title='bbox 1595 1739 1736 1808; x_wconf 38' lang='grc' dir='ltr'>ὐπὺλ</span> 
     </span>
    </p>
   </div>
   <div class='ocr_carea' id='block_1_34' title="bbox 1797 1739 3343 1827">
    <p class='ocr_par' dir='ltr' id='par_1_34' title="bbox 1802 1739 3343 1817">
     <span class='ocr_line' id='line_1_35' title="bbox 1802 1739 3343 1817; baseline 0.008 -27"><span class='ocrx_word' id='word_1_216' title='bbox 1802 1752 1921 1805; x_wconf 73' lang='lat' dir='ltr'><strong>quae</strong></span> <span class='ocrx_word' id='word_1_217' title='bbox 1950 1739 2129 1794; x_wconf 84' lang='lat' dir='ltr'><strong>verbis</strong></span> <span class='ocrx_word' id='word_1_218' title='bbox 2159 1741 2387 1810; x_wconf 78' lang='lat' dir='ltr'><strong>exprimi</strong></span> <span class='ocrx_word' id='word_1_219' title='bbox 2419 1753 2715 1812; x_wconf 87' lang='lat' dir='ltr'><strong>nequeunt,</strong></span> <span class='ocrx_word' id='word_1_220' title='bbox 2750 1746 3203 1813; x_wconf 80' lang='lat' dir='ltr'><strong>confertissimus,</strong></span> <span class='ocrx_word' id='word_1_221' title='bbox 3224 1759 3286 1817; x_wconf 85' lang='lat' dir='ltr'><strong>et</strong></span> <span class='ocrx_word' id='word_1_222' title='bbox 3313 1765 3343 1803; x_wconf 88' lang='lat' dir='ltr'><strong>a</strong></span> 
     </span>
    </p>
   </div>
   <div class='ocr_carea' id='block_1_35' title="bbox 181 1844 1697 1916">
    <p class='ocr_par' dir='ltr' id='par_1_35' title="bbox 181 1844 1697 1916">
     <span class='ocr_line' id='line_1_36' title="bbox 181 1844 1697 1916; baseline -0.001 -18"><span class='ocrx_word' id='word_1_223' title='bbox 181 1846 267 1915; x_wconf 78' lang='grc' dir='ltr'>τῆς</span> <span class='ocrx_word' id='word_1_224' title='bbox 287 1847 408 1908; x_wconf 81' lang='grc' dir='ltr'>ιδίας</span> <span class='ocrx_word' id='word_1_225' title='bbox 434 1846 709 1916; x_wconf 61' lang='grc' dir='ltr'>μοχθηρᾶς</span> <span class='ocrx_word' id='word_1_226' title='bbox 729 1844 1112 1915; x_wconf 85' lang='grc' dir='ltr'>συνειδήσεως;</span> <span class='ocrx_word' id='word_1_227' title='bbox 1141 1844 1401 1915; x_wconf 75' lang='grc' dir='ltr'>Πρότχες,</span> <span class='ocrx_word' id='word_1_228' title='bbox 1426 1845 1697 1913; x_wconf 84' lang='grc' dir='ltr'>ἄνθρωπε,</span> 
     </span>
    </p>
   </div>
   <div class='ocr_carea' id='block_1_36' title="bbox 183 1934 1700 2005">
    <p class='ocr_par' dir='ltr' id='par_1_36' title="bbox 183 1934 1700 2005">
     <span class='ocr_line' id='line_1_37' title="bbox 183 1934 1700 2005; baseline -0.001 -17"><span class='ocrx_word' id='word_1_229' title='bbox 183 1935 272 1989; x_wconf 71' lang='grc' dir='ltr'>κᾶν</span> <span class='ocrx_word' id='word_1_230' title='bbox 298 1937 355 1988; x_wconf 81' lang='grc' dir='ltr'>ὲκ</span> <span class='ocrx_word' id='word_1_231' title='bbox 386 1934 580 2005; x_wconf 80' lang='grc' dir='ltr'>μέρους</span> <span class='ocrx_word' id='word_1_232' title='bbox 612 1937 677 2005; x_wconf 82' lang='grc' dir='ltr'><strong>τῇ</strong></span> <span class='ocrx_word' id='word_1_233' title='bbox 719 1934 1057 2005; x_wconf 87' lang='grc' dir='ltr'>θεοπνεύστῳ</span> <span class='ocrx_word' id='word_1_234' title='bbox 1095 1935 1315 2004; x_wconf 59' lang='grc' dir='ltr'>Γραφῇ,</span> <span class='ocrx_word' id='word_1_235' title='bbox 1359 1934 1451 1987; x_wconf 76' lang='grc' dir='ltr'><strong>καὶ</strong></span> <span class='ocrx_word' id='word_1_236' title='bbox 1489 1936 1588 1987; x_wconf 81' lang='grc' dir='ltr'><strong>οὐκ</strong></span> <span class='ocrx_word' id='word_1_237' title='bbox 1635 1934 1700 1987; x_wconf 82' lang='grc' dir='ltr'><strong>ἀν</strong></span> 
     </span>
    </p>
   </div>
   <div class='ocr_carea' id='block_1_37' title="bbox 186 2020 1700 2093">
    <p class='ocr_par' dir='ltr' id='par_1_37' title="bbox 186 2020 1700 2093">
     <span class='ocr_line' id='line_1_38' title="bbox 186 2020 1700 2093; baseline -0.001 -20"><span class='ocrx_word' id='word_1_238' title='bbox 186 2023 344 2091; x_wconf 80' lang='grc' dir='ltr'>σχοίης</span> <span class='ocrx_word' id='word_1_239' title='bbox 386 2024 569 2093; x_wconf 78' lang='grc' dir='ltr'>χρείαν</span> <span class='ocrx_word' id='word_1_240' title='bbox 595 2024 695 2093; x_wconf 81' lang='grc' dir='ltr'>τῆς</span> <span class='ocrx_word' id='word_1_241' title='bbox 741 2021 879 2091; x_wconf 72' lang='grc' dir='ltr'>ἐμῆς</span> <span class='ocrx_word' id='word_1_242' title='bbox 913 2020 1213 2084; x_wconf 87' lang='grc' dir='ltr'>νουθεσίας.</span> <span class='ocrx_word' id='word_1_243' title='bbox 1238 2020 1417 2074; x_wconf 78' lang='grc' dir='ltr'>’Βλέπε</span> <span class='ocrx_word' id='word_1_244' title='bbox 1446 2020 1499 2073; x_wconf 91' lang='grc' dir='ltr'><strong>τί</strong></span> <span class='ocrx_word' id='word_1_245' title='bbox 1538 2037 1700 2091; x_wconf 83' lang='grc' dir='ltr'>φησιν</span> 
     </span>
    </p>
   </div>
   <div class='ocr_carea' id='block_1_38' title="bbox 183 2110 1701 2181">
    <p class='ocr_par' dir='ltr' id='par_1_38' title="bbox 183 2110 1701 2181">
     <span class='ocr_line' id='line_1_39' title="bbox 183 2110 1701 2181; baseline -0.002 -15"><span class='ocrx_word' id='word_1_246' title='bbox 183 2113 469 2181; x_wconf 78' lang='grc' dir='ltr'>όΣολομῶνο</span> <span class='ocrx_word' id='word_1_247' title='bbox 504 2132 523 2166; x_wconf 81' lang='grc' dir='ltr'><strong>ι</strong></span> <span class='ocrx_word' id='word_1_248' title='bbox 567 2110 989 2181; x_wconf 81' lang='grc' dir='ltr'>Ἐλεημοσύναις</span> <span class='ocrx_word' id='word_1_249' title='bbox 1010 2112 1116 2179; x_wconf 80' lang='grc' dir='ltr'>γὰρ</span> <span class='ocrx_word' id='word_1_250' title='bbox 1155 2111 1247 2165; x_wconf 76' lang='grc' dir='ltr'>καὶ</span> <span class='ocrx_word' id='word_1_251' title='bbox 1294 2111 1537 2165; x_wconf 80' lang='grc' dir='ltr'>πίστεσιν</span> <span class='ocrx_word' id='word_1_252' title='bbox 1568 2113 1701 2165; x_wconf 82' lang='grc' dir='ltr'>ἀπο·</span> 
     </span>
    </p>
   </div>
   <div class='ocr_carea' id='block_1_39' title="bbox 183 2201 1702 2275">
    <p class='ocr_par' dir='ltr' id='par_1_39' title="bbox 183 2201 1702 2275">
     <span class='ocr_line' id='line_1_40' title="bbox 183 2201 1702 2275; baseline -0.002 -18"><span class='ocrx_word' id='word_1_253' title='bbox 183 2207 496 2275; x_wconf 73' lang='grc' dir='ltr'>καθαίρονται</span> <span class='ocrx_word' id='word_1_254' title='bbox 552 2205 833 2274; x_wconf 82' lang='grc' dir='ltr'>ἁμαρτίαι.</span> <span class='ocrx_word' id='word_1_255' title='bbox 880 2221 898 2254; x_wconf 76' lang='grc' dir='ltr'><strong>ι</strong></span> <span class='ocrx_word' id='word_1_256' title='bbox 932 2203 1069 2272; x_wconf 81' lang='grc' dir='ltr'>Ὅρα</span> <span class='ocrx_word' id='word_1_257' title='bbox 1116 2202 1170 2255; x_wconf 88' lang='grc' dir='ltr'><strong>τί</strong></span> <span class='ocrx_word' id='word_1_258' title='bbox 1222 2202 1572 2272; x_wconf 77' lang='grc' dir='ltr'>συμϐουλεύει</span> <span class='ocrx_word' id='word_1_259' title='bbox 1625 2201 1702 2270; x_wconf 83' lang='grc' dir='ltr'>τῷ</span> 
     </span>
    </p>
   </div>
   <div class='ocr_carea' id='block_1_40' title="bbox 183 2292 1703 2364">
    <p class='ocr_par' dir='ltr' id='par_1_40' title="bbox 183 2292 1703 2364">
     <span class='ocr_line' id='line_1_41' title="bbox 183 2292 1703 2364; baseline -0.003 -16"><span class='ocrx_word' id='word_1_260' title='bbox 183 2293 617 2364; x_wconf 69' lang='grc' dir='ltr'>Ναόουχοδονόσορ</span> <span class='ocrx_word' id='word_1_261' title='bbox 636 2293 833 2363; x_wconf 82' lang='grc' dir='ltr'>Δανιὴλ</span> <span class='ocrx_word' id='word_1_262' title='bbox 863 2294 892 2345; x_wconf 89' lang='grc' dir='ltr'><strong>ό</strong></span> <span class='ocrx_word' id='word_1_263' title='bbox 930 2293 1211 2363; x_wconf 81' lang='grc' dir='ltr'>προφήτης</span> <span class='ocrx_word' id='word_1_264' title='bbox 1230 2309 1244 2323; x_wconf 76' lang='grc' dir='ltr'><strong>ο</strong></span> <span class='ocrx_word' id='word_1_265' title='bbox 1283 2312 1299 2344; x_wconf 87' lang='grc' dir='ltr'><strong>ι</strong></span> <span class='ocrx_word' id='word_1_266' title='bbox 1334 2294 1444 2354; x_wconf 88' lang='grc' dir='ltr'><strong>Τάς</strong></span> <span class='ocrx_word' id='word_1_267' title='bbox 1476 2292 1703 2362; x_wconf 85' lang='grc' dir='ltr'>ἀνομίας</span> 
     </span>
    </p>
   </div>
   <div class='ocr_carea' id='block_1_41' title="bbox 185 2379 1702 2453">
    <p class='ocr_par' dir='ltr' id='par_1_41' title="bbox 185 2379 1702 2453">
     <span class='ocr_line' id='line_1_42' title="bbox 185 2379 1702 2453; baseline -0.002 -17"><span class='ocrx_word' id='word_1_268' title='bbox 185 2400 261 2437; x_wconf 79' lang='grc' dir='ltr'><strong>σου</strong></span> <span class='ocrx_word' id='word_1_269' title='bbox 289 2386 339 2437; x_wconf 76' lang='grc' dir='ltr'>ἐν</span> <span class='ocrx_word' id='word_1_270' title='bbox 369 2382 749 2453; x_wconf 76' lang='grc' dir='ltr'>έλεημοσύναις</span> <span class='ocrx_word' id='word_1_271' title='bbox 787 2381 1064 2452; x_wconf 88' lang='grc' dir='ltr'>λύτρωσαι</span> <span class='ocrx_word' id='word_1_272' title='bbox 1087 2421 1101 2446; x_wconf 89' lang='grc'><strong>,</strong></span> <span class='ocrx_word' id='word_1_273' title='bbox 1143 2384 1239 2435; x_wconf 75' lang='grc' dir='ltr'>καὶ</span> <span class='ocrx_word' id='word_1_274' title='bbox 1285 2381 1382 2445; x_wconf 86' lang='grc' dir='ltr'><strong>τὰς</strong></span> <span class='ocrx_word' id='word_1_275' title='bbox 1433 2379 1702 2451; x_wconf 82' lang='grc' dir='ltr'>ἁμαρτίας</span> 
     </span>
    </p>
   </div>
   <div class='ocr_carea' id='block_1_42' title="bbox 187 2471 1704 2544">
    <p class='ocr_par' dir='ltr' id='par_1_42' title="bbox 187 2471 1704 2544">
     <span class='ocr_line' id='line_1_43' title="bbox 187 2471 1704 2544; baseline -0.001 -19"><span class='ocrx_word' id='word_1_276' title='bbox 187 2492 264 2527; x_wconf 88' lang='grc' dir='ltr'><strong>σου</strong></span> <span class='ocrx_word' id='word_1_277' title='bbox 304 2476 355 2526; x_wconf 75' lang='grc' dir='ltr'><strong>έν</strong></span> <span class='ocrx_word' id='word_1_278' title='bbox 392 2475 691 2544; x_wconf 81' lang='grc' dir='ltr'>οίκτιρμοϊς</span> <span class='ocrx_word' id='word_1_279' title='bbox 740 2475 1002 2544; x_wconf 82' lang='grc' dir='ltr'>πενήτων.</span> <span class='ocrx_word' id='word_1_280' title='bbox 1039 2491 1057 2524; x_wconf 77' lang='grc' dir='ltr'><strong>ι</strong></span> <span class='ocrx_word' id='word_1_281' title='bbox 1091 2472 1347 2543; x_wconf 81' lang='grc' dir='ltr'>Πείσθητι</span> <span class='ocrx_word' id='word_1_282' title='bbox 1390 2471 1470 2542; x_wconf 80' lang='grc' dir='ltr'><strong>τῷ</strong></span> <span class='ocrx_word' id='word_1_283' title='bbox 1518 2471 1704 2543; x_wconf 84' lang='grc' dir='ltr'>Σηράχ</span> 
     </span>
    </p>
   </div>
   <div class='ocr_carea' id='block_1_43' title="bbox 186 2560 1703 2631">
    <p class='ocr_par' dir='ltr' id='par_1_43' title="bbox 186 2560 1703 2631">
     <span class='ocr_line' id='line_1_44' title="bbox 186 2560 1703 2631; baseline 0 -18"><span class='ocrx_word' id='word_1_284' title='bbox 186 2560 535 2631; x_wconf 79' lang='grc' dir='ltr'>παραινοῦντι·</span> <span class='ocrx_word' id='word_1_285' title='bbox 594 2579 612 2612; x_wconf 80' lang='grc' dir='ltr'><strong>ι</strong></span> <span class='ocrx_word' id='word_1_286' title='bbox 671 2560 788 2631; x_wconf 82' lang='grc' dir='ltr'><strong>Πῦρ</strong></span> <span class='ocrx_word' id='word_1_287' title='bbox 854 2560 1242 2631; x_wconf 79' lang='grc' dir='ltr'>φλογιζόμενον</span> <span class='ocrx_word' id='word_1_288' title='bbox 1318 2561 1703 2614; x_wconf 79' lang='grc' dir='ltr'>ἀποσϐέννυσιν</span> 
     </span>
    </p>
   </div>
   <div class='ocr_carea' id='block_1_44' title="bbox 185 2649 1703 2732">
    <p class='ocr_par' dir='ltr' id='par_1_44' title="bbox 185 2649 1703 2732">
     <span class='ocr_line' id='line_1_45' title="bbox 185 2649 1703 2732; baseline -0.002 -30"><span class='ocrx_word' id='word_1_289' title='bbox 185 2650 329 2719; x_wconf 79' lang='grc' dir='ltr'>ὕδωρ,</span> <span class='ocrx_word' id='word_1_290' title='bbox 352 2651 438 2732; x_wconf 74' lang='grc' dir='ltr'>καὶ</span> <span class='ocrx_word' id='word_1_291' title='bbox 458 2650 737 2721; x_wconf 81' lang='grc' dir='ltr'>ἁμαρτιῶν</span> <span class='ocrx_word' id='word_1_292' title='bbox 758 2649 927 2717; x_wconf 83' lang='grc' dir='ltr'>φλόγα</span> <span class='ocrx_word' id='word_1_293' title='bbox 944 2650 1221 2702; x_wconf 77' lang='grc' dir='ltr'>σϐέννυσιν</span> <span class='ocrx_word' id='word_1_294' title='bbox 1237 2650 1359 2719; x_wconf 79' lang='grc' dir='ltr'>ὲλεη</span> <span class='ocrx_word' id='word_1_295' title='bbox 1369 2649 1590 2732; x_wconf 61' lang='grc' dir='ltr'>μοσύνη.</span> <span class='ocrx_word' id='word_1_296' title='bbox 1606 2667 1623 2699; x_wconf 78' lang='grc' dir='ltr'><strong>ι</strong></span> <span class='ocrx_word' id='word_1_297' title='bbox 1635 2678 1703 2690; x_wconf 91' lang='grc'><strong><em>--</em></strong></span> 
     </span>
    </p>
   </div>
   <div class='ocr_carea' id='block_1_45' title="bbox 190 2724 1704 2812">
    <p class='ocr_par' dir='ltr' id='par_1_45' title="bbox 190 2724 1704 2812">
     <span class='ocr_line' id='line_1_46' title="bbox 190 2724 1704 2812; baseline -0.003 -19"><span class='ocrx_word' id='word_1_298' title='bbox 190 2760 206 2793; x_wconf 84' lang='grc' dir='ltr'><strong>ι</strong></span> <span class='ocrx_word' id='word_1_299' title='bbox 224 2724 560 2811; x_wconf 62' lang='grc' dir='ltr'>Ἐλεηῐιοσύνη</span> <span class='ocrx_word' id='word_1_300' title='bbox 579 2740 687 2811; x_wconf 82' lang='grc' dir='ltr'><strong>γὰρ</strong></span> <span class='ocrx_word' id='word_1_301' title='bbox 706 2743 770 2795; x_wconf 75' lang='grc' dir='ltr'>ὲκ</span> <span class='ocrx_word' id='word_1_302' title='bbox 792 2740 1019 2793; x_wconf 82' lang='grc' dir='ltr'>θανάτου</span> <span class='ocrx_word' id='word_1_303' title='bbox 1045 2741 1247 2812; x_wconf 78' lang='grc' dir='ltr'>ῥύεται,</span> <span class='ocrx_word' id='word_1_304' title='bbox 1262 2724 1704 2804; x_wconf 35' lang='grc' dir='ltr'>»θανάτουτλὲγων</span> 
     </span>
    </p>
   </div>
   <div class='ocr_carea' id='block_1_46' title="bbox 188 2825 1705 2900">
    <p class='ocr_par' dir='ltr' id='par_1_46' title="bbox 188 2825 1705 2900">
     <span class='ocr_line' id='line_1_47' title="bbox 188 2825 1705 2900; baseline -0.004 -17"><span class='ocrx_word' id='word_1_305' title='bbox 188 2831 264 2883; x_wconf 78' lang='grc' dir='ltr'>τοῦ</span> <span class='ocrx_word' id='word_1_306' title='bbox 304 2832 384 2885; x_wconf 83' lang='grc' dir='ltr'>διὰ</span> <span class='ocrx_word' id='word_1_307' title='bbox 426 2832 722 2900; x_wconf 75' lang='grc' dir='ltr'>καταδίκης</span> <span class='ocrx_word' id='word_1_308' title='bbox 761 2829 995 2900; x_wconf 55' lang='grc' dir='ltr'>φοϐερᾶς</span> <span class='ocrx_word' id='word_1_309' title='bbox 1052 2829 1147 2882; x_wconf 71' lang='grc' dir='ltr'>καὶ</span> <span class='ocrx_word' id='word_1_310' title='bbox 1177 2828 1496 2899; x_wconf 83' lang='grc' dir='ltr'>φρικώδους,</span> <span class='ocrx_word' id='word_1_311' title='bbox 1523 2826 1615 2880; x_wconf 80' lang='grc' dir='ltr'>καὶ</span> <span class='ocrx_word' id='word_1_312' title='bbox 1646 2825 1705 2878; x_wconf 81' lang='grc' dir='ltr'>τὸ</span> 
     </span>
    </p>
   </div>
   <div class='ocr_carea' id='block_1_47' title="bbox 189 2918 1361 2992">
    <p class='ocr_par' dir='ltr' id='par_1_47' title="bbox 189 2918 1361 2992">
     <span class='ocr_line' id='line_1_48' title="bbox 189 2918 1361 2992; baseline -0.003 -18"><span class='ocrx_word' id='word_1_313' title='bbox 189 2922 369 2988; x_wconf 82' lang='grc' dir='ltr'>σκότος,</span> <span class='ocrx_word' id='word_1_314' title='bbox 415 2924 487 2986; x_wconf 86' lang='grc' dir='ltr'>ὠς</span> <span class='ocrx_word' id='word_1_315' title='bbox 517 2921 709 2992; x_wconf 77' lang='grc' dir='ltr'>Τωδὴθ</span> <span class='ocrx_word' id='word_1_316' title='bbox 742 2921 833 2973; x_wconf 74' lang='grc' dir='ltr'>καὶ</span> <span class='ocrx_word' id='word_1_317' title='bbox 867 2919 1168 2990; x_wconf 88' lang='grc' dir='ltr'>Σολομῶντι</span> <span class='ocrx_word' id='word_1_318' title='bbox 1197 2918 1361 2972; x_wconf 76' lang='grc' dir='ltr'>δοκεῖ.</span> 
     </span>
    </p>
   </div>
   <div class='ocr_carea' id='block_1_48' title="bbox 446 3091 1402 3164">
    <p class='ocr_par' dir='ltr' id='par_1_48' title="bbox 446 3091 1402 3164">
     <span class='ocr_line' id='line_1_49' title="bbox 446 3091 1402 3164; baseline -0.004 -16"><span class='ocrx_word' id='word_1_319' title='bbox 446 3095 572 3148; x_wconf 85' lang='lat' dir='ltr'><strong>PN&#39;.</strong></span> <span class='ocrx_word' id='word_1_320' title='bbox 600 3123 681 3158; x_wconf 86' lang='lat'><strong>—_</strong></span> <span class='ocrx_word' id='word_1_321' title='bbox 703 3094 956 3164; x_wconf 70' lang='lat' dir='ltr'><strong>Parma</strong></span> <span class='ocrx_word' id='word_1_322' title='bbox 986 3091 1402 3162; x_wconf 74' lang='lat' dir='ltr'><strong>zKPINIAPIn.</strong></span> 
     </span>
    </p>
   </div>
   <div class='ocr_carea' id='block_1_49' title="bbox 242 3180 1703 3255">
    <p class='ocr_par' dir='ltr' id='par_1_49' title="bbox 242 3180 1703 3255">
     <span class='ocr_line' id='line_1_50' title="bbox 242 3180 1703 3255; baseline -0.003 -18"><span class='ocrx_word' id='word_1_323' title='bbox 242 3185 343 3237; x_wconf 74' lang='grc' dir='ltr'><strong>Οὐκ</strong></span> <span class='ocrx_word' id='word_1_324' title='bbox 368 3184 649 3255; x_wconf 76' lang='grc' dir='ltr'>ἄνθρωπος</span> <span class='ocrx_word' id='word_1_325' title='bbox 676 3183 827 3253; x_wconf 77' lang='grc' dir='ltr'>ψιλὸς</span> <span class='ocrx_word' id='word_1_326' title='bbox 857 3184 886 3237; x_wconf 88' lang='grc' dir='ltr'><strong>ό</strong></span> <span class='ocrx_word' id='word_1_327' title='bbox 909 3180 1087 3245; x_wconf 79' lang='grc' dir='ltr'>κοινὸς</span> <span class='ocrx_word' id='word_1_328' title='bbox 1119 3182 1306 3251; x_wconf 79' lang='grc' dir='ltr'>Σωτὴρ</span> <span class='ocrx_word' id='word_1_329' title='bbox 1338 3181 1433 3234; x_wconf 73' lang='grc' dir='ltr'>καὶ</span> <span class='ocrx_word' id='word_1_330' title='bbox 1481 3180 1568 3234; x_wconf 87' lang='grc' dir='ltr'><strong>εύε</strong></span> <span class='ocrx_word' id='word_1_331' title='bbox 1580 3181 1703 3249; x_wconf 77' lang='grc' dir='ltr'>ργέο</span> 
     </span>
    </p>
   </div>
   <div class='ocr_carea' id='block_1_50' title="bbox 184 3270 1700 3345">
    <p class='ocr_par' dir='ltr' id='par_1_50' title="bbox 184 3270 1700 3345">
     <span class='ocr_line' id='line_1_51' title="bbox 184 3270 1700 3345; baseline -0.004 -18"><span class='ocrx_word' id='word_1_332' title='bbox 184 3289 268 3343; x_wconf 82' lang='grc' dir='ltr'><strong>της</strong></span> <span class='ocrx_word' id='word_1_333' title='bbox 300 3274 555 3345; x_wconf 80' lang='grc' dir='ltr'>Χριστὸς,</span> <span class='ocrx_word' id='word_1_334' title='bbox 601 3273 733 3337; x_wconf 77' lang='grc' dir='ltr'>Θεὸς</span> <span class='ocrx_word' id='word_1_335' title='bbox 770 3274 827 3327; x_wconf 76' lang='grc' dir='ltr'>δὲ</span> <span class='ocrx_word' id='word_1_336' title='bbox 860 3273 1058 3343; x_wconf 81' lang='grc' dir='ltr'>μᾶλλον</span> <span class='ocrx_word' id='word_1_337' title='bbox 1094 3274 1151 3326; x_wconf 73' lang='grc' dir='ltr'>ὲν</span> <span class='ocrx_word' id='word_1_338' title='bbox 1180 3270 1492 3343; x_wconf 79' lang='grc' dir='ltr'>ἀνθρωπίνῃ</span> <span class='ocrx_word' id='word_1_339' title='bbox 1518 3271 1700 3339; x_wconf 79' lang='grc' dir='ltr'>ὀφθεὶς</span> 
     </span>
    </p>
   </div>
   <div class='ocr_carea' id='block_1_51' title="bbox 190 3361 1701 3437">
    <p class='ocr_par' dir='ltr' id='par_1_51' title="bbox 190 3361 1701 3437">
     <span class='ocr_line' id='line_1_52' title="bbox 190 3361 1701 3437; baseline -0.003 -21"><span class='ocrx_word' id='word_1_340' title='bbox 190 3368 379 3437; x_wconf 68' lang='grc' dir='ltr'>μορφῇ,</span> <span class='ocrx_word' id='word_1_341' title='bbox 425 3364 518 3418; x_wconf 75' lang='grc' dir='ltr'>καὶ</span> <span class='ocrx_word' id='word_1_342' title='bbox 558 3366 622 3435; x_wconf 69' lang='grc' dir='ltr'>τῇ</span> <span class='ocrx_word' id='word_1_343' title='bbox 677 3363 781 3435; x_wconf 83' lang='grc' dir='ltr'>ίδίᾳ</span> <span class='ocrx_word' id='word_1_344' title='bbox 823 3364 1216 3434; x_wconf 82' lang='grc' dir='ltr'>ἀναμαρτήτῳ,</span> <span class='ocrx_word' id='word_1_345' title='bbox 1270 3361 1363 3414; x_wconf 73' lang='grc' dir='ltr'>καὶ</span> <span class='ocrx_word' id='word_1_346' title='bbox 1413 3362 1701 3432; x_wconf 80' lang='grc' dir='ltr'>ἀμωμήτῳ</span> 
     </span>
    </p>
   </div>
   <div class='ocr_carea' id='block_1_52' title="bbox 188 3452 1700 3528">
    <p class='ocr_par' dir='ltr' id='par_1_52' title="bbox 188 3452 1700 3528">
     <span class='ocr_line' id='line_1_53' title="bbox 188 3452 1700 3528; baseline -0.002 -20"><span class='ocrx_word' id='word_1_347' title='bbox 188 3459 366 3528; x_wconf 72' lang='grc' dir='ltr'>σαρκὶ,</span> <span class='ocrx_word' id='word_1_348' title='bbox 408 3458 497 3510; x_wconf 79' lang='grc' dir='ltr'>τὸν</span> <span class='ocrx_word' id='word_1_349' title='bbox 529 3456 670 3527; x_wconf 78' lang='grc' dir='ltr'>ὑπὲρ</span> <span class='ocrx_word' id='word_1_350' title='bbox 720 3455 828 3509; x_wconf 89' lang='grc' dir='ltr'><strong>τῶν</strong></span> <span class='ocrx_word' id='word_1_351' title='bbox 887 3455 1238 3524; x_wconf 82' lang='grc' dir='ltr'>ἀνθρωπίνων</span> <span class='ocrx_word' id='word_1_352' title='bbox 1290 3452 1700 3523; x_wconf 78' lang='grc' dir='ltr'>ἁμαρτημάτων</span> 
     </span>
    </p>
   </div>
   <div class='ocr_carea' id='block_1_53' title="bbox 186 3544 1266 3617">
    <p class='ocr_par' dir='ltr' id='par_1_53' title="bbox 186 3544 1266 3617">
     <span class='ocr_line' id='line_1_54' title="bbox 186 3544 1266 3617; baseline -0.003 -18"><span class='ocrx_word' id='word_1_353' title='bbox 186 3546 382 3603; x_wconf 80' lang='grc' dir='ltr'>θάνατον</span> <span class='ocrx_word' id='word_1_354' title='bbox 405 3547 700 3617; x_wconf 77' lang='grc' dir='ltr'>ὑπομείνας</span> <span class='ocrx_word' id='word_1_355' title='bbox 729 3545 1028 3616; x_wconf 84' lang='grc' dir='ltr'>βουλήματι</span> <span class='ocrx_word' id='word_1_356' title='bbox 1060 3544 1266 3614; x_wconf 77' lang='grc' dir='ltr'>οἰκείῳ.</span> 
     </span>
    </p>
   </div>
   <div class='ocr_carea' id='block_1_54' title="bbox 450 3720 1401 3792">
    <p class='ocr_par' dir='ltr' id='par_1_54' title="bbox 450 3720 1401 3792">
     <span class='ocr_line' id='line_1_55' title="bbox 450 3720 1401 3792; baseline -0.002 -16"><span class='ocrx_word' id='word_1_357' title='bbox 450 3720 625 3777; x_wconf 78' lang='lat' dir='ltr'><strong>PNA&#39;.</strong></span> <span class='ocrx_word' id='word_1_358' title='bbox 660 3752 729 3763; x_wconf 86' lang='lat'><strong>—</strong></span> <span class='ocrx_word' id='word_1_359' title='bbox 755 3722 1010 3792; x_wconf 78' lang='grc' dir='ltr'><strong>ΛΟΥΚῐᾷ</strong></span> <span class='ocrx_word' id='word_1_360' title='bbox 1043 3721 1401 3791; x_wconf 75' lang='grc' dir='ltr'><strong>ΤΡΙΒΟΥΝῼ.</strong></span> 
     </span>
    </p>
   </div>
   <div class='ocr_carea' id='block_1_55' title="bbox 242 3811 1701 3880">
    <p class='ocr_par' dir='ltr' id='par_1_55' title="bbox 242 3811 1701 3880">
     <span class='ocr_line' id='line_1_56' title="bbox 242 3811 1701 3880; baseline -0.001 -14"><span class='ocrx_word' id='word_1_361' title='bbox 242 3814 386 3866; x_wconf 85' lang='grc' dir='ltr'>Πόσοι</span> <span class='ocrx_word' id='word_1_362' title='bbox 412 3812 660 3874; x_wconf 85' lang='grc' dir='ltr'>-ποσάκις</span> <span class='ocrx_word' id='word_1_363' title='bbox 706 3811 978 3880; x_wconf 81' lang='grc' dir='ltr'>ἄνθρωποι</span> <span class='ocrx_word' id='word_1_364' title='bbox 1028 3811 1291 3878; x_wconf 81' lang='grc' dir='ltr'>κόρακας</span> <span class='ocrx_word' id='word_1_365' title='bbox 1350 3811 1541 3878; x_wconf 88' lang='grc' dir='ltr'>παγίσι</span> <span class='ocrx_word' id='word_1_366' title='bbox 1608 3814 1701 3864; x_wconf 75' lang='grc' dir='ltr'>καὶ</span> 
     </span>
    </p>
   </div>
   <div class='ocr_carea' id='block_1_56' title="bbox 185 3897 1701 3970">
    <p class='ocr_par' dir='ltr' id='par_1_56' title="bbox 185 3897 1701 3970">
     <span class='ocr_line' id='line_1_57' title="bbox 185 3897 1701 3970; baseline 0.001 -19"><span class='ocrx_word' id='word_1_367' title='bbox 185 3899 357 3970; x_wconf 81' lang='grc' dir='ltr'>δικτύῳ</span> <span class='ocrx_word' id='word_1_368' title='bbox 376 3900 659 3969; x_wconf 76' lang='grc' dir='ltr'>ὲθήρασαν,</span> <span class='ocrx_word' id='word_1_369' title='bbox 689 3900 778 3951; x_wconf 72' lang='grc' dir='ltr'>καὶ</span> <span class='ocrx_word' id='word_1_370' title='bbox 799 3897 1024 3966; x_wconf 81' lang='grc' dir='ltr'>ήγνόουν</span> <span class='ocrx_word' id='word_1_371' title='bbox 1052 3899 1101 3950; x_wconf 79' lang='grc' dir='ltr'>οἱ</span> <span class='ocrx_word' id='word_1_372' title='bbox 1125 3898 1441 3959; x_wconf 87' lang='grc' dir='ltr'>πιασθέντες</span> <span class='ocrx_word' id='word_1_373' title='bbox 1470 3899 1701 3967; x_wconf 88' lang='grc' dir='ltr'>κόρακες</span> 
     </span>
    </p>
   </div>
   <div class='ocr_carea' id='block_1_57' title="bbox 184 3987 1698 4059">
    <p class='ocr_par' dir='ltr' id='par_1_57' title="bbox 184 3987 1698 4059">
     <span class='ocr_line' id='line_1_58' title="bbox 184 3987 1698 4059; baseline -0.002 -17"><span class='ocrx_word' id='word_1_374' title='bbox 184 3989 266 4059; x_wconf 80' lang='grc' dir='ltr'>τὴν</span> <span class='ocrx_word' id='word_1_375' title='bbox 296 3990 464 4042; x_wconf 75' lang='grc' dir='ltr'>αὐτῶν</span> <span class='ocrx_word' id='word_1_376' title='bbox 498 3989 671 4058; x_wconf 82' lang='grc' dir='ltr'>θήραν</span> <span class='ocrx_word' id='word_1_377' title='bbox 705 4004 764 4039; x_wconf 89' lang='grc' dir='ltr'><strong>τε</strong></span> <span class='ocrx_word' id='word_1_378' title='bbox 822 3987 913 4041; x_wconf 73' lang='grc' dir='ltr'>καὶ</span> <span class='ocrx_word' id='word_1_379' title='bbox 944 3987 1231 4056; x_wconf 75' lang='grc' dir='ltr'>σύλληψινς</span> <span class='ocrx_word' id='word_1_380' title='bbox 1266 3987 1357 4039; x_wconf 72' lang='grc' dir='ltr'><strong>Σοὶ</strong></span> <span class='ocrx_word' id='word_1_381' title='bbox 1386 3988 1440 4040; x_wconf 79' lang='grc' dir='ltr'>δὲ</span> <span class='ocrx_word' id='word_1_382' title='bbox 1484 4005 1698 4058; x_wconf 83' lang='grc' dir='ltr'>προμη-</span> 
     </span>
    </p>
   </div>
   <div class='ocr_carea' id='block_1_58' title="bbox 185 4077 1736 4147">
    <p class='ocr_par' dir='ltr' id='par_1_58' title="bbox 185 4077 1736 4147">
     <span class='ocr_line' id='line_1_59' title="bbox 185 4077 1736 4147; baseline -0.001 -17"><span class='ocrx_word' id='word_1_383' title='bbox 185 4079 343 4132; x_wconf 87' lang='grc' dir='ltr'>νύουσι</span> <span class='ocrx_word' id='word_1_384' title='bbox 367 4120 382 4144; x_wconf 96' lang='grc'><strong>,</strong></span> <span class='ocrx_word' id='word_1_385' title='bbox 427 4078 606 4141; x_wconf 86' lang='grc' dir='ltr'>καθὼς</span> <span class='ocrx_word' id='word_1_386' title='bbox 636 4078 813 4145; x_wconf 88' lang='grc' dir='ltr'>λέγεις</span> <span class='ocrx_word' id='word_1_387' title='bbox 839 4118 854 4142; x_wconf 86' lang='grc'><strong>,</strong></span> <span class='ocrx_word' id='word_1_388' title='bbox 902 4077 962 4129; x_wconf 85' lang='grc' dir='ltr'>τὸ</span> <span class='ocrx_word' id='word_1_389' title='bbox 996 4078 1184 4146; x_wconf 84' lang='grc' dir='ltr'>μέλλον</span> <span class='ocrx_word' id='word_1_390' title='bbox 1212 4078 1261 4129; x_wconf 91' lang='grc' dir='ltr'>οἱ</span> <span class='ocrx_word' id='word_1_391' title='bbox 1302 4078 1567 4147; x_wconf 87' lang='grc' dir='ltr'>κόρακες,</span> <span class='ocrx_word' id='word_1_392' title='bbox 1607 4078 1700 4130; x_wconf 78' lang='grc' dir='ltr'>καὶ</span> <span class='ocrx_word' id='word_1_393' title='bbox 1733 4112 1736 4115; x_wconf 54' lang='grc' dir='ltr'><strong>λ</strong></span> 
     </span>
    </p>
   </div>
   <div class='ocr_carea' id='block_1_59' title="bbox 185 4166 1700 4237">
    <p class='ocr_par' dir='ltr' id='par_1_59' title="bbox 185 4166 1700 4237">
     <span class='ocr_line' id='line_1_60' title="bbox 185 4166 1700 4237; baseline 0.001 -19"><span class='ocrx_word' id='word_1_394' title='bbox 185 4170 499 4237; x_wconf 87' lang='grc' dir='ltr'>προγνῶσται</span> <span class='ocrx_word' id='word_1_395' title='bbox 568 4168 660 4220; x_wconf 77' lang='grc' dir='ltr'>καὶ</span> <span class='ocrx_word' id='word_1_396' title='bbox 703 4167 977 4235; x_wconf 82' lang='grc' dir='ltr'>προφῆται</span> <span class='ocrx_word' id='word_1_397' title='bbox 1024 4166 1131 4217; x_wconf 89' lang='grc' dir='ltr'><strong>τῶν</strong></span> <span class='ocrx_word' id='word_1_398' title='bbox 1170 4166 1393 4235; x_wconf 77' lang='grc' dir='ltr'>μηδέπω</span> <span class='ocrx_word' id='word_1_399' title='bbox 1422 4168 1700 4236; x_wconf 86' lang='grc' dir='ltr'>παρόντων</span> 
     </span>
    </p>
   </div>
   <div class='ocr_carea' id='block_1_60' title="bbox 183 4255 1695 4328">
    <p class='ocr_par' dir='ltr' id='par_1_60' title="bbox 183 4255 1695 4328">
     <span class='ocr_line' id='line_1_61' title="bbox 183 4255 1695 4328; baseline -0.003 -18"><span class='ocrx_word' id='word_1_400' title='bbox 183 4260 493 4328; x_wconf 72' lang='grc' dir='ltr'>εὑρίσκονται</span> <span class='ocrx_word' id='word_1_401' title='bbox 522 4258 777 4323; x_wconf 84' lang='grc' dir='ltr'>κόρακες,</span> <span class='ocrx_word' id='word_1_402' title='bbox 808 4257 855 4307; x_wconf 79' lang='grc' dir='ltr'>οἱ</span> <span class='ocrx_word' id='word_1_403' title='bbox 887 4255 981 4324; x_wconf 82' lang='grc' dir='ltr'>τὴν</span> <span class='ocrx_word' id='word_1_404' title='bbox 1014 4256 1133 4307; x_wconf 85' lang='grc' dir='ltr'>κατ’</span> <span class='ocrx_word' id='word_1_405' title='bbox 1161 4256 1338 4307; x_wconf 84' lang='grc' dir='ltr'>αὐτῶν</span> <span class='ocrx_word' id='word_1_406' title='bbox 1371 4255 1695 4324; x_wconf 77' lang='grc' dir='ltr'>μηχανηθεῖσ</span> 
     </span>
    </p>
   </div>
   <div class='ocr_carea' id='block_1_61' title="bbox 1800 1824 3342 1907">
    <p class='ocr_par' dir='ltr' id='par_1_61' title="bbox 1800 1824 3342 1907">
     <span class='ocr_line' id='line_1_62' title="bbox 1800 1824 3342 1907; baseline 0.008 -26"><span class='ocrx_word' id='word_1_407' title='bbox 1800 1828 2035 1899; x_wconf 64' lang='grc' dir='ltr'>ρτορτῑκ</span> <span class='ocrx_word' id='word_1_408' title='bbox 2074 1824 2252 1899; x_wconf 75' lang='grc' dir='ltr'>ρτιινέο</span> <span class='ocrx_word' id='word_1_409' title='bbox 2291 1833 2638 1889; x_wconf 63' lang='lat' dir='ltr'><strong>conscientiae</strong></span> <span class='ocrx_word' id='word_1_410' title='bbox 2664 1836 2919 1891; x_wconf 91' lang='lat' dir='ltr'><strong>continuo</strong></span> <span class='ocrx_word' id='word_1_411' title='bbox 2955 1836 3185 1893; x_wconf 83' lang='lat' dir='ltr'><strong>ﬂammis</strong></span> <span class='ocrx_word' id='word_1_412' title='bbox 3220 1854 3342 1907; x_wconf 86' lang='lat' dir='ltr'><strong>per-</strong></span> 
     </span>
    </p>
   </div>
   <div class='ocr_carea' id='block_1_62' title="bbox 1800 1920 3343 1999">
    <p class='ocr_par' dir='ltr' id='par_1_62' title="bbox 1800 1920 3343 1999">
     <span class='ocr_line' id='line_1_63' title="bbox 1800 1920 3343 1999; baseline 0.006 -24"><span class='ocrx_word' id='word_1_413' title='bbox 1800 1921 1993 1976; x_wconf 74' lang='lat' dir='ltr'><strong>ustus?</strong></span> <span class='ocrx_word' id='word_1_414' title='bbox 2033 1920 2263 1977; x_wconf 82' lang='lat' dir='ltr'><strong>Adverte</strong></span> <span class='ocrx_word' id='word_1_415' title='bbox 2305 1924 2565 1989; x_wconf 85' lang='lat' dir='ltr'><strong>animum,</strong></span> <span class='ocrx_word' id='word_1_416' title='bbox 2614 1926 2688 1979; x_wconf 90' lang='lat' dir='ltr'><strong>mi</strong></span> <span class='ocrx_word' id='word_1_417' title='bbox 2740 1926 2921 1994; x_wconf 87' lang='lat' dir='ltr'><strong>homo,</strong></span> <span class='ocrx_word' id='word_1_418' title='bbox 2970 1930 3054 1983; x_wconf 89' lang='lat' dir='ltr'><strong>vel</strong></span> <span class='ocrx_word' id='word_1_419' title='bbox 3093 1930 3343 1999; x_wconf 89' lang='lat' dir='ltr'><strong>pusillum</strong></span> 
     </span>
    </p>
   </div>
   <div class='ocr_carea' id='block_1_63' title="bbox 1798 2010 3347 2084">
    <p class='ocr_par' dir='ltr' id='par_1_63' title="bbox 1798 2010 3347 2084">
     <span class='ocr_line' id='line_1_64' title="bbox 1798 2010 3347 2084; baseline 0.007 -20"><span class='ocrx_word' id='word_1_420' title='bbox 1798 2010 2056 2064; x_wconf 86' lang='lat' dir='ltr'><strong>divinitus</strong></span> <span class='ocrx_word' id='word_1_421' title='bbox 2097 2010 2374 2080; x_wconf 74' lang='lat' dir='ltr'><strong>inSpiratae</strong></span> <span class='ocrx_word' id='word_1_422' title='bbox 2430 2012 2746 2084; x_wconf 60' lang='lat' dir='ltr'><strong>Scriptura,</strong></span> <span class='ocrx_word' id='word_1_423' title='bbox 2782 2023 2834 2071; x_wconf 86' lang='lat' dir='ltr'><strong>et</strong></span> <span class='ocrx_word' id='word_1_424' title='bbox 2880 2032 2997 2072; x_wconf 88' lang='lat' dir='ltr'><strong>mea</strong></span> <span class='ocrx_word' id='word_1_425' title='bbox 3040 2018 3347 2075; x_wconf 82' lang='lat' dir='ltr'><strong>adhortatio</strong></span> 
     </span>
    </p>
   </div>
   <div class='ocr_carea' id='block_1_64' title="bbox 1800 2098 3344 2174">
    <p class='ocr_par' dir='ltr' id='par_1_64' title="bbox 1800 2098 3344 2174">
     <span class='ocr_line' id='line_1_65' title="bbox 1800 2098 3344 2174; baseline 0.006 -21"><span class='ocrx_word' id='word_1_426' title='bbox 1800 2098 1897 2153; x_wconf 90' lang='lat' dir='ltr'><strong>tibi</strong></span> <span class='ocrx_word' id='word_1_427' title='bbox 1924 2114 2060 2167; x_wconf 84' lang='lat' dir='ltr'><strong>Opus</strong></span> <span class='ocrx_word' id='word_1_428' title='bbox 2106 2114 2213 2153; x_wconf 91' lang='lat' dir='ltr'><strong>non</strong></span> <span class='ocrx_word' id='word_1_429' title='bbox 2264 2101 2449 2155; x_wconf 79' lang='lat' dir='ltr'><strong>fuerit.</strong></span> <span class='ocrx_word' id='word_1_430' title='bbox 2499 2102 2799 2159; x_wconf 82' lang='lat' dir='ltr'><strong>Considera</strong></span> <span class='ocrx_word' id='word_1_431' title='bbox 2848 2106 2978 2174; x_wconf 89' lang='lat' dir='ltr'><strong>quid</strong></span> <span class='ocrx_word' id='word_1_432' title='bbox 3021 2107 3164 2161; x_wconf 89' lang='lat' dir='ltr'><strong>dicat</strong></span> <span class='ocrx_word' id='word_1_433' title='bbox 3192 2110 3344 2164; x_wconf 87' lang='lat' dir='ltr'><strong>Salo-</strong></span> 
     </span>
    </p>
   </div>
   <div class='ocr_carea' id='block_1_65' title="bbox 1801 2187 3345 2268">
    <p class='ocr_par' dir='ltr' id='par_1_65' title="bbox 1801 2187 3345 2268">
     <span class='ocr_line' id='line_1_66' title="bbox 1801 2187 3345 2268; baseline 0.008 -28"><span class='ocrx_word' id='word_1_434' title='bbox 1801 2202 1926 2241; x_wconf 90' lang='lat' dir='ltr'><strong>mon</strong></span> <span class='ocrx_word' id='word_1_435' title='bbox 1961 2187 2003 2218; x_wconf 81' lang='lat'>“</span> <span class='ocrx_word' id='word_1_436' title='bbox 2050 2202 2064 2240; x_wconf 90' lang='lat'><strong>:</strong></span> <span class='ocrx_word' id='word_1_437' title='bbox 2108 2207 2125 2238; x_wconf 76' lang='grc' dir='ltr'><strong>ι</strong></span> <span class='ocrx_word' id='word_1_438' title='bbox 2156 2188 2527 2261; x_wconf 83' lang='lat' dir='ltr'><strong>Eleemosynis</strong></span> <span class='ocrx_word' id='word_1_439' title='bbox 2558 2194 2724 2257; x_wconf 91' lang='lat' dir='ltr'><strong>enim,</strong></span> <span class='ocrx_word' id='word_1_440' title='bbox 2756 2202 2809 2248; x_wconf 92' lang='lat' dir='ltr'><strong>et</strong></span> <span class='ocrx_word' id='word_1_441' title='bbox 2831 2194 2939 2249; x_wconf 83' lang='lat' dir='ltr'><strong>ﬁde</strong></span> <span class='ocrx_word' id='word_1_442' title='bbox 2979 2206 3345 2268; x_wconf 76' lang='lat' dir='ltr'><strong>expurgantur</strong></span> 
     </span>
    </p>
   </div>
   <div class='ocr_carea' id='block_1_66' title="bbox 1801 2278 3349 2359">
    <p class='ocr_par' dir='ltr' id='par_1_66' title="bbox 1801 2278 3349 2359">
     <span class='ocr_line' id='line_1_67' title="bbox 1801 2278 3349 2359; baseline 0.008 -28"><span class='ocrx_word' id='word_1_443' title='bbox 1801 2284 2047 2346; x_wconf 82' lang='lat' dir='ltr'><strong>peccata.</strong></span> <span class='ocrx_word' id='word_1_444' title='bbox 2089 2297 2107 2330; x_wconf 76' lang='grc' dir='ltr'><strong>ι</strong></span> <span class='ocrx_word' id='word_1_445' title='bbox 2133 2278 2270 2335; x_wconf 81' lang='lat' dir='ltr'><strong>Vide</strong></span> <span class='ocrx_word' id='word_1_446' title='bbox 2294 2282 2423 2351; x_wconf 89' lang='lat' dir='ltr'><strong>quid</strong></span> <span class='ocrx_word' id='word_1_447' title='bbox 2446 2282 2962 2339; x_wconf 85' lang='lat' dir='ltr'><strong>Nabuchodonosori</strong></span> <span class='ocrx_word' id='word_1_448' title='bbox 3003 2286 3185 2342; x_wconf 89' lang='lat' dir='ltr'><strong>Daniel</strong></span> <span class='ocrx_word' id='word_1_449' title='bbox 3224 2305 3349 2359; x_wconf 62' lang='lat' dir='ltr'><strong>pro.</strong></span> 
     </span>
    </p>
   </div>
   <div class='ocr_carea' id='block_1_67' title="bbox 1804 2365 3345 2450">
    <p class='ocr_par' dir='ltr' id='par_1_67' title="bbox 1804 2365 3345 2450">
     <span class='ocr_line' id='line_1_68' title="bbox 1804 2365 3345 2450; baseline 0.012 -34"><span class='ocrx_word' id='word_1_450' title='bbox 1804 2365 1967 2434; x_wconf 85' lang='lat' dir='ltr'><strong>pheta</strong></span> <span class='ocrx_word' id='word_1_451' title='bbox 1998 2368 2246 2423; x_wconf 90' lang='lat' dir='ltr'><strong>consulat</strong></span> <span class='ocrx_word' id='word_1_452' title='bbox 2281 2387 2295 2423; x_wconf 89' lang='lat'><strong>:</strong></span> <span class='ocrx_word' id='word_1_453' title='bbox 2332 2388 2350 2421; x_wconf 85' lang='grc' dir='ltr'><strong>ι</strong></span> <span class='ocrx_word' id='word_1_454' title='bbox 2387 2371 2707 2441; x_wconf 83' lang='lat' dir='ltr'><strong>lniquitates</strong></span> <span class='ocrx_word' id='word_1_455' title='bbox 2740 2381 2861 2428; x_wconf 88' lang='lat' dir='ltr'><strong>tuas</strong></span> <span class='ocrx_word' id='word_1_456' title='bbox 2895 2377 2945 2429; x_wconf 92' lang='lat' dir='ltr'><strong>in</strong></span> <span class='ocrx_word' id='word_1_457' title='bbox 2987 2377 3345 2450; x_wconf 81' lang='lat' dir='ltr'><strong>eleemosynis</strong></span> 
     </span>
    </p>
   </div>
   <div class='ocr_carea' id='block_1_68' title="bbox 1805 2456 3345 2540">
    <p class='ocr_par' dir='ltr' id='par_1_68' title="bbox 1805 2456 3345 2540">
     <span class='ocr_line' id='line_1_69' title="bbox 1805 2456 3345 2540; baseline 0.01 -30"><span class='ocrx_word' id='word_1_458' title='bbox 1805 2456 1995 2521; x_wconf 90' lang='lat' dir='ltr'><strong>libera,</strong></span> <span class='ocrx_word' id='word_1_459' title='bbox 2041 2467 2359 2530; x_wconf 64' lang='lat' dir='ltr'><strong>et&#39;peceata</strong></span> <span class='ocrx_word' id='word_1_460' title='bbox 2399 2468 2496 2516; x_wconf 84' lang='lat' dir='ltr'><strong>tua</strong></span> <span class='ocrx_word' id='word_1_461' title='bbox 2544 2462 2599 2516; x_wconf 88' lang='lat' dir='ltr'><strong>in</strong></span> <span class='ocrx_word' id='word_1_462' title='bbox 2648 2464 3091 2522; x_wconf 85' lang='lat' dir='ltr'><strong>miserationibus</strong></span> <span class='ocrx_word' id='word_1_463' title='bbox 3138 2485 3345 2540; x_wconf 70' lang='lat' dir='ltr'><strong>paupe-</strong></span> 
     </span>
    </p>
   </div>
   <div class='ocr_carea' id='block_1_69' title="bbox 1806 2548 3346 2627">
    <p class='ocr_par' dir='ltr' id='par_1_69' title="bbox 1806 2548 3346 2627">
     <span class='ocr_line' id='line_1_70' title="bbox 1806 2548 3346 2627; baseline 0.01 -27"><span class='ocrx_word' id='word_1_464' title='bbox 1806 2562 1924 2601; x_wconf 91' lang='lat' dir='ltr'><strong>rum</strong></span> <span class='ocrx_word' id='word_1_465' title='bbox 1969 2548 2034 2602; x_wconf 80' lang='grc'><strong>⁶³.</strong></span> <span class='ocrx_word' id='word_1_466' title='bbox 2087 2568 2106 2603; x_wconf 77' lang='grc' dir='ltr'><strong>ι</strong></span> <span class='ocrx_word' id='word_1_467' title='bbox 2161 2550 2334 2605; x_wconf 87' lang='lat' dir='ltr'><strong>Crede</strong></span> <span class='ocrx_word' id='word_1_468' title='bbox 2390 2551 2617 2607; x_wconf 86' lang='lat' dir='ltr'><strong>Siracho</strong></span> <span class='ocrx_word' id='word_1_469' title='bbox 2671 2553 2978 2608; x_wconf 85' lang='lat' dir='ltr'><strong>adhortanti</strong></span> <span class='ocrx_word' id='word_1_470' title='bbox 3036 2575 3108 2611; x_wconf 73' lang='grc' dir='ltr'>ει</span> <span class='ocrx_word' id='word_1_471' title='bbox 3164 2557 3346 2627; x_wconf 77' lang='lat' dir='ltr'><strong>ignem</strong></span> 
     </span>
    </p>
   </div>
   <div class='ocr_carea' id='block_1_70' title="bbox 1805 2629 3350 2714">
    <p class='ocr_par' dir='ltr' id='par_1_70' title="bbox 1805 2629 3350 2714">
     <span class='ocr_line' id='line_1_71' title="bbox 1805 2629 3350 2714; baseline 0.007 -22"><span class='ocrx_word' id='word_1_472' title='bbox 1805 2629 2128 2695; x_wconf 81' lang='lat' dir='ltr'><strong>succensum</strong></span> <span class='ocrx_word' id='word_1_473' title='bbox 2169 2655 2306 2711; x_wconf 90' lang='lat' dir='ltr'><strong>aqua</strong></span> <span class='ocrx_word' id='word_1_474' title='bbox 2350 2643 2669 2713; x_wconf 76' lang='lat' dir='ltr'><strong>exstinguit,</strong></span> <span class='ocrx_word' id='word_1_475' title='bbox 2696 2651 2749 2699; x_wconf 90' lang='lat' dir='ltr'><strong>et</strong></span> <span class='ocrx_word' id='word_1_476' title='bbox 2778 2653 3119 2714; x_wconf 82' lang='lat' dir='ltr'><strong>peccatorum</strong></span> <span class='ocrx_word' id='word_1_477' title='bbox 3162 2648 3350 2703; x_wconf 87' lang='lat' dir='ltr'><strong>incen-</strong></span> 
     </span>
    </p>
   </div>
   <div class='ocr_carea' id='block_1_71' title="bbox 1804 2726 3347 2805">
    <p class='ocr_par' dir='ltr' id='par_1_71' title="bbox 1804 2726 3347 2805">
     <span class='ocr_line' id='line_1_72' title="bbox 1804 2726 3347 2805; baseline 0.01 -26"><span class='ocrx_word' id='word_1_478' title='bbox 1804 2726 1953 2781; x_wconf 90' lang='lat' dir='ltr'><strong>dium</strong></span> <span class='ocrx_word' id='word_1_479' title='bbox 1977 2729 2389 2801; x_wconf 75' lang='lat' dir='ltr'><strong>eleemosyna“.</strong></span> <span class='ocrx_word' id='word_1_480' title='bbox 2414 2750 2434 2783; x_wconf 76' lang='grc' dir='ltr'><strong>ι</strong></span> <span class='ocrx_word' id='word_1_481' title='bbox 2453 2751 2555 2784; x_wconf 80' lang='grc' dir='ltr'>-ι</span> <span class='ocrx_word' id='word_1_482' title='bbox 2586 2734 2935 2805; x_wconf 82' lang='lat' dir='ltr'><strong>Eleemosyna</strong></span> <span class='ocrx_word' id='word_1_483' title='bbox 2958 2738 3101 2789; x_wconf 88' lang='lat' dir='ltr'><strong>enim</strong></span> <span class='ocrx_word' id='word_1_484' title='bbox 3124 2752 3152 2789; x_wconf 94' lang='lat' dir='ltr'><strong>a</strong></span> <span class='ocrx_word' id='word_1_485' title='bbox 3176 2746 3347 2794; x_wconf 86' lang='lat' dir='ltr'><strong>morte</strong></span> 
     </span>
    </p>
   </div>
   <div class='ocr_carea' id='block_1_72' title="bbox 1805 2810 3347 2892">
    <p class='ocr_par' dir='ltr' id='par_1_72' title="bbox 1805 2810 3347 2892">
     <span class='ocr_line' id='line_1_73' title="bbox 1805 2810 3347 2892; baseline 0.006 -21"><span class='ocrx_word' id='word_1_486' title='bbox 1805 2818 2000 2872; x_wconf 88' lang='lat' dir='ltr'><strong>liberat</strong></span> <span class='ocrx_word' id='word_1_487' title='bbox 2033 2820 2098 2883; x_wconf 75' lang='lat'><strong>“,</strong></span> <span class='ocrx_word' id='word_1_488' title='bbox 2136 2838 2154 2870; x_wconf 79' lang='grc' dir='ltr'><strong>ι</strong></span> <span class='ocrx_word' id='word_1_489' title='bbox 2196 2828 2424 2874; x_wconf 84' lang='lat' dir='ltr'><strong>mortem</strong></span> <span class='ocrx_word' id='word_1_490' title='bbox 2466 2823 2734 2891; x_wconf 87' lang='lat' dir='ltr'><strong>repellens</strong></span> <span class='ocrx_word' id='word_1_491' title='bbox 2772 2839 2868 2892; x_wconf 88' lang='lat' dir='ltr'><strong>per</strong></span> <span class='ocrx_word' id='word_1_492' title='bbox 2907 2810 3243 2881; x_wconf 84' lang='lat' dir='ltr'><strong>tremendam</strong></span> <span class='ocrx_word' id='word_1_493' title='bbox 3284 2843 3347 2882; x_wconf 93' lang='lat' dir='ltr'><strong>ae</strong></span> 
     </span>
    </p>
   </div>
   <div class='ocr_carea' id='block_1_73' title="bbox 1804 2906 3347 2976">
    <p class='ocr_par' dir='ltr' id='par_1_73' title="bbox 1804 2906 3347 2976">
     <span class='ocr_line' id='line_1_74' title="bbox 1804 2906 3347 2976; baseline 0.009 -17"><span class='ocrx_word' id='word_1_494' title='bbox 1804 2906 2102 2963; x_wconf 86' lang='lat' dir='ltr'><strong>terribilem</strong></span> <span class='ocrx_word' id='word_1_495' title='bbox 2149 2909 2650 2965; x_wconf 88' lang='lat' dir='ltr'><strong>condemnationem</strong></span> <span class='ocrx_word' id='word_1_496' title='bbox 2703 2913 2940 2976; x_wconf 87' lang='lat' dir='ltr'><strong>illatam,</strong></span> <span class='ocrx_word' id='word_1_497' title='bbox 2992 2924 3046 2968; x_wconf 92' lang='lat' dir='ltr'><strong>et</strong></span> <span class='ocrx_word' id='word_1_498' title='bbox 3095 2916 3347 2973; x_wconf 78' lang='lat' dir='ltr'><strong>tenebras</strong></span> 
     </span>
    </p>
   </div>
   <div class='ocr_carea' id='block_1_74' title="bbox 1730 2993 3133 3084">
    <p class='ocr_par' dir='ltr' id='par_1_74' title="bbox 1730 2993 3133 3084">
     <span class='ocr_line' id='line_1_75' title="bbox 1730 2993 3133 3084; baseline 0.011 -38"><span class='ocrx_word' id='word_1_499' title='bbox 1730 3027 1772 3084; x_wconf 63' lang='grc' dir='ltr'>ϐ</span> <span class='ocrx_word' id='word_1_500' title='bbox 1808 2993 2069 3065; x_wconf 77' lang='lat' dir='ltr'><strong>ingestas,</strong></span> <span class='ocrx_word' id='word_1_501' title='bbox 2106 3006 2166 3051; x_wconf 87' lang='lat' dir='ltr'><strong>ut</strong></span> <span class='ocrx_word' id='word_1_502' title='bbox 2188 2997 2386 3054; x_wconf 86' lang='lat' dir='ltr'><strong>Tobias</strong></span> <span class='ocrx_word' id='word_1_503' title='bbox 2406 3008 2460 3054; x_wconf 87' lang='lat' dir='ltr'><strong>et</strong></span> <span class='ocrx_word' id='word_1_504' title='bbox 2492 3001 2747 3064; x_wconf 86' lang='lat' dir='ltr'><strong>Salomon</strong></span> <span class='ocrx_word' id='word_1_505' title='bbox 2777 3004 3133 3061; x_wconf 81' lang='lat' dir='ltr'><strong>arbitrantur.</strong></span> 
     </span>
    </p>
   </div>
   <div class='ocr_carea' id='block_1_75' title="bbox 1977 3082 3169 3153">
    <p class='ocr_par' dir='ltr' id='par_1_75' title="bbox 1977 3082 3169 3153">
     <span class='ocr_line' id='line_1_76' title="bbox 1977 3082 3169 3153; baseline 0.009 -15"><span class='ocrx_word' id='word_1_506' title='bbox 1977 3082 2132 3153; x_wconf 74' lang='lat'><strong>190</strong></span> <span class='ocrx_word' id='word_1_507' title='bbox 2163 3085 2267 3140; x_wconf 87' lang='lat' dir='ltr'><strong>CL.</strong></span> <span class='ocrx_word' id='word_1_508' title='bbox 2302 3115 2373 3128; x_wconf 93' lang='lat'><strong><em>—</em></strong></span> <span class='ocrx_word' id='word_1_509' title='bbox 2411 3087 2708 3145; x_wconf 77' lang='lat' dir='ltr'><strong>RHEGINO</strong></span> <span class='ocrx_word' id='word_1_510' title='bbox 2759 3090 3169 3149; x_wconf 76' lang='lat' dir='ltr'><strong>SCRINIARIO.</strong></span> 
     </span>
    </p>
   </div>
   <div class='ocr_carea' id='block_1_76' title="bbox 1868 3171 3343 3248">
    <p class='ocr_par' dir='ltr' id='par_1_76' title="bbox 1868 3171 3343 3248">
     <span class='ocr_line' id='line_1_77' title="bbox 1868 3171 3343 3248; baseline 0.011 -24"><span class='ocrx_word' id='word_1_511' title='bbox 1868 3171 1984 3225; x_wconf 85' lang='lat' dir='ltr'><strong>Non</strong></span> <span class='ocrx_word' id='word_1_512' title='bbox 2019 3174 2180 3228; x_wconf 90' lang='lat' dir='ltr'><strong>homo</strong></span> <span class='ocrx_word' id='word_1_513' title='bbox 2208 3176 2434 3247; x_wconf 76' lang='lat' dir='ltr'><strong>simplex</strong></span> <span class='ocrx_word' id='word_1_514' title='bbox 2474 3180 2777 3238; x_wconf 85' lang='lat' dir='ltr'><strong>communis</strong></span> <span class='ocrx_word' id='word_1_515' title='bbox 2806 3182 3075 3248; x_wconf 88' lang='lat' dir='ltr'><strong>Salvator,</strong></span> <span class='ocrx_word' id='word_1_516' title='bbox 3109 3193 3162 3238; x_wconf 92' lang='lat' dir='ltr'><strong>et</strong></span> <span class='ocrx_word' id='word_1_517' title='bbox 3207 3185 3343 3241; x_wconf 88' lang='lat' dir='ltr'><strong>bene</strong></span> 
     </span>
    </p>
   </div>
   <div class='ocr_carea' id='block_1_77' title="bbox 1799 3260 3342 3335">
    <p class='ocr_par' dir='ltr' id='par_1_77' title="bbox 1799 3260 3342 3335">
     <span class='ocr_line' id='line_1_78' title="bbox 1799 3260 3342 3335; baseline 0.009 -20"><span class='ocrx_word' id='word_1_518' title='bbox 1799 3260 1867 3316; x_wconf 87' lang='lat' dir='ltr'><strong>de</strong></span> <span class='ocrx_word' id='word_1_519' title='bbox 1917 3263 2173 3318; x_wconf 88' lang='lat' dir='ltr'><strong>omnibus</strong></span> <span class='ocrx_word' id='word_1_520' title='bbox 2215 3268 2443 3321; x_wconf 82' lang='lat' dir='ltr'><strong>meritus</strong></span> <span class='ocrx_word' id='word_1_521' title='bbox 2482 3267 2757 3335; x_wconf 87' lang='lat' dir='ltr'><strong>Christus,</strong></span> <span class='ocrx_word' id='word_1_522' title='bbox 2800 3271 2939 3327; x_wconf 88' lang='lat' dir='ltr'><strong>Deus</strong></span> <span class='ocrx_word' id='word_1_523' title='bbox 3000 3275 3052 3326; x_wconf 92' lang='lat' dir='ltr'><strong>in</strong></span> <span class='ocrx_word' id='word_1_524' title='bbox 3108 3274 3342 3329; x_wconf 85' lang='lat' dir='ltr'><strong>humana</strong></span> 
     </span>
    </p>
   </div>
   <div class='ocr_carea' id='block_1_78' title="bbox 1799 3351 3343 3433">
    <p class='ocr_par' dir='ltr' id='par_1_78' title="bbox 1799 3351 3343 3433">
     <span class='ocr_line' id='line_1_79' title="bbox 1799 3351 3343 3433; baseline 0.01 -30"><span class='ocrx_word' id='word_1_525' title='bbox 1799 3351 1972 3404; x_wconf 79' lang='lat' dir='ltr'><strong>forma</strong></span> <span class='ocrx_word' id='word_1_526' title='bbox 1998 3354 2172 3407; x_wconf 86' lang='lat' dir='ltr'><strong>oculis</strong></span> <span class='ocrx_word' id='word_1_527' title='bbox 2200 3354 2373 3418; x_wconf 88' lang='lat' dir='ltr'><strong>visus,</strong></span> <span class='ocrx_word' id='word_1_528' title='bbox 2415 3365 2471 3411; x_wconf 93' lang='lat' dir='ltr'><strong>et</strong></span> <span class='ocrx_word' id='word_1_529' title='bbox 2508 3359 2751 3427; x_wconf 86' lang='lat' dir='ltr'><strong>propria,</strong></span> <span class='ocrx_word' id='word_1_530' title='bbox 2779 3376 2899 3430; x_wconf 73' lang='lat' dir='ltr'><strong>quae</strong></span> <span class='ocrx_word' id='word_1_531' title='bbox 2927 3364 3081 3418; x_wconf 90' lang='lat' dir='ltr'><strong>nullo</strong></span> <span class='ocrx_word' id='word_1_532' title='bbox 3120 3375 3343 3433; x_wconf 88' lang='lat' dir='ltr'><strong>peccato</strong></span> 
     </span>
    </p>
   </div>
   <div class='ocr_carea' id='block_1_79' title="bbox 1799 3440 3343 3522">
    <p class='ocr_par' dir='ltr' id='par_1_79' title="bbox 1799 3440 3343 3522">
     <span class='ocr_line' id='line_1_80' title="bbox 1799 3440 3343 3522; baseline 0.009 -27"><span class='ocrx_word' id='word_1_533' title='bbox 1799 3440 2073 3510; x_wconf 89' lang='lat' dir='ltr'><strong>nullisque</strong></span> <span class='ocrx_word' id='word_1_534' title='bbox 2114 3444 2371 3500; x_wconf 87' lang='lat' dir='ltr'><strong>sordibus</strong></span> <span class='ocrx_word' id='word_1_535' title='bbox 2415 3448 2818 3515; x_wconf 87' lang='lat' dir='ltr'><strong>succumbebat,</strong></span> <span class='ocrx_word' id='word_1_536' title='bbox 2858 3466 3044 3519; x_wconf 84' lang='lat' dir='ltr'><strong>carne,</strong></span> <span class='ocrx_word' id='word_1_537' title='bbox 3078 3469 3175 3521; x_wconf 89' lang='lat' dir='ltr'><strong>pro</strong></span> <span class='ocrx_word' id='word_1_538' title='bbox 3216 3469 3343 3522; x_wconf 88' lang='lat' dir='ltr'><strong>pec-</strong></span> 
     </span>
    </p>
   </div>
   <div class='ocr_carea' id='block_1_80' title="bbox 1797 3530 3343 3610">
    <p class='ocr_par' dir='ltr' id='par_1_80' title="bbox 1797 3530 3343 3610">
     <span class='ocr_line' id='line_1_81' title="bbox 1797 3530 3343 3610; baseline 0.008 -25"><span class='ocrx_word' id='word_1_539' title='bbox 1797 3530 1935 3585; x_wconf 89' lang='lat' dir='ltr'><strong>catis</strong></span> <span class='ocrx_word' id='word_1_540' title='bbox 1987 3530 2265 3587; x_wconf 87' lang='lat' dir='ltr'><strong>bominum</strong></span> <span class='ocrx_word' id='word_1_541' title='bbox 2312 3544 2538 3590; x_wconf 86' lang='lat' dir='ltr'><strong>mortem</strong></span> <span class='ocrx_word' id='word_1_542' title='bbox 2584 3538 2861 3594; x_wconf 84' lang='lat' dir='ltr'><strong>voluntate</strong></span> <span class='ocrx_word' id='word_1_543' title='bbox 2908 3543 3126 3610; x_wconf 88' lang='lat' dir='ltr'><strong>propria</strong></span> <span class='ocrx_word' id='word_1_544' title='bbox 3179 3545 3343 3599; x_wconf 86' lang='lat' dir='ltr'><strong>susti-</strong></span> 
     </span>
    </p>
   </div>
   <div class='ocr_carea' id='block_1_81' title="bbox 1800 3620 2688 3697">
    <p class='ocr_par' dir='ltr' id='par_1_81' title="bbox 1800 3620 2688 3697">
     <span class='ocr_line' id='line_1_82' title="bbox 1800 3620 2688 3697; baseline 0.002 -24"><span class='ocrx_word' id='word_1_545' title='bbox 1800 3620 1937 3675; x_wconf 86' lang='lat' dir='ltr'><strong>nuit.</strong></span> <span class='ocrx_word' id='word_1_546' title='bbox 2681 3690 2688 3697; x_wconf 89' lang='lat'>_</span> 
     </span>
    </p>
   </div>
   <div class='ocr_carea' id='block_1_82' title="bbox 2149 3713 2973 3775">
    <p class='ocr_par' dir='ltr' id='par_1_82' title="bbox 2149 3713 2973 3775">
     <span class='ocr_line' id='line_1_83' title="bbox 2149 3713 2973 3775; baseline 0.004 -5"><span class='ocrx_word' id='word_1_547' title='bbox 2149 3713 2278 3770; x_wconf 85' lang='lat' dir='ltr'><strong>CLI.</strong></span> <span class='ocrx_word' id='word_1_548' title='bbox 2312 3747 2378 3758; x_wconf 84' lang='lat'><strong>-—</strong></span> <span class='ocrx_word' id='word_1_549' title='bbox 2414 3716 2620 3773; x_wconf 81' lang='lat' dir='ltr'><strong>LUCIO</strong></span> <span class='ocrx_word' id='word_1_550' title='bbox 2658 3717 2973 3775; x_wconf 75' lang='lat' dir='ltr'><strong>TBIBUNO.</strong></span> 
     </span>
    </p>
   </div>
   <div class='ocr_carea' id='block_1_83' title="bbox 1868 3801 3337 3879">
    <p class='ocr_par' dir='ltr' id='par_1_83' title="bbox 1868 3801 3337 3879">
     <span class='ocr_line' id='line_1_84' title="bbox 1868 3801 3337 3879; baseline 0.007 -23"><span class='ocrx_word' id='word_1_551' title='bbox 1868 3801 2009 3867; x_wconf 82' lang='lat' dir='ltr'><strong>Quot</strong></span> <span class='ocrx_word' id='word_1_552' title='bbox 2044 3806 2259 3873; x_wconf 90' lang='lat' dir='ltr'><strong>quoties</strong></span> <span class='ocrx_word' id='word_1_553' title='bbox 2297 3808 2544 3863; x_wconf 86' lang='lat' dir='ltr'><strong>homines</strong></span> <span class='ocrx_word' id='word_1_554' title='bbox 2578 3823 2775 3864; x_wconf 88' lang='lat' dir='ltr'><strong>corvos</strong></span> <span class='ocrx_word' id='word_1_555' title='bbox 2804 3811 3013 3879; x_wconf 86' lang='lat' dir='ltr'><strong>laqueis</strong></span> <span class='ocrx_word' id='word_1_556' title='bbox 3048 3820 3100 3865; x_wconf 91' lang='lat' dir='ltr'><strong>et</strong></span> <span class='ocrx_word' id='word_1_557' title='bbox 3134 3814 3337 3866; x_wconf 83' lang='lat' dir='ltr'><strong>retibus</strong></span> 
     </span>
    </p>
   </div>
   <div class='ocr_carea' id='block_1_84' title="bbox 1798 3898 3335 3969">
    <p class='ocr_par' dir='ltr' id='par_1_84' title="bbox 1798 3898 3335 3969">
     <span class='ocr_line' id='line_1_85' title="bbox 1798 3898 3335 3969; baseline 0.008 -25"><span class='ocrx_word' id='word_1_558' title='bbox 1798 3902 2096 3961; x_wconf 88' lang='lat' dir='ltr'><strong>ceperunt,</strong></span> <span class='ocrx_word' id='word_1_559' title='bbox 2156 3898 2415 3966; x_wconf 86' lang='lat' dir='ltr'><strong>corvique</strong></span> <span class='ocrx_word' id='word_1_560' title='bbox 2473 3898 2615 3967; x_wconf 89' lang='lat' dir='ltr'><strong>capti</strong></span> <span class='ocrx_word' id='word_1_561' title='bbox 2674 3901 2944 3969; x_wconf 81' lang='lat' dir='ltr'><strong>prepriam</strong></span> <span class='ocrx_word' id='word_1_562' title='bbox 2998 3902 3335 3956; x_wconf 88' lang='lat' dir='ltr'><strong>venationem</strong></span> 
     </span>
    </p>
   </div>
   <div class='ocr_carea' id='block_1_85' title="bbox 1799 3988 3336 4059">
    <p class='ocr_par' dir='ltr' id='par_1_85' title="bbox 1799 3988 3336 4059">
     <span class='ocr_line' id='line_1_86' title="bbox 1799 3988 3336 4059; baseline 0.007 -24"><span class='ocrx_word' id='word_1_563' title='bbox 1799 3992 2183 4054; x_wconf 87' lang='lat' dir='ltr'><strong>eapturamque</strong></span> <span class='ocrx_word' id='word_1_564' title='bbox 2220 4001 2325 4040; x_wconf 92' lang='lat' dir='ltr'><strong>non</strong></span> <span class='ocrx_word' id='word_1_565' title='bbox 2376 3988 2719 4043; x_wconf 82' lang='lat' dir='ltr'><strong>didicerunt?</strong></span> <span class='ocrx_word' id='word_1_566' title='bbox 2748 3990 2812 4043; x_wconf 88' lang='lat' dir='ltr'><strong>Et</strong></span> <span class='ocrx_word' id='word_1_567' title='bbox 2848 3990 2944 4043; x_wconf 88' lang='lat' dir='ltr'><strong>tibi</strong></span> <span class='ocrx_word' id='word_1_568' title='bbox 2984 3991 3233 4059; x_wconf 88' lang='lat' dir='ltr'><strong>quidem,</strong></span> <span class='ocrx_word' id='word_1_569' title='bbox 3278 4000 3336 4045; x_wconf 92' lang='lat' dir='ltr'><strong>ut</strong></span> 
     </span>
    </p>
   </div>
   <div class='ocr_carea' id='block_1_86' title="bbox 1800 4073 3337 4150">
    <p class='ocr_par' dir='ltr' id='par_1_86' title="bbox 1800 4073 3337 4150">
     <span class='ocr_line' id='line_1_87' title="bbox 1800 4073 3337 4150; baseline 0.007 -26"><span class='ocrx_word' id='word_1_570' title='bbox 1800 4074 2029 4137; x_wconf 84' lang='lat' dir='ltr'><strong>asseris,</strong></span> <span class='ocrx_word' id='word_1_571' title='bbox 2089 4076 2237 4129; x_wconf 83' lang='lat' dir='ltr'><strong>corvi</strong></span> <span class='ocrx_word' id='word_1_572' title='bbox 2300 4073 2540 4129; x_wconf 79' lang='lat' dir='ltr'><strong>futurum</strong></span> <span class='ocrx_word' id='word_1_573' title='bbox 2608 4079 3005 4144; x_wconf 71' lang='lat' dir='ltr'><strong>praenuntiant,</strong></span> <span class='ocrx_word' id='word_1_574' title='bbox 3067 4090 3153 4144; x_wconf 91' lang='lat' dir='ltr'><strong>et,</strong></span> <span class='ocrx_word' id='word_1_575' title='bbox 3217 4098 3337 4150; x_wconf 77' lang='lat' dir='ltr'><strong>qua:</strong></span> 
     </span>
    </p>
   </div>
   <div class='ocr_carea' id='block_1_87' title="bbox 1799 4162 3337 4235">
    <p class='ocr_par' dir='ltr' id='par_1_87' title="bbox 1799 4162 3337 4235">
     <span class='ocr_line' id='line_1_88' title="bbox 1799 4162 3337 4235; baseline 0.009 -22"><span class='ocrx_word' id='word_1_576' title='bbox 1799 4162 2046 4229; x_wconf 90' lang='lat' dir='ltr'><strong>nuspiam</strong></span> <span class='ocrx_word' id='word_1_577' title='bbox 2077 4172 2222 4229; x_wconf 86' lang='lat' dir='ltr'><strong>sunt,</strong></span> <span class='ocrx_word' id='word_1_578' title='bbox 2251 4178 2436 4218; x_wconf 89' lang='lat' dir='ltr'><strong>eorum</strong></span> <span class='ocrx_word' id='word_1_579' title='bbox 2476 4166 2572 4219; x_wconf 91' lang='lat' dir='ltr'><strong>tibi</strong></span> <span class='ocrx_word' id='word_1_580' title='bbox 2611 4174 2665 4220; x_wconf 89' lang='lat' dir='ltr'><strong>et</strong></span> <span class='ocrx_word' id='word_1_581' title='bbox 2694 4169 3073 4235; x_wconf 63' lang='lat' dir='ltr'><strong>praecinentes,</strong></span> <span class='ocrx_word' id='word_1_582' title='bbox 3101 4179 3153 4223; x_wconf 92' lang='lat' dir='ltr'><strong>et</strong></span> <span class='ocrx_word' id='word_1_583' title='bbox 3186 4180 3337 4227; x_wconf 82' lang='lat' dir='ltr'><strong>vates</strong></span> 
     </span>
    </p>
   </div>
   <div class='ocr_carea' id='block_1_88' title="bbox 1798 4251 3335 4326">
    <p class='ocr_par' dir='ltr' id='par_1_88' title="bbox 1798 4251 3335 4326">
     <span class='ocr_line' id='line_1_89' title="bbox 1798 4251 3335 4326; baseline 0.007 -24"><span class='ocrx_word' id='word_1_584' title='bbox 1798 4251 2009 4319; x_wconf 70' lang='lat' dir='ltr'><strong>praescii</strong></span> <span class='ocrx_word' id='word_1_585' title='bbox 2044 4261 2386 4321; x_wconf 89' lang='lat' dir='ltr'><strong>reputantur,</strong></span> <span class='ocrx_word' id='word_1_586' title='bbox 2434 4255 2526 4322; x_wconf 89' lang='lat' dir='ltr'><strong>qui</strong></span> <span class='ocrx_word' id='word_1_587' title='bbox 2577 4265 2766 4310; x_wconf 87' lang='lat' dir='ltr'><strong>contra</strong></span> <span class='ocrx_word' id='word_1_588' title='bbox 2814 4272 2933 4311; x_wconf 86' lang='lat' dir='ltr'><strong>sese</strong></span> <span class='ocrx_word' id='word_1_589' title='bbox 2977 4270 3335 4326; x_wconf 60' lang='lat' dir='ltr'><strong>praeparatum</strong></span> 
     </span>
    </p>
   </div>
   <div class='ocr_carea' id='block_1_89' title="bbox 184 4339 1736 4418">
    <p class='ocr_par' dir='ltr' id='par_1_89' title="bbox 184 4343 1736 4418">
     <span class='ocr_line' id='line_1_90' title="bbox 184 4343 1736 4418; baseline -0.001 -18"><span class='ocrx_word' id='word_1_590' title='bbox 184 4366 265 4401; x_wconf 90' lang='grc' dir='ltr'><strong>σαν</strong></span> <span class='ocrx_word' id='word_1_591' title='bbox 300 4351 489 4417; x_wconf 85' lang='grc' dir='ltr'>παγίδα</span> <span class='ocrx_word' id='word_1_592' title='bbox 534 4347 795 4418; x_wconf 83' lang='grc' dir='ltr'>μηδαμῶς</span> <span class='ocrx_word' id='word_1_593' title='bbox 838 4346 1164 4413; x_wconf 75' lang='grc' dir='ltr'>ἐγνωκότες,</span> <span class='ocrx_word' id='word_1_594' title='bbox 1212 4345 1305 4397; x_wconf 72' lang='grc' dir='ltr'>καὶ</span> <span class='ocrx_word' id='word_1_595' title='bbox 1352 4347 1441 4399; x_wconf 80' lang='grc' dir='ltr'>τὸν</span> <span class='ocrx_word' id='word_1_596' title='bbox 1491 4343 1736 4400; x_wconf 82' lang='grc' dir='ltr'>ἑαυτῶν]</span> 
     </span>
    </p>
   </div>
   <div class='ocr_carea' id='block_1_90' title="bbox 1797 4339 3334 4418">
    <p class='ocr_par' dir='ltr' id='par_1_90' title="bbox 1798 4339 3334 4415">
     <span class='ocr_line' id='line_1_91' title="bbox 1798 4339 3334 4415; baseline 0.005 -22"><span class='ocrx_word' id='word_1_597' title='bbox 1798 4339 2047 4408; x_wconf 88' lang='lat' dir='ltr'><strong>laqueum</strong></span> <span class='ocrx_word' id='word_1_598' title='bbox 2076 4343 2224 4397; x_wconf 92' lang='lat' dir='ltr'><strong>nullo</strong></span> <span class='ocrx_word' id='word_1_599' title='bbox 2262 4344 2419 4398; x_wconf 87' lang='lat' dir='ltr'><strong>modo</strong></span> <span class='ocrx_word' id='word_1_600' title='bbox 2454 4343 2805 4413; x_wconf 75' lang='lat' dir='ltr'><strong>dignoscunt,</strong></span> <span class='ocrx_word' id='word_1_601' title='bbox 2838 4348 3223 4415; x_wconf 84' lang='lat' dir='ltr'><strong>propriumque</strong></span> <span class='ocrx_word' id='word_1_602' title='bbox 3249 4348 3334 4401; x_wconf 86' lang='lat' dir='ltr'><strong>in-</strong></span> 
     </span>
    </p>
   </div>
   <div class='ocr_carea' id='block_1_91' title="bbox 180 4432 1698 4508">
    <p class='ocr_par' dir='ltr' id='par_1_91' title="bbox 180 4432 1698 4508">
     <span class='ocr_line' id='line_1_92' title="bbox 180 4432 1698 4508; baseline -0.001 -19"><span class='ocrx_word' id='word_1_603' title='bbox 180 4438 371 4508; x_wconf 80' lang='grc' dir='ltr'>δλεθρον</span> <span class='ocrx_word' id='word_1_604' title='bbox 394 4437 768 4506; x_wconf 83' lang='grc' dir='ltr'>ἀγνοήσαντες.</span> <span class='ocrx_word' id='word_1_605' title='bbox 815 4432 1102 4502; x_wconf 77' lang='grc' dir='ltr'>Ἀπόστηθι</span> <span class='ocrx_word' id='word_1_606' title='bbox 1143 4433 1426 4501; x_wconf 79' lang='grc' dir='ltr'>τοιγαροῦν</span> <span class='ocrx_word' id='word_1_607' title='bbox 1469 4435 1568 4504; x_wconf 83' lang='grc' dir='ltr'><strong>τῆς</strong></span> <span class='ocrx_word' id='word_1_608' title='bbox 1604 4436 1698 4506; x_wconf 88' lang='grc' dir='ltr'>όρ-</span> 
     </span>
    </p>
   </div>
   <div class='ocr_carea' id='block_1_92' title="bbox 181 4522 1696 4592">
    <p class='ocr_par' dir='ltr' id='par_1_92' title="bbox 181 4522 1696 4592">
     <span class='ocr_line' id='line_1_93' title="bbox 181 4522 1696 4592; baseline 0.001 -16"><span class='ocrx_word' id='word_1_609' title='bbox 181 4527 466 4589; x_wconf 81' lang='grc' dir='ltr'>νεοσκοπίας</span> <span class='ocrx_word' id='word_1_610' title='bbox 491 4543 507 4557; x_wconf 87' lang='grc'><strong>·</strong></span> <span class='ocrx_word' id='word_1_611' title='bbox 556 4525 698 4587; x_wconf 79' lang='grc' dir='ltr'>τινὲς</span> <span class='ocrx_word' id='word_1_612' title='bbox 747 4524 853 4592; x_wconf 72' lang='grc' dir='ltr'><strong>γὰρ</strong></span> <span class='ocrx_word' id='word_1_613' title='bbox 886 4522 1057 4592; x_wconf 88' lang='grc' dir='ltr'>ταύτῃ</span> <span class='ocrx_word' id='word_1_614' title='bbox 1099 4524 1531 4592; x_wconf 87' lang='grc' dir='ltr'>προσεσχηκότες</span> <span class='ocrx_word' id='word_1_615' title='bbox 1556 4566 1570 4589; x_wconf 91' lang='grc'><strong>,</strong></span> <span class='ocrx_word' id='word_1_616' title='bbox 1621 4527 1696 4590; x_wconf 88' lang='grc' dir='ltr'><strong>ὡς</strong></span> 
     </span>
    </p>
   </div>
   <div class='ocr_carea' id='block_1_93' title="bbox 182 4613 1696 4687">
    <p class='ocr_par' dir='ltr' id='par_1_93' title="bbox 182 4613 1696 4687">
     <span class='ocr_line' id='line_1_94' title="bbox 182 4613 1696 4687; baseline -0.002 -17"><span class='ocrx_word' id='word_1_617' title='bbox 182 4618 298 4682; x_wconf 71' lang='grc' dir='ltr'>ἄξιοι</span> <span class='ocrx_word' id='word_1_618' title='bbox 324 4618 415 4687; x_wconf 86' lang='grc' dir='ltr'>τῆς</span> <span class='ocrx_word' id='word_1_619' title='bbox 446 4615 689 4683; x_wconf 80' lang='grc' dir='ltr'>πλάνης,</span> <span class='ocrx_word' id='word_1_620' title='bbox 735 4613 827 4665; x_wconf 79' lang='grc' dir='ltr'>καὶ</span> <span class='ocrx_word' id='word_1_621' title='bbox 873 4613 972 4674; x_wconf 78' lang='grc' dir='ltr'>τὰς</span> <span class='ocrx_word' id='word_1_622' title='bbox 1014 4613 1121 4664; x_wconf 86' lang='grc' dir='ltr'><strong>τῶν</strong></span> <span class='ocrx_word' id='word_1_623' title='bbox 1159 4613 1408 4681; x_wconf 75' lang='grc' dir='ltr'>κοράκων</span> <span class='ocrx_word' id='word_1_624' title='bbox 1445 4614 1696 4683; x_wconf 82' lang='grc' dir='ltr'>σημειού-</span> 
     </span>
    </p>
   </div>
   <div class='ocr_carea' id='block_1_94' title="bbox 185 4702 1694 4776">
    <p class='ocr_par' dir='ltr' id='par_1_94' title="bbox 185 4702 1694 4776">
     <span class='ocr_line' id='line_1_95' title="bbox 185 4702 1694 4776; baseline -0.001 -18"><span class='ocrx_word' id='word_1_625' title='bbox 185 4724 311 4774; x_wconf 78' lang='grc' dir='ltr'>μενοι</span> <span class='ocrx_word' id='word_1_626' title='bbox 352 4708 610 4776; x_wconf 74' lang='grc' dir='ltr'>πτήσεις,</span> <span class='ocrx_word' id='word_1_627' title='bbox 655 4703 753 4765; x_wconf 86' lang='grc' dir='ltr'>τάς</span> <span class='ocrx_word' id='word_1_628' title='bbox 794 4718 853 4753; x_wconf 85' lang='grc' dir='ltr'><strong>τε</strong></span> <span class='ocrx_word' id='word_1_629' title='bbox 892 4702 1152 4765; x_wconf 82' lang='grc' dir='ltr'>ὲνωπίας,</span> <span class='ocrx_word' id='word_1_630' title='bbox 1193 4703 1286 4754; x_wconf 78' lang='grc' dir='ltr'>καὶ</span> <span class='ocrx_word' id='word_1_631' title='bbox 1329 4702 1429 4765; x_wconf 87' lang='grc' dir='ltr'><strong>τὰς</strong></span> <span class='ocrx_word' id='word_1_632' title='bbox 1474 4703 1539 4755; x_wconf 72' lang='grc' dir='ltr'>ἐκ</span> <span class='ocrx_word' id='word_1_633' title='bbox 1584 4704 1694 4756; x_wconf 89' lang='grc' dir='ltr'><strong>τῶν</strong></span> 
     </span>
    </p>
   </div>
   <div class='ocr_carea' id='block_1_95' title="bbox 180 4789 1693 4860">
    <p class='ocr_par' dir='ltr' id='par_1_95' title="bbox 180 4789 1693 4860">
     <span class='ocr_line' id='line_1_96' title="bbox 180 4789 1693 4860; baseline 0.001 -15"><span class='ocrx_word' id='word_1_634' title='bbox 180 4795 391 4856; x_wconf 82' lang='grc' dir='ltr'>όπισθεν,</span> <span class='ocrx_word' id='word_1_635' title='bbox 422 4795 515 4847; x_wconf 80' lang='grc' dir='ltr'>καὶ</span> <span class='ocrx_word' id='word_1_636' title='bbox 547 4793 644 4854; x_wconf 87' lang='grc' dir='ltr'><strong>τάς</strong></span> <span class='ocrx_word' id='word_1_637' title='bbox 671 4792 806 4860; x_wconf 85' lang='grc' dir='ltr'>ὑπὲρ</span> <span class='ocrx_word' id='word_1_638' title='bbox 837 4789 1073 4860; x_wconf 79' lang='grc' dir='ltr'>κεφαλὴν</span> <span class='ocrx_word' id='word_1_639' title='bbox 1103 4789 1297 4841; x_wconf 86' lang='grc' dir='ltr'>κύκλον</span> <span class='ocrx_word' id='word_1_640' title='bbox 1329 4791 1693 4860; x_wconf 81' lang='grc' dir='ltr'>περιγραφού-</span> 
     </span>
    </p>
   </div>
   <div class='ocr_carea' id='block_1_96' title="bbox 184 4878 1691 4950">
    <p class='ocr_par' dir='ltr' id='par_1_96' title="bbox 184 4878 1691 4950">
     <span class='ocr_line' id='line_1_97' title="bbox 184 4878 1691 4950; baseline 0 -15"><span class='ocrx_word' id='word_1_641' title='bbox 184 4898 287 4945; x_wconf 83' lang='grc' dir='ltr'>σας,</span> <span class='ocrx_word' id='word_1_642' title='bbox 338 4884 420 4935; x_wconf 72' lang='grc' dir='ltr'>καὶ</span> <span class='ocrx_word' id='word_1_643' title='bbox 452 4883 548 4944; x_wconf 82' lang='grc' dir='ltr'>τὰς</span> <span class='ocrx_word' id='word_1_644' title='bbox 593 4882 678 4933; x_wconf 64' lang='grc' dir='ltr'><strong>ὲπ³</strong></span> <span class='ocrx_word' id='word_1_645' title='bbox 710 4881 776 4933; x_wconf 79' lang='grc' dir='ltr'><strong>τὰ</strong></span> <span class='ocrx_word' id='word_1_646' title='bbox 810 4878 1019 4946; x_wconf 84' lang='grc' dir='ltr'>πλάγια</span> <span class='ocrx_word' id='word_1_647' title='bbox 1052 4880 1388 4948; x_wconf 81' lang='grc' dir='ltr'>φερομένας,</span> <span class='ocrx_word' id='word_1_648' title='bbox 1427 4880 1691 4950; x_wconf 88' lang='grc' dir='ltr'>δαιμόνων</span> 
     </span>
    </p>
   </div>
   <div class='ocr_carea' id='block_1_97' title="bbox 183 4968 1691 5042">
    <p class='ocr_par' dir='ltr' id='par_1_97' title="bbox 183 4968 1691 5042">
     <span class='ocr_line' id='line_1_98' title="bbox 183 4968 1691 5042; baseline -0.001 -18"><span class='ocrx_word' id='word_1_649' title='bbox 183 4972 400 5042; x_wconf 78' lang='grc' dir='ltr'>πονηρῶν</span> <span class='ocrx_word' id='word_1_650' title='bbox 428 4972 585 5040; x_wconf 78' lang='grc' dir='ltr'>δῆλον</span> <span class='ocrx_word' id='word_1_651' title='bbox 630 4971 712 5022; x_wconf 80' lang='grc' dir='ltr'><strong>ότι</strong></span> <span class='ocrx_word' id='word_1_652' title='bbox 742 4968 1160 5038; x_wconf 88' lang='grc' dir='ltr'>συμπετομένων</span> <span class='ocrx_word' id='word_1_653' title='bbox 1196 4970 1307 5030; x_wconf 82' lang='grc' dir='ltr'>τοῖς</span> <span class='ocrx_word' id='word_1_654' title='bbox 1337 4969 1521 5037; x_wconf 79' lang='grc' dir='ltr'>κόραξι</span> <span class='ocrx_word' id='word_1_655' title='bbox 1550 5009 1565 5034; x_wconf 95' lang='grc'><strong>,</strong></span> <span class='ocrx_word' id='word_1_656' title='bbox 1600 4972 1691 5023; x_wconf 81' lang='grc' dir='ltr'>καὶ</span> 
     </span>
    </p>
   </div>
   <div class='ocr_carea' id='block_1_98' title="bbox 182 5058 1689 5135">
    <p class='ocr_par' dir='ltr' id='par_1_98' title="bbox 182 5058 1689 5135">
     <span class='ocr_line' id='line_1_99' title="bbox 182 5058 1689 5135; baseline 0.001 -21"><span class='ocrx_word' id='word_1_657' title='bbox 182 5065 294 5134; x_wconf 71' lang='grc' dir='ltr'>πρὸς</span> <span class='ocrx_word' id='word_1_658' title='bbox 335 5064 427 5135; x_wconf 82' lang='grc' dir='ltr'>τὴν</span> <span class='ocrx_word' id='word_1_659' title='bbox 474 5061 568 5114; x_wconf 78' lang='grc' dir='ltr'>τοῦ</span> <span class='ocrx_word' id='word_1_660' title='bbox 620 5059 972 5127; x_wconf 84' lang='grc' dir='ltr'>πλανωμένου</span> <span class='ocrx_word' id='word_1_661' title='bbox 1023 5058 1307 5129; x_wconf 85' lang='grc' dir='ltr'>ἀνθρώπου</span> <span class='ocrx_word' id='word_1_662' title='bbox 1342 5060 1592 5115; x_wconf 82' lang='grc' dir='ltr'>ὑπόνοιαν</span> <span class='ocrx_word' id='word_1_663' title='bbox 1624 5064 1689 5132; x_wconf 81' lang='grc' dir='ltr'>τῇ</span> 
     </span>
    </p>
   </div>
   <div class='ocr_carea' id='block_1_99' title="bbox 182 5150 1692 5225">
    <p class='ocr_par' dir='ltr' id='par_1_99' title="bbox 182 5150 1692 5225">
     <span class='ocr_line' id='line_1_100' title="bbox 182 5150 1692 5225; baseline 0.003 -23"><span class='ocrx_word' id='word_1_664' title='bbox 182 5157 348 5225; x_wconf 76' lang='grc' dir='ltr'>πτήσει</span> <span class='ocrx_word' id='word_1_665' title='bbox 394 5153 663 5223; x_wconf 84' lang='grc' dir='ltr'>φερόντων</span> <span class='ocrx_word' id='word_1_666' title='bbox 694 5151 760 5203; x_wconf 88' lang='grc' dir='ltr'><strong>τά</strong></span> <span class='ocrx_word' id='word_1_667' title='bbox 792 5150 952 5219; x_wconf 80' lang='grc' dir='ltr'>ὄρνεα</span> <span class='ocrx_word' id='word_1_668' title='bbox 978 5166 992 5183; x_wconf 75' lang='grc' dir='ltr'><strong>ο</strong></span> <span class='ocrx_word' id='word_1_669' title='bbox 1027 5150 1225 5219; x_wconf 85' lang='grc' dir='ltr'>ὁμοίως</span> <span class='ocrx_word' id='word_1_670' title='bbox 1267 5150 1444 5220; x_wconf 88' lang='grc' dir='ltr'>μέντοι</span> <span class='ocrx_word' id='word_1_671' title='bbox 1476 5153 1568 5205; x_wconf 74' lang='grc' dir='ltr'>καὶ</span> <span class='ocrx_word' id='word_1_672' title='bbox 1598 5153 1692 5215; x_wconf 82' lang='grc' dir='ltr'><strong>τὰς</strong></span> 
     </span>
    </p>
   </div>
   <div class='ocr_carea' id='block_1_100' title="bbox 181 5240 1693 5312">
    <p class='ocr_par' dir='ltr' id='par_1_100' title="bbox 181 5240 1693 5312">
     <span class='ocr_line' id='line_1_101' title="bbox 181 5240 1693 5312; baseline -0.002 -14"><span class='ocrx_word' id='word_1_673' title='bbox 181 5249 354 5300; x_wconf 78' lang='grc' dir='ltr'>τούτων</span> <span class='ocrx_word' id='word_1_674' title='bbox 381 5247 558 5312; x_wconf 82' lang='grc' dir='ltr'>φωνὰς</span> <span class='ocrx_word' id='word_1_675' title='bbox 594 5240 995 5312; x_wconf 84' lang='grc' dir='ltr'>σημειούμενοι,</span> <span class='ocrx_word' id='word_1_676' title='bbox 1026 5241 1439 5311; x_wconf 82' lang='grc' dir='ltr'>ἀπεξενώθησαν</span> <span class='ocrx_word' id='word_1_677' title='bbox 1470 5243 1566 5312; x_wconf 80' lang='grc' dir='ltr'>μὲν</span> <span class='ocrx_word' id='word_1_678' title='bbox 1594 5244 1693 5312; x_wconf 81' lang='grc' dir='ltr'>τῆς</span> 
     </span>
    </p>
   </div>
   <div class='ocr_carea' id='block_1_101' title="bbox 182 5332 1690 5406">
    <p class='ocr_par' dir='ltr' id='par_1_101' title="bbox 182 5332 1690 5406">
     <span class='ocr_line' id='line_1_102' title="bbox 182 5332 1690 5406; baseline -0.002 -18"><span class='ocrx_word' id='word_1_679' title='bbox 182 5341 245 5399; x_wconf 86' lang='grc' dir='ltr'><strong>εἰς</strong></span> <span class='ocrx_word' id='word_1_680' title='bbox 269 5337 487 5406; x_wconf 79' lang='grc' dir='ltr'>Χριστὸν</span> <span class='ocrx_word' id='word_1_681' title='bbox 543 5334 633 5386; x_wconf 81' lang='grc' dir='ltr'>τὸν</span> <span class='ocrx_word' id='word_1_682' title='bbox 683 5334 910 5401; x_wconf 82' lang='grc' dir='ltr'>Σωτῆρα</span> <span class='ocrx_word' id='word_1_683' title='bbox 959 5332 1215 5396; x_wconf 79' lang='grc' dir='ltr'>πίστεως,</span> <span class='ocrx_word' id='word_1_684' title='bbox 1265 5333 1583 5400; x_wconf 86' lang='grc' dir='ltr'>ἀνηκέστοις</span> <span class='ocrx_word' id='word_1_685' title='bbox 1634 5334 1690 5385; x_wconf 80' lang='grc' dir='ltr'>δὲ</span> 
     </span>
    </p>
   </div>
   <div class='ocr_carea' id='block_1_102' title="bbox 182 5421 1688 5499">
    <p class='ocr_par' dir='ltr' id='par_1_102' title="bbox 182 5421 1688 5499">
     <span class='ocr_line' id='line_1_103' title="bbox 182 5421 1688 5499; baseline -0.005 -19"><span class='ocrx_word' id='word_1_686' title='bbox 182 5428 477 5499; x_wconf 82' lang='grc' dir='ltr'>κλιματῆρσι</span> <span class='ocrx_word' id='word_1_687' title='bbox 499 5425 898 5494; x_wconf 84' lang='grc' dir='ltr'>περιπεσόντες,</span> <span class='ocrx_word' id='word_1_688' title='bbox 927 5423 1096 5475; x_wconf 78' lang='grc' dir='ltr'>καίτοι</span> <span class='ocrx_word' id='word_1_689' title='bbox 1124 5421 1332 5493; x_wconf 84' lang='grc' dir='ltr'>χρηστά</span> <span class='ocrx_word' id='word_1_690' title='bbox 1357 5423 1688 5485; x_wconf 73' lang='grc' dir='ltr'>ἐλπίσαντες,</span> 
     </span>
    </p>
   </div>
   <div class='ocr_carea' id='block_1_103' title="bbox 264 5597 721 5663">
    <p class='ocr_par' dir='ltr' id='par_1_103' title="bbox 264 5597 721 5663">
     <span class='ocr_line' id='line_1_104' title="bbox 264 5597 721 5663; baseline 0.013 -13"><span class='ocrx_word' id='word_1_691' title='bbox 264 5603 301 5633; x_wconf 81' lang='grc'><strong>⁶¹</strong></span> <span class='ocrx_word' id='word_1_692' title='bbox 347 5597 511 5654; x_wconf 83' lang='lat' dir='ltr'><strong>Prov.</strong></span> <span class='ocrx_word' id='word_1_693' title='bbox 531 5616 613 5663; x_wconf 81' lang='lat' dir='ltr'><strong>xv,</strong></span> <span class='ocrx_word' id='word_1_694' title='bbox 630 5598 721 5656; x_wconf 76' lang='lat'><strong>‘27.</strong></span> 
     </span>
    </p>
   </div>
   <div class='ocr_carea' id='block_1_104' title="bbox 812 5594 1793 5662">
    <p class='ocr_par' dir='ltr' id='par_1_104' title="bbox 812 5594 1793 5662">
     <span class='ocr_line' id='line_1_105' title="bbox 812 5594 1793 5662; baseline 0.001 -13"><span class='ocrx_word' id='word_1_695' title='bbox 812 5599 855 5629; x_wconf 84' lang='grc'><strong>⁶¹</strong></span> <span class='ocrx_word' id='word_1_696' title='bbox 883 5597 1015 5650; x_wconf 86' lang='lat' dir='ltr'><strong>Dan.</strong></span> <span class='ocrx_word' id='word_1_697' title='bbox 1049 5612 1119 5662; x_wconf 84' lang='lat' dir='ltr'><strong>tv,</strong></span> <span class='ocrx_word' id='word_1_698' title='bbox 1150 5597 1237 5650; x_wconf 67' lang='lat' dir='ltr'><strong>2i.</strong></span> <span class='ocrx_word' id='word_1_699' title='bbox 1314 5595 1358 5627; x_wconf 78' lang='grc'><strong>⁸³</strong></span> <span class='ocrx_word' id='word_1_700' title='bbox 1391 5594 1556 5648; x_wconf 86' lang='lat' dir='ltr'><strong>Eccli.</strong></span> <span class='ocrx_word' id='word_1_701' title='bbox 1598 5610 1675 5660; x_wconf 85' lang='grc' dir='ltr'>ιιι,</span> <span class='ocrx_word' id='word_1_702' title='bbox 1707 5595 1793 5650; x_wconf 82' lang='grc'>55.</span> 
     </span>
    </p>
   </div>
   <div class='ocr_carea' id='block_1_105' title="bbox 1798 4435 3357 4507">
    <p class='ocr_par' dir='ltr' id='par_1_105' title="bbox 1798 4435 3357 4507">
     <span class='ocr_line' id='line_1_106' title="bbox 1798 4435 3357 4507; baseline 0.004 -21"><span class='ocrx_word' id='word_1_703' title='bbox 1798 4435 2016 4488; x_wconf 85' lang='lat' dir='ltr'><strong>teritum</strong></span> <span class='ocrx_word' id='word_1_704' title='bbox 2050 4450 2157 4489; x_wconf 89' lang='lat' dir='ltr'><strong>non</strong></span> <span class='ocrx_word' id='word_1_705' title='bbox 2188 4437 2513 4505; x_wconf 78' lang='lat' dir='ltr'><strong>intelligunt.</strong></span> <span class='ocrx_word' id='word_1_706' title='bbox 2542 4436 2684 4492; x_wconf 88' lang='lat' dir='ltr'><strong>Cave</strong></span> <span class='ocrx_word' id='word_1_707' title='bbox 2707 4438 2805 4492; x_wconf 85' lang='lat' dir='ltr'><strong>tibi</strong></span> <span class='ocrx_word' id='word_1_708' title='bbox 2828 4454 2956 4507; x_wconf 76' lang='lat' dir='ltr'><strong>ergo</strong></span> <span class='ocrx_word' id='word_1_709' title='bbox 2989 4440 3054 4492; x_wconf 86' lang='lat' dir='ltr'><strong>ab</strong></span> <span class='ocrx_word' id='word_1_710' title='bbox 3087 4439 3357 4506; x_wconf 82' lang='lat' dir='ltr'><strong>augurio.-</strong></span> 
     </span>
    </p>
   </div>
   <div class='ocr_carea' id='block_1_106' title="bbox 1796 4521 3333 4593">
    <p class='ocr_par' dir='ltr' id='par_1_106' title="bbox 1796 4521 3333 4593">
     <span class='ocr_line' id='line_1_107' title="bbox 1796 4521 3333 4593; baseline 0.005 -17"><span class='ocrx_word' id='word_1_711' title='bbox 1796 4521 2049 4578; x_wconf 83' lang='lat' dir='ltr'><strong>Nonnulli</strong></span> <span class='ocrx_word' id='word_1_712' title='bbox 2088 4527 2284 4581; x_wconf 90' lang='lat' dir='ltr'><strong>etenim</strong></span> <span class='ocrx_word' id='word_1_713' title='bbox 2345 4526 2421 4579; x_wconf 91' lang='lat' dir='ltr'><strong>illi</strong></span> <span class='ocrx_word' id='word_1_714' title='bbox 2468 4530 2705 4580; x_wconf 87' lang='lat' dir='ltr'><strong>animum</strong></span> <span class='ocrx_word' id='word_1_715' title='bbox 2739 4528 3110 4593; x_wconf 88' lang='lat' dir='ltr'><strong>advertentes,</strong></span> <span class='ocrx_word' id='word_1_716' title='bbox 3151 4542 3333 4584; x_wconf 80' lang='lat' dir='ltr'><strong>errore</strong></span> 
     </span>
    </p>
   </div>
   <div class='ocr_carea' id='block_1_107' title="bbox 1793 4615 3329 4693">
    <p class='ocr_par' dir='ltr' id='par_1_107' title="bbox 1793 4615 3329 4693">
     <span class='ocr_line' id='line_1_108' title="bbox 1793 4615 3329 4693; baseline 0.003 -26"><span class='ocrx_word' id='word_1_717' title='bbox 1793 4615 1888 4667; x_wconf 82' lang='lat' dir='ltr'><strong>tali</strong></span> <span class='ocrx_word' id='word_1_718' title='bbox 1931 4615 2071 4669; x_wconf 91' lang='lat' dir='ltr'><strong>haud</strong></span> <span class='ocrx_word' id='word_1_719' title='bbox 2110 4616 2339 4686; x_wconf 81' lang='lat' dir='ltr'><strong>indigni,</strong></span> <span class='ocrx_word' id='word_1_720' title='bbox 2382 4617 2700 4687; x_wconf 85' lang='lat' dir='ltr'><strong>volatusque</strong></span> <span class='ocrx_word' id='word_1_721' title='bbox 2738 4634 3019 4693; x_wconf 83' lang='lat' dir='ltr'><strong>corvorum</strong></span> <span class='ocrx_word' id='word_1_722' title='bbox 3056 4619 3329 4683; x_wconf 81' lang='lat' dir='ltr'><strong>adversos,</strong></span> 
     </span>
    </p>
   </div>
   <div class='ocr_carea' id='block_1_108' title="bbox 1796 4706 3333 4777">
    <p class='ocr_par' dir='ltr' id='par_1_108' title="bbox 1796 4706 3333 4777">
     <span class='ocr_line' id='line_1_109' title="bbox 1796 4706 3333 4777; baseline 0.003 -23"><span class='ocrx_word' id='word_1_723' title='bbox 1796 4717 2145 4773; x_wconf 87' lang='lat' dir='ltr'><strong>aversosque,</strong></span> <span class='ocrx_word' id='word_1_724' title='bbox 2194 4713 2249 4759; x_wconf 88' lang='lat' dir='ltr'><strong>et</strong></span> <span class='ocrx_word' id='word_1_725' title='bbox 2292 4721 2455 4777; x_wconf 88' lang='lat' dir='ltr'><strong>supra</strong></span> <span class='ocrx_word' id='word_1_726' title='bbox 2503 4716 2684 4776; x_wconf 85' lang='lat' dir='ltr'><strong>caput,</strong></span> <span class='ocrx_word' id='word_1_727' title='bbox 2725 4715 2778 4761; x_wconf 92' lang='lat' dir='ltr'><strong>et</strong></span> <span class='ocrx_word' id='word_1_728' title='bbox 2814 4706 2878 4759; x_wconf 89' lang='lat' dir='ltr'><strong>ad</strong></span> <span class='ocrx_word' id='word_1_729' title='bbox 2920 4707 3057 4760; x_wconf 88' lang='lat' dir='ltr'><strong>latus</strong></span> <span class='ocrx_word' id='word_1_730' title='bbox 3094 4707 3333 4760; x_wconf 84' lang='lat' dir='ltr'><strong>circum-</strong></span> 
     </span>
    </p>
   </div>
   <div class='ocr_carea' id='block_1_109' title="bbox 1796 4792 3329 4864">
    <p class='ocr_par' dir='ltr' id='par_1_109' title="bbox 1796 4792 3329 4864">
     <span class='ocr_line' id='line_1_110' title="bbox 1796 4792 3329 4864; baseline 0.003 -19"><span class='ocrx_word' id='word_1_731' title='bbox 1796 4792 2011 4858; x_wconf 87' lang='lat' dir='ltr'><strong>itiones,</strong></span> <span class='ocrx_word' id='word_1_732' title='bbox 2045 4808 2167 4847; x_wconf 91' lang='lat' dir='ltr'><strong>cum</strong></span> <span class='ocrx_word' id='word_1_733' title='bbox 2216 4796 2446 4864; x_wconf 88' lang='lat' dir='ltr'><strong>improbi</strong></span> <span class='ocrx_word' id='word_1_734' title='bbox 2496 4796 2932 4850; x_wconf 51' lang='lat' dir='ltr'><strong>dmmones‘cum</strong></span> <span class='ocrx_word' id='word_1_735' title='bbox 2992 4797 3169 4850; x_wconf 83' lang='lat' dir='ltr'><strong>cervis</strong></span> <span class='ocrx_word' id='word_1_736' title='bbox 3225 4812 3329 4849; x_wconf 90' lang='lat' dir='ltr'><strong>una</strong></span> 
     </span>
    </p>
   </div>
   <div class='ocr_carea' id='block_1_110' title="bbox 1794 4873 3331 4954">
    <p class='ocr_par' dir='ltr' id='par_1_110' title="bbox 1794 4873 3331 4954">
     <span class='ocr_line' id='line_1_111' title="bbox 1794 4873 3331 4954; baseline 0.004 -18"><span class='ocrx_word' id='word_1_737' title='bbox 1794 4885 2028 4948; x_wconf 88' lang='lat' dir='ltr'><strong>avolent,</strong></span> <span class='ocrx_word' id='word_1_738' title='bbox 2056 4892 2109 4940; x_wconf 91' lang='lat' dir='ltr'><strong>et</strong></span> <span class='ocrx_word' id='word_1_739' title='bbox 2130 4885 2194 4938; x_wconf 90' lang='lat' dir='ltr'><strong>ad</strong></span> <span class='ocrx_word' id='word_1_740' title='bbox 2219 4887 2543 4954; x_wconf 88' lang='lat' dir='ltr'><strong>pererrantis</strong></span> <span class='ocrx_word' id='word_1_741' title='bbox 2572 4886 2804 4941; x_wconf 91' lang='lat' dir='ltr'><strong>hominis</strong></span> <span class='ocrx_word' id='word_1_742' title='bbox 2840 4873 3162 4940; x_wconf 82' lang='lat' dir='ltr'><strong>sententiam</strong></span> <span class='ocrx_word' id='word_1_743' title='bbox 3183 4889 3331 4942; x_wconf 84' lang='lat' dir='ltr'><strong>vola-</strong></span> 
     </span>
    </p>
   </div>
   <div class='ocr_carea' id='block_1_111' title="bbox 1792 4975 3328 5045">
    <p class='ocr_par' dir='ltr' id='par_1_111' title="bbox 1792 4975 3328 5045">
     <span class='ocr_line' id='line_1_112' title="bbox 1792 4975 3328 5045; baseline 0.002 -18"><span class='ocrx_word' id='word_1_744' title='bbox 1792 4982 1880 5028; x_wconf 91' lang='lat' dir='ltr'><strong>tus</strong></span> <span class='ocrx_word' id='word_1_745' title='bbox 1928 4975 2107 5028; x_wconf 88' lang='lat' dir='ltr'><strong>avium</strong></span> <span class='ocrx_word' id='word_1_746' title='bbox 2155 4982 2352 5045; x_wconf 77' lang='lat' dir='ltr'><strong>agant,</strong></span> <span class='ocrx_word' id='word_1_747' title='bbox 2409 4975 2763 5042; x_wconf 87' lang='lat' dir='ltr'><strong>denotantes,</strong></span> <span class='ocrx_word' id='word_1_748' title='bbox 2806 4991 3013 5030; x_wconf 90' lang='lat' dir='ltr'><strong>necnon</strong></span> <span class='ocrx_word' id='word_1_749' title='bbox 3050 4984 3106 5030; x_wconf 93' lang='lat' dir='ltr'><strong>et</strong></span> <span class='ocrx_word' id='word_1_750' title='bbox 3145 4992 3328 5031; x_wconf 82' lang='lat' dir='ltr'><strong>eorum</strong></span> 
     </span>
    </p>
   </div>
   <div class='ocr_carea' id='block_1_112' title="bbox 1793 5064 3326 5134">
    <p class='ocr_par' dir='ltr' id='par_1_112' title="bbox 1793 5064 3326 5134">
     <span class='ocr_line' id='line_1_113' title="bbox 1793 5064 3326 5134; baseline 0.001 -20"><span class='ocrx_word' id='word_1_751' title='bbox 1793 5080 1955 5119; x_wconf 88' lang='lat' dir='ltr'><strong>voces</strong></span> <span class='ocrx_word' id='word_1_752' title='bbox 1993 5066 2347 5134; x_wconf 73' lang='lat' dir='ltr'><strong>excipientes,</strong></span> <span class='ocrx_word' id='word_1_753' title='bbox 2374 5065 2531 5134; x_wconf 75' lang='lat' dir='ltr'><strong>longe</strong></span> <span class='ocrx_word' id='word_1_754' title='bbox 2563 5080 2590 5117; x_wconf 90' lang='lat' dir='ltr'><strong>a</strong></span> <span class='ocrx_word' id='word_1_755' title='bbox 2620 5064 2723 5119; x_wconf 81' lang='lat' dir='ltr'><strong>ﬁde</strong></span> <span class='ocrx_word' id='word_1_756' title='bbox 2751 5064 2802 5118; x_wconf 93' lang='lat' dir='ltr'><strong>in</strong></span> <span class='ocrx_word' id='word_1_757' title='bbox 2837 5064 3111 5121; x_wconf 85' lang='lat' dir='ltr'><strong>Christum</strong></span> <span class='ocrx_word' id='word_1_758' title='bbox 3145 5065 3326 5118; x_wconf 88' lang='lat' dir='ltr'><strong>Salva-</strong></span> 
     </span>
    </p>
   </div>
   <div class='ocr_carea' id='block_1_113' title="bbox 1796 5155 3328 5221">
    <p class='ocr_par' dir='ltr' id='par_1_113' title="bbox 1796 5155 3328 5221">
     <span class='ocr_line' id='line_1_114' title="bbox 1796 5155 3328 5221; baseline 0 -15"><span class='ocrx_word' id='word_1_759' title='bbox 1796 5161 1965 5207; x_wconf 91' lang='lat' dir='ltr'><strong>torem</strong></span> <span class='ocrx_word' id='word_1_760' title='bbox 2006 5163 2367 5218; x_wconf 89' lang='lat' dir='ltr'><strong>recesserunt,</strong></span> <span class='ocrx_word' id='word_1_761' title='bbox 2397 5163 2450 5207; x_wconf 91' lang='lat' dir='ltr'><strong>et</strong></span> <span class='ocrx_word' id='word_1_762' title='bbox 2482 5156 2535 5208; x_wconf 94' lang='lat' dir='ltr'><strong>in</strong></span> <span class='ocrx_word' id='word_1_763' title='bbox 2568 5155 2687 5209; x_wconf 66' lang='lat' dir='ltr'><strong>vitm</strong></span> <span class='ocrx_word' id='word_1_764' title='bbox 2725 5170 2788 5209; x_wconf 88' lang='lat' dir='ltr'><strong>ac</strong></span> <span class='ocrx_word' id='word_1_765' title='bbox 2829 5155 3161 5209; x_wconf 80' lang='lat' dir='ltr'><strong>fortunarum</strong></span> <span class='ocrx_word' id='word_1_766' title='bbox 3189 5158 3328 5221; x_wconf 86' lang='lat' dir='ltr'><strong>peri-</strong></span> 
     </span>
    </p>
   </div>
   <div class='ocr_carea' id='block_1_114' title="bbox 1796 5244 3327 5312">
    <p class='ocr_par' dir='ltr' id='par_1_114' title="bbox 1796 5244 3327 5312">
     <span class='ocr_line' id='line_1_115' title="bbox 1796 5244 3327 5312; baseline -0.002 -15"><span class='ocrx_word' id='word_1_767' title='bbox 1796 5245 1918 5297; x_wconf 90' lang='lat' dir='ltr'><strong>cula</strong></span> <span class='ocrx_word' id='word_1_768' title='bbox 1963 5244 2290 5298; x_wconf 87' lang='lat' dir='ltr'><strong>inevitabilia</strong></span> <span class='ocrx_word' id='word_1_769' title='bbox 2338 5245 2663 5307; x_wconf 86' lang='lat' dir='ltr'><strong>inciderunt,</strong></span> <span class='ocrx_word' id='word_1_770' title='bbox 2715 5257 2766 5299; x_wconf 89' lang='lat' dir='ltr'><strong>et</strong></span> <span class='ocrx_word' id='word_1_771' title='bbox 2811 5245 2934 5299; x_wconf 90' lang='lat' dir='ltr'><strong>licet</strong></span> <span class='ocrx_word' id='word_1_772' title='bbox 2984 5259 3075 5312; x_wconf 81' lang='lat' dir='ltr'><strong>spe</strong></span> <span class='ocrx_word' id='word_1_773' title='bbox 3126 5245 3327 5311; x_wconf 80' lang='lat' dir='ltr'><strong>Optima</strong></span> 
     </span>
    </p>
   </div>
   <div class='ocr_carea' id='block_1_115' title="bbox 1797 5332 3327 5402">
    <p class='ocr_par' dir='ltr' id='par_1_115' title="bbox 1797 5332 3327 5402">
     <span class='ocr_line' id='line_1_116' title="bbox 1797 5332 3327 5402; baseline -0.001 -17"><span class='ocrx_word' id='word_1_774' title='bbox 1797 5332 1917 5387; x_wconf 82' lang='lat' dir='ltr'><strong>freti</strong></span> <span class='ocrx_word' id='word_1_775' title='bbox 1950 5343 2167 5401; x_wconf 87' lang='lat' dir='ltr'><strong>propter</strong></span> <span class='ocrx_word' id='word_1_776' title='bbox 2201 5346 2485 5387; x_wconf 87' lang='lat' dir='ltr'><strong>corvorum</strong></span> <span class='ocrx_word' id='word_1_777' title='bbox 2531 5335 2729 5402; x_wconf 83' lang='lat' dir='ltr'><strong>optima</strong></span> <span class='ocrx_word' id='word_1_778' title='bbox 2765 5333 2870 5387; x_wconf 91' lang='lat' dir='ltr'><strong>illis</strong></span> <span class='ocrx_word' id='word_1_779' title='bbox 2903 5333 3153 5384; x_wconf 85' lang='lat' dir='ltr'><strong>adnotata</strong></span> <span class='ocrx_word' id='word_1_780' title='bbox 3194 5333 3327 5383; x_wconf 85' lang='lat' dir='ltr'><strong>vati-</strong></span> 
     </span>
    </p>
   </div>
   <div class='ocr_carea' id='block_1_116' title="bbox 1796 5418 3325 5491">
    <p class='ocr_par' dir='ltr' id='par_1_116' title="bbox 1796 5418 3325 5491">
     <span class='ocr_line' id='line_1_117' title="bbox 1796 5418 3325 5491; baseline 0.002 -17"><span class='ocrx_word' id='word_1_781' title='bbox 1796 5424 1960 5487; x_wconf 85' lang='lat' dir='ltr'><strong>cinia,</strong></span> <span class='ocrx_word' id='word_1_782' title='bbox 1986 5430 2105 5491; x_wconf 87' lang='lat' dir='ltr'><strong>post</strong></span> <span class='ocrx_word' id='word_1_783' title='bbox 2127 5421 2410 5478; x_wconf 89' lang='lat' dir='ltr'><strong>innumera</strong></span> <span class='ocrx_word' id='word_1_784' title='bbox 2436 5423 2630 5478; x_wconf 86' lang='lat' dir='ltr'><strong>damna</strong></span> <span class='ocrx_word' id='word_1_785' title='bbox 2663 5438 2723 5477; x_wconf 84' lang='lat' dir='ltr'><strong>ac</strong></span> <span class='ocrx_word' id='word_1_786' title='bbox 2753 5420 3082 5485; x_wconf 88' lang='lat' dir='ltr'><strong>discrimina,</strong></span> <span class='ocrx_word' id='word_1_787' title='bbox 3114 5418 3325 5477; x_wconf 83' lang='lat' dir='ltr'><strong>tandem</strong></span> 
     </span>
    </p>
   </div>
   <div class='ocr_carea' id='block_1_117' title="bbox 1870 5594 2303 5662">
    <p class='ocr_par' dir='ltr' id='par_1_117' title="bbox 1870 5594 2303 5662">
     <span class='ocr_line' id='line_1_118' title="bbox 1870 5594 2303 5662; baseline 0.009 -15"><span class='ocrx_word' id='word_1_788' title='bbox 1870 5595 1912 5625; x_wconf 71' lang='lat'><strong>&quot;’</strong></span> <span class='ocrx_word' id='word_1_789' title='bbox 1955 5594 2089 5653; x_wconf 86' lang='lat' dir='ltr'><strong>Tob.</strong></span> <span class='ocrx_word' id='word_1_790' title='bbox 2127 5597 2303 5662; x_wconf 59' lang='lat'><strong>“1,8.</strong></span> 
     </span>
    </p>
   </div>
  </div>
