  <div class='ocr_page' id='page_1' title='image "/cluster/home/n/w/nwhite01/storage/ocr_20150623/79/pst.000005712786/143.png"; bbox 0 0 4128 6340; ppageno 0'>
   <div class='ocr_carea' id='block_1_1' title="bbox 754 277 2448 339">
    <p class='ocr_par' dir='ltr' id='par_1_1' title="bbox 754 277 2448 339">
     <span class='ocr_line' id='line_1_1' title="bbox 754 277 2448 339; baseline -0.004 0"><span class='ocrx_word' id='word_1_1' title='bbox 754 277 844 339; x_wconf 66' lang='grc' dir='ltr'>9η</span> <span class='ocrx_word' id='word_1_2' title='bbox 2193 278 2249 334; x_wconf 75' lang='lat' dir='ltr'><strong>S.</strong></span> <span class='ocrx_word' id='word_1_3' title='bbox 2295 278 2448 335; x_wconf 67' lang='lat' dir='ltr'><strong>NIIJ</strong></span> 
     </span>
    </p>
   </div>
   <div class='ocr_carea' id='block_1_2' title="bbox 3858 268 3972 331">
    <p class='ocr_par' dir='ltr' id='par_1_2' title="bbox 3858 268 3972 331">
     <span class='ocr_line' id='line_1_2' title="bbox 3858 268 3972 331; baseline -0.018 1"><span class='ocrx_word' id='word_1_4' title='bbox 3858 268 3972 331; x_wconf 68' lang='lat'><strong>272</strong></span> 
     </span>
    </p>
   </div>
   <div class='ocr_carea' id='block_1_3' title="bbox 758 380 2302 452">
    <p class='ocr_par' dir='ltr' id='par_1_3' title="bbox 758 380 2293 449">
     <span class='ocr_line' id='line_1_3' title="bbox 758 380 2293 449; baseline -0.005 -11"><span class='ocrx_word' id='word_1_5' title='bbox 758 389 914 446; x_wconf 70' lang='grc' dir='ltr'>ιιίςιι,</span> <span class='ocrx_word' id='word_1_6' title='bbox 947 381 1373 449; x_wconf 65' lang='grc' dir='ltr'>«Ινιιιςιειητιιηιιιυ</span> <span class='ocrx_word' id='word_1_7' title='bbox 1414 382 1516 433; x_wconf 78' lang='lat' dir='ltr'><strong>line</strong></span> <span class='ocrx_word' id='word_1_8' title='bbox 1562 382 1723 433; x_wconf 76' lang='lat' dir='ltr'><strong>titatn</strong></span> <span class='ocrx_word' id='word_1_9' title='bbox 1774 393 2088 448; x_wconf 70' lang='lat' dir='ltr'><strong>posuerunt.</strong></span> <span class='ocrx_word' id='word_1_10' title='bbox 2130 380 2293 433; x_wconf 80' lang='lat' dir='ltr'><strong>Cene-</strong></span> 
     </span>
    </p>
   </div>
   <div class='ocr_carea' id='block_1_4' title="bbox 2400 380 3968 452">
    <p class='ocr_par' dir='ltr' id='par_1_4' title="bbox 2400 381 3968 452">
     <span class='ocr_line' id='line_1_4' title="bbox 2400 381 3968 452; baseline 0.001 -21"><span class='ocrx_word' id='word_1_11' title='bbox 2400 383 2483 437; x_wconf 61' lang='grc' dir='ltr'><strong>διὰ</strong></span> <span class='ocrx_word' id='word_1_12' title='bbox 2532 382 2625 449; x_wconf 80' lang='grc' dir='ltr'><strong>τὴν</strong></span> <span class='ocrx_word' id='word_1_13' title='bbox 2679 382 2783 431; x_wconf 81' lang='grc' dir='ltr'><strong>τῶν</strong></span> <span class='ocrx_word' id='word_1_14' title='bbox 2834 381 3081 450; x_wconf 77' lang='grc' dir='ltr'>κοράκων</span> <span class='ocrx_word' id='word_1_15' title='bbox 3131 382 3289 450; x_wconf 77' lang='grc' dir='ltr'>δῆθεν</span> <span class='ocrx_word' id='word_1_16' title='bbox 3330 381 3615 452; x_wconf 76' lang='grc' dir='ltr'><strong>καλλίστην</strong></span> <span class='ocrx_word' id='word_1_17' title='bbox 3646 381 3968 450; x_wconf 68' lang='grc' dir='ltr'><strong>δειχθεῖσαν</strong></span> 
     </span>
    </p>
   </div>
   <div class='ocr_carea' id='block_1_5' title="bbox 755 470 2300 542">
    <p class='ocr_par' dir='ltr' id='par_1_5' title="bbox 755 470 2300 542">
     <span class='ocr_line' id='line_1_5' title="bbox 755 470 2300 542; baseline -0.003 -16"><span class='ocrx_word' id='word_1_18' title='bbox 755 474 981 526; x_wconf 60' lang='lat' dir='ltr'><strong>rationis</strong></span> <span class='ocrx_word' id='word_1_19' title='bbox 1017 470 1157 524; x_wconf 60' lang='lat' dir='ltr'><strong>enini</strong></span> <span class='ocrx_word' id='word_1_20' title='bbox 1198 474 1409 539; x_wconf 58' lang='lat' dir='ltr'><strong>injusta:</strong></span> <span class='ocrx_word' id='word_1_21' title='bbox 1459 489 1653 542; x_wconf 73' lang='lat' dir='ltr'><strong>pran</strong></span> <span class='ocrx_word' id='word_1_22' title='bbox 1692 475 1823 525; x_wconf 83' lang='lat' dir='ltr'><strong>lines</strong></span> <span class='ocrx_word' id='word_1_23' title='bbox 1865 476 1928 534; x_wconf 65' lang='grc'><strong>⁸⁷,</strong></span> <span class='ocrx_word' id='word_1_24' title='bbox 1966 474 2159 524; x_wconf 68' lang='lat' dir='ltr'><strong>tlirinm</strong></span> <span class='ocrx_word' id='word_1_25' title='bbox 2192 481 2300 523; x_wconf 83' lang='lat' dir='ltr'><strong>tra-</strong></span> 
     </span>
    </p>
   </div>
   <div class='ocr_carea' id='block_1_6' title="bbox 752 562 2295 631">
    <p class='ocr_par' dir='ltr' id='par_1_6' title="bbox 752 562 2295 631">
     <span class='ocr_line' id='line_1_6' title="bbox 752 562 2295 631; baseline -0.001 -16"><span class='ocrx_word' id='word_1_26' title='bbox 752 567 887 616; x_wconf 84' lang='lat' dir='ltr'><strong>dunt</strong></span> <span class='ocrx_word' id='word_1_27' title='bbox 925 562 1073 631; x_wconf 77' lang='lat'><strong>191</strong></span> <span class='ocrx_word' id='word_1_28' title='bbox 1120 563 1352 614; x_wconf 69' lang='lat' dir='ltr'><strong>Ltllel‘u&#39;.</strong></span> <span class='ocrx_word' id='word_1_29' title='bbox 1406 565 1459 614; x_wconf 75' lang='lat' dir='ltr'><strong>Si</strong></span> <span class='ocrx_word' id='word_1_30' title='bbox 1513 564 1693 630; x_wconf 82' lang='lat' dir='ltr'><strong>itaque</strong></span> <span class='ocrx_word' id='word_1_31' title='bbox 1747 564 1839 615; x_wconf 90' lang='lat' dir='ltr'><strong>tibi</strong></span> <span class='ocrx_word' id='word_1_32' title='bbox 1881 563 1933 613; x_wconf 92' lang='lat' dir='ltr'><strong>in</strong></span> <span class='ocrx_word' id='word_1_33' title='bbox 1982 563 2163 614; x_wconf 87' lang='lat' dir='ltr'><strong>animo</strong></span> <span class='ocrx_word' id='word_1_34' title='bbox 2193 570 2295 625; x_wconf 86' lang='lat' dir='ltr'><strong>est,</strong></span> 
     </span>
    </p>
   </div>
   <div class='ocr_carea' id='block_1_7' title="bbox 752 651 2299 722">
    <p class='ocr_par' dir='ltr' id='par_1_7' title="bbox 752 651 2299 722">
     <span class='ocr_line' id='line_1_7' title="bbox 752 651 2299 722; baseline 0.001 -19"><span class='ocrx_word' id='word_1_35' title='bbox 752 655 1052 706; x_wconf 66' lang='lat' dir='ltr'><strong>tltemnnunt</strong></span> <span class='ocrx_word' id='word_1_36' title='bbox 1080 664 1329 706; x_wconf 79' lang='lat' dir='ltr'><strong>renatum</strong></span> <span class='ocrx_word' id='word_1_37' title='bbox 1357 652 1611 722; x_wconf 72' lang='lat' dir='ltr'><strong>effugere,</strong></span> <span class='ocrx_word' id='word_1_38' title='bbox 1634 652 1832 704; x_wconf 86' lang='lat' dir='ltr'><strong>nullam</strong></span> <span class='ocrx_word' id='word_1_39' title='bbox 1853 665 2087 719; x_wconf 81' lang='lat' dir='ltr'><strong>unquam</strong></span> <span class='ocrx_word' id='word_1_40' title='bbox 2112 651 2299 705; x_wconf 84' lang='lat' dir='ltr'><strong>obser-</strong></span> 
     </span>
    </p>
   </div>
   <div class='ocr_carea' id='block_1_8' title="bbox 754 732 2297 814">
    <p class='ocr_par' dir='ltr' id='par_1_8' title="bbox 754 732 2297 814">
     <span class='ocr_line' id='line_1_8' title="bbox 754 732 2297 814; baseline 0 -17"><span class='ocrx_word' id='word_1_41' title='bbox 754 747 1017 798; x_wconf 69' lang='lat' dir='ltr'><strong>t&#39;ationetn</strong></span> <span class='ocrx_word' id='word_1_42' title='bbox 1046 748 1199 813; x_wconf 83' lang='lat' dir='ltr'><strong>longe</strong></span> <span class='ocrx_word' id='word_1_43' title='bbox 1232 732 1761 814; x_wconf 67' lang='lat' dir='ltr'><strong>animoprospicias,</strong></span> <span class='ocrx_word' id='word_1_44' title='bbox 1795 759 1900 797; x_wconf 90' lang='lat' dir='ltr'><strong>non</strong></span> <span class='ocrx_word' id='word_1_45' title='bbox 1930 744 2162 809; x_wconf 86' lang='lat' dir='ltr'><strong>volatus,</strong></span> <span class='ocrx_word' id='word_1_46' title='bbox 2190 758 2297 797; x_wconf 89' lang='lat' dir='ltr'><strong>non</strong></span> 
     </span>
    </p>
   </div>
   <div class='ocr_carea' id='block_1_9' title="bbox 694 833 2294 901">
    <p class='ocr_par' dir='ltr' id='par_1_9' title="bbox 694 833 2294 901">
     <span class='ocr_line' id='line_1_9' title="bbox 694 833 2294 901; baseline -0.001 -15"><span class='ocrx_word' id='word_1_47' title='bbox 694 868 699 873; x_wconf 58' lang='grc' dir='ltr'><em>η</em></span> <span class='ocrx_word' id='word_1_48' title='bbox 752 838 926 888; x_wconf 77' lang='lat' dir='ltr'><strong>.trium</strong></span> <span class='ocrx_word' id='word_1_49' title='bbox 954 850 1136 896; x_wconf 63' lang='lat' dir='ltr'><strong>\‘oees,</strong></span> <span class='ocrx_word' id='word_1_50' title='bbox 1166 850 1268 885; x_wconf 79' lang='lat' dir='ltr'><strong>non</strong></span> <span class='ocrx_word' id='word_1_51' title='bbox 1302 834 1655 887; x_wconf 87' lang='lat' dir='ltr'><strong>animantium</strong></span> <span class='ocrx_word' id='word_1_52' title='bbox 1683 833 1816 897; x_wconf 79' lang='lat' dir='ltr'><strong>sive,</strong></span> <span class='ocrx_word' id='word_1_53' title='bbox 1836 848 1893 889; x_wconf 82' lang='lat' dir='ltr'><strong>ea</strong></span> <span class='ocrx_word' id='word_1_54' title='bbox 1926 844 2134 887; x_wconf 76' lang='lat' dir='ltr'><strong>ratione</strong></span> <span class='ocrx_word' id='word_1_55' title='bbox 2162 848 2294 901; x_wconf 72' lang='lat' dir='ltr'><strong>pne-</strong></span> 
     </span>
    </p>
   </div>
   <div class='ocr_carea' id='block_1_10' title="bbox 750 922 2299 992">
    <p class='ocr_par' dir='ltr' id='par_1_10' title="bbox 750 922 2299 992">
     <span class='ocr_line' id='line_1_10' title="bbox 750 922 2299 992; baseline 0.001 -17"><span class='ocrx_word' id='word_1_56' title='bbox 750 926 857 978; x_wconf 87' lang='lat' dir='ltr'><strong>dita</strong></span> <span class='ocrx_word' id='word_1_57' title='bbox 889 926 1013 987; x_wconf 88' lang='lat' dir='ltr'><strong>sint,</strong></span> <span class='ocrx_word' id='word_1_58' title='bbox 1053 925 1164 976; x_wconf 82' lang='lat' dir='ltr'><strong>sive</strong></span> <span class='ocrx_word' id='word_1_59' title='bbox 1202 922 1346 977; x_wconf 86' lang='lat' dir='ltr'><strong>illius</strong></span> <span class='ocrx_word' id='word_1_60' title='bbox 1382 924 1647 992; x_wconf 75' lang='lat' dir='ltr'><strong>expertia,</strong></span> <span class='ocrx_word' id='word_1_61' title='bbox 1680 938 1959 988; x_wconf 87' lang='lat' dir='ltr'><strong>occursus,</strong></span> <span class='ocrx_word' id='word_1_62' title='bbox 1998 938 2104 976; x_wconf 90' lang='lat' dir='ltr'><strong>non</strong></span> <span class='ocrx_word' id='word_1_63' title='bbox 2142 924 2299 976; x_wconf 84' lang='lat' dir='ltr'><strong>invo-</strong></span> 
     </span>
    </p>
   </div>
   <div class='ocr_carea' id='block_1_11' title="bbox 747 1014 2297 1083">
    <p class='ocr_par' dir='ltr' id='par_1_11' title="bbox 747 1014 2297 1083">
     <span class='ocr_line' id='line_1_11' title="bbox 747 1014 2297 1083; baseline -0.002 -14"><span class='ocrx_word' id='word_1_64' title='bbox 747 1020 1007 1077; x_wconf 77' lang='lat' dir='ltr'><strong>cationes,</strong></span> <span class='ocrx_word' id='word_1_65' title='bbox 1042 1030 1146 1066; x_wconf 86' lang='lat' dir='ltr'><strong>non</strong></span> <span class='ocrx_word' id='word_1_66' title='bbox 1190 1029 1491 1083; x_wconf 84' lang='lat' dir='ltr'><strong>regressus,</strong></span> <span class='ocrx_word' id='word_1_67' title='bbox 1535 1028 1638 1081; x_wconf 84' lang='lat' dir='ltr'><strong>non</strong></span> <span class='ocrx_word' id='word_1_68' title='bbox 1689 1014 1876 1067; x_wconf 90' lang='lat' dir='ltr'><strong>inanes</strong></span> <span class='ocrx_word' id='word_1_69' title='bbox 1912 1024 2107 1076; x_wconf 78' lang='lat' dir='ltr'><strong>sortes,</strong></span> <span class='ocrx_word' id='word_1_70' title='bbox 2140 1021 2211 1077; x_wconf 84' lang='lat' dir='ltr'><strong>et,</strong></span> <span class='ocrx_word' id='word_1_71' title='bbox 2240 1022 2297 1066; x_wconf 93' lang='lat' dir='ltr'><strong>ut</strong></span> 
     </span>
    </p>
   </div>
   <div class='ocr_carea' id='block_1_12' title="bbox 748 1104 2296 1174">
    <p class='ocr_par' dir='ltr' id='par_1_12' title="bbox 748 1104 2296 1174">
     <span class='ocr_line' id='line_1_12' title="bbox 748 1104 2296 1174; baseline -0.003 -13"><span class='ocrx_word' id='word_1_72' title='bbox 748 1109 910 1163; x_wconf 84' lang='lat' dir='ltr'><strong>verbo</strong></span> <span class='ocrx_word' id='word_1_73' title='bbox 939 1105 1239 1174; x_wconf 59' lang='lat' dir='ltr'><strong>espediam,</strong></span> <span class='ocrx_word' id='word_1_74' title='bbox 1271 1105 1402 1157; x_wconf 84' lang='lat' dir='ltr'><strong>nihil</strong></span> <span class='ocrx_word' id='word_1_75' title='bbox 1434 1104 1767 1167; x_wconf 73' lang='lat' dir='ltr'><strong>observabis,</strong></span> <span class='ocrx_word' id='word_1_76' title='bbox 1803 1105 1906 1157; x_wconf 85' lang='lat' dir='ltr'><strong>nisi</strong></span> <span class='ocrx_word' id='word_1_77' title='bbox 1934 1111 2141 1157; x_wconf 87' lang='lat' dir='ltr'><strong>tantum</strong></span> <span class='ocrx_word' id='word_1_78' title='bbox 2171 1118 2296 1173; x_wconf 89' lang='lat' dir='ltr'><strong>pec-</strong></span> 
     </span>
    </p>
   </div>
   <div class='ocr_carea' id='block_1_13' title="bbox 744 1194 2293 1264">
    <p class='ocr_par' dir='ltr' id='par_1_13' title="bbox 744 1194 2293 1264">
     <span class='ocr_line' id='line_1_13' title="bbox 744 1194 2293 1264; baseline -0.001 -15"><span class='ocrx_word' id='word_1_79' title='bbox 744 1206 949 1250; x_wconf 84' lang='lat' dir='ltr'><strong>catum.</strong></span> <span class='ocrx_word' id='word_1_80' title='bbox 983 1195 1167 1264; x_wconf 71' lang='lat' dir='ltr'><strong>Operzc</strong></span> <span class='ocrx_word' id='word_1_81' title='bbox 1198 1195 1341 1247; x_wconf 82' lang='lat' dir='ltr'><strong>enim</strong></span> <span class='ocrx_word' id='word_1_82' title='bbox 1380 1195 1607 1262; x_wconf 81' lang='lat' dir='ltr'><strong>pretium</strong></span> <span class='ocrx_word' id='word_1_83' title='bbox 1644 1202 1726 1247; x_wconf 89' lang='lat' dir='ltr'><strong>est</strong></span> <span class='ocrx_word' id='word_1_84' title='bbox 1758 1195 1823 1246; x_wconf 85' lang='lat' dir='ltr'><strong>ab</strong></span> <span class='ocrx_word' id='word_1_85' title='bbox 1853 1210 1913 1247; x_wconf 80' lang='lat' dir='ltr'><strong>ea</strong></span> <span class='ocrx_word' id='word_1_86' title='bbox 1946 1194 2047 1248; x_wconf 87' lang='lat' dir='ltr'><strong>sibi</strong></span> <span class='ocrx_word' id='word_1_87' title='bbox 2086 1208 2293 1259; x_wconf 78' lang='lat' dir='ltr'><strong>cavere,</strong></span> 
     </span>
    </p>
   </div>
   <div class='ocr_carea' id='block_1_14' title="bbox 746 1284 2298 1354">
    <p class='ocr_par' dir='ltr' id='par_1_14' title="bbox 746 1284 2298 1354">
     <span class='ocr_line' id='line_1_14' title="bbox 746 1284 2298 1354; baseline -0.001 -16"><span class='ocrx_word' id='word_1_88' title='bbox 746 1300 796 1341; x_wconf 76' lang='lat' dir='ltr'><strong>et</strong></span> <span class='ocrx_word' id='word_1_89' title='bbox 831 1289 1090 1341; x_wconf 87' lang='lat' dir='ltr'><strong>continuo</strong></span> <span class='ocrx_word' id='word_1_90' title='bbox 1125 1303 1151 1340; x_wconf 91' lang='lat' dir='ltr'><strong>a</strong></span> <span class='ocrx_word' id='word_1_91' title='bbox 1182 1303 1239 1341; x_wconf 87' lang='lat' dir='ltr'><strong>se</strong></span> <span class='ocrx_word' id='word_1_92' title='bbox 1271 1287 1548 1354; x_wconf 84' lang='lat' dir='ltr'><strong>repellere.</strong></span> <span class='ocrx_word' id='word_1_93' title='bbox 1582 1286 1713 1338; x_wconf 80' lang='lat' dir='ltr'><strong>Illud</strong></span> <span class='ocrx_word' id='word_1_94' title='bbox 1736 1302 1947 1354; x_wconf 87' lang='lat' dir='ltr'><strong>quoque</strong></span> <span class='ocrx_word' id='word_1_95' title='bbox 1971 1300 2036 1337; x_wconf 90' lang='lat' dir='ltr'><strong>ne</strong></span> <span class='ocrx_word' id='word_1_96' title='bbox 2060 1293 2110 1337; x_wconf 91' lang='lat' dir='ltr'><strong>te</strong></span> <span class='ocrx_word' id='word_1_97' title='bbox 2138 1284 2298 1337; x_wconf 85' lang='lat' dir='ltr'><strong>lateat</strong></span> 
     </span>
    </p>
   </div>
   <div class='ocr_carea' id='block_1_15' title="bbox 747 1372 2294 1442">
    <p class='ocr_par' dir='ltr' id='par_1_15' title="bbox 747 1372 2294 1442">
     <span class='ocr_line' id='line_1_15' title="bbox 747 1372 2294 1442; baseline -0.002 -14"><span class='ocrx_word' id='word_1_98' title='bbox 747 1379 929 1440; x_wconf 70' lang='lat' dir='ltr'><strong>\‘t&#39;iiltt,</strong></span> <span class='ocrx_word' id='word_1_99' title='bbox 994 1378 1269 1429; x_wconf 81' lang='lat' dir='ltr'><strong>nonnullis</strong></span> <span class='ocrx_word' id='word_1_100' title='bbox 1321 1376 1652 1439; x_wconf 88' lang='lat' dir='ltr'><strong>hominibus,</strong></span> <span class='ocrx_word' id='word_1_101' title='bbox 1708 1376 1798 1442; x_wconf 86' lang='lat' dir='ltr'><strong>qui</strong></span> <span class='ocrx_word' id='word_1_102' title='bbox 1853 1374 2130 1442; x_wconf 73' lang='lat' dir='ltr'><strong>gentilium</strong></span> <span class='ocrx_word' id='word_1_103' title='bbox 2187 1372 2294 1426; x_wconf 88' lang='lat' dir='ltr'><strong>ritu</strong></span> 
     </span>
    </p>
   </div>
   <div class='ocr_carea' id='block_1_16' title="bbox 748 1463 2292 1535">
    <p class='ocr_par' dir='ltr' id='par_1_16' title="bbox 748 1463 2292 1535">
     <span class='ocr_line' id='line_1_16' title="bbox 748 1463 2292 1535; baseline -0.003 -14"><span class='ocrx_word' id='word_1_104' title='bbox 748 1472 908 1522; x_wconf 74' lang='lat' dir='ltr'><strong>noxia</strong></span> <span class='ocrx_word' id='word_1_105' title='bbox 931 1469 1016 1521; x_wconf 83' lang='lat' dir='ltr'><strong>illa</strong></span> <span class='ocrx_word' id='word_1_106' title='bbox 1049 1475 1353 1535; x_wconf 81' lang='lat' dir='ltr'><strong>captat-unt,</strong></span> <span class='ocrx_word' id='word_1_107' title='bbox 1387 1480 1527 1533; x_wconf 64' lang='lat' dir='ltr'><strong>saepe</strong></span> <span class='ocrx_word' id='word_1_108' title='bbox 1558 1464 1753 1534; x_wconf 64' lang='lat' dir='ltr'><strong>saepius</strong></span> <span class='ocrx_word' id='word_1_109' title='bbox 1782 1464 1852 1517; x_wconf 87' lang='lat' dir='ltr'><strong>ita</strong></span> <span class='ocrx_word' id='word_1_110' title='bbox 1890 1464 1993 1518; x_wconf 86' lang='lat' dir='ltr'><strong>illis</strong></span> <span class='ocrx_word' id='word_1_111' title='bbox 2028 1463 2292 1528; x_wconf 78' lang='lat' dir='ltr'><strong>evenisse,</strong></span> 
     </span>
    </p>
   </div>
   <div class='ocr_carea' id='block_1_17' title="bbox 746 1556 2296 1627">
    <p class='ocr_par' dir='ltr' id='par_1_17' title="bbox 746 1556 2296 1627">
     <span class='ocr_line' id='line_1_17' title="bbox 746 1556 2296 1627; baseline -0.002 -17"><span class='ocrx_word' id='word_1_112' title='bbox 746 1569 804 1611; x_wconf 90' lang='lat' dir='ltr'><strong>nt</strong></span> <span class='ocrx_word' id='word_1_113' title='bbox 837 1559 1098 1627; x_wconf 86' lang='lat' dir='ltr'><strong>suspicati</strong></span> <span class='ocrx_word' id='word_1_114' title='bbox 1129 1556 1365 1621; x_wconf 89' lang='lat' dir='ltr'><strong>fuerant,</strong></span> <span class='ocrx_word' id='word_1_115' title='bbox 1395 1572 1500 1609; x_wconf 89' lang='lat' dir='ltr'><strong>non</strong></span> <span class='ocrx_word' id='word_1_116' title='bbox 1524 1556 1597 1618; x_wconf 70' lang='lat' dir='ltr'><strong>vi,</strong></span> <span class='ocrx_word' id='word_1_117' title='bbox 1630 1564 1722 1607; x_wconf 91' lang='lat' dir='ltr'><strong>aut</strong></span> <span class='ocrx_word' id='word_1_118' title='bbox 1750 1556 2071 1609; x_wconf 87' lang='lat' dir='ltr'><strong>miserorum</strong></span> <span class='ocrx_word' id='word_1_119' title='bbox 2108 1569 2296 1607; x_wconf 74' lang='lat' dir='ltr'><strong>corvo-</strong></span> 
     </span>
    </p>
   </div>
   <div class='ocr_carea' id='block_1_18' title="bbox 743 1646 2296 1715">
    <p class='ocr_par' dir='ltr' id='par_1_18' title="bbox 743 1646 2296 1715">
     <span class='ocr_line' id='line_1_18' title="bbox 743 1646 2296 1715; baseline -0.001 -14"><span class='ocrx_word' id='word_1_120' title='bbox 743 1665 885 1710; x_wconf 88' lang='lat' dir='ltr'><strong>rtnn,</strong></span> <span class='ocrx_word' id='word_1_121' title='bbox 921 1656 1011 1701; x_wconf 89' lang='lat' dir='ltr'><strong>aut</strong></span> <span class='ocrx_word' id='word_1_122' title='bbox 1042 1662 1351 1715; x_wconf 87' lang='lat' dir='ltr'><strong>porcorum,</strong></span> <span class='ocrx_word' id='word_1_123' title='bbox 1378 1653 1470 1699; x_wconf 90' lang='lat' dir='ltr'><strong>aut</strong></span> <span class='ocrx_word' id='word_1_124' title='bbox 1502 1662 1717 1709; x_wconf 83' lang='lat' dir='ltr'><strong>canunt,</strong></span> <span class='ocrx_word' id='word_1_125' title='bbox 1742 1654 1831 1699; x_wconf 91' lang='lat' dir='ltr'><strong>aut</strong></span> <span class='ocrx_word' id='word_1_126' title='bbox 1855 1646 2131 1699; x_wconf 88' lang='lat' dir='ltr'><strong>hominum</strong></span> <span class='ocrx_word' id='word_1_127' title='bbox 2159 1660 2296 1715; x_wconf 71' lang='lat' dir='ltr'><strong>pra:-</strong></span> 
     </span>
    </p>
   </div>
   <div class='ocr_carea' id='block_1_19' title="bbox 2408 472 3971 543">
    <p class='ocr_par' dir='ltr' id='par_1_19' title="bbox 2408 472 3971 543">
     <span class='ocr_line' id='line_1_19' title="bbox 2408 472 3971 543; baseline 0 -21"><span class='ocrx_word' id='word_1_128' title='bbox 2408 472 2703 542; x_wconf 71' lang='grc' dir='ltr'>σημασίαν,</span> <span class='ocrx_word' id='word_1_129' title='bbox 2742 474 2876 543; x_wconf 80' lang='grc' dir='ltr'><strong>μετά</strong></span> <span class='ocrx_word' id='word_1_130' title='bbox 2904 474 3099 541; x_wconf 86' lang='grc' dir='ltr'>μυρίας</span> <span class='ocrx_word' id='word_1_131' title='bbox 3134 475 3332 543; x_wconf 76' lang='grc' dir='ltr'>ζημίας</span> <span class='ocrx_word' id='word_1_132' title='bbox 3362 476 3453 527; x_wconf 68' lang='grc' dir='ltr'><strong>καὶ</strong></span> <span class='ocrx_word' id='word_1_133' title='bbox 3485 474 3762 543; x_wconf 78' lang='grc' dir='ltr'>βασάνους,</span> <span class='ocrx_word' id='word_1_134' title='bbox 3799 472 3971 523; x_wconf 79' lang='grc' dir='ltr'>ὓστε-</span> 
     </span>
    </p>
   </div>
   <div class='ocr_carea' id='block_1_20' title="bbox 2405 562 3971 633">
    <p class='ocr_par' dir='ltr' id='par_1_20' title="bbox 2405 562 3971 633">
     <span class='ocr_line' id='line_1_20' title="bbox 2405 562 3971 633; baseline -0.001 -20"><span class='ocrx_word' id='word_1_135' title='bbox 2405 579 2494 633; x_wconf 80' lang='grc' dir='ltr'><strong>ρον</strong></span> <span class='ocrx_word' id='word_1_136' title='bbox 2530 562 2749 632; x_wconf 74' lang='grc' dir='ltr'>πονηρῷ</span> <span class='ocrx_word' id='word_1_137' title='bbox 2805 563 2897 613; x_wconf 79' lang='grc' dir='ltr'><strong>καὶ</strong></span> <span class='ocrx_word' id='word_1_138' title='bbox 2929 564 3211 632; x_wconf 83' lang='grc' dir='ltr'>ἀπευκτέῳ</span> <span class='ocrx_word' id='word_1_139' title='bbox 3232 564 3376 617; x_wconf 79' lang='grc' dir='ltr'>τέλει</span> <span class='ocrx_word' id='word_1_140' title='bbox 3405 566 3494 617; x_wconf 71' lang='grc' dir='ltr'>τὸν</span> <span class='ocrx_word' id='word_1_141' title='bbox 3527 564 3636 632; x_wconf 83' lang='grc' dir='ltr'>βίον</span> <span class='ocrx_word' id='word_1_142' title='bbox 3662 564 3971 630; x_wconf 79' lang='grc' dir='ltr'>κατέστρε-</span> 
     </span>
    </p>
   </div>
   <div class='ocr_carea' id='block_1_21' title="bbox 2402 640 3971 723">
    <p class='ocr_par' dir='ltr' id='par_1_21' title="bbox 2402 640 3971 723">
     <span class='ocr_line' id='line_1_21' title="bbox 2402 640 3971 723; baseline -0.003 -17"><span class='ocrx_word' id='word_1_143' title='bbox 2402 652 2528 721; x_wconf 67' lang='grc' dir='ltr'><strong>ψαν.</strong></span> <span class='ocrx_word' id='word_1_144' title='bbox 2569 654 2767 716; x_wconf 79' lang='grc' dir='ltr'>Γενεᾶς</span> <span class='ocrx_word' id='word_1_145' title='bbox 2813 640 2940 722; x_wconf 60' lang='grc' dir='ltr'>γάρ’</span> <span class='ocrx_word' id='word_1_146' title='bbox 2975 652 3154 705; x_wconf 79' lang='grc' dir='ltr'><strong>ἀδίκου</strong></span> <span class='ocrx_word' id='word_1_147' title='bbox 3216 656 3427 723; x_wconf 76' lang='grc' dir='ltr'>πονηρὰ</span> <span class='ocrx_word' id='word_1_148' title='bbox 3475 654 3543 707; x_wconf 65' lang='grc' dir='ltr'>τὰ</span> <span class='ocrx_word' id='word_1_149' title='bbox 3591 655 3756 721; x_wconf 80' lang='grc' dir='ltr'>τέλη,</span> <span class='ocrx_word' id='word_1_150' title='bbox 3813 652 3971 705; x_wconf 82' lang='grc' dir='ltr'>καθά</span> 
     </span>
    </p>
   </div>
   <div class='ocr_carea' id='block_1_22' title="bbox 2405 743 3970 828">
    <p class='ocr_par' dir='ltr' id='par_1_22' title="bbox 2405 743 3970 828">
     <span class='ocr_line' id='line_1_22' title="bbox 2405 743 3970 828; baseline -0.003 -31"><span class='ocrx_word' id='word_1_151' title='bbox 2405 762 2566 813; x_wconf 78' lang='grc' dir='ltr'>φησιν</span> <span class='ocrx_word' id='word_1_152' title='bbox 2598 747 2631 813; x_wconf 77' lang='grc' dir='ltr'><strong>ἡ</strong></span> <span class='ocrx_word' id='word_1_153' title='bbox 2661 744 2874 814; x_wconf 68' lang='grc' dir='ltr'>Γραφή.</span> <span class='ocrx_word' id='word_1_154' title='bbox 2916 743 2977 795; x_wconf 76' lang='grc' dir='ltr'>Εἰ</span> <span class='ocrx_word' id='word_1_155' title='bbox 3007 744 3181 795; x_wconf 86' lang='grc' dir='ltr'>τοίνυν</span> <span class='ocrx_word' id='word_1_156' title='bbox 3211 744 3387 812; x_wconf 84' lang='grc' dir='ltr'>βούλει</span> <span class='ocrx_word' id='word_1_157' title='bbox 3422 748 3676 828; x_wconf 47' lang='grc' dir='ltr'>ὲκῇυγεῖν</span> <span class='ocrx_word' id='word_1_158' title='bbox 3703 743 3811 796; x_wconf 83' lang='grc' dir='ltr'><strong>τῶν</strong></span> <span class='ocrx_word' id='word_1_159' title='bbox 3845 743 3970 794; x_wconf 82' lang='grc' dir='ltr'>δαι-</span> 
     </span>
    </p>
   </div>
   <div class='ocr_carea' id='block_1_23' title="bbox 2406 832 3970 904">
    <p class='ocr_par' dir='ltr' id='par_1_23' title="bbox 2406 832 3970 904">
     <span class='ocr_line' id='line_1_23' title="bbox 2406 832 3970 904; baseline -0.003 -18"><span class='ocrx_word' id='word_1_160' title='bbox 2406 834 2580 903; x_wconf 83' lang='grc' dir='ltr'>μόνων</span> <span class='ocrx_word' id='word_1_161' title='bbox 2609 836 2706 904; x_wconf 76' lang='grc' dir='ltr'>τὴν</span> <span class='ocrx_word' id='word_1_162' title='bbox 2732 834 2925 903; x_wconf 82' lang='grc' dir='ltr'><strong>Θήραν,</strong></span> <span class='ocrx_word' id='word_1_163' title='bbox 2964 832 3234 901; x_wconf 81' lang='grc' dir='ltr'>μηδεμίαν</span> <span class='ocrx_word' id='word_1_164' title='bbox 3263 833 3527 903; x_wconf 79' lang='grc' dir='ltr'>μηδέποτε</span> <span class='ocrx_word' id='word_1_165' title='bbox 3576 834 3970 902; x_wconf 75' lang='grc' dir='ltr'><strong>παρατήρησιν</strong></span> 
     </span>
    </p>
   </div>
   <div class='ocr_carea' id='block_1_24' title="bbox 2405 921 3971 994">
    <p class='ocr_par' dir='ltr' id='par_1_24' title="bbox 2405 921 3971 994">
     <span class='ocr_line' id='line_1_24' title="bbox 2405 921 3971 994; baseline -0.004 -16"><span class='ocrx_word' id='word_1_166' title='bbox 2405 925 2671 989; x_wconf 85' lang='grc' dir='ltr'>σκόπενε,</span> <span class='ocrx_word' id='word_1_167' title='bbox 2714 922 2788 993; x_wconf 81' lang='grc' dir='ltr'>μὴ</span> <span class='ocrx_word' id='word_1_168' title='bbox 2849 923 3113 992; x_wconf 79' lang='grc' dir='ltr'><strong>πτήσεις,</strong></span> <span class='ocrx_word' id='word_1_169' title='bbox 3173 922 3306 991; x_wconf 70' lang='grc' dir='ltr'>μηδὲ</span> <span class='ocrx_word' id='word_1_170' title='bbox 3357 923 3540 990; x_wconf 74' lang='grc' dir='ltr'>φωνὰς</span> <span class='ocrx_word' id='word_1_171' title='bbox 3588 926 3825 994; x_wconf 82' lang='grc' dir='ltr'>ὀρνέων,</span> <span class='ocrx_word' id='word_1_172' title='bbox 3887 921 3971 992; x_wconf 84' lang='grc' dir='ltr'>μὴ</span> 
     </span>
    </p>
   </div>
   <div class='ocr_carea' id='block_1_25' title="bbox 2390 1012 3971 1084">
    <p class='ocr_par' dir='ltr' id='par_1_25' title="bbox 2390 1012 3971 1084">
     <span class='ocr_line' id='line_1_25' title="bbox 2390 1012 3971 1084; baseline 0.001 -20"><span class='ocrx_word' id='word_1_173' title='bbox 2390 1016 2731 1084; x_wconf 81' lang='grc' dir='ltr'>,ὑπαντήσεις</span> <span class='ocrx_word' id='word_1_174' title='bbox 2755 1014 3021 1068; x_wconf 74' lang='grc' dir='ltr'>παντοίων</span> <span class='ocrx_word' id='word_1_175' title='bbox 3071 1012 3222 1077; x_wconf 74' lang='grc' dir='ltr'>ζώων</span> <span class='ocrx_word' id='word_1_176' title='bbox 3248 1013 3479 1081; x_wconf 79' lang='grc' dir='ltr'><strong>λογικῶν</strong></span> <span class='ocrx_word' id='word_1_177' title='bbox 3502 1013 3533 1081; x_wconf 79' lang='grc' dir='ltr'>ἢ</span> <span class='ocrx_word' id='word_1_178' title='bbox 3562 1014 3789 1081; x_wconf 83' lang='grc' dir='ltr'>ἀλόγων,</span> <span class='ocrx_word' id='word_1_179' title='bbox 3820 1015 3971 1082; x_wconf 80' lang='grc' dir='ltr'>μήτε</span> 
     </span>
    </p>
   </div>
   <div class='ocr_carea' id='block_1_26' title="bbox 2401 1104 3972 1176">
    <p class='ocr_par' dir='ltr' id='par_1_26' title="bbox 2401 1104 3972 1176">
     <span class='ocr_line' id='line_1_26' title="bbox 2401 1104 3972 1176; baseline -0.003 -16"><span class='ocrx_word' id='word_1_180' title='bbox 2401 1107 2499 1169; x_wconf 86' lang='grc' dir='ltr'><strong>τάς</strong></span> <span class='ocrx_word' id='word_1_181' title='bbox 2529 1106 2851 1176; x_wconf 75' lang='grc' dir='ltr'><strong>ἀνακλήσεις</strong></span> <span class='ocrx_word' id='word_1_182' title='bbox 2889 1105 2982 1159; x_wconf 74' lang='grc' dir='ltr'><strong>καὶ</strong></span> <span class='ocrx_word' id='word_1_183' title='bbox 3036 1106 3162 1166; x_wconf 78' lang='grc' dir='ltr'>τοὺς</span> <span class='ocrx_word' id='word_1_184' title='bbox 3188 1105 3605 1173; x_wconf 72' lang='grc' dir='ltr'>ἀναποδιτμους,</span> <span class='ocrx_word' id='word_1_185' title='bbox 3643 1107 3777 1173; x_wconf 81' lang='grc' dir='ltr'>μήτε</span> <span class='ocrx_word' id='word_1_186' title='bbox 3825 1104 3972 1172; x_wconf 80' lang='grc' dir='ltr'>κλη-</span> 
     </span>
    </p>
   </div>
   <div class='ocr_carea' id='block_1_27' title="bbox 2402 1194 3970 1267">
    <p class='ocr_par' dir='ltr' id='par_1_27' title="bbox 2402 1194 3970 1267">
     <span class='ocr_line' id='line_1_27' title="bbox 2402 1194 3970 1267; baseline -0.003 -16"><span class='ocrx_word' id='word_1_187' title='bbox 2402 1199 2558 1259; x_wconf 86' lang='grc' dir='ltr'>δόνας</span> <span class='ocrx_word' id='word_1_188' title='bbox 2600 1198 2870 1267; x_wconf 80' lang='grc' dir='ltr'><strong>ματαίας,</strong></span> <span class='ocrx_word' id='word_1_189' title='bbox 2912 1196 3007 1249; x_wconf 78' lang='grc' dir='ltr'><strong>καὶ</strong></span> <span class='ocrx_word' id='word_1_190' title='bbox 3046 1194 3376 1259; x_wconf 76' lang='grc' dir='ltr'>ἁπαξαπλῶς</span> <span class='ocrx_word' id='word_1_191' title='bbox 3426 1195 3591 1265; x_wconf 81' lang='grc' dir='ltr'>μηδὲν</span> <span class='ocrx_word' id='word_1_192' title='bbox 3632 1195 3970 1265; x_wconf 78' lang='grc' dir='ltr'>παρατηρή-</span> 
     </span>
    </p>
   </div>
   <div class='ocr_carea' id='block_1_28' title="bbox 2403 1277 3971 1355">
    <p class='ocr_par' dir='ltr' id='par_1_28' title="bbox 2403 1277 3971 1355">
     <span class='ocr_line' id='line_1_28' title="bbox 2403 1277 3971 1355; baseline 0.001 -20"><span class='ocrx_word' id='word_1_193' title='bbox 2403 1300 2548 1347; x_wconf 67' lang='grc' dir='ltr'>σεις,</span> <span class='ocrx_word' id='word_1_194' title='bbox 2582 1285 2628 1333; x_wconf 79' lang='grc' dir='ltr'><strong>εί</strong></span> <span class='ocrx_word' id='word_1_195' title='bbox 2669 1282 2741 1351; x_wconf 78' lang='grc' dir='ltr'><strong>μὴ</strong></span> <span class='ocrx_word' id='word_1_196' title='bbox 2773 1283 2869 1349; x_wconf 80' lang='grc' dir='ltr'>τὴν</span> <span class='ocrx_word' id='word_1_197' title='bbox 2917 1283 3209 1351; x_wconf 83' lang='grc' dir='ltr'>ἁμαρτίαν.</span> <span class='ocrx_word' id='word_1_198' title='bbox 3269 1277 3555 1355; x_wconf 79' lang='grc' dir='ltr'>Χρήσιμον</span> <span class='ocrx_word' id='word_1_199' title='bbox 3608 1284 3713 1354; x_wconf 83' lang='grc' dir='ltr'>γὰρ</span> <span class='ocrx_word' id='word_1_200' title='bbox 3781 1301 3971 1352; x_wconf 86' lang='grc' dir='ltr'>παρα-</span> 
     </span>
    </p>
   </div>
   <div class='ocr_carea' id='block_1_29' title="bbox 2399 1371 3971 1442">
    <p class='ocr_par' dir='ltr' id='par_1_29' title="bbox 2399 1371 3971 1442">
     <span class='ocr_line' id='line_1_29' title="bbox 2399 1371 3971 1442; baseline 0 -17"><span class='ocrx_word' id='word_1_201' title='bbox 2399 1371 2685 1441; x_wconf 78' lang='grc' dir='ltr'><strong>τηρεῖσθαι</strong></span> <span class='ocrx_word' id='word_1_202' title='bbox 2708 1371 2932 1440; x_wconf 86' lang='grc' dir='ltr'>ταύτην,</span> <span class='ocrx_word' id='word_1_203' title='bbox 2952 1373 3043 1425; x_wconf 77' lang='grc' dir='ltr'>καὶ</span> <span class='ocrx_word' id='word_1_204' title='bbox 3064 1373 3394 1427; x_wconf 72' lang='grc' dir='ltr'><strong>ἀπωθεῖσθαι</strong></span> <span class='ocrx_word' id='word_1_205' title='bbox 3422 1374 3971 1442; x_wconf 82' lang='grc' dir='ltr'>διηνεκῶς.·Κάκεῖνο</span> 
     </span>
    </p>
   </div>
   <div class='ocr_carea' id='block_1_30' title="bbox 2400 1459 3970 1535">
    <p class='ocr_par' dir='ltr' id='par_1_30' title="bbox 2400 1459 3970 1535">
     <span class='ocr_line' id='line_1_30' title="bbox 2400 1459 3970 1535; baseline 0.003 -25"><span class='ocrx_word' id='word_1_206' title='bbox 2400 1459 2454 1511; x_wconf 82' lang='grc' dir='ltr'><strong>δὲ</strong></span> <span class='ocrx_word' id='word_1_207' title='bbox 2496 1460 2785 1526; x_wconf 84' lang='grc' dir='ltr'><strong>γινώσκειν</strong></span> <span class='ocrx_word' id='word_1_208' title='bbox 2835 1462 3165 1533; x_wconf 79' lang='grc' dir='ltr'>βουλόμεθα,</span> <span class='ocrx_word' id='word_1_209' title='bbox 3210 1465 3401 1535; x_wconf 82' lang='grc' dir='ltr'>ὅτιπερ</span> <span class='ocrx_word' id='word_1_210' title='bbox 3458 1465 3597 1516; x_wconf 70' lang='grc' dir='ltr'>τισὶν</span> <span class='ocrx_word' id='word_1_211' title='bbox 3648 1464 3970 1533; x_wconf 82' lang='grc' dir='ltr'>ἀνθρώποις</span> 
     </span>
    </p>
   </div>
   <div class='ocr_carea' id='block_1_31' title="bbox 2401 1552 3971 1624">
    <p class='ocr_par' dir='ltr' id='par_1_31' title="bbox 2401 1552 3971 1624">
     <span class='ocr_line' id='line_1_31' title="bbox 2401 1552 3971 1624; baseline 0.003 -23"><span class='ocrx_word' id='word_1_212' title='bbox 2401 1552 2951 1621; x_wconf 78' lang='grc' dir='ltr'>παρατηρησαμένοις</span> <span class='ocrx_word' id='word_1_213' title='bbox 3007 1553 3085 1623; x_wconf 79' lang='grc' dir='ltr'>τῷ</span> <span class='ocrx_word' id='word_1_214' title='bbox 3146 1552 3441 1624; x_wconf 80' lang='grc' dir='ltr'>Ἐλληνικῷ</span> <span class='ocrx_word' id='word_1_215' title='bbox 3490 1554 3599 1606; x_wconf 77' lang='grc' dir='ltr'>ἔθει</span> <span class='ocrx_word' id='word_1_216' title='bbox 3655 1555 3838 1606; x_wconf 80' lang='grc' dir='ltr'>ἐκεῖνα</span> <span class='ocrx_word' id='word_1_217' title='bbox 3894 1554 3971 1605; x_wconf 73' lang='grc' dir='ltr'>τὰ</span> 
     </span>
    </p>
   </div>
   <div class='ocr_carea' id='block_1_32' title="bbox 2400 1638 3972 1714">
    <p class='ocr_par' dir='ltr' id='par_1_32' title="bbox 2400 1638 3972 1714">
     <span class='ocr_line' id='line_1_32' title="bbox 2400 1638 3972 1714; baseline 0.003 -22"><span class='ocrx_word' id='word_1_218' title='bbox 2400 1638 2737 1713; x_wconf 77' lang='grc' dir='ltr'>ψυχοϐλαϐῆ,</span> <span class='ocrx_word' id='word_1_219' title='bbox 2774 1642 2972 1714; x_wconf 82' lang='grc' dir='ltr'>συνέϐη</span> <span class='ocrx_word' id='word_1_220' title='bbox 3001 1643 3257 1707; x_wconf 80' lang='grc' dir='ltr'>πολλάκις</span> <span class='ocrx_word' id='word_1_221' title='bbox 3290 1642 3481 1709; x_wconf 70' lang='grc' dir='ltr'>οὕτως,</span> <span class='ocrx_word' id='word_1_222' title='bbox 3514 1644 3697 1712; x_wconf 82' lang='grc' dir='ltr'>ὥσπερ</span> <span class='ocrx_word' id='word_1_223' title='bbox 3726 1645 3972 1713; x_wconf 83' lang='grc' dir='ltr'>ὑπενόη-</span> 
     </span>
    </p>
   </div>
   <div class='ocr_carea' id='block_1_33' title="bbox 746 1732 2302 1808">
    <p class='ocr_par' dir='ltr' id='par_1_33' title="bbox 746 1734 2297 1804">
     <span class='ocr_line' id='line_1_33' title="bbox 746 1734 2297 1804; baseline -0.003 -12"><span class='ocrx_word' id='word_1_224' title='bbox 746 1739 1003 1801; x_wconf 84' lang='lat' dir='ltr'><strong>dictione,</strong></span> <span class='ocrx_word' id='word_1_225' title='bbox 1042 1738 1131 1790; x_wconf 89' lang='lat' dir='ltr'><strong>sed</strong></span> <span class='ocrx_word' id='word_1_226' title='bbox 1160 1737 1366 1804; x_wconf 86' lang='lat' dir='ltr'><strong>judicio</strong></span> <span class='ocrx_word' id='word_1_227' title='bbox 1400 1736 1490 1788; x_wconf 87' lang='lat' dir='ltr'><strong>Dei</strong></span> <span class='ocrx_word' id='word_1_228' title='bbox 1529 1736 1803 1804; x_wconf 89' lang='lat' dir='ltr'><strong>punientis</strong></span> <span class='ocrx_word' id='word_1_229' title='bbox 1842 1743 1892 1790; x_wconf 89' lang='lat' dir='ltr'><strong>et</strong></span> <span class='ocrx_word' id='word_1_230' title='bbox 1926 1734 2297 1789; x_wconf 84' lang='lat' dir='ltr'><strong>infidelitatem</strong></span> 
     </span>
    </p>
   </div>
   <div class='ocr_carea' id='block_1_34' title="bbox 2400 1732 3969 1808">
    <p class='ocr_par' dir='ltr' id='par_1_34' title="bbox 2401 1732 3969 1808">
     <span class='ocr_line' id='line_1_34' title="bbox 2401 1732 3969 1808; baseline 0.001 -23"><span class='ocrx_word' id='word_1_231' title='bbox 2401 1750 2519 1798; x_wconf 87' lang='grc' dir='ltr'>σαν,</span> <span class='ocrx_word' id='word_1_232' title='bbox 2556 1732 2655 1785; x_wconf 75' lang='grc' dir='ltr'><strong>οὐκ</strong></span> <span class='ocrx_word' id='word_1_233' title='bbox 2690 1735 2754 1787; x_wconf 82' lang='grc' dir='ltr'>ἐκ</span> <span class='ocrx_word' id='word_1_234' title='bbox 2785 1734 2883 1807; x_wconf 77' lang='grc' dir='ltr'>τῆς</span> <span class='ocrx_word' id='word_1_235' title='bbox 2921 1736 3219 1806; x_wconf 85' lang='grc' dir='ltr'>δυνάμεως,</span> <span class='ocrx_word' id='word_1_236' title='bbox 3253 1736 3346 1789; x_wconf 76' lang='grc' dir='ltr'>καὶ</span> <span class='ocrx_word' id='word_1_237' title='bbox 3376 1736 3475 1805; x_wconf 82' lang='grc' dir='ltr'>τῆς</span> <span class='ocrx_word' id='word_1_238' title='bbox 3487 1736 3969 1808; x_wconf 57' lang='grc' dir='ltr'>έπροαγορεύσεως</span> 
     </span>
    </p>
   </div>
   <div class='ocr_carea' id='block_1_35' title="bbox 746 1823 2297 1883">
    <p class='ocr_par' dir='ltr' id='par_1_35' title="bbox 746 1823 2297 1883">
     <span class='ocr_line' id='line_1_35' title="bbox 746 1823 2297 1883; baseline -0.003 0"><span class='ocrx_word' id='word_1_239' title='bbox 746 1845 936 1883; x_wconf 87' lang='lat' dir='ltr'><strong>eorum</strong></span> <span class='ocrx_word' id='word_1_240' title='bbox 996 1828 1309 1882; x_wconf 84' lang='lat' dir='ltr'><strong>deridentis.</strong></span> <span class='ocrx_word' id='word_1_241' title='bbox 1358 1845 1375 1877; x_wconf 81' lang='grc' dir='ltr'><strong>ι</strong></span> <span class='ocrx_word' id='word_1_242' title='bbox 1428 1825 1652 1880; x_wconf 89' lang='lat' dir='ltr'><strong>Tribuat</strong></span> <span class='ocrx_word' id='word_1_243' title='bbox 1706 1826 1846 1879; x_wconf 91' lang='lat' dir='ltr'><strong>enim</strong></span> <span class='ocrx_word' id='word_1_244' title='bbox 1896 1826 1990 1879; x_wconf 86' lang='lat' dir='ltr'><strong>tibi</strong></span> <span class='ocrx_word' id='word_1_245' title='bbox 2039 1823 2297 1879; x_wconf 87' lang='lat' dir='ltr'><strong>Dominus</strong></span> 
     </span>
    </p>
   </div>
   <div class='ocr_carea' id='block_1_36' title="bbox 748 1914 2297 1984">
    <p class='ocr_par' dir='ltr' id='par_1_36' title="bbox 748 1914 2297 1984">
     <span class='ocr_line' id='line_1_36' title="bbox 748 1914 2297 1984; baseline -0.003 -10"><span class='ocrx_word' id='word_1_246' title='bbox 748 1920 1045 1975; x_wconf 89' lang='lat' dir='ltr'><strong>secundum</strong></span> <span class='ocrx_word' id='word_1_247' title='bbox 1083 1933 1177 1971; x_wconf 89' lang='lat' dir='ltr'><strong>cor</strong></span> <span class='ocrx_word' id='word_1_248' title='bbox 1223 1927 1397 1978; x_wconf 89' lang='lat' dir='ltr'><strong>tuum,</strong></span> <span class='ocrx_word' id='word_1_249' title='bbox 1440 1925 1493 1969; x_wconf 89' lang='lat' dir='ltr'><strong>et</strong></span> <span class='ocrx_word' id='word_1_250' title='bbox 1528 1917 1618 1967; x_wconf 82' lang='lat' dir='ltr'><strong>fiat</strong></span> <span class='ocrx_word' id='word_1_251' title='bbox 1647 1916 1763 1979; x_wconf 87' lang='lat' dir='ltr'><strong>tibi,</strong></span> <span class='ocrx_word' id='word_1_252' title='bbox 1802 1916 1894 1978; x_wconf 87' lang='lat' dir='ltr'><strong>ait,</strong></span> <span class='ocrx_word' id='word_1_253' title='bbox 1940 1914 2297 1984; x_wconf 85' lang='lat' dir='ltr'><strong>quemadmo-</strong></span> 
     </span>
    </p>
   </div>
   <div class='ocr_carea' id='block_1_37' title="bbox 746 2004 2295 2077">
    <p class='ocr_par' dir='ltr' id='par_1_37' title="bbox 746 2004 2295 2077">
     <span class='ocr_line' id='line_1_37' title="bbox 746 2004 2295 2077; baseline -0.003 -14"><span class='ocrx_word' id='word_1_254' title='bbox 746 2012 871 2064; x_wconf 82' lang='lat' dir='ltr'><strong>dum</strong></span> <span class='ocrx_word' id='word_1_255' title='bbox 898 2007 1223 2077; x_wconf 78' lang='lat' dir='ltr'><strong>exspectasti</strong></span> <span class='ocrx_word' id='word_1_256' title='bbox 1264 2008 1308 2038; x_wconf 79' lang='lat'><strong>“</strong></span> <span class='ocrx_word' id='word_1_257' title='bbox 1341 2024 1355 2059; x_wconf 89' lang='lat'>:</span> <span class='ocrx_word' id='word_1_258' title='bbox 1395 2024 1413 2057; x_wconf 74' lang='grc' dir='ltr'><strong>ι</strong></span> <span class='ocrx_word' id='word_1_259' title='bbox 1459 2013 1510 2059; x_wconf 91' lang='lat' dir='ltr'><strong>et</strong></span> <span class='ocrx_word' id='word_1_260' title='bbox 1540 2004 1761 2059; x_wconf 81' lang='lat' dir='ltr'><strong>obruant</strong></span> <span class='ocrx_word' id='word_1_261' title='bbox 1796 2012 1846 2058; x_wconf 91' lang='lat' dir='ltr'><strong>te</strong></span> <span class='ocrx_word' id='word_1_262' title='bbox 1874 2004 2295 2071; x_wconf 82' lang='lat' dir='ltr'><strong>calamitatibus,</strong></span> 
     </span>
    </p>
   </div>
   <div class='ocr_carea' id='block_1_38' title="bbox 744 2095 2299 2165">
    <p class='ocr_par' dir='ltr' id='par_1_38' title="bbox 744 2095 2299 2165">
     <span class='ocr_line' id='line_1_38' title="bbox 744 2095 2299 2165; baseline -0.005 -9"><span class='ocrx_word' id='word_1_263' title='bbox 744 2111 799 2157; x_wconf 90' lang='lat' dir='ltr'><strong>et</strong></span> <span class='ocrx_word' id='word_1_264' title='bbox 838 2100 1243 2162; x_wconf 80' lang='lat' dir='ltr'><strong>afﬂictionibus,</strong></span> <span class='ocrx_word' id='word_1_265' title='bbox 1277 2108 1329 2151; x_wconf 89' lang='lat' dir='ltr'><strong>et</strong></span> <span class='ocrx_word' id='word_1_266' title='bbox 1361 2098 1709 2159; x_wconf 73' lang='lat' dir='ltr'><strong>maeroribus,</strong></span> <span class='ocrx_word' id='word_1_267' title='bbox 1749 2110 1866 2164; x_wconf 75' lang='lat' dir='ltr'><strong>quae</strong></span> <span class='ocrx_word' id='word_1_268' title='bbox 1895 2110 2070 2165; x_wconf 62' lang='lat' dir='ltr'><strong>pravae</strong></span> <span class='ocrx_word' id='word_1_269' title='bbox 2112 2095 2299 2150; x_wconf 85' lang='lat' dir='ltr'><strong>obser-</strong></span> 
     </span>
    </p>
   </div>
   <div class='ocr_carea' id='block_1_39' title="bbox 744 2183 2298 2255">
    <p class='ocr_par' dir='ltr' id='par_1_39' title="bbox 744 2183 2298 2255">
     <span class='ocr_line' id='line_1_39' title="bbox 744 2183 2298 2255; baseline -0.008 -7"><span class='ocrx_word' id='word_1_270' title='bbox 744 2196 947 2248; x_wconf 62' lang='lat' dir='ltr'><strong>rationi</strong></span> <span class='ocrx_word' id='word_1_271' title='bbox 978 2194 1167 2255; x_wconf 83' lang='lat' dir='ltr'><strong>fidens,</strong></span> <span class='ocrx_word' id='word_1_272' title='bbox 1197 2193 1421 2245; x_wconf 87' lang='lat' dir='ltr'><strong>timuisti</strong></span> <span class='ocrx_word' id='word_1_273' title='bbox 1448 2207 1459 2241; x_wconf 89' lang='lat'><strong>:</strong></span> <span class='ocrx_word' id='word_1_274' title='bbox 1494 2197 1551 2241; x_wconf 92' lang='lat' dir='ltr'><strong>ut</strong></span> <span class='ocrx_word' id='word_1_275' title='bbox 1572 2187 1788 2241; x_wconf 84' lang='lat' dir='ltr'><strong>tandem</strong></span> <span class='ocrx_word' id='word_1_276' title='bbox 1812 2185 2099 2254; x_wconf 85' lang='lat' dir='ltr'><strong>aliquando</strong></span> <span class='ocrx_word' id='word_1_277' title='bbox 2122 2183 2298 2238; x_wconf 86' lang='lat' dir='ltr'><strong>delusi</strong></span> 
     </span>
    </p>
   </div>
   <div class='ocr_carea' id='block_1_40' title="bbox 746 2274 2298 2356">
    <p class='ocr_par' dir='ltr' id='par_1_40' title="bbox 746 2274 2298 2356">
     <span class='ocr_line' id='line_1_40' title="bbox 746 2274 2298 2356; baseline -0.008 -16"><span class='ocrx_word' id='word_1_278' title='bbox 746 2287 823 2340; x_wconf 89' lang='lat' dir='ltr'><strong>illi</strong></span> <span class='ocrx_word' id='word_1_279' title='bbox 853 2285 1123 2356; x_wconf 85' lang='lat' dir='ltr'><strong>propriam</strong></span> <span class='ocrx_word' id='word_1_280' title='bbox 1168 2282 1453 2336; x_wconf 85' lang='lat' dir='ltr'><strong>stultitiam</strong></span> <span class='ocrx_word' id='word_1_281' title='bbox 1486 2278 1817 2348; x_wconf 82' lang='lat' dir='ltr'><strong>detegentes,</strong></span> <span class='ocrx_word' id='word_1_282' title='bbox 1850 2277 2075 2330; x_wconf 63' lang='lat' dir='ltr'><strong>sincera:</strong></span> <span class='ocrx_word' id='word_1_283' title='bbox 2124 2274 2298 2344; x_wconf 76' lang='lat' dir='ltr'><strong>pceni-</strong></span> 
     </span>
    </p>
   </div>
   <div class='ocr_carea' id='block_1_41' title="bbox 746 2363 2298 2443">
    <p class='ocr_par' dir='ltr' id='par_1_41' title="bbox 746 2363 2298 2443">
     <span class='ocr_line' id='line_1_41' title="bbox 746 2363 2298 2443; baseline -0.008 -14"><span class='ocrx_word' id='word_1_284' title='bbox 746 2379 928 2430; x_wconf 66' lang='lat' dir='ltr'><strong>tentia:</strong></span> <span class='ocrx_word' id='word_1_285' title='bbox 951 2391 1072 2443; x_wconf 84' lang='lat' dir='ltr'><strong>ope,</strong></span> <span class='ocrx_word' id='word_1_286' title='bbox 1106 2371 1454 2426; x_wconf 73' lang='lat' dir='ltr'><strong>exsecranda:</strong></span> <span class='ocrx_word' id='word_1_287' title='bbox 1486 2369 1563 2422; x_wconf 88' lang='lat' dir='ltr'><strong>illi</strong></span> <span class='ocrx_word' id='word_1_288' title='bbox 1588 2365 1950 2421; x_wconf 73' lang='lat' dir='ltr'><strong>observationi</strong></span> <span class='ocrx_word' id='word_1_289' title='bbox 1995 2363 2152 2417; x_wconf 82' lang='lat' dir='ltr'><strong>ﬁnem</strong></span> <span class='ocrx_word' id='word_1_290' title='bbox 2196 2364 2298 2433; x_wconf 84' lang='lat' dir='ltr'><strong>im-</strong></span> 
     </span>
    </p>
   </div>
   <div class='ocr_carea' id='block_1_42' title="bbox 744 2456 2299 2536">
    <p class='ocr_par' dir='ltr' id='par_1_42' title="bbox 744 2456 2299 2536">
     <span class='ocr_line' id='line_1_42' title="bbox 744 2456 2299 2536; baseline -0.008 -16"><span class='ocrx_word' id='word_1_291' title='bbox 744 2473 971 2536; x_wconf 88' lang='lat' dir='ltr'><strong>ponant,</strong></span> <span class='ocrx_word' id='word_1_292' title='bbox 1022 2472 1073 2517; x_wconf 88' lang='lat' dir='ltr'><strong>et</strong></span> <span class='ocrx_word' id='word_1_293' title='bbox 1121 2462 1317 2517; x_wconf 76' lang='lat' dir='ltr'><strong>divinae</strong></span> <span class='ocrx_word' id='word_1_294' title='bbox 1378 2457 1735 2529; x_wconf 72' lang='lat' dir='ltr'><strong>providentia:</strong></span> <span class='ocrx_word' id='word_1_295' title='bbox 1783 2456 1837 2510; x_wconf 88' lang='lat' dir='ltr'><strong>in</strong></span> <span class='ocrx_word' id='word_1_296' title='bbox 1885 2462 2160 2525; x_wconf 85' lang='lat' dir='ltr'><strong>posterum</strong></span> <span class='ocrx_word' id='word_1_297' title='bbox 2211 2468 2299 2508; x_wconf 89' lang='lat' dir='ltr'><strong>res</strong></span> 
     </span>
    </p>
   </div>
   <div class='ocr_carea' id='block_1_43' title="bbox 747 2543 2294 2626">
    <p class='ocr_par' dir='ltr' id='par_1_43' title="bbox 747 2543 2294 2626">
     <span class='ocr_line' id='line_1_43' title="bbox 747 2543 2294 2626; baseline -0.008 -18"><span class='ocrx_word' id='word_1_298' title='bbox 747 2555 995 2626; x_wconf 81' lang='lat' dir='ltr'><strong>proprias</strong></span> <span class='ocrx_word' id='word_1_299' title='bbox 1023 2552 1447 2612; x_wconf 84' lang='lat' dir='ltr'><strong>committentes,</strong></span> <span class='ocrx_word' id='word_1_300' title='bbox 1488 2548 1761 2619; x_wconf 83' lang='lat' dir='ltr'><strong>propriam</strong></span> <span class='ocrx_word' id='word_1_301' title='bbox 1784 2547 2017 2599; x_wconf 86' lang='lat' dir='ltr'><strong>animam</strong></span> <span class='ocrx_word' id='word_1_302' title='bbox 2050 2543 2196 2626; x_wconf 83' lang='lat' dir='ltr'><strong>omni</strong></span> <span class='ocrx_word' id='word_1_303' title='bbox 2233 2559 2294 2598; x_wconf 79' lang='lat' dir='ltr'><strong>ex</strong></span> 
     </span>
    </p>
   </div>
   <div class='ocr_carea' id='block_1_44' title="bbox 744 2624 2130 2713">
    <p class='ocr_par' dir='ltr' id='par_1_44' title="bbox 744 2624 2130 2713">
     <span class='ocr_line' id='line_1_44' title="bbox 744 2624 2130 2713; baseline -0.006 -19"><span class='ocrx_word' id='word_1_304' title='bbox 744 2624 895 2713; x_wconf 90' lang='lat' dir='ltr'><strong>parte</strong></span> <span class='ocrx_word' id='word_1_305' title='bbox 925 2644 987 2696; x_wconf 85' lang='lat' dir='ltr'><strong>ad</strong></span> <span class='ocrx_word' id='word_1_306' title='bbox 1018 2642 1179 2694; x_wconf 90' lang='lat' dir='ltr'><strong>Deum</strong></span> <span class='ocrx_word' id='word_1_307' title='bbox 1219 2641 1503 2693; x_wconf 86' lang='lat' dir='ltr'><strong>reducant.</strong></span> <span class='ocrx_word' id='word_1_308' title='bbox 2124 2624 2130 2629; x_wconf 68' lang='grc'><strong>’</strong></span> 
     </span>
    </p>
   </div>
   <div class='ocr_carea' id='block_1_45' title="bbox 2402 1822 3970 1898">
    <p class='ocr_par' dir='ltr' id='par_1_45' title="bbox 2402 1822 3970 1898">
     <span class='ocr_line' id='line_1_45' title="bbox 2402 1822 3970 1898; baseline 0.001 -21"><span class='ocrx_word' id='word_1_309' title='bbox 2402 1822 2509 1877; x_wconf 88' lang='grc' dir='ltr'><strong>τῶν</strong></span> <span class='ocrx_word' id='word_1_310' title='bbox 2542 1825 2740 1877; x_wconf 87' lang='grc' dir='ltr'>ἀθλίων</span> <span class='ocrx_word' id='word_1_311' title='bbox 2770 1826 3040 1897; x_wconf 81' lang='grc' dir='ltr'>κοράκων,</span> <span class='ocrx_word' id='word_1_312' title='bbox 3074 1827 3107 1897; x_wconf 72' lang='grc' dir='ltr'>ἢ</span> <span class='ocrx_word' id='word_1_313' title='bbox 3144 1828 3361 1898; x_wconf 82' lang='grc' dir='ltr'>χοίρων,</span> <span class='ocrx_word' id='word_1_314' title='bbox 3396 1828 3428 1895; x_wconf 84' lang='grc' dir='ltr'>ἢ</span> <span class='ocrx_word' id='word_1_315' title='bbox 3462 1827 3653 1891; x_wconf 83' lang='grc' dir='ltr'>κυνῶν,</span> <span class='ocrx_word' id='word_1_316' title='bbox 3687 1826 3717 1896; x_wconf 85' lang='grc' dir='ltr'>ἢ</span> <span class='ocrx_word' id='word_1_317' title='bbox 3746 1825 3970 1897; x_wconf 86' lang='grc' dir='ltr'>ἀνθρὼ-</span> 
     </span>
    </p>
   </div>
   <div class='ocr_carea' id='block_1_46' title="bbox 2403 1916 3973 1989">
    <p class='ocr_par' dir='ltr' id='par_1_46' title="bbox 2403 1916 3973 1989">
     <span class='ocr_line' id='line_1_46' title="bbox 2403 1916 3973 1989; baseline 0.001 -19"><span class='ocrx_word' id='word_1_318' title='bbox 2403 1933 2538 1979; x_wconf 82' lang='grc' dir='ltr'>πων,</span> <span class='ocrx_word' id='word_1_319' title='bbox 2572 1916 2686 1967; x_wconf 76' lang='grc' dir='ltr'>ἀλλ’</span> <span class='ocrx_word' id='word_1_320' title='bbox 2716 1918 2779 1969; x_wconf 84' lang='grc' dir='ltr'>ἐκ</span> <span class='ocrx_word' id='word_1_321' title='bbox 2819 1917 2915 1987; x_wconf 87' lang='grc' dir='ltr'>τῆς</span> <span class='ocrx_word' id='word_1_322' title='bbox 2942 1917 3034 1972; x_wconf 90' lang='grc' dir='ltr'><strong>τοῦ</strong></span> <span class='ocrx_word' id='word_1_323' title='bbox 3069 1918 3200 1971; x_wconf 88' lang='grc' dir='ltr'>Θεοῦ</span> <span class='ocrx_word' id='word_1_324' title='bbox 3229 1917 3486 1989; x_wconf 85' lang='grc' dir='ltr'>κρίσεως,</span> <span class='ocrx_word' id='word_1_325' title='bbox 3518 1918 3838 1980; x_wconf 80' lang='grc' dir='ltr'>κολάζοντος</span> <span class='ocrx_word' id='word_1_326' title='bbox 3868 1919 3973 1971; x_wconf 79' lang='grc' dir='ltr'>καὶ</span> 
     </span>
    </p>
   </div>
   <div class='ocr_carea' id='block_1_47' title="bbox 2400 2006 3969 2079">
    <p class='ocr_par' dir='ltr' id='par_1_47' title="bbox 2400 2006 3969 2079">
     <span class='ocr_line' id='line_1_47' title="bbox 2400 2006 3969 2079; baseline 0.001 -22"><span class='ocrx_word' id='word_1_327' title='bbox 2400 2007 2893 2077; x_wconf 78' lang='grc' dir='ltr'>ὲκμυκτηρίζοντος</span> <span class='ocrx_word' id='word_1_328' title='bbox 2923 2008 3020 2079; x_wconf 76' lang='grc' dir='ltr'>τὴν</span> <span class='ocrx_word' id='word_1_329' title='bbox 3046 2010 3301 2061; x_wconf 76' lang='grc' dir='ltr'>ἀπιστίαν</span> <span class='ocrx_word' id='word_1_330' title='bbox 3329 2008 3529 2061; x_wconf 82' lang='grc' dir='ltr'>αὐτῶν.</span> <span class='ocrx_word' id='word_1_331' title='bbox 3551 2028 3568 2058; x_wconf 88' lang='grc' dir='ltr'><strong>ι</strong></span> <span class='ocrx_word' id='word_1_332' title='bbox 3594 2006 3711 2076; x_wconf 80' lang='grc' dir='ltr'>Δῴη</span> <span class='ocrx_word' id='word_1_333' title='bbox 3740 2007 3852 2076; x_wconf 84' lang='grc' dir='ltr'><strong>γάρ</strong></span> <span class='ocrx_word' id='word_1_334' title='bbox 3881 2024 3969 2058; x_wconf 90' lang='grc' dir='ltr'><strong>σοι</strong></span> 
     </span>
    </p>
   </div>
   <div class='ocr_carea' id='block_1_48' title="bbox 2400 2096 3965 2170">
    <p class='ocr_par' dir='ltr' id='par_1_48' title="bbox 2400 2096 3965 2170">
     <span class='ocr_line' id='line_1_48' title="bbox 2400 2096 3965 2170; baseline 0.001 -21"><span class='ocrx_word' id='word_1_335' title='bbox 2400 2096 2601 2168; x_wconf 83' lang='grc' dir='ltr'>Κύριος</span> <span class='ocrx_word' id='word_1_336' title='bbox 2644 2101 2785 2154; x_wconf 85' lang='grc' dir='ltr'><strong>κατά</strong></span> <span class='ocrx_word' id='word_1_337' title='bbox 2820 2100 2919 2169; x_wconf 74' lang='grc' dir='ltr'>τὴν</span> <span class='ocrx_word' id='word_1_338' title='bbox 2960 2100 3185 2170; x_wconf 78' lang='grc' dir='ltr'>καρδίαν</span> <span class='ocrx_word' id='word_1_339' title='bbox 3235 2118 3361 2165; x_wconf 87' lang='grc' dir='ltr'>σου,</span> <span class='ocrx_word' id='word_1_340' title='bbox 3415 2099 3506 2152; x_wconf 70' lang='grc' dir='ltr'>καὶ</span> <span class='ocrx_word' id='word_1_341' title='bbox 3536 2100 3819 2168; x_wconf 76' lang='grc' dir='ltr'>γενηθήτω</span> <span class='ocrx_word' id='word_1_342' title='bbox 3853 2116 3965 2163; x_wconf 86' lang='grc' dir='ltr'>σοι,</span> 
     </span>
    </p>
   </div>
   <div class='ocr_carea' id='block_1_49' title="bbox 2413 2189 3970 2264">
    <p class='ocr_par' dir='ltr' id='par_1_49' title="bbox 2413 2189 3970 2264">
     <span class='ocr_line' id='line_1_49' title="bbox 2413 2189 3970 2264; baseline 0.007 -25"><span class='ocrx_word' id='word_1_343' title='bbox 2413 2189 2565 2258; x_wconf 70' lang='grc' dir='ltr'>φησὶ,</span> <span class='ocrx_word' id='word_1_344' title='bbox 2596 2190 2739 2243; x_wconf 83' lang='grc' dir='ltr'><strong>καθά</strong></span> <span class='ocrx_word' id='word_1_345' title='bbox 2764 2193 3183 2263; x_wconf 79' lang='grc' dir='ltr'>προσεδόκησας·</span> <span class='ocrx_word' id='word_1_346' title='bbox 3216 2215 3233 2247; x_wconf 74' lang='grc' dir='ltr'><strong>ι</strong></span> <span class='ocrx_word' id='word_1_347' title='bbox 3272 2198 3363 2249; x_wconf 73' lang='grc' dir='ltr'>καὶ</span> <span class='ocrx_word' id='word_1_348' title='bbox 3394 2196 3695 2264; x_wconf 86' lang='grc' dir='ltr'>συγκλείσω</span> <span class='ocrx_word' id='word_1_349' title='bbox 3726 2213 3786 2249; x_wconf 86' lang='grc' dir='ltr'><strong>σε</strong></span> <span class='ocrx_word' id='word_1_350' title='bbox 3818 2213 3970 2264; x_wconf 79' lang='grc' dir='ltr'>συμ-</span> 
     </span>
    </p>
   </div>
   <div class='ocr_carea' id='block_1_50' title="bbox 2402 2281 3965 2357">
    <p class='ocr_par' dir='ltr' id='par_1_50' title="bbox 2402 2281 3965 2357">
     <span class='ocr_line' id='line_1_50' title="bbox 2402 2281 3965 2357; baseline 0.005 -27"><span class='ocrx_word' id='word_1_351' title='bbox 2402 2283 2616 2349; x_wconf 73' lang='grc' dir='ltr'>φοραῖς,</span> <span class='ocrx_word' id='word_1_352' title='bbox 2646 2282 2739 2333; x_wconf 74' lang='grc' dir='ltr'><strong>καὶ</strong></span> <span class='ocrx_word' id='word_1_353' title='bbox 2774 2281 2987 2345; x_wconf 84' lang='grc' dir='ltr'>λύπαις,</span> <span class='ocrx_word' id='word_1_354' title='bbox 3025 2285 3117 2335; x_wconf 82' lang='grc' dir='ltr'>καὶ</span> <span class='ocrx_word' id='word_1_355' title='bbox 3153 2284 3414 2355; x_wconf 66' lang='grc' dir='ltr'>θλίψεσιν,</span> <span class='ocrx_word' id='word_1_356' title='bbox 3449 2287 3625 2357; x_wconf 80' lang='grc' dir='ltr'>ἇσπερ</span> <span class='ocrx_word' id='word_1_357' title='bbox 3657 2286 3749 2340; x_wconf 76' lang='grc' dir='ltr'>καὶ</span> <span class='ocrx_word' id='word_1_358' title='bbox 3788 2287 3965 2354; x_wconf 66' lang='grc' dir='ltr'>πεφόσ</span> 
     </span>
    </p>
   </div>
   <div class='ocr_carea' id='block_1_51' title="bbox 2402 2367 3970 2445">
    <p class='ocr_par' dir='ltr' id='par_1_51' title="bbox 2402 2367 3970 2445">
     <span class='ocr_line' id='line_1_51' title="bbox 2402 2367 3970 2445; baseline 0.006 -27"><span class='ocrx_word' id='word_1_359' title='bbox 2402 2367 2564 2434; x_wconf 75' lang='grc' dir='ltr'>ϐησαι</span> <span class='ocrx_word' id='word_1_360' title='bbox 2600 2372 2662 2439; x_wconf 79' lang='grc' dir='ltr'>τῇ</span> <span class='ocrx_word' id='word_1_361' title='bbox 2695 2370 2935 2441; x_wconf 77' lang='grc' dir='ltr'>σημασίᾳ</span> <span class='ocrx_word' id='word_1_362' title='bbox 2964 2375 3027 2442; x_wconf 80' lang='grc' dir='ltr'><strong>τῇ</strong></span> <span class='ocrx_word' id='word_1_363' title='bbox 3076 2374 3252 2445; x_wconf 78' lang='grc' dir='ltr'>φαύλῃ</span> <span class='ocrx_word' id='word_1_364' title='bbox 3306 2378 3624 2445; x_wconf 84' lang='grc' dir='ltr'>πειθόμενος</span> <span class='ocrx_word' id='word_1_365' title='bbox 3648 2391 3661 2406; x_wconf 82' lang='lat'><strong><em>°</em></strong></span> <span class='ocrx_word' id='word_1_366' title='bbox 3697 2376 3845 2438; x_wconf 79' lang='grc' dir='ltr'>ὅπως</span> <span class='ocrx_word' id='word_1_367' title='bbox 3900 2374 3970 2428; x_wconf 80' lang='grc' dir='ltr'><strong>ἀν</strong></span> 
     </span>
    </p>
   </div>
   <div class='ocr_carea' id='block_1_52' title="bbox 2396 2460 3973 2534">
    <p class='ocr_par' dir='ltr' id='par_1_52' title="bbox 2396 2460 3973 2534">
     <span class='ocr_line' id='line_1_52' title="bbox 2396 2460 3973 2534; baseline 0.006 -26"><span class='ocrx_word' id='word_1_368' title='bbox 2396 2474 2523 2508; x_wconf 89' lang='grc' dir='ltr'>ποτε</span> <span class='ocrx_word' id='word_1_369' title='bbox 2556 2461 2633 2521; x_wconf 83' lang='grc' dir='ltr'><strong>είς</strong></span> <span class='ocrx_word' id='word_1_370' title='bbox 2678 2460 2970 2528; x_wconf 78' lang='grc' dir='ltr'>ἐπίγνωσιν</span> <span class='ocrx_word' id='word_1_371' title='bbox 3027 2462 3271 2526; x_wconf 81' lang='grc' dir='ltr'>ἐλθόντες</span> <span class='ocrx_word' id='word_1_372' title='bbox 3325 2464 3425 2534; x_wconf 83' lang='grc' dir='ltr'>τῆς</span> <span class='ocrx_word' id='word_1_373' title='bbox 3475 2466 3684 2517; x_wconf 79' lang='grc' dir='ltr'>ἑαυτῶν</span> <span class='ocrx_word' id='word_1_374' title='bbox 3739 2482 3973 2532; x_wconf 74' lang='grc' dir='ltr'>ματαιοο</span> 
     </span>
    </p>
   </div>
   <div class='ocr_carea' id='block_1_53' title="bbox 2396 2547 3971 2625">
    <p class='ocr_par' dir='ltr' id='par_1_53' title="bbox 2396 2547 3971 2625">
     <span class='ocr_line' id='line_1_53' title="bbox 2396 2547 3971 2625; baseline 0.004 -26"><span class='ocrx_word' id='word_1_375' title='bbox 2396 2547 2664 2619; x_wconf 77' lang='grc' dir='ltr'>φροσύνης</span> <span class='ocrx_word' id='word_1_376' title='bbox 2684 2552 2729 2602; x_wconf 78' lang='lat' dir='ltr'><strong>oi</strong></span> <span class='ocrx_word' id='word_1_377' title='bbox 2753 2550 3197 2622; x_wconf 79' lang='grc' dir='ltr'>ἐξαπατηθέντες,</span> <span class='ocrx_word' id='word_1_378' title='bbox 3217 2554 3311 2607; x_wconf 70' lang='grc' dir='ltr'><strong>καὶ</strong></span> <span class='ocrx_word' id='word_1_379' title='bbox 3337 2555 3593 2624; x_wconf 69' lang='grc' dir='ltr'>μετανοίᾳ</span> <span class='ocrx_word' id='word_1_380' title='bbox 3618 2554 3971 2625; x_wconf 84' lang='grc' dir='ltr'>χρησάμενοι</span> 
     </span>
    </p>
   </div>
   <div class='ocr_carea' id='block_1_54' title="bbox 2395 2638 3968 2715">
    <p class='ocr_par' dir='ltr' id='par_1_54' title="bbox 2395 2638 3968 2715">
     <span class='ocr_line' id='line_1_54' title="bbox 2395 2638 3968 2715; baseline 0.004 -26"><span class='ocrx_word' id='word_1_381' title='bbox 2395 2638 2591 2709; x_wconf 76' lang='grc' dir='ltr'>ἀγαθῇ,</span> <span class='ocrx_word' id='word_1_382' title='bbox 2632 2639 2941 2694; x_wconf 76' lang='grc' dir='ltr'>παύσωνται</span> <span class='ocrx_word' id='word_1_383' title='bbox 2984 2642 3081 2711; x_wconf 79' lang='grc' dir='ltr'>μὲν</span> <span class='ocrx_word' id='word_1_384' title='bbox 3107 2645 3203 2713; x_wconf 82' lang='grc' dir='ltr'>τῆς</span> <span class='ocrx_word' id='word_1_385' title='bbox 3226 2646 3664 2715; x_wconf 78' lang='grc' dir='ltr'>παρατηρήσεως</span> <span class='ocrx_word' id='word_1_386' title='bbox 3691 2644 3789 2713; x_wconf 81' lang='grc' dir='ltr'>τῆς</span> <span class='ocrx_word' id='word_1_387' title='bbox 3822 2644 3968 2713; x_wconf 83' lang='grc' dir='ltr'>βδε-</span> 
     </span>
    </p>
   </div>
   <div class='ocr_carea' id='block_1_55' title="bbox 742 2721 3973 2806">
    <p class='ocr_par' dir='ltr' id='par_1_55' title="bbox 742 2721 3973 2806">
     <span class='ocr_line' id='line_1_55' title="bbox 742 2721 3973 2806; baseline 0.001 -22"><span class='ocrx_word' id='word_1_388' title='bbox 742 2736 929 2805; x_wconf 78' lang='grc' dir='ltr'>λυρᾶς,</span> <span class='ocrx_word' id='word_1_389' title='bbox 978 2735 1045 2801; x_wconf 80' lang='grc' dir='ltr'>τῇ</span> <span class='ocrx_word' id='word_1_390' title='bbox 1081 2731 1133 2782; x_wconf 85' lang='grc' dir='ltr'>δὲ</span> <span class='ocrx_word' id='word_1_391' title='bbox 1165 2729 1282 2799; x_wconf 80' lang='grc' dir='ltr'>θείᾳ</span> <span class='ocrx_word' id='word_1_392' title='bbox 1354 2726 1579 2798; x_wconf 86' lang='grc' dir='ltr'>προνοίᾳ</span> <span class='ocrx_word' id='word_1_393' title='bbox 1644 2724 1713 2776; x_wconf 73' lang='grc' dir='ltr'>τὰ</span> <span class='ocrx_word' id='word_1_394' title='bbox 1757 2724 1874 2776; x_wconf 83' lang='grc' dir='ltr'>καθ’</span> <span class='ocrx_word' id='word_1_395' title='bbox 1918 2722 2139 2785; x_wconf 78' lang='grc' dir='ltr'>ἑαυτοὺς</span> <span class='ocrx_word' id='word_1_396' title='bbox 2176 2721 2360 2777; x_wconf 63' lang='grc' dir='ltr'>λοιπὸν</span> <span class='ocrx_word' id='word_1_397' title='bbox 2402 2722 2824 2798; x_wconf 72' lang='grc' dir='ltr'>ἐπιτρέψαντες,</span> <span class='ocrx_word' id='word_1_398' title='bbox 2880 2733 3211 2803; x_wconf 82' lang='grc' dir='ltr'>πανταχόθεν</span> <span class='ocrx_word' id='word_1_399' title='bbox 3258 2734 3354 2805; x_wconf 82' lang='grc' dir='ltr'><strong>τήν</strong></span> <span class='ocrx_word' id='word_1_400' title='bbox 3408 2736 3542 2789; x_wconf 71' lang='grc' dir='ltr'>ἰδίαν</span> <span class='ocrx_word' id='word_1_401' title='bbox 3596 2736 3773 2806; x_wconf 78' lang='grc' dir='ltr'>ψυχὴν</span> <span class='ocrx_word' id='word_1_402' title='bbox 3818 2736 3973 2806; x_wconf 80' lang='grc' dir='ltr'>πρὸς</span> 
     </span>
    </p>
   </div>
   <div class='ocr_carea' id='block_1_56' title="bbox 742 2826 1265 2892">
    <p class='ocr_par' dir='ltr' id='par_1_56' title="bbox 742 2826 1265 2892">
     <span class='ocr_line' id='line_1_56' title="bbox 742 2826 1265 2892; baseline -0.013 -9"><span class='ocrx_word' id='word_1_403' title='bbox 742 2832 873 2883; x_wconf 73' lang='grc' dir='ltr'>Θεὸν</span> <span class='ocrx_word' id='word_1_404' title='bbox 903 2826 1265 2892; x_wconf 78' lang='grc' dir='ltr'>ἐπανάγωσιν.</span> 
     </span>
    </p>
   </div>
   <div class='ocr_carea' id='block_1_57' title="bbox 1090 2928 1933 2989">
    <p class='ocr_par' dir='ltr' id='par_1_57' title="bbox 1090 2928 1933 2989">
     <span class='ocr_line' id='line_1_57' title="bbox 1090 2928 1933 2989; baseline -0.007 -1"><span class='ocrx_word' id='word_1_405' title='bbox 1090 2934 1240 2989; x_wconf 78' lang='lat' dir='ltr'><strong>CLII.</strong></span> <span class='ocrx_word' id='word_1_406' title='bbox 1275 2962 1344 2972; x_wconf 89' lang='lat'><strong>-——</strong></span> <span class='ocrx_word' id='word_1_407' title='bbox 1382 2930 1639 2985; x_wconf 76' lang='lat' dir='ltr'><strong>MARONI</strong></span> <span class='ocrx_word' id='word_1_408' title='bbox 1681 2928 1933 2984; x_wconf 76' lang='lat' dir='ltr'><strong>COMITI.</strong></span> 
     </span>
    </p>
   </div>
   <div class='ocr_carea' id='block_1_58' title="bbox 809 3039 2365 3129">
    <p class='ocr_par' dir='ltr' id='par_1_58' title="bbox 809 3039 2365 3129">
     <span class='ocr_line' id='line_1_58' title="bbox 809 3039 2365 3129; baseline -0.012 -22"><span class='ocrx_word' id='word_1_409' title='bbox 809 3052 885 3107; x_wconf 88' lang='lat' dir='ltr'><strong>Ne</strong></span> <span class='ocrx_word' id='word_1_410' title='bbox 914 3048 1260 3119; x_wconf 71' lang='lat' dir='ltr'><strong>blasphemia:</strong></span> <span class='ocrx_word' id='word_1_411' title='bbox 1287 3045 1536 3113; x_wconf 86' lang='lat' dir='ltr'><strong>spiritum</strong></span> <span class='ocrx_word' id='word_1_412' title='bbox 1571 3044 1765 3111; x_wconf 68' lang='lat' dir='ltr'><strong>saepius</strong></span> <span class='ocrx_word' id='word_1_413' title='bbox 1796 3041 1888 3095; x_wconf 86' lang='lat' dir='ltr'><strong>Dei</strong></span> <span class='ocrx_word' id='word_1_414' title='bbox 1920 3039 2141 3097; x_wconf 83' lang='lat' dir='ltr'><strong>amanti.</strong></span> <span class='ocrx_word' id='word_1_415' title='bbox 2177 3053 2294 3107; x_wconf 86' lang='lat' dir='ltr'><strong>pro-</strong></span> <span class='ocrx_word' id='word_1_416' title='bbox 2325 3073 2365 3129; x_wconf 65' lang='grc' dir='ltr'>Ο</span> 
     </span>
    </p>
   </div>
   <div class='ocr_carea' id='block_1_59' title="bbox 741 3132 2296 3214">
    <p class='ocr_par' dir='ltr' id='par_1_59' title="bbox 741 3132 2296 3214">
     <span class='ocr_line' id='line_1_59' title="bbox 741 3132 2296 3214; baseline -0.014 -12"><span class='ocrx_word' id='word_1_417' title='bbox 741 3149 927 3214; x_wconf 72' lang='lat' dir='ltr'><strong>bteqne</strong></span> <span class='ocrx_word' id='word_1_418' title='bbox 962 3154 1065 3196; x_wconf 72' lang='lat' dir='ltr'><strong>tua:</strong></span> <span class='ocrx_word' id='word_1_419' title='bbox 1094 3141 1284 3193; x_wconf 72' lang='lat' dir='ltr'><strong>anima:</strong></span> <span class='ocrx_word' id='word_1_420' title='bbox 1311 3137 1609 3190; x_wconf 85' lang='lat' dir='ltr'><strong>molestiam</strong></span> <span class='ocrx_word' id='word_1_421' title='bbox 1635 3134 1975 3187; x_wconf 77' lang='lat' dir='ltr'><strong>exhibentem</strong></span> <span class='ocrx_word' id='word_1_422' title='bbox 2003 3132 2113 3184; x_wconf 92' lang='lat' dir='ltr'><strong>ullo</strong></span> <span class='ocrx_word' id='word_1_423' title='bbox 2138 3132 2296 3183; x_wconf 77' lang='lat' dir='ltr'><strong>modo</strong></span> 
     </span>
    </p>
   </div>
   <div class='ocr_carea' id='block_1_60' title="bbox 742 3222 2293 3293">
    <p class='ocr_par' dir='ltr' id='par_1_60' title="bbox 742 3222 2293 3293">
     <span class='ocr_line' id='line_1_60' title="bbox 742 3222 2293 3293; baseline -0.011 -3"><span class='ocrx_word' id='word_1_424' title='bbox 742 3238 1087 3293; x_wconf 80' lang='lat' dir='ltr'><strong>extimescas,</strong></span> <span class='ocrx_word' id='word_1_425' title='bbox 1121 3232 1226 3283; x_wconf 81' lang='lat' dir='ltr'><strong>into</strong></span> <span class='ocrx_word' id='word_1_426' title='bbox 1260 3244 1381 3282; x_wconf 89' lang='lat' dir='ltr'><strong>eum</strong></span> <span class='ocrx_word' id='word_1_427' title='bbox 1422 3234 1475 3280; x_wconf 88' lang='lat' dir='ltr'><strong>et</strong></span> <span class='ocrx_word' id='word_1_428' title='bbox 1513 3226 1782 3288; x_wconf 88' lang='lat' dir='ltr'><strong>oratione,</strong></span> <span class='ocrx_word' id='word_1_429' title='bbox 1827 3233 1880 3278; x_wconf 89' lang='lat' dir='ltr'><strong>et</strong></span> <span class='ocrx_word' id='word_1_430' title='bbox 1920 3222 2293 3284; x_wconf 87' lang='lat' dir='ltr'><strong>beneficentia,</strong></span> 
     </span>
    </p>
   </div>
   <div class='ocr_carea' id='block_1_61' title="bbox 742 3312 2296 3395">
    <p class='ocr_par' dir='ltr' id='par_1_61' title="bbox 742 3312 2296 3395">
     <span class='ocr_line' id='line_1_61' title="bbox 742 3312 2296 3395; baseline -0.012 -14"><span class='ocrx_word' id='word_1_431' title='bbox 742 3337 797 3381; x_wconf 83' lang='lat' dir='ltr'><strong>et</strong></span> <span class='ocrx_word' id='word_1_432' title='bbox 834 3336 1216 3395; x_wconf 86' lang='lat' dir='ltr'><strong>oppressurum</strong></span> <span class='ocrx_word' id='word_1_433' title='bbox 1252 3317 1535 3383; x_wconf 87' lang='lat' dir='ltr'><strong>subsidiis,</strong></span> <span class='ocrx_word' id='word_1_434' title='bbox 1571 3326 1623 3369; x_wconf 90' lang='lat' dir='ltr'><strong>et</strong></span> <span class='ocrx_word' id='word_1_435' title='bbox 1659 3314 1965 3375; x_wconf 85' lang='lat' dir='ltr'><strong>tolerantia,</strong></span> <span class='ocrx_word' id='word_1_436' title='bbox 1997 3321 2050 3367; x_wconf 89' lang='lat' dir='ltr'><strong>et</strong></span> <span class='ocrx_word' id='word_1_437' title='bbox 2082 3312 2296 3364; x_wconf 88' lang='lat' dir='ltr'><strong>humili-</strong></span> 
     </span>
    </p>
   </div>
   <div class='ocr_carea' id='block_1_62' title="bbox 741 3407 2295 3483">
    <p class='ocr_par' dir='ltr' id='par_1_62' title="bbox 741 3407 2295 3483">
     <span class='ocr_line' id='line_1_62' title="bbox 741 3407 2295 3483; baseline -0.01 -12"><span class='ocrx_word' id='word_1_438' title='bbox 741 3428 873 3483; x_wconf 85' lang='lat' dir='ltr'><strong>tate,</strong></span> <span class='ocrx_word' id='word_1_439' title='bbox 905 3427 958 3470; x_wconf 91' lang='lat' dir='ltr'><strong>et</strong></span> <span class='ocrx_word' id='word_1_440' title='bbox 988 3428 1114 3483; x_wconf 87' lang='lat' dir='ltr'><strong>erga</strong></span> <span class='ocrx_word' id='word_1_441' title='bbox 1152 3425 1343 3467; x_wconf 84' lang='lat' dir='ltr'><strong>servos</strong></span> <span class='ocrx_word' id='word_1_442' title='bbox 1376 3418 1498 3463; x_wconf 90' lang='lat' dir='ltr'><strong>tuos</strong></span> <span class='ocrx_word' id='word_1_443' title='bbox 1538 3407 1691 3477; x_wconf 79' lang='lat'><strong>192</strong></span> <span class='ocrx_word' id='word_1_444' title='bbox 1738 3408 2070 3459; x_wconf 86' lang='lat' dir='ltr'><strong>humanitate</strong></span> <span class='ocrx_word' id='word_1_445' title='bbox 2104 3420 2295 3481; x_wconf 87' lang='lat' dir='ltr'><strong>pereu—</strong></span> 
     </span>
    </p>
   </div>
   <div class='ocr_carea' id='block_1_63' title="bbox 750 3496 2297 3573">
    <p class='ocr_par' dir='ltr' id='par_1_63' title="bbox 750 3496 2297 3573">
     <span class='ocr_line' id='line_1_63' title="bbox 750 3496 2297 3573; baseline -0.008 -11"><span class='ocrx_word' id='word_1_446' title='bbox 750 3511 913 3570; x_wconf 87' lang='lat' dir='ltr'><strong>tiens,</strong></span> <span class='ocrx_word' id='word_1_447' title='bbox 958 3507 1176 3573; x_wconf 86' lang='lat' dir='ltr'><strong>impete.</strong></span> <span class='ocrx_word' id='word_1_448' title='bbox 1212 3500 1335 3555; x_wconf 72' lang='lat' dir='ltr'><strong>llaec</strong></span> <span class='ocrx_word' id='word_1_449' title='bbox 1373 3501 1540 3560; x_wconf 87' lang='lat' dir='ltr'><strong>enim,</strong></span> <span class='ocrx_word' id='word_1_450' title='bbox 1577 3507 1631 3552; x_wconf 89' lang='lat' dir='ltr'><strong>et</strong></span> <span class='ocrx_word' id='word_1_451' title='bbox 1662 3500 1745 3552; x_wconf 83' lang='lat' dir='ltr'><strong>his</strong></span> <span class='ocrx_word' id='word_1_452' title='bbox 1779 3498 1974 3550; x_wconf 87' lang='lat' dir='ltr'><strong>similia</strong></span> <span class='ocrx_word' id='word_1_453' title='bbox 2009 3512 2074 3549; x_wconf 80' lang='lat' dir='ltr'><strong>ex</strong></span> <span class='ocrx_word' id='word_1_454' title='bbox 2117 3496 2297 3549; x_wconf 89' lang='lat' dir='ltr'><strong>animo</strong></span> 
     </span>
    </p>
   </div>
   <div class='ocr_carea' id='block_1_64' title="bbox 743 3588 2296 3667">
    <p class='ocr_par' dir='ltr' id='par_1_64' title="bbox 743 3588 2296 3667">
     <span class='ocr_line' id='line_1_64' title="bbox 743 3588 2296 3667; baseline -0.008 -12"><span class='ocrx_word' id='word_1_455' title='bbox 743 3613 837 3655; x_wconf 90' lang='lat' dir='ltr'><strong>tuo</strong></span> <span class='ocrx_word' id='word_1_456' title='bbox 858 3598 1118 3667; x_wconf 86' lang='lat' dir='ltr'><strong>repellere</strong></span> <span class='ocrx_word' id='word_1_457' title='bbox 1146 3602 1371 3663; x_wconf 77' lang='lat' dir='ltr'><strong>possunt</strong></span> <span class='ocrx_word' id='word_1_458' title='bbox 1400 3590 1689 3643; x_wconf 76' lang='lat' dir='ltr'><strong>exitiosum</strong></span> <span class='ocrx_word' id='word_1_459' title='bbox 1726 3589 2047 3649; x_wconf 77' lang='lat' dir='ltr'><strong>daemonem,</strong></span> <span class='ocrx_word' id='word_1_460' title='bbox 2085 3588 2176 3657; x_wconf 87' lang='lat' dir='ltr'><strong>qui</strong></span> <span class='ocrx_word' id='word_1_461' title='bbox 2202 3588 2296 3642; x_wconf 90' lang='lat' dir='ltr'><strong>tibi</strong></span> 
     </span>
    </p>
   </div>
   <div class='ocr_carea' id='block_1_65' title="bbox 740 3684 2299 3763">
    <p class='ocr_par' dir='ltr' id='par_1_65' title="bbox 740 3684 2299 3763">
     <span class='ocr_line' id='line_1_65' title="bbox 740 3684 2299 3763; baseline -0.008 -16"><span class='ocrx_word' id='word_1_462' title='bbox 740 3694 1099 3763; x_wconf 85' lang='lat' dir='ltr'><strong>cogitationes</strong></span> <span class='ocrx_word' id='word_1_463' title='bbox 1151 3688 1405 3741; x_wconf 76' lang='lat' dir='ltr'><strong>eﬂ&#39;eratas</strong></span> <span class='ocrx_word' id='word_1_464' title='bbox 1462 3695 1524 3738; x_wconf 86' lang='lat' dir='ltr'><strong>et</strong></span> <span class='ocrx_word' id='word_1_465' title='bbox 1580 3684 1772 3753; x_wconf 86' lang='lat' dir='ltr'><strong>impias</strong></span> <span class='ocrx_word' id='word_1_466' title='bbox 1848 3692 2039 3738; x_wconf 88' lang='lat' dir='ltr'><strong>contra</strong></span> <span class='ocrx_word' id='word_1_467' title='bbox 2101 3694 2185 3746; x_wconf 90' lang='lat' dir='ltr'><strong>te,</strong></span> <span class='ocrx_word' id='word_1_468' title='bbox 2244 3687 2299 3736; x_wconf 88' lang='lat' dir='ltr'><strong>et</strong></span> 
     </span>
    </p>
   </div>
   <div class='ocr_carea' id='block_1_66' title="bbox 742 3778 2298 3846">
    <p class='ocr_par' dir='ltr' id='par_1_66' title="bbox 742 3778 2298 3846">
     <span class='ocr_line' id='line_1_66' title="bbox 742 3778 2298 3846; baseline -0.008 -10"><span class='ocrx_word' id='word_1_469' title='bbox 742 3782 949 3836; x_wconf 84' lang='lat' dir='ltr'><strong>Numen</strong></span> <span class='ocrx_word' id='word_1_470' title='bbox 988 3780 1184 3846; x_wconf 76' lang='lat' dir='ltr'><strong>ipsum,</strong></span> <span class='ocrx_word' id='word_1_471' title='bbox 1230 3784 1282 3828; x_wconf 88' lang='lat' dir='ltr'><strong>et</strong></span> <span class='ocrx_word' id='word_1_472' title='bbox 1316 3782 1614 3834; x_wconf 84' lang='lat' dir='ltr'><strong>creaturas,</strong></span> <span class='ocrx_word' id='word_1_473' title='bbox 1657 3780 1709 3825; x_wconf 90' lang='lat' dir='ltr'><strong>et</strong></span> <span class='ocrx_word' id='word_1_474' title='bbox 1754 3778 1996 3834; x_wconf 85' lang='lat' dir='ltr'><strong>sanctos,</strong></span> <span class='ocrx_word' id='word_1_475' title='bbox 2041 3778 2091 3823; x_wconf 89' lang='lat' dir='ltr'><strong>et</strong></span> <span class='ocrx_word' id='word_1_476' title='bbox 2136 3784 2298 3823; x_wconf 82' lang='lat' dir='ltr'><strong>vene-</strong></span> 
     </span>
    </p>
   </div>
   <div class='ocr_carea' id='block_1_67' title="bbox 736 3861 1740 3936">
    <p class='ocr_par' dir='ltr' id='par_1_67' title="bbox 736 3861 1740 3936">
     <span class='ocr_line' id='line_1_67' title="bbox 736 3861 1740 3936; baseline -0.011 -11"><span class='ocrx_word' id='word_1_477' title='bbox 736 3872 907 3926; x_wconf 74' lang='lat' dir='ltr'><strong>randa</strong></span> <span class='ocrx_word' id='word_1_478' title='bbox 945 3866 1203 3936; x_wconf 73' lang='lat' dir='ltr'><strong>mysteria</strong></span> <span class='ocrx_word' id='word_1_479' title='bbox 1234 3877 1522 3933; x_wconf 78' lang='lat' dir='ltr'><strong>suggerere</strong></span> <span class='ocrx_word' id='word_1_480' title='bbox 1556 3861 1740 3915; x_wconf 88' lang='lat' dir='ltr'><strong>audet.</strong></span> 
     </span>
    </p>
   </div>
   <div class='ocr_carea' id='block_1_68' title="bbox 982 4142 2048 4206">
    <p class='ocr_par' dir='ltr' id='par_1_68' title="bbox 982 4142 2048 4206">
     <span class='ocr_line' id='line_1_68' title="bbox 982 4142 2048 4206; baseline -0.01 0"><span class='ocrx_word' id='word_1_481' title='bbox 982 4152 1161 4206; x_wconf 85' lang='lat' dir='ltr'><strong>CLlll.</strong></span> <span class='ocrx_word' id='word_1_482' title='bbox 1198 4178 1265 4190; x_wconf 86' lang='lat'><strong>--</strong></span> <span class='ocrx_word' id='word_1_483' title='bbox 1299 4146 1525 4203; x_wconf 63' lang='lat' dir='ltr'><strong>LAUSO</strong></span> <span class='ocrx_word' id='word_1_484' title='bbox 1558 4142 2048 4198; x_wconf 78' lang='lat' dir='ltr'><strong>PRIMISCRINIO.</strong></span> 
     </span>
    </p>
   </div>
   <div class='ocr_carea' id='block_1_69' title="bbox 811 4250 2295 4334">
    <p class='ocr_par' dir='ltr' id='par_1_69' title="bbox 811 4250 2295 4334">
     <span class='ocr_line' id='line_1_69' title="bbox 811 4250 2295 4334; baseline -0.013 -12"><span class='ocrx_word' id='word_1_485' title='bbox 811 4266 997 4334; x_wconf 83' lang='lat' dir='ltr'><strong>Neque</strong></span> <span class='ocrx_word' id='word_1_486' title='bbox 1024 4264 1221 4316; x_wconf 78' lang='lat' dir='ltr'><strong>fratres</strong></span> <span class='ocrx_word' id='word_1_487' title='bbox 1257 4261 1443 4321; x_wconf 88' lang='lat' dir='ltr'><strong>habes,</strong></span> <span class='ocrx_word' id='word_1_488' title='bbox 1480 4270 1655 4325; x_wconf 84' lang='lat' dir='ltr'><strong>neque</strong></span> <span class='ocrx_word' id='word_1_489' title='bbox 1696 4255 1833 4309; x_wconf 80' lang='lat' dir='ltr'><strong>filios</strong></span> <span class='ocrx_word' id='word_1_490' title='bbox 1861 4252 2130 4322; x_wconf 89' lang='lat' dir='ltr'><strong>possides.</strong></span> <span class='ocrx_word' id='word_1_491' title='bbox 2165 4250 2295 4305; x_wconf 88' lang='lat' dir='ltr'><strong>Cui-</strong></span> 
     </span>
    </p>
   </div>
   <div class='ocr_carea' id='block_1_70' title="bbox 744 4341 2295 4423">
    <p class='ocr_par' dir='ltr' id='par_1_70' title="bbox 744 4341 2295 4423">
     <span class='ocr_line' id='line_1_70' title="bbox 744 4341 2295 4423; baseline -0.014 -10"><span class='ocrx_word' id='word_1_492' title='bbox 744 4375 870 4414; x_wconf 85' lang='lat' dir='ltr'><strong>nam</strong></span> <span class='ocrx_word' id='word_1_493' title='bbox 927 4357 1090 4423; x_wconf 81' lang='lat' dir='ltr'><strong>igitur</strong></span> <span class='ocrx_word' id='word_1_494' title='bbox 1149 4368 1341 4405; x_wconf 87' lang='lat' dir='ltr'><strong>aurum</strong></span> <span class='ocrx_word' id='word_1_495' title='bbox 1400 4346 1826 4401; x_wconf 88' lang='lat' dir='ltr'><strong>insaturabiliter</strong></span> <span class='ocrx_word' id='word_1_496' title='bbox 1885 4343 2127 4411; x_wconf 79' lang='lat' dir='ltr'><strong>aggeris?</strong></span> <span class='ocrx_word' id='word_1_497' title='bbox 2176 4341 2295 4417; x_wconf 80' lang='lat' dir='ltr'><strong>Quo</strong></span> 
     </span>
    </p>
   </div>
   <div class='ocr_carea' id='block_1_71' title="bbox 741 4437 2295 4509">
    <p class='ocr_par' dir='ltr' id='par_1_71' title="bbox 741 4437 2295 4509">
     <span class='ocr_line' id='line_1_71' title="bbox 741 4437 2295 4509; baseline -0.011 -6"><span class='ocrx_word' id='word_1_498' title='bbox 741 4450 886 4503; x_wconf 86' lang='lat' dir='ltr'><strong>enim</strong></span> <span class='ocrx_word' id='word_1_499' title='bbox 930 4447 1024 4499; x_wconf 89' lang='lat' dir='ltr'><strong>tibi</strong></span> <span class='ocrx_word' id='word_1_500' title='bbox 1077 4441 1314 4497; x_wconf 84' lang='lat' dir='ltr'><strong>thesauri</strong></span> <span class='ocrx_word' id='word_1_501' title='bbox 1359 4437 1728 4509; x_wconf 71' lang='lat' dir='ltr'><strong>opulentiores</strong></span> <span class='ocrx_word' id='word_1_502' title='bbox 1774 4440 2192 4503; x_wconf 82' lang='lat' dir='ltr'><strong>congregantur,</strong></span> <span class='ocrx_word' id='word_1_503' title='bbox 2230 4449 2295 4487; x_wconf 91' lang='lat' dir='ltr'><strong>e0</strong></span> 
     </span>
    </p>
   </div>
   <div class='ocr_carea' id='block_1_72' title="bbox 739 4520 2321 4609">
    <p class='ocr_par' dir='ltr' id='par_1_72' title="bbox 739 4520 2321 4609">
     <span class='ocr_line' id='line_1_72' title="bbox 739 4520 2321 4609; baseline -0.013 -15"><span class='ocrx_word' id='word_1_504' title='bbox 739 4552 914 4609; x_wconf 69' lang='lat' dir='ltr'><strong>pretim</strong></span> <span class='ocrx_word' id='word_1_505' title='bbox 950 4536 1040 4589; x_wconf 84' lang='lat' dir='ltr'><strong>tibi</strong></span> <span class='ocrx_word' id='word_1_506' title='bbox 1070 4544 1116 4589; x_wconf 90' lang='lat' dir='ltr'><strong>et</strong></span> <span class='ocrx_word' id='word_1_507' title='bbox 1156 4534 1415 4601; x_wconf 82' lang='lat' dir='ltr'><strong>potiores,</strong></span> <span class='ocrx_word' id='word_1_508' title='bbox 1453 4536 1506 4583; x_wconf 86' lang='lat' dir='ltr'><strong>et</strong></span> <span class='ocrx_word' id='word_1_509' title='bbox 1539 4528 1831 4599; x_wconf 86' lang='lat' dir='ltr'><strong>graviores,</strong></span> <span class='ocrx_word' id='word_1_510' title='bbox 1860 4533 2061 4577; x_wconf 67' lang='lat' dir='ltr'><strong>mterna</strong></span> <span class='ocrx_word' id='word_1_511' title='bbox 2107 4520 2321 4593; x_wconf 80' lang='lat' dir='ltr'><strong>nempe</strong></span> 
     </span>
    </p>
   </div>
   <div class='ocr_carea' id='block_1_73' title="bbox 741 4617 2293 4699">
    <p class='ocr_par' dir='ltr' id='par_1_73' title="bbox 741 4617 2293 4699">
     <span class='ocr_line' id='line_1_73' title="bbox 741 4617 2293 4699; baseline -0.011 -15"><span class='ocrx_word' id='word_1_512' title='bbox 741 4628 1030 4699; x_wconf 74' lang='lat' dir='ltr'><strong>supplicia,</strong></span> <span class='ocrx_word' id='word_1_513' title='bbox 1054 4631 1421 4679; x_wconf 71' lang='lat' dir='ltr'><strong>reservantur.</strong></span> <span class='ocrx_word' id='word_1_514' title='bbox 1452 4620 1513 4672; x_wconf 86' lang='lat' dir='ltr'><strong>Et</strong></span> <span class='ocrx_word' id='word_1_515' title='bbox 1544 4620 1746 4671; x_wconf 87' lang='lat' dir='ltr'><strong>utinam</strong></span> <span class='ocrx_word' id='word_1_516' title='bbox 1775 4625 1919 4670; x_wconf 88' lang='lat' dir='ltr'><strong>tanta</strong></span> <span class='ocrx_word' id='word_1_517' title='bbox 1943 4617 2293 4685; x_wconf 88' lang='lat' dir='ltr'><strong>peeuniarmn</strong></span> 
     </span>
    </p>
   </div>
   <div class='ocr_carea' id='block_1_74' title="bbox 738 4706 2294 4789">
    <p class='ocr_par' dir='ltr' id='par_1_74' title="bbox 738 4706 2294 4789">
     <span class='ocr_line' id='line_1_74' title="bbox 738 4706 2294 4789; baseline -0.008 -16"><span class='ocrx_word' id='word_1_518' title='bbox 738 4720 894 4789; x_wconf 88' lang='lat' dir='ltr'><strong>e0pia</strong></span> <span class='ocrx_word' id='word_1_519' title='bbox 923 4724 1228 4785; x_wconf 86' lang='lat' dir='ltr'><strong>opportuno</strong></span> <span class='ocrx_word' id='word_1_520' title='bbox 1256 4725 1495 4779; x_wconf 87' lang='lat' dir='ltr'><strong>tempore</strong></span> <span class='ocrx_word' id='word_1_521' title='bbox 1529 4709 1593 4762; x_wconf 86' lang='lat' dir='ltr'><strong>ad</strong></span> <span class='ocrx_word' id='word_1_522' title='bbox 1639 4710 1753 4777; x_wconf 85' lang='lat' dir='ltr'><strong>pios</strong></span> <span class='ocrx_word' id='word_1_523' title='bbox 1795 4707 2101 4775; x_wconf 83' lang='lat' dir='ltr'><strong>probosque</strong></span> <span class='ocrx_word' id='word_1_524' title='bbox 2150 4706 2294 4761; x_wconf 84' lang='lat' dir='ltr'><strong>viros</strong></span> 
     </span>
    </p>
   </div>
   <div class='ocr_carea' id='block_1_75' title="bbox 739 4797 2293 4879">
    <p class='ocr_par' dir='ltr' id='par_1_75' title="bbox 739 4797 2293 4879">
     <span class='ocr_line' id='line_1_75' title="bbox 739 4797 2293 4879; baseline -0.01 -15"><span class='ocrx_word' id='word_1_525' title='bbox 739 4810 1099 4879; x_wconf 79' lang='lat' dir='ltr'><strong>pervenisset,</strong></span> <span class='ocrx_word' id='word_1_526' title='bbox 1132 4813 1192 4858; x_wconf 91' lang='lat' dir='ltr'><strong>ut</strong></span> <span class='ocrx_word' id='word_1_527' title='bbox 1228 4804 1487 4873; x_wconf 88' lang='lat' dir='ltr'><strong>scriptum</strong></span> <span class='ocrx_word' id='word_1_528' title='bbox 1522 4808 1603 4853; x_wconf 90' lang='lat' dir='ltr'><strong>est</strong></span> <span class='ocrx_word' id='word_1_529' title='bbox 1633 4816 1646 4851; x_wconf 91' lang='lat'><strong>:</strong></span> <span class='ocrx_word' id='word_1_530' title='bbox 1688 4797 2160 4865; x_wconf 78' lang='lat' dir='ltr'><strong>Congregaverunt</strong></span> <span class='ocrx_word' id='word_1_531' title='bbox 2191 4797 2293 4849; x_wconf 83' lang='lat' dir='ltr'><strong>ali-</strong></span> 
     </span>
    </p>
   </div>
   <div class='ocr_carea' id='block_1_76' title="bbox 739 4885 2291 4966">
    <p class='ocr_par' dir='ltr' id='par_1_76' title="bbox 739 4885 2291 4966">
     <span class='ocr_line' id='line_1_76' title="bbox 739 4885 2291 4966; baseline -0.005 -19"><span class='ocrx_word' id='word_1_532' title='bbox 739 4898 833 4966; x_wconf 87' lang='lat' dir='ltr'><strong>qni</strong></span> <span class='ocrx_word' id='word_1_533' title='bbox 864 4896 1244 4949; x_wconf 88' lang='lat' dir='ltr'><strong>insatiabiliter</strong></span> <span class='ocrx_word' id='word_1_534' title='bbox 1269 4900 1572 4961; x_wconf 77' lang='lat' dir='ltr'><strong>argentum,</strong></span> <span class='ocrx_word' id='word_1_535' title='bbox 1601 4904 1661 4940; x_wconf 77' lang='lat' dir='ltr'><strong>ex</strong></span> <span class='ocrx_word' id='word_1_536' title='bbox 1700 4902 1807 4955; x_wconf 89' lang='lat' dir='ltr'><strong>quo</strong></span> <span class='ocrx_word' id='word_1_537' title='bbox 1832 4901 1937 4937; x_wconf 89' lang='lat' dir='ltr'><strong>non</strong></span> <span class='ocrx_word' id='word_1_538' title='bbox 1978 4885 2291 4954; x_wconf 83' lang='lat' dir='ltr'><strong>gustabunt,</strong></span> 
     </span>
    </p>
   </div>
   <div class='ocr_carea' id='block_1_77' title="bbox 738 4974 2291 5055">
    <p class='ocr_par' dir='ltr' id='par_1_77' title="bbox 738 4974 2291 5055">
     <span class='ocr_line' id='line_1_77' title="bbox 738 4974 2291 5055; baseline -0.008 -14"><span class='ocrx_word' id='word_1_539' title='bbox 738 4996 792 5041; x_wconf 90' lang='lat' dir='ltr'><strong>et</strong></span> <span class='ocrx_word' id='word_1_540' title='bbox 822 5001 941 5055; x_wconf 64' lang='lat' dir='ltr'><strong>qum</strong></span> <span class='ocrx_word' id='word_1_541' title='bbox 984 4986 1084 5055; x_wconf 86' lang='lat' dir='ltr'><strong>ipsi</strong></span> <span class='ocrx_word' id='word_1_542' title='bbox 1130 5002 1192 5038; x_wconf 83' lang='lat' dir='ltr'><strong>ex</strong></span> <span class='ocrx_word' id='word_1_543' title='bbox 1229 4982 1493 5050; x_wconf 71' lang='lat' dir='ltr'><strong>iniustitia</strong></span> <span class='ocrx_word' id='word_1_544' title='bbox 1544 4978 1711 5032; x_wconf 86' lang='lat' dir='ltr'><strong>multa</strong></span> <span class='ocrx_word' id='word_1_545' title='bbox 1764 4976 2115 5043; x_wconf 83' lang='lat' dir='ltr'><strong>collegerunt,</strong></span> <span class='ocrx_word' id='word_1_546' title='bbox 2158 4974 2291 5043; x_wconf 85' lang='lat' dir='ltr'><strong>justi</strong></span> 
     </span>
    </p>
   </div>
   <div class='ocr_carea' id='block_1_78' title="bbox 742 5065 2292 5134">
    <p class='ocr_par' dir='ltr' id='par_1_78' title="bbox 742 5065 2292 5134">
     <span class='ocr_line' id='line_1_78' title="bbox 742 5065 2292 5134; baseline -0.01 -3"><span class='ocrx_word' id='word_1_547' title='bbox 742 5076 1053 5132; x_wconf 82' lang='lat' dir='ltr'><strong>comedent.</strong></span> <span class='ocrx_word' id='word_1_548' title='bbox 1095 5074 1478 5128; x_wconf 73' lang='lat' dir='ltr'><strong>Verumtamen</strong></span> <span class='ocrx_word' id='word_1_549' title='bbox 1508 5086 1613 5124; x_wconf 89' lang='lat' dir='ltr'><strong>non</strong></span> <span class='ocrx_word' id='word_1_550' title='bbox 1646 5069 1717 5122; x_wconf 89' lang='lat' dir='ltr'><strong>ita</strong></span> <span class='ocrx_word' id='word_1_551' title='bbox 1764 5067 1881 5131; x_wconf 86' lang='lat' dir='ltr'><strong>tibi,</strong></span> <span class='ocrx_word' id='word_1_552' title='bbox 1917 5072 1971 5117; x_wconf 89' lang='lat' dir='ltr'><strong>ut</strong></span> <span class='ocrx_word' id='word_1_553' title='bbox 2023 5066 2135 5133; x_wconf 88' lang='lat' dir='ltr'><strong>ipse</strong></span> <span class='ocrx_word' id='word_1_554' title='bbox 2176 5065 2292 5134; x_wconf 82' lang='lat' dir='ltr'><strong>epi-</strong></span> 
     </span>
    </p>
   </div>
   <div class='ocr_carea' id='block_1_79' title="bbox 739 5156 2295 5234">
    <p class='ocr_par' dir='ltr' id='par_1_79' title="bbox 739 5156 2295 5234">
     <span class='ocr_line' id='line_1_79' title="bbox 739 5156 2295 5234; baseline -0.008 -12"><span class='ocrx_word' id='word_1_555' title='bbox 739 5185 859 5233; x_wconf 88' lang='lat' dir='ltr'><strong>nor,</strong></span> <span class='ocrx_word' id='word_1_556' title='bbox 901 5167 1211 5234; x_wconf 87' lang='lat' dir='ltr'><strong>continget;</strong></span> <span class='ocrx_word' id='word_1_557' title='bbox 1260 5164 1513 5232; x_wconf 80' lang='lat' dir='ltr'><strong>indignus</strong></span> <span class='ocrx_word' id='word_1_558' title='bbox 1572 5160 1768 5215; x_wconf 88' lang='lat' dir='ltr'><strong>etenim</strong></span> <span class='ocrx_word' id='word_1_559' title='bbox 1819 5173 1875 5211; x_wconf 89' lang='lat' dir='ltr'><strong>es</strong></span> <span class='ocrx_word' id='word_1_560' title='bbox 1920 5172 1931 5208; x_wconf 91' lang='lat'>:</span> <span class='ocrx_word' id='word_1_561' title='bbox 1976 5156 2083 5209; x_wconf 89' lang='lat' dir='ltr'><strong>imo</strong></span> <span class='ocrx_word' id='word_1_562' title='bbox 2138 5158 2295 5227; x_wconf 77' lang='lat' dir='ltr'><strong>vulgo</strong></span> 
     </span>
    </p>
   </div>
   <div class='ocr_carea' id='block_1_80' title="bbox 741 5248 2292 5327">
    <p class='ocr_par' dir='ltr' id='par_1_80' title="bbox 741 5248 2292 5327">
     <span class='ocr_line' id='line_1_80' title="bbox 741 5248 2292 5327; baseline -0.004 -18"><span class='ocrx_word' id='word_1_563' title='bbox 741 5260 927 5312; x_wconf 89' lang='lat' dir='ltr'><strong>tritum</strong></span> <span class='ocrx_word' id='word_1_564' title='bbox 963 5257 1311 5327; x_wconf 75' lang='lat' dir='ltr'><strong>prm&#39;erbium</strong></span> <span class='ocrx_word' id='word_1_565' title='bbox 1364 5255 1415 5306; x_wconf 91' lang='lat' dir='ltr'><strong>in</strong></span> <span class='ocrx_word' id='word_1_566' title='bbox 1452 5253 1786 5320; x_wconf 89' lang='lat' dir='ltr'><strong>temetipsum</strong></span> <span class='ocrx_word' id='word_1_567' title='bbox 1826 5249 2000 5301; x_wconf 89' lang='lat' dir='ltr'><strong>locum</strong></span> <span class='ocrx_word' id='word_1_568' title='bbox 2037 5248 2292 5303; x_wconf 87' lang='lat' dir='ltr'><strong>habuisse</strong></span> 
     </span>
    </p>
   </div>
   <div class='ocr_carea' id='block_1_81' title="bbox 736 5339 2292 5415">
    <p class='ocr_par' dir='ltr' id='par_1_81' title="bbox 736 5339 2292 5415">
     <span class='ocr_line' id='line_1_81' title="bbox 736 5339 2292 5415; baseline -0.004 -16"><span class='ocrx_word' id='word_1_569' title='bbox 736 5348 1105 5415; x_wconf 82' lang='lat' dir='ltr'><strong>deprehendes</strong></span> <span class='ocrx_word' id='word_1_570' title='bbox 1140 5364 1151 5399; x_wconf 87' lang='lat'><strong>:</strong></span> <span class='ocrx_word' id='word_1_571' title='bbox 1188 5344 1609 5397; x_wconf 78' lang='lat' dir='ltr'><strong>Tantalistat‘um</strong></span> <span class='ocrx_word' id='word_1_572' title='bbox 1662 5356 1748 5396; x_wconf 87' lang='lat' dir='ltr'><strong>res</strong></span> <span class='ocrx_word' id='word_1_573' title='bbox 1786 5339 2087 5392; x_wconf 65' lang='lat' dir='ltr'><strong>Crotalistte</strong></span> <span class='ocrx_word' id='word_1_574' title='bbox 2139 5355 2292 5411; x_wconf 85' lang='lat' dir='ltr'><strong>vora-</strong></span> 
     </span>
    </p>
   </div>
   <div class='ocr_carea' id='block_1_82' title="bbox 734 5438 901 5489">
    <p class='ocr_par' dir='ltr' id='par_1_82' title="bbox 734 5438 901 5489">
     <span class='ocr_line' id='line_1_82' title="bbox 734 5438 901 5489; baseline -0.012 0"><span class='ocrx_word' id='word_1_575' title='bbox 734 5438 901 5489; x_wconf 73' lang='lat' dir='ltr'><strong>bunt.</strong></span> 
     </span>
    </p>
   </div>
   <div class='ocr_carea' id='block_1_83' title="bbox 813 5605 1776 5677">
    <p class='ocr_par' dir='ltr' id='par_1_83' title="bbox 813 5605 1776 5677">
     <span class='ocr_line' id='line_1_83' title="bbox 813 5605 1776 5677; baseline -0.002 -16"><span class='ocrx_word' id='word_1_576' title='bbox 813 5608 855 5640; x_wconf 78' lang='grc'>⁰⁶</span> <span class='ocrx_word' id='word_1_577' title='bbox 887 5608 1011 5677; x_wconf 79' lang='lat' dir='ltr'><strong>Sap.</strong></span> <span class='ocrx_word' id='word_1_578' title='bbox 1050 5609 1247 5675; x_wconf 71' lang='lat'><strong>“1,19.</strong></span> <span class='ocrx_word' id='word_1_579' title='bbox 1324 5609 1366 5641; x_wconf 80' lang='grc'><strong>⁸⁸</strong></span> <span class='ocrx_word' id='word_1_580' title='bbox 1400 5606 1542 5661; x_wconf 74' lang='lat' dir='ltr'><strong>‘.‘;al.</strong></span> <span class='ocrx_word' id='word_1_581' title='bbox 1575 5621 1687 5665; x_wconf 73' lang='lat' dir='ltr'><strong>nx.</strong></span> <span class='ocrx_word' id='word_1_582' title='bbox 1724 5605 1776 5659; x_wconf 80' lang='lat'><strong>5.</strong></span> 
     </span>
    </p>
   </div>
   <div class='ocr_carea' id='block_1_84' title="bbox 2735 2939 3594 2997">
    <p class='ocr_par' dir='ltr' id='par_1_84' title="bbox 2735 2939 3594 2997">
     <span class='ocr_line' id='line_1_84' title="bbox 2735 2939 3594 2997; baseline 0.008 -8"><span class='ocrx_word' id='word_1_583' title='bbox 2735 2939 2825 2990; x_wconf 83' lang='lat' dir='ltr'><strong>PN</strong></span> <span class='ocrx_word' id='word_1_584' title='bbox 2833 2939 2902 2992; x_wconf 76' lang='grc' dir='ltr'><strong>[ι’.</strong></span> <span class='ocrx_word' id='word_1_585' title='bbox 2926 2968 2993 2982; x_wconf 91' lang='lat'><strong>—-</strong></span> <span class='ocrx_word' id='word_1_586' title='bbox 3016 2941 3274 2997; x_wconf 83' lang='grc' dir='ltr'><strong>ΜΑΡΩΝΙ</strong></span> <span class='ocrx_word' id='word_1_587' title='bbox 3303 2944 3594 2996; x_wconf 83' lang='lat' dir='ltr'><strong>KOMHTI.</strong></span> 
     </span>
    </p>
   </div>
   <div class='ocr_carea' id='block_1_85' title="bbox 2468 3053 3954 3130">
    <p class='ocr_par' dir='ltr' id='par_1_85' title="bbox 2468 3053 3954 3130">
     <span class='ocr_line' id='line_1_85' title="bbox 2468 3053 3954 3130; baseline 0.007 -26"><span class='ocrx_word' id='word_1_588' title='bbox 2468 3053 2537 3105; x_wconf 80' lang='grc' dir='ltr'><strong>Τὸ</strong></span> <span class='ocrx_word' id='word_1_589' title='bbox 2568 3054 2664 3123; x_wconf 85' lang='grc' dir='ltr'>τῆς</span> <span class='ocrx_word' id='word_1_590' title='bbox 2697 3053 3042 3127; x_wconf 77' lang='grc' dir='ltr'>βλασφημίας</span> <span class='ocrx_word' id='word_1_591' title='bbox 3073 3058 3310 3128; x_wconf 82' lang='grc' dir='ltr'>πνεῦμα,</span> <span class='ocrx_word' id='word_1_592' title='bbox 3340 3059 3398 3111; x_wconf 76' lang='grc' dir='ltr'><strong>τὸ</strong></span> <span class='ocrx_word' id='word_1_593' title='bbox 3428 3060 3789 3130; x_wconf 87' lang='grc' dir='ltr'>παρενοχλοῦν</span> <span class='ocrx_word' id='word_1_594' title='bbox 3838 3080 3954 3115; x_wconf 77' lang='grc' dir='ltr'>πυ-</span> 
     </span>
    </p>
   </div>
   <div class='ocr_carea' id='block_1_86' title="bbox 2398 3147 3969 3221">
    <p class='ocr_par' dir='ltr' id='par_1_86' title="bbox 2398 3147 3969 3221">
     <span class='ocr_line' id='line_1_86' title="bbox 2398 3147 3969 3221; baseline 0.004 -22"><span class='ocrx_word' id='word_1_595' title='bbox 2398 3147 2643 3215; x_wconf 83' lang='grc' dir='ltr'>κνότερον</span> <span class='ocrx_word' id='word_1_596' title='bbox 2665 3151 2727 3218; x_wconf 82' lang='grc' dir='ltr'>τῇ</span> <span class='ocrx_word' id='word_1_597' title='bbox 2763 3151 2827 3219; x_wconf 77' lang='grc' dir='ltr'>σῇ</span> <span class='ocrx_word' id='word_1_598' title='bbox 2856 3148 3083 3219; x_wconf 83' lang='grc' dir='ltr'>φιλοθέῳ</span> <span class='ocrx_word' id='word_1_599' title='bbox 3143 3152 3235 3203; x_wconf 71' lang='grc' dir='ltr'><strong>καὶ</strong></span> <span class='ocrx_word' id='word_1_600' title='bbox 3260 3150 3436 3220; x_wconf 81' lang='grc' dir='ltr'>ἀγαθῇ</span> <span class='ocrx_word' id='word_1_601' title='bbox 3462 3152 3678 3221; x_wconf 80' lang='grc' dir='ltr'>καρδίᾳ.</span> <span class='ocrx_word' id='word_1_602' title='bbox 3714 3152 3969 3221; x_wconf 78' lang='grc' dir='ltr'>μηδόλως</span> 
     </span>
    </p>
   </div>
   <div class='ocr_carea' id='block_1_87' title="bbox 2399 3238 3965 3312">
    <p class='ocr_par' dir='ltr' id='par_1_87' title="bbox 2399 3238 3965 3312">
     <span class='ocr_line' id='line_1_87' title="bbox 2399 3238 3965 3312; baseline 0.004 -23"><span class='ocrx_word' id='word_1_603' title='bbox 2399 3238 2748 3308; x_wconf 79' lang='grc' dir='ltr'>ὑποπτήξῃς,</span> <span class='ocrx_word' id='word_1_604' title='bbox 2799 3241 2997 3309; x_wconf 80' lang='grc' dir='ltr'>μᾶλλον</span> <span class='ocrx_word' id='word_1_605' title='bbox 3030 3242 3085 3293; x_wconf 82' lang='grc' dir='ltr'>δὲ</span> <span class='ocrx_word' id='word_1_606' title='bbox 3120 3242 3545 3312; x_wconf 82' lang='grc' dir='ltr'>κατεξανάστηθι</span> <span class='ocrx_word' id='word_1_607' title='bbox 3586 3244 3771 3295; x_wconf 85' lang='grc' dir='ltr'>τούτου</span> <span class='ocrx_word' id='word_1_608' title='bbox 3798 3282 3811 3305; x_wconf 93' lang='grc'><strong>,</strong></span> <span class='ocrx_word' id='word_1_609' title='bbox 3860 3245 3965 3295; x_wconf 84' lang='grc' dir='ltr'>τύ-</span> 
     </span>
    </p>
   </div>
   <div class='ocr_carea' id='block_1_88' title="bbox 2400 3331 3965 3402">
    <p class='ocr_par' dir='ltr' id='par_1_88' title="bbox 2400 3331 3965 3402">
     <span class='ocr_line' id='line_1_88' title="bbox 2400 3331 3965 3402; baseline 0.005 -21"><span class='ocrx_word' id='word_1_610' title='bbox 2400 3347 2545 3382; x_wconf 86' lang='grc' dir='ltr'>πτων</span> <span class='ocrx_word' id='word_1_611' title='bbox 2574 3331 2703 3382; x_wconf 83' lang='grc' dir='ltr'>αὐτὸ</span> <span class='ocrx_word' id='word_1_612' title='bbox 2730 3331 2917 3401; x_wconf 81' lang='grc' dir='ltr'>εὐχαῖς</span> <span class='ocrx_word' id='word_1_613' title='bbox 2972 3334 3063 3385; x_wconf 74' lang='grc' dir='ltr'>καὶ</span> <span class='ocrx_word' id='word_1_614' title='bbox 3094 3334 3388 3399; x_wconf 81' lang='grc' dir='ltr'>εύποιίαις,</span> <span class='ocrx_word' id='word_1_615' title='bbox 3423 3334 3735 3402; x_wconf 66' lang='grc' dir='ltr'>ἀντιλήψεσί</span> <span class='ocrx_word' id='word_1_616' title='bbox 3761 3351 3815 3386; x_wconf 87' lang='grc' dir='ltr'><strong>τε</strong></span> <span class='ocrx_word' id='word_1_617' title='bbox 3846 3335 3965 3389; x_wconf 82' lang='grc' dir='ltr'><strong>τῶν</strong></span> 
     </span>
    </p>
   </div>
   <div class='ocr_carea' id='block_1_89' title="bbox 2398 3422 3959 3494">
    <p class='ocr_par' dir='ltr' id='par_1_89' title="bbox 2398 3422 3959 3494">
     <span class='ocr_line' id='line_1_89' title="bbox 2398 3422 3959 3494; baseline 0.003 -21"><span class='ocrx_word' id='word_1_618' title='bbox 2398 3422 2882 3492; x_wconf 79' lang='grc' dir='ltr'>καταπονουμένων</span> <span class='ocrx_word' id='word_1_619' title='bbox 2919 3424 3009 3475; x_wconf 76' lang='grc' dir='ltr'>καὶ</span> <span class='ocrx_word' id='word_1_620' title='bbox 3080 3428 3197 3487; x_wconf 86' lang='grc' dir='ltr'>ταῖς</span> <span class='ocrx_word' id='word_1_621' title='bbox 3248 3426 3663 3494; x_wconf 83' lang='grc' dir='ltr'>μακροθυμίαις,</span> <span class='ocrx_word' id='word_1_622' title='bbox 3708 3442 3959 3478; x_wconf 80' lang='grc' dir='ltr'>ταπεινο-</span> 
     </span>
    </p>
   </div>
   <div class='ocr_carea' id='block_1_90' title="bbox 2398 3507 3957 3581">
    <p class='ocr_par' dir='ltr' id='par_1_90' title="bbox 2398 3507 3957 3581">
     <span class='ocr_line' id='line_1_90' title="bbox 2398 3507 3957 3581; baseline 0.006 -24"><span class='ocrx_word' id='word_1_623' title='bbox 2398 3507 2634 3577; x_wconf 81' lang='grc' dir='ltr'>φροσύνῃ</span> <span class='ocrx_word' id='word_1_624' title='bbox 2684 3526 2739 3561; x_wconf 91' lang='grc' dir='ltr'><strong>τε</strong></span> <span class='ocrx_word' id='word_1_625' title='bbox 2811 3510 2903 3561; x_wconf 76' lang='grc' dir='ltr'><strong>καὶ</strong></span> <span class='ocrx_word' id='word_1_626' title='bbox 2941 3513 3005 3581; x_wconf 81' lang='grc' dir='ltr'>τῇ</span> <span class='ocrx_word' id='word_1_627' title='bbox 3057 3513 3189 3579; x_wconf 60' lang='grc' dir='ltr'>πρός</span> <span class='ocrx_word' id='word_1_628' title='bbox 3233 3513 3357 3573; x_wconf 84' lang='grc' dir='ltr'>τοὺς</span> <span class='ocrx_word' id='word_1_629' title='bbox 3407 3513 3621 3575; x_wconf 80' lang='grc' dir='ltr'>οἰκέτας</span> <span class='ocrx_word' id='word_1_630' title='bbox 3662 3515 3785 3576; x_wconf 83' lang='grc' dir='ltr'>τοὺς</span> <span class='ocrx_word' id='word_1_631' title='bbox 3825 3514 3957 3577; x_wconf 77' lang='grc' dir='ltr'>σοὺς</span> 
     </span>
    </p>
   </div>
   <div class='ocr_carea' id='block_1_91' title="bbox 2398 3596 3958 3670">
    <p class='ocr_par' dir='ltr' id='par_1_91' title="bbox 2398 3596 3958 3670">
     <span class='ocr_line' id='line_1_91' title="bbox 2398 3596 3958 3670; baseline 0.006 -24"><span class='ocrx_word' id='word_1_632' title='bbox 2398 3596 2711 3666; x_wconf 83' lang='grc' dir='ltr'>ήμερότητι.</span> <span class='ocrx_word' id='word_1_633' title='bbox 2740 3598 2919 3651; x_wconf 86' lang='grc' dir='ltr'>Ταῦτα</span> <span class='ocrx_word' id='word_1_634' title='bbox 2943 3601 3069 3670; x_wconf 71' lang='grc' dir='ltr'>γὰρ.</span> <span class='ocrx_word' id='word_1_635' title='bbox 3106 3604 3193 3653; x_wconf 67' lang='grc' dir='ltr'>καὶ</span> <span class='ocrx_word' id='word_1_636' title='bbox 3216 3602 3281 3653; x_wconf 79' lang='grc' dir='ltr'><strong>τά</strong></span> <span class='ocrx_word' id='word_1_637' title='bbox 3302 3603 3545 3662; x_wconf 86' lang='grc' dir='ltr'>τοιαῦτα,</span> <span class='ocrx_word' id='word_1_638' title='bbox 3579 3603 3767 3654; x_wconf 86' lang='grc' dir='ltr'>τοῦτον</span> <span class='ocrx_word' id='word_1_639' title='bbox 3793 3602 3958 3657; x_wconf 75' lang='grc' dir='ltr'>δύναο</span> 
     </span>
    </p>
   </div>
   <div class='ocr_carea' id='block_1_92' title="bbox 2397 3686 3959 3761">
    <p class='ocr_par' dir='ltr' id='par_1_92' title="bbox 2397 3686 3959 3761">
     <span class='ocr_line' id='line_1_92' title="bbox 2397 3686 3959 3761; baseline 0.006 -23"><span class='ocrx_word' id='word_1_640' title='bbox 2397 3702 2483 3738; x_wconf 89' lang='grc' dir='ltr'><strong>ται</strong></span> <span class='ocrx_word' id='word_1_641' title='bbox 2518 3686 2623 3739; x_wconf 82' lang='grc' dir='ltr'><strong>ἀπὸ</strong></span> <span class='ocrx_word' id='word_1_642' title='bbox 2652 3688 2751 3756; x_wconf 79' lang='grc' dir='ltr'>τῆς</span> <span class='ocrx_word' id='word_1_643' title='bbox 2786 3688 2962 3759; x_wconf 78' lang='grc' dir='ltr'>ψυχῆς</span> <span class='ocrx_word' id='word_1_644' title='bbox 2993 3708 3086 3743; x_wconf 87' lang='grc' dir='ltr'><strong>σου</strong></span> <span class='ocrx_word' id='word_1_645' title='bbox 3126 3691 3376 3755; x_wconf 76' lang='grc' dir='ltr'>ἐξελάσαι</span> <span class='ocrx_word' id='word_1_646' title='bbox 3408 3694 3496 3744; x_wconf 82' lang='grc' dir='ltr'>τὸν</span> <span class='ocrx_word' id='word_1_647' title='bbox 3540 3693 3810 3761; x_wconf 81' lang='grc' dir='ltr'>ἀλάστορα</span> <span class='ocrx_word' id='word_1_648' title='bbox 3838 3695 3959 3747; x_wconf 84' lang='grc' dir='ltr'>δαί-</span> 
     </span>
    </p>
   </div>
   <div class='ocr_carea' id='block_1_93' title="bbox 2401 3775 3956 3849">
    <p class='ocr_par' dir='ltr' id='par_1_93' title="bbox 2401 3775 3956 3849">
     <span class='ocr_line' id='line_1_93' title="bbox 2401 3775 3956 3849; baseline 0.006 -23"><span class='ocrx_word' id='word_1_649' title='bbox 2401 3791 2570 3842; x_wconf 88' lang='grc' dir='ltr'>μονα,</span> <span class='ocrx_word' id='word_1_650' title='bbox 2604 3775 2899 3843; x_wconf 74' lang='grc' dir='ltr'>λογισμοὺς</span> <span class='ocrx_word' id='word_1_651' title='bbox 2945 3780 3166 3849; x_wconf 86' lang='grc' dir='ltr'>άγριους</span> <span class='ocrx_word' id='word_1_652' title='bbox 3214 3780 3317 3833; x_wconf 65' lang='grc' dir='ltr'><strong>καλ⁵</strong></span> <span class='ocrx_word' id='word_1_653' title='bbox 3373 3780 3585 3842; x_wconf 85' lang='grc' dir='ltr'>ἀσεϐεῖς</span> <span class='ocrx_word' id='word_1_654' title='bbox 3632 3782 3956 3837; x_wconf 85' lang='grc' dir='ltr'>ὑποϐάλλειν</span> 
     </span>
    </p>
   </div>
   <div class='ocr_carea' id='block_1_94' title="bbox 2395 3863 3957 3937">
    <p class='ocr_par' dir='ltr' id='par_1_94' title="bbox 2395 3863 3957 3937">
     <span class='ocr_line' id='line_1_94' title="bbox 2395 3863 3957 3937; baseline 0.007 -21"><span class='ocrx_word' id='word_1_655' title='bbox 2395 3863 2674 3934; x_wconf 87' lang='grc' dir='ltr'>τολμῶντα</span> <span class='ocrx_word' id='word_1_656' title='bbox 2722 3866 2861 3920; x_wconf 85' lang='grc' dir='ltr'>κατὰ</span> <span class='ocrx_word' id='word_1_657' title='bbox 2904 3870 3101 3922; x_wconf 83' lang='grc' dir='ltr'>σαυτοῦ</span> <span class='ocrx_word' id='word_1_658' title='bbox 3130 3888 3189 3922; x_wconf 89' lang='grc' dir='ltr'><strong>τε</strong></span> <span class='ocrx_word' id='word_1_659' title='bbox 3214 3910 3228 3934; x_wconf 91' lang='grc'><strong>,</strong></span> <span class='ocrx_word' id='word_1_660' title='bbox 3272 3872 3366 3923; x_wconf 66' lang='grc' dir='ltr'>καὶ</span> <span class='ocrx_word' id='word_1_661' title='bbox 3394 3872 3486 3924; x_wconf 87' lang='grc' dir='ltr'><strong>τοῦ</strong></span> <span class='ocrx_word' id='word_1_662' title='bbox 3521 3872 3676 3937; x_wconf 89' lang='grc' dir='ltr'>Θεοῦ,</span> <span class='ocrx_word' id='word_1_663' title='bbox 3720 3874 3810 3926; x_wconf 71' lang='grc' dir='ltr'><strong>καὶ</strong></span> <span class='ocrx_word' id='word_1_664' title='bbox 3841 3875 3957 3927; x_wconf 80' lang='grc' dir='ltr'><strong>τῶν</strong></span> 
     </span>
    </p>
   </div>
   <div class='ocr_carea' id='block_1_95' title="bbox 2397 3952 3955 4032">
    <p class='ocr_par' dir='ltr' id='par_1_95' title="bbox 2397 3952 3955 4032">
     <span class='ocr_line' id='line_1_95' title="bbox 2397 3952 3955 4032; baseline 0.006 -27"><span class='ocrx_word' id='word_1_665' title='bbox 2397 3952 2916 4025; x_wconf 83' lang='grc' dir='ltr'>δημιουργημάτων,</span> <span class='ocrx_word' id='word_1_666' title='bbox 2960 3958 3055 4011; x_wconf 78' lang='grc' dir='ltr'><strong>καὶ</strong></span> <span class='ocrx_word' id='word_1_667' title='bbox 3092 3958 3198 4011; x_wconf 87' lang='grc' dir='ltr'><strong>τῶν</strong></span> <span class='ocrx_word' id='word_1_668' title='bbox 3237 3959 3404 4025; x_wconf 85' lang='grc' dir='ltr'>ἁγίων</span> <span class='ocrx_word' id='word_1_669' title='bbox 3450 3960 3544 4011; x_wconf 78' lang='grc' dir='ltr'>καὶ</span> <span class='ocrx_word' id='word_1_670' title='bbox 3606 3962 3815 4013; x_wconf 89' lang='grc' dir='ltr'>σεπτῶν</span> <span class='ocrx_word' id='word_1_671' title='bbox 3848 3979 3955 4032; x_wconf 83' lang='grc' dir='ltr'>μυ-</span> 
     </span>
    </p>
   </div>
   <div class='ocr_carea' id='block_1_96' title="bbox 2400 4044 2652 4114">
    <p class='ocr_par' dir='ltr' id='par_1_96' title="bbox 2400 4044 2652 4114">
     <span class='ocr_line' id='line_1_96' title="bbox 2400 4044 2652 4114; baseline 0.008 -19"><span class='ocrx_word' id='word_1_672' title='bbox 2400 4044 2652 4114; x_wconf 84' lang='grc' dir='ltr'>στηρίων.</span> 
     </span>
    </p>
   </div>
   <div class='ocr_carea' id='block_1_97' title="bbox 2639 4158 3701 4232">
    <p class='ocr_par' dir='ltr' id='par_1_97' title="bbox 2639 4158 3701 4232">
     <span class='ocr_line' id='line_1_97' title="bbox 2639 4158 3701 4232; baseline 0.003 -21"><span class='ocrx_word' id='word_1_673' title='bbox 2639 4158 2771 4211; x_wconf 79' lang='grc' dir='ltr'><strong>ΡΝΓ</strong></span> <span class='ocrx_word' id='word_1_674' title='bbox 2790 4198 2803 4212; x_wconf 92' lang='grc'><strong>.</strong></span> <span class='ocrx_word' id='word_1_675' title='bbox 2832 4189 2903 4199; x_wconf 91' lang='lat'><strong><em>—</em></strong></span> <span class='ocrx_word' id='word_1_676' title='bbox 2936 4159 3157 4230; x_wconf 81' lang='grc' dir='ltr'><strong>ΛΑΥΣῼ</strong></span> <span class='ocrx_word' id='word_1_677' title='bbox 3202 4160 3701 4232; x_wconf 72' lang='grc' dir='ltr'><strong>ΠΡΙΜΙΣΚΡΙΝΙῼ.</strong></span> 
     </span>
    </p>
   </div>
   <div class='ocr_carea' id='block_1_98' title="bbox 2464 4267 3952 4341">
    <p class='ocr_par' dir='ltr' id='par_1_98' title="bbox 2464 4267 3952 4341">
     <span class='ocr_line' id='line_1_98' title="bbox 2464 4267 3952 4341; baseline 0.002 -21"><span class='ocrx_word' id='word_1_678' title='bbox 2464 4268 2605 4337; x_wconf 85' lang='grc' dir='ltr'><strong>Μήτ’</strong></span> <span class='ocrx_word' id='word_1_679' title='bbox 2646 4267 2905 4337; x_wconf 74' lang='grc' dir='ltr'>ἀδελφοὺς</span> <span class='ocrx_word' id='word_1_680' title='bbox 2956 4267 3129 4339; x_wconf 77' lang='grc' dir='ltr'>ἔχων,</span> <span class='ocrx_word' id='word_1_681' title='bbox 3184 4270 3321 4340; x_wconf 88' lang='grc' dir='ltr'>μήτε</span> <span class='ocrx_word' id='word_1_682' title='bbox 3370 4270 3534 4324; x_wconf 81' lang='grc' dir='ltr'>τέκνα</span> <span class='ocrx_word' id='word_1_683' title='bbox 3587 4271 3952 4341; x_wconf 78' lang='grc' dir='ltr'>κτησάμενος,</span> 
     </span>
    </p>
   </div>
   <div class='ocr_carea' id='block_1_99' title="bbox 2408 4353 3954 4431">
    <p class='ocr_par' dir='ltr' id='par_1_99' title="bbox 2408 4353 3954 4431">
     <span class='ocr_line' id='line_1_99' title="bbox 2408 4353 3954 4431; baseline 0.005 -22"><span class='ocrx_word' id='word_1_684' title='bbox 2408 4356 2513 4409; x_wconf 81' lang='grc' dir='ltr'>τίνι</span> <span class='ocrx_word' id='word_1_685' title='bbox 2544 4353 2650 4425; x_wconf 83' lang='grc' dir='ltr'>ἆρα</span> <span class='ocrx_word' id='word_1_686' title='bbox 2678 4358 2738 4409; x_wconf 81' lang='grc' dir='ltr'><strong>τὸ</strong></span> <span class='ocrx_word' id='word_1_687' title='bbox 2781 4359 3001 4428; x_wconf 81' lang='grc' dir='ltr'>χρυσίον</span> <span class='ocrx_word' id='word_1_688' title='bbox 3033 4358 3283 4424; x_wconf 86' lang='grc' dir='ltr'>συνάγεις</span> <span class='ocrx_word' id='word_1_689' title='bbox 3317 4360 3666 4430; x_wconf 82' lang='grc' dir='ltr'>ἀκορέστως;</span> <span class='ocrx_word' id='word_1_690' title='bbox 3715 4362 3861 4431; x_wconf 82' lang='grc' dir='ltr'><strong>Ὄσῳ</strong></span> <span class='ocrx_word' id='word_1_691' title='bbox 3895 4364 3954 4416; x_wconf 76' lang='grc' dir='ltr'>δὲ</span> 
     </span>
    </p>
   </div>
   <div class='ocr_carea' id='block_1_100' title="bbox 2402 4446 3953 4522">
    <p class='ocr_par' dir='ltr' id='par_1_100' title="bbox 2402 4446 3953 4522">
     <span class='ocr_line' id='line_1_100' title="bbox 2402 4446 3953 4522; baseline 0.006 -25"><span class='ocrx_word' id='word_1_692' title='bbox 2402 4446 2532 4498; x_wconf 74' lang='grc' dir='ltr'>πολὺ</span> <span class='ocrx_word' id='word_1_693' title='bbox 2559 4448 2618 4497; x_wconf 76' lang='grc' dir='ltr'>τὸ</span> <span class='ocrx_word' id='word_1_694' title='bbox 2660 4447 3027 4516; x_wconf 80' lang='grc' dir='ltr'>θησαύρισμα,</span> <span class='ocrx_word' id='word_1_695' title='bbox 3073 4449 3307 4515; x_wconf 84' lang='grc' dir='ltr'>τοσούτῳ</span> <span class='ocrx_word' id='word_1_696' title='bbox 3342 4450 3521 4501; x_wconf 83' lang='grc' dir='ltr'>πλεῖον</span> <span class='ocrx_word' id='word_1_697' title='bbox 3554 4452 3645 4503; x_wconf 70' lang='grc' dir='ltr'><strong>καὶ</strong></span> <span class='ocrx_word' id='word_1_698' title='bbox 3681 4452 3953 4522; x_wconf 61' lang='grc' dir='ltr'>βαρυτέρα</span> 
     </span>
    </p>
   </div>
   <div class='ocr_carea' id='block_1_101' title="bbox 2398 4535 3953 4606">
    <p class='ocr_par' dir='ltr' id='par_1_101' title="bbox 2398 4535 3953 4606">
     <span class='ocr_line' id='line_1_101' title="bbox 2398 4535 3953 4606; baseline 0.005 -20"><span class='ocrx_word' id='word_1_699' title='bbox 2398 4536 2715 4603; x_wconf 83' lang='grc' dir='ltr'>ταμιεύεταί</span> <span class='ocrx_word' id='word_1_700' title='bbox 2748 4553 2827 4587; x_wconf 89' lang='grc' dir='ltr'><strong>σοι</strong></span> <span class='ocrx_word' id='word_1_701' title='bbox 2864 4538 2895 4605; x_wconf 88' lang='grc' dir='ltr'><strong>ή</strong></span> <span class='ocrx_word' id='word_1_702' title='bbox 2924 4535 3136 4598; x_wconf 83' lang='grc' dir='ltr'>αἰώνιος</span> <span class='ocrx_word' id='word_1_703' title='bbox 3163 4537 3403 4599; x_wconf 89' lang='grc' dir='ltr'>κόλασις.</span> <span class='ocrx_word' id='word_1_704' title='bbox 3437 4539 3545 4589; x_wconf 72' lang='grc' dir='ltr'><strong>Καὶ</strong></span> <span class='ocrx_word' id='word_1_705' title='bbox 3584 4540 3769 4605; x_wconf 59' lang='grc' dir='ltr'>δξελόν</span> <span class='ocrx_word' id='word_1_706' title='bbox 3797 4557 3856 4606; x_wconf 90' lang='grc' dir='ltr'><strong>γε</strong></span> <span class='ocrx_word' id='word_1_707' title='bbox 3884 4543 3953 4594; x_wconf 73' lang='grc' dir='ltr'>τὰ</span> 
     </span>
    </p>
   </div>
   <div class='ocr_carea' id='block_1_102' title="bbox 2397 4627 3951 4699">
    <p class='ocr_par' dir='ltr' id='par_1_102' title="bbox 2397 4627 3951 4699">
     <span class='ocr_line' id='line_1_102' title="bbox 2397 4627 3951 4699; baseline 0.003 -20"><span class='ocrx_word' id='word_1_708' title='bbox 2397 4627 2626 4680; x_wconf 79' lang='grc' dir='ltr'>τοσαῦτα</span> <span class='ocrx_word' id='word_1_709' title='bbox 2674 4628 2950 4697; x_wconf 82' lang='grc' dir='ltr'>χρήματα,</span> <span class='ocrx_word' id='word_1_710' title='bbox 2979 4627 3054 4697; x_wconf 79' lang='grc' dir='ltr'><strong>τῷ</strong></span> <span class='ocrx_word' id='word_1_711' title='bbox 3090 4627 3263 4699; x_wconf 82' lang='grc' dir='ltr'>καιρῷ</span> <span class='ocrx_word' id='word_1_712' title='bbox 3313 4628 3389 4697; x_wconf 78' lang='grc' dir='ltr'>τῷ</span> <span class='ocrx_word' id='word_1_713' title='bbox 3419 4629 3599 4698; x_wconf 79' lang='grc' dir='ltr'>οἰκείῳ</span> <span class='ocrx_word' id='word_1_714' title='bbox 3634 4631 3709 4691; x_wconf 84' lang='grc' dir='ltr'><strong>είς</strong></span> <span class='ocrx_word' id='word_1_715' title='bbox 3754 4631 3951 4697; x_wconf 79' lang='grc' dir='ltr'>ἄνδρας</span> 
     </span>
    </p>
   </div>
   <div class='ocr_carea' id='block_1_103' title="bbox 2398 4718 3950 4796">
    <p class='ocr_par' dir='ltr' id='par_1_103' title="bbox 2398 4718 3950 4796">
     <span class='ocr_line' id='line_1_103' title="bbox 2398 4718 3950 4796; baseline 0.002 -26"><span class='ocrx_word' id='word_1_716' title='bbox 2398 4718 2641 4779; x_wconf 76' lang='grc' dir='ltr'>εὐλαϐεῖς</span> <span class='ocrx_word' id='word_1_717' title='bbox 2691 4718 2782 4770; x_wconf 74' lang='grc' dir='ltr'>καὶ</span> <span class='ocrx_word' id='word_1_718' title='bbox 2842 4718 3022 4781; x_wconf 82' lang='grc' dir='ltr'>ὁσίους</span> <span class='ocrx_word' id='word_1_719' title='bbox 3052 4718 3295 4785; x_wconf 71' lang='grc' dir='ltr'>ἔφθασαν</span> <span class='ocrx_word' id='word_1_720' title='bbox 3323 4720 3513 4796; x_wconf 37' lang='grc' dir='ltr'>,ικατά</span> <span class='ocrx_word' id='word_1_721' title='bbox 3543 4719 3600 4770; x_wconf 83' lang='grc' dir='ltr'><strong>τὸ</strong></span> <span class='ocrx_word' id='word_1_722' title='bbox 3630 4724 3950 4790; x_wconf 76' lang='grc' dir='ltr'>γεγραμμέ-</span> 
     </span>
    </p>
   </div>
   <div class='ocr_carea' id='block_1_104' title="bbox 2397 4808 3947 4878">
    <p class='ocr_par' dir='ltr' id='par_1_104' title="bbox 2397 4808 3947 4878">
     <span class='ocr_line' id='line_1_104' title="bbox 2397 4808 3947 4878; baseline -0.001 -17"><span class='ocrx_word' id='word_1_723' title='bbox 2397 4827 2505 4871; x_wconf 90' lang='grc' dir='ltr'>νον,</span> <span class='ocrx_word' id='word_1_724' title='bbox 2537 4810 2725 4877; x_wconf 79' lang='grc' dir='ltr'>ὅτιπερ</span> <span class='ocrx_word' id='word_1_725' title='bbox 2758 4808 3122 4877; x_wconf 74' lang='grc' dir='ltr'>Συνήθροισάν</span> <span class='ocrx_word' id='word_1_726' title='bbox 3152 4826 3295 4869; x_wconf 89' lang='grc' dir='ltr'>τινες</span> <span class='ocrx_word' id='word_1_727' title='bbox 3338 4808 3625 4877; x_wconf 83' lang='grc' dir='ltr'>ἀπλήστως</span> <span class='ocrx_word' id='word_1_728' title='bbox 3666 4809 3947 4878; x_wconf 84' lang='grc' dir='ltr'>ἀργύριον,</span> 
     </span>
    </p>
   </div>
   <div class='ocr_carea' id='block_1_105' title="bbox 2398 4890 3951 4969">
    <p class='ocr_par' dir='ltr' id='par_1_105' title="bbox 2398 4890 3951 4969">
     <span class='ocr_line' id='line_1_105' title="bbox 2398 4890 3951 4969; baseline 0.001 -18"><span class='ocrx_word' id='word_1_729' title='bbox 2398 4899 2457 4962; x_wconf 76' lang='grc' dir='ltr'>ἐξ</span> <span class='ocrx_word' id='word_1_730' title='bbox 2495 4893 2553 4951; x_wconf 77' lang='grc' dir='ltr'><strong>οῦ</strong></span> <span class='ocrx_word' id='word_1_731' title='bbox 2595 4898 2655 4950; x_wconf 85' lang='grc' dir='ltr'><strong>οὐ</strong></span> <span class='ocrx_word' id='word_1_732' title='bbox 2689 4897 2972 4965; x_wconf 72' lang='grc' dir='ltr'>γεύσοντυιι</span> <span class='ocrx_word' id='word_1_733' title='bbox 3002 4914 3013 4927; x_wconf 84' lang='grc'><em>’</em></span> <span class='ocrx_word' id='word_1_734' title='bbox 3052 4898 3198 4969; x_wconf 82' lang='grc' dir='ltr'>ἆπερ</span> <span class='ocrx_word' id='word_1_735' title='bbox 3247 4898 3291 4950; x_wconf 80' lang='grc' dir='ltr'>δ’</span> <span class='ocrx_word' id='word_1_736' title='bbox 3322 4890 3464 4951; x_wconf 73' lang='grc' dir='ltr'>οῦτοι</span> <span class='ocrx_word' id='word_1_737' title='bbox 3518 4902 3845 4969; x_wconf 85' lang='grc' dir='ltr'>συνήνεγκαν</span> <span class='ocrx_word' id='word_1_738' title='bbox 3890 4904 3951 4967; x_wconf 74' lang='grc' dir='ltr'><strong>ἐξ</strong></span> 
     </span>
    </p>
   </div>
   <div class='ocr_carea' id='block_1_106' title="bbox 2398 4987 3949 5062">
    <p class='ocr_par' dir='ltr' id='par_1_106' title="bbox 2398 4987 3949 5062">
     <span class='ocr_line' id='line_1_106' title="bbox 2398 4987 3949 5062; baseline 0.002 -19"><span class='ocrx_word' id='word_1_739' title='bbox 2398 4991 2606 5050; x_wconf 71' lang='grc' dir='ltr'>ἀδικίας</span> <span class='ocrx_word' id='word_1_740' title='bbox 2639 4988 2878 5057; x_wconf 84' lang='grc' dir='ltr'>πολλῆς,</span> <span class='ocrx_word' id='word_1_741' title='bbox 2922 4987 3091 5043; x_wconf 79' lang='grc' dir='ltr'>ταῦτα</span> <span class='ocrx_word' id='word_1_742' title='bbox 3133 4989 3329 5041; x_wconf 83' lang='grc' dir='ltr'>δίκαιοι</span> <span class='ocrx_word' id='word_1_743' title='bbox 3380 4990 3604 5045; x_wconf 76' lang='grc' dir='ltr'>ἔδονται.</span> <span class='ocrx_word' id='word_1_744' title='bbox 3673 4992 3809 5043; x_wconf 80' lang='grc' dir='ltr'>Ἀλλ’</span> <span class='ocrx_word' id='word_1_745' title='bbox 3849 4994 3949 5062; x_wconf 73' lang='grc' dir='ltr'><strong>οὐχ</strong></span> 
     </span>
    </p>
   </div>
   <div class='ocr_carea' id='block_1_107' title="bbox 2398 5077 3951 5151">
    <p class='ocr_par' dir='ltr' id='par_1_107' title="bbox 2398 5077 3951 5151">
     <span class='ocr_line' id='line_1_107' title="bbox 2398 5077 3951 5151; baseline 0 -20"><span class='ocrx_word' id='word_1_746' title='bbox 2398 5079 2565 5140; x_wconf 72' lang='grc' dir='ltr'>οὕτως</span> <span class='ocrx_word' id='word_1_747' title='bbox 2620 5078 2823 5147; x_wconf 75' lang='grc' dir='ltr'>νομίζω</span> <span class='ocrx_word' id='word_1_748' title='bbox 2880 5077 3201 5147; x_wconf 80' lang='grc' dir='ltr'>γενήσεσθαι</span> <span class='ocrx_word' id='word_1_749' title='bbox 3253 5079 3343 5130; x_wconf 75' lang='grc' dir='ltr'>ἐπὶ</span> <span class='ocrx_word' id='word_1_750' title='bbox 3393 5080 3511 5131; x_wconf 83' lang='grc' dir='ltr'>σοί·</span> <span class='ocrx_word' id='word_1_751' title='bbox 3571 5080 3784 5145; x_wconf 75' lang='grc' dir='ltr'>ἀνάξιος</span> <span class='ocrx_word' id='word_1_752' title='bbox 3839 5082 3951 5151; x_wconf 76' lang='grc' dir='ltr'>γὰρ</span> 
     </span>
    </p>
   </div>
   <div class='ocr_carea' id='block_1_108' title="bbox 2400 5166 3947 5240">
    <p class='ocr_par' dir='ltr' id='par_1_108' title="bbox 2400 5166 3947 5240">
     <span class='ocr_line' id='line_1_108' title="bbox 2400 5166 3947 5240; baseline 0.002 -23"><span class='ocrx_word' id='word_1_753' title='bbox 2400 5168 2681 5236; x_wconf 81' lang='grc' dir='ltr'>ὑπάρχεις,</span> <span class='ocrx_word' id='word_1_754' title='bbox 2721 5166 2816 5236; x_wconf 72' lang='grc' dir='ltr'>τὴν</span> <span class='ocrx_word' id='word_1_755' title='bbox 2848 5166 2901 5218; x_wconf 73' lang='grc' dir='ltr'>δὲ</span> <span class='ocrx_word' id='word_1_756' title='bbox 2930 5166 3150 5236; x_wconf 79' lang='grc' dir='ltr'>δημώδη</span> <span class='ocrx_word' id='word_1_757' title='bbox 3197 5170 3491 5237; x_wconf 81' lang='grc' dir='ltr'>παροιμίαν</span> <span class='ocrx_word' id='word_1_758' title='bbox 3526 5170 3631 5240; x_wconf 55' lang='grc' dir='ltr'><strong>ὄψῃ</strong></span> <span class='ocrx_word' id='word_1_759' title='bbox 3663 5170 3947 5239; x_wconf 84' lang='grc' dir='ltr'>καταλαμ-</span> 
     </span>
    </p>
   </div>
   <div class='ocr_carea' id='block_1_109' title="bbox 2400 5256 3949 5328">
    <p class='ocr_par' dir='ltr' id='par_1_109' title="bbox 2400 5256 3949 5328">
     <span class='ocr_line' id='line_1_109' title="bbox 2400 5256 3949 5328; baseline 0.003 -21"><span class='ocrx_word' id='word_1_760' title='bbox 2400 5256 2661 5309; x_wconf 69' lang='grc' dir='ltr'>ϐάνουσαν</span> <span class='ocrx_word' id='word_1_761' title='bbox 2691 5275 2769 5318; x_wconf 89' lang='grc' dir='ltr'><strong>σε,</strong></span> <span class='ocrx_word' id='word_1_762' title='bbox 2786 5258 2883 5328; x_wconf 77' lang='grc' dir='ltr'><strong>τὴν</strong></span> <span class='ocrx_word' id='word_1_763' title='bbox 2903 5258 3178 5327; x_wconf 81' lang='grc' dir='ltr'>λέγουσαν·</span> <span class='ocrx_word' id='word_1_764' title='bbox 3200 5258 3277 5312; x_wconf 77' lang='grc' dir='ltr'><strong>Τὰ</strong></span> <span class='ocrx_word' id='word_1_765' title='bbox 3301 5260 3341 5312; x_wconf 93' lang='grc' dir='ltr'><strong>Τ</strong></span> <span class='ocrx_word' id='word_1_766' title='bbox 3346 5259 3669 5311; x_wconf 83' lang='grc' dir='ltr'>ανταλιστῶν</span> <span class='ocrx_word' id='word_1_767' title='bbox 3688 5262 3949 5326; x_wconf 63' lang='grc' dir='ltr'>φάγονται</span> 
     </span>
    </p>
   </div>
   <div class='ocr_carea' id='block_1_110' title="bbox 2398 5348 2775 5419">
    <p class='ocr_par' dir='ltr' id='par_1_110' title="bbox 2398 5348 2775 5419">
     <span class='ocr_line' id='line_1_110' title="bbox 2398 5348 2775 5419; baseline -0.003 -18"><span class='ocrx_word' id='word_1_768' title='bbox 2398 5348 2775 5419; x_wconf 78' lang='grc' dir='ltr'>Κροταλισταί.</span> 
     </span>
    </p>
   </div>
  </div>
