4128 6340
757 311 861 374 275
2184 330 2242 389 s.
2267 329 2433 408 NILI.

755 440 818 480 ac
842 426 1097 486 eliicicns.
1127 441 1160 481 ο
1190 426 1284 483 Dei
1322 443 1533 497 amans,
1562 431 1680 487 sine
1720 434 1842 496 ulla.
1864 435 2197 491 haesitatione
2235 438 2280 490 in

2393 442 2621 512 φιλόθεε,
2665 449 3046 520 ἀναμφιϐόλως
3090 455 3169 519 είς
3221 457 3320 530 τὴν

755 531 976 584 regnum
1018 517 1278 573 caelorum
1308 534 1430 575 cum
1464 523 1743 578 monachis
1784 540 1890 578 una
1920 526 2079 580 simul
2119 529 2290 582 intro-

752 605 878 671 ibis,
917 612 1170 676 tanquam
1199 609 1399 678 probus
1427 625 1613 665 eorum
1643 615 1848 670 assecla
1875 623 1928 671 et
1956 629 2139 671 eorum
2189 617 2290 670 ml-

750 695 941 764 nister,
970 707 1022 752 et
1055 699 1215 754 simul
1242 715 1364 755 cum
1393 701 1578 758 illisin
1605 703 1973 761 ha‘reditatem
1998 706 2286 775 bonorum,

3833 356 3946 419 276

3374 460 3643 530 μασιλείαν
3694 463 3801 518 τῶν
3846 467 3945 520 οὗο

2395 535 2568 606 ρανῶν
2617 541 2994 613 συνεισελεύσῃ
3040 545 3135 599 σὺν
3167 549 3282 610 τοῖς
3336 552 3605 620 μοναχοϊς,
3652 551 3727 615 ὡς
3769 554 3944 618 καλδς

2388 625 2670 693 ἀκόλουθος
2695 629 2787 684 καὶ
2834 631 3107 705 ὑπηρέτης
3130 636 3351 705 τούτων,
3380 640 3471 692 καὶ
3487 641 3942 714 συγκληρονομή-

2390 733 2504 780 σεις
2551 718 2765 785 τούτοις
2811 720 2880 774 τὰ
2937 724 3194 794 άφραστα
3231 728 3409 794 ἀγαθά
3463 731 3543 794 είς
3598 733 3944 802 ἀπεράντους

749 801 870 854 quae:
902 791 1066 844 verbo
1098 791 1326 860 exprimi
1354 792 1576 849 minime
1599 803 1845 864 possunt,
1878 796 1934 850 in
1961 797 2289 868 sempiterna
2387 807 2605 872 αἰῶνας.

746 877 941 930 saecula
968 877 1270 935 vocaberis.

970 965 1195 1022 CLVIII.
1233 997 1303 1009 --
1337 968 1610 1025 CHILONI
1649 971 2055 1030 DOMESTICO.

815 1053 1093 1122 lnstabile,
1131 1058 1386 1128 nullaque
1421 1061 1633 1116 ratione
1665 1063 1900 1128 ﬁrmum,
1936 1064 2046 1120 imo
2076 1072 2289 1137 pertur-

744 1142 954 1207 batum,
1011 1155 1063 1199 et
1116 1145 1255 1202 llcxu
1323 1147 1638 1205 facillimum
1693 1155 1905 1210 consilii
1961 1157 2041 1212 tui
2098 1155 2289 1212 Sirach

742 1229 999 1305 innuens,
1038 1232 1217 1290 dixit:
1279 1252 1297 1287 ι
1337 1235 1475 1292 Rota
1525 1255 1722 1297 currus
1783 1242 2088 1313 insipientis
2146 1246 2288 1300 inte-

741 1320 1002 1398 ηομ-ατο.»
1033 1323 1088 1376 Si
1116 1328 1346 1396 prompti
1374 1343 1593 1398 quoque
1620 1333 1717 1396 tui,
1751 1348 1812 1386 ac
1829 1332 2002 1390 facilis
2032 1336 2086 1391 in
2111 1352 2288 1394 secre-

745 1409 814 1463 tis
842 1410 1144 1476 edicendis,
1187 1417 1483 1487 statimque
1519 1420 1888 1488 divulgandis,
1924 1427 2288 1498 omnibusque

745 1497 901 1567 195
938 1501 1030 1555 tibi
1073 1505 1400 1562 concreditis
1431 1510 1756 1578 aperiendis,
1799 1515 2010 1569 consilii
2042 1519 2287 1573 testimo-

741 1589 888 1642 nium
912 1604 1075 1660 supra
1105 1593 1303 1664 laudati
1331 1598 1616 1666 scriptoris
1648 1611 1893 1670 exoptas,
1944 1619 2064 1674 quae
2103 1607 2283 1661 statim

738 1679 1068 1746 subduntur,
1091 1683 1287 1740 habeto
1312 1705 1324 1740 :
1348 1688 1559 1745 «Audiit
1582 1694 1854 1759 enim,ait,
1883 1696 2147 1767 insipiens
2172 1715 2286 1754 ser-

739 1784 973 1837 monem,
997 1781 1050 1828 et
1073 1777 1347 1845 parturiit,
1367 1781 1818 1848 quemadmodum
1840 1788 2071 1856 parturit
2097 1803 2126 1842 a
2151 1788 2287 1846 facie

736 1856 962 1916 infantis
1017 1865 1322 1931 parturiens
1375 1868 1442 1923 τί.
1477 1887 1494 1920 ι
1527 1868 1673 1926 Nihil
1705 1874 1849 1929 enim
1885 1881 2157 1934 amentius
2205 1890 2288 1936 est

736 1961 900 2015 quam
935 1951 1233 2020 publicare,
1263 1965 1317 2010 et
1336 1957 1450 2012 hac
1473 1968 1635 2029 atque
1663 1962 1786 2018 illac
1812 1966 1970 2021 nobis
1999 1969 2065 2023 ab
2093 1971 2286 2026 amicis

678 2022 698 2039 ’
734 2037 874 2091 clam
922 2042 1278 2113 privatimque
1313 2050 1623 2105 concredita
1661 2057 2051 2120 transmittere.
2081 2061 2286 2128 palam-

731 2143 858 2196 que,
893 2139 946 2185 et
980 2132 1232 2189 indecore
1260 2139 1534 2208 evulgare.
1563 2140 1664 2208 Qui
1704 2144 1867 2213 igitur
1895 2153 1946 2202 te
1989 2159 2280 2219 occupant,

2663 985 2842 1040 PNH'.
2875 1015 2944 1029 -
2977 986 3214 1040 ΧΙΛΩΝῙ
3244 989 3651 1062 ΔΟΜΕΣΤΙΚῼ.

2457 1073 2530 1128 Τὸ
2559 1075 2932 1130 ἀκατάστατον
2975 1093 3034 1129 τε
3058 1078 3150 1132 καὶ
3181 1077 3480 1149 ἀνίδρυτον,
3504 1079 3942 1151 τεθορυϐημένον

2392 1181 2452 1219 τε
2495 1163 2589 1220 καὶ
2619 1167 2935 1238 εὐκλόνητον
2966 1169 3064 1239 τῆς
3093 1169 3190 1241 σῆς
3218 1167 3464 1240 γνώμης,
3491 1169 3665 1241 δηλῶν
3697 1174 3725 1226 ὁ
3763 1173 3943 1243 Σιράχ

2389 1273 2559 1327 φησι·
2603 1276 2622 1309 ι
2657 1258 2858 1329 Τροχδς
2903 1259 3117 1330 ἀμάξης
3156 1260 3436 1331 σπλάγχνα
3471 1260 3675 1332 μωροῦ.
3714 1281 3735 1315 ι
3773 1262 3839 1315 El.
3882 1264 3944 1315 δὲ

2388 1345 2482 1398 καὶ
2528 1347 2656 1417 περὶ
2684 1344 2777 1402 τοῦ
2811 1348 2884 1420 μὴ
2917 1347 3262 1418 βουλεύεσθαί
3291 1349 3351 1402 σέ
3387 1366 3516 1403 ποτε
3556 1349 3785 1419 φυλάξαι
3835 1368 3944 1422 μυ-

2390 1435 2631 1504 στήριον,
2665 1435 2780 1489 ἀλλ’
2803 1436 2964 1500 εὐθὺς
3005 1435 3396 1507 ἔκφερομυθεῖν
3420 1475 3435 1502 ,
3465 1438 3558 1490 καὶ
3597 1440 3728 1492 πᾶσι
3767 1440 3945 1508 δημο-

2389 1523 2589 1578 σιεύειν
2615 1525 2685 1579 τὰ
2713 1525 3091 1597 τεθαρῤημένα
3128 1543 3228 1591 σοι,
3266 1527 3438 1591 Θέλεις
3465 1529 3590 1582 ίδεϊν
3629 1531 3944 1601 μαρτυρίαν

2385 1613 2477 1667 τοῦ
2502 1614 2779 1684 λεχθέντος
2806 1615 3118 1686 προσώπου,
3148 1618 3310 1671 ἄκουε
3333 1619 3662 1688 παραυτίκα·
3687 1638 3704 1670 ι
3733 1621 3943 1674 Ἤκου-

2389 1721 2448 1756 σε
2495 1705 2640 1774 γὰρ,
2692 1707 2888 1778 φησὶν,
2931 1707 2960 1759 ὁ
3017 1707 3197 1777 μωρὸς
3241 1707 3431 1776 λόγον,
3487 1709 3582 1761 καὶ
3643 1710 3938 1779 ὠδίνησεν,

2387 1793 2574 1864 ὥσπερ
2603 1794 2780 1848 ὠδίνει
2810 1795 2915 1850 ἀπδ
2953 1795 3245 1866 προσώπου
3281 1795 3566 1868 βρέφουςή
3597 1797 3878 1855 τίκτουσα.
3913 1818 3936 1851 ι

2388 1884 2551 1938 Οὐδὲν
2601 1885 2658 1937 δὲ
2695 1886 2999 1956 μωρότερον
3037 1886 3130 1939 τοῦ
3163 1887 3529 1958 στηλιτεύειν,
3564 1889 3659 1941 καὶ
3699 1889 3937 1960 διαπορ-

2386 1975 2608 2045 θμεύειν
2656 1977 2782 2048 τῇδε
2834 1981 3081 2044 κάκεῖσε,
3121 1980 3215 2032 καὶ
3260 1978 3525 2049 φανεροῦν
3553 1980 3816 2050 ἀπρεπῶς
3867 1981 3941 2033 τὰ

2385 2067 2730 2138 θαρρηθέντα
2758 2070 2886 2138 ἡμῖν
2916 2069 3065 2139 παρά
3097 2069 3202 2121 τῶν
3234 2069 3400 2138 φίλων
3442 2069 3645 2140 κρύφα,
3682 2071 3774 2123 καὶ
3808 2069 3939 2124 κατ’

2387 2157 2540 2211 ίδίαν.
2584 2157 2878 2228 Ἀφέμενος
2902 2159 3079 2211 τοίνυν
3109 2159 3215 2211 τῶν
3267 2159 3588 2229 νοσημάτων
3625 2159 3734 2212 τῶν
3767 2176 3938 2229 περι-

730 2221 940 2276 morbis
961 2226 1309 2294 renuntiatis,
1341 2229 1424 2286 fac
1455 2233 1530 2287 sis
1565 2232 1619 2288 in
1653 2227 1930 2304 posterum
1967 2239 2203 2308 sapiens.
2231 2249 2280 2296 et

2383 2249 2615 2320 εχόντων
2643 2221 2734 2312 σε,⁷
2754 2247 2912 2316 γενοῦ
2936 2248 3120 2301 λοιπὸν
3148 2249 3310 2316 σοφός
3334 2221 3416 2315 τε,
3434 2248 3526 2302 καὶ
3553 2246 3817 2318 βεόηκὼς,
3837 2221 3942 2301 παὶ

733 2314 943 2376 tirmus,
984 2324 1037 2369 et
1064 2331 1388 2374 arcanorum
1420 2334 1626 2388 custos,
1661 2340 1944 2395 quousque
1975 2329 2130 2383 linem
2163 2331 2280 2387 vitae

2387 2314 2702 2410 μυστηρίων
2741 2314 2935 2406 ιρύλαξ,
2964 2339 3067 2402 ἕως
3093 2339 3159 2392 ἂν
3183 2314 3480 2412 ἀποθάνῃς,
3505 2314 3938 2402 κατασκευάζων

729 2405 1004 2471 posueris,
1060 2409 1280 2478 proprio
1329 2411 1434 2476 ori,
1491 2422 1542 2468 et
1592 2412 2062 2472 incontinentibus
2114 2420 2280 2477 labris

2490 2405 2674 2500 οίέιείῳ
2708 2405 2932 2498 στόματι
2985 2429 3078 2482 καὶ
3109 2430 3218 2490 τοῖς
3246 2405 3496 2497 ἀστέγοις
3532 2427 3735 2497 χείλεσι
3760 2426 3941 2497 θύραν

731 2493 936 2548 validas
971 2494 1118 2551 fores
1141 2511 1442 2566 apponens,
1471 2510 1787 2572 vectamque
1815 2505 2279 2576 robustissimum,

2383 2493 2620 2590 στερρὰν
2645 2493 2758 2573 ’καὶ
2792 2493 2984 2589 μοχλὸν
3019 2493 3506 2589 ἰσχυρότατον,τκαὶ
3533 2493 3631 2588 τὴν
3663 2493 3940 2587 σφραγῖδα

727 2588 782 2636 et
822 2583 1026 2638 silentii
1057 2586 1240 2655 optimi
1284 2588 1522 2656 sigillum
1563 2592 1882 2662 appingens.
1926 2591 2019 2651 Sic
2049 2597 2194 2652 enim
2227 2605 2280 2653 et

2382 2583 2496 2677 1‘7};-
2522 2583 2687 2678 σιγῆς
2733 2583 3014 2677 βελτίστης
3046 2583 3326 2668 ἐπιτιθείς.
3371 2604 3527 2658 Οὕτω
3572 2583 3681 2675 γὰρ
3710 2583 3827 2658 ίέαιί
3854 2603 3940 2673 τῷ

729 2673 927 2729 divinae
950 2677 1277 2745 cognitionis
1307 2681 1597 2753 splendore
1637 2684 1933 2750 illuminari
1970 2688 2196 2757 poteris,
2227 2697 2280 2744 et

2382 2673 2481 2763 τῆς
2508 2673 2659 2755 θείας
2695 2673 2947 2760 γνώσεως
2967 2673 3129 2760 ’φωτὶ
3161 2689 3531 2760 ὲλλαμφθῆναι
3574 2673 3797 2764 δυνήσῃ,
3837 2692 3940 2743 καὶ

727 2777 884 2816 sacra
918 2761 1202 2834 Scriptura
1247 2768 1447 2823 solatio
1487 2771 1586 2825 tibi
1634 2773 1760 2837 erit,
1793 2789 1913 2828 cum
1963 2776 2037 2830 ait
2071 2795 2086 2831 :
2127 2797 2144 2830 ι
2183 2779 2281 2833 Sa-

724 2852 929 2920 pientia
976 2855 1210 2911 hominis
1259 2858 1595 2922 illuminabit,
1637 2861 1828 2918 faciem
1875 2865 2019 2920 illius
2050 2867 2116 2931 ";
2157 2887 2175 2917 ι
2227 2877 2282 2923 et

725 2956 965 2998 rursus:
996 2961 1014 2994 ι
1045 2944 1280 3001 Audiiin
1329 2963 1658 3014 sermonem,
1702 2951 2046 3008 immoriatur
2093 2957 2146 3010 in
2203 2966 2276 3014 te.

2380 2784 2414 2852 ἡ
2449 2782 2638 2852 Γραφὴ
2691 2783 3064 2853 παρηγορήσει
3108 2780 3340 2851 λέγουσα
3375 2796 3390 2811 ·
3444 2797 3462 2833 ι
3520 2780 3689 2850 Σοφία
3739 2780 3939 2851 ἀνδρὸς

2380 2874 2570 2940 φωτιεί
2588 2872 2649 2926 τὺ
2670 2872 2958 2944 πρόσωπον
2975 2870 3160 2925 αὑτοῦ.
3194 2891 3214 2924 ι
3240 2871 3348 2925 Καὶ
3373 2870 3534 2925 πάλιν
3555 2886 3570 2901 ο
3601 2888 3620 2921 ι
3653 2870 3938 2932 Ἤκουσας

2378 2960 2569 3029 λόγονς
2617 2960 2991 3015 ἔναποθανέτω
3023 2977 3124 3013 σοι.
3164 2960 3386 3028 Θάρσει’
3417 2959 3478 3013 οὐ
3515 2960 3588 3031 μή
3622 2975 3681 3012 σε
3716 2957 3872 3031 ῥήξει
3906 2959 3940 3011 6

727 3029 876 3085 Bono
908 3035 985 3088 sis
1005 3035 1186 3089 animo
1212 3055 1225 3089 :
1252 3050 1359 3092 non
1384 3039 1684 3108 disrumpet
1716 3050 1767 3096 te
1786 3059 1964 3101 sermo
1993 3048 2046 3101 in
2081 3063 2280 3107 arcano

2382 3051 2538 3120 λόγος
2575 3053 2604 3104 ὁ
2638 3051 2921 3121 μυστηρίῳ
2949 3049 3158 3121 λεχθείς
3190 3067 3290 3104 σοι.
3330 3069 3350 3103 ι

724 3123 825 3176 tibi
867 3128 1304 3184 communicatos
1329 3130 1392 3182 ⁷³.
1427 3149 1454 3182 ,ι

977 3216 1152 3271 CLIX.
1175 3249 1243 3260 -—-
1268 3220 1661 3278 GAUDENTIO
1705 3224 2017 3284 DIACONO.

795 3303 1189 3365 Fornicationis
1241 3311 1446 3366 daemon
1483 3329 1631 3369 more
1684 3317 1790 3370 nati
1846 3319 2116 3377 abdomini
2175 3340 2276 3380 suo

726 3397 887 3448 catuli
928 3413 1090 3465 penes
1117 3416 1260 3464 eum,
1295 3404 1386 3470 qui
1422 3404 1489 3457 ab
1514 3421 1579 3459 eo
1600 3414 1859 3468 tentatur.
1894 3413 2069 3467 suevit
2109 3415 2274 3471 haere-

729 3499 902 3550 scere,
937 3503 1042 3542 non
1073 3497 1249 3546 tamen
1285 3493 1390 3546 vim
1423 3493 1641 3550 inferre.
1679 3498 1732 3550 In
1771 3509 1858 3553 tua
1888 3503 2070 3572 itaque
2123 3515 2276 3575 pote-

721 3584 859 3628 state
891 3586 992 3643 cst,
1025 3589 1224 3648 tuoque
1273 3582 1518 3646 arbitrio,
1552 3595 1642 3637 aut
1694 3588 1858 3642 hunc.
1887 3607 1980 3659 per
2042 3595 2273 3662 ignomi-

721 3661 932 3716 niosum
961 3668 1273 3721 exercitium
1307 3671 1470 3737 alere,
1503 3685 1595 3724 aut
1646 3676 1904 3731 iracunde
1936 3694 2030 3747 per
2064 3661 2271 3748 preces,

722 3763 772 3805 et
807 3755 1134 3822 psalmorum
1165 3772 1476 3827 concentus,
1509 3773 1561 3819 et
1589 3765 1817 3834 jejunio,
1860 3777 1910 3824 et
1960 3772 2194 3842 vigilias,
2219 3786 2273 3831 et

721 3843 870 3896 humi
929 3848 1181 3907 cubatum
1238 3851 1289 3903 in
1348 3852 1522 3920 fugam
1585 3865 1812 3910 vertere.
1886 3859 2272 3929 «Opponimini

716 3933 862 3986 enim
905 3934 1238 4002 adversario,
1275 3949 1332 3993 ut
1381 3956 1606 4011 magnus
1661 3943 1893 4002 Jacobus
1951 3950 2160 4018 scribit,
2219 3960 2272 4007 et

719 4023 886 4092 fugiet
907 4040 934 4077 a
963 4026 1114 4082 vobis
1131 4029 1194 4083 ".
1231 4048 1249 4080 i

941 4115 1097 4184 193
1126 4116 1278 4170 CLX.
1317 4149 1382 4156 -
1411 4101 1680 4175 rudem
1713 4122 2054 4182 El'lSCOPO.

786 4201 930 4259 Satis
960 4206 1136 4260 idonei
1162 4208 1518 4276 instructique
1557 4225 1647 4264 vos
1671 4226 1764 4279 per
1798 4218 2173 4285 vosmetipsos,
2213 4222 2266 4274 in

717 4297 1043 4349 monasterio
1077 4307 1255 4351 vestro
1287 4298 1626 4368 degentibus,
1663 4303 1737 4356 uti
1787 4320 1884 4373 par
1928 4315 2032 4370 est,
2063 4308 2114 4360 in
2149 4325 2269 4364 om-

2643 3221 2817 3275 PNB’.
2843 3249 2910 3262 -
2943 3221 3328 3293 ΓΑΥΔΕΝΤΙῼ
3352 3221 3672 3291 ΔῙΔΚΟΝῼ.

2463 3317 2520 3370 '0
2549 3317 2647 3385 τῆς
2672 3314 2922 3384 πορνείας
2945 3313 3151 3382 δαίμων
3175 3313 3330 3382 δίκην
3360 3312 3539 3382 λίχνον
3579 3311 3818 3366 κυνιδίου
3851 3313 3938 3383 τῷ

2383 3404 2473 3458 ὑπ’
2508 3402 2670 3458 αὑτοῦ
2718 3401 3093 3472 πειραζομὲνῳ
3137 3400 3294 3454 εἴωθε
3340 3401 3695 3472 παραμένειν,
3727 3401 3787 3453 οὑ
3823 3404 3938 3473 μὴν

2383 3494 2750 3559 ἐκϐιάζεσθαι.
2805 3493 2892 3544 Ἐν
2938 3492 3022 3544 σοὶ
3072 3489 3248 3544 τοίνυν
3285 3489 3550 3561 ὑπάρχει,
3607 3489 3702 3542 καὶ
3743 3493 3811 3560 τῇ
3860 3493 3934 3560 σῇ

2383 3586 2595 3656 ἐξουσίᾳ
2619 3623 2634 3648 ,
2687 3583 2783 3638 καὶ
2831 3581 3112 3652 βουλήσει,
3145 3581 3178 3652 ἢ
3221 3580 3440 3652 τρέφειν
3488 3578 3675 3633 τοῦτον
3715 3580 3800 3632 διὰ
3829 3580 3937 3653 τῆς

2381 3675 2638 3747 ἐργασίας
2666 3674 2764 3744 τῆς
2797 3673 2992 3744 ἀτίμου
3012 3716 3027 3739 ,
3067 3673 3101 3743 ἢ
3133 3672 3455 3743 φυγαδεῡειν
3504 3671 3619 3742 μετ’
3647 3674 3813 3744 ὀργῆς
3861 3674 3937 3727 δι’

2379 3766 2550 3835 εὐχῶν
2571 3766 2666 3819 καὶ
2691 3763 3037 3834 ψαλμῳδιῶν,
3062 3763 3326 3832 νηστειῶν
3360 3781 3420 3816 τε
3459 3766 3552 3817 καὶ
3589 3764 3933 3836 ἀγρυπνιῶν,

2382 3858 2599 3926 καὶτῆς
2631 3856 3038 3927 χαμαικοιτίας.
3079 3876 3097 3907 ι
3140 3855 3445 3926 ’Λντίστητε
3487 3857 3592 3928 γὰρ
3626 3856 3702 3926 τῷ
3726 3856 3933 3926 ἐχθρῷ,

2379 3948 2557 4009 καθὼς
2592 3948 2790 4017 γράφει
2817 3949 2845 4000 ὁ
2893 3946 3067 4016 μέγας
3111 3946 3381 4010 Ἰάκωϐος,
3422 3949 3516 4000 καὶ
3555 3947 3804 4016 φεύξεται
3834 3946 3935 4014 ἀφ’

2379 4040 2550 4109 ὑμῶν.
2595 4059 2612 4090 ι

2723 4131 2839 4183 PE}.
2877 4158 2934 4168 —
2958 4129 3183 4182 ΦΙΛΩΝΙ
3216 4127 3580 4196 ΕΠΙΣΚΟΠῼ.

2457 4198 2651 4274 ’ἱκανοί
2679 4221 2801 4272 ἐστε
2835 4218 2928 4272 καὶ
2956 4218 3110 4272 αὐτοὶ
3135 4216 3257 4269 καθ’
3293 4217 3519 4278 ἑαυτοὺς
3543 4214 3668 4277 τοὺς
3694 4213 3786 4267 τοῦ
3824 4231 3927 4284 μο-

2380 4311 2672 4380 ναστηρίου
2729 4308 2883 4378 ὑμῶν
2932 4307 3231 4371 κανονίζειν
3289 4307 3516 4368 δεόντως
3562 4305 3663 4372 sip"
3701 4305 3928 4361 ἅπασιν.

715 4386 876 4441 nibus
901 4389 1113 4442 vivendi
1159 4393 1421 4447 rationem
1456 4396 1825 4461 przescriberc.
1885 4398 2268 4458 Verumtamen

2387 4401 2601 4471 Ἐπειδὴ
2651 4401 2707 4453 δὲ
2747 4399 2874 4470 περὶ
2923 4399 3128 4468 διαίτης
3174 4395 3521 4466 ὑπεμνήσατέ
3580 4412 3646 4465 με
3694 4395 3780 4448 διὰ
3828 4397 3932 4465 τῆς

715 4492 836 4530 cum
867 4479 1006 4532 inter
1039 4481 1388 4535 scribendum
1423 4485 1488 4538 de
1519 4485 1691 4540 victus
1718 4489 1927 4543 ratione
1956 4506 2264 4546 sermonem

717 4567 1088 4634 institueritis,
1120 4571 1169 4624 id
1203 4589 1228 4624 a
1259 4574 1419 4628 nobis
1459 4588 1764 4644 poscentes,
1821 4591 1877 4632 ut
1900 4597 2071 4634 meam
2107 4583 2173 4637 de
2205 4598 2267 4636 ea

715 4661 1032 4713 sententiam
1093 4663 1476 4731 signiﬁcarem,
1532 4677 1674 4724 recte
1737 4671 1809 4724 ita
1874 4672 2265 4729 instituendam

713 4765 833 4803 csse
862 4752 1022 4805 duco.
1057 4753 1190 4806 Cum
1219 4756 1366 4807 varia
1404 4756 1473 4808 sit
1529 4772 1814 4826 corporum
1879 4771 2265 4831 temperatura,

713 4844 762 4887 et
795 4851 855 4888 ex
889 4837 953 4890 iis
993 4839 1102 4891 lucc
1128 4841 1340 4906 quidem
1369 4843 1522 4896 malae
1576 4846 1892 4910 valetudini,
1923 4850 2011 4901 illa
2048 4866 2260 4919 praeva-

713 4925 833 4979 lidae
871 4928 1210 4995 subjaecant,
1246 4931 1416 4994 varia,
1442 4941 1495 4985 ct
1524 4949 1769 5001 persona:
1797 4938 2019 4991 cuilibet
2054 4954 2269 4995 accom-

714 5019 924 5071 modata
960 5021 1133 5076 victus
1165 5022 1302 5076 ratio
1332 5027 1729 5092 pracscribeuda
1775 5036 1876 5083 est.
1910 5032 2090 5095 Quare
2137 5031 2273 5087 bene

712 5100 1015 5162 valentibus
1067 5111 1394 5180 leguminum
1433 5133 1584 5179 usus,
1644 5133 1802 5172 secus
1832 5136 1889 5174 se
1916 5109 2268 5179 'habentibus

713 5197 965 5250 solatium
995 5215 1054 5252 ex
1093 5202 1356 5268 oleribus,
1388 5207 1576 5259 morbo
1606 5208 1855 5263 remissis
1917 5218 1969 5264 et
1997 5211 2262 5280 languidis

712 5303 772 5339 ex
808 5289 1066 5357 carnibus
1095 5292 1429 5346 moderatum
1476 5296 1734 5349 auxilium
1764 5299 2124 5356 exhibendum
2156 5313 2259 5358 est.

909 5378 1088 5435 CLXI.
1121 5408 1186 5420 —-
1214 5381 1559 5447 QUINTILIO
1595 5386 2087 5446 (IANCELLARIO.

786 5466 838 5519 Si
874 5470 1033 5523 modo
1065 5480 1118 5524 tu
1179 5473 1286 5526 Deo
1319 5476 1511 5529 animo
1557 5477 1810 5543 cilicium,
1853 5492 1902 5536 ct
1955 5483 2261 5554 diligentem

785 5642 827 5671 7“
856 5644 1018 5698 lica-li.
1055 5663 1240 5714 sum,
1274 5651 1325 5705 5.
1426 5656 1464 5683 τ’
1507 5655 1674 5711 Eccli.
1708 5671 1810 5722 xix,
1841 5659 1916 5711 ll.

1999 5661 2040 5689 τ’
2070 5659 2236 5716 licuit.
2307 5676 2380 5728 Μ,
2414 5665 2461 5718 I.

2373 4492 2683 4562 ἐπιστολῆς,
2711 4490 2981 4555 ἀξιοῦντες
3007 4488 3310 4558 δηλωθῆναι
3338 4488 3485 4557 ὑμῖν,
3519 4487 3721 4556 νομίζω
3743 4486 3931 4550 καλῶς

2373 4585 2538 4653 ἔχειν,
2567 4583 2819 4652 διαφόρου
2860 4579 3024 4648 οὔσης
3065 4580 3161 4648 τῆς
3207 4579 3313 4630 τῶν
3343 4580 3610 4647 σωμάτων
3652 4578 3926 4649 κράσεως,

2373 4675 2466 4727 καὶ
2490 4672 2598 4725 τῶν
2637 4671 2736 4740 μὲν
2760 4669 3146 4730 ἀσθενούντων,
3183 4667 3288 4720 τῶν
3318 4668 3374 4718 δὲ
3410 4667 3930 4734 ὑγιαινόντωνίποι-

2374 4764 2565 4832 κελην,
2616 4761 2710 4814 καὶ
2746 4761 3089 4829 ἁρμόζουσαν
3124 4760 3337 4828 ἑκάστῳ
3379 4758 3650 4828 προσώπῳ
3699 4759 3926 4825 ἐκτάξαι

2371 4855 2469 4924 τὴν
2520 4853 2726 4906 δίαιταν
2754 4868 2767 4881 ’
2799 4854 2910 4914 τοῖς
2943 4851 3040 4920 μὲν
3073 4851 3371 4918 ὑγιαίνουσι
3406 4852 3504 4920 τὴν
3543 4849 3650 4902 τῶν
3681 4852 3927 4920 ὀσπρίων

2368 4944 2576 5015 χρείαν,
2613 4946 2723 5008 τοῖς
2757 4944 2813 4996 δὲ
2837 4942 3014 5010 ὀλίγον
3043 4941 3325 4997 ἀσθενοῦσι
3355 4943 3452 5012 τὴν
3482 4941 3588 4993 ἀπὸ
3619 4941 3726 4994 τῶν
3751 4941 3925 5012 λαχά-

2367 5053 2469 5089 νων
2495 5033 2866 5105 παραμυθίαν,
2901 5036 3012 5097 τοῖς
3051 5033 3108 5086 δὲ
3151 5032 3563 5102 ὲξησθενηκὲσιν
3596 5033 3733 5102 ὑπὲρ
3771 5032 3914 5098 λίαν,

2365 5130 2458 5182 καὶ
2488 5129 2962 5194 καταπεπτωκόσι,
2995 5129 3092 5199 τὴν
3117 5128 3223 5181 ἀπὸ
3255 5127 3362 5179 τῶν
3391 5127 3563 5198 κρεῶν
3606 5127 3924 5198 σύμμετρον

2367 5222 2576 5291 ὀρέγειν
2604 5222 2872 5292 βοήθειαν.

2576 5397 2739 5449 PEA’.
2757 5425 2825 5435 -
2848 5395 3176 5464 ΚΥΝΤΙΛΙῼ
3206 5393 3706 5463 ΚΛΓΚΕΛΛΛΡΙῼ.

2441 5489 2502 5540 Εἰ
2535 5489 2630 5557 μὲν
2666 5488 2798 5557 πρὸς
2824 5488 2952 5540 Θεὸν
2977 5487 3111 5556 ἔχων
3133 5488 3221 5540 τὸν
3245 5486 3419 5556 ἔρωτα
3442 5486 3536 5556 τῆς
3560 5485 3754 5556 ψυχῆς,
3782 5499 3933 5538 κατ-ο

2537 5665 2580 5695 τδ
2613 5663 2778 5722 ίζςειὶ.
2814 5680 2918 5731 χιχ,
2959 5663 3037 5719 lO.
3149 5665 3193 5698 7"
3223 5662 3334 5718 Jac-
3367 5677 3438 5726 ινι
3478 5663 3528 5716 ⁷ο
