4128 6340
793 319 895 380 27']

2242 322 2297 378 S.
2328 321 2482 380 NILI

3884 322 3983 383 230

794 433 917 497 tibi,
952 434 1223 487 inscnsate
1250 440 1303 485 et
1337 432 1502 487 stulte
1532 451 1543 483 :
1577 432 1721 499 quod
1754 432 1935 486 carnis
1995 441 2158 486 nutus
2187 448 2326 487 exse-

2439 434 2749 504 άναίσθητε,
2784 434 2979 502 ὴλίοιε,
3015 434 3095 488 ὅτι
3137 433 3236 502 τῆς
3282 433 3480 504 σαρκὸς
3509 432 3678 487 ποιῶν
3708 432 3775 485 τὰ
3826 434 3981 505 θελή-

794 537 988 591 qucns,
1014 530 1067 575 et
1096 537 1191 590 per
1220 536 1337 574 eam
1365 521 1617 576 obscenis
1651 532 1703 575 te
1727 522 2006 576 allectibus
2038 522 2336 586 involvens,

793 619 849 664 et
915 611 1095 681 pravis
1130 610 1387 679 operibus
1436 611 1757 675 inserviens,
1794 626 1822 663 a
1862 612 2194 666 beatitudine
2250 613 2339 665 illa

793 702 1081 754 inmortali
1117 701 1430 768 expellet-is,
1502 713 1553 754 et
1596 718 1873 769 nunquam
1900 703 2176 758 ﬁniendis
2242 705 2339 758 ob-

791 791 965 843 rueris
988 790 1124 857 apud
1153 790 1353 845 inferos
1380 792 1548 859 igneis
1580 792 2090 846 immiscricerdium
2119 795 2339 863 angelo-

790 895 909 932 rum
948 880 1281 935 verberibus.
1336 880 1578 950 Namque
1636 882 1973 949 angelorum,
2006 883 2061 936 hi
2117 883 2335 953 quidem

790 970 1055 1022 mansueti
1117 976 1266 1031 sunt,
1317 977 1370 1023 et
1411 971 1654 1034 immani,
1713 976 1764 1020 et
1834 971 2236 1037 misericordes,
2287 980 2340 1026 et

788 1058 1326 1112 rmnmiserescentes
1361 1076 1375 1123 ;
1416 1059 1508 1111 alii
1539 1073 1665 1110 vere
1700 1059 1907 1112 austeri
1944 1068 1996 1112 et
2019 1061 2335 1130 implacabi-

790 1145 887 1206 les,
916 1145 1182 1198 terribiles
1206 1154 1258 1199 et
1290 1145 1629 1198 vehementes
1650 1186 1663 1208 ,
1694 1154 1748 1198 et
1774 1145 2045 1209 crudeles,
2084 1157 2138 1200 et
2162 1148 2339 1201 immi-

788 1236 1104 1289 sericordes.
1185 1223 1197 1238 °
2296 1272 2299 1277 -

888 1322 1541 1377 CLXV.-—SY.\l.\lACllO
1570 1322 1917 1377 COPIARUM
1946 1320 2263 1376 DUCTORI.

860 1414 1011 1465 Vera:
1044 1414 1258 1481 pietatis
1286 1414 1422 1466 ratio
1450 1415 1661 1466 duobus
1697 1421 1931 1473 constat,
1990 1412 2335 1480 dogmatibus

784 1502 891 1569 piis
942 1511 995 1555 et
1023 1504 1177 1557 bonis
1220 1505 1505 1573 operibus.
1540 1501 1713 1556 Unum
1753 1504 1916 1572 igitur
1947 1502 2016 1557 ab
2045 1504 2217 1555 altero
2253 1517 2336 1556 sc-

783 1590 1113 1661 jungcndum
1146 1608 1251 1645 non
1283 1603 1385 1645 cst.

959 1680 1117 1749 199
1143 1680 1369 1736 CLXVI.
1393 1681 1837 1738 ~—COLOCASIO
1869 1680 2181 1736 DIACONO.

856 1772 1047 1825 Statim
1080 1784 1241 1842 atque
1275 1775 1398 1843 quis
1430 1775 1481 1827 in
1524 1776 1827 1843 proximum
1851 1775 2088 1828 convitia
2110 1772 2329 1838 iecerit,
2364 1765 2402 1818 Β

780 1861 965 1915 eodem
996 1861 1139 1916 bene
1167 1874 1435 1917 memento
1488 1864 1686 1931 lepram
1717 1864 1769 1916 in
1814 1865 1989 1915 anima
2045 1862 2331 1917 contrahit.

780 1948 1115 2018 Quapropter
1140 1967 1170 2005 a
1198 1954 1498 2007 maledictis
1541 1961 1593 2006 et
1626 1952 1876 2006 convitiis
1906 1952 2116 2005 abstine
2146 1967 2158 2003 :
2190 1951 2332 2005 nosti

779 2040 1044 2107 siquidem
1078 2042 1147 2096 ob
1176 2042 1339 2097 breve
1393 2044 1692 2097 convitium
1762 2054 1815 2095 et
1869 2058 2029 2095 uuam
2061 2043 2333 2095 obtrecta-

779 2127 943 2182 tionis
967 2126 1259 2184 dictienem
1316 2130 1494 2184 divina
1551 2131 1816 2184 sententia
1875 2129 2099 2183 Mariam
2154 2138 2326 2183 vatem

776 2218 925 2287 lepra
954 2217 1116 2273 fuisse
1152 2234 1462 2289 percussam
1505 2222 1571 2273 ".
1826 2280 1831 2283 ,

980 2309 1224 2363 CLXVII.
1249 2310 1549 2365 —-PlERlO
1581 2311 1805 2367 COMITI
1836 2309 2120 2366 IUNIORI.

842 2399 997 2455 Alius
1032 2401 1329 2458 secundum
1358 2401 1521 2455 Deum
1546 2418 1697 2456 amor
1720 2412 1825 2465 est,
1863 2404 2000 2456 alius
2033 2403 2324 2455 secundum

774 2488 1037 2543 mundum
1074 2499 1127 2545 et
1155 2480 1399 2553 carnem,
1433 2507 1551 2561 qu:c
1588 2502 1671 2546 est
1719 2494 1954 2546 amicitia
1992 2494 2170 2562 potius
2202 2495 2325 2547 bru-

774 2586 973 2643 torum,
1012 2587 1065 2633 ct
1097 2580 1241 2633 nulla
1284 2581 1490 2635 ratione
1536 2582 1780 2651 praulita.
1813 2582 1997 2651 ltaquc
2024 2582 2165 2651 quod
2199 2598 2326 2636 con-

774 2668 980 2722 tinetur
1016 2670 1069 2737 in
1096 2670 1293 2725 litteris
1323 2672 1452 2735 tuis,
1488 2673 1691 2740 ingenti
1728 2681 1781 2727 tc
1827 2672 2102 2727 desiderio
2152 2675 2324 2727 teneri

774 2759 878 2812 hoc
907 2776 1091 2815 mense
1144 2778 1273 2830 erga
1325 2762 1779 2833 Dienysiodorum
1822 2765 2066 2833 magistri
2130 2764 2320 2828 ﬁlium,

774 2849 1037 2905 immense
1066 2851 1180 2916 ille,
1213 2868 1275 2906 ac
1310 2855 1471 2922 plane
1500 2855 1852 2919 intolerabili,
1891 2856 2026 2911 adeo
2048 2863 2119 2910 .ut
2152 2872 2322 2924 neque

773 2939 955 3000 odore,
984 2955 1160 3009 neque
1197 2943 1403 3008 bibere,
1452 2959 1625 3013 neque
1655 2946 1834 2998 \‘ivcre
1861 2960 2013 3011 vcns,
2068 2947 2122 2997 ni
2172 2946 2322 3014 prius

773 3029 1055 3093 puerulmn
1078 3035 1451 3100 conspexeris,
1477 3035 1532 3085 in
1556 3050 1663 3100 quo
1678 3048 1808 3101 erga
1842 3044 1891 3087 te
1918 3048 2071 3088 amor
2100 3050 2322 3104 praeces-

773 3127 918 3172 serat
944 3138 958 3174 :
984 3128 1239 3189 pratcrea
1264 3122 1417 3191 signa
1449 3123 1573 3186 alia,
1605 3132 1657 3177 et
1680 3133 1838 3186 noue,
1863 3140 1983 3194 qurc
2016 3125 2068 3178 in
2094 3126 2321 3195 epistola

772 3217 865 3261 tua
897 3212 1025 3262 mibi
1066 3227 1186 3265 sese
1232 3211 1462 3266 oll'erunt
1495 3213 1712 3283 legenti,
1759 3215 1930 3283 palam
1961 3215 2165 3269 faciunt
2196 3230 2325 3269 mea:

772 3299 961 3351 vilitati
992 3300 1259 3366 delusum,
1292 3309 1343 3355 et
1372 3304 1554 3356 multis
1574 3305 1823 3358 sordibus
1849 3305 2145 3359 dmmencm
2192 3321 2322 3359 cen-

772 3391 1112 3458 taminatum,
1149 3393 1239 3461 qui
1295 3402 1397 3445 tua:
1430 3394 1615 3446 virtuti
1655 3395 1869 3458 deditae,
1905 3405 1957 3447 et
1999 3396 2089 3449 Dei
2120 3398 2321 3449 amanti

772 3480 964 3533 anima:
1006 3482 1229 3535 insidias
1266 3484 1443 3537 struit.
1472 3483 1550 3537 Ex
1582 3499 1644 3539 ea
1678 3486 1821 3537 enim
1849 3486 2077 3555 epistola
2114 3485 2323 3555 prmde-

771 3584 917 3632 nem,
973 3570 1223 3638 illiusque
1270 3574 1549 3626 subdolam
1584 3576 1861 3629 solertiam
1912 3575 2069 3630 facile
2126 3575 2318 3647 deprc-

774 3662 933 3714 hcndi
973 3678 985 3713 :
1013 3677 1133 3714 nam
1166 3663 1232 3715 ad
1290 3664 1553 3715 maleﬁcia
1588 3666 1737 3717 vafer
1766 3676 1849 3719 est
1877 3676 1931 3720 et
1988 3667 2316 3721 industrius.

770 3750 978 3820 Quippe
999 3753 1218 3821 spiritus
1249 3752 1644 3815 fornicationis,
1670 3770 1830 3821 quem
1864 3756 2115 3809 Amorem
2146 3757 2315 3810 Graaei

771 3856 1081 3907 nuncupare
1141 3848 1459 3906 snevcrunt,
1496 3841 1559 3895 ad
1599 3843 1903 3912 voluptates
1933 3846 2231 3911 proclives,
2265 3854 2317 3897 et

771 3927 1071 3982 futurorum
1097 3929 1424 3998 judiciorum
1452 3932 1821 4005 despectores,
1862 3949 2072 3987 necnon
2104 3935 2318 3989 univer-

770 4019 899 4073 salis
934 4020 1315 4087 illiusjurlicii,
1354 4024 1549 4089 palam,
1595 4039 1657 4077 ac
1698 4025 1825 4089 cito,
1856 4032 1908 4078 et
1956 4027 2161 4094 absque
2208 4026 2318 4078 ulle

772 4107 951 4161 labore
988 4110 1051 4159 ad
1102 4111 1447 4177 impudicitiae
1506 4115 1816 4165 barathrum
1866 4118 2175 4183 compellit;
2224 4132 2317 4170 eos

772 4210 897 4249 vero
927 4197 1087 4266 200
1140 4199 1230 4266 qui
1263 4198 1455 4252 salutis
1494 4202 1720 4267 propriae
1773 4216 1957 4253 curam
2014 4213 2229 4270 gerunt,
2266 4213 2316 4255 ct

773 4300 901 4337 cum
936 4287 1179 4341 mellitiei
1213 4288 1407 4343 belluis
1432 4290 1734 4353 decertant,
1764 4292 2035 4346 illecebris
2090 4293 2313 4360 quibus-

2446 541 2611 593 ματα.
2646 525 2740 576 καλ⁵
2777 525 2842 577 δι’
2874 525 3039 594 αὐτῆς
3086 527 3196 587 τοῖς
3248 527 3490 594 αἰσχροῖς
3527 524 3842 577 ὑποπίπτων
3882 528 3981 578 πά-

2440 612 2580 677 θεσι,
2608 612 2701 665 καὶ
2725 612 3210 681 καταδουλούμενος
3236 616 3344 675 τοῖς
3373 615 3644 683 πονηροῖς,
3672 614 3979 686 ὲκϐληθήσῃ

2442 702 2541 771 μὲν
2567 702 2663 769 τῆς
2695 702 3088 772 μακαριότητος
3132 700 3341 771 ἐκείνης
3378 701 3476 772 τῆς
3517 702 3811 766 ἀθανάτου,
3852 702 3981 756 ἀθά-

2440 808 2575 845 νατα
2614 792 2671 843 δὲ
2703 792 3044 863 μαστιχθήσῃ
3082 791 3223 844 κατὰ
3248 791 3336 845 τὸν
3366 792 3518 863 ᾅδην,
3562 793 3680 855 ταῖς
3731 793 3979 864 πυρίναις

2444 880 2689 950 μάστιξιν
2718 881 2821 933 ὑπὸ
2846 881 2951 933 τῶν
2974 880 3217 950 ἀγγέλων
3244 882 3349 935 τῶν
3372 881 3762 952 άνελεημόνων.
3786 884 3849 935 Ol
3882 884 3978 953 μὲν

2439 972 2543 1039 γὰρ
2568 972 2671 1024 τῶν
2699 973 2942 1039 ἀγγέλων
2988 972 3184 1044 ἥμεροί
3220 990 3279 1026 τε
3309 974 3401 1026 καὶ
3431 972 3793 1044 φιλάνθρωποί
3820 976 3975 1039 εἰσιν,

2438 1062 2796 1132 εὔσπλαγχνοί
2824 1081 2879 1116 τε
2905 1065 3003 1117 καὶ
3034 1064 3355 1135 συμπαθεῖς,
3399 1065 3448 1116 οί
3496 1062 3554 1117 δὲ
3611 1064 3873 1134 αὐστηροί
3922 1082 3978 1117 τε

2438 1155 2531 1205 καὶ
2558 1154 2815 1222 ἁμειδείς,
2848 1154 3063 1225 φρικτοί
3116 1171 3175 1207 τε
3225 1153 3319 1208 καὶ
3367 1153 3662 1224 ἐμϐριθεῖς,
3718 1153 3979 1225 ἀπότομοί

2435 1260 2494 1295 τε
2525 1246 2614 1296 καὶ
2641 1244 3017 1314 ἀνελεήμονες.

2698 1336 2857 1389 PEE’.
2881 1365 2949 1375 -
2982 1324 3318 1406 ΣΥΜΜΔΧῼ
3355 1335 3708 1407 ΣΤΡΔΤΗΓῼ

2516 1426 2573 1480 '0
2598 1426 2695 1495 τῆς
2726 1425 3029 1490 θεοσεϐείας
3053 1425 3250 1496 τρόπος
3279 1428 3344 1478 ἐκ
3370 1426 3463 1479 δύο
3488 1426 3693 1479 τούτων
3722 1426 3977 1495 συνέστη-

2436 1532 2549 1579 κεν,
2580 1516 2859 1583 δογμάτων
2892 1515 3149 1580 εὐσεϐῶν,
3181 1516 3275 1569 καὶ
3316 1516 3565 1586 πράξεων
3592 1515 3833 1584 ἀγαθῶν.
3871 1516 3977 1569 9d-

2435 1622 2589 1673 τερον
2616 1604 2744 1671 γοῦν
2772 1603 2998 1675 θατέρου
3030 1606 3089 1657 οὐ
3116 1602 3221 1675 χρὴ
3240 1603 3623 1672 διαζευγνύειν,

2676 1692 2853 1757 Ρεςι.
2884 1720 2954 1730 -
2995 1690 3383 1760 ΚΟΛΟΚΑΣΙῼ
3419 1690 3732 1759 ΔιΑιιυΝῼ.

2506 1782 2655 1851 Ἀμα
2686 1799 2767 1843 τις
2799 1780 3082 1850 λοιδορήσῃ
3125 1780 3215 1833 τὸν
3245 1779 3487 1849 πλησίον,
3519 1778 3717 1840 εὐθέως
3743 1778 3976 1849 λεπροῦ-

2433 1888 2520 1923 ται
2550 1871 2648 1940 τὴν
2683 1870 2926 1939 καρδίαν.
2960 1870 3154 1939 Διόπερ
3201 1867 3364 1937 φεῦγε
3404 1868 3465 1920 τὸ
3508 1868 3849 1931 καταλαλεῖν,
3885 1870 3977 1921 καὶ

2432 1943 2867 2030 διαλοιδορεῖσθαι
2892 1977 2905 1990 ο
2963 1959 3207 2026 ἔγνωκας
3240 1959 3368 2031 γὰρ,
3415 1958 3531 2020 πῶς
3558 1959 3623 2010 δι’
3657 1958 3841 2025 ὀλίγην
3871 1958 3975 2017 λοι-

2430 2050 2629 2119 δορίαν,
2664 2052 2755 2102 καὶ
2790 2050 2915 2118 μίαν
2946 2048 3088 2115 λέξιν
3132 2048 3230 2116 τῆς
3270 2047 3616 2114 καταλαλιάς,
3665 2048 3780 2118 θεία
3813 2049 3975 2117 ψήφῳ

2430 2140 2760 2211 λελέπρωται
2791 2141 2822 2210 ἡ
2856 2139 3120 2209 προφῆτις
3148 2138 3354 2209 Μαρία.
3720 2156 3732 2165 '

2561 2382 2565 2388 _
2614 2318 2771 2371 PEZ'.
2798 2346 2862 2358 κ·-
2898 2318 3121 2387 ΠΙΕΡΙῼ
3160 2317 3427 2371 KOMHTI
3460 2317 3787 2386 ΝΕΩΤΕΡῼ.

2508 2408 2697 2477 Ἑτέρα
2713 2407 2871 2459 ἐστὶν
2909 2407 2941 2476 ἠ
2973 2405 3111 2459 κατά
3144 2406 3274 2458 Θεὸν
3314 2405 3521 2475 ἀγάπη,
3569 2406 3663 2458 καὶ
3696 2404 3827 2475 ἄλλη
3857 2405 3976 2457 ἐστὶ

2426 2498 2565 2551 κατὰ
2613 2497 2814 2565 κόσμον
2848 2496 2939 2548 καὶ
2972 2495 3147 2566 σάρκα
3191 2494 3466 2565 κτηνώδης
3520 2512 3603 2557 τις
3637 2496 3731 2547 καὶ
3772 2496 3971 2563 ἄλογος

2426 2586 2591 2654 φιλία.
2622 2586 2693 2637 Τὸ
2725 2581 2816 2637 οὖν
2848 2584 3117 2654 περιέχειν
3148 2583 3217 2635 τὰ
3266 2583 3565 2653 γράμματά
3600 2600 3714 2647 σου,
3760 2585 3841 2638 ὅτι
3878 2587 3971 2637 πό-

2425 2676 2513 2739 θος
2540 2693 2620 2727 σοι
2654 2675 2833 2737 ἱκανὸς
2872 2676 3061 2743 γέγονε
3107 2673 3248 2728 κατὰ
3278 2673 3367 2727 τὸν
3410 2674 3555 2744 μῆνα
3599 2673 3787 2727 τοῦτον
3835 2675 3970 2743 πρὸς

2423 2764 2837 2835 Διονυσιόδωρον
2881 2764 2969 2816 τὸν
3020 2763 3131 2816 υίδν
3175 2762 3267 2816 τοῦ
3322 2764 3624 2834 μαγίστρου
3672 2764 3838 2825 πολὺς
3872 2764 3966 2815 καὶ

2423 2854 2712 2923 ἀφόρητος,
2744 2852 2883 2905 ὥστε
2918 2852 3052 2923 μήτε
3090 2853 3301 2921 φαγεῖν,
3328 2851 3463 2921 μήτε
3498 2853 3660 2913 πιεῖν,
3703 2852 3837 2921 μήτε
3872 2851 3972 2920 ζῇν

2426 2942 2707 3011 βούλεσθαί
2757 2959 2837 3006 σε,
2874 2943 2921 2994 εί
2966 2942 3042 3011 μὴ
3098 2942 3361 3012 πρότερον
3397 2942 3559 3015 θεάσῃ
3587 2941 3677 2994 τὸν
3733 2943 3971 3013 μείρακα

2422 3031 2514 3083 τὸν
2557 3031 3023 3101 προαγαπήσαντά
3060 3048 3142 3096 σε,
3188 3032 3280 3084 καὶ
3338 3032 3397 3083 τὸ
3447 3031 3581 3085 ἄλλα
3610 3031 3731 3084 τινὰ
3774 3030 3972 3102 γνωρί-

2426 3137 2606 3190 σματα
2636 3121 2729 3175 καὶ
2770 3124 2973 3191 σημεῖα
3006 3122 3282 3190 ἐγκεῖσθαι
3309 3124 3377 3193 τῇ
3405 3120 3558 3192 παρὰ
3583 3122 3676 3175 σοῦ
3719 3138 3806 3190 μοι
3830 3138 3967 3190 γρα⁹

2422 3212 2581 3283 φείσῃ
2604 3211 2876 3282 ἐπιστολῇ,
2918 3212 3147 3281 φανερὸν
3178 3214 3243 3282 τῇ
3273 3213 3377 3280 ἐμῇ
3408 3210 3646 3281 εὐτελείᾳ
3670 3210 3971 3281 κατέστησε

2420 3302 2509 3353 τὸν
2558 3302 2729 3354 δόλιον
2763 3304 2855 3353 καὶ
2886 3302 3209 3354 πολύσπιλον
3257 3302 3504 3372 δαίμονα,
3536 3302 3628 3353 τὸν
3661 3300 3969 3372 ἐνεδρεῦσαι

2423 3391 2787 3455 σπουδάζοντα
2816 3391 2914 3461 τὴν
2944 3392 3038 3462 σὴν
3068 3392 3316 3463 ἐνάρετον
3371 3392 3460 3445 καὶ
3500 3392 3738 3462 φιλόθεον
3768 3392 3966 3464 ψυχήν.

2434 3479 2525 3531 Ἐκ
2556 3480 2660 3549 γὰρ
2685 3480 2747 3549 δὴ
2790 3484 2888 3550 τῆς
2916 3480 3225 3551 ἐπιστολῆς,
3254 3482 3508 3552 εὐμαρῶς
3541 3482 3843 3552 πεφώρακα
3877 3482 3968 3534 τον

2421 3569 2639 3640 λῃστὴν,
2680 3570 2771 3623 καὶ
2798 3571 2897 3641 τὴν
2946 3570 3135 3624 τούτου
3171 3570 3338 3641 σοφὴν
3375 3572 3831 3642 δραματουργίαν·
3880 3588 3968 3623 co-

2422 3659 2518 3725 φὸς
2540 3658 2646 3729 γάρ
2673 3661 2814 3710 ἐστιν
2848 3660 2925 3719 είς
2952 3658 3012 3709 τὸ
3052 3661 3431 3727 κακοποῖησαι.
3468 3660 3539 3710 Τὸ
3593 3659 3700 3727 γὰρ
3752 3657 3969 3727 πνεῦμα

2419 3748 2515 3814 τῆς
2541 3749 2809 3816 πορνείας,
2850 3747 2985 3815 ὅπερ
3031 3746 3206 3815 ἔρωτα
3246 3746 3505 3815 Ἐλλήνων
3556 3747 3738 3810 παῖδες
3773 3747 3967 3817 κικλή-

2421 3853 2569 3887 σκειν
2618 3835 2863 3898 εἰώθασι,
2898 3837 3021 3896 τοὺς
3059 3835 3156 3904 μὲν
3209 3835 3343 3905 πρὸς
3371 3835 3468 3907 τὴν
3520 3837 3709 3907 ἡδονὴν
3745 3840 3969 3907 ἐπιρρε-

2420 3928 2559 3991 πεῖς,
2589 3927 2679 3978 καὶ
2709 3927 3179 3997 καταφρονοῦντας
3200 3926 3308 3981 τῶν
3340 3928 3635 3998 μελλόντων
3686 3930 3969 3997 χριμάτων

2418 4017 2511 4069 καὶ
2546 4015 2637 4067 τοῦ
2666 4015 3039 4083 οἰκουμενικοῦ
3078 4016 3285 4068 ἐκείνου
3318 4017 3683 4085 δικαστηρίου,
3715 4016 3968 4083 φανερῶς

2420 4107 2510 4157 καί
2540 4105 2747 4172 ταχέως
2798 4107 2891 4156 καὶ
2920 4105 3040 4172 δίχα
3069 4106 3269 4167 παντὸς
3308 4106 3550 4173 καμάτου
3602 4105 3736 4173 πρὸς
3775 4104 3838 4153 τὸ
3871 4105 3967 4169 τῆς

2418 4192 2700 4256 ἀσελγείας
2748 4190 3018 4258 βάραθρον
3056 4191 3383 4260 κατασύρει·
3438 4192 3561 4253 τοὺς
3598 4191 3654 4243 δὲ
3710 4192 3967 4258 φροντίδα

2420 4278 2641 4346 ἔχοντας
2670 4277 2769 4345 τῆς
2793 4277 3085 4347 σωτηρίας,
3116 4278 3209 4329 καὶ⁹
3252 4282 3362 4340 τοῖς
3391 4279 3486 4348 τῆς
3514 4278 3969 4349 ἡδυπαθείαςθη-

770 4373 915 4435 dam,
942 4388 1004 4427 ac
1062 4376 1349 4439 machinis,
1380 4389 1435 4431 et
1484 4382 1623 4432 dolis
1649 4380 1889 4434 adoritur
1931 4398 1943 4433 :
1982 4390 2033 4436 et
2078 4383 2310 4452 primum

2426 4370 2559 4438 ρίοις
2611 4369 2968 4438 μαχομένους,
3022 4368 3345 4438 δελεάσμασί
3388 4386 3498 4423 τισι
3540 4370 3634 4421 καί¹
3698 4372 3969 4438 μηχαναῖς

768 4462 982 4531 quidem
1018 4462 1221 4515 nullum
1252 4477 1498 4532 pravum,
1552 4466 1643 4517 scd
1700 4476 2059 4527 constantem,
2109 4478 2162 4521 et
2209 4486 2315 4523 non

770 4556 933 4607 nimis
988 4556 1258 4610 curiosum
1312 4557 1657 4611 dilectionem
1715 4573 1959 4625 personze
2009 4558 2313 4625 cujuspiam

770 4643 1010 4706 advenzr,
1045 4654 1135 4697 aut
1188 4646 1453 4715 indigenm
1490 4647 1675 4709 maris,
1709 4646 1785 4701 \‘cl
1826 4646 2038 4700 femina:
2083 4646 2309 4699 inserit:

770 4735 1083 4789 adhortatur
1135 4735 1354 4798 deinde,
1390 4746 1447 4789 ut
1480 4747 1585 4790 u‘na
1629 4754 1750 4791 cum
1781 4753 1842 4791 ea
1897 4722 2199 4799 assuescai,
2262 4748 2313 4790 et

768 4825 931 4878 vitam
953 4828 1135 4885 ducat,
1163 4840 1376 4893 unaque
1397 4837 1679 4889 cenuneet,
1712 4828 1983 4896 pactiones
2006 4828 2309 4892 contrahat,

770 4929 1034 4982 suspenso
1083 4929 1311 4983 corpore
1360 4915 1591 4976 incedat,
1638 4932 1721 4968 res
1756 4918 2089 4972 necessarias
2120 4932 2312 4972 conse-

769 5003 895 5065 ciet,
944 5006 1312 5060 selemnitates
1352 5004 1606 5067 celebret,
1671 5004 1845 5071 lepide
1892 5004 2203 5060 urbanitate
2259 5015 2312 5059 et

738 5107 745 5113 ·
770 5090 976 5144 salibus
1008 5102 1213 5156 utatur,
1242 5104 1294 5148 et
1323 5095 1440 5149 sine
1469 5092 1738 5161 impudica
1773 5093 2097 5161 cogitatione
2149 5095 2309 5148 simul

769 5180 1033 5233 comedat.
1079 5182 1205 5235 Haec
1238 5198 1398 5249 porro
1452 5182 1632 5237 enmia
1690 5182 2035 5237 {ntidamcnta
2057 5193 2203 5247 sunt,
2260 5190 2312 5237 et

772 5278 1105 5337 argumenta,
1143 5277 1195 5323 et
1236 5271 1517 5338 principia,
1549 5280 1602 5324 et
1624 5270 1835 5325 radices
1875 5274 2103 5340 peccati.
2154 5270 2301 5325 Pest-

774 5358 987 5411 modum
1018 5368 1287 5428 praeeunte
1319 5368 1575 5427 tempore,
1618 5375 1887 5429 pravaque
1921 5363 2310 5417 consuetudine

774 5446 850 5497 ita
902 5456 1231 5517 comparata,
1276 5459 1328 5503 et
1359 5464 1478 5517 qua:
1508 5449 1592 5501 vix
1638 5448 1787 5503 avelli
1826 5456 2013 5518 possit,
2076 5462 2204 5508 tunc
2253 5453 2305 5507 in

858 5609 896 5640 "
917 5614 1069 5669 Nutu.
1103 5633 1199 5683 xu,
1232 5621 1283 5673 9.

2418 4462 2517 4513 καὶ
2538 4460 2704 4522 δόλοις
2732 4461 3072 4530 μετέρχεταιο
3110 4461 3202 4513 καὶ⁵
3243 4460 3457 4531 πρῶτον
3486 4460 3582 4531 μὲν
3631 4460 3779 4511 οὐδὲν
3806 4460 3968 4528 δῆθεν

2418 4552 2671 4619 χαλεπὸν,
2712 4551 2822 4601 ἀλλ’
2865 4554 2909 4602 ὲ.
2950 4590 2963 4604 .
2992 4588 3006 4603 .
3041 4589 3054 4602 .
3085 4590 3097 4602 .
3152 4552 3307 4618 μόνον
3352 4552 3444 4602 καὶ
3491 4552 3718 4619 στοργὴν
3768 4552 3969 4602 ἀπολυ-

2420 4640 2802 4709 πραγμὸνητον
2851 4638 3086 4706 ἐντίθησι
3140 4637 3433 4707 προσώπου
3493 4638 3635 4698 τινὸς
3689 4638 3883 4698 ξένου,
3934 4637 3966 4707 ἢ

2416 4728 2723 4798 ἐγχωρίου,
2789 4730 3047 4799 ἄρρενος,
3095 4728 3127 4796 ἢ
3172 4727 3407 4795 θηλείας.
3474 4721 3604 4779 Εἶτα
3664 4728 3969 4794 συνομιλεῖν

2417 4823 2509 4872 καὶ
2559 4820 2863 4887 συνδιάγειν
2906 4822 3237 4889 προτρέπει,
3294 4820 3388 4873 καὶ
3446 4818 3784 4882 συνοδεύειν,
3842 4836 3996 4871 συνο-

2420 4912 2700 4965 αλλάσσειν
2760 4930 2817 4964 τε
2896 4914 2989 4964 καὶ
3070 4910 3639 4981 συμμετεωρίζεσθαι,
3693 4918 3969 4965 κοινωνεῖν

2418 5018 2475 5054 τε
2546 5004 2602 5055 ἐν
2641 5004 2957 5073 πράγμασιν
3010 5003 3355 5068 ἀναγκαίοις,
3414 5001 3506 5051 καὶ
3552 5000 3965 5071 συνεορτάζειν,

2417 5092 2510 5143 καὶ
2589 5090 3163 5161 συγχαριεντίζεσθαι,
3242 5088 3334 5139 καὶ
3402 5088 3725 5155 συντρώγειν
3792 5091 3965 5161 χωρὶς

2417 5180 2673 5251 λογισμοῦ
2756 5178 3035 5248 πορνικοῦ.
3104 5176 3286 5229 Ταῦτα
3359 5176 3415 5228 δὲ
3491 5177 3662 5230 πάντα
3721 5177 3965 5246 θεμέλιοι

2416 5270 2674 5338 γίνονται,
2734 5270 2826 5321 καὶ
2865 5266 3167 5328 ὑποθέσεις,
3199 5266 3291 5318 καὶ
3327 5268 3511 5337 ἀρχαὶ,
3564 5268 3654 5318 καὶ
3682 5266 3828 5335 ῥίζαι
3866 5269 3961 5340 τῆς

2416 5376 2708 5430 αμαρτιας.
2736 5359 2889 5414 Μετὰ
2912 5357 2967 5409 δὲ
2999 5356 3169 5408 ταῦτα
3201 5358 3386 5409 λοιπὸν
3413 5357 3806 5427 προϐεϐηκότος
3842 5357 3961 5427 χρό-

2414 5468 2525 5519 νου,
2553 5454 2645 5507 καὶ
2674 5453 2771 5521 τῆς
2801 5448 2976 5519 κακῆς
3009 5436 3292 5520 συνηθείας
3322 5448 3766 5503 δυσαποσπάστου
3796 5464 3937 5501 κατα
