4128 6340
156 322 229 385 231

1261 307 1520 370 El‘lSTO
1558 306 1813 369 LARUB
1845 308 1989 368 LIB.
2017 307 2098 365 II.

3210 285 3325 347 28?.

158 447 524 515 σκευασθείσης,
547 447 666 498 τότε
693 446 777 516 δὴ,
806 445 925 497 τότε
959 446 1068 504 τοῖς
1099 442 1438 511 γεννητικςῖς
1473 437 1680 510 μορίοις

1804 447 2040 513 “tantum
2073 433 2396 508 genitalibus
2423 425 2678 484 membris
2700 425 2906 479 dzcmon
2940 435 2998 474 se
3051 418 3372 487 applicuns/

157 541 421 610 πλησιάσας
457 541 485 590 ὁ
521 537 750 606 δαίμων,
783 535 1043 603 αιφνίδιον
1095 532 1160 586 τὰ
1205 533 1300 601 τῆς
1336 532 1534 600 σαρκὸς
1580 529 1666 594 ἐξα

160 632 286 682 ἅπτει
313 628 680 696 φλογίσματα,
728 624 823 677 καὶ
868 622 1114 693 καθάπερ
1157 620 1372 690 χαλκίον
1413 618 1482 671 τὰ
1535 618 1669 688 μέλη

159 717 433 788 ἀναϐρὰζει,
463 718 577 778 τοῖς
610 733 670 766 τε
713 704 1123 782 πεπυρωμένοις
1164 711 1335 782 βέλεσι
1377 709 1484 761 τῶν
1526 708 1672 776 λογις

163 806 283 876 σμῶν
307 804 400 874 τῆς
431 805 670 874 ἀθέσμου
701 802 889 872 ἡδονῆς
905 799 1156 863 τοξεύσας
1181 799 1276 869 τὴν
1302 796 1526 867 καρδίαν
1547 811 1677 846 κατ-

162 896 336 962 επείγει
375 894 506 965 πρὸς
556 894 617 946 τὸ
647 893 876 961 πονηρὸν
921 891 1098 960 ἔργον,
1131 888 1315 959 ὥσπερ
1365 889 1464 957 τὴν
1497 883 1678 938 Βαϐυ-

162 981 325 1039 λωνίαν
371 983 607 1036 ἐκκαίων
665 981 905 1050 σφοδρῶς
953 979 1200 1049 κάμινον.
1230 980 1388 1031 ’Ὀθεν
1431 975 1673 1045 λοιπδνή

163 1075 280 1145 ψυχὴ
307 1073 538 1142 ἐξίτηλος
562 1071 823 1143 γενομένη
847 1070 1121 1132 πολλάκις,
1152 1069 1244 1121 καὶ
1274 1066 1678 1134 ἐξασθενήσασα

165 1171 253 1230 τοῖς
284 1167 446 1226 τόνοις
477 1165 589 1226 τοῖς
635 1166 835 1231 νοεροῐς
866 1161 953 1214 διὰ
987 1159 1093 1213 τῶν
1130 1157 1540 1229 γαργαλισμῶν,
1596 1154 1679 1204 καὶ

167 1254 548 1327 ἐκνευριζομένη
565 1294 580 1319 ,
603 1253 841 1323 ἀνάγκην
866 1252 976 1321 ἔχει
995 1250 1214 1321 κράζειν
1243 1250 1310 1301 τὰ
1334 1250 1430 1317 τῆς
1460 1245 1679 1316 Γραφῆς

129 1411 143 1422 ι
170 1351 353 1420 ῥήματα
372 1363 385 1376 ·
420 1365 438 1396 ι
476 1343 864 1405 Κυκλώσαντες
891 1341 1202 1394 ἐκύκλωσαν
1229 1355 1314 1409 με,
1346 1339 1436 1389 καλ
1466 1335 1683 1400 ἐξεκαύ-

169 1437 308 1506 θησαν
328 1436 395 1497 ὡς
420 1434 527 1503 πῦρ
543 1435 600 1486 ἐν
624 1434 900 1493 ἀκάνθαις,
916 1451 936 1483 ι
960 1435 1021 1501 τῇ
1046 1426 1390 1499 πυρώσειτοῦ
1411 1426 1682 1490 σώματος,

171 1527 246 1578 καὶ
274 1527 380 1585 ταῖς
409 1522 680 1592 ἁπρεπέσι
712 1522 977 1591 κινήσεσι,
1009 1519 1290 1590 patrem;
1326 1519 1404 1578 είς
1459 1512 1684 1584 νεφρούς

173 1633 256 1684 μου
281 1615 359 1667 τδν
399 1613 473 1666 ίὺν
499 1612 593 1666 τοῦ
633 1610 877 1683 ῥυπαροῦ
909 1611 1103 1679 διρεως,
1134 1610 1207 1679 μὴ
1249 1608 1564 1676 φειδόμενοι,
1596 1604 1686 1656 καὶ

175 1725 188 1754 ι
220 1707 272 1758 Δί
296 1705 419 1771 ψύαι
456 1723 555 1773 μου
585 1704 930 1770 ἐπλήσθησαν
955 1704 978 1753 ἐ
987 1702 1366 1770 μπαιγμάτων.
1391 1718 1406 1748 ι
1429 1698 1555 1750 Ἰδοὺ
1582 1698 1648 1764 γὰ
1659 1713 1688 1765 ρ

172 1795 352 1861 ήίσχῦς
378 1791 467 1843 τοῦ
498 1791 786 1860 δράκοντος
826 1789 917 1841 ἐπὶ
940 1790 1034 1858 τῆς
1067 1789 1213 1856 ἐμῆς,
1232 1787 1426 1854 ὀσφύος
1459 1787 1689 1858 ἐνήργη-

175 1901 267 1936 σεν.
303 1880 807 1950 ιἘταλαιπώρησα,
860 1881 953 1932 καὶ
987 1878 1405 1946 κατεκάμφθην·
1447 1894 1463 1925 ι
1509 1875 1690 1943 κύκλῳ

174 1972 624 2042 περιῳκοδόμημαι
657 1970 733 2038 τῷ
769 1971 866 2039 τῆς
917 1967 1337 2038 αἰσχροπαθείας
1363 1964 1690 2033 τειχίσματι.

176 2064 263 2116 Καὶ
295 2064 402 2124 πῶς
430 2064 534 2131 ἄρα
570 2060 726 2114 τοῦτο
747 2062 805 2112 τὸ
833 2062 1005 2128 τεῖχος
1035 2057 1331 2127 ὑπερϐῆναι
1358 2056 1651 2123 δυνήσομαι
1675 2072 1686 2117 ;

180 2173 195 2204 ι
218 2153 404 2218 Παγίδα
443 2153 743 2220 ἡτοίμασαν
777 2152 823 2202 oi
859 2150 1107 2217 δαίμονες
1152 2150 1259 2208 τοῖς
1292 2146 1413 2197 ποσί
1448 2162 1568 2213 μου,
1601 2145 1691 2196 καὶ

177 2241 502 2310 κατέκαμψαν
540 2242 640 2310 τὴν
672 2240 846 2309 ψυχήν
892 2255 1010 2306 μου.
1049 2256 1066 2287 ι
1101 2235 1296 2296 Σκότος
1327 2236 1433 2304 γάρ
1464 2236 1608 2285 ἐστιν
1641 2233 1696 2283 ἐν

176 2329 434 2396 ὀφθαλμοῖς
485 2345 608 2397 μου,
668 2325 778 2394 ἐγὼ
830 2326 884 2377 δὲ
937 2323 1301 2377 ἔσπευσατοῦ
1349 2322 1424 2393 μὴ
1456 2320 1689 2391 βλέπειν.

187 2418 411 2486 Ἀδλεψία
457 2418 511 2470 δὲ
555 2417 766 2487 χαλεπὴ
813 2417 844 2486 ἠ
886 2415 1127 2484 πορνεία,
1174 2414 1267 2465 καὶ
1319 2415 1484 2476 πᾶσα,
1521 2411 1702 2462 συντό-

179 2525 273 2575 μως
304 2508 487 2566 εἰπεῖν,
517 2507 613 2575 τῆς
672 2505 872 2574 σαρκὸς
905 2504 1236 2574 πληροφορία
1283 2503 1377 2555 καὶ
1427 2500 1704 2570 βούλησις.

188 2596 484 2672 ’Δγρεῂμαι
508 2595 562 2648 δὲ
593 2593 777 2663 ὥσπερ
799 2594 934 2646 λέων
965 2596 1041 2656 εἰς
1071 2594 1305 2661 σφαγὴν,
1331 2591 1426 2643 καὶ
1465 2590 1704 2660 φέρομαι

179 2682 338 2754 ὥσπερ
367 2677 506 2738 κύων
565 2684 642 2746 είς
683 2682 874 2751 δεσμὰ,
931 2682 1022 2733 καὶ
1044 2683 1118 2742 ὠς
1153 2681 1335 2752 δρνεον
1372 2681 1449 2742 είς
1477 2678 1699 2748 παγίδα,

181 2777 263 2827 καὶ
301 2771 543 2845 πυρέττω
581 2773 809 2844 πυρετὸν
840 2771 1175 2840 ἀκαθαρσίας
1203 2770 1550 2839 λαϐρότατον.

236 2866 324 2927 Τίς
351 2864 522 2915 τοίνυν
551 2860 919 2931 παρακαλέσει
963 2860 1100 2930 ὑπὲρ
1133 2859 1265 2928 ἐμοῦ
1295 2859 1384 2910 τὸν
1429 2855 1706 2925 Δεσπότην

182 2955 254 3005 τὸν
277 2945 641 3021 φιλάνθρωπον
668 2950 837 3002 ἐλθεῖν
858 2951 936 3011 είς
965 2948 1024 3001 τὸ
1051 2947 1311 3018 βοηθῆσαί
1342 2964 1451 3017 μοι,
1485 2946 1574 2997 καὶ
1607 2944 1707 3013 τῆς

183 3045 338 3112 χειρὸς
381 3043 478 3110 τῆς
524 3041 663 3111 ἐμῆς
736 3040 1067 3109 ἐφάψασθαι,
1119 3039 1305 3108 ῶσπερ
1355 3037 1486 3089 ποτὲ
1536 3035 1710 3106 ἥψατο

1771 542 1992 603 repente
2015 530 2194 583 carnis
2221 528 2465 581 ﬂammas
2495 516 2795 580 succendit,
2821 524 2872 567 et
2900 510 3061 564 veluti
3100 509 3329 560 alienum

1773 600 2010 677 membra
2048 629 2106 674 ut
2136 617 2422 676 ebulliant,
2452 611 2600 672 facit,
2633 608 2921 676 ignitisque
2946 600 3329 673 cogitationum

1773 713 2034 781 improba
2067 708 2361 777 voluptatis
2393 702 2605 771 sagittis
2627 714 2721 752 cor
2756 695 3029 755 sauciaus,
3060 691 3110 744 in
3135 688 3333 740 malum

1774 775 1910 872 opus
1955 775 2249 869 compellit,
2284 790 2738 865 quemadmodum
2801 789 3074 839 fornacem
3110 775 3336 847 Babyld-

1775 893 1918 946 niam
1943 887 2249 942 immaniter
2276 881 2588 938 incendens.
2623 878 2755 931 llinc
2784 873 3127 944 postmodum
3161 870 3339 920 anima

1778 982 1974 1049 sepius
2015 989 2369 1035 evanescens,
2399 978 2452 1025 et
2509 977 2732 1039 propter
2761 963 3120 1022 titillationes,
3176 954 3343 1010 ﬁrmi—

1780 1081 1891 1125 tate
1916 1066 2272 1124 intellectuali
2300 1076 2527 1132 prorsus
2553 1060 2855 1119 laborante,
2885 1059 3162 1113 enervata,
3194 1045 3344 1100 Scri-

1781 1172 1952 1233 ptum
1984 1159 2146 1214 verba
2177 1158 2266 1211 illa
2302 1153 2612 1209 necessario
2638 1151 2852 1202 intonat
2885 1165 2896 1199 :
2945 1163 2962 1194 ι
2987 1139 3347 1197 Circumdan-

1780 1263 1864 1308 tes
1895 1246 2372 1305 circumdederunt
2400 1258 2506 1307 me,
2535 1249 2588 1296 et
2634 1243 2954 1294 exarserunt
3010 1233 3148 1286 sicut
3209 1227 3348 1296 ignis

1783 1346 1838 1399 in
1875 1343 2046 1412 spinis
2081 1341 2196 1402 “,1
2248 1335 2493 1405 corporis
2551 1329 2803 1386 incendio
2861 1335 2914 1381 et
2973 1318 3349 1378 indecentibus

1783 1434 2018 1488 motibus
2071 1427 2395 1496 ejaculantes
2434 1425 2486 1477 in
2523 1436 2680 1475 renes
2737 1432 2885 1472 meos
2945 1427 3204 1469 venenum
3253 1409 3355 1460 im-

1785 1521 1968 1577 mundi
2002 1517 2292 1586 serpentis,
2323 1513 2456 1568 nihil
2504 1511 2860 1572 remittentes,
2902 1512 3010 1558 «.et
3062 1499 3227 1554 lumbi
3254 1497 3358 1550 mei

1788 1611 1996 1682 impleti
2019 1618 2147 1664 sunt
2176 1605 2522 1661 illusionibus
2547 1600 2613 1653 ⁸ο.
2655 1619 2672 1651 ι
2737 1598 2876 1651 Ecce
2940 1595 3082 1649 enim
3117 1592 3198 1645 vis
3235 1589 3360 1641 dra-

1790 1705 1943 1760 conis
1977 1716 2139 1771 super
2164 1699 2404 1753 lumbum
2437 1710 2610 1749 meum
2637 1701 2856 1760 operata
2888 1697 2994 1742 est.
3035 1705 3054 1735 σ
3089 1683 3250 1738 Miser
3279 1681 3359 1732 fa-

1791 1799 2071 1853 ctus'sum,
2086 1801 2138 1847 et
2158 1793 2472 1846 incurvatus
2493 1801 2609 1839 sum
2628 1785 2669 1814 ⁸¹
2683 1822 2695 1835 .
2715 1803 2731 1835 )
2751 1777 3206 1834 Circum-vallatus
3239 1785 3359 1826 sum

1793 1880 2143 1951 turpitudinis
2181 1893 2358 1940 muro,
2403 1884 2458 1929 et
2489 1887 2720 1944 quanam
2769 1871 2884 1938 ipse
2910 1865 3121 1920 ratione
3147 1875 3359 1916 murum

1795 1968 2161 2042 pertransibo?
2191 1968 2346 2037 201
2385 1984 2403 2015 ι
2429 1965 2699 2033 Laqueum
2735 1962 3060 2029 paraverunt
3095 1953 3362 2005 (temones

1795 2065 2020 2134 pedibus
2054 2062 2207 2123 meis,
2235 2070 2285 2113 et
2320 2059 2666 2111 incurvarunt
2701 2054 3122 2106 animammeam
3144 2046 3240 2096 ⁸⁸.)
3262 2039 3366 2094 Te-

1794 2155 1973 2209 nebrre
1997 2167 2230 2220 namque
2253 2157 2380 2204 sunt
2412 2148 2463 2202 in
2489 2147 2658 2200 oculis
2685 2146 2844 2197 meis:
2865 2142 2976 2209 ipse
3014 2144 3195 2190 autem
3217 2132 3365 2186 festi-

1795 2243 1939 2307 navi,
1967 2249 2028 2297 ut
2054 2256 2158 2295 non
2189 2241 2424 2295 viderem
2446 2237 2512 2289 ⁸³.
2546 2255 2562 2288 ι
2597 2232 2823 2288 Caecitas
2852 2227 3113 2300 siquidem
3143 2232 3245 2288 est,
3277 2236 3367 2275 ea-

1798 2349 1902 2404 que
1925 2341 2080 2386 atrox
2118 2329 2395 2392 scortatio,
2465 2327 2770 2394 onmisque,
2839 2329 2897 2375 ut
2933 2319 3119 2388 paucis
3165 2315 3364 2374 dicam,

1804 2423 1986 2476 carnis
2026 2419 2328 2475 satisfactio
2358 2427 2410 2472 et
2443 2415 2727 2485 appetitus.
2763 2412 2832 2464 At
2872 2409 3055 2476 capior
3112 2412 3367 2469 tanquam

1807 2510 1891 2563 leo
1924 2511 1974 2562 in
2020 2507 2372 2569 occisionem,
2397 2504 2670 2570 ducorque
2698 2506 2755 2552 ut
2779 2498 2928 2550 cauis
2959 2494 3023 2547 ad
3057 2491 3292 2550 vincula,
3316 2495 3371 2541 et.

1807 2601 1923 2656 avis
1949 2601 2122 2654 instar
2156 2595 2210 2651 in
2240 2597 2517 2663 laqueum,
2577 2589 2942 2658 incendioque
3008 2579 3370 2638 immunditiei

1813 2704 1975 2761 quam
2007 2687 2242 2742 maxime
2271 2694 2638 2755 tempestuoso
2676 2688 2932 2736 exaestuo.

1879 2863 2012 2928 Quis
2046 2863 2226 2930 itaque
2256 2874 2351 2930 pro
2381 2873 2466 2913 me
2501 2857 2800 2912 beneﬁcum
2836 2856 3242 2919 humanumque
3272 2847 3375 2900 Do-

1812 2953 2016 3007 minum
2043 2950 2444 3020 deprecabitur,
2478 2957 2535 3001 ut
2567 2946 2619 3000 in
2648 2945 2908 2999 auxilium
2929 2957 3104 2995 meum
3132 2938 3374 2999 accedat,

1814 3061 2140 3113 manumque
2163 3058 2332 3098 meam
2361 3047 2564 3110 tangat,
2589 3035 3062 3107 quemadmodum,
3086 3030 3376 3100 aliquando

183 3135 262 3203 τῆς
299 3134 554 3206 πενθερᾶς
582 3133 676 3185 τοῦ
709 3133 910 3202 Πέτρου
933 3174 948 3195 ,
998 3132 1083 3184 ἵνα
1121 3130 1328 3200 ἀπέλθῃ
1366 3130 1460 3182 ἀπ’
1497 3127 1628 3199 ἐμοῦ

1815 3134 1958 3190 Petri
1987 3148 2202 3187 socrum
2237 3129 2412 3196 tetigit
2435 3129 2501 3190 ",
2523 3135 2580 3180 ut
2613 3126 2828 3180 recedat
2853 3139 2879 3176 a
2904 3139 2986 3176 me
3018 3120 3374 3192 perturbatio,

187 3221 476 3293 πειρασμὸς,
517 3224 602 3275 ἵνα
650 3222 946 3294 καταλείψῃ
982 3239 1045 3291 με
1079 3223 1105 3273 ὁ
1145 3221 1434 3289 πυρπολῶν
1476 3236 1540 3289 με
1580 3219 1715 3286 ἔρως

189 3315 379 3375 ὁδεινδς
401 3315 492 3366 καὶ
513 3312 781 3382 βδελυρδς,
817 3313 909 3363 καὶ
964 3312 1163 3379 ίσχύσω
1185 3311 1355 3371 οὕτως
1377 3308 1714 3378 διεγερθῆναι

191 3403 300 3471 πρὸς
335 3401 700 3470 σωφροσύνην,
734 3400 828 3451 καὶ
869 3401 1130 3452 διακονεῖν
1162 3400 1236 3467 τῷ
1296 3400 1407 3466 ἰδίῳ
1440 3399 1624 3464 Κυρίῳ
1661 3399 1714 3447 ἐν

186 3491 533 3561 νηφαλιότητις
588 3489 726 3542 Ἀλλ’
773 3489 858 3540 ἵνα
933 3489 1005 3557 μὴ
1077 3488 1244 3538 πολλὰ
1300 3490 1492 3554 γράφω
1561 3485 1710 3547 νυνι,

189 3580 458 3650 παρακαλῶ
515 3595 612 3642 σε,
664 3577 868 3645 ἀγαθῆς
928 3578 1079 3646 ῥίζης
1151 3577 1349 3643 ἀγαθὸν
1404 3577 1713 3644 ὑπάρχοντα

188 3674 473 3746 βλάστημα,
536 3675 798 3743 φυλάττου
867 3675 957 3730 καὶ
1000 3674 1408 3742 προφυλάττου,
1476 3673 1571 3740 ὅση
1626 3670 1717 3723 δύ-

191 3782 360 3834 ναμις,
415 3765 600 3818 τοῦτον
647 3765 735 3817 τὸν
780 3767 1102 3836 μαστρωπδν
1166 3765 1258 3819 καὶ
1329 3765 1554 3831 πονηρδν
1605 3763 1718 3814 δαί-

196 3872 328 3923 μονα,
366 3856 623 3907 ἐκκλίνων
672 3856 768 3925 τὴν
826 3857 1109 3924 συντυχίαν
1156 3856 1247 3906 τοῦ
1302 3853 1713 3922 Διονυσοδώρου,

191 3946 266 3997 καὶ
302 3947 424 4011 μήτε
470 3943 837 4012 συνεορτάζων
886 3943 1050 4013 αὐτῷ.
1089 3945 1221 4012 μήτε
1262 3944 1337 4003 είς
1383 3943 1716 4010 πανηγύρεις

193 4035 458 4098 συναπιὼν,
497 4036 634 4103 μήτε
679 4034 989 4092 συνεσθίων,
1039 4034 1175 4101 μήτε
1235 4032 1512 4100 συμπίνων
1545 4030 1711 4099 αὐτῷ,

194 4124 306 4190 μηδέ
328 4124 690 4193 συνδιατρίψαι
718 4123 908 4191 τούτῳ,
933 4123 1034 4175 κᾶν
1060 4118 1194 4194 πρὸς
1216 4122 1384 4192 βραχὺ
1413 4122 1714 4174 συνοδεύειν

191 4210 498 4278 αἱρούμενος.
538 4211 598 4263 Εἰ
628 4212 683 4264 δέ
721 4230 820 4264 που
861 4214 1066 4282 ἀνάγκη
1104 4213 1307 4281 γένοιτο
1339 4215 1614 4280 συντυχεῖν
1640 4211 1714 4281 τῷ

191 4299 401 4366 τοιούτῳ,
433 4301 506 4367 μὴ
551 4301 710 4366 βλέπε
754 4301 937 4352 τοῦτον
975 4302 1202 4369 τρανῶς,
1237 4302 1322 4351 ἵνα
1373 4303 1444 4368 μὴ
1487 4301 1571 4350 διὰ
1607 4301 1714 4350 τῶν

193 4384 392 4452 Θυρίδων
420 4406 531 4450 σου,
558 4389 799 4439 τουτέστι
825 4390 929 4438 τῶν
970 4388 1259 4454 ὀφθαλμῶν
1295 4404 1407 4449 σου,
1435 4388 1506 4448 ὥς
1554 4405 1716 4456 φησιν

1818 3238 1896 3287 ιιι,
1931 3241 2049 3293 quae
2077 3239 2158 3275 me
2186 3220 2386 3290 perurit
2422 3231 2569 3270 atrox
2598 3215 2792 3283 cupido
2821 3211 3262 3276 exsecrandaque
3284 3208 3376 3259 de-

1817 3323 1982 3376 serat,
2024 3314 2210 3377 sicque
2240 3309 2378 3376 potis
2411 3307 2530 3359 {iam
2559 3347 2571 3370 ,
2617 3304 2929 3368 excitcrque
2961 3299 3041 3350 ad
3089 3297 3375 3350 continen-

1817 3407 1966 3464 tiam,
2008 3403 2336 3470 prOprioque
2363 3397 2588 3449 Domino
2623 3395 2677 3447 in
2711 3390 3063 3460 temperantia
3108 3384 3378 3441 serviam?

1815 3493 1941 3555 Sed,
1987 3508 2051 3544 ne
2079 3491 2263 3543 multis
2315 3498 2365 3540 te
2412 3488 2460 3540 in
2499 3483 2785 3555 praesentia
2836 3482 3084 3543 obruam,
3134 3477 3291 3530 enixe
3327 3484 3379 3527 te

1818 3599 1968 3651 rogo,
2025 3582 2114 3649 qui
2171 3581 2321 3633 bona)
2376 3577 2574 3630 radicis
2617 3575 2814 3627 bonum
2851 3585 3071 3642 germen
3112 3568 3372 3636 erumpis,

1815 3687 1945 3725 cave
1977 3671 2094 3735 tibi,
2134 3684 2196 3722 ac
2228 3677 2421 3722 cautus
2453 3679 2712 3734 priccavc,
2746 3673 3006 3730 quantum
3037 3660 3150 3712 ﬁeri
3180 3666 3376 3726 potest,

1817 3779 1844 3815 a
1902 3764 2054 3815 leone
2107 3762 2230 3824 isto,
2285 3758 2640 3826 improboquc
2690 3756 2967 3816 dzemonc,
3022 3747 3378 3818 Dionysoduri

1819 3850 2293 3911 consuetudinem,
2318 3857 2370 3902 ct
2395 3844 2716 3901 commercia
2750 3845 2944 3902 vitans,
2979 3855 3084 3892 non
3123 3839 3380 3890 solemni-

1818 3949 1957 3994 tates
1990 3955 2110 3992 cum
2148 3953 2213 3990 eo
2267 3936 2584 3996 celebrans,
2634 3943 2806 3996 neque
2846 3940 2950 3977 una
2996 3938 3115 3977 cum
3158 3935 3220 3973 eo
3261 3921 3380 3972 dies

1818 4032 1982 4086 festos
2012 4037 2068 4082 et
2095 4027 2247 4081 ludos
2277 4025 2521 4095 publicos
2545 4021 2918 4090 frequentans,
2949 4030 3053 4069 non
3082 4028 3185 4066 una
3219 4012 3380 4066 simul

1815 4123 2004 4182 edens,
2040 4132 2213 4185 neque
2240 4113 2453 4176 bibens,
2495 4124 2670 4179 neque
2717 4119 3081 4165 commorans,
3121 4111 3173 4153 et
3209 4101 3252 4154 si
3289 4115 3382 4167 per

1818 4208 2076 4277 temporis
2129 4203 2469 4258 intervallum
2511 4198 2673 4252 simul
2728 4198 2830 4248 iter
2879 4207 3041 4262 agere
3096 4191 3147 4242 in
3199 4191 3380 4242 animo

1817 4298 2006 4351 fuerit.
2039 4295 2192 4358 Quod
2224 4293 2268 4344 si
2311 4289 2601 4358 aliquando
2633 4294 2847 4354 tempus
2875 4293 2926 4338 et
2951 4281 3253 4336 necessitas
3294 4278 3383 4331 lla-

1816 4388 1969 4456 gitat,
1997 4395 2056 4438 ut
2095 4399 2216 4437 eum
2251 4381 2541 4436 convenias
2568 4418 2582 4439 .
2627 4393 2695 4431 ne
2736 4384 2881 4432 recta
2920 4390 3045 4429 eum
3096 4372 3382 4434 intuearis,

199 4476 222 4523 ὁ
243 4479 526 4546 προφήτης,
551 4477 722 4544 ἀναϐῇ
750 4475 839 4526 ἐπὶ
867 4477 959 4545 τὴν
988 4477 1161 4545 ψυχήν
1196 4493 1285 4528 σου
1315 4478 1342 4527 ὁ
1372 4476 1593 4539 θάνατος
1623 4477 1683 4546 τῆ

1826 4495 1893 4546 ne
1924 4492 2018 4548 per
2054 4476 2193 4529 fores
2218 4484 2359 4536 tuas,
2383 4469 2572 4525 oculos
2603 4468 2812 4523 scilicet
2843 4476 2986 4525 tuos,
3019 4472 3077 4514 ut
3120 4459 3380 4529 prepbeta

193 4566 464 4634 ἁμαρτίας’
505 4568 640 4620 ἀλλὰ
696 4569 841 4623 κάτω
888 4567 1104 4633 θεωρῶν
1158 4569 1235 4630 είς
1283 4560 1568 4635 τοῦδαιρος,
1607 4566 1722 4636 βλο-

196 4657 327 4726 συρῷ
364 4657 436 4725 τῷ
481 4658 687 4726 ὄμματι
736 4659 827 4710 καὶ
876 4656 1129 4726 αὐστηρῷ
1175 4657 1250 4726 τῷ
1303 4657 1574 4726 προσώπῳ
1609 4657 1706 4715 τὰς

197 4747 486 4816 ἀποκρίσεις
531 4749 695 4808 δίδου,
731 4749 803 4815 μὴ
862 4748 1282 4815 καταδεχόμενος
1327 4747 1649 4812 συγγελάσαι
1687 4747 1719 4815 ἢ

199 4836 560 4888 συνλούσασθαι
609 4835 798 4904 τούτῳ.
855 4836 972 4903 Χρὴ
1017 4835 1124 4903 γὰρ
1181 4832 1720 4901 προκαταλαμϐάνειν

195 4925 321 4992 ἡμᾶς
360 4928 420 4979 τὰ
452 4927 778 4997 ὀχυρώματα
837 4924 930 4975 καὶ
970 4924 1036 4974 τὰ
1089 4923 1453 4990 μηχανήματα
1490 4920 1581 4972 τοῦ
1630 4922 1721 4987 ῥυ-

197 5011 351 5079 παροῦ
384 5013 580 5080 ὄφεως,
628 5015 758 5082 πρὶν
789 5013 932 5081 ἡμᾶς
974 5009 1130 5073 αὐτὸς
1185 5007 1569 5078 προκαταλάὅῃ
1605 5010 1722 5069 ταῖς

197 5101 437 5164 ποικίλαις
465 5104 725 5170 σαγήναις
762 5103 852 5154 καὶ
883 5105 991 5163 τοῖς
1017 5100 1226 5170 βρόχοις
1256 5099 1340 5150 διὰ
1362 5099 1457 5167 τῆς
1482 5098 1716 5162 ἐφέσεως

201 5185 281 5240 τοῦ
313 5190 593 5258 εἰρημένου
627 5189 831 5250 παιδός.
865 5191 976 5241 Οὐκ
1021 5189 1225 5255 ἀγαθὰς
1273 5187 1379 5257 γὰρ
1419 5186 1603 5254 φήμας
1637 5184 1726 5235 κέ-

201 5293 368 5345 κτηται
390 5280 415 5328 ὁ
437 5278 644 5345 λεχθεὶς
673 5278 902 5339 νεανίας,
921 5281 1009 5329 καὶ
1047 5279 1160 5330 δέον
1189 5276 1594 5346 ἀποδιδράσκειν
1623 5274 1720 5337 τὰς

200 5367 462 5435 ὑπολήψεις
490 5366 673 5419 αὑτοῦ.
694 5367 904 5435 Ἐπειδὴ
933 5364 1022 5418 οὖν
1047 5368 1165 5434 ῥίζα
1197 5370 1290 5435 τῆς
1309 5367 1443 5418 κατὰ
1473 5364 1531 5416 τὸ
1560 5365 1715 5432 σῶμα

202 5456 424 5525 πράξεως
453 5456 704 5524 τυγχάνει
731 5460 762 5524 ἡ
795 5457 1116 5525 ecl/35297.0;
1175 5457 1381 5526 γνώμη,
1432 5455 1720 5524 πρόρριζον

261 5601 300 5632 ἐ
323 5598 458 5654 Psal.
493 5613 658 5657 cxvii,
687 5595 768 5667 l2.
834 5582 893 5667 ξεί
916 5599 1053 5652 Psal.
1088 5616 1288 5667 xxxx-It,
1320 5602 1349 5652 8

213 5667 296 5727 ll;
330 5669 484 5724 .llarc.
518 5683 554 5730 ι,
590 5667 678 5719 51.
752 5665 792 5694 ⁸⁸
823 5665 930 5720 Jcr.
973 5685 1042 5729 Ix,
1070 5668 1152 5720 il.

1447 5598 1487 5629 "
1531 5596 1660 5651 Ibid.
1694 5597 1746 5650 7.

1829 4570 2088 4638 loquitur,
2120 4567 2171 4618 in
2211 4564 2442 4617 animam
2477 4569 2622 4612 tuam
2658 4555 2858 4625 peccati
2893 4567 3039 4605 mors
3066 4550 3380 4613 introeat";

1830 4661 1921 4715 sed
1969 4661 2023 4710 in
2083 4667 2278 4709 terram
2333 4652 2577 4704 obtutum
2633 4646 2843 4701 inferne
2899 4645 3164 4714 dirigens,
3204 4640 3376 4693 torvis

1828 4746 2001 4802 oculis
2029 4758 2092 4796 ac
2136 4741 2356 4795 horrido
2388 4747 2611 4807 aspectu
2660 4751 2920 4806 responsa
2956 4735 3156 4794 redde;
3208 4730 3378 4781 risum

1827 4846 2191 4893 communem,
2221 4839 2273 4883 et
2308 4827 2615 4882 communia
2647 4826 2862 4878 lavacra
2895 4828 3197 4874 contemne.
3232 4815 3382 4883 Opus

1825 4923 2022 4977 etenim
2049 4929 2153 4987 est,
2205 4927 2265 4972 ut
2313 4935 2410 4973 nos
2452 4918 2787 4971 munimenta
2823 4911 2978 4979 202
3009 4923 3069 4960 ac
3101 4907 3383 4961 machinas

1826 5009 2090 5064 immundi
2141 5009 2410 5077 serpentis
2457 5016 2917 5076 praeoccupemus,
2972 5007 3260 5065 antequam
3313 4998 3380 5049 ab

1829 5101 1946 5166 ipso
1971 5099 2176 5152 retibus
2199 5098 2365 5152 variis
2392 5105 2561 5163 atque:
2580 5091 2785 5157 laqueis
2814 5089 3033 5158 perjam
3067 5088 3197 5140 dicti
3232 5087 3376 5156 pueri

1829 5189 2156 5244 desiderium
2196 5187 2526 5240 irretiamur.
2581 5182 2910 5236 Adolescens
2956 5179 3221 5247 siquidem
3282 5177 3381 5228 iste

1830 5282 1945 5335 suis
1977 5280 2199 5347 ﬂagitiis
2227 5279 2464 5330 famosus
2488 5280 2569 5327 est
2596 5288 2609 5326 :
2640 5273 2864 5342 ideoque
2888 5271 3382 5338 suSpiciones,quat

1825 5372 1950 5425 inde
1983 5368 2181 5423 exoriri
2243 5373 2492 5433 possunt,
2539 5373 2730 5417 Omnes
2780 5356 3198 5415 intercludendaa
3230 5361 3378 5405 sntit.

1826 5461 1958 5516 Cum
1990 5458 2171 5525 itaque
2199 5455 2349 5510 radix
2374 5455 2765 5522 actionis,qu:c
2795 5453 2848 5505 in
2879 5459 3102 5516 corpore
3133 5445 3210 5504 tit,
3235 5445 3380 5512 cogi-

1821 5599 1864 5629 δ’
1898 5594 2040 5651 Psal.
2077 5607 2185 5661 ut.
2219 5593 2267 5644 '7.
2346 5593 2389 5625 ⁸³
2421 5590 2558 5648 Psal.
2602 5602 2779 5649 xxxix,
2812 5583 2893 5637 15.
2965 5582 3009 5615 ⁸³
3042 5579 3228 5636 Matth.
3262 5594 3378 5645 rm,
