4128 6340
781 312 886 373 283

2240 322 2300 383 S.
2339 324 2497 383 NlLl

3874 311 3981 374 28l

776 419 912 471 latio
943 418 1123 473 carnis
1153 434 1338 477 amans
1363 423 1613 487 exsistat,
1644 426 1899 483 radicitus
1926 428 2096 498 ipsam
2126 431 2313 491 evelle.

2416 429 2617 498 ταύτην
2646 428 2793 482 άνελε
2822 467 2836 492 ,
2865 428 2991 498 πρὶν
3028 427 3160 496 πρὸς
3189 425 3251 477 τδ
3298 424 3401 487 ἔξω
3433 422 3680 493 προκύψῃ
3706 422 3803 475 καὶ
3844 421 3973 489 βλα-

776 519 1065 580 antequam
1100 514 1247 567 foras
1276 525 1541 584 erumpat,
1579 526 1631 571 et
1669 518 1925 589 flagitium
1957 524 2241 591 geminet,
2269 532 2323 578 et

776 598 828 649 in
857 605 1106 651 truncum
1158 601 1376 655 interim
1416 604 1771 667 obdurescat;
1794 607 1873 661 sic
1898 615 1953 661 ut
1986 625 2204 666 secures
2234 624 2323 663 ac-

774 688 1048 741 cersenda:
1077 689 1207 752 sint,
1236 699 1289 744 et
1328 692 1468 761 ignis
1519 694 1716 749 sedulo
1748 697 2188 766 conquirendus,
2234 698 2323 752 in-

772 790 1019 843 gensque
1074 779 1335 832 auxilium
1372 781 1781 848 advocandum,
1802 787 1867 841 ad
1898 788 2136 842 lascivia:
2163 789 2322 843 arbo-

773 880 886 919 rem
922 866 1343 934 dcperdendum.
1375 871 1546 946 Radix
1570 874 1768 945 quippe
1797 893 1892 945 per
1921 886 2134 946 tempus
2156 878 2323 935 inhae-

772 965 926 1015 rens,
985 969 1201 1009 murum
1252 942 1551 1027 saepissime
1598 963 1797 1018 alTabre
1848 964 2179 1034 lirmiterque
2227 981 2323 1020 ex-

772 1046 1038 1095 structum
1060 1060 1393 1103 marcescere
1418 1049 1567 1115 facit,
1594 1061 1647 1106 et
1680 1066 1869 1107 saxum
1899 1054 2151 1125 disrupit.
2178 1055 2321 1124 Fuge

773 1132 952 1199 itaque
977 1123 1297 1202 perditionis
1316 1139 1558 1205 hamum,
1585 1150 1637 1197 et
1658 1144 1936 1212 captiones
1952 1146 2150 1201 diaboli
2173 1161 2315 1210 arce,

770 1221 1022 1290 illiusque
1053 1225 1274 1293 laqueos
1306 1237 1547 1296 contere,
1571 1234 1775 1302 jejunio
1805 1237 2148 1305 temetipsum
2172 1252 2320 1291 com-

768 1312 1040 1373 muniens,
1078 1324 1131 1366 et
1161 1318 1406 1372 oratione
1459 1323 1737 1385 continua,
1757 1334 1809 1377 et
1835 1325 2315 1393 genuﬂexionibus,

767 1405 819 1448 et
845 1397 1028 1450 labore
1060 1413 1341 1471 corporeo,
1372 1418 1423 1469 et
1453 1409 1720 1473 molestia,
1753 1412 1983 1483 aliisque
2010 1417 2316 1471 munimen-

768 1486 839 1537 tis
872 1494 926 1537 et
954 1488 1192 1552 auxiliis,
1228 1508 1347 1560 quae
1380 1496 1476 1548 tibi
1508 1499 1705 1567 saepius
1746 1517 2032 1571 suggerere
2074 1506 2204 1560 milii
2252 1508 2315 1560 li-

770 1571 916 1638 lmit;
939 1589 1180 1645 eaneque
1198 1581 1358 1634 simul
1386 1597 1507 1638 eum
1539 1586 1696 1642 beato
1727 1589 1923 1645 Davide
1950 1592 2017 1647 ad
2040 1592 2314 1649 Christum

770 1658 1099 1718 Salvatorem
1120 1670 1571 1738 excelsissimum,
1592 1685 1644 1730 et
1663 1676 1730 1730 de
1758 1681 1914 1734 nobis
1942 1682 2143 1750 optima
2174 1698 2318 1751 quae-

2427 520 2595 589 στὴση
2617 519 2675 570 τὸ
2711 515 3006 580 κακὸνβιαὶ
3024 512 3321 582 στελεχωθῇ
3345 512 3545 564 λοιπόν·
3569 512 3706 565 ὥστε
3727 513 3979 576 ἀναγκα-

2426 606 2615 676 σθῆναι
2649 604 2832 671 ἀξίνας
2855 601 3177 671 φιλοκαλεῖν,
3199 598 3293 651 καὶ
3326 596 3436 667 πῦρ
3473 598 3975 667 πολυπραγμονεῖν,

2353 703 2373 720 "
2424 696 2517 748 καὶ
2536 695 2733 763 πολλῆς
2761 690 3104 761 προσδεῖσθαι
3133 688 3376 758 βοηθείας
3398 688 3531 757 πρὸς
3557 687 3865 755 ἀφανισμὸν
3883 682 3979 737 τοῦ

2424 781 2632 852 δένδρου
2663 780 2762 849 τῆς
2787 776 3087 845 ἀσελγείας.
3120 774 3267 838 Ῥίζα
3295 773 3401 843 γάρ
3432 772 3808 841 παραμείνασα
3844 768 3974 838 χρό-

2422 886 2532 932 νον,
2571 870 2663 923 καὶ
2694 871 2870 938 τοῖχον
2904 864 3161 927 πολλάκις
3211 858 3803 959 κάλλισταᾶδομηθέντα
3818 857 3979 959 fed:-

2422 959 2648 1029 θρωσεν,
2685 960 2777 1017 καὶ
2816 958 3020 1027 πέτραν
3048 954 3346 1048 διέρρηξεν.
3372 951 3562 1048 *Φεῦγε
3589 946 3979 1048 τοιγαροῗνςτδ

2420 1049 2711 1119 ἄγκιστρον
2736 1047 2836 1117 τῆς
2861 1047 3082 1115 φθορᾶς,
3108 1044 3203 1097 καὶ
3231 1042 3297 1096 τὰ
3325 1042 3568 1112 θήρατρα
3599 1038 3691 1092 τοῦ
3719 1036 3977 1091 διαϐόλου

2417 1137 2801 1209 δραπέτευσον,
2837 1137 2927 1190 καὶ
2963 1137 3061 1198 τὰς
3090 1134 3319 1200 παγίδας
3348 1132 3510 1185 αὐτοῦ
3553 1127 3976 1219 σύντριιῖιονκτῇ

2419 1228 2621 1296 νηστείς
2673 1226 2895 1279 σεαυτὸν
2922 1223 3321 1294 περιφράττων,
3355 1220 3447 1273 καὶ
3473 1222 3539 1288 τῇ
3576 1220 3753 1287 πυκνῇ
3798 1229 3979 1317 προσ-

2417 1320 2568 1387 ευχῇ,
2600 1319 2692 1369 >α“ι
2733 1318 2850 1376 ταῖς
2893 1312 3286 1383 γονυκλισίαις,
3333 1312 3425 1364 καὶ
3463 1310 3613 1378 κόπῳ
3648 1323 3976 1395 σωματικῳ,
3997 1382 4018 1395 ο

2418 1408 2509 1459 καὶ
2541 1406 2764 1475 animi)
2802 1400 3094 1465 εὐσεϐείας,
3121 1401 3214 1454 καὶ
3240 1402 3350 1462 τοῖς
3378 1398 3553 1461 ἄλλοις
3591 1392 3977 1465 άσφαλίσμασί

2415 1506 2473 1541 τε
2525 1492 2616 1541 καὶ
2646 1488 2968 1558 βοηθήμασι,
3008 1482 3198 1554 οἷσπερ
3236 1484 3521 1546 πλεονάκις
3560 1482 3858 1586 ὑποθέσθαι
3892 1497 3977 1586 cf:

2416 1580 2820 1650 προεθυμήθην,
2874 1578 2967 1632 καὶ
3015 1576 3179 1647 ψάλλε
3230 1576 3344 1645 ἅμα
3393 1575 3471 1644 τῷ
3521 1574 3773 1643 μακαρίῳ
3808 1574 3976 1623 Δαυῒδ

2416 1671 2550 1741 πρὸς
2577 1669 2804 1739 Χριστὸν
2825 1670 2912 1721 τὸν
2930 1669 3254 1737 πανύψιστον
3281 1665 3511 1735 Σωτῆρα
3555 1664 3648 1717 καὶ
3671 1662 3976 1732 εὐεργέτην

768 1760 872 1813 que
909 1750 1155 1806 meritum
1189 1771 1202 1807 :
1246 1774 1263 1806 ι
1300 1755 1523 1812 Custodi
1569 1777 1652 1816 me
1685 1778 1713 1817 ει
1746 1764 1957 1833 laqueo,
1992 1782 2150 1835 quem
2192 1784 2314 1824 con-

2419 1757 2862 1826 ἠμῶν·ιΦύλαξόν
2887 1757 3070 1827 μεάπδ
3092 1752 3410 1828 παγίδος,ἦς
3437 1752 3835 1822 συνεστήσαντό
3856 1768 3973 1820 μοι,

767 1844 1082 1893 struxerunt
1108 1843 1260 1906 mihi,
1296 1853 1348 1898 et
1376 1862 1406 1899 a
1438 1852 1709 1905 scandalis
1731 1857 2070 1921 operantium
2120 1859 2316 1928 iniqui-

770 1932 929 1977 tatem
955 1927 1018 1978 ⁸⁸.
1057 1947 1075 1977 ›
1116 1931 1423 1989 Recordare
1453 1952 1667 2007 quoque
1693 1956 1900 2008 eorum,
1934 1945 1999 1999 de
2032 1947 2231 2014 quibus
2261 1950 2314 2003 in

768 2011 1057 2082 Evangelio
1102 2019 1474 2099 admonemur.
1509 2024 1629 2081 Sint
1655 2029 1821 2084 lumbi
1849 2034 2009 2087 vestri
2043 2037 2314 2104 praecincti

769 2096 1143 2166 temperantia,
1180 2117 1231 2159 et
1275 2094 1516 2165 lucernae
1563 2114 1911 2182 cogitationis
1954 2109 2238 2186 ardentes,
2264 2132 2318 2177 et

769 2201 861 2239 vos
906 2189 1116 2246 similes
1175 2194 1489 2252 hominibus
1540 2207 1978 2271 exspectantibus
2025 2208 2314 2265 Dominum

766 2287 949 2338 suum,
967 2278 1181 2343 quando
1199 2282 1375 2335 veniet
1390 2284 1455 2337 de
1467 2287 1623 2351 cmlo,
1642 2297 1695 2341 et
1711 2290 1945 2346 inveniet
1975 2296 2315 2364 vigilantes"

768 2361 855 2427 qui
900 2376 1023 2415 eum
1057 2365 1290 2434 legitime
1315 2372 1521 2438 colunt,
1567 2383 1619 2428 et
1646 2377 1895 2447 diligunt,
1946 2390 2004 2434 ut
2034 2361 2131 2438 eos
2166 2401 2317 2455 aque

767 2464 832 2501 ac
874 2452 1043 2505 solem
1093 2454 1473 2523 splendescere
1517 2460 1680 2517 faciat
1719 2466 1771 2518 in
1820 2470 2027 2523 caelesti
2058 2488 2226 2542 regno
2248 2476 2313 2531 ⁸⁸.

768 2538 898 2591 Illud
933 2541 1095 2595 etiam
1122 2545 1510 2615 animadverte,
1538 2553 1695 2622 203
1726 2555 1932 2611 hostem
1962 2575 2070 2614 non
2105 2538 2315 2617 tantum

769 2627 822 2679 in
849 2639 1070 2698 aspectu
1102 2636 1354 2699 decoros,
1385 2640 1479 2694 sed
1505 2642 1559 2695 in
1590 2658 1682 2698 eos
1728 2648 1913 2712 etiam,
1946 2651 2059 2705 sive
2094 2653 2173 2705 illi
2206 2670 2319 2708 ma-

767 2719 929 2781 sculi,
956 2719 1069 2774 sive
1093 2723 1307 2779 feminm
1338 2727 1560 2794 fuerint,
1608 2734 1699 2801 qui
1721 2737 1863 2804 turpi
1889 2747 2048 2808 atque
2072 2741 2315 2796 illiberali

771 2805 908 2861 facie
939 2818 1089 2874 sunt,
1136 2813 1349 2884 aliquos
1376 2818 1670 2887 concitare,
1711 2838 1912 2881 caecum
1946 2829 2130 2885 animo
2164 2833 2317 2901 cupi—

767 2897 950 2952 dinem
1000 2916 1315 2971 suggerens.
1348 2906 1479 2961 Nam
1509 2925 1631 2965 cum
1667 2916 2083 2984 versipellis'ae
2133 2923 2317 2978 varius

765 2986 839 3040 sit
873 2987 1235 3046 immunditiei
1269 3010 1458 3051 amans
1508 3000 1738 3069 daemon,
1783 3008 1981 3074 srcpius
2040 3015 2320 3079 experitur

2418 1848 2510 1899 καὶ
2546 1847 2655 1901 ἀπὸ
2684 1846 2989 1900 σκανδάλων
3017 1846 3123 1899 τῶν
3143 1843 3517 1915 ἐργαζομένων
3543 1843 3640 1913 τὴν
3660 1841 3920 1911 ἀνομίαν.
3949 1858 3969 1891 ι

2415 1938 2675 2007 Μέμνησο
2715 1938 2769 1990 δὲ
2802 1938 2894 1989 καὶ
2945 1938 3051 1990 τῶν
3082 1940 3138 1989 ἐν
3185 1936 3262 2004 τῷ
3294 1934 3606 2003 Εὗαγγελίῳ
3646 1934 3977 2003 παραγγελ-

2420 2024 2601 2093 μάτων
2621 2039 2634 2052 ·
2661 2026 2937 2077 Ἔστωσαν
2962 2026 3016 2077 al
3044 2024 3239 2093 ὀσφύες
3271 2024 3420 2093 ὑμῶν
3448 2023 3884 2092 περιεζωσμέναι
3904 2026 3973 2092 τῇ

2418 2115 2754 2185 σωφροσύνῃ,
2795 2117 2888 2168 καὶ
2934 2116 2983 2168 οε
3017 2114 3200 2185 ’λύχνοι
3249 2113 3346 2184 τῆς
3383 2113 3611 2175 διανοίας
3662 2114 3974 2182 καιόμενοι,

2415 2204 2508 2255 καλ¹
2541 2203 2697 2272 ὑμεῖς
2727 2205 2901 2273 ὅμοιοι
2928 2202 3231 2273 ἀνθρώποις
3259 2203 3698 2271 προσδεχομένοις
3729 2201 3823 2254 τὸν
3852 2201 3976 2253 Κύ-

2420 2308 2531 2360 ριον
2568 2292 2764 2357 αὐτῶν,
2793 2292 2921 2343 πότε
2947 2291 3061 2360 ἥξει
3091 2292 3150 2354 ἐξ
3176 2291 3438 2360 οὐρανῶν,
3459 2293 3553 2343 καὶ
3581 2291 3804 2359 εὑρήσει
3832 2307 3978 2360 γρη-

2400 2381 2713 2451 ηγοροῦντας
2764 2382 2887 2443 τοὺς
2940 2381 3172 2449 γνησίως
3216 2380 3466 2442 σέϐοντας
3513 2380 3605 2432 καὶ
3641 2378 3976 2445 ἀγαπῶντας

2418 2470 2598 2533 αὐτὸν,
2629 2472 2715 2524 ἵνα
2739 2473 2935 2542 ποιήσῃ
2966 2471 3175 2541 λάμψαι
3203 2470 3395 2532 αὐτοὺς
3422 2471 3497 2530 ὡς
3523 2469 3611 2522 τὸν
3633 2470 3785 2539 ἥλιον
3812 2472 3873 2522 ἐν
3903 2468 3976 2536 τῇ

2416 2558 2708 2628 ὲπουρανίᾳ
2748 2558 3012 2628 βασιλείᾳ.
3059 2559 3293 2622 Κάκεῖνο
3338 2557 3393 2609 δὲ
3442 2556 3711 2624 γίνωσκε,
3764 2557 3849 2609 ὅτι
3909 2556 3973 2608 οὐ

2419 2646 2577 2714 μόνον
2611 2649 2691 2708 είς
2713 2647 2808 2708 τὰς
2835 2646 3057 2708 εὐειδεῖς
3086 2645 3233 2713 ὄψεις
3264 2642 3511 2714 πειράζει
3557 2646 3706 2705 τινὰς
3746 2643 3973 2713 ἐχθρὸς,

2416 2735 2548 2788 ἀλλὰ
2571 2735 2678 2805 γάρ
2706 2736 2799 2789 καὶ
2824 2738 2904 2799 εἰς
2932 2736 2998 2788 τά
3028 2736 3239 2804 δυσειδῆ
3281 2734 3371 2787 καὶ
3404 2736 3627 2805 ἄμορφα
3669 2735 3971 2805 πρόσωπα,

2417 2824 2641 2893 θηλειῶν
2670 2843 2727 2877 τε
2765 2827 2858 2878 καὶ
2902 2826 3162 2897 ἀρρένων,
3189 2824 3383 2893 τυφλόν
3414 2841 3532 2877 τινα
3571 2827 3632 2893 τῇ
3661 2824 3803 2891 ψυχῇ
3830 2824 3975 2874 ὑπο-

2418 2913 2622 2965 6άλλων
2654 2913 2846 2983 ἔρωτα.
2881 2916 3271 2984 Κακομήχανος
3320 2912 3428 2982 γὰρ
3458 2913 3552 2966 καὶ
3582 2912 3821 2974 ποικίλος
3860 2913 3974 2964 ὑπ-

2420 3003 2598 3073 άρχων
2629 3006 2656 3056 ὁ
2684 3003 3041 3074 φιλορύπαρος
3066 3005 3288 3073 δαίμων,
3317 3002 3593 3072 δοκιμάζει
3618 3001 3879 3065 πολλάκις
3912 3004 3974 3055 ὲν

762 3069 816 3122 in
872 3077 970 3131 hac
1000 3081 1085 3134 vel
1129 3080 1182 3136 in
1222 3083 1311 3137 illa
1343 3085 1510 3142 forma
1550 3106 1643 3159 per
1676 3093 1969 3150 absurdum
2022 3110 2076 3154 et
2108 3108 2316 3171 turpem

2418 3069 2588 3163 τοῦτῳ
2634 3094 2668 3163 ἦ
2697 3069 3023 3161 -ὲν-ὲκείνῳ
3062 3069 3314 3160 τῷνείδει
3361 3069 3679 3159 παγιδεῦσαι
3730 3090 3817 3142 διὰ
3866 3092 3973 3159 τῆς

767 3167 1063 3233 appetitum
1095 3170 1149 3223 in
1188 3172 1436 3243 laqueum
1466 3180 1760 3249 conjicere.

837 3252 982 3325 Fuge
1004 3257 1169 3327 igitur
1196 3261 1617 3322 adolescentium
1647 3273 2044 3332 immundorum
2076 3284 2316 3338 omnium

767 3339 927 3396 simul
971 3347 1341 3416 pulchrorum,
1383 3354 1544 3408 simul
1595 3362 1830 3429 turpium
1857 3371 2201 3425 commercia.
2262 3371 2317 3427 Si

766 3446 895 3484 vero
931 3434 1223 3501 aliquando
1258 3455 1369 3494 rem
1417 3443 1605 3499 dexter
1634 3450 1807 3517 egeris
1831 3488 1851 3529 ,_
1883 3452 2318 3529 intellexerisque

769 3524 1108 3591 temetipsum
1142 3528 1210 3581 ab
1249 3530 1494 3599 improba
1537 3536 1640 3590 hac
1673 3524 2081 3606 perturbatione
2110 3550 2314 3613 vexari,

764 3620 818 3663 et
852 3611 917 3664 ad
952 3615 1146 3670 animae
1186 3620 1491 3688 caliginem,
1533 3634 1584 3678 et
1621 3626 1959 3684 fteculentum
1997 3642 2195 3687 statum
2224 3636 2316 3690 dc-

766 3701 930 3764 ferri,
992 3708 1333 3771 apprehende
1370 3721 1600 3766 mentem
1639 3725 1807 3784 tuam,
1864 3736 2041 3792 regem
2098 3724 2313 3780 Saulem

763 3803 884 3842 esse
920 3805 947 3842 a
982 3806 1147 3859 pravo
1175 3796 1412 3850 lascivia:
1437 3800 1628 3866 spiritu
1654 3804 1993 3873 sulfocatum,
2019 3820 2071 3863 et
2098 3811 2313 3869 Davidis

765 3875 904 3929 libro
956 3877 1007 3929 in
1060 3878 1294 3935 medium
1348 3882 1561 3949 delato,
1623 3902 1717 3942 cor
1777 3899 1928 3946 tuum
1978 3896 2312 3955 daemonibus

762 3964 1053 4020 obnoxium
1106 3969 1322 4023 incanta
1360 3972 1596 4041 Spiritus
1642 3982 1818 4035 sancti
1849 3984 2049 4047 verbis,
2092 3995 2146 4041 et
2179 3988 2313 4044 bene

763 4052 854 4103 tibi
884 4053 986 4106 erit
1016 4069 1141 4107 cum
1175 4060 1442 4114 cecineris
1468 4064 1533 4113 ad
1581 4066 1863 4120 Dominum
1898 4088 1911 4123 :
1968 4090 1985 4121 ι
2038 4074 2312 4129 Conserva

763 4155 846 4192 me
874 4157 900 4193 a
938 4142 1153 4211 laqueo,
1184 4162 1340 4215 quem
1378 4161 1797 4208 construxerunt
1823 4159 1976 4222 mihi,
2013 4170 2066 4214 ct
2096 4178 2124 4216 ιι
2156 4179 2313 4218 scan-

762 4228 901 4282 dalis
925 4234 1263 4299 operantium
1297 4239 1636 4308 iniquitatem
1665 4245 1737 4310 '9;
1779 4264 1798 4297 ι
1825 4258 1877 4300 et
1908 4266 1921 4301 :
1960 4268 1977 4299 ι
2004 4250 2198 4305 Libera
2228 4271 2311 4310 me

761 4332 792 4369 e
830 4332 989 4369 manu
1025 4319 1389 4388 inimicorum,
1422 4330 1511 4395 qui
1553 4345 1955 4401 persequuntur
1985 4353 2072 4393 me
2100 4339 2165 4397 ’°.
2193 4360 2213 4395 ι
2246 4343 2308 4396 Et

763 4416 891 4459 tunc
937 4406 1147 4461 daemon
1194 4410 1396 4467 divinis
1444 4418 1655 4482 verbis,
1702 4431 1756 4471 et
1792 4426 2022 4480 maxime
2068 4430 2308 4496 proficuo

762 4499 924 4543 cantu
962 4496 1280 4560 perterritus
1315 4513 1378 4552 ac
1429 4504 1692 4560 reveritus
1732 4511 1970 4564 avolabit
2017 4529 2047 4565 a
2103 4524 2177 4569 te.
2229 4518 2309 4570 Tu

763 4595 892 4634 vero
916 4596 977 4632 ex
1011 4585 1242 4641 miseriae
1264 4590 1383 4644 lactt
1411 4608 1506 4659 per
1538 4596 1773 4652 divinam
1800 4602 2029 4670 gratiam
2056 4607 2311 4661 extrahe-

767 4670 861 4732 ris,
896 4681 947 4723 et
978 4672 1187 4729 videbis
1221 4688 1349 4732 tunc
1374 4698 1551 4737 aerem
1599 4690 1933 4746 castimoniae
1968 4695 2228 4763 deditum,
2262 4707 2315 4752 et

764 4766 961 4811 statum
986 4775 1179 4828 purum
1208 4767 1275 4817 ab
1304 4772 1449 4821 omni
1486 4778 1964 4839 perturbatione"et
1997 4786 2314 4843 confusione

765 4849 1080 4917 immunem,
1108 4861 1159 4907 et
1191 4859 1536 4913 serenitatem
1559 4865 1937 4931 clarissimam,
1962 4882 2013 4926 et
2030 4876 2315 4930 tenebrosa

763 4939 1101 5010 obscuraque
1148 4958 1305 5003 nocte
1338 4952 1685 5021 exorientem,
1729 4966 1784 5010 ut
1832 4959 2010 5018 dicere
2068 4968 2241 5033 possis
2295 4986 2309 5021 :

772 5040 789 5074 ι
832 5024 952 5079 Παδο
979 5029 1113 5097 dies,
1151 5050 1310 5102 quam
1350 5038 1477 5093 fecit
1525 5041 1807 5107 Dominus,
1856 5051 2206 5112 exsultemus,
2260 5064 2311 5107 et

767 5115 1006 5169 laetemur
1036 5118 1087 5171 in
1118 5136 1179 5174 ea
1207 5126 1271 5179 θ’.
1296 5146 1313 5176 ι
1338 5127 1593 5187 Reserate
1612 5134 1740 5187 milli
1762 5136 1960 5205 itaque,
1989 5142 2161 5207 angeli
2191 5142 2305 5206 Dei,

761 5206 985 5278 iustitia:
1015 5220 1198 5277 p0rtas
1233 5236 1245 5268 :
1280 5218 1333 5270 in
1369 5222 1488 5275 illas
1516 5226 1791 5293 ingressus
1822 5248 1838 5278 ι
1864 5206 2161 5285 confitebor
2193 5233 2306 5297 tibi,

767 5297 910 5364 quod
960 5302 1229 5357 exaudisti
1270 5321 1384 5371 me,
1438 5318 1490 5361 et
1541 5312 1714 5369 factus
1767 5331 1825 5371 es
1869 5318 2008 5391 mihi
2060 5319 2111 5372 in
2160 5320 2307 5372 salu-

839 5518 882 5549 "
913 5518 1054 5590 Ps_al.
1081 5536 1199 5590 CXL,
1242 5524 1293 5580 9.

769 5600 937 5651 exvit,
966 5588 1055 5641 ΞΗ.

1373 5524 1413 5554 ⁸⁷
1449 5522 1579 5580 Luc.
1623 5543 1716 5594 xu,
1749 5529 1836 5597 35,
1872 5532 1958 5586 36.
2034 5528 2081 5563 ⁸⁸
2109 5530 2297 5585 lllaltlt.
2324 5547 2441 5596 xm,
2488 5534 2565 5586 ιδ.

2422 3181 2623 3232 ἀτόπου
2656 3182 2748 3233 καὶ
2776 3181 3002 3249 αἰσχρᾶς
3039 3178 3284 3250 ὀρέξεως.

2487 3273 2657 3341 Φεῦγε
2700 3272 2875 3326 τοίνυν
2903 3271 2999 3332 τὰς
3031 3271 3467 3340 συναναστροφὰς
3511 3270 3615 3321 τῶν
3642 3269 3975 3337 ἀκαθάρτων

2417 3362 2572 3426 νέων,
2608 3363 2715 3414 τῶν
2748 3379 2807 3415 τε
2843 3363 3148 3431 εὐμόρφων,
3179 3362 3285 3413 τῶν
3312 3378 3369 3412 τε
3400 3361 3675 3429 ἀμόρφων.
3702 3358 3875 3412 Ὅταν
3912 3360 3972 3411 δὲ

2418 3452 2592 3521 καιρῷ
2641 3470 2745 3504 τινι
2776 3452 3122 3522 συναισθὴσῃ,
3161 3451 3254 3504 καὶ
3296 3450 3604 3520 καταλάϐῃς
3645 3450 3834 3502 σαυτὸν
3876 3452 3973 3502 ὲν-

2416 3543 2567 3609 οχλού
2576 3544 2731 3611 μενον
2758 3543 2860 3594 ὑπὸ
2885 3542 2975 3594 τοῦ
3008 3542 3208 3609 φαύλου
3236 3540 3455 3605 πάθους,
3484 3542 3575 3592 καὶ
3602 3540 3732 3609 πρὸς
3762 3538 3971 3607 γνόφου

2414 3632 2589 3700 ψυχῆς
2646 3636 2737 3684 καὶ
2770 3630 2962 3701 ἰλυώδη
2992 3632 3320 3685 κατάστασιν
3354 3630 3734 3698 ἐκφερόμενον,
3771 3628 3971 3696 νόμιζε

2413 3722 2504 3773 τὸν
2530 3721 2649 3773 νοῦν
2679 3739 2767 3772 σου
2800 3718 2938 3774 εἷναι
2967 3722 3054 3772 τὸν
3090 3721 3307 3789 βασιλέα
3342 3718 3510 3771 Σαοὺλ
3538 3718 3640 3771 ὑπὸ
3668 3716 3761 3769 τοῦ
3794 3733 3971 3787 πονη-

2418 3811 2509 3882 ροῦ
2569 3813 2872 3879 πνεύματος
2920 3811 3017 3879 τῆς
3075 3810 3440 3879 ὲρωτομανίας
3495 3809 3829 3877 πνιγόμενον,
3868 3810 3970 3861 καὶ

2412 3902 2507 3967 τὴν
2534 3900 2710 3969 βίϐλον
2741 3899 2832 3951 τοῦ
2863 3899 3022 3952 Δαυῒδ
3050 3899 3228 3967 φέρων
3258 3900 3335 3959 είς
3360 3898 3540 3968 μέσον,
3566 3898 3831 3995 κατέπᾳδε
3859 3897 3969 3995 τὴν

2414 3988 2635 4056 καρδίαν
2688 4005 2779 4039 σου
2836 3988 2909 4049 ὼς
2955 3983 3403 4055 δαιμονιζομένην
3449 3988 3559 4044 τοῖς
3610 3985 3813 4051 ῥήμασι
3860 3984 3966 4037 τοῦ

2413 4080 2566 4145 ἁγίου
2591 4076 2917 4143 Πνεύματος,
2945 4076 3037 4126 καὶ
3062 4074 3238 4134 καλῶς
3264 4091 3346 4124 σοι
3373 4073 3521 4123 ἔσται
3549 4073 3603 4121 ὲν
3637 4070 3712 4139 τῷ
3736 4069 3968 4137 ψάλλειν

2412 4166 2543 4233 πρὸς
2585 4163 2819 4230 Κύριονο
2859 4180 2875 4212 ι
2907 4159 3138 4221 Φύλαξόν
3178 4177 3241 4226 με
3295 4160 3400 4210 άπὸ
3462 4157 3683 4224 παγίδος
3716 4153 3781 4227 ἦς
3828 4175 3966 4211 συν-

2412 4252 2703 4322 εστήσαντὸ
2736 4268 2842 4319 μοι,
2874 4250 2967 4302 καὶ
2990 4249 3092 4301 ἀπὸ
3121 4249 3422 4301 σκανδάλων
3450 4248 3553 4300 τῶν
3579 4248 3966 4318 ἐργαζομένων

2411 4344 2510 4413 τὴῖο
2537 4343 2785 4412 ἀνομίαν
2826 4360 2843 4393 ι
2880 4341 3003 4405 καὶ,
3044 4358 3062 4391 ‹
3095 4338 3279 4391 Ῥὖσαί
3335 4356 3400 4407 με
3448 4340 3510 4390 ὲκ
3545 4339 3722 4407 χειρὸς
3751 4337 3967 4406 ἐχθρῶν

2412 4432 2517 4484 τῶν
2548 4430 2980 4484 ἰαταδιωκόντων
3015 4447 3100 4499 με.
3128 4428 3285 4481 »Καὶ
3318 4429 3377 4480 τὸ
3409 4428 3506 4496 μὲν
3539 4426 3806 4495 δαιμόνιον
3832 4428 3968 4489 τοὺς

2416 4521 2587 4581 θείους
2610 4521 2796 4584 λόγους
2808 4520 2900 4571 καὶ
2922 4520 3018 4586 τὴν
3042 4518 3390 4587 μεγαλωφελῆ
3417 4517 3675 4584 μελῳδίαν
3704 4517 3961 4585 φοϐηθὲν,

2410 4610 2500 4662 καὶ
2519 4608 2819 4674 αἰσχυνθὲν,
2845 4606 3209 4673 ἀποπτήσεται
3237 4603 3341 4653 ἀπὸ
3370 4603 3486 4653 σοῦ·
3521 4603 3677 4662 αὐτὸς
3701 4603 3755 4653 δὲ
3782 4607 3843 4653 ἐκ
3864 4604 3965 4655 τοῦ

3056 4692 3066 4701 .
3176 4689 3188 4701 .
3261 4688 3276 4701 .
3401 4687 3423 4701 ,ι
3443 4689 3454 4701 ,
3567 4687 3591 4701 ..
3627 4687 3638 4701 .
3715 4686 3740 4697 .-
3807 4685 3832 4701 ..
3879 4686 3892 4701 .

2408 4699 2606 4752 λάκκου
2637 4695 2733 4763 τῆς
2766 4692 3134 4760 ταλαιπωρίας
3165 4687 3535 4756 ἀνελκυσθήσῃ
3565 4687 3650 4737 διὰ
3681 4686 3775 4753 τῆς
3807 4685 3963 4748 θείας

2412 4788 2644 4857 χάριτος,
2670 4784 2761 4835 καὶ
2787 4782 2887 4851 ξψῃ
2916 4785 3035 4833 τότε
3060 4778 3194 4847 ἀέρα
3216 4777 3362 4841 ξένον
3396 4778 3633 4843 ἁγνείας,
3670 4776 3761 4827 καὶ
3789 4776 3962 4827 κατά-

2415 4892 2598 4929 στασιν
2642 4872 2819 4939 άπαθῆ
2855 4888 2912 4921 τε
2962 4871 3052 4922 καὶ
3083 4866 3343 4936 καθαρὰν,
3376 4867 3464 4916 καὶ
3512 4863 3830 4929 ἀσύγχυτον,
3862 4866 3961 4916 καὶ

2413 4965 2624 5035 αἰθρίαν
2660 4982 2680 5029 1,
2702 4959 3034 5030 έιὸροτάτην,
3079 4952 3581 5020 ἁναπεταννυμέυην
3620 4952 3679 5014 ἐξ
3718 4950 3959 5020 ὁμιχλώ-

2411 5058 2530 5118 δους
2580 5053 2720 5114 τινὸς
2767 5051 2857 5103 καὶ
2904 5050 3134 5115 ζοφερᾶς
3164 5046 3260 5112 τῆς
3289 5042 3497 5103 νυκτὸς,
3529 5042 3653 5093 ὥστ’
3683 5041 3746 5095 ἂν
3780 5045 3960 5095 εἰπεῖν

2411 5164 2467 5199 σε
2490 5163 2502 5176 ο
2541 5165 2557 5195 ι
2593 5144 2735 5211 Αὕτη
2765 5144 2797 5208 ὴ
2841 5140 3038 5209 ἡμέρα,
3078 5138 3141 5203 ἢν
3176 5135 3425 5202 ἐποίησεν
3473 5135 3500 5185 ὁ
3536 5133 3754 5204 Κύριος·
3787 5135 3956 5199 ἀγαλ-

2408 5233 2715 5303 λιασώμεθα
2752 5230 2846 5282 καὶ
2900 5225 3281 5295 εὐφρανθῶμεν
3335 5225 3388 5275 ἐν
3436 5224 3587 5292 αὐτῇ.
3618 5242 3636 5273 ι
3683 5223 3955 5286 Ἀνοίξατέ

2421 5338 2507 5389 μοι
2537 5320 2737 5379 λοιπὸν,
2765 5319 2809 5367 οἱ
2842 5315 3052 5383 ἄγγελοι
3077 5314 3168 5365 τοῦ
3190 5311 3341 5375 Θεοῦ,
3370 5311 3538 5375 πύλας
3569 5311 3912 5379 δικαιοσύνης
3938 5329 3953 5343 ο

2641 5534 2683 5564 ⁸-³
2717 5530 2861 5586 Psal.
2896 5543 3015 5593 cn,
3042 5526 3092 5583 θ.
3171 5528 3212 5557 θθ
3243 5526 3380 5580 l‘sal.
3413 5543 3536 5590 xxx,
3575 5528 3651 5580 l6.
3728 5528 3768 5556 ⁹¹
3800 5526 3950 5578 f‘sal.
