4076 6338
134 330 207 396 8“
599 336 608 344 '
796 348 804 356 ι
1152 302 1619 367 PERISTERIA.
1646 322 1713 334 --
1738 290 1992 352 SECTIO
2052 288 2143 345 IV.

1643 419 1684 472 Α
1712 425 1741 462 e
1782 406 1983 461 divitiis
2019 411 2332 470 prognatum
2367 398 2617 450 convivas
2647 409 2737 448 eos
2778 394 2967 462 pudeat
2992 392 3234 458 accipere

1698 510 1853 568 quos
1888 493 2145 546 Dominus
2181 487 2334 541 Jesus
2380 504 2477 540 suo
2523 486 2639 539 loco
2673 486 2723 537 in
2769 494 3001 537 extremo
3036 481 3239 550 judicio

1710 585 1976 641 exstitisse
1999 579 2319 648 prredicabit,
2351 578 2502 630 dicen
2522 592 2546 629 s
2572 596 2583 628 :
2620 594 2646 655 ι.
2671 575 2820 639 Quod
2850 574 2992 627 hisce
3024 572 3239 630 fecistis,

1713 675 1844 727 mihi
1892 671 2094 726 fecistis
2118 669 2181 721 ⁷⁸.
2216 688 2233 718 ι
2292 666 2487 734 Verum
2539 665 2838 719 famelicum
2893 661 3244 728 despiciemus

1719 763 1860 815 fame
1889 761 2268 821 tabescentem,
2298 766 2350 809 et
2382 755 2580 809 nudum
2617 753 2810 821 frigore
2840 754 3090 820 rigentem
3116 764 3246 815 prte-

1720 850 2019 910 teribimus,
2052 855 2105 899 et
2133 854 2402 899 mortuum
2430 854 2488 897 ut
2519 841 2732 909 aliquod
2765 839 3096 892 immumlunt
3134 838 3250 888 ani-
3283 887 3286 897 ,

1714 939 1834 1003 mal
1863 936 2157 1006 projectum
2194 934 2650 999 derelinquemus,
2683 940 2743 984 ut
2773 944 2870 982 nec
2895 927 3128 980 debitum
3156 941 3250 977 na-

1722 1035 1857 1078 tura:
1884 1022 2146 1086 ollicium,
2186 1035 2288 1073 non
2320 1019 2621 1086 sepeliendo
2649 1031 2864 1083 corpus,
2916 1020 3249 1080 prtcslcmus,

1724 1128 1897 1182 neque
1925 1122 2064 1165 terra
2094 1109 2412 1163 occultando
2442 1109 2506 1159 de
2534 1123 2696 1165 litore,
2731 1118 3065 1157 communem
3096 1098 3255 1151 l‘mdi-

1728 1212 1910 1266 tatem,
1940 1216 2100 1269 quam
2127 1213 2314 1267 parcre
2344 1202 2737 1249 consueverunt
2768 1192 3011 1260 putrida‘,
3035 1200 3081 1243 ct
3113 1188 3254 1244 tabo,

1731 1292 1989 1356 sanieque
2018 1286 2314 1347 dimuentes
2351 1283 2591 1349 corporis
2631 1294 2859 1344 carnes;
2906 1278 3259 1341 nosmetipsos

1732 1392 1857 1431 vero
1901 1375 2205 1428 immodicis
2264 1373 2475 1426 interim
2529 1370 2779 1423 fomentis
2834 1366 3155 1427 curabimus,
3210 1373 3261 1415 et

1734 1470 1869 1523 ultra
1908 1468 1986 1519 l‘as
2020 1464 2353 1518 studebimus
2392 1462 2607 1528 proprio
2636 1459 2826 1518 cultui,
2857 1466 3114 1509 terrenam
3151 1461 3261 1504 sta-

131 443 352 498 πιινῶντα
380 435 728 505 παροψόμεθα
757 430 1044 499 τηκόμενον
1075 425 1234 493 λιμῷ,
1269 423 1360 473 καί
1397 419 1484 469 τὸν
1515 433 1612 505 γυ-

134 531 232 600 μνὺν
257 504 685 594 παρελευσὸμεθα
716 515 1050 587 πηγνύμενον
1079 514 1155 581 τῷ
1180 509 1390 600 κρυμῷ,
1525 504 1612 555 τὸν

133 594 284 685 νεκρὸν
311 613 378 673 ὡς
411 612 471 663 ἓν
500 628 553 661 τι
581 608 682 660 τῶν
709 606 1023 674 ἀκαθάρτων
1052 602 1200 665 ζώων
1229 594 1614 661 καταλείψομεν

134 683 451 775 ἐρριμμένον,
463 700 559 767 τῆς
583 690 795 767 φύσεως
821 694 879 745 οὐ
905 689 1325 747 καθοσιώσαντες
1355 685 1414 736 τὸ
1442 683 1614 749 σῶμα,

234 791 298 860 μὴ
337 787 634 857 κρύψαντες
662 786 732 853 γῇ
767 783 1027 847 συνήθως,
1054 780 1147 846 τὴν
1177 776 1356 842 κοινὴν
1379 771 1616 839 ἀτιμίαν,

134 882 185 947 ἦν
203 880 352 930 ποιεῖν
373 879 580 942 πέφυκε
609 873 875 943 μυδῶντα,
914 870 1003 920 καὶ
1030 868 1227 935 ἰχῶρας
1253 861 1623 922 ἀποστάζον-ια

136 967 365 1035 σεσηπότα
392 966 649 1031 σιῦματαο
696 960 913 1019 ἑαυτοὺς
953 957 1008 1007 δὲ
1057 954 1324 1020 θάλψομεν
1356 948 1623 1035 ἀμέτρως,

137 1059 206 1111 καὶ
228 1057 315 1123 τὴν
343 1054 544 1107 οἰκείαν
573 1051 709 1120 πέρα
735 1048 828 1102 τοῦ
851 1038 1056 1105 δέοντος
1080 1041 1443 1105 σπουδάσομεν
1472 1034 1628 1104 θερα-

137 1145 279 1204 πείαν,
327 1142 414 1194 τὸν
458 1141 640 1209 γήϊνον
686 1136 1007 1205 κοσμοῦντες
1050 1129 1355 1199 ἀνδριάντα,
1405 1124 1497 1175 καὶ
1539 1123 1627 1173 τὸν

138 1212 345 1281 σύνθετον
374 1226 498 1295 χοῦν
528 1226 890 1294 περιέποντες,
926 1221 998 1281 ὡς
1028 1218 1257 1283 λάμπειν
1285 1214 1382 1282 μὲν
1410 1212 1501 1283 ἐπί
1528 1210 1625 1275 τῆς

138 1317 321 1384 ἀγορᾶς,
352 1313 627 1365 στίλϐοντα
653 1311 709 1363 δὲ
735 1310 810 1377 τῷ
839 1308 984 1361 ἄνθει
1009 1306 1113 1359 τῶν
1157 1302 1494 1370 ἐσθημάτων,
1524 1298 1624 1357 ἕως

137 1401 182 1452 δὲ
202 1402 302 1461 ταῖς
332 1400 436 1451 τῶν
460 1396 720 1466 ὀψοποιῶν
754 1393 1058 1446 πιαίνεσθαι
1087 1390 1425 1460 καρυκείαις,
1453 1386 1627 1437 πᾶσαν

139 1485 364 1537 πάντοθεν
387 1484 749 1554 καρπούμενοι
781 1482 990 1552 ἡδονήν.

3126 278 3229 337 διε

140 1580 261 1625 tuam
286 1543 623 1637 exornantes,
653 1582 707 1625 et
723 1543 1076 1638 compositum
1105 1566 1372 1635 pulverem
1399 1558 1894 1627 circnmpolientes,
1920 1565 1975 1607 ut
2010 1553 2256 1621 etl‘ulgeat
2303 1552 2352 1603 iu
2394 1548 2535 1601 afore
2600 1548 3034 1631 vestimentorum
3078 1543 3266 1595 llorido

140 1670 386 1728 apparatu,
419 1669 581 1729 utque
608 1658 968 1715 condimentis
1002 1658 1274 1723 saginetur
1315 1666 1630 1719 coquorum,
1669 1663 1879 1701 omnem
1909 1645 2261 1713 undequaque
2289 1644 2609 1710 voluptatem
2641 1649 2998 1705 excerpentes.

686 1768 932 1820 ΚΕΨΔΛ.
972 1766 1063 1818 Li'.

208 1876 498 1929 Ἐνεδύσατο
527 1875 827 1944 πορφύραν,
866 1874 960 1926 καὶ
1002 1871 1192 1939 βύσσον
1226 1868 1383 1940 ’ποτὲ⁸
1404 1866 1495 1916 καί
1519 1863 1546 1913 ὁ
1580 1863 1634 1913 ὲν

166 1960 488 2029 Εὑαγγιλίοις
520 1964 797 2030 ἀνώνυμος
826 1961 1094 2021 πλούσιος,
1152 1957 1242 2009 καὶ
1280 1950 1637 2022 Συύαριτικῆς

145 2052 410 2122 ινεπλήσθη
433 2050 706 2121 τραπέζης
729 2052 821 2104 ἐπὶ
850 2048 1006 2109 πολὺ,
1031 2047 1119 2099 τὸν
1142 2044 1386 2111 Λάζαρον
1416 2040 1519 2108 πρὸ
1542 2038 1635 2090 τοῦ

146 2142 351 2202 πυλῶνος
372 2142 715 2213 ἐρριμμένον,
736 2140 827 2192 καὶ
842 2139 1035 2206 ψιχίων
1055 2132 1411 2201 ἐπιθυμοῦντα
1432 2144 1636 2197 παρερ-

149 2231 341 2297 χόμενος
386 2230 719 2299 ἀσυμπαθῶς
792 2232 1027 2290 πάντως,
1076 2226 1167 2277 καὶ
1217 2223 1311 2293 τὴν
1364 2222 1518 2291 βολὴν
1546 2220 1637 2272 τοῦ

146 2320 351 2387 ὕμματος
397 2319 486 2371 ὑπ’
517 2321 721 2371 ἐκεῖνον
745 2317 797 2369 εξ
834 2333 961 2369 ποτε
1008 2317 1289 2368 κλίνουσαν
1341 2314 1522 2380 ἄγχων
1556 2310 1639 2377 ἐφ’

147 2408 303 2475 ἕτερον
325 2407 482 2476 μέρος
504 2408 725 2475 προνοίᾳ
752 2406 939 2474 πολλῇ,
969 2405 1053 2456 ίνα
1078 2404 1151 2473 μὴ
1172 2403 1279 2454 τῶν
1317 2400 1640 2471 τραυμάτων

148 2496 296 2546 αὐτῶν
327 2497 359 2563 ὴ
384 2495 683 2563 ὑπόμνησις
726 2494 1048 2562 ἑστιώμενον
1084 2492 1296 2560 ἀηδίσῃ,
1327 2489 1641 2548 ναυτιῶντα,

149 2583 365 2651 καὶπρὸς
399 2584 589 2651 ἔμετον
622 2580 929 2649 κινούμενον
957 2584 1022 2651 τῇ
1046 2580 1309 2649 φαντασίᾳ
1326 2579 1421 2645 τῆς
1450 2577 1635 2643 ὂψεως·

148 2670 249 2723 οὔτε
278 2672 463 2740 ἤλαυνε
487 2671 587 2739 τῆς
613 2671 777 2741 θύρας
799 2671 1073 2740 οἰκονομίᾳ
1098 2669 1250 2731 Θεοῦ,
1275 2667 1511 2735 διηνεκὲς
1542 2665 1645 2733 πρὸ

149 2760 236 2811 τῶν
248 2762 451 2813 είσόδων
470 2760 693 2813 ἐλεεινὸν
710 2760 915 2812 κεῖσθαι
933 2759 1434 2828 παρασκευάσαντος
1453 2755 1643 2822 θέαμα,

151 2844 192 2894 εἴ
216 2848 379 2917 πωςή
415 2847 708 2916 μαλαχθείη
755 2845 833 2912 τῷ
883 2845 1057 2913 χρόνῳ
1096 2845 1229 2912 πρὸς
1266 2837 1463 2903 οἶκτον,
1493 2842 1523 2908 ἢ
1551 2846 1647 2909 τῆς

151 2938 535 3006 ἀπανθρωπείας
553 2940 627 3008 μὴ
651 2941 857 3008 σχῇ,ὠς
876 2941 1246 3010 οὐχὲωρακὼς
1260 2940 1334 2998 εἰς
1361 2935 1647 3000 ἀπολογίαν

2296 1748 2518 1803 CAPUT
2553 1747 2689 1801 XIV.

1803 1863 2123 1916 luduebatur
2160 1876 2417 1930 purpura,
2450 1870 2503 1915 et
2535 1862 2692 1928 bysso
2720 1868 2773 1912 et
2804 1859 2930 1912 olim
2970 1858 3054 1909 illc
3098 1855 3267 1917 dives,

1734 1966 1887 2020 quem
1946 1953 2160 2005 nomine
2216 1964 2501 2019 suppresso
2559 1950 2902 2016 Evangelium
2949 1948 3272 2000 commemo-

1736 2043 1898 2103 rat",
1927 2050 1980 2095 et
2008 2040 2297 2110 Sybaritica
2334 2053 2513 2093 mensa
2543 2039 2632 2090 diu
2663 2039 2991 2104 multumque
3022 2034 3272 2102 impleba-

1739 2143 1843 2193 tur,
1868 2128 2124 2182 Lazarum
2147 2129 2409 2197 abjectum
2440 2140 2563 2180 ante
2600 2126 2816 2188 atrium,
2849 2132 2902 2177 et
2933 2123 3095 2176 micas
3114 2135 3271 2191 appe-

1736 2229 1929 2272 tentem
1951 2220 2254 2287 praeteriens
2276 2219 2391 2273 sine
2420 2217 2524 2270 ulla
2548 2229 2767 2283 prorsus
2785 2210 3269 2269 commiseratione,

1733 2310 2044 2377 jactumque
2072 2308 2231 2371 oculi,
2265 2307 2307 2360 si
2340 2306 2553 2375 quando
2584 2306 2635 2358 in
2657 2304 2807 2357 illum
2840 2301 3161 2363 deﬂexisset,
3216 2300 3267 2352 in

1738 2396 1957 2450 alteram
1989 2404 2193 2465 partem
2224 2395 2374 2449 valde
2390 2404 2544 2448 caute
2566 2394 2911 2461 restringens,
2946 2402 3003 2444 ut
3031 2407 3095 2443 ne
3129 2391 3271 2443 ulce-

1739 2498 1860 2558 rum
1901 2484 2139 2551 ipsorum
2185 2482 2483 2537 recordatio
2536 2482 2853 2541 comessanti
2919 2479 3127 2531 taedium
3182 2492 3274 2544 pa-

1745 2578 1905 2632 reret,
1938 2584 2300 2638 nauseamque
2348 2578 2679 2636 provocaret,
2713 2582 2872 2634 seque
2898 2568 2962 2619 ad
3020 2566 3271 2620 vomitum
3350 2642 3351 2645 η

1744 2668 2119 2721 commoveret,
2164 2658 2288 2712 dum
2343 2659 2492 2711 illum
2556 2658 2887 2725 conspiceret
2940 2666 3273 2725 prmsentem.

1748 2746 1851 2800 Sed
1882 2762 2053 2816 neque
2083 2748 2258 2817 abegit
2308 2762 2430 2802 eum
2474 2764 2502 2801 ε
2552 2748 2774 2808 foribus,
2831 2748 2901 2800 ita
2964 2746 3277 2813 disponente

1746 2838 1875 2900 Deo,
1904 2847 1961 2890 ut
1983 2838 2237 2890 continuo
2262 2834 2547 2892 miserabili
2579 2837 2643 2891 ad
2670 2838 2863 2905 jauuas
2886 2838 3094 2906 jacente
3124 2836 3279 2908 114

1747 2936 1797 2979 et
1832 2927 1932 2979 hoc
1959 2930 2323 2994 spectaculum
2370 2929 2670 2989 exhibente,
2736 2938 2830 2980 aut
2886 2929 3276 2996 quodammodo

152 3021 339 3089 εὔλογον
367 3024 655 3091 πρόφασιν.
680 3024 814 3077 Οὔτε
844 3027 1090 3095 κείμενον
1111 3028 1277 3095 ἠλέει,
1310 3027 1369 3077 τὸ
1412 3025 1644 3092 ἀνάλγη·
1674 3036 1716 3093 c
1748 3023 1762 3067 Ι

1674 3036 1716 3093 c
1748 3015 2001 3083 temporis
2029 3016 2201 3083 spatio
2245 3018 2309 3069 ad
2344 3016 2756 3070 misericordiam
2786 3018 3131 3081 emollirctur,
3190 3030 3281 3071 aut

153 3126 244 3175 τον,
278 3112 364 3163 καὶ
387 3112 591 3181 ἀπηνὲς
618 3112 715 3181 τῆς
742 3112 965 3182 γνώμης
1020 3114 1475 3182 ἐπιδεικνύμενος,
1508 3113 1650 3172 ὅπως

151 3195 370 3266 ἐλεγχθῇ,
405 3198 577 3250 κυνῶν
604 3199 679 3252 ὣν
718 3199 1212 3273 ἀσυμπαθέστερος,
1241 3203 1300 3253 τὸ
1333 3204 1534 3270 ἥμερον
1557 3204 1652 3269 τῆς

154 3284 334 3349 φύσεως
374 3287 742 3355 ἀρνησάμενος
782 3288 891 3340 ἔθει
940 3289 1111 3355 κακῷ.
1164 3289 1255 3340 καὶ
1300 3290 1486 3340 τοῦτον
1517 3304 1656 3355 παρ-

152 3370 288 3437 ορῶν,
303 3372 357 3424 ὃν
374 3374 695 3443 ἐθεράπευσε
716 3376 783 3428 τὰ
798 3372 1167 3445 φιλανθρώπου
1187 3376 1441 3444 λογισμοῦ
1458 3378 1656 3444 ἄμοιρα

155 3457 268 3522 ζῶα,
311 3462 539 3529 συγγενῆ
581 3463 719 3531 τάχα
769 3463 1018 3531 κρίνοντα
1067 3463 1174 3517 τῶν
1219 3466 1425 3535 ψυχίων
1469 3465 1653 3516 ἐπιθυ-

158 3540 332 3614 μοῦντα
360 3589 375 3615 ,
404 3543 477 3603 ὧν
502 3551 594 3603 καὶ
621 3552 758 3604 αὐτὰ
786 3553 913 3605 ποτὲ
962 3555 1058 3623 μὶν
1081 3554 1339 3619 dimicat,
1373 3555 1499 3607 ποτὲ
1517 3555 1572 3607 δὲ
1599 3555 1655 3607 ὲν

156 3636 307 3709 ἐνδείᾳ
341 3640 676 3694 καθίσταται.
725 3642 860 3695 Ἀλλ’
897 3646 987 3697 ὅτε
1034 3646 1329 3716 παρῆλθον,
1371 3646 1399 3697 ὁ
1446 3644 1544 3714 μὲν
1596 3648 1653 3696 ὲν

156 3724 365 3793 φαιδρῶν
386 3729 676 3799 φαντασίᾳ,
704 3733 733 3781 ὁ
760 3732 815 3783 δὲ
845 3734 901 3783 ὲν
931 3733 1283 3801 σκυθρωπῶν,
1331 3734 1420 3784 τὸν
1452 3733 1654 3799 ὄνειρον

154 3815 283 3866 τοῦδε
314 3817 402 3867 τοῦ
433 3816 547 3884 βίου
591 3817 683 3868 καὶ
716 3817 815 3883 τῆς
855 3817 1041 3871 ἐνθάδε
1081 3818 1281 3885 σκηνῆς
1308 3818 1565 3871 ἀπέθεντο
1588 3820 1654 3871 τά

155 3904 454 3968 προσωπεῖα,
478 3902 720 3954 ἐναντίαν
753 3903 844 3954 καὶ
873 3903 1020 3973 παρά
1052 3902 1181 3955 πολὺ
1210 3902 1459 3973 διάφορον
1490 3904 1655 3972 ὴλλά-

156 3983 290 4049 ξαντο
333 3990 427 4061 τὴν
449 3991 559 4065 τῶν
591 3990 854 4060 ἀληθινῶν
914 3993 1248 4062 πραγμάτων
1290 3994 1617 4046 κατάστασιν
1638 4011 1652 4025 ο

146 4078 229 4130 Δ*τὸν
261 4080 349 4147 μὲν
375 4080 481 4150 γὰρ
505 4079 564 4143 ἐξ
595 4081 952 4151 ὀλιγοχρονίου
969 4083 1178 4151 τρυφῆς
1205 4082 1471 4144 διεδέξατο
1494 4084 1655 4150 κάμι-

157 4170 401 4237 νοςπυρὸς
430 4168 671 4221 ὀδυνῶσα
692 4170 767 4229 ὡς
797 4168 1026 4235 πέφυκε,
1067 4171 1157 4221 τὸν
1198 4170 1254 4221 δὲ
1294 4173 1425 4237 μετ’
1473 4171 1655 4238 ὀλίγην

154 4257 303 4318 ἀνίαν,
360 4250 517 4320 εὗρεν
568 4256 866 4323 εὐφροσύνη
917 4258 1162 4317 αἰώνιος·
1223 4260 1314 4309 καὶ
1372 4259 1525 4310 πάλιν
1589 4256 1654 4328 ἦν

1752 3120 1856 3157 non
1905 3106 2122 3159 haberet
2172 3105 2238 3158 ad
2290 3105 2649 3160 defensionem
2700 3107 3102 3161 inhumanitatis
3150 3124 3279 3161 con-

1733 3196 1940 3263 'gruum
1975 3202 2310 3261 praetextum,
2367 3196 2585 3262 perinde
2617 3210 2677 3250 ac
2700 3198 2745 3250 si
2776 3212 2879 3250 non
2910 3198 3145 3251 vidisset.
3175 3196 3277 3251 Nc-

1751 3297 1854 3349 que
1885 3282 2110 3350 jacentis
2135 3283 2386 3339 misertus
2430 3296 2531 3347 est,
2563 3287 2754 3339 durum
2804 3296 2857 3339 et
2903 3302 3148 3355 aSperum
3198 3290 3277 3343 in-

1751 3372 1937 3425 dicans
1977 3371 2237 3439 animum,
2278 3383 2335 3427 ut
2360 3384 2669 3443 argueretur
2726 3377 2855 3443 ipsis
2922 3380 3142 3434 canibus
3180 3380 3282 3433 ima

1757 3461 1937 3514 mitior
1962 3475 2100 3523 esse,
2132 3463 2594 3517 mansuetudinem
2626 3476 2831 3519 naturae
2884 3468 3135 3522 abdicans
3162 3485 3281 3536 pcr-

1756 3550 1926 3604 versis
2014 3550 2278 3612 moribus,
2361 3562 2414 3605 ct
2498 3552 2643 3606 illum
2729 3556 3047 3622 despiciens,
3124 3572 3281 3624 quem

1755 3643 2050 3694 animantes
2085 3641 2351 3696 benevola:
2409 3643 2712 3696 hominibus
2778 3642 2999 3696 rationis
3040 3656 3283 3713 expertes

1754 3728 2033 3788 curabant,
2088 3725 2225 3779 forte
2295 3731 2572 3783 credentes
2630 3732 2777 3783 illum
2834 3733 2949 3787 fore
3000 3747 3281 3800 cognatum

1753 3827 1930 3878 suum,
1957 3823 2291 3880 appetentem
2322 3831 2513 3885 nempe
2574 3819 2760 3881 micas,
2797 3822 2991 3887 quibus
3046 3832 3098 3874 et
3154 3824 3282 3889 ipsa:

1754 3899 2071 3980 quandoque
2118 3900 2292 3970 dignm
2316 3902 2593 3969 habentur,
2629 3907 2891 3980 interdum
2937 3910 3090 3961 etiam
3148 3910 3284 3963 indi-

1713 3975 1930 4059 -gentia
1993 3969 2269 4046 laborant:
2340 3995 2432 4048 sed
2500 3969 2715 4075 quando
2783 3998 2869 4048 ille
2938 3998 3150 4064 quidem
3230 4003 3282 4053 in

1754 4083 2108 4134 ostentatione
2141 4082 2534 4150 splendrdarum
2569 4081 2744 4162 rerfum
2770 4123 2786 4147 ,
2830 4086 2929 4140 iste
2955 4098 3079 4141 vero
3105 4089 3157 4148 in
3184 4089 3285 4140 mi-

1754 4184 2019 4230 serarum,
2084 4170 2350 4223 somnium
2412 4172 2569 4239 hujus
2630 4168 2769 4235 fvitze
2842 4179 3168 4243 transierunt
3231 4190 3284 4231 et

1753 4259 2025 4323 praesentis
2075 4274 2247 4313 scena:
2283 4262 2644 4329 deposuerunt
2695 4266 2908 4331 larvas,
2963 4268 3283 4321 contrariam

153 4342 327 4406 αὐτοῖς,
379 4344 492 4395 ἀλλ’
518 4344 614 4412 οὐχ
646 4343 720 4405 ὡς
757 4347 905 4412 πρὶν,
952 4346 983 4413 ή
1018 4346 1316 4414 ἀνωμαλία,
1354 4347 1565 4399 ἐναντία
1597 4349 1655 4401 δὲ
1685 4340 1763 4396 D1

1685 4340 1800 4397 Det
1836 4345 1990 4414 longe
2041 4347 2301 4403 diversam
2351 4362 2745 4407 commutat-unt
2808 4371 2983 4407 rerum
3037 4370 3283 4408 verarum

153 4430 234 4497 τῆς
260 4432 414 4483 πάλαι
449 4429 672 4499 ἐχούσης
722 4432 915 4494 αύτούς
939 4449 954 4462 ·
984 4435 1078 4485 καὶ
1109 4435 1215 4504 γὰρ
1244 4435 1338 4487 τοῦ
1379 4436 1648 4507 Λαζάρου,

155 4519 328 4586 μᾶλλον
375 4524 428 4575 δὲ
456 4521 548 4573 τοῦ
579 4522 830 4590 φέροντος
859 4524 1019 4575 αὑτὸν
1057 4526 1113 4576 ὲν
1146 4526 1361 4587 κόλποις
1404 4528 1652 4596 Ἀϐραὰμ

153 4608 305 4660 ἐδέετο
350 4609 633 4677 κεκραγὼς
669 4609 916 4677 ἐκθύμως
968 4611 997 4660 ὁ
1049 4611 1497 4680 πλούσιος’τάχα
1546 4615 1651 4680 γὰρ

154 4697 330 4747 ἐκεῖνον
362 4699 445 4749 διὰ
474 4699 572 4767 τὴν
612 4698 980 4766 προλαϐοῦσαν
1038 4700 1330 4765 ὑπεροψίαν
1358 4700 1613 4766 ᾐσχύνετο
1635 4717 1646 4728 ·

155 4779 275 4840 ὅθεν,
310 4782 466 4843 ἐάσας
494 4784 675 4843 αὑτὸν,
708 4785 801 4835 τοῦ
832 4785 1162 4853 πατριάρχου
1210 4784 1384 4834 ἐδέετο
1439 4785 1607 4850 λέγων
1634 4802 1644 4812 ·

160 4886 175 4916 t
207 4868 366 4938 [M239
402 4870 667 4938 Ἀϐραὰμ,
690 4874 906 4942 ἐλέησον
938 4874 1149 4942 με,,καὶ
1170 4874 1377 4940 πέμψον
1408 4875 1651 4943 Λάζαρον

155 4956 226 5007 ἵνα
415 4958 472 5009 τὸ
504 4957 667 5025 ἄκρον
714 4961 804 5010 τοῦ
844 4961 1103 5015 δακτύλου
1164 4961 1325 5014 αὑτοῦ
1366 4962 1509 5013 ὕδατι
1563 4966 1652 5015 καὶ

156 5044 405 5117 καταψύξῃ
459 5046 555 5115 τὴν
602 5047 846 5111 γλῶσσάν
893 5067 1012 5116 μου,
1074 5052 1154 5103 ὅτι
1196 5052 1461 5120 ὀδυνῶμαι
1498 5054 1554 5102 ὲν
1586 5056 1649 5121 τῇ

156 5131 289 5198 φλογὶ
312 5133 493 5204 ταύτῃ.
532 5153 555 5184 »η
584 5135 710 5195 Καὶ,
735 5134 779 5186 ὣ
800 5134 891 5185 τοῦ
918 5136 1147 5198 πάθους-ε
1171 5139 1283 5200 πῶς
1308 5138 1550 5190 ταπεινὸν
1564 5140 1653 5193 τὸν

157 5220 372 5290 σοὸαρὸν,
393 5225 483 5274 καὶ
514 5223 698 5290 ἀναιδῆ
720 5225 805 5276 τὸν
828 5225 1189 5299 ὠφρυωμένον
1216 5228 1463 5295 ἐποίησεν
1500 5228 1531 5295 ἡ
1554 5229 1648 5294 τῆς

155 5311 393 5373 κολάσεως
417 5313 658 5381 ἀνάγκη;
691 5313 812 5374 Πῶς
840 5314 936 5364 οὐκ
964 5314 1157 5383 ᾐδέσθη
1216 5317 1485 5377 κολάσεως
1529 5318 1648 5369 ἐπί-

156 5414 324 5469 κουρον
342 5401 697 5468 ἀποσταλῆναι
746 5400 929 5464 ἀξιῶν,
978 5403 1033 5452 ὃν
1089 5403 1228 5471 λιμῷ
1257 5407 1645 5471 μαραινόμενον

204 5508 245 5539 ⁷⁸
273 5508 446 5564 Matth.
481 5526 603 5575 xxv,
634 5511 721 5564 40.
794 5512 839 5541 τ⁹
866 5511 995 5565 Luc.
1026 5528 1130 5574 ιιι-ι,
1162 5512 1225 5565 l9
1264 5527 1415 5581 seqq.

399 5625 658 5687 Pnaoc.
702 5625 815 5684 Gn.
845 5623 1098 5683 LXXIX.

1756 4436 2150 4503 conditionem;
2216 4440 2361 4493 illum
2417 4443 2609 4494 etenim
2655 4460 2684 4494 e
2730 4444 2935 4497 deliciis
2986 4444 3284 4500 brevissimi
3353 4443 3357 4457 ’

1726 4600 1737 4615 ι
1757 4528 2009 4591 temporis
2057 4528 2289 4593 suscepit
2319 4531 2561 4583 caminus
2592 4532 2732 4599 ignis
2764 4534 2828 4587 ad
2852 4534 3063 4591 dolores
3094 4552 3285 4591 accen-

1756 4625 1845 4664 Sus
1871 4628 1895 4673 ;η
1936 4612 2079 4663 hunc
2120 4627 2243 4666 vero
2290 4625 2409 4682 post
2444 4620 2688 4687 exiguam
2751 4624 3045 4679 molestiam
3100 4642 3285 4681 conse-

1755 4707 1876 4750 cuta
1905 4707 1984 4751 est
2010 4710 2202 4755 acterna
2241 4704 2419 4759 laetitia
2447 4725 2461 4771 ;
2492 4720 2709 4777 eratque
2736 4728 2947 4766 rursum
2980 4716 3113 4781 inter
3144 4718 3281 4783 illos,

1757 4787 1849 4839 sed
1888 4804 1988 4844 nou
2022 4791 2319 4859 cujusmodi
2368 4806 2541 4859 antea,
2608 4799 2956 4867 inmqualitas,
3014 4812 3279 4861 contraria

1749 4889 1876 4929 vero
1903 4877 1997 4939 illi,
2042 4894 2160 4945 qua:
2196 4881 2322 4933 olim
2351 4883 2481 4949 ipsis
2522 4885 2727 4947 inerat;
2756 4889 2974 4955 jamque
2999 4891 3275 4956 Lazarum.

1750 4966 1828 5017 τοι
1859 4968 2033 5033 potius
2086 4971 2467 5030 Abrahamum,
2506 4973 2594 5037 qui
2638 4988 2756 5024 cum
2812 4976 2862 5028 in
2928 4979 3151 5033 sinubus
3198 4985 3276 5033 fe—

1752 5054 1915 5118 rebat,
1955 5070 2019 5107 ex
2048 5058 2243 5117 animo,
2276 5065 2329 5107 et
2381 5072 2500 5109 cum
2533 5059 2734 5114 intento
2770 5068 3004 5119 clamore
3061 5069 3277 5134 rogabat

1749 5143 1917 5205 dives,
1956 5143 2196 5196 fortassis
2235 5145 2374 5196 enim
2424 5146 2568 5198 illum
2604 5161 2818 5219 propter
2859 5155 3133 5219 pristinam
3183 5158 3276 5211 de-

1756 5232 2085 5301 spicientiam
2132 5232 2330 5300 alloqui
2360 5239 2809 5291 rerecundabatur
2856 5259 2869 5292 :
2913 5242 3050 5310 ideo,
3092 5248 3274 5299 relicto

1745 5321 1959 5395 eodem,
1992 5320 2346 5385 patriarcham
2388 5326 2573 5377 orabat
2618 5328 2763 5379 hisce
2811 5331 2985 5386 verbis
3020 5352 3034 5387 :
3067 5320 3088 5381 ’.
3121 5336 3275 5389 Pater

1755 5408 2039 5473 Abraham,
2076 5409 2325 5464 miserere
2344 5414 2465 5477 mei,
2490 5424 2540 5466 ct
2562 5413 2705 5467 mittc
2725 5415 3003 5485 Lazarum,
3036 5430 3091 5473 ut
3112 5423 3272 5475 intin-

2852 5638 2920 5695 27
