4076 6338
133 358 213 453 με
1208 365 1655 431 PEilISTERiA
1690 387 1743 398 —

1642 390 1655 423 ι
1690 387 1758 398 --
1786 362 2042 423 SECTIO
2078 361 2172 422 Ν.
3154 355 3252 419 846

145 497 310 558 νίζουσα
335 470 578 556 καοάἐερ
612 484 710 553 τὴν
742 484 1058 549 ἐπιφάνειαν
1101 481 1193 530 τοῦ
1234 478 1478 548 σώματος
1501 477 1621 526 ἑπι-
1648 473 1695 529 Δ
1722 469 1750 522 d

1648 473 1695 529 Δ
1722 469 1858 522 diam
1889 478 2155 536 impetres,
2188 466 2389 535 putas?
2437 462 2562 516 Erat
2609 471 2659 515 et
2690 461 2776 517 ille
2838 463 2889 514 in
2957 460 3251 524 doloribus,

141 551 281 651 sitiret
303 579 358 630 τὸ
387 577 517 646 πῦρ.
550 551 610 628 i9!
638 551 757 626 τοτε
779 573 1072 641 τηκόμενον
1094 570 1327 639 ὴλέησας
1354 568 1430 636 τῷ
1457 567 1618 636 λιμῷ,
1723 576 1751 611 ιι

1723 573 1891 626 neque
1921 567 1973 610 tu
2000 557 2117 626 ejus
2170 555 2544 617 miscrebaris;
2594 563 2646 605 tu
2694 568 2836 605 nunc
2885 551 3141 603 cruciaris
3201 552 3253 603 in

140 642 206 723 νῦν
221 642 278 720 ἀν
291 642 518 734 ἠλεήθης
546 662 869 730 φλεγόμενος
899 661 956 710 ἐν
990 658 1136 728 πυρί·
1167 660 1215 709 εἰ
1243 659 1363 708 τότε
1391 657 1622 708 συνέπα-
1720 664 1748 702 c

1734 650 1934 702 :amino
1973 646 2248 716 ignis,‘ille
2276 645 2609 714 allligehatur
2664 643 2717 694 in
2762 642 2974 695 camino
3023 655 3254 709 pauper-

140 777 230 827 σχες
246 733 666 824 πολιορκουμένῳ
680 753 836 820 πείνῃ
859 751 954 803 καὶ
967 750 1256 820 τραύμασι,
1283 742 1380 801 νῦν
1410 748 1476 801 ἂν
1503 763 1621 814 φει·
1720 751 1750 792 ιε

1720 741 1866 804 tatis,
1895 755 1991 792 nec
2020 739 2162 790 enim
2203 736 2379 790 minus
2406 746 2692 803 paupertas
2718 733 2855 786 rodit
2895 733 3056 800 quam
3095 734 3252 802 ignis,

139 823 226 908 εις
248 823 419 912 ἔτυχες
471 842 529 893 ιν
568 841 728 908 φλογὶ
766 839 1138 908 κολαζόμενος,
1189 838 1386 906 μᾶλλον
1421 837 1476 890 δι
1503 836 1622 888 οὐδὲ
1722 833 1749 884 d

1722 833 1852 886 dum
1901 831 1989 884 illa
2020 837 2253 898 egestate
2280 835 2511 895 torquet.
2549 823 3002 894 quemadmodum
3065 837 3255 892 corpoo

137 937 201 987 τὸν
221 934 360 985 τόπον
381 932 446 983 ἂν
472 927 604 992 εἶδες
625 931 722 997 τῆς
755 928 1077 996 συνεχούσης
1117 945 1176 978 σε
1207 924 1623 995 βσ.σάνου,-ἁλλά
1721 940 1747 976 1·

1721 924 1798 977 ris
1825 920 2156 991 superﬁciem
2191 918 2342 986 117
2377 913 2547 970 torret
2579 915 2782 968 urendo
2820 914 2999 984 ignis;
3033 914 3076 968 si
3131 917 3260 965 tunc

140 1025 242 1094 μετά
270 1021 513 1089 Λαζάρου
557 1019 742 1088 διῆγες
791 1017 938 1080 ὲντδς
983 1016 1083 1094 ’τοῦΔ
1109 1017 1376 1086 ἡμετέρου
1420 1014 1620 1067 κόλπου
1723 1012 1750 1064 f:

1723 1012 1863 1064 fame
1896 1011 2252 1063 tabescentem
2293 1008 2489 1059 fuisses
2519 1007 2824 1065 miseratus,
2877 1019 3017 1057 nune
3054 1004 3108 1056 in
3137 1003 3259 1070 igne

137 1090 516 1181 θεραπευόμενος
563 1109 639 1169 ὡς
665 1109 857 1170 αὐτός’
907 1090 1140 1160 τοιοῦτον
1172 1108 1278 1172 γὰρ
1323 1109 1354 1175 ή
1404 1108 1482 1168 εἰς
1529 1105 1618 1157 τὸν
1722 1101 1747 1154 ﬂ

1722 1101 1954 1169 ﬂagrans
1983 1097 2220 1167 ejusdem
2258 1095 2650 1150 miserationem
2681 1095 3017 1163 experireris.
3053 1091 3108 1146 Si
3134 1102 3259 1146 tunc

136 1202 338 1269 δεόμενον
352 1196 586 1254 εὐποιία.
610 1194 747 1247 ὥστε
776 1195 836 1246 οὐ
862 1193 1021 1261 μόνον
1050 1193 1230 1260 ἐξάγει
1248 1194 1352 1245 τῶν
1378 1194 1623 1261 σκυθρω-
1722 1206 1746 1244 e

1722 1190 1898 1246 esurie
1925 1189 2338 1254 vulneribusque
2360 1194 2662 1253 oppugnato
2694 1197 3008 1252 compassus
3045 1181 3282 1246 fuisses,
3321 1230 3323 1234 Α

136 1288 236 1350 πῶν,
259 1285 381 1338 ἀλλά
404 1287 499 1336 καὶ
532 1284 590 1334 ὲν
631 1286 744 1344 τοῖς
771 1282 1011 1352 φαιδροῖς
1038 1280 1251 1349 ἵστησιν
1273 1281 1626 1349 εύφραινόμε-
1725 1296 1746 1334 m

1725 1294 1869 1334 nunc
1925 1279 1982 1353 in
2027 1277 2265 1340 flamma,
2298 1276 2423 1328 dum
2458 1275 2688 1342 puniris,
2720 1274 2927 1327 veniam
2956 1273 3249 1345 obtineres.

135 1389 224 1426 νον⁹
262 1373 347 1424 νῦν
377 1373 431 1426 δὲ
476 1373 695 1424 σιωπῶν
734 1371 866 1440 φέρε
913 1371 1011 1438 τὴν
1048 1370 1262 1422 κόλασιν
1287 1387 1300 1398 ·
1333 1369 1479 1421 οὐδὲν
1517 1368 1624 1438 γὰρ
1723 1371 1738 1423 i

1723 1371 1833 1423 imo
1860 1383 1960 1422 nee
1987 1367 2215 1420 vidisses
2243 1379 2478 1432 unquam
2512 1365 2765 1418 tormenti
2800 1364 2982 1430 hujus,
3014 1375 3122 1430 quo
3141 1376 3263 1416 enn-

133 1463 246 1514 ἁνύει
271 1461 553 1514 καταδίκου
586 1457 925 1526 παράκλησις
961 1454 1099 1524 μετὰ
1139 1455 1284 1507 θείαν
1331 1454 1621 1521 ἀπόφασιν.
1723 1465 1743 1510 t

1723 1457 1933 1520 tineris,
1975 1456 2174 1519 locum,
2209 1468 2393 1507 verum
2438 1468 2560 1506 cum
2594 1451 2798 1506 Lazaro
2824 1452 3042 1521 degeres
3069 1452 3121 1504 in
3146 1466 3262 1505 meo

142 1554 309 1614 Ἐλέους
345 1553 437 1604 καὶ
487 1548 813 1616 συγγνώμης
841 1549 1045 1608 ἐκεῖνος
1071 1542 1140 1616 ἦν
1167 1548 1194 1598 ὁ
1218 1544 1425 1615 καιρὸς,
1471 1537 1624 1603 οὗτος
1724 1564 1749 1602 s

1724 1548 1844 1602 sinu
1876 1546 2107 1602 refectus
2140 1553 2197 1598 ut
2226 1544 2356 1612 ipse.
2380 1543 2610 1595 Tantum
2638 1543 2836 1596 eteiiim
2863 1550 3080 1611 prastat
3105 1542 3269 1616 bencg

133 1640 379 1692 ἀδεκάστου
410 1637 504 1689 καὶ
535 1635 747 1698 δικαίας
797 1635 1062 1702 κρίσεως·
1110 1636 1311 1696 ἐκεῖνος
1349 1633 1626 1702 συγχωρήο
1727 1639 1740 1688 l

1727 1637 1935 1691 licentia
1970 1648 2092 1705 erga
2152 1642 2416 1701 egentem,
2448 1643 2505 1688 ut
2559 1645 2666 1685 non
2727 1633 2901 1698 solum
2953 1634 3143 1687 educat
3198 1647 3264 1684 ex

133 1746 250 1789 σεως,
282 1722 423 1787 οὗτος
443 1726 672 1794 ἀμοιϐῆς
695 1725 802 1775 τῶν
827 1724 1004 1786 καλῶς
1029 1724 1060 1793 ἥ
1091 1723 1272 1783 κακῶς
1306 1720 1625 1789 πεπραγμέ-
1658 1777 1696 1796 n
1727 1742 1743 1779 ι

1658 1777 1696 1796 η
1727 1725 2072 1786 maeroribus,
2117 1739 2302 1778 verum
2337 1731 2390 1776 et
2427 1721 2480 1775 in
2532 1721 2666 1776 lictis
2714 1720 3008 1796 constituat
3053 1721 3266 1788 gavisu-

131 1832 227 1869 νων·
253 1817 444 1876 ἐκεῖνος
503 1804 734 1876 στάδιον,
766 1812 859 1874 καὶ
891 1812 1119 1879 ἀγῶνες,
1168 1812 1261 1864 καὶ
1310 1812 1626 1880 σκάμματα,
1660 1804 1697 1830 υ
1727 1833 1741 1870 ι

1660 1804 1697 1830 υ
1727 1831 1870 1882 rum,
1900 1829 2040 1868 nunc
2073 1822 2249 1867 autem
2303 1820 2486 1865 tacens
2515 1811 2693 1879 perfer
2726 1808 3100 1879 supplicium:
3133 1809 3265 1861 nihil

131 1901 248 1967 οὗτος
272 1904 372 1956 τῶν
409 1901 796 1970 πεπονημένων
848 1899 1129 1960 ἀντὶδοσιςε
1175 1899 1233 1952 ὐ
1261 1899 1482 1966 νικήσας
1513 1899 1632 1950 ἐκεῖ
1724 1922 1741 1961 ε

1724 1903 1865 1961 enim
1897 1913 2015 1974 post
2044 1901 2363 1959 sententiam
2407 1901 2645 1956 divinam
2693 1901 2954 1970 prolatam
3016 1900 3268 1968 depreca-

131 1996 225 2056 τοὺς
259 1994 541 2059 στεφάνους
566 1990 793 2042 ἐνταῦθα
823 1990 1102 2059 κομίζεται
1121 2005 1134 2018 ·
1165 1990 1507 2057 ὀήττημὲνος
1527 1988 1629 2040 οὐκ
1726 2006 1741 2051 ι

1726 1997 1800 2051 ιίο
1853 1995 2023 2050 sontis
2043 1995 2226 2061 juvat;
2253 1993 2384 2046 illud
2423 1990 2826 2054 misericordiae,
2858 2000 2911 2045 et
2936 1991 3104 2045 venia:
3133 1998 3269 2046 tem-

131 2082 404 2135 ἁναπαλαίει
429 2083 487 2132 ἐν
515 2080 592 2149 τῷ
619 2081 842 2150 παρόντι
871 2077 936 2129 τὰ
965 2078 1228 2146 πτώματα
1248 2094 1260 2108 ·
1289 2077 1502 2130 λέλυται
1523 2078 1628 2146 γὰρ
1723 2102 1741 2154 ι

1723 2101 1825 2154 pus
1853 2093 1988 2146 erat,
2024 2075 2165 2137 istud
2190 2081 2342 2151 rigidi
2398 2081 2636 2148 justique
2663 2080 2890 2148 judicii;
2926 2081 3053 2135 illud
3091 2081 3268 2135 indul-

131 2171 310 2237 ἐάγὼν,
340 2171 430 2221 καὶ
454 2169 560 2220 τῶν
597 2169 998 2237 ἐσφαλμένωνή
1029 2167 1307 2236 διόρθωσις
1331 2167 1623 2222 πέπαυται.
1706 2191 1741 2243 ,ε

1706 2174 1936 2243 .gentiae,
1971 2171 2113 2226 istud
2142 2170 2507 2224 retributionis
2545 2184 2729 2222 earum
2761 2185 2965 2235 rerum,
3027 2185 3146 2239 quae
3191 2185 3271 2223 rc-

140 2262 254 2312 Ἐκεῖ
275 2260 529 2329 μετάνοια
558 2259 849 2329 διωρθοῦτο
878 2259 943 2310 τὲ
977 2257 1499 2327 πεπλημμελημένα,
1531 2259 1624 2308 καὶ
1726 2279 1750 2318 c

1726 2274 1832 2326 cte,
1861 2265 1936 2316 vel
1979 2275 2256 2331 perperam
2303 2269 2463 2329 gestae
2493 2269 2647 2324 sunt;
2713 2259 2840 2313 illud
2897 2259 3155 2322 stadium,
3217 2269 3269 2313 et

131 2350 197 2400 τὸν
229 2350 404 2419 κριτὴν
449 2350 660 2402 ἔπειθεν
690 2347 966 2400 ἐπινεῦσαι
1015 2347 1217 2416 δέησις,
1254 2350 1346 2400 καὶ
1394 2348 1624 2417 δάκρυον
1727 2371 1741 2409 ‹

1727 2353 2041 2414 certamina,
2073 2360 2126 2404 et
2154 2349 2329 2414 fossa,
2360 2365 2454 2404 seu
2497 2351 2717 2419 gradus,
2775 2347 2915 2403 istud
2971 2365 3273 2403 renumera-

130 2440 233 2507 πρὸς
254 2439 555 2505 εὐμένειανο
587 2436 680 2489 νῦν
715 2437 860 2499 ἕλεος
889 2436 1069 2506 χώραν
1091 2437 1190 2489 οὐκ
1218 2435 1349 2505 ἔχει,
1384 2436 1496 2490 ἀλλ’
1527 2439 1625 2489 αύ-
1729 2453 1740 2493 l

1729 2441 1802 2493 tio
1828 2440 2069 2492 laborum
2110 2455 2123 2489 :
2164 2435 2256 2506 qui
2292 2437 2420 2490 vicit
2450 2437 2629 2500 isthic,
2680 2451 2909 2490 coronas
2968 2434 3053 2489 hic
3089 2436 3270 2501 refert,

129 2527 393 2596 στηρὰδίκη
425 2528 518 2580 καὶ
564 2526 910 2593 ἀσυμπαθὴς,
965 2527 1088 2587 τοὺς
1143 2529 1364 2594 ἀπηνεῖς
1389 2528 1628 2596 ἀνηλεῶς
1730 2548 1739 2583 ι

1730 2530 1820 2599 qui
1903 2528 2206 2594 succubuit,
2266 2517 2447 2598 lapsus
2524 2543 2651 2582 suos
2721 2527 2910 2580 iterata
2965 2527 3105 2581 lucta
3162 2542 3267 2580 non

128 2615 228 2666 ὠθεῖ
254 2616 377 2684 πρὸς
394 2617 490 2683 τὴν
523 2614 741 2664 κόλασιν
766 2630 778 2641 ·
809 2614 842 2680 ή
882 2613 989 2682 γὰρ
1011 2616 1190 2682 κρίσις
1219 2615 1360 2667 κατά
1401 2617 1462 2668 τὸ
1487 2617 1627 2670 θεῖον
1731 2640 1738 2671 ι

1731 2619 1980 2675 emendat
2008 2618 2059 2670 in
2091 2619 2359 2686 praesenti.
2417 2618 2662 2671 Solatum
2711 2623 2792 2669 est
2854 2619 3048 2668 etenim
3100 2624 3272 2669 certa-

129 2701 268 2770 λόγιον
297 2705 515 2766 ἁνίλεως
541 2703 617 2773 τῷ
654 2703 725 2773 μὴ
749 2704 1030 2771 ποιήσαντι
1063 2703 1226 2764 ἔλεος.
1732 2725 1739 2760 l

1732 2723 1877 2766 meo.
1935 2715 1988 2757 et
2019 2705 2247 2758 cessavit
2293 2713 2593 2757 erratorum
2647 2704 2932 2768 correctio,
2994 2703 3104 2758 illic
3157 2718 3273 2772 pce-

129 2798 311 2849 aitcntia
341 2798 645 2866 corrigebat
669 2807 904 2865 peccata,
942 2807 996 2851 et
1053 2798 1294 2852 indicem
1355 2801 1694 2860 i'nl‘lectebant
1732 2819 1934 2874 preces,
1977 2810 2030 2856 et
2079 2803 2324 2870 lacrynue
2369 2799 2434 2852 ad
2496 2799 2916 2868 benignitatem;
2974 2814 3116 2854 tiunc
3170 2799 3273 2852 mi-

128 2893 375 2947 sericordia
410 2894 616 2946 nullum
655 2894 812 2946 habet
845 2894 1042 2955 locum,
1077 2894 1167 2947 sed
1226 2880 1424 2949 severa-
1475 2913 1526 2951 e.
1584 2899 1700 2955 sine
1738 2897 2110 2966 compassione
2152 2893 2360 2964 justitia
2400 2893 2634 2948 immites
2670 2893 2900 2948 retrudit
2957 2893 3022 2947 ad
3059 2907 3269 2961 pinnam

127 2985 292 3050 absque
354 2984 756 3036 misericordia:
816 2985 1076 3052 judicium
1142 2990 1305 3052 enim,
1356 2990 1649 3045 secundum
1691 2990 1969 3044 oraculum
1998 2987 2260 3052 divinum,
2322 2987 2436 3040 sine
2470 2983 2834 3038 misericordia
2886 2984 2958 3037 illi
3026 2984 3120 3051 qui
3163 2993 3270 3036 n0n

127 3076 226 3128 lit-it
252 3074 664 3128 misericordiam
692 3075 756 3128 ⁸⁸.
795 3094 812 3126 ι

655 3191 900 3243 ΚΕΦΑΛ.
934 3192 1056 3256 ις’..
1308 3167 1312 3170 ’
1656 3186 1696 3237 c

1308 3167 1312 3170 ’
1656 3186 1696 3237 c
2296 3187 2520 3243 CAPUT
2555 3188 2692 3244 χιιι.

178 3308 320 3359 Οὐδὲν
352 3306 552 3359 τούτων
599 3305 733 3373 πρὸς
759 3303 848 3355 τὸν
908 3304 1093 3371 ἱκέτην
1129 3300 1281 3360 εἶπεν
1331 3308 1359 3358 ὁ
1397 3304 1618 3366 δίκαιος,

1797 3303 1942 3354 Nihil
1995 3301 2100 3354 tale
2153 3300 2331 3368 justus
2403 3299 2492 3352 ille
2561 3290 2879 3368 supplicanti
2951 3298 3266 3367 respondit,

126 3399 347 3466 περιττὴν
377 3396 550 3459 εἰδὼς,
592 3396 714 3447 ὅταν
753 3394 818 3446 τὰ
866 3394 1163 3462 πράγματα
1200 3396 1380 3468 πείθῃ,
1410 3398 1507 3466 τὴν
1539 3396 1624 3446 διά
1730 3411 1736 3461 ι

1730 3393 1893 3461 probe
1921 3389 2116 3452 sciens,
2148 3388 2475 3456 superﬂuum
2525 3402 2664 3452 esse,
2707 3388 2793 3442 ubi
2822 3403 2907 3442 res
2935 3389 3062 3456 ipsae
3108 3387 3265 3442 fidem

126 3487 346 3552 ῥημάτων
378 3486 700 3553 ὑπόμνησιν.
739 3484 833 3534 Ἕν
863 3483 919 3535 δὲ
948 3483 1079 3553 πρὸς
1130 3486 1285 3537 αὑτὸν
1310 3484 1620 3551 ἐφθέγξατο,
1729 3487 1736 3535 l

1729 3483 1950 3544 faciunt,
1985 3481 2164 3533 verbis
2190 3495 2279 3533 eas
2310 3494 2752 3532 commemorare.
2782 3477 2959 3533 Unum
2985 3489 3161 3533 autem
3191 3480 3266 3532 iiii

123 3577 198 3625 καὶ
223 3575 383 3627 πάντα
409 3574 630 3641 ἐνέφηνε
662 3590 674 3603 ·
724 3591 740 3622 ι
774 3573 1072 3642 Μνήσθητι,
1113 3575 1298 3637 εἰπὼν,
1328 3575 1407 3625 ὅτι
1427 3573 1622 3625 ἀπέλα·
1729 3596 1733 3617 ‹

1729 3572 2024 3639 eloquitur,
2056 3578 2108 3624 et
2129 3577 2316 3623 cuncta
2345 3569 2503 3638 118
2523 3569 2794 3622 declarat:
2831 3589 2849 3620 ι
2878 3569 3140 3624 Memento
3164 3571 3267 3641 (it:-

123 3662 194 3722 65;
239 3664 300 3715 τὰ
348 3662 523 3727 ἀγαθὰ
576 3678 668 3712 σου
721 3662 776 3712 ἐν
824 3664 887 3730 τῇ
917 3660 1026 3731 ζωῇ
1061 3680 1172 3722 σου,
1225 3663 1317 3714 καὶ
1374 3661 1621 3730 Λάζαρος
1728 3684 1733 3712 ι

1728 3661 1939 3730 quiens)
1988 3661 2132 3730 quod
2183 3662 2322 3715 bona
2375 3669 2465 3714 tua
2518 3663 2568 3715 in
2601 3671 2690 3715 tua
2747 3665 2852 3717 vita
2891 3665 3161 3734 recepisti,
3214 3673 3265 3719 ct

122 3751 288 3818 ὁμοίως
325 3751 389 3804 τὰ
427 3750 590 3802 κακά.
630 3768 649 3801 ›
700 3750 898 3818 Ἐφάνη
927 3765 1028 3809 σοι,
1054 3751 1236 3816 φησιν,
1370 3749 1622 3819 πορφύρα
1729 3771 1732 3803 :

1729 3752 1972 3805 similiter
2004 3750 2239 3804 Lazarus
2271 3739 2406 3804 mala
2432 3750 2499 3805 ⁸¹.
2537 3770 2555 3800 ι
2620 3750 2963 3815 Videbantur,
2998 3755 3092 3816 ait,
3131 3771 3261 3823 pur-

122 3840 193 3889 καὶ
215 3842 243 3908 η
266 3838 453 3907 βύσσος
475 3838 614 3890 καλά
648 3839 781 3906 πρὸς
822 3837 1166 3904 εὐπρέπειαν,
1190 3837 1411 3906 -ἐκρινες
1443 3839 1623 3905 ἀγαθά
1729 3860 1732 3911 γ

1729 3858 1859 3911 pura
1892 3842 1984 3894 tibi
2011 3851 2062 3893 et
2092 3840 2285 3908 byssus
2316 3840 2568 3905 praeclara
2614 3842 2677 3892 aii
2705 3842 2970 3904 decorem,
2989 3844 3266 3909 judicabas

120 3926 195 3993 τὴν
237 3926 596 3996 καθημερινὴν
631 3926 888 3994 λαμπρὰν
933 3926 1184 3994 εὐωχίαν,
1241 3928 1505 3998 ὲτέρφοης
1557 3931 1620 3999 τῇ
1728 3934 1730 3984 ί

1728 3933 1867 3985 bona
1906 3929 2281 3997 quotidianum
2315 3929 2620 3980 convivium
2646 3931 3004 3996 Splendidum,
3035 3934 3266 3987 delecta-

119 4016 376 4067 ἀπολαύσει
400 4017 507 4068 τῶν
559 4015 724 4083 ἡδέων
765 4013 857 4065 τοῦ
900 4015 1033 4082 βίου,
1079 4016 1358 4086 στοξχησον
1387 4021 1450 4087 τῇ
1485 4018 1624 4086 πλη-

1730 4023 1872 4076 baris
1893 4020 2162 4086 voluptate
2187 4032 2382 4080 rerum,
2401 4034 2519 4086 quae
2556 4019 2610 4070 in
2640 4022 2744 4072 vita
2770 4020 2951 4076 dulces
2978 4033 3121 4086 sunt,
3144 4025 3267 4078 deli-

121 4106 259 4172 σμονῇ
311 4105 414 4156 τῶν
443 4103 828 4172 καταθυμίων·
870 4106 922 4156 τί
958 4105 1052 4158 νῦν
1089 4104 1339 4173 εὖκαιρον
1387 4107 1624 4175 νομίζεις
1728 4137 1731 4158 ι

1728 4112 1822 4164 ciis
1845 4109 1908 4161 ad
1934 4108 2135 4160 libitum
2160 4108 2386 4160 refertus
2411 4107 2727 4173 incedebas;
2761 4110 2885 4176 quid
2910 4126 3050 4165 nunc
3077 4121 3271 4180 tempo-

117 4191 384 4258 ὀρέγεσθαι,
418 4187 492 4246 ὧν
527 4194 631 4245 οὐδ’
655 4195 785 4262 δναρ
815 4195 1160 4263 ἐπεθύμησας
1191 4197 1308 4247 τότε
1330 4213 1342 4260 ;
1362 4196 1621 4247 Ἀπέλασε

1727 4199 1920 4252 stivum
1953 4197 2231 4249 existimas
2270 4198 2550 4263 appetere.
2593 4212 2714 4263 qna:
2752 4213 3023 4265 nunquam
3059 4203 3136 4253 vel
3179 4219 3269 4269 pm-

120 4279 190 4328 καὶ
217 4280 447 4351 Λάζαρος
477 4280 543 4331 τὰ
565 4282 726 4343 κακὰ,
760 4281 855 4348 οὺχ
885 4283 1024 4348 ἅπερ
1051 4280 1188 4331 αύτά
1215 4282 1455 4348 ἡγήσατο
1480 4283 1622 4331 ὲκεῖο
1727 4310 1730 4338 ι

1727 4288 2326 4356 som'niunreogitasti?
2357 4289 2574 4357 Recepit
2601 4298 2655 4342 et
2689 4292 2825 4344 iiia'la
2864 4289 3122 4355 Lazarus,
3164 4311 3266 4346 non

117 4382 187 4427 νος
211 4371 359 4421 κακά’
383 4370 604 4437 ἔστεργε
640 4369 744 4436 γάρ
792 4370 928 4420 αύτά
959 4363 1172 4420 σιωπῶν
1201 4371 1274 4432 ὡς
1302 4370 1460 4431 καλὰ,
1486 4370 1619 4422 ἀλλὰ

1727 4377 1942 4445 quidem
1965 4393 2080 4446 qua:
2099 4379 2346 4430 censebat
2361 4377 2449 4432 ille
2466 4380 2604 4441 mala
2628 4394 2642 4431 :
2663 4382 2876 4434 amabat
2900 4385 3039 4436 enim
3058 4400 3119 4438 ea
3148 4400 3266 4438 cum

121 4457 169 4507 σὺ
192 4456 413 4523 ὲλογίζου
470 4459 542 4517 ὡς
601 4459 770 4514 κακά·
815 4457 1026 4525 ἀνάγκη
1071 4457 1177 4527 γὰρ
1213 4461 1303 4511 τὸν
1368 4461 1618 4528 κρίνοντα
1656 4484 1731 4564 υς

121 4546 211 4564 ζέαν
314 4550 324 4564 9
411 4548 464 4564 AI
533 4549 543 4564 Ι
625 4549 642 4562 υ
666 4547 704 4564 γι.
800 4563 812 4564 κ
867 4545 888 4555 ⁸
997 4563 1002 4564 ,
1038 4563 1041 4564 ν
1092 4546 1123 4564 γι
1223 4551 1246 4564 ο
1328 4549 1338 4564 1
1395 4549 1404 4564 r
1559 4548 1581 4560 ’⁸
1728 4557 1731 4564 ι

1656 4511 1695 4564 υ
1727 4467 2208 4533 silentiotanquam
2239 4467 2398 4531 bona,
2431 4470 2521 4522 sed
2553 4479 2605 4522 tu
2634 4485 2694 4523 ea
2723 4471 3068 4528 existimabas
3109 4476 3264 4527 mala.

118 4546 270 4599 ἐκεῖνα
303 4548 499 4615 ἀγαθὰ,
524 4547 765 4616 ἡγεῖσθαι
793 4545 960 4596 ταῦτα
994 4546 1157 4609 κακὰ,
1187 4551 1252 4616 τῇ
1287 4549 1494 4614 αἱρέσει
1516 4548 1622 4599 τῶν
1657 4545 1695 4564 ⁸⁷
1727 4603 1728 4607 η

1657 4545 1695 4564 ’⁷
1727 4556 1952 4619 Necesse
1979 4557 2174 4624 quippe
2205 4556 2374 4622 illum,
2420 4558 2512 4628 qui
2545 4559 2748 4628 iudicat
2798 4561 2886 4625 illa
2937 4563 3092 4622 bona,
3151 4566 3265 4629 opi—

115 4638 393 4705 τερψάντων
447 4639 544 4707 τὴν
606 4637 794 4707 μερίδα
861 4636 966 4688 τῶν
1034 4638 1290 4690 ἐναντίων
1347 4639 1622 4690 δεικνύντα

1729 4648 1843 4702 nari
1869 4645 2006 4699 mala
2048 4647 2169 4706 ista,
2202 4647 2328 4698 dum
2362 4648 2608 4717 eligendo
2636 4659 2840 4717 partem
2873 4649 3262 4704 delectabilinm

114 4726 363 4794 ἄχρηστον,
391 4732 482 4782 καὶ
515 4728 784 4795 ἀδόκιμον.
813 4727 870 4778 Εἰ
904 4726 1201 4790 ὲκοινώνεις
1231 4728 1347 4780 τότε
1383 4745 1624 4780 κακοπα-

1728 4750 1866 4792 eam.
1927 4748 2045 4802 quae
2084 4737 2479 4788 contrariorum
2511 4745 2612 4800 est,
2667 4738 2916 4791 inutilem
2937 4746 2989 4788 ct
3019 4737 3265 4804 rejieien-

115 4811 266 4866 Οοῦντι
287 4820 359 4888 τῷ
390 4817 741 4886 παροφθέντι,
767 4815 859 4866 νῦν
881 4810 1021 4882 εἶχες
1057 4817 1243 4886 καιρὸν
1271 4816 1416 4884 αὐτῷ
1449 4832 1623 4868 κοινο-

1729 4824 1851 4876 dum
1883 4824 2322 4889 demonstrat;si
2369 4829 2822 4882 communicasses
2867 4828 3064 4879 homini
3129 4831 3263 4881 mala

115 4904 358 4970 πραγῆσαι
411 4910 508 4974 τῆς
547 4909 812 4967 ἀνέσεως·
857 4908 903 4956 εἰ
933 4899 1058 4955 ὶτότε
1103 4905 1476 4972 παρεμυθήσω
1524 4907 1621 4972 τὴν

1727 4915 1946 4981 patienti
1979 4924 2106 4968 tunc
2149 4916 2242 4969 abs
2273 4925 2322 4969 te
2354 4917 2622 4984 despecto,
2669 4933 2810 4970 nuiic
2871 4925 3081 4981 tempus
3123 4931 3265 4971 esset

114 4989 307 5056 ἔνδειαν,
329 4997 426 5047 οὐκ
461 4998 524 5046 ἀν
548 5014 625 5048 σοι
649 4998 849 5048 τούτων
883 4997 1063 5063 ἐδέησε
1089 4995 1178 5045 νῦν
1208 4995 1313 5045 τῶν
1343 4997 1619 5063 ῥημάτων

1729 5014 1782 5055 ιιι
1828 5007 1879 5055 in
1905 5012 2106 5071 partem
2139 5004 2402 5057 felicitatis
2438 5020 2557 5057 cum
2618 5006 2733 5072 ipso
2786 5006 3160 5070 admittercris,
3219 5011 3261 5060 si
3299 5041 3303 5049 -

115 5082 347 5148 ἠμείψατο
370 5085 475 5152 γὰρ
513 5085 576 5135 ἄν
607 5103 663 5136 σε
692 5088 787 5154 τῆς
827 5086 1165 5153 συμπαθείας
1198 5088 1286 5136 καὶ
1337 5085 1620 5137 σιωπῶντα

1728 5099 1854 5142 tunc
1928 5092 2167 5143 solamen
2246 5092 2361 5157 ejus
2409 5093 2627 5158 egestati
2685 5095 3042 5160 praislitisses,
3097 5097 3261 5160 hami-

114 5170 306 5231 ἐκεῖνος.
362 5173 470 5224 Καὶ
517 5173 595 5222 ὅτι
639 5173 793 5223 τοῦτό
824 5175 968 5225 ἐστιν
1016 5173 1231 5242 ἀληθὲς,
1264 5174 1367 5224 ἰδοὺ
1412 5175 1619 5242 πατέρα

1726 5193 1995 5244 quaquam
2056 5178 2232 5230 verbis
2261 5179 2379 5231 istis‘
2416 5194 2552 5247 opus
2606 5183 2701 5236 tibi
2741 5184 2874 5237 foret
2909 5203 2922 5248 ;
2957 5201 3073 5237 nam
3099 5185 3256 5235 etiam

115 5258 272 5321 καλεῖς
322 5280 386 5330 με
445 5262 779 5329 προσηγορίᾳ
835 5264 965 5331 μόνῃ
1027 5266 1226 5332 τιμῶν,
1285 5265 1376 5315 καὶ
1435 5265 1621 5316 τέκνον

1725 5269 1919 5320 tacenti
1970 5269 2066 5321 tibi
2096 5269 2262 5320 vicem
2303 5271 2387 5324 ille
2439 5278 2830 5342 compassionis
2857 5277 3144 5328 retulisset.
3199 5277 3261 5329 Et

117 5349 304 5412 ἀκούεις
328 5352 502 5413 εὐθὺς,
535 5352 838 5420 πρόσφορον
881 5356 944 5418 τῇ
983 5354 1313 5422 προσηγορίᾳ
1337 5354 1433 5421 τὴν
1465 5357 1621 5424 ἁμοι-
1725 5373 1727 5382 '

1725 5367 1781 5420 ut
1817 5371 1998 5408 verum
2037 5357 2138 5410 hoc
2190 5374 2307 5412 esse
2333 5361 2512 5417 scias:
2552 5365 2686 5418 Ecce
2740 5374 2935 5431 patrem
2990 5381 3146 5417 vocas
3175 5383 3258 5418 me

116 5437 196 5505 εὴν
222 5440 451 5505 ἀφθόνως
499 5442 891 5510 καρπούμενος.
936 5443 996 5491 Ei
1035 5439 1177 5510 ἦσθα
1203 5445 1357 5495 κάκεῖ
1389 5447 1622 5514 τιμήσας
1723 5468 1726 5496 λ

1723 5445 2074 5514 appellatione
2123 5457 2234 5502 sola
2287 5452 2774 5518 honorans,etli|i,
2839 5454 2994 5507 audis
3049 5458 3251 5521 statim,

117 5528 339 5598 ἔργῳτὺν
369 5532 629 5602 Λάζαρον,
666 5534 721 5583 ἐν
759 5532 901 5600 ἔργῳ
956 5533 1168 5594 πάντως
1216 5533 1279 5585 ἂν
1335 5533 1495 5596 ἐδέξω
1523 5537 1619 5604 τὴν
1723 5559 1727 5578 ‹

1723 5535 2038 5603 condignam
2089 5535 2499 5608 compellatione
2540 5545 2634 5594 ista
2666 5544 2938 5610 copiosam
3008 5561 3255 5603 remune—

179 5659 423 5729 ‘°Jac.t:,
449 5666 531 5719 13.
607 5668 648 5698 εί
691 5665 816 5719 Luc.
847 5680 953 5728 xw,
983 5665 1084 5722 23.
