4076 6338
716 288 816 350 εινι
850 268 853 270 ’

2088 353 2092 356 .
2171 297 2231 355 S.
2253 294 2410 355 NILI

3775 298 3880 361 848

719 398 974 450 rationem
1010 396 1167 449 veluti
1225 396 1454 450 fructum
1513 407 1808 467 reportans.
1871 399 1929 451 Si
1981 398 2238 451 Lazarum

2352 399 2618 462 ἀντίδοσιν,
2649 399 2899 468 εὐκαίρου
2917 400 3130 470 χάριτος
3159 401 3548 470 ἀπολαμῦἀνων
3573 400 3879 472 ἐπιτήδειον

719 501 876 551 opere
897 485 1003 537 illic
1062 485 1401 548 houorasses.
1444 489 1624 555 utique
1646 503 1804 556 Opere
1830 487 2120 554 opportuni
2149 487 2241 539 be-

719 574 888 626 neﬁcii
938 576 1213 640 praunium
1251 591 1549 644 congruum
1603 577 1880 641 recipiens,
1947 573 2240 627 mercedem

721 661 1009 715 retulisses.
1045 661 1231 716 \‘erum
1267 673 1318 716 te
1369 665 1532 716 multa
1595 661 1837 716 fortassis
1882 661 2083 714 inﬂavit
2130 659 2245 715 fcli-

717 753 853 807 citas
889 761 939 806 et
970 768 1117 806 vana:
1167 753 1348 821 gloria:
1403 762 1580 806 tumor
1623 752 1860 804 animum
1910 739 2242 819 perstrinxit,

719 852 776 894 ut
825 857 1094 910 nunquam
1145 856 1174 894 e
1221 850 1366 893 tanto
1419 838 1716 905 Splendore,
1763 854 1870 906 quo
1923 839 2248 907 conspicuus

719 945 858 990 eras,
895 944 1062 996 pa‘na‘
1090 938 1140 981 te
1165 926 1454 980 obnoxium
1507 923 1816 978 credideris.
1869 923 1986 978 Non
2051 932 2248 976 norunt

722 1021 997 1086 praesentia
1027 1031 1165 1074 eam.
1191 1030 1310 1082 quae
1340 1013 1499 1068 isthic
1529 1020 1663 1076 erat,
1694 1013 2026 1082 dignitatem,
2068 1027 2246 1080 neque

720 1108 991 1177 splendide
1020 1105 1318 1172 suspiciunt
1342 1119 1458 1168 eos,
1497 1105 1590 1172 qui
1623 1103 1774 1157 illinc
1818 1099 2099 1163 accedunt,
2130 1114 2247 1153 om-

721 1214 813 1251 nes
841 1197 950 1266 pari
1009 1196 1209 1247 honore
1261 1193 1324 1246 ad
1373 1193 1632 1262 judicium
1687 1191 2026 1260 exeipieutia,
2057 1199 2112 1243 et
2165 1190 2248 1243 di-

720 1288 946 1351 gnitates
984 1285 1158 1354 119,
1187 1298 1290 1336 nou
1319 1299 1384 1335 ex
1413 1283 1692 1351 opinione,
1725 1283 1818 1336 sed
1863 1296 1892 1334 e
1917 1279 2058 1334 veris
2083 1279 2251 1332 virtu-

721 1379 788 1431 tis
831 1379 1095 1431 l'ructibus
1153 1376 1514 1444 agnoscentia.
1571 1374 1926 1439 Quamobrem
1982 1369 2253 1440 judicatus

722 1469 866 1520 fuisti
913 1467 1179 1520 crudelior
1229 1465 1448 1529 bestiis;
1496 1479 1656 1518 canes
1714 1477 1943 1530 namque
1975 1470 2251 1513 mansueta

718 1568 771 1610 et
828 1558 1061 1610 cicurata
1103 1562 1230 1608 sunt
1284 1555 1534 1608 animalia

718 1661 852 1714 opus
905 1645 995 1697 tibi
1045 1658 1279 1712 unquam
1313 1643 1662 1698 existimasti.
1715 1642 1850 1696 Cum
1901 1644 2042 1696 enim
2071 1655 2251 1701 canes,

1595 1572 1607 1606 :
1660 1563 1714 1606 tu
1771 1569 1897 1605 vero
1955 1551 2099 1605 nullo
2143 1549 2255 1604 fore

2339 482 2584 554 διρλημα·
2617 486 2749 537 ἀλλά
2792 505 2847 540 σε
2880 491 3016 558 τάχα
3065 492 3092 558 ἡ
3129 489 3291 557 πολλὴ
3323 488 3589 557 εὐπραγία
3611 489 3878 560 ὲφύσησε,

2340 576 2430 625 καὶ
2452 573 2481 624 ό
2510 573 2609 641 τῆς
2640 573 2798 641 κενῆς
2822 575 2977 644 δόξης
3002 578 3164 644 όγκος
3177 577 3580 645 ὲφάντασεν,ὼς
3608 579 3673 629 έκ
3695 579 3878 632 τοιαύ-

2339 679 2436 731 της
2458 663 2806 732 περιφανείας
2825 662 3018 716 οὐποτε
3044 666 3298 734 ἐσόμενον
3324 670 3389 738 τῇ
3415 667 3536 736 δίκῃ
3558 665 3877 720 ὑπεύθυνον.

2341 751 2451 803 Οὐκ
2479 748 2586 804 οἶδε
2626 751 2682 803 δὲ
2727 752 2822 821 τὴν
2855 755 2971 805 ἐκεῖ
3003 755 3071 806 τὰ
3093 757 3331 824 παρόντα
3363 756 3540 820 ἀξίαν,
3580 755 3702 810 οὐδὲ
3751 757 3878 819 τούς

2343 841 2546 892 ἐκεῖθεν
2579 843 3046 911 παραγενομένους
3075 843 3404 896 δυσειπεῖται
3435 844 3719 914 λαμπρῶς,
3745 843 3880 896 πάνο

2341 943 2437 988 τας
2470 929 2742 996 ὀμοτίμως
2772 930 2911 998 πρὸς
2958 931 3055 1000 τὴν
3103 931 3256 1001 δίκην
3292 933 3578 1003 δεχόμενα,
3629 934 3726 985 καὶ
3779 932 3880 994 τὰς

2343 1014 2516 1078 ἀξίας,
2575 1019 2671 1069 οὐκ
2728 1020 2834 1071 ἀπὸ
2889 1011 2996 1070 τῶν
3038 1020 3422 1089 νομιζομένων,
3477 1022 3591 1074 ἀλλ’
3632 1021 3742 1073 ἀπὸ
3770 1019 3880 1073 τῶν

2345 1105 2551 1173 ἀληθῶς
2581 1107 2751 1176 ὲκτῆς
2771 1109 2967 1177 ἀρετῆς
2986 1111 3418 1179 προσγινομένων
3433 1108 3880 1179 ἐπιγινώσκοντα.

2345 1196 2441 1247 Διά
2467 1195 2669 1249 τούτων
2692 1200 2782 1250 καὶ
2797 1199 2994 1271 θηρίων
3012 1198 3228 1267 έκρίθης
3255 1199 3548 1270 ὠμότερος.
3579 1202 3754 1262 Κύνες
3773 1202 3879 1267 γὰρ

2347 1287 2619 1356 χειροήθη,
2650 1290 2744 1340 καὶ
2764 1290 2989 1343 τιθασσά
3019 1290 3198 1360 θηρία.
3239 1279 3316 1344 συ
3351 1291 3408 1342 δὲ
3443 1293 3694 1344 οὐδέποτε
3745 1292 3883 1341 πάν-

2348 1393 2453 1438 τως
2495 1375 2703 1440 οὐδενὸς
2749 1380 2807 1430 ὲν
2857 1381 3013 1450 χρείᾳ
3047 1381 3486 1450 καταστήσασθαι
3529 1382 3749 1452 ᾠήθης·
3775 1380 3885 1432 τῶν

2348 1464 2455 1534 γὰρ
2477 1466 2671 1529 κυνῶν,
2701 1467 2766 1537 ἢν
2783 1470 2928 1540 παρά
2953 1470 3050 1538 τῆς
3075 1471 3288 1538 φύσεως
3311 1471 3498 1539 ἔλαχον
3517 1473 3786 1543 ἰατρικὴν,
3815 1475 3882 1541 τῇ

2349 1553 2563 1624 γλώσσῃ
2600 1557 2665 1608 τὰ
2696 1559 2868 1610 οἰκεῖα
2910 1558 3182 1627 μαθόντων
3211 1559 3497 1629 τραύματα
3531 1561 3874 1630 θεραπεύειν,

2351 1643 2550 1713 ταύτην
2576 1646 3020 1714 ἐπιδεικνυμένων
3047 1649 3123 1711 είς
3161 1649 3251 1702 τὸν
3297 1649 3610 1720 ἀϐοήθητον,
3660 1651 3758 1719 καὶ
3796 1649 3886 1699 τὸν

717 1712 809 1802 qui
862 1735 1102 1788 medendi
1151 1734 1456 1788 facultatem
1496 1733 1565 1786 ab
1603 1734 1714 1802 ipsa
1751 1742 1876 1787 sunt
1925 1732 2099 1787 sortiti
2153 1746 2248 1782 na-

2352 1712 2711 1800 ἐπιφυόμενον
2777 1712 3125 1804 ὲκλειχόντων
3186 1712 3527 1806 ῥύπον,’ὀλς
3579 1712 3643 1791 ἀν
3692 1715 3734 1806 ἡ.
3756 1738 3886 1805 οὐλὴ

721 1835 860 1887 tura,
928 1825 1104 1894 lingua
1166 1823 1382 1892 propria
1442 1821 1665 1876 vulnera
1707 1836 1898 1876 curare
1946 1819 2250 1883 didicerint,

718 1915 958 1970 eamdem
989 1930 1113 1982 erga
1139 1913 1288 1966 omni
1317 1911 1520 1966 auxilio
1551 1911 1861 1966 destitutum
1895 1911 2250 1973 exercuerim,

717 2015 771 2058 ct
806 2007 1157 2058 adnaseentes
1185 2003 1372 2058 sordes
1411 2001 1661 2072 lingendo
1690 2001 2118 2060 emundavcrint,
2139 2014 2248 2069 quo

719 2094 939 2150 cicatrix
1003 2094 1214 2162 penitus
1277 2106 1411 2161 pura
1475 2099 1614 2146 esset
1665 2091 1733 2144 ab
1781 2088 2039 2143 innutrita
2102 2088 2254 2144 sanie

722 2188 965 2248 liberata,
1007 2193 1316 2254 oportuerat
1351 2192 1406 2236 et
1433 2191 1485 2236 te
1527 2166 1652 2251 orgia
1692 2180 2049 2236 contribulem
2102 2178 2251 2232 exhi-

721 2276 846 2327 bere
897 2284 1368 2342 quantumcunque
1429 2283 1616 2338 posses
1672 2270 1934 2330 solamen,
1981 2275 2034 2320 et
2076 2266 2252 2335 inoltia

721 2365 838 2431 ejus
871 2363 1027 2415 rebus
1054 2361 1375 2416 necessariis
1421 2357 1771 2428 suppeditatis
1831 2357 2141 2417 sublevare,
2198 2365 2255 2408 ut

721 2451 910 2502 saltem
950 2450 1158 2504 catellis
1190 2448 1330 2501 haud
1374 2447 1547 2517 impar
1573 2448 1649 2501 uti
1687 2461 1864 2517 parem
1900 2461 2025 2513 erga
2082 2445 2253 2510 ipsum

721 2538 912 2607 gerens
938 2537 989 2589 in
1024 2536 1342 2590 necessitate
1374 2550 1579 2598 curam,
1610 2534 1969 2588 :estimareris.
1998 2531 2073 2585 Te
2106 2548 2257 2584 nam-

721 2641 844 2694 que,
883 2625 1041 2678 sicuti
1083 2624 1382 2686 videbatur,
1410 2637 1572 2676 canes
1615 2623 1680 2676 ad
1749 2621 1992 2688 pietatem
2059 2619 2255 2671 adhor-

723 2725 920 2780 tantes,
957 2713 1211 2768 continuo
1237 2710 1566 2765 ventitabant
1628 2709 1694 2763 ad
1740 2722 2046 2777 pauperem,
2105 2721 2254 2759 cum-

724 2820 828 2872 que
862 2821 964 2856 non
992 2810 1236 2872 poterant
1284 2814 1416 2854 voce
1457 2809 1507 2854 te
1527 2800 1721 2855 docere
1756 2797 1884 2866 quid
1943 2796 2119 2866 facere
2166 2796 2258 2848 de-

726 2897 939 2958 bueras,
975 2895 1090 2962 ipso
1140 2892 1444 2950 clamabant
1493 2905 1692 2959 opere;
1750 2888 1876 2942 dum
1942 2901 2255 2942 concessam

726 2985 777 3036 in
815 2983 967 3038 nobis
997 2997 1029 3036 a
1061 2992 1248 3035 natura
1302 2979 1588 3041 medelam,
1654 2989 1714 3031 ea
1755 2984 1962 3031 utentes
2008 2977 2256 3040 libenter,

722 3072 1064 3136 exhibemus,
1119 3071 1325 3124 clarum
1381 3078 1466 3122 est
1512 3067 1656 3136 quod
1705 3069 1769 3120 ad
1818 3079 2003 3120 cetera
2047 3081 2259 3133 quoque

724 3163 915 3213 sumus
961 3156 1362 3234 promptissimi.
1403 3157 1448 3210 si
1501 3170 1565 3209 ea
1610 3170 1728 3223 quae
1773 3164 1900 3208 sunt
1959 3141 2261 3210 necessaria

723 3246 1029 3303 confercndi
1069 3245 1295 3300 facultas
1334 3243 1563 3298 adesset.
1603 3243 1862 3308 Quocirca
1893 3257 2014 3296 cum
2053 3243 2254 3296 victum

728 3339 961 3406 praebere
993 3351 1099 3389 non
1131 3335 1422 3404 possimus,
1451 3333 1544 3403 qui
1570 3342 1623 3387 et
1649 3331 1750 3402 ipsi
1782 3332 2070 3402 plurimum
2127 3341 2261 3384 tem-

730 3427 875 3498 poris
920 3439 1294 3495 permanemus
1345 3423 1462 3480 sine
1510 3423 1652 3488 cibo,
1686 3431 1738 3476 et
1785 3437 1896 3491 prae
1945 3421 2263 3476 necessitate

2353 1820 2567 1881 πάντως
2608 1819 2830 1889 γένηται
2891 1821 3105 1892 καθαρὰ
3164 1823 3258 1875 τοῦ
3318 1825 3737 1899 ἑπιτρεφομένου
3765 1817 3887 1891 ίχῶὲ

2353 1925 2443 1977 ρος
2513 1907 2898 1979 ἀπηλλαγμένη
2929 1927 2943 1941 ·
3001 1911 3168 1980 ἐχρῆν
3217 1929 3277 1966 σε
3324 1915 3404 1975 τίς
3459 1915 3549 1966 τὸν
3615 1915 3886 1982 ὁμόφυλον

2350 1995 2447 2064 τὴν
2470 1996 2696 2065 δυνατὴν
2727 1997 3088 2061 ἐπιδείξασθαι
3113 2000 3482 2069 παραμυθίαν,
3506 2000 3599 2052 καὶ
3625 2003 3723 2070 τὴν
3755 2004 3888 2053 ἀπο-

2353 2085 2473 2154 ρίαν
2517 2085 2888 2158 ἐπανορθῶσαι
2943 2087 3226 2157 μεταδόσει
3265 2089 3376 2141 τῶν
3423 2090 3750 2157 ἀναγκαίων,
3805 2091 3889 2144 ἴνα

2312 2209 2328 2214 η
2351 2174 2451 2226 κάν
2484 2175 2592 2226 τῶν
2615 2175 2858 2228 κυνιδίων
2892 2175 3169 2246 ὲλογίσθης
3201 2178 3436 2248 ἰσότιμος
3455 2179 3632 2249 ὲξίσης
3683 2180 3782 2250 τὴν
3811 2183 3890 2242 είς

2353 2265 2511 2316 αὐτὸν
2539 2264 2858 2334 κηδεμονίαν
2901 2266 3036 2334 πρὸς
3077 2269 3255 2318 ἐκεῖνα
3291 2269 3630 2337 νειμάμενος.
3661 2269 3728 2320 Σὲ
3758 2270 3886 2338 γὰρ,

2351 2354 2426 2416 ὠς
2454 2355 2647 2416 ἔοικεν,
2687 2354 2736 2405 οί
2764 2354 2920 2415 κύνες
2955 2355 3090 2424 πρὸς
3127 2355 3406 2408 εὐσέϐειαν
3439 2358 3889 2426 προτρεπόμενοι,

2356 2443 2591 2510 συνεχῶς
2619 2443 2844 2508 ἐφοίτων
2868 2445 3017 2512 παρὰ
3043 2443 3133 2494 τόν
3168 2444 3374 2510 πένητα
3391 2457 3404 2472 ⁸
3441 2446 3624 2514 ἐπειδὴ
3657 2445 3720 2497 τὸ
3747 2463 3888 2515 πρα-

2354 2533 2508 2583 κτέον
2530 2536 2676 2600 φωνῇ
2697 2532 2961 2584 διδάσκειν
2980 2533 3079 2584 οὐκ
3105 2529 3267 2601 εἶχον,
3292 2533 3438 2603 ἔργῳ
3464 2531 3708 2600 βοῶντες·
3741 2538 3891 2590 Ὀτι-

2353 2636 2456 2686 περ
2500 2620 2634 2688 πρὸς
2669 2619 2736 2690 ἢν
2765 2621 3083 2690 πεφύκαμεν
3111 2620 3430 2694 θεραπείαν,
3471 2624 3638 2695 ταύτῃ
3690 2643 3888 2696 κεχρη-

2356 2709 2504 2777 μένοι
2531 2709 2841 2779 προθύμως,
2867 2709 3015 2779 δῆλοι
3058 2712 3149 2763 καὶ
3173 2715 3268 2782 τῆς
3306 2713 3439 2783 πρὸς
3485 2715 3547 2767 τὸ
3576 2714 3890 2785 λειπόμενόν

2355 2804 2517 2870 ἐσμεν
2538 2801 2892 2871 ἑτοιμότατοι,
2915 2803 2969 2854 εί
2989 2819 3068 2858 τις
3103 2799 3169 2873 ἦν
3197 2802 3423 2872 δύναμις
3445 2805 3574 2876 ἡμῖν
3601 2809 3890 2876 ποριστικη

2351 2895 2456 2946 τῶν
2479 2896 2806 2963 ἀναγκαίων.
2843 2894 2992 2948 Ἐπεὶ
3031 2891 3125 2947 οὖν
3155 2895 3359 2966 τροφὴν
3389 2899 3691 2966 παρασχεῖν
3726 2897 3892 2965 ἐσμὲν

2359 2981 2625 3047 ἀδύνατοι,
2656 2983 2746 3035 καὶ
2770 2982 2920 3034 αὐτοὶ
2937 2982 3015 3044 .τά
3031 2981 3200 3034 πολλά
3229 2981 3479 3050 μένοντες
3505 2983 3698 3043 ἄσιτοι,
3729 2982 3777 3032 οἳ
3802 2983 3893 3032 καὶ

2355 3070 2453 3138 τὴν
2485 3069 2545 3120 οὐ
2595 3069 2986 3139 νενομισμένην
3019 3068 3322 3138 ἀνθρώποις
3367 3069 3458 3121 ὑπ’
3497 3069 3738 3136 ἀνάγκης
3782 3067 3892 3119 ἐσθ’

2354 3157 2438 3208 ὅτε
2490 3156 2925 3225 προσφερόμεθα,
2985 3158 3049 3224 ἢν
3106 3156 3271 3225 ἐσμὲν
3329 3155 3503 3208 ἱκανοὶ
3553 3156 3895 3224 προσάγομεν

2355 3241 2723 3310 παραμυθίαν,
2769 3241 2828 3293 τδ
2863 3232 3138 3311 συμπαθὲς
3187 3242 3635 3312 ἐπιδεικνύμενοι,
3675 3243 3769 3295 καὶ
3819 3240 3896 3309 τῷ

2357 3330 2559 3400 μετρίῳ
2582 3329 2679 3399 τῆς
2701 3330 3032 3400 λειτουργίας
3053 3332 3150 3400 τὴν
3184 3331 3264 3393 είς
3298 3331 3510 3384 ἅπαντα
3565 3331 3892 3401 προθυμίαν,

2355 3421 2403 3473 εί
2426 3422 2604 3491 παρῆν
2627 3419 2872 3489 δύναμις,
2902 3418 3346 3482 ὲκκαλύπτοντες.

735 3517 843 3580 ιίΙο,
912 3517 1004 3585 qui
1069 3515 1377 3570 hominibus
1423 3515 1623 3567 vetitus
1676 3523 1781 3578 εει,
1847 3513 2114 3566 interdum
2155 3513 2420 3566 vescimur
2472 3513 2891 3573 consolationem
2947 3527 3030 3575 ca,
3081 3511 3147 3564 ad
3218 3526 3380 3580 quam
3431 3511 3608 3567 idonei
3688 3525 3894 3571 sumus,

733 3621 830 3673 ope
861 3606 1033 3658 delata
1056 3605 1328 3658 oll'erimus
1357 3603 1668 3657 exhibentes
1705 3588 2149 3671 compassionem,
2179 3609 2233 3656 et
2273 3601 2530 3670 obsequio
2566 3602 2774 3655 modico
2809 3609 3046 3656 nostram
3084 3601 3149 3654 ad
3186 3602 3369 3656 omnia
3408 3603 3894 3672 promptitudittem,

735 3697 779 3749 si
823 3697 961 3750 vires
1008 3696 1276 3756 adessent,
1319 3694 1683 3761 propelemus.

1195 3824 1352 3892 120
1379 3821 1600 3878 CAPUT
1647 3822 1806 3876 xvu.

803 3939 956 4006 Quod
989 3939 1128 3992 enim
1177 3937 1371 3990 virium
1438 3943 1742 3989 nostrarum
1775 3936 2020 3990 concedit
2092 3939 2268 3991 hacte-

740 4043 840 4080 nus
877 4025 1141 4089 modulus,
1183 4039 1304 4077 cum
1338 4022 1568 4082 sollicite
1596 4036 1758 4090 opere
1791 4023 1904 4090 ipso
1933 4032 2268 4090 praestemus,

741 4118 789 4167 id
837 4124 1070 4170 nostram
1104 4128 1320 4183 quoque
1372 4113 1438 4166 ad
1484 4123 1676 4166 caatera
1708 4114 2033 4166 voluntatem
2088 4129 2269 4182 prom-

741 4207 1032 4272 itissimam
1077 4205 1286 4274 arguit,
1335 4189 1702 4271 monstratque
1745 4217 1853 4257 non
1889 4203 2148 4267 animum,
2177 4203 2268 4258 sed

743 4295 973 4362 inopiam
1016 4294 1068 4345 in
1099 4307 1264 4347 causa
1311 4305 1434 4346 esse
1463 4292 1726 4345 tarditatis
1766 4294 1818 4345 in
1852 4293 1936 4345 his
1992 4307 2110 4360 quae
2164 4307 2268 4344 non

743 4398 1090 4450 procul-anius
1132 4381 1386 4434 studiose.
1426 4379 1620 4433 Verum
1651 4383 1772 4445 iste,
1825 4382 2045 4435 immitis
2097 4391 2150 4434 et
2191 4383 2271 4432 iu-

744 4474 1009 4532 lmmauus
1040 4471 1295 4530 evadeus,
1329 4471 1555 4538 gratiam
1619 4477 1778 4538 gutta:
1825 4471 1977 4538 petit,
2018 4473 2108 4538 qui
2173 4486 2274 4523 non

742 4565 1040 4630 prmbuerat
1080 4561 1305 4628 gratiam
1344 4560 1422 4613 vel
1466 4559 1635 4622 micae,
1665 4575 1768 4612 non
1799 4561 1938 4628 quod
1989 4570 2132 4628 gutta
2166 4560 2279 4628 sul-3

2951 3823 3195 3878 ΚΕΦΑΔ.
3221 3825 3317 3877 1Ζ’.

2439 3937 2510 3990 Τὸ
2537 3936 2644 4006 γὰρ
2666 3938 2730 4006 τῇ
2757 3934 2982 4004 δυνάμει
3025 3935 3160 3996 τέως
3191 3933 3428 4001 ἔφικτὸν,
3485 3933 3780 3994 σπουδαίως
3826 3934 3900 3993 εἰς

2370 4027 2528 4096 ἔργον
2553 4027 2835 4095 ἀγόμενον,
2869 4024 3086 4093 ἐλεγχος
3110 4025 3208 4093 τῆς
3261 4024 3396 4093 πρὸς
3412 4025 3481 4075 τά
3511 4014 3672 4084 λοιπά
3707 4023 3899 4092 προθυο

2374 4116 2502 4184 μίας
2533 4115 2670 4180 ἐστὶ,
2693 4115 2794 4183 τὴν
2839 4113 3069 4182 ἀπορίαν
3111 4113 3168 4164 ἐν
3199 4115 3310 4174 τοῖς
3341 4113 3440 4164 οὐκ
3472 4112 3900 4181 ἐπιμελουμένοις

2364 4203 2622 4267 δεικνύον,
2666 4204 2725 4255 ού
2771 4202 2869 4273 τὴν
2895 4201 3118 4272 γνώμην
3165 4201 3265 4270 τῆς
3300 4202 3496 4270 ἀργίας
3541 4202 3736 4264 αἰτίαν,
3774 4200 3903 4253 ἀλλὰ

2368 4294 2597 4356 τοιοῦτος
2616 4294 2899 4362 γενόμενος
2928 4295 2956 4344 ό
2979 4291 3212 4362 ἀπηνὴς,
3233 4291 3323 4342 καὶ
3361 4289 3723 4358 ἀπάνθρωπος
3751 4290 3903 4358 χάριν

2371 4385 2511 4437 αἰτεῖ
2535 4385 2806 4449 σταγόνος,
2835 4383 2895 4434 οὐ
2947 4381 3238 4449 παρασχὼν
3268 4382 3429 4450 χάριν
3454 4381 3634 4449 ψιχίου
3652 4396 3666 4410 ·
3715 4381 3808 4448 οὐχ
3831 4383 3908 4432 ὅτι

2377 4471 2584 4540 σταγὼν
2613 4468 2684 4540 ἦν.
2710 4471 2867 4540 ἱκανὴ
2893 4471 3388 4539 παραμυθήσασθαι
3437 4471 3535 4538 τὴν
3567 4468 3735 4536 φλόγα
3776 4467 3908 4519 ἐκεί-

2377 4579 2474 4632 νην
2499 4562 2580 4632 (οὐ
2607 4561 2714 4631 γὰρ
2744 4561 2986 4629 ποταμὸς
3041 4561 3311 4630 ἐπιρρέων
3359 4549 3604 4611 σϐέννυσι
3643 4557 3753 4626 πῦρ
3783 4556 3908 4626 πρὸς

745 4654 927 4703 lit-cret
959 4651 1022 4702 ad
1052 4650 1322 4702 ﬂatumam
1379 4649 1523 4702 illam
1564 4650 1906 4717 mitigandam
1945 4667 1960 4702 :
1993 4665 2091 4703 nec
2132 4650 2259 4702 enin

2379 4650 2647 4718 τιμωρίαν
2707 4648 3161 4718 ἡτοιμασμένον),
3210 4647 3325 4700 ἀλλ’
3355 4646 3442 4699 ἵνα
3485 4645 3667 4715 δειχθῇ
3713 4644 3905 4712 σαφῶς,

747 4742 936 4792 nntius
990 4739 1216 4790 iullucus
1283 4738 1575 4806 exstinguit
1641 4739 1812 4812 ignem
1865 4754 2147 4792 accensum
2211 4741 2276 4792 ad

749 4838 1092 4889 tormentum,
1158 4827 1248 4880 sed
1294 4837 1353 4880 ιιι
1423 4828 1703 4883 manifeste
1765 4829 2068 4882 ostenderet
2135 4843 2277 4891 eum,

748 4921 838 4988 qui
893 4921 990 4970 hac
1036 4918 1088 4970 in
1134 4917 1240 4970 vita
1279 4918 1588 4972 destituitur
1639 4918 1827 4971 allectu
1884 4918 2278 4983 misericordiae,

750 5014 801 5076 iu
829 5014 1005 5064 futura
1043 5013 1252 5078 quidem
1277 5019 1584 5064 exorantem
1619 5026 1714 5064 nec
1747 5011 1826 5063 vel
1858 5012 2121 5063 tantillum
2152 5011 2278 5063 illud

751 5104 1092 5154 obtenturum
1125 5110 1216 5153 :ut
1239 5102 1430 5169 rigore,
1484 5115 1548 5154 ac
1597 5101 1877 5155 severitate
1927 5101 2115 5168 judicii
2187 5117 2282 5154 ex-

753 5189 903 5242 tremi
955 5191 1184 5255 cognita.
1222 5188 1494 5240 beueliciis
1522 5203 1644 5256 erga
1684 5202 1942 5255 pauperes
1998 5196 2283 5255 praesentes

755 5278 1136 5347 promissorum
1168 5278 1431 5330 boaorum
1467 5278 1942 5329 remunerationem
1970 5277 2122 5329 nobis
2156 5291 2283 5342 pra:-

756 5381 1017 5433 paremus,
1054 5375 1106 5418 et
1155 5365 1317 5432 hujus
1351 5366 1469 5416 vita!
1525 5366 1660 5416 bona
1709 5364 2069 5431 corruptibilia
2128 5364 2283 5415 isthic

758 5460 807 5510 in
852 5457 1155 5509 thesaurum
1221 5454 1580 5506 ret-utdatnus
1629 5453 1848 5510 utiliter,
1900 5453 2067 5503 instar
2121 5451 2282 5503 debiti

757 5557 1088 5614 reposcentes
1122 5562 1145 5597 [ι
1180 5543 1383 5602 ludive,
1416 5559 1535 5610 quae
1595 5543 1914 5609 pauperibus
1959 5541 2127 5593 fruori
2181 5541 2287 5594 Col-

2383 4742 2463 4795 ὅτι
2485 4743 2575 4795 τὸν
2635 4743 2728 4795 νύν
2773 4741 3088 4810 ἀωμπαθῆ,
3131 4738 3249 4790 οὐδὲ
3300 4736 3393 4788 τοῦ
3441 4734 3686 4796 εὐτελοῦς
3707 4733 3908 4786 ἐκείνου

2385 4832 2753 4903 ποτνιώμενον
2780 4831 2894 4884 εστι
2922 4835 3102 4901 τυχεῖν
3147 4832 3204 4883 ὲν
3247 4828 3326 4898 τῷ
3357 4826 3631 4897 μέλλοντι,
3662 4825 3824 4885 ὅπως.
3857 4822 3910 4875 τὸ

2386 4902 2651 4991 αὐστηρὸν
2680 4923 2770 4974 καὶ
2796 4920 3051 4991 ἐμϐριθὲς
3085 4917 3345 4989 μαθόντες
3382 4919 3479 4982 τῆς
3516 4914 3766 4983 κρίσεως.
3803 4902 3910 4970 ταῖξ

2388 5011 2465 5068 εἰς
2487 5009 2612 5069 τοὺς
2645 5007 2736 5060 νῦν
2768 5007 2964 5067 ἐνδεεῖς
2984 5004 3318 5073 εὐεργεσίαις
3337 5000 3434 5070 τὴν
3450 4999 3558 5050 τῶν
3579 4997 3910 5067 ἐπηγγελμέ-

2385 5115 2487 5148 νων
2506 5096 2720 5164 ἀγαθῶν
2740 5098 2946 5156 ἑαυτοῖς
2975 5089 3521 5162 πραγματευσώμεθα
3545 5077 3800 5155 ἀμοιϐὴν,
3828 5084 3912 5135 καὶ

2384 5185 2795 5254 θησαυρίσωμεν
2818 5184 2933 5234 ἐκεῖ
2953 5181 3230 5250 χρησίμως
3246 5179 3309 5230 τέι
3339 5177 3566 5229 ἐνταῦθα
3579 5174 3909 5241 φθειρόμενα,

2384 5275 2598 5343 ὀφειλὴν
2645 5274 2998 5334 ἀπαιτοῦντες
3034 5273 3122 5323 τὸν
3163 5269 3422 5336 δικαστὴν
3443 5267 3511 5318 τὰ
3551 5263 3910 5329 δεδανεισμένα

2386 5367 2494 5426 τοῖς
2537 5365 2748 5432 πένησι,
2799 5364 2891 5414 καὶ
2935 5362 3031 5413 οὐκ
3088 5361 3277 5424 ἔρανον
3321 5357 3417 5425 τὴν
3472 5353 3785 5420 ἀπαλλαγὴν
3827 5349 3912 5414 τῆς

2393 5454 2660 5512 κολάσεως
2687 5451 2962 5516 ἀξιοῦντες
2986 5450 3168 5502 λαϐεῖν
3189 5465 3203 5477 ·
3230 5449 3278 5498 εἰ
3314 5448 3420 5513 γὰρ
3451 5447 3479 5496 ό
3507 5443 3666 5495 ἐλεῶν
3695 5439 3909 5506 πτωχὸν»

2391 5542 2462 5603 ὡς
2492 5544 2523 5611 ἠ
2553 5541 2814 5609 παροιμία
2839 5539 3171 5607 Salamin-:6;
3203 5553 3353 5604 φησι,
3376 5534 3603 5594 δανείζει
3629 5529 3758 5597 θεῷ,
3782 5530 3907 5577 iam.
