4076 6338
690 279 791 344 851
2169 302 2230 362 s.
2270 304 2432 366 NILI
3778 306 3895 372 S52

684 397 1193 488 raptus‘caperctur,
1218 405 1271 449 et
1294 396 1361 450 ad
1383 412 1594 466 pugnam
1616 400 2021 463 inhumanitatis
2043 408 2214 464 trabe-

2320 415 2625 482 ἀναγκαίων
2658 412 2851 478 ἐνδεεῖς
2874 417 2922 468 οί
2950 415 3056 469 τῶν
3091 407 3267 487 σητῶν
3306 416 3764 488 ἀξιοπιστότεροι,
3795 414 3891 466 ῖνα

686 486 854 530 retur.
878 476 1131 550 Nunquid
1157 485 1299 538 enim
1319 495 1448 542 tunc
1467 489 1686 544 deerant
1712 508 1972 561 pauperes
1990 497 2214 553 confecti

2322 476 2629 574 προλάϐωσι
2683 506 2749 575 τῇ
2786 476 3080 574 μεταλήψει
3108 476 3231 568 τοὺς
3258 476 3578 576 ἀχαρίστους
3606 476 3892 574 δαιτυμό-

685 565 845 632 fame,
877 578 936 623 ut
964 574 1272 627 enascentia
1304 583 1461 656 terra;
1492 581 1732 648 germina
1764 583 1941 653 inepte
1972 600 2214 642 asserva-

2320 565 2417 656 νας
2444 565 2749 664 σκώληκας,
2786 565 3189 663 δαπανησαντες
3211 565 3578 664 eadem“
3604 595 3672 664 αὖ
3682 565 3799 657 τοι,
3846 590 3891 644 ἃ

682 663 866 711 rentur
887 658 942 711 in
982 657 1257 716 futurum?
1283 665 1475 720 Annon
1504 678 1657 724 erant
1688 685 1865 726 rerum
1889 677 2214 730 necessaria-

2324 683 2440 752 μετ’
2480 657 2656 750 ὀλίγον
2700 657 2929 751 ἔμελλον.
2961 657 3267 753 ἀχαρίστως
3297 657 3609 737 ἀναλίσκειν
3627 678 3848 737 ἐκεῖνοι
3866 694 3883 710 ο

680 757 801 796 rum
832 743 995 814 indigi
1028 748 1188 801 tineis
1215 749 1517 818 digniores,
1552 745 1605 809 et
1634 758 1804 825 magis
1836 757 1949 823 fidi,
1999 760 2091 829 qui
2120 775 2214 813 an-

2320 743 2586 840 καθάπερ⁷
2620 743 2758 839 ὠμοί
2808 788 2954 835 τινες
3118 743 3343 842 ἀπηνεῖς
3378 770 3701 840 μητραλοῖαι
3746 782 3889 821 κατ-

675 841 1004 886 teverterent
1041 836 1092 887 in
1132 851 1317 891 eorum
1361 844 1705 911 perceptione
1742 859 1950 900 vermes
1982 847 2214 915 ingratos

2320 836 2591 922 εσθίοντες
2618 836 2715 920 τάς
2746 859 3009 923 τεκούσας
3056 836 3258 930 ἀπορία
3280 836 3730 929 ἑτέραςττρτφῆς,
3782 855 3886 908 καὶ

675 922 966 990 epulones;
991 925 1116 978 dum
1141 927 1242 997 ipsi
1270 932 1477 985 meliori
1502 934 1709 989 ratione
1731 937 2214 1004 consumpsissent,

2320 947 2459 1018 μετά
2486 948 2583 1017 τὴν
2611 948 2794 1002 άδικον
2844 948 3026 1018 θοίνην
3071 922 3387 1017 ἑξέρποντες
3428 922 3547 999 ’τῶν⁷
3572 922 3884 1016 ταμιείων,

674 1026 795 1080 qua:
824 1015 984 1082 paulo
1008 1026 1127 1107 post
1171 1018 1249 1073 illi
1281 1021 1486 1089 absque
1512 1024 1620 1077 ulla
1649 1026 1972 1094 gratitudine
1999 1027 2214 1082 absum-

2318 1015 2409 1090 καὶ
2435 1038 2496 1107 δη
2506 1015 2667 1107 μ-οσίᾳ
2700 1015 3085 1107 προερχόμενοι
3124 1015 3223 1105 τῆς
3252 1037 3470 1102 ἀλογίας
3496 1035 3589 1088 τοῦ
3617 1015 3887 1103 πυροφύ-

671 1104 820 1171 ptnri
868 1107 1060 1160 erant?
1092 1106 1556 1172 Quemadmodum
1603 1115 1845 1170 crudeles
1890 1118 2127 1186 quidam,
2165 1126 2214 1171 et

2318 1104 3034 1195 laxocndxhjtot'ttdpaupe;
3066 1104 3204 1178 οὕτω
3234 1126 3550 1186 δικάσαντος
3578 1124 3671 1177 τοῦ
3715 1123 3882 1175 ὁσίου

673 1193 909 1249 immites
935 1198 1227 1253 matricida:
1263 1201 1600 1267 devorantes.
1640 1205 1709 1259 ob
1734 1207 1951 1263 alterius
1980 1207 2214 1275 inopiam

2318 1214 2528 1284 κριτοῦ,
2561 1193 2648 1275 ὡς
2676 1193 2773 1267 καί
2814 1193 3104 1267 ἀπολέσθαι
3144 1214 3213 1266 τὰ
3244 1214 3427 1276 κακῶς
3456 1211 3882 1281 σεσωρευμένα,

674 1283 938 1350 alimenti,
970 1288 1257 1355 genitrices
1284 1307 1432 1357 suas,
1456 1303 1510 1349 et
1537 1305 1660 1363 post
1686 1296 1929 1364 iniquum
1959 1298 2214 1366 pabulum

2318 1300 2561 1356 κάκεῖνον
2604 1304 2679 1373 μὴ
2710 1304 2858 1371 σχεῖν
2898 1304 3038 1356 κατά
3070 1302 3168 1371 τῆς
3201 1300 3451 1371 προνοίας
3485 1299 3748 1369 μέμψεως
3787 1292 3886 1345 εὖ·

671 1389 738 1426 ex
792 1376 998 1432 horreis
1038 1388 1331 1447 reptantes,
1376 1392 1430 1438 et
1473 1385 1795 1452 prodeuntes
1840 1387 1892 1440 in
1943 1389 2213 1456 publicam

2318 1397 2469 1461 λογον
2513 1392 2801 1461 ἀφορμήν;
2853 1391 3069 1460 Ἐπειδὴ
3098 1392 3206 1460 γὰρ
3253 1391 3351 1459 τὴν
3394 1390 3643 1442 ἁπάντων
3677 1389 3881 1456 κοινὴν

660 1464 872 1530 ‘lucem,
902 1466 1019 1534 ejus
1048 1468 1350 1535 dementiae,
1374 1473 1469 1540 qui
1501 1472 1827 1530 frumentum
1854 1478 2211 1541 custodiebat,

2318 1477 2564 1547 εὐθηνίαν
2584 1475 2895 1545 ᾠκειώσατο
2917 1481 3094 1546 μόνος,
3117 1476 3383 1542 κλείθροις
3402 1476 3674 1546 ἐπιμελῶς
3696 1477 3882 1542 ἀσφα-

672 1563 931 1619 apparent
978 1554 1212 1610 ultronei
1258 1566 1460 1614 testes:
1491 1561 1589 1626 ita,
1623 1574 1810 1618 sancto
1843 1563 2031 1620 Judice
2065 1565 2213 1634 judi-

2318 1563 2619 1631 λισάμενος,
2659 1554 2752 1615 καὶ
2786 1563 2996 1633 μοχλοῖς
3030 1563 3128 1633 τὴν
3160 1562 3363 1617 ἀνωθεν
3391 1562 3617 1629 δωρεάν,
3644 1564 3882 1632 μακρὰν

676 1651 848 1705 caute,
890 1650 947 1696 ut
978 1653 1031 1699 et
1068 1646 1209 1701 male
1247 1661 1563 1705 coacervata
1603 1653 1859 1722 perirent,
1902 1670 2002 1709 nee
2034 1663 2211 1708 tamen

2318 1653 2372 1717 ἐξ
2418 1655 2636 1708 ἐκείνων
2667 1653 2877 1723 ἑαυτῷ,
2898 1653 2989 1705 καλ⁵
3016 1652 3250 1722 πολυετῆ
3278 1653 3374 1723 τὴν
3400 1653 3698 1706 ἀπόλαυσιν
3729 1653 3879 1705 ὑπο-

673 1729 763 1783 ille
782 1734 1012 1800 querela:
1031 1736 1292 1791 adversus
1316 1737 1706 1794 Providentiam
1738 1741 1956 1796 haberet
1979 1744 2214 1797 rationa-

2318 1743 2556 1811 θέμενος,
2583 1743 2806 1806 δικαίως
2847 1745 2876 1796 δ
2915 1742 3046 1805 Θεὸς
3078 1745 3144 1796 ἐκ
3178 1742 3286 1796 τῶν
3323 1738 3702 1811 άποθηκῶν,⁷ά
3737 1743 3881 1796 ἑδω-

676 1821 838 1875 hilem
869 1827 1228 1881 occasionem.
1268 1827 1404 1882 Cum
1444 1830 1585 1883 enim
1623 1832 1772 1886 solus
1809 1831 1911 1886 sibi
1943 1834 2213 1903 propriam

2318 1834 2539 1906 ρήσατο,
2568 1821 2806 1902 είληφεν,
2834 1832 2983 1885 οὐδὲν
3004 1833 3111 1885 τῶν
3140 1832 3355 1885 οἰκείων
3380 1832 3554 1885 πόνων
3576 1831 3877 1900 ζημιώσας

673 1912 991 1968 vindicasset
1010 1928 1349 1970 communem
1373 1919 1611 1972 omnium
1641 1919 2020 1975 abundantiam
2059 1922 2212 1992 123

2318 1924 2515 1977 ικεῖνον
2538 1935 2551 1949 ·
2592 1920 2849 1973 κατέλιπε
2893 1919 3001 1990 γὰρ
3049 1916 3191 1977 σώας
3235 1918 3333 1980 τάς
3378 1917 3657 1987 ἀποθήκας
3691 1916 3877 1984 αὐτῷ,

673 2002 917 2066 clathris,
945 2005 1290 2075 vectibusque
1318 1996 1784 2069 sollicitecmleste
1802 2008 2001 2064 donum
2036 2013 2214 2067 Occlu-

2318 2010 2375 2072 lc
2423 2010 2582 2072 αὐτὸς
2626 2008 2959 2080 ᾠκοδόμησε.
2991 2008 3139 2077 Πόσῃ
3170 2008 3226 2060 δὲ
3269 2006 3469 2076 σπουδῇ
3518 2005 3879 2075 χρησάμενος

674 2090 829 2157 dens,
860 2107 927 2147 ac
959 2096 1207 2149 muniens
1244 2097 1567 2166 longamque
1598 2098 1742 2164 inde,
1782 2113 1847 2154 ac
1872 2098 2135 2170 plurimos
2160 2102 2213 2155 in

2318 2098 2414 2161 ἔξω
2438 2098 2529 2152 τὸν
2563 2101 2706 2151 σῖτον
2733 2096 3012 2168 προελθεῖν
3038 2096 3409 2170 παρεσκεύασε
3438 2095 3577 2148 κατὰ
3598 2096 3698 2157 τὰς
3728 2094 3879 2146 πλα-

673 2194 847 2236 annos
901 2183 1003 2236 sibi
1048 2182 1258 2238 fruendi
1314 2186 1636 2256 voluptatem
1680 2188 2020 2257 proponens,
2066 2189 2214 2259 juste

2318 2186 2455 2249 τείας
2483 2184 2737 2255 ἐμφανῶς
2765 2183 3099 2253 ῥεμϐόμενον
3123 2183 3257 2254 πρὸς
3285 2183 3511 2250 γέλωτα,
3542 2182 3633 2234 καὶ
3664 2179 3877 2251 χλεύην

678 2268 839 2334 Deus,
879 2287 998 2341 quae
1028 2274 1336 2339 donaverat,
1378 2290 1445 2330 ex
1476 2277 1794 2333 conditoriis
1822 2280 2038 2348 recepit,
2070 2279 2214 2335 nullo

2318 2274 2403 2329 τοῦ
2449 2274 2613 2346 μυρία
2663 2272 3139 2344 μηχανησαμένου,
3167 2274 3311 2334 ὅπως
3340 2272 3486 2340 αὑτῷ
3527 2270 3660 2340 πρὸς
3693 2270 3877 2322 πολὺν

675 2360 827 2414 illum
869 2364 1065 2417 damno
1114 2366 1453 2433 propriorum
1498 2365 1739 2428 laborum
1792 2367 2054 2435 afficiens;
2090 2384 2212 2424 nam

2318 2365 2500 2436 χρόνον
2529 2362 2767 2434 φυλαχθῇ
2793 2362 3089 2430 ἀδιάφθορα
3110 2362 3178 2413 τὰ
3204 2364 3301 2431 τῆς
3322 2360 3530 2430 τρυφῆς
3556 2360 3871 2428 ἐπιτήδεια,

675 2449 994 2514 conditoria,
1045 2467 1165 2521 quae
1212 2462 1592 2509 construxerat
1654 2456 1786 2525 ipse,
1837 2457 2119 2528 dereliquit
2165 2459 2213 2513 ei

2318 2455 2475 2519 πλαξὶ
2509 2454 2606 2524 μὲν
2632 2453 2842 2520 ξεσταῖς
2871 2450 3311 2522 καταστρώσαντι
3346 2452 3407 2503 τὸ
3437 2450 3649 2518 ἔδαφος,
3674 2448 3872 2501 κονιά-

675 2537 841 2591 salva.
874 2540 1084 2604 Quanto
1121 2557 1247 2599 vero
1276 2545 1455 2599 studio
1490 2561 1621 2600 usus
1649 2547 1974 2615 procuravit,
2010 2558 2069 2602 ut
2101 2547 2212 2601 fru-

2318 2552 2465 2599 σαντι
2490 2544 2547 2597 δὲ
2570 2543 2802 2619 τοίχους,
2837 2544 2931 2595 καὶ
2957 2541 3135 2611 θυρίσι
3163 2542 3259 2603 τὰς
3288 2539 3483 2605 ἔξωθεν
3512 2539 3874 2606 ἐπεισάγοντι

671 2636 913 2681 mentum
945 2631 1181 2698 prodiret
1229 2632 1283 2685 in
1320 2634 1592 2701 publicum
1628 2649 1722 2703 per
1748 2636 1949 2704 plateas
1977 2640 2210 2692 cireum-

2318 2634 2503 2704 αὕρας,
2533 2631 2607 2694 ὡς
2638 2632 2703 2685 ἀν
2736 2630 3001 2701 ριπίζοιτο
3036 2631 3105 2682 τὰ
3133 2629 3488 2697 ἀποκείμενα,
3518 2629 3611 2680 καὶ
3653 2626 3756 2696 τὴν
3804 2628 3876 2679 ὲκ

669 2728 851 2771 actum
897 2719 1197 2787 manifeste,
1246 2722 1313 2775 ad
1362 2724 1686 2789 irrisionem,
1727 2734 1890 2796 atque
1922 2729 2209 2783 ludibrium

2318 2724 2531 2791 σήψεως
2556 2718 2837 2788 διαφεύγοι
2879 2719 3079 2789 βλάϐην
3122 2717 3199 2789 τῷ
3227 2720 3440 2787 συνεχεῖ
3465 2714 3875 2785 διαφορούμενα

670 2802 810 2870 ejus,
867 2806 961 2875 qui
1008 2807 1152 2863 mille
1202 2811 1484 2866 machinas
1527 2800 1945 2883 excogitaverat,
1986 2824 2045 2869 ut
2096 2816 2197 2870 sibi
2317 2811 2614 2881 πνεύματις
3622 2804 3627 2807 ⁷

669 2892 903 2961 plurimo
932 2903 1170 2965 tempore
1209 2910 1553 2956 servarentur
1593 2902 1901 2973 incorrupta
1948 2905 2107 2959 luxus
2172 2904 2435 2967 fomenta;
2502 2900 2664 2955 sectis
2728 2898 2944 2967 quidem
2978 2898 3203 2966 lapideis
3237 2896 3433 2951 tabulis
3495 2894 3874 2965 pavimentum

668 2984 982 3047 sternendo,
1017 2987 1248 3055 parietes
1288 3003 1415 3043 vero
1449 2990 1749 3054 indueendo
1786 3007 1948 3061 opere
1986 2992 2210 3057 albario,
2248 3002 2301 3045 et
2356 3004 2449 3058 per
2471 2988 2733 3042 fenestras
2762 2985 3150 3041 introducendo
3175 2999 3336 3038 auras
3355 2982 3591 3037 exterius
3614 3011 3619 3019 ι
3646 2980 3873 3045 flantes,

667 3082 731 3130 ut
773 3077 1049 3132 recondita
1082 3079 1460 3149 perﬂarentur,
1507 3092 1561 3137 et
1612 3098 1806 3138 noxam
1856 3086 2217 3155 corruptionis
2253 3082 2546 3153 effugerent
2608 3081 2863 3135 continua
2890 3079 3236 3134 ventilatione
3299 3077 3526 3147 agitata!

1267 3191 1493 3247 CAPUT
1530 3193 1592 3247 ll.

2892 3189 3141 3242 ΚΕΦΔΛ.
3192 3187 3265 3241 Β’.

738 3277 843 3331 Sed
873 3278 1006 3332 nihil
1036 3294 1244 3346 eorum,
1277 3298 1397 3352 quae
1427 3286 1617 3340 callide
1648 3287 1826 3343 sutdet
1858 3287 2039 3351 homo,
2074 3285 2212 3341 divi-

2391 3282 2527 3335 Ἀλλ’
2566 3282 2719 3335 οὐδὲν
2747 3270 2858 3333 τῶν
2885 3277 3071 3341 δεινῶς
3109 3277 3572 3346 ἐπιτηδευομένων
3621 3270 3721 3338 τὴν
3769 3274 3872 3325 τοῦ

666 3382 793 3420 nam
835 3369 1162 3425 voluntatem
1212 3372 1400 3435 eludit,
1433 3389 1534 3429 nec
1575 3376 1905 3430 immutabile
1950 3376 2211 3445 judicium

2318 3372 2444 3425 Θεοῦ
2498 3373 2770 3441 σοφίζεται
2822 3368 3091 3439 βούλησιν,
3146 3368 3265 3420 οὐδὲ
3324 3367 3422 3435 τὴν
3473 3364 3872 3435 ἀμετάπτωτον

668 3456 835 3509 vincit
862 3458 1109 3513 humana:
1138 3462 1334 3516 mentis
1363 3463 1689 3529 adinventio,
1712 3466 1854 3532 quod
1882 3480 2017 3520 vana
2041 3466 2214 3520 reddit

2318 3463 2491 3534 κρίσιν
2564 3463 2684 3531 νικᾷ
2739 3458 3048 3530 ἀνθρωπίνη
3114 3458 3321 3510 ἐπίνοια
3380 3456 3712 3524 ματαιοῦσαν
3765 3456 3873 3517 τὰς

667 3545 848 3598 studia
894 3548 1315 3605 existimantium
1358 3552 1612 3619 perﬁcere
1658 3552 1858 3619 aliquid
1896 3567 2057 3619 posse
2089 3552 2214 3606 dili-

669 3635 847 3703 gentia
882 3637 1219 3704 propriarum
1244 3638 1462 3693 virium.
1500 3640 1637 3695 Ecce
1664 3639 1827 3709 igitur
1858 3654 2044 3693 amens
2082 3638 2213 3691 nihil

667 3726 1013 3791 praetermisit
1040 3741 1251 3791 eorum,
1272 3742 1392 3797 quae
1419 3730 1485 3783 ad
1518 3732 1855 3785 securitatem
1883 3729 2210 3798 spectabant,

671 3822 726 3867 et
750 3825 925 3867 tamen
966 3832 1057 3884 spe
1089 3834 1185 3872 sua
1222 3819 1419 3873 excidit
1448 3834 1464 3873 :
1496 3829 1637 3874 sarta
1674 3830 1810 3874 tecta
1846 3829 1971 3874 sunt
1998 3821 2211 3883 horrea,

669 3910 724 3953 et
774 3903 915 3970 quod
973 3907 1265 3971 repositum
1323 3908 1518 3975 fuerat,
1578 3925 1844 3977 nusquam
1901 3928 1925 3960 ε’
1970 3917 2211 3978 ηψπεῑς

669 3989 903 4043 claustra
930 4001 983 4045 et
1010 3993 1285 4061 signacula
1319 3998 1625 4051 nullatenus
1658 3998 1779 4052 laesa
1830 4008 1988 4060 sunt,
2018 4009 2073 4052 et
2102 3998 2216 4049 l‘ru-

670 4085 912 4131 mentum
945 4080 1185 4150 aufugit;
1251 4083 1426 4149 paries
1474 4099 1576 4134 non
1624 4082 1723 4135 fuit
1746 4083 1996 4144 effossus,
2043 4098 2216 4149 neque

669 4165 940 4219 sublatum
964 4174 1047 4220 est
1069 4178 1285 4231 tectum,
1306 4179 1360 4224 et
1382 4172 1573 4225 horrea
1594 4180 1720 4225 sunt
1740 4171 2043 4234 exinanita;
2070 4172 2214 4225 salva

671 4268 793 4309 sunt
822 4257 1001 4309 omnia
1028 4259 1332 4313 securitatis
1366 4262 1636 4328 praesidia.
1678 4263 1880 4328 integra
1911 4270 2128 4322 cuncta.
2162 4269 2217 4314 et

2312 3552 2544 3614 σπουδὰς
2586 3552 2693 3603 τῶν
2736 3551 2993 3620 οἰομένων
3040 3548 3220 3601 ἀνύειν
3264 3564 3318 3600 τι
3360 3546 3614 3599 δύνασθαι
3658 3545 3869 3614 σπουδῇ

2310 3643 2411 3711 τῆς
2456 3644 2658 3705 οἰκείας
2695 3642 2994 3710 δυνάμεως.
3052 3639 3181 3693 Ἰδοὺ
3212 3639 3340 3706 γοῦν
3371 3639 3479 3691 τῶν
3521 3638 3653 3703 πρὸς
3683 3636 3869 3701 ἀσφά-

2311 3732 2459 3783 λειαν
2509 3732 2749 3782 ὲνέλιπεν
2794 3732 2980 3799 ἄφρων
3028 3731 3200 3788 οὐδὲν,
3237 3730 3330 3780 καὶ
3367 3729 3463 3795 τῆς
3511 3726 3725 3787 ἐλπίδος
3767 3727 3873 3777 ἀπ-

2312 3823 2488 3889 έτυχε·
2513 3820 2645 3872 σῶαι
2670 3821 2725 3871 αἱ
2743 3819 3031 3889 ἀποθῆκαι,
3061 3819 3151 3871 καὶ
3179 3814 3768 3887 ἁπο[τε]θὲνόὐδαμοῦ’
3796 3815 3869 3867 τὰ

2313 3910 2554 3978 κλεῖθρα,
2603 3910 2696 3960 καὶ
2743 3910 2791 3960 οἱ
2839 3909 3179 3977 σημαντῆρες
3217 3909 3319 3960 οὐκ
3358 3905 3659 3975 ἠδίκηνται,
3694 3905 3792 3954 καὶ
3841 3905 3870 3954 ὁ

2316 4000 2459 4057 σῖτος
2497 3996 2883 4063 ἐδραπέτευσεν
2903 4012 2918 4026 ο
2964 3997 3023 4047 οὐ
3069 3995 3361 4062 διώρυκται
3393 3996 3589 4061 τοῖχος,
3619 3992 3681 4043 οὐ
3708 4008 3872 4057 περι-

2313 4085 2510 4153 ῄρηται
2552 4084 2765 4152 ὄροφος,
2816 4084 2910 4134 καὶ
2941 4083 3008 4133 τά
3061 4085 3278 4150 ταμιεῖα
3322 4082 3639 4133 κεκένωται.
3682 4080 3871 4131 Πάντα

2315 4176 2427 4225 οώα
2468 4173 2535 4225 τὰ
2577 4173 2675 4238 τῆς
2725 4171 3054 4239 ἀσφαλείας,
3107 4172 3278 4221 πάντα
3331 4167 3615 4234 ὁλόκληρα,
3665 4164 3764 4215 καὶ
3808 4165 3871 4213 τὸ

2314 4265 2558 4332 γέννημα
2587 4263 2795 4331 βαδίζον
2823 4261 2925 4326 ἔξω
2950 4259 3133 4327 θαῦμα
3160 4260 3270 4319 τοῖς
3298 4255 3463 4326 ὁρῶσι
3492 4254 3741 4323 παρέχει,
3773 4253 3871 4303 καὶ

673 4343 856 4413 fruges
872 4354 1019 4398 extra
1038 4346 1385 4414 procedentes
1405 4351 1769 4416 spectantibus
1784 4350 2213 4415 admirationem,

2318 4355 2510 4425 πολλὴν
2538 4353 2797 4422 αἰσχύνην
2840 4351 2915 4420 τῷ
2944 4350 3330 4426 θησαυρίσαντι
3370 4344 3614 4413 οὐδαμῶς
3659 4344 3870 4412 κρύψαι

673 4436 1038 4486 coacervatori
1078 4437 1237 4489 etiam
1276 4438 1502 4491 multum
1535 4438 1807 4491 dedecoris
1836 4442 2091 4506 prmbent,
2122 4443 2211 4509 qui

2318 4445 2595 4514 δυναμένῳ
2623 4444 2722 4511 τῆς
2753 4444 2937 4504 ἀνοίας
2979 4442 3071 4493 τὸν
3113 4440 3351 4507 ἔλεγχον,
3379 4436 3662 4497 τοσούτους
3690 4433 3870 4501 ἔχοντι

596 4564 601 4569 .
676 4522 833 4593 124
860 4525 1007 4578 nullo
1039 4526 1197 4577 modo
1243 4536 1452 4593 poterat
1486 4528 1760 4583 occultare
1794 4527 2075 4582 dementia:
2104 4544 2214 4582 sum

2318 4535 2414 4600 τῆς
2457 4533 2845 4600 ἀπανθρωπίας
2897 4532 3229 4596 κατηγόρους
3276 4528 3398 4586 τοὺς
3450 4526 3633 4592 σῆτας,
3668 4522 3762 4581 οὓς
3809 4523 3871 4572 τὸ

673 4614 1163 4683 exprobrationem,
1205 4624 1283 4668 tot
1310 4616 1512 4672 habens
1551 4619 1959 4674 inhtttnanitatis
1990 4634 2214 4673 accusa-

2318 4623 2493 4691 νεῦμα
2546 4619 2861 4687 παραδόξως
2896 4620 3116 4684 αἰθρίως
3164 4615 3454 4665 ἐσκέδασεν
3491 4616 3548 4663 ἐν
3589 4611 3743 4681 ὀλίγῃ
3786 4610 3873 4660 τέ-

675 4701 837 4754 triccs
880 4703 1069 4765 tineas,
1114 4719 1251 4772 quas
1306 4714 1469 4758 nutus
1508 4706 1720 4761 divinus
1765 4710 2077 4764 mirabiliter
2115 4712 2214 4764 sub

2318 4730 2449 4783 φρᾳ,
2482 4710 2875 4771 καταλιπόντας
2904 4708 3048 4758 ἔνδον
3078 4706 3144 4758 τὰ
3181 4705 3279 4773 τῆς
3325 4701 3676 4769 ἀναισθησίας
3729 4717 3870 4767 μνη-

672 4792 765 4842 ilio
781 4792 1035 4859 dispersit
1063 4792 1116 4843 in
1139 4797 1332 4863 exiguo
1357 4796 1593 4864 pulvere,
1616 4796 2050 4865 derelinquentes
2074 4801 2215 4855 intus

672 4892 1020 4937 monumenta
1051 4884 1294 4938 stultitiae
1335 4887 1399 4939 ad
1443 4889 1863 4943 recordationem
1904 4901 2214 4957 perpetuam

674 4974 985 5037 dementiae,
1009 4991 1138 5042 qua.
1187 4975 1277 5043 qui
1311 4976 1595 5044 collegerat
1628 4980 1737 5041 illa,
1789 4966 1976 5045 captus
2007 4978 2213 5038 fuerat;

675 5070 731 5114 ut
754 5062 1065 5116 derelictum
1096 5065 1365 5130 pulverem
1389 5080 1635 5127 cernens,
1660 5081 1847 5118 vanam
1875 5068 2215 5121 anituadter-

676 5161 810 5205 teret
846 5150 1133 5205 humanam
1194 5154 1604 5219 providentiam,
1664 5157 1973 5222 neutiquam
2012 5157 2217 5215 dicens,

673 5257 795 5310 qua:
820 5250 972 5295 antea
1002 5242 1214 5299 dicebat
1242 5259 1255 5293 :
1290 5260 1309 5291 ι
1342 5245 1556 5309 Anima,
1585 5244 1750 5297 babes
1776 5245 1939 5297 multa
1974 5247 2112 5299 bona
2135 5263 2217 5299 re-

673 5331 846 5399 posita
873 5329 923 5380 in
950 5345 1121 5385 annos
1144 5330 1424 5398 plurimos,
1452 5335 1690 5398 comede,
1716 5331 1854 5396 bihc,
1875 5333 2052 5388 laetare
2078 5336 2126 5366 9"
2149 5352 2162 5401 ;
2196 5354 2212 5385 ι

677 5419 772 5474 scd
818 5418 872 5472 in
901 5418 1047 5471 exitu
1097 5422 1171 5473 rei
1213 5436 1395 5479 verum
1451 5420 1577 5475 illud
1617 5421 2041 5491 deprehendens,
2077 5425 2219 5491 quod

750 5574 795 5605 “
822 5573 949 5629 Luc.
988 5592 1081 5642 xu,
1115 5574 1193 5629 18.

2323 4804 2528 4872 μόσυνα
2572 4800 2705 4869 πρὸς
2750 4798 2969 4866 διηνεκῆ
3019 4797 3093 4863 τῷ
3132 4792 3484 4861 συναγαγόντι
3524 4790 3707 4850 ἀνοίας
3738 4790 3871 4841 ὑπόο

2322 4909 2538 4962 μνησιν,
2573 4891 2659 4943 ἵνα
2695 4891 2792 4957 τὴν
2834 4888 3247 4952 ὑπολειφθεῖσαν
3290 4884 3434 4934 κόνιν
3463 4880 3620 4949 ὁρῶν,
3658 4881 3871 4932 εἰκαίαν

2324 4977 2468 5047 μάθῃ
2519 4976 2616 5044 τὴν
2666 4973 3007 5041 ἀνθρωπίνην
3061 4969 3415 5039 προμήθειαν,
3470 4967 3648 5020 οὐκέτι
3697 4968 3871 5033 λέγων

2324 5066 2464 5134 ειπερ
2514 5065 2662 5131 ἔλεγε
2714 5062 2991 5130 πρότερον·
3017 5075 3053 5109 ”‹
3090 5058 3267 5127 Ψυχὴ,
3318 5058 3459 5128 ἔχεις
3494 5057 3663 5110 πολλὰ
3690 5057 3871 5122 ἀγαθὲ

2327 5155 2550 5223 κείμενα
2578 5157 2655 5215 εἱς
2681 5152 2773 5220 ἔτη
2806 5151 2990 5212 πολλὰ,
3014 5150 3172 5217 φάγε,
3204 5150 3314 5209 πίε,
3341 5148 3648 5221 εὐφραίνου.
3680 5166 3697 5195 ι
3732 5146 3870 5197 Ἀλλ’

2326 5245 2499 5295 ἐκεῖνο
2528 5247 2593 5313 τῇ
2623 5242 2843 5295 ἐκῦάσει
2885 5240 2976 5292 τοῦ
3009 5242 3324 5309 πράγματος
3359 5239 3623 5307 εὑρίσκων
3654 5235 3867 5303 ἀληθὲς,

2325 5334 2460 5401 ὅπερ
2491 5336 2518 5385 ὁ
2564 5333 2788 5392 Ἡσαΐας
2823 5326 3129 5390 ἐνθουσιῶν,
3166 5330 3256 5383 καὶ
3302 5324 3720 5395 θεοφορούμενος
3762 5321 3873 5372 ἐλε-

2326 5438 2418 5490 γεν
2440 5438 2453 5451 ο
2496 5440 2512 5472 ι
2557 5424 2651 5476 Ὃν
2681 5412 3284 5493 τρόποννένυπνιάζεται
3317 5420 3345 5470 ὁ
3386 5415 3571 5487 διψῶν,
3617 5412 3694 5478 ὠς
3728 5416 3753 5465 ὁ
3787 5432 3869 5465 πι-
