4076 6338
790 413 895 475 855

1350 519 1611 575 SECTIO
1661 520 1754 573 VI.

793 634 941 701 Quod
992 632 1170 686 merito
1213 633 1500 698 puniuntur
1557 632 1648 700 qui
1672 632 1977 701 facultates
2022 632 2308 700 promiscue

1193 701 1575 769 quibuscunque
1605 700 1915 769 relinquunt.

1398 828 1620 884 CAPUT
1657 828 1697 881 Ι.

854 960 1062 1016 Etenim
1086 959 1179 1028 qui
1202 967 1571 1014 successerunt
1596 959 1650 1011 in
1682 957 1855 1022 bonis,
1884 959 1933 1013 si
1959 964 2201 1026 sumptus
2232 958 2312 1011 la-

785 1048 1066 1102 borassem
1099 1047 1339 1115 penuria,
1378 1047 1673 1116 potuissent
1701 1062 1730 1100 a
1764 1047 1996 1116 peccatis
2028 1046 2307 1107 absistere,

783 1136 1268 1205 quaa'perpetrandi
1300 1136 1596 1190 libertatem
1629 1136 1708 1189 eis
1733 1136 2076 1202 pecuniarum
2109 1134 2303 1187 exube-

784 1224 958 1277 rantia
986 1223 1149 1287 dedit,
1184 1224 1334 1291 quasi
1368 1224 1508 1277 viam
1542 1231 1784 1277 sternens
1816 1222 1982 1275 motui
2018 1221 2307 1275 voluntatis

785 1312 852 1365 ad
877 1327 937 1364 ea
978 1327 1095 1380 qua:
1123 1313 1398 1379 approbat,
1428 1312 1598 1379 ipsam
1624 1311 1800 1379 operis
1838 1310 2045 1363 facilem
2076 1319 2309 1377 potesta—

784 1408 913 1455 tem.
944 1399 1121 1469 Neque
1148 1401 1277 1454 mihi
1311 1401 1592 1470 quisquam
1625 1414 1792 1469 nugas
1821 1398 2065 1453 eﬂ‘utiens
2093 1399 2308 1453 obsole-

784 1500 899 1543 tum
954 1490 1102 1544 illum
1141 1499 1454 1559 praetextum
1487 1492 1721 1558 graviter
1759 1490 2041 1553 edisserat,
2081 1488 2225 1551 ﬁliis,
2256 1497 2310 1543 et

783 1583 1083 1652 nepotibus,
1127 1583 1392 1650 inquiens,
1432 1596 1489 1635 se
1521 1596 1730 1635 servare
1770 1596 1896 1646 opes
1925 1581 1989 1635 ad
2017 1580 2177 1633 vitam
2209 1581 2308 1635 ho-

783 1678 934 1723 ueste
953 1668 1306 1737 deccnterque
1326 1668 1735 1737 transigendam.
1759 1666 2090 1735 Experientia
2112 1667 2307 1736 quippe

780 1756 1011 1809 occlusit
1053 1770 1113 1809 os
1165 1768 1321 1807 omne
1366 1755 1508 1823 quod
1561 1753 1687 1807 illud
1737 1754 2078 1823 praetexebat,
2114 1767 2303 1807 vanam

781 1843 1064 1899 ostendens
1110 1844 1287 1911 reipsa
1338 1843 1707 1912 hujuscemodi
1751 1842 2047 1912 genitorum
2095 1855 2300 1895 curam.

781 1934 922 1997 Quot
970 1933 1112 1985 enim
1167 1933 1514 2002 pauperculis
1566 1947 1594 1984 e
1643 1930 2071 1998 progenitoribus
2108 1930 2209 1982 orti
2252 1929 2305 1981 in

780 2030 980 2074 tantam
1010 2030 1364 2088 pervenerunt
1384 2020 1726 2087 opulentiam,
1765 2026 1822 2071 ut
1852 2019 1953 2082 Itis,
1980 2018 2070 2086 qui
2103 2018 2305 2086 percel-

781 2112 966 2164 luntur
998 2110 1350 2163 admiratione
1379 2110 1522 2163 circa
1545 2124 1710 2163 vanas
1737 2123 1844 2173 res,
1876 2109 2307 2161 existimarentur

781 2199 1085 2252 invidendi?
1139 2200 1275 2262 Quot
1319 2208 1493 2252 autem
1543 2198 1634 2251 ﬁlii
1686 2197 1976 2266 splendidis
2025 2206 2302 2265 parentum

780 2289 971 2357 opibus
1002 2288 1353 2343 succedentes
1404 2289 1455 2341 in
1496 2296 1785 2341 extremam
1816 2295 2176 2355 paupertatem
2222 2300 2307 2339 re-

779 2378 918 2431 (lacti
957 2386 1100 2440 sunt,
1138 2377 1252 2445 qui,
1286 2390 1409 2429 cum
1454 2384 1545 2428 aut
1572 2374 1833 2428 violenter
1860 2390 1889 2427 a
1918 2374 2305 2441 potentioribus

778 2466 1017 2531 oppressi
1067 2473 1120 2515 et
1162 2463 1413 2516 omnibus
1484 2462 1643 2514 simul
1710 2460 2052 2514 facultatibus
2095 2459 2306 2528 spoliati

779 2551 1030 2614 fuissent,
1060 2556 1152 2601 aut
1180 2562 1273 2601 eas
1301 2548 1560 2600 dissoluta
1594 2546 1720 2608 vita,
1756 2546 1839 2598 vel
1878 2546 2124 2613 turpibus
2152 2536 2305 2597 ob'se-

785 2638 925 2705 quiis
942 2636 1190 2705 paulatim
1214 2637 1575 2710 devorassent,
1605 2638 1666 2686 ad
1696 2632 1988 2686 extremum
2012 2634 2095 2684 vix
2128 2646 2309 2684 neces-

779 2727 975 2779 sarium
1023 2726 1216 2778 victum
1274 2722 1641 2777 inveniebant?
1685 2720 1754 2773 Ita
1795 2730 1852 2774 ut
1900 2721 2111 2774 cunctis
2140 2720 2309 2771 mani-

777 2821 909 2875 feste
932 2819 1323 2872 demonstretur
1356 2813 1521 2866 futilis
1560 2812 1927 2879 congregantis
1977 2809 2305 2878 prospectio,

777 2906 1033 2960 desistere
1077 2903 1275 2956 faciens
1306 2903 1561 2968 exemplis
1594 2900 2027 2969 prascedentihus
2063 2898 2115 2950 in
2155 2897 2307 2965 127

778 3007 1048 3063 poSterum
1085 2993 1151 3044 ah
1183 2992 1288 3057 isto
1333 2992 1480 3043 inani
1529 2992 1732 3053 labore,
1764 3000 1815 3042 et
1851 2988 2179 3056 persuadens
2214 2988 2309 3037 ha-

2243 417 2303 473 S.
2352 414 2511 476 NILI

2331 521 2377 575 Α

3828 421 3930 484 856

2988 529 3221 581 TMHMA
3262 530 3349 594 cr.

2412 636 2536 689 ’Ὅτι
2572 622 2637 687 oi"
2654 636 2772 701 τοῖς
2797 637 3132 707 ἀδιαφόροις
3152 638 3519 707 1527011810?
3545 637 3655 707 τὴν
3674 630 3931 707 ὓπαρξιν

2578 706 3059 773 παραπέμποντες
3102 705 3438 787 κολάζονται
3471 706 3728 770 εἰκότως.

2989 813 3233 888 suam.
3271 835 3349 888 A'.

2361 946 2365 948 γ
2488 967 2693 1034 Ἀργείν
2725 965 2830 1034 γὰρ
2862 967 2909 1017 ot
2937 944 3299 1032 διαδεξάμενοι
3336 964 3433 1024 τὰς
3468 963 3650 1025 οὐσίας
3686 963 3930 1016 ἐδύναντο

2405 1054 2511 1105 τῶν
2541 1054 2945 1123 ἁμαρτημάτων
2977 1054 3173 1122 ἀπορίᾳ
3218 1053 3476 1121 δαπάνης,
3505 1046 3579 1106 ὧν
3604 1053 3787 1105 ἄδειαν
3836 1056 3931 1105 αὐ-

2404 1144 2515 1203 τοῖς
2542 1144 2575 1209 ἡ
2602 1141 2708 1199 τῶν
2738 1141 3027 1211 χρημάτων
3054 1141 3278 1209 ἀφθονία
3306 1141 3539 1211 παρέσχε
3567 1144 3631 1211 τῇ
3656 1143 3799 1210 ὁρμῇ
3842 1142 3932 1210 τῆς

2406 1230 2771 1300 προαιρέσεως
2800 1229 2932 1296 πρὸς
2958 1228 3024 1281 τὰ
3056 1228 3307 1281 δοκοῦντα
3339 1228 3552 1281 εὔκολον
3579 1230 3931 1297 ὀδοποιήσασα

2405 1320 2500 1388 τὴν
2526 1317 2769 1384 ἐξουσίαν
2795 1318 2886 1369 τοῦ
2917 1317 3095 1385 ἔργον.
3140 1319 3246 1370 Καί
3289 1335 3377 1387 μοι
3419 1320 3602 1388 μηδεὶς
3645 1319 3743 1387 τὴν
3772 1316 3934 1370 ἕωλον

2405 1408 2619 1476 ἐκείνην
2646 1406 2977 1475 βαττολογῶν
3002 1406 3387 1474 σεμνολογείτω
3413 1391 3697 1478 πρόφασιν,
3714 1402 3934 1467 τέκνοις

2405 1498 2497 1548 καὶ
2524 1496 2761 1563 ἐκγόνοις
2785 1496 2956 1563 λέγων
2985 1495 3265 1562 φυλάττειν
3293 1495 3359 1549 τὰ
3382 1498 3631 1565 χρήματα
3668 1495 3805 1563 πρὸς
3845 1493 3933 1565 εύ-

2406 1586 2649 1654 σχήμονα
2699 1585 2832 1652 βίον.
2886 1582 3122 1651 Ἐφραξε
3166 1583 3271 1651 γὰρ
3323 1586 3357 1652 ή
3405 1584 3567 1651 πεῖρα
3615 1583 3722 1635 πᾶν
3767 1580 3935 1648 στόμα

2405 1673 2868 1744 προφασιζόμενον
2916 1671 3121 1734 ταῦτα,
3174 1671 3404 1740 ματαίαν
3456 1670 3549 1723 ἐπὶ
3592 1669 3700 1721 τῶν
3762 1667 3935 1738 ἔργων

2404 1762 2622 1823 δείξασα
2660 1760 2757 1830 τὴν
2799 1759 3051 1827 τοιαύτην
3077 1758 3184 1811 τῶν
3221 1758 3622 1827 γεγεννηκότων
3665 1756 3932 1826 φροντίδα.

2403 1852 2562 1902 Πόσοι
2600 1848 2706 1917 γὰρ
2752 1848 2809 1913 ἐξ
2848 1848 3064 1916 ἀπόρων
3108 1847 3383 1915 προγόνων
3415 1848 3494 1907 είς
3527 1845 3792 1912 τοσαύτην
3814 1859 3938 1913 προ-

2402 1938 2603 2007 έόησαν
2629 1935 2902 2005 εὐπορίαν,
2944 1934 3017 1995 ὼς
3040 1936 3150 1997 τοῖς
3191 1934 3537 2003 ἐπτοημένοις
3563 1932 3691 2001 περὶ
3723 1930 3795 1982 τὰ
3837 1930 3937 1998 μά·-

2406 2043 2533 2079 ταια
2561 2023 3213 2095 νομισθῆναιίὲπίφθονοη
3257 2023 3417 2073 Πόσοι
3447 2021 3504 2072 δὲ
3531 2021 3780 2087 πατῐρων
3801 2018 3937 2086 λαμο

2404 2117 2544 2185 πράς
2613 2116 2797 2176 οὐσίας
2862 2112 3224 2180 διαδεξάμενοι
3292 2111 3511 2171 παῖδες,
3570 2111 3649 2170 είς
3707 2107 3939 2175 ἐσχάτην

2401 2205 2602 2274 ἡλασαν
2626 2203 2833 2266 πενίαν,
2857 2201 2889 2271 ἢ
2918 2199 3223 2270 βιασθέντες
3252 2197 3398 2265 παρά
3425 2195 3822 2274 δυνατωτέρων,
3846 2193 3939 2247 καὶ

2401 2273 2533 2360 όμοῢ
2580 2291 2757 2343 πᾶσαν
2804 2288 3183 2358 ἀφαιρεθέντες
3229 2287 3324 2354 τὴν
3354 2273 3664 2353 ὓπαρξιν,’ἢ
3712 2286 3777 2352 τῇ
3825 2280 3940 2334 κατ’

2402 2380 2579 2447 ὀλίγον
2629 2377 2793 2446 αὐτὴν
2840 2372 3168 2444 λαφύξαντες
3208 2373 3397 2441 ἀσώτῳ
3445 2373 3684 2439 διαγωγῇ
3728 2371 3823 2423 καί⁸
3849 2370 3940 2438 θη-

2402 2468 2571 2528 τείαις
2623 2466 2903 2532 αἰσχραῖς,
2953 2462 3176 2527 ὕστερον
3238 2460 3389 2529 μόλις
3446 2458 3786 2526 ποριζόμενοι
3846 2457 3940 2525 τὴν

2404 2556 2703 2621 ἀναγκαίαν
2744 2552 2995 2620 τροφήν;.
3032 2550 3218 2611 Ὅπως
3262 2550 3294 2616 ή
3339 2546 3523 2614 σκέψις
3570 2544 3662 2597 τοῦ
3710 2553 3939 2608 συναγα-

2405 2646 2586 2710 γόντος
2617 2641 2793 2693 είκαία
2823 2641 2951 2691 πᾶσι
2998 2636 3269 2705 προδήλως
3308 2633 3510 2702 δειχθῇ,
3540 2631 3785 2683 παύουσα
3820 2630 3940 2689 τοὺς

2406 2731 2559 2795 αὖθις
2601 2731 2697 2799 τῆς
2736 2728 2985 2797 τοιαύτης
3031 2725 3411 2795 ματαιοπονίας
3457 2726 3565 2785 τοῖς
3619 2718 3941 2791 προλαϐοῦσι

2405 2819 2827 2889 παραδείγμασι,
2870 2817 2966 2868 καὶ
3012 2816 3111 2883 τῆς
3155 2812 3358 2872 οἰκείας
3405 2810 3659 2863 πείθουσα
3697 2804 3940 2874 γενέσθαι

2409 2909 2693 2980 σωτηρίας,
2728 2908 2823 2976 τὴν
2868 2906 2973 2958 τῶν
2999 2904 3234 2970 ἐκγόνων
3262 2898 3567 2967 οἰκονομίαν
3605 2894 3941 2954 ἀνατιθέντες

2408 2999 2524 3067 Θεῷ
2548 2998 2829 3057 κάκείνους
2862 2994 3307 3061 οἱκονομήσαντις
3345 2990 3421 3050 ὡς
3464 2987 3673 3056 ἔκρινεν
3702 2984 3937 3049 εῠλογον,

783 3088 909 3139 bere
945 3082 1166 3152 prepria:
1204 3080 1394 3134 salutis
1431 3080 1728 3139 rationem;
1771 3084 2105 3143 posterorum
2141 3074 2310 3127 admi»

2410 3088 2442 3154 ἢ
2474 3087 2536 3137 ὲκ
2574 3082 2842 3136 ταπεινῶν
2875 3081 3155 3149 ποιήσαντι
3202 3078 3456 3147 ὑψηλοὺς,
3505 3077 3538 3145 ἢ
3565 3077 3861 3145 τηρήσαντι
3887 3074 3941 3125 ὲν

781 3174 1148 3229 nisirationem
1185 3170 1236 3224 in
1270 3168 1376 3221 Deo
1413 3177 1746 3235 reponentes,
1776 3166 1867 3233 qui
1906 3165 1970 3218 de
1995 3165 2096 3217 illis
2130 3164 2308 3231 dispo-

779 3274 888 3327 net,
925 3273 1081 3331 prout
1104 3256 1421 3328 judicaverit
1447 3255 1782 3314 rationabile.
1812 3256 1893 3307 vel
1918 3270 1982 3307 ex
2016 3253 2307 3307 humilibus

779 3352 1017 3406 excelsos
1044 3348 1250 3412 eiliciet,
1299 3354 1389 3399 aut
1425 3344 1764 3417 conservabit
1806 3357 1899 3396 eos
1944 3342 1996 3394 in
2030 3342 2304 3410 dignitate.

779 3458 940 3510 quam
989 3456 1018 3493 a
1066 3437 1393 3507 genitoribus
1434 3435 1675 3488 relictam
1706 3432 2228 3501 acceperuntyNam
2261 3432 2304 3483 si
2342 3489 2347 3494 _

781 3546 988 3590 eorum,
1017 3543 1135 3596 quae
1171 3526 1294 3579 ﬁliis
1324 3525 1718 3592 relinquuntur,
1759 3522 1959 3576 incerta
1989 3530 2071 3575 est
2102 3520 2306 3574 stabili-

783 3629 888 3677 tas,
928 3615 981 3666 in
1006 3613 1254 3666 confesso
1278 3626 1403 3666 vero
1431 3619 1513 3663 est
1542 3611 1770 3670 lucrum,
1796 3608 1935 3675 quod
1966 3608 2025 3659 tit
2051 3622 2115 3659 ex
2148 3607 2310 3658 bene-

782 3700 996 3765 ticentia
1039 3717 1052 3749 :
1093 3711 1189 3750 cur
1229 3711 1337 3748 non
1378 3692 1719 3747 manifestum
1759 3693 1963 3745 incerto
2008 3684 2311 3744 decernitur

782 3786 1192 3858 praferendum,
1236 3781 1377 3851 quod
1430 3781 1633 3835 semina
1679 3780 1748 3831 ibi
1781 3778 2065 3847 persuadet
2113 3792 2309 3839 serere,

790 3879 876 3933 ubi
909 3876 1125 3945 copiosa
1163 3885 1213 3927 et
1267 3871 1560 3925 indubitata
1597 3870 1807 3937 frugum
1841 3868 2083 3921 collectio
2127 3880 2311 3933 spera-

785 3966 911 4022 tur?
939 3966 1000 4018 Et
1028 3965 1072 4019 si
1109 3977 1231 4017 vero
1261 3972 1403 4017 certa
1430 3960 1836 4014 successoribus
1855 3966 1998 4011 esset
2023 3956 2309 4025 possessio,

789 4073 882 4111 uec
911 4056 1003 4110 ulli
1025 4052 1427 4109 contradictioni
1454 4050 1683 4106 obnoxia
1705 4089 1720 4113 ,
1754 4049 1874 4116 quis
1899 4048 2031 4100 adeo
2048 4048 2127 4100 sui
2149 4046 2313 4114 ipsius

790 4148 959 4199 hostis
988 4157 1145 4213 atque
1177 4143 1459 4197 insidiator
1495 4149 1613 4204 est,
1656 4150 1713 4192 ut
1766 4138 2125 4190 abundantem
2158 4136 2313 4188 luxus

793 4237 1065 4286 materiam
1117 4233 1343 4302 posteris
1386 4232 1498 4283 suis
1537 4226 1933 4281 transmittendi
1971 4225 2165 4299 gratia,
2204 4224 2315 4291 ipse

790 4325 1103 4391 supplicium
1135 4323 1235 4376 sibi
1264 4320 1424 4388 eligat
1448 4326 1727 4379 aeternum,
1747 4330 1847 4369 nec
1874 4315 2140 4383 propriam
2175 4314 2316 4366 salu-

2408 3177 2484 3245 τῷ
2515 3174 2796 3245 ἀξιώματι,
2843 3167 2886 3240 ᾧ
2923 3170 3071 3240 παρὰ
3111 3170 3218 3223 τῶν
3268 3170 3545 3237 φυσάντων
3594 3163 3935 3231 κατελείφθη-

2412 3283 2525 3321 σαν.
2561 3266 2619 3317 Εί
2651 3265 2754 3333 γὰρ
2801 3259 2990 3328 ἄδηλος
3027 3261 3060 3327 ἡ
3106 3257 3214 3310 τῶν
3245 3254 3789 3324 καταλιμπανομένων
3826 3254 3933 3313 τοῖς

2409 3356 2614 3416 τέκνοις
2660 3350 2963 3419 παραμονὴ,
2994 3345 3405 3415 ὡμολογημένον
3443 3344 3498 3395 δὲ
3523 3344 3584 3395 τδ
3626 3344 3691 3394 ὲκ
3718 3343 3816 3411 τῆς
3851 3343 3933 3392 εύ-

2412 3444 2588 3503 ποιῐας
2612 3442 2817 3506 κέρδος,
2847 3439 2898 3491 τί
2932 3437 3004 3506 μὴ
3037 3438 3171 3488 πᾶσι
3211 3434 3301 3486 τοῦ
3332 3432 3522 3501 ἀδήλου
3581 3431 3640 3482 τὸ
3675 3427 3943 3497 προφανὲς

2413 3530 2650 3601 κρίνεται
2716 3526 3134 3596 προτιμότερον.
3190 3523 3305 3573 ἐκεῖ
3363 3517 3545 3571 πεῖθον
3602 3519 3817 3584 σπεῖραι
3883 3514 3945 3565 τὰ

2414 3621 2719 3689 σπέρματα,
2748 3618 2877 3668 ὅπου
2912 3615 3008 3667 καὶΙ
3052 3612 3216 3681 πολλὴ
3247 3611 3337 3663 καὶ
3365 3606 3724 3676 ἀναμφίόολος
3766 3606 3800 3672 ή
3842 3604 3945 3655 ἔπι·

2414 3711 2618 3777 καρπία
2646 3706 2955 3769 ὲλ-πίζεταις
2993 3703 3054 3755 Et
3080 3703 3136 3755 δὲ
3172 3704 3264 3756 καὶ
3297 3701 3485 3769 βεϐαία
3509 3701 3621 3759 τοῖς
3646 3694 3945 3763 διαδεχομέ-

2414 3813 2522 3855 νοις
2568 3797 2600 3862 ή
2650 3794 2839 3860 κτῆσις
2893 3787 2979 3859 ἦν,
3038 3790 3131 3843 καὶ
3168 3788 3585 3859 ἀνὰντίρῤητος,
3643 3786 3724 3846 τίς
3781 3783 3945 3841 οὕτως

2416 3880 2603 3948 ἐχθρὸς
2646 3876 2835 3930 ἑαυτοῦ
2884 3880 2975 3928 καὶ
3023 3874 3320 3937 ἐπίϐουλος,
3353 3874 3426 3931 ὼς
3469 3873 3607 3939 ὑπὲρ
3643 3869 3735 3921 τοῦ
3774 3882 3944 3933 παρα-

2416 3969 2623 4037 πέμψαι
2668 3969 2775 4028 τοῖς
2808 3967 2865 4029 ἐξ
2905 3964 3067 4017 αὐτοῦ
3101 3964 3323 4033 ἄφθονον
3358 3962 3486 4029 ὓλην
3530 3959 3758 4031 τρυφῆς,
3794 3954 3945 4014 αὐτὸς

2418 4058 2627 4109 ἑλέσθαι
2652 4056 2863 4107 αίὼνιον
2892 4054 3127 4116 κόλασιν,
3161 4052 3253 4106 καὶ
3277 4050 3349 4120 μὴ
3389 4050 3489 4118 τῆς
3517 4049 3687 4101 ἀλλων
3722 4046 3947 4103 ἀνέσεως

2418 4147 2511 4214 τὴν
2550 4146 2682 4196 ίδίαν
2718 4144 2984 4211 σωτηρίαν
3014 4140 3403 4210 προτιμοτέραν
3430 4136 3758 4207 ⁴ἡγήσασθαι,
3788 4134 3821 4199 ἢ
3852 4130 3945 4183 κᾶν

2420 4234 2547 4302 γοῦν
2591 4234 2647 4283 ὲν
2692 4232 2789 4298 ίσῳ
2820 4230 3002 4281 θέσθαι
3031 4230 3096 4279 τὰ
3120 4228 3289 4280 οἰκεῖα
3334 4228 3465 4287 τοῖς,
3522 4224 3597 4284 ὡς
3647 4225 3681 4291 ή
3718 4219 3946 4295 ,ἀλήθεια

2424 4322 2684 4391 βούλεται,
2710 4319 3000 4387 ἀλλοτρίοις
3020 4356 3034 4380 ,
3067 4318 3157 4369 καὶ
3199 4316 3346 4367 οὐδὲν
3396 4312 3754 4381 προσήκουσιν
3797 4309 3852 4359 ὲν
3878 4304 3947 4371 τῷ

791 4426 895 4464 tem
941 4413 1194 4478 potiorem
1226 4412 1450 4463 aliorum
1487 4408 1758 4476 voluptate
1792 4409 1970 4468 ducat,
2008 4412 2099 4456 aut
2132 4404 2317 4457 saltem

2424 4413 2701 4483 μέλλοντις
2730 4412 2880 4463 οὐδὲν
2923 4410 3030 4478 γὰρ
3079 4406 3252 4459 οὐδενὶ
3284 4404 3379 4471 τῆς
3415 4398 3605 4455 ἑαυτοῦ
3635 4398 3810 4468 ψυχῆς
3840 4396 3944 4446 ἴσον

791 4503 950 4554 etiam
983 4501 1032 4551 in
1073 4501 1258 4566 aequali
1307 4500 1504 4551 trutina
1547 4506 1710 4566 ponat
1752 4496 1964 4564 propria
1997 4509 2119 4546 eum
2152 4493 2316 4553 hisce,

791 4608 930 4661 quae,
964 4591 1039 4642 uti
1080 4588 1282 4639 Veritas
1309 4588 1436 4646 vult,
1483 4594 1610 4639 sunt
1656 4572 1848 4645 aliena,
1887 4581 2124 4648 nihilque
2158 4581 2319 4647 proli—

792 4683 941 4736 ciunt
990 4664 1053 4733 in
1084 4677 1263 4730 futuro
1304 4675 1535 4728 sreculo?
1567 4673 1709 4727 Nihil
1738 4672 1888 4725 enim
1928 4670 2069 4722 ullus
2105 4677 2323 4721 summet

794 4771 962 4839 ipsius
1018 4766 1207 4819 animae
1268 4762 1594 4830 aequiparare
1648 4761 1838 4823 debet,
1893 4756 2321 4825 quandoquidem

797 4860 1160 4928 unusquisque
1187 4854 1333 4907 solus
1364 4866 1457 4919 pro
1485 4865 1542 4903 se
1570 4850 1685 4918 ipso
1704 4850 1908 4917 judicio
1937 4848 2004 4902 sit
2034 4846 2320 4906 sistendus,

796 4952 999 5001 nullum
1036 4963 1064 5000 a
1119 4941 1380 5013 cognatis,
1432 4938 1515 4991 vel
1564 4936 1749 4988 amicis
1808 4946 2002 5003 prmsto
2046 4934 2325 4985 habiturus

798 5052 973 5091 eorum
1005 5035 1187 5088 .ltnlice
1219 5028 1593 5102 patrocinium.
1624 5020 1777 5077 Unde
1806 5023 2060 5091 quoniam
2092 5022 2323 5074 eleemo-

798 5146 943 5199 syna:
979 5137 1031 5180 et
1061 5142 1220 5194 opera
1260 5127 1397 5179 bona
1432 5117 1810 5176 conﬁdentiam
1844 5117 1896 5167 in
1932 5114 2023 5166 illo
2071 5112 2325 5165 tribunali

797 5218 1063 5289 prazbent,
1094 5216 1178 5266 his
1208 5216 1382 5279 potius
1403 5211 1630 5269 sollicite
1661 5205 2004 5266 studendum,
2041 5203 2329 5267 minusque

796 5304 1132 5378 procuranda
1173 5302 1380 5355 aﬂ'ectio
1416 5318 1538 5371 enga
1570 5301 1965 5371 cognationem,
2009 5294 2240 5363 reposita
2276 5293 2339 5343 in-

798 5400 907 5453 Deo
961 5394 1343 5468 gubernatione
1401 5393 1639 5445 omnium
1691 5405 1888 5455 rerum,
1951 5386 2042 5456 qui
2097 5382 2329 5451 disponit

800 5492 1216 5559 uniuscujusque
1241 5486 1405 5538 vitam
1428 5482 1491 5535 ad
1521 5482 1669 5543 illud,
1686 5483 1826 5563 quod
1850 5481 2021 5547 magis
2045 5476 2327 5535 conducit;

802 5581 902 5632 nisi
931 5590 1169 5632 nostrum
1207 5578 1305 5629 hac
1340 5575 1390 5626 in
1423 5580 1569 5640 parte
1602 5570 1749 5636 pejor
1778 5568 2229 5622 irrationabilibus
2262 5565 2329 5617 sit

801 5671 1075 5724 statuenda
1100 5668 1353 5729 conditio,
1404 5664 1493 5732 qui
1535 5650 1726 5715 ditium.
1759 5659 2105 5713 Providentia:
2134 5670 2327 5711 munus

2420 4503 2601 4571 ἐπειδὴ
2646 4501 2801 4569 μόνον
2844 4500 3069 4560 ἕκαστος
3112 4498 3248 4565 ὑπὲρ
3283 4493 3469 4546 ἑαυτοῦ
3520 4491 3733 4544 ἔσεσθαι
3773 4488 3945 4557 μέλλει

2422 4591 2751 4661 κρινόμενος,
2776 4589 3027 4655 οὐδεμίαν
3058 4589 3120 4637 ὲκ
3143 4584 3473 4650 συγγενείας,
3497 4583 3589 4633 καὶ
3621 4580 3798 4647 φιλίας
3819 4579 3946 4647 ἔχων

2421 4680 2512 4728 ἐπὶ
2540 4678 2631 4727 τοῦ
2666 4676 2848 4742 κριτοῦ
2883 4662 3395 4740 συνηγορίαν.”Ὀθεν
3412 4669 3592 4735 ἐπειδὴ
3607 4668 3945 4735 ἐλεημοσύναι

2424 4768 2515 4819 καὶ
2548 4764 2781 4815 εὐποιίαι
2812 4760 3121 4830 παρρησίαν
3161 4759 3251 4809 ἐπὶ
3283 4754 3375 4807 τοῦ
3407 4757 3646 4824 βήματος
3690 4752 3943 4821 παρέχου-

2426 4873 2505 4907 σιν
2526 4852 2748 4914 ἐκείνος,
2764 4850 2967 4902 τούτων
2998 4845 3471 4914 ὲπιμελητέον,τῆς
3496 4842 3631 4894 κατά
3647 4841 3744 4909 τὴν
3762 4838 3945 4891 οίκειὸ-

2422 4960 2555 5010 τητα
2608 4937 2969 5010 προσπαθείας
3014 4933 3379 5004 φροντίζοντες
3427 4931 3660 4993 ἔλαττον,
3707 4927 3823 4996 Θεῷ
3856 4924 3941 4991 τῆς

2426 5033 2636 5084 πάντων
2676 5024 3033 5093 ἀνακειμένης
3079 5021 3416 5091 κηδεμονίας,
3445 5017 3522 5087 τῷ
3557 5018 3690 5087 πρὸς
3726 5016 3785 5067 τὸ
3820 5029 3942 5081 συμ-

2426 5122 2583 5187 φέρον
2610 5115 2968 5183 οἰκονομοῦντι
2997 5111 3092 5179 τὴν
3114 5110 3340 5161 ἑκάστου
3382 5108 3546 5175 ζωὴν,
3574 5107 3622 5157 εί
3654 5103 3729 5171 μὴ
3776 5103 3942 5187 χεῖρον

2426 5184 2567 5273 ἡμᾶς
2614 5207 2718 5257 τῶν
2759 5204 2962 5268 ἀλόγων
3005 5200 3143 5251 κατά
3182 5197 3334 5249 τοῦτο
3371 5192 3668 5248 διακεῖσθαι
3715 5190 3819 5259 χρὴ
3856 5184 3942 5253 τὴν

2430 5298 2674 5362 πρόνοιαν
2720 5292 2809 5344 τοῦ
2863 5288 2995 5341 Θεοῦ
3051 5286 3541 5356 σφετεριζομένους,
3586 5284 3654 5350 τῇ
3706 5281 3784 5339 εἰς
3832 5274 3942 5335 τοὺς

2432 5386 2617 5444 παῖδας
2667 5381 2893 5447 δοκούσῃ
2944 5374 3250 5444 κηδεμονίᾳ,
3296 5371 3634 5438 σφαλλομένῃ
3673 5364 3939 5422 πολλάκις.

2427 5473 2499 5533 ὡς
2548 5475 2775 5541 εἴρηται,
2805 5469 2897 5520 τοῦ
2932 5463 3153 5525 σκοποῦ,
3188 5461 3272 5513 διὰ
3299 5460 3357 5510 τὸ
3404 5458 3627 5518 πολλοὺς
3657 5458 3720 5508 ὲκ
3762 5451 3943 5515 πολλῆς

2433 5565 2665 5630 κτήσεως
2698 5554 3105 5620 καταλελεῖφθαι
3132 5550 3383 5618 γυμνοὺς,
3412 5547 3504 5597 καὶ
3524 5543 3795 5600 ἀνεστίους
3823 5554 3941 5588 παν·

2433 5655 2648 5707 τάττατι.
2686 5636 2771 5700 Δεῖ
2800 5648 2923 5717 γὰρ,
2958 5646 2984 5695 ὃ
3030 5645 3103 5711 μὴ
3143 5625 3373 5709 σιῖιιρρτινι
3406 5629 3643 5702 λογισμῷ
3689 5628 3811 5696 παρ’
3836 5626 3951 5691 ὲανέ
