4076 6338
770 383 875 448 863

2227 389 2289 446 S.
2312 386 2468 449 ΝΠ]

3834 389 3936 456 851

773 490 874 542 riae
926 488 1263 557 praefationes
1302 473 1471 545 inihi
1508 490 1719 558 quidem
1756 489 2045 561 (inquiunt)
2078 491 2182 544 vita
2213 491 2303 555 sit,

2410 493 2700 562 προοίμιαῑ
2734 494 2829 563 Eii)
2865 495 2961 562 μὲν
2999 494 3122 563 ἐμοὶ
3166 496 3282 567 ζῇν,
3322 497 3479 565 φησι,
3511 497 3603 550 καὶ
3638 496 3742 550 τῶν
3772 498 3942 567 ἐμαυ-

774 584 829 629 et
881 592 1119 632 meorum
1178 579 1439 633 bonorum
1483 574 1787 633 dominium
1826 580 2024 648 possim
2076 580 2304 644 habere,

774 664 1088 733 priusquam
1130 666 1439 734 largiantur.
1470 667 1806 721 Deelarantes
1834 664 1883 721 id
1906 682 2013 721 non
2042 682 2104 732 se
2134 667 2308 723 facere

772 765 835 803 ex
863 754 1025 805 animi
1049 754 1333 815 sententia.
1359 763 1641 822 antequam
1660 755 1973 810 beneﬁcium
1993 756 2306 822 conferant;

774 838 1081 892 necessitati
1118 855 1316 894 morem
1349 855 1550 909 gerere.
1588 857 1693 895 non
1734 843 1995 897 voluntati
2027 858 2138 896 sua:
2168 842 2308 896 indi-

774 936 898 976 cant
925 943 937 978 :
968 926 1128 978 vitam
1169 936 1227 980 ut
1251 928 1461 996 degant,
1514 930 1955 998 propriarumque
1992 945 2168 984 rerum
2213 931 2310 985 do-

774 1010 1003 1063 minium
1043 1011 1196 1082 134
1223 1014 1468 1079 habeant,
1487 1023 1795 1082 precantes;
1826 1023 2167 1085 posteaquam
2184 1030 2311 1069 vero

774 1099 826 1150 id
849 1099 1069 1154 minime
1094 1103 1426 1164 conceditur,
1451 1105 1873 1158 transmittentes
1902 1105 2312 1174 quibuscunque

775 1189 884 1253 illa,
924 1205 1041 1257 quae
1068 1201 1124 1246 et
1156 1193 1257 1259 ipsi
1289 1193 1489 1246 vellent
1519 1193 1784 1261 accipere,
1813 1203 1907 1247 aut
1933 1195 2162 1249 retinere
2202 1209 2331 1248 non,

777 1291 1017 1344 possunt.
1066 1279 1149 1332 Sit
1190 1280 1316 1333 mihi
1365 1281 1493 1335 vita.
1546 1279 1742 1336 Verum
1785 1282 1985 1337 diceret
2031 1283 2098 1337 ad
2136 1283 2310 1352 ipsum

775 1369 1014 1435 apposite
1064 1369 1257 1424 veritas
1286 1388 1300 1401 ·
1327 1369 1409 1425 Sit
1456 1372 1552 1425 tibi
1592 1371 1739 1424 vita:
1769 1371 1901 1425 heus
1940 1373 2029 1425 tu!
2064 1372 2155 1425 sed
2186 1372 2312 1441 quid

778 1457 1035 1513 hactenus
1090 1459 1315 1514 vivendo
1368 1462 1433 1513 ad
1486 1462 1651 1514 vitam
1701 1460 1943 1515 utilitatis
1986 1461 2295 1529 praebuisti?

776 1546 943 1612 Quem
992 1564 1102 1618 pra:
1148 1549 1290 1603 fame
1338 1559 1646 1619 pereuntem
1689 1551 1921 1605 eihasti?
1967 1551 2133 1617 Quem
2173 1559 2315 1607 tecto

776 1648 1049 1690 carentem
1098 1639 1348 1708 excepisti
1385 1640 1654 1709 hospitio?
1685 1640 1854 1706 Quem
1895 1641 2189 1695 debitorem
2220 1657 2315 1695 ex-

783 1728 1031 1781 haustum
1062 1738 1311 1782 vexatum
1353 1730 1589 1784 liberasti
1612 1732 1635 1783 ?
1662 1730 1829 1795 Quem
1863 1731 2197 1799 plangentem
2222 1732 2316 1784 do-

736 1810 739 1811 ν
778 1816 1047 1871 minorum
1092 1820 1453 1873 crudelitatem
1484 1835 1512 1873 a
1545 1820 1678 1874 dura
1712 1819 1964 1875 servitute
2000 1821 2270 1875 absolvisti
2293 1822 2318 1874 ?

778 1906 1073 1977 Cujusnam
1115 1924 1323 1969 eorum,
1356 1911 1446 1979 qui
1479 1910 1680 1966 divitiis
1723 1912 1965 1965 frustrati
2013 1922 2157 1976 sunt,
2186 1929 2318 1982 pau-

752 2005 1039 2071 pertatem
1093 1998 1399 2052 consolatus
1451 2000 1549 2053 es?
1606 1999 1961 2054 Mendicitatis
2010 2017 2316 2068 aerumnas,

779 2087 1025 2156 quamvis
1054 2102 1151 2155 pro
1178 2099 1346 2156 parte,
1378 2089 1475 2157 ipsi
1504 2089 1800 2143 alleviasti‘l
1822 2089 1960 2153 Quid
1981 2090 2158 2144 vivere
2184 2092 2319 2146 velle

750 2175 934 2242 'dicis,
992 2176 1142 2231 nullo
1185 2178 1293 2231 alio
1323 2179 1388 2231 de
1435 2186 1486 2232 te
1527 2178 1579 2231 id
1621 2178 1876 2233 dicente?
1916 2180 2152 2234 dicerent
2196 2195 2319 2235 vero

780 2263 935 2317 multi
964 2263 1204 2326 oumino,
1237 2263 1284 2318 si
1313 2265 1582 2333 prieterito
1618 2272 1856 2333 tempore
1884 2265 2079 2319 bonum
2112 2275 2161 2320 te
2186 2281 2321 2336 pree-

781 2353 992 2407 buisses
1026 2352 1434 2421 :unusquisque
1471 2368 1661 2407 rursus
1688 2355 1845 2407 talem
1895 2364 2235 2423 experturum
2266 2364 2320 2409 te

782 2454 1068 2511 persuasus
1099 2438 1259 2505 foret,
1285 2441 1459 2509 qualis
1491 2442 1591 2511 ipsi
1623 2451 1678 2496 et
1705 2443 1832 2496 olim
1859 2442 2072 2498 fuisses.
2110 2446 2191 2497 Sit
2221 2446 2315 2499 tibi

783 2528 912 2582 vita.
946 2528 1114 2594 Quam
1136 2528 1205 2582 ob
1232 2529 1485 2583 causam?
1506 2538 1566 2583 ut
1594 2530 1883 2585 distribuas
1900 2511 2049 2599 'opes
2072 2535 2319 2600 pauperi-

783 2616 922 2671 bus?
947 2626 1006 2670 ut
1033 2631 1183 2691 nunc
1200 2616 1366 2672 facias
1386 2618 1527 2685 quod
1562 2627 1719 2672 antea
1750 2633 1857 2672 non
1889 2618 2103 2672 fecisti?
2127 2627 2183 2671 nt
2213 2619 2313 2671 im-

784 2714 1059 2772 posterum
1087 2695 1166 2757 ad
1203 2706 1574 2759 necessitatem
1602 2708 1818 2775 expleas
1844 2707 2130 2775 unicuique
2168 2723 2227 2761 es
2254 2723 2320 2761 co

784 2791 926 2859 quod
948 2792 1042 2846 tibi
1083 2792 1406 2859 superﬂuum
1432 2795 1546 2848 est?
1574 2792 1727 2849 Licet
1771 2794 1823 2848 id
1858 2794 1953 2847 tibi
1984 2804 2039 2847 et
2070 2795 2317 2849 morienti

784 2878 980 2942 facere,
1006 2880 1308 2948 multosque
1334 2880 1530 2935 habere
1554 2895 1650 2950 pro
1694 2889 1785 2935 ttta
1818 2883 2135 2936 remissione
2155 2898 2318 2936 oran-

702 2978 706 2982 '
782 2977 889 3033 tes;
919 2968 1231 3037 quinetiam,
1258 2969 1353 3023 etsi
1402 2969 1580 3023 nullus
1610 2978 1745 3033 oret,
1766 2985 1935 3039 neque
1959 2969 2123 3024 Deum
2149 2980 2316 3039 roget,

2405 582 2497 635 τοῦ
2524 582 2819 648 δεσπόζειν,
2854 586 2982 651 πρὶν
3008 584 3371 654 δωρήσωνται.
3401 585 3747 655 Δηλὼσαντες
3774 588 3839 639 τὸ
3865 587 3940 654 μὴ

2406 670 2542 724 κατὰ
2561 668 2781 739 γνώμην
2797 670 2949 723 τοῦτο
2969 675 3158 735 ποιεῖν,
3182 673 3307 741 πρὶν
3327 672 3667 741 χαρίσωνται,
3686 673 3747 725 τὸ
3771 688 3942 740 παρα·

2407 761 2599 829 χωρεῖν
2652 758 2881 828 ἀνάγκῃ,
2950 760 3043 811 καὶ
3105 761 3163 812 οὐ
3221 760 3531 830 προαιρέσει
3593 760 3937 831 σημαίνουσυ

2414 846 2511 917 ζῇν
2538 847 2635 915 μὲν
2661 848 2752 901 καὶ
2788 846 3064 909 δεσπόζειν
3091 847 3196 899 τῶν
3228 850 3439 903 οἰκείων
3466 850 3740 919 εὐχόμενοι
3774 867 3789 879 ·
3823 849 3941 900 ἐπεὶ

2406 935 2462 988 δὲ
2493 936 2567 1005 μὴ
2590 937 2859 1003 προχωρεῖ
2880 936 3512 1007 τοῦτο,παραπέμποντες
3537 941 3642 1001 τοῖς
3671 939 3941 1007 τυχοῦσιν,

2409 1023 2444 1077 ἃ
2489 1023 2583 1076 καὶ
2630 1022 2943 1091 βουλόμενοι
2974 1023 3235 1094 >.α6εἰν,ἦ
3270 1024 3414 1093 ἔχειν
3448 1026 3507 1077 οὕ
3536 1025 3809 1078 δύνανται.
3848 1025 3939 1091 Eii}

2410 1112 2532 1181 ἐμοὶ
2558 1109 2685 1180 (ﬁt)!
2728 1110 2863 1161 Ἀλλ’
2892 1110 3029 1162 εἴποι
3054 1112 3187 1182 πρὸς
3213 1113 3367 1165 αὐτὸν
3393 1113 3613 1174 εἰκότως
3633 1116 3665 1181 ἡ
3696 1114 3938 1179 ἀλήθεια·

2410 1200 2506 1267 Εῐη
2535 1214 2616 1251 σοι
2651 1199 2787 1268 ζῇν,
2816 1194 2863 1251 ὥ
2887 1194 3038 1262 οὗτος
3071 1200 3085 1252 l
3118 1200 3181 1250 Τί
3210 1201 3318 1268 γὰρ
3352 1201 3509 1270 μέχρι
3537 1202 3630 1254 νῦν
3655 1202 3824 1269 ζήσας
3854 1201 3942 1251 τὸν

2413 1289 2525 1357 βίον
2552 1286 2878 1356 melius“;
2914 1288 3042 1341 Τίνα
3074 1288 3577 1357 τῶνλιμωττόντων
3611 1291 3801 1358 ἐχόρτα
3813 1304 3937 1351 σαςς

2411 1378 2542 1429 Τίνα
2572 1376 2678 1439 τῶν
2700 1376 2940 1442 ἀστέγων
2982 1377 3318 1445 συνήγαγεςς
3362 1377 3491 1429 Τίνα
3521 1376 3626 1428 τῶν
3664 1376 3942 1444 στρεϐλου-

2416 1465 2587 1533 μένων
2637 1463 3036 1532 χρεωφειλετῶν
3070 1462 3432 1532 ἡλευθέρωσας
3462 1479 3476 1525 ;
3509 1462 3636 1514 Τίνα
3675 1462 3943 1514 δεσποτῶν

2412 1550 2731 1620 ὀδυρόμενον
2763 1549 3014 1618 ὠμότητα
3046 1551 3141 1617 τῆς
3173 1550 3407 1619 σκληρᾶς
3442 1551 3678 1610 δουλείας
3700 1546 3940 1617 ἀπήλλα-

2416 1638 2545 1701 ξας;
2580 1635 2732 1697 Τίνος
2770 1635 2876 1688 τῶν
2924 1636 3030 1687 ἀπὸ
3073 1636 3299 1688 πλούτου
3347 1638 3717 1704 ἀποτυχόντων
3756 1636 3942 1686 πενίαν

2417 1726 2805 1796 παρεμυθήσω,
2849 1726 3200 1792 ἐπικουφίσας
3249 1726 3393 1794 αὐτῷ
3440 1729 3532 1777 καὶ
3589 1727 3645 1776 ἐν
3682 1725 3835 1808 μέρει
3878 1726 3942 1776 τὰ

2413 1820 2511 1886 τῆς
2539 1817 2803 1885 πτωχείας
2828 1816 3010 1881 δεινά;
3051 1820 3168 1869 Ὂτι
3198 1816 3295 1885 ζῇν
3328 1817 3608 1884 βούλεσθαι
3628 1817 3829 1893 λέγειςἶ
3860 1818 3943 1867 οῦ·-

2420 1907 2565 1969 δενὺς
2597 1907 2758 1959 ἄλλου
2789 1906 2945 1958 τοῦτο
2982 1907 3224 1974 λέγοντος
3268 1908 3393 1975 περὶ
3438 1906 3566 1971 σοῢς
3597 1903 3759 1957 Εἶπον
3794 1905 3839 1956 δ’
3885 1905 3945 1956 ἂν

2418 1994 2629 2055 πάντως
2662 1991 2858 2049 πολλοὶ,
2891 1994 2951 2044 Et
2977 1989 3115 2061 ἦσθα
3147 1993 3426 2060 γενόμενος
3460 1995 3515 2044 ὲν
3536 1993 3612 2061 τῷ
3636 1993 3945 2061 παρελθόντι

2415 2082 2667 2152 χρηστὸς,
2697 2082 2853 2134 πάλιν
2876 2070 3100 2143 ἕκαστος
3128 2083 3365 2134 τοιούτου
3407 2082 3829 2151 πειραθήσεσθαι
3852 2098 3946 2132 πε-

2416 2172 2721 2241 πεισμένος,
2763 2167 2871 2232 οἷος
2903 2172 3048 2241 αὐτῷ
3080 2172 3172 2223 καὶ
3206 2172 3370 2223 πάλαι
3408 2171 3686 2240 γεγένησο.
3737 2172 3834 2239 Εῐη
3869 2187 3945 2221 σοι

2416 2262 2514 2331 ζῇν
2535 2276 2551 2293 ⁸
2585 2261 2723 2313 διατί
2746 2278 2761 2325 ;
2785 2262 2902 2313 Ἵνα
2935 2262 3160 2330 μερίσῃς
3196 2261 3292 2329 τὴν
3339 2261 3523 2313 οὐσίαν
3550 2264 3665 2322 τοῖς
3691 2260 3943 2329 πένησινς

2416 2352 2534 2405 Ἵνα
2573 2350 2668 2403 νῦν
2695 2351 2940 2420 ποιήσῃς,
2972 2350 3001 2401 ὃ
3031 2351 3104 2419 μὴ
3128 2350 3381 2419 ἐποίησας
3411 2349 3571 2418 πρῖνς
3604 2350 3722 2403 ’Ὶνα
3749 2349 3809 2401 τδ
3838 2348 3946 2400 λοι·

2417 2442 2516 2494 πον
2548 2440 2685 2493 κατά
2713 2440 2808 2508 τὴν
2848 2441 3033 2509 χρείαν
3065 2438 3453 2510 ἀναπληρώσῃς
3494 2440 3707 2507 ἑκάστῳ
3757 2440 3822 2490 ἐκ
3857 2437 3945 2489 τοῦ

2419 2548 2499 2584 σοι
2526 2533 2962 2600 περισσεύοντος;
3000 2529 3210 2591 Ἔξεστί
3240 2545 3319 2581 σοι
3337 2528 3493 2581 τοῦτο
3518 2530 3612 2581 καὶ
3639 2528 3946 2580 τελευτῶντι

2418 2618 2653 2686 ποιῆσαι,
2685 2617 2776 2669 καὶ
2798 2615 3023 2677 πολλοὺς
3053 2615 3194 2683 ἔχειν
3217 2616 3341 2677 τοὺς
3373 2613 3511 2683 ὑπὲρ
3532 2614 3630 2682 τῆς
3660 2615 3757 2682 σῆς
3783 2629 3945 2682 προσ·

2416 2704 2734 2774 ευχομένους
2764 2703 3020 2765 ἀνέσεως·
3055 2704 3248 2771 μᾶλλον
3277 2704 3332 2755 δὲ
3366 2704 3466 2755 κᾶν
3494 2704 3679 2771 μηδεὶς
3721 2701 3944 2770 προσεύ-

2420 2795 2597 2862 ξηται,
2633 2793 2763 2861 μηδὲ
2788 2792 2951 2860 δεηθῇ
2980 2793 3070 2843 τοῦ
3104 2793 3255 2855 Θεοῦ,
3292 2793 3420 2843 αὐτό
3448 2808 3505 2842 σε
3537 2793 3596 2843 τὸ
3629 2791 3783 2860 ἔργον
3811 2788 3945 2841 αἰδέ-

2420 2896 2574 2947 σιμον
2615 2880 2821 2945 ποιήσει
2845 2878 2923 2945 τῷ
2952 2881 2991 2929 K
3005 2881 3141 2947 ριτῇ,
3172 2880 3264 2930 καὶ
3302 2881 3391 2930 ἐπὶ
3425 2881 3520 2947 τὴν
3555 2879 3945 2947 ἡτοιμασμένην

2418 2968 2669 3037 ὁδηγήσει
2716 2968 2984 3036 βασιλείαν
3029 2968 3121 3018 σὺν
3164 2970 3272 3029 τοῖς
3303 2967 3530 3036 θρέψασι
3562 2966 3825 3018 πεινῶντα
3860 2967 3946 3017 τὸν

782 3057 1074 3125 ipsummet
1103 3073 1237 3126 opus
1282 3059 1710 3113 commendatum
1758 3067 1809 3114 te
1844 3058 2017 3114 Judici
2070 3060 2242 3124 sistet,
2267 3070 2321 3115 et

2421 3061 2644 3125 πένητα.
2668 3059 2738 3109 Ἢ
2766 3058 2854 3109 ἵνα
2882 3058 2973 3110 καὶ
2990 3058 3120 3110 ἄλλα
3147 3057 3502 3126 κτησάμενος,
3522 3056 3704 3125 ἁϐρῶς
3732 3056 3829 3124 μὲν
3847 3054 3948 3107 τῶν

782 3146 1007 3200 deducet
1036 3147 1101 3199 ad
1133 3162 1352 3215 regnum
1408 3158 1762 3216 praeparatum
1797 3164 1900 3203 una
1955 3165 2075 3204 cum
2113 3150 2178 3203 iis
2226 3150 2316 3217 qui

782 3248 1068 3303 pauperem
1097 3235 1417 3290 esurientem
1447 3235 1769 3311 nutrierunt.
1800 3235 1878 3289 An
1902 3245 1959 3289 ut
1984 3245 2037 3289 et
2068 3237 2200 3291 alios
2224 3238 2319 3290 ad-

784 3324 891 3377 huc
918 3324 1202 3393 acquirens
1235 3340 1452 3388 census,
1486 3325 1712 3380 molliter
1745 3324 1961 3394 quidem
1996 3326 2111 3393 ipse
2147 3326 2326 3380 suavi-

782 3413 887 3468 bus
936 3413 1143 3468 deliciis
1192 3428 1351 3482 quam
1382 3414 1683 3469 diutisSIme
1721 3415 2051 3482 perfruaris,.
2090 3416 2321 3484 plurium

784 3515 913 3555 vero
939 3510 1059 3554 tuos
1101 3501 1440 3575 derelinquas
1496 3516 1654 3568 apum
1701 3517 2058 3567 successores,
2109 3514 2347 3559 rursum

783 3598 962 3645 autem
1001 3591 1108 3643 illis
1159 3590 1414 3658 potiaris?
1476 3588 1671 3658 thuid
1703 3606 1795 3645 eas
1852 3594 2127 3659 hucusque
2192 3595 2327 3648 male

784 3680 1070 3735 dominans
1099 3679 1395 3744 obtinuisti,
1428 3680 1627 3736 nullius
1657 3696 1688 3736 e
1725 3682 1884 3736 tantis
1920 3682 2160 3749 pecuniis
2198 3685 2326 3737 sub-

787 3760 969 3825 levatus
1007 3771 1336 3839 egestatem?
1368 3769 1477 3826 Cur
1510 3788 1639 3827 vero
1666 3767 1732 3825 et
1759 3782 1847 3826 tua
1891 3772 2051 3835 dicis,
2087 3788 2206 3839 qua:
2262 3774 2326 3825 ad

792 3876 947 3915 usum
975 3860 1699 3928 prmscntisvitarconeessa,
1731 3861 1883 3930 135
1912 3871 1967 3915 et
1998 3862 2065 3916 ad
2085 3878 2169 3916 cor
2192 3870 2328 3915 amu-

788 3937 909 4005 nem
937 3950 1283 4018 indigentium
1307 3951 1799 4021 dispensationem?
1828 3953 1966 4006 unde
1987 3953 2103 4022 ipsa
2126 3954 2330 4023 impor-

791 4040 936 4105 tasti.
966 4052 1029 4096 ut
1058 4051 1145 4094 tua
1178 4056 1413 4105 vocares,
1453 4059 1573 4111 quin
1601 4044 1906 4111 antiquiora
1952 4055 2078 4098 sunt
2113 4052 2201 4097 tua
2235 4060 2331 4097 na-

790 4133 1036 4186 tivitate?
1062 4131 1177 4185 Non
1203 4132 1411 4185 aliunde
1443 4132 1669 4185 intulisti
1695 4133 1855 4185 vitam
1872 4132 2199 4207 ingrediens,
2223 4147 2327 4186 non

744 4222 745 4225 “
791 4231 966 4276 tecum
1001 4234 1126 4273 nato
1157 4224 1496 4281 exstiterunt.
1535 4236 1643 4273 non
1670 4221 1783 4289 ipsa
1816 4222 2099 4289 possidens
2128 4231 2327 4275 mater-

791 4325 866 4367 no
892 4311 1137 4380 prodiisti
1167 4326 1232 4364 ex
1260 4316 1437 4373 “utero.
1468 4321 1525 4364 ut
1548 4326 1652 4365 non
1675 4326 1832 4366 secus
1851 4326 1917 4365 ac
1938 4326 2133 4380 corpus
2155 4319 2328 4366 tecum

2419 3148 2585 3215 ἡδέων
2614 3148 2704 3198 ἐπὶ
2734 3147 2910 3198 πλεῖον
2935 3146 3243 3216 ἀπολαύσῃς
3274 3147 3453 3209 αὐτὸς,
3486 3144 3737 3198 πλειόνων
3760 3145 3813 3196 δὲ
3842 3145 3947 3195 δια-

2418 3236 2601 3304 δόχους
2649 3236 2949 3307 καταλίπῃς
2991 3238 3115 3297 τοὺς
3166 3236 3309 3297 σοὺς,
3358 3235 3630 3304 δεσπόσῃς-
3658 3234 3712 3285 δὲ
3755 3232 3944 3295 πάλινς

2422 3327 2539 3378 Ἵνα
2558 3326 2609 3377 τί
2638 3319 2712 3378 ὧν
2736 3325 2837 3385 ἕως
2861 3324 2951 3375 τοῦ
2982 3318 3242 3392 παρόντος
3271 3324 3450 3386 κακῶς
3483 3324 3831 3392 ὲκυρίευσας,
3868 3322 3949 3371 οὑ-

2420 3415 2566 3475 δενὸς
2593 3414 2656 3466 ὲκ
2691 3413 2957 3466 τοσούτων
3001 3413 3524 3481 παραμυθησάμενος
3565 3414 3802 3474 ἕνδειαν;
3833 3411 3947 3472 Πῶς

2423 3507 2477 3559 δὲ
2511 3508 2601 3558 καὶ
2624 3506 2690 3557 σὰ
2714 3506 2887 3571 λέγεις
2910 3505 2977 3557 τὰ
3004 3506 3138 3573 πρὸς
3163 3508 3353 3573 χρῆσιν
3373 3506 3622 3573 δεδομένα
3648 3506 3743 3571 τῆς
3774 3504 3947 3555 ἐνθάδε

2423 3594 2583 3663 ζωῆς,
2620 3596 2713 3646 καὶ
2744 3595 3043 3661 οίκονομίαν
3097 3595 3201 3646 τῶν
3240 3595 3502 3662 δεομένων
3542 3594 3755 3662 κοινήνς
3792 3592 3948 3643 Πόθεν

2424 3687 2676 3755 ἑνήνοχας
2704 3684 2864 3740 αὐτὰ,
2906 3685 2983 3734 ὅτι
3021 3684 3086 3734 σὰ
3111 3685 3285 3749 λέγεις
3304 3723 3317 3744 ,
3355 3683 3421 3735 τὰ
3447 3686 3544 3751 τῆς
3584 3684 3680 3751 σῆς
3703 3683 3949 3749 γενέσεως

2425 3772 2801 3842 πρεσϐύτερα;
2832 3773 2943 3823 Οὐκ
2977 3774 3282 3840 ὲπεκομίσω
3317 3772 3533 3824 ἄλλοθεν
3560 3770 3949 3839 παρερχόμενος

2426 3864 2504 3924 εἰς
2524 3862 2614 3913 τὸν
2640 3860 2779 3927 βίον;
2808 3862 2867 3911 οὐ
2906 3861 3159 3911 συνέπεσέ
3190 3877 3267 3910 σοι
3293 3860 3607 3926 γεννωμένῳ
3627 3877 3641 3922 ;
3660 3860 3756 3909 οὐκ
3780 3860 3839 3909 ἐκ
3862 3874 3947 3923 νη-

2425 3952 2544 4014 δύος
2577 3950 2713 4019 εχων
2746 3950 2881 4003 αὐτὰ
2926 3949 3143 4019 ἐξῆλθες
3188 3950 3472 4017 μητρικῆς,
3516 3950 3600 4000 ’ίνα
3626 3948 3870 4016 καθάπερ
3896 3948 3950 3996 τὸ

2428 4041 2780 4109 συμπεφυκὸς
2824 4041 3000 4107 σῶμα,
3050 4039 3216 4099 οὕτως
3253 4039 3406 4107 εἴπῃς
3453 4037 3556 4089 σά·
3590 4038 3657 4088 τὰ
3700 4036 3951 4104 σύγχρονά

2432 4146 2512 4180 σοι
2544 4124 2697 4196 εὗρες
2724 4144 2738 4157 ·
2767 4129 3000 4195 ἐχρήσω·
3034 4127 3373 4187 καταλείπεις
3393 4142 3406 4155 ·
3454 4126 3570 4185 πῶς
3600 4126 3668 4177 σὰ
3695 4126 3862 4189 λέγεις
3890 4124 3951 4173 τὰ

2429 4218 2535 4286 πρὸ
2580 4215 2694 4281 σοῦ,
2740 4216 2835 4267 καὶ
2885 4217 3019 4281 μετὰ
3068 4215 3125 4265 σὲ
3169 4216 3329 4264 πᾶσιν
3370 4216 3565 4281 ὁμοίιος
3610 4218 3686 4275 εἰς
3724 4213 3951 4276 ἐξουσίαν

2430 4306 2757 4377 προκείμενα
2783 4322 2798 4369 ;
2830 4306 2903 4355 Σὰ
2934 4300 3020 4373 ἦν,
3053 4306 3099 4355 εἰ
3127 4300 3193 4371 ἧς
3248 4302 3385 4355 αὐτὰ
3414 4305 3476 4369 τῇ
3530 4303 3805 4368 μεταδόσει
3832 4316 3947 4365 κτη-

795 4412 1005 4466 natum,
1048 4402 1119 4455 ita
1150 4400 1358 4455 diceres
1398 4412 1486 4453 tua
1510 4401 1605 4453 tibi
1646 4416 1854 4466 comva;
1887 4402 2151 4472 reperisti,
2203 4416 2322 4456 usus

2432 4399 2682 4466 σάμενος.
2710 4394 2945 4457 Βεϐαίως
2989 4393 3055 4445 σὰ
3084 4389 3167 4463 ἦν,
3197 4395 3244 4445 εί
3291 4388 3355 4461 ἧς
3383 4393 3519 4446 αὐτὰ
3545 4396 3610 4461 τῇ
3638 4391 3953 4459 ἐλεημοσύνη

793 4504 876 4553 cs,
898 4489 1246 4555 derelinquis.
1280 4489 1398 4554 Quo
1436 4497 1592 4557 pacto
1619 4497 1705 4540 tua
1754 4504 1936 4552 vocas,
1963 4505 2081 4559 qua
2108 4500 2230 4544 ante
2260 4501 2333 4549 te,

794 4593 849 4635 et
886 4587 1005 4648 post
1040 4587 1089 4630 te
1127 4580 1378 4633 omnibus
1406 4578 1607 4647 pariter
1650 4578 1715 4629 ad
1754 4577 2034 4629 arbitrium
2061 4586 2184 4629 sunt
2210 4594 2334 4644 pro-

797 4668 1003 4736 posita?
1018 4666 1129 4719 Tua
1143 4676 1313 4727 erant,
1338 4667 1381 4718 si
1400 4668 1653 4720 tradendo
1676 4680 1738 4719 ca
1759 4664 2141 4733 acquisivisst-s
2167 4683 2178 4716 :
2202 4680 2331 4716 eon-

798 4765 999 4812 stanter
1031 4766 1118 4810 tua
1148 4764 1321 4818 erant,
1348 4753 1395 4809 si
1439 4769 1501 4808 ea
1529 4757 1580 4806 in
1608 4757 1799 4808 cmlum
1841 4769 1931 4821 per
1948 4753 2331 4821 eleemosynas,

799 4847 879 4902 uti
930 4845 1259 4912 thesaurum,
1300 4846 1712 4901 recondidisscs.
1747 4845 1913 4898 Morte
1963 4846 2055 4898 tibi
2082 4845 2337 4898 distribu-

807 4937 1007 4987 tionem
1056 4933 1133 4985 tui
1171 4933 1392 4986 dominii
1436 4932 1796 4991 dissolvente,
1846 4929 2045 4982 frustra
2092 4931 2340 4998 deinceps

803 5022 1085 5076 distribuis
1127 5037 1212 5087 ea,
1243 5035 1469 5089 quorum
1493 5032 1699 5089 tempus
1722 5030 1775 5074 et
1800 5019 1965 5073 invito
1988 5018 2083 5070 tibi
2107 5028 2341 5085 potesta-

806 5118 913 5160 tem
944 5110 1149 5161 adimit.
1199 5108 1349 5163 Nunc
1385 5108 1561 5177 ,igitur
1612 5110 1925 5176 progredere
1968 5108 2082 5161 sine
2126 5106 2342 5159 diverti-

805 5197 947 5264 culo,
968 5207 1019 5250 et
1040 5182 1356 5267 transmigra
1375 5196 1692 5267 quantocius
1714 5212 1909 5264 paucas
1938 5197 2082 5251 brevi
2111 5206 2342 5262 tempore

807 5298 1035 5355 peracta:
1069 5286 1189 5339 vita:
1226 5289 1340 5339 vice
1369 5288 1655 5341 multarum
1702 5285 2002 5353 prolixioris
2035 5287 2177 5354 juste
2212 5286 2337 5337 sub—

811 5378 983 5432 iturus
1039 5392 1240 5444 patrias.
1281 5372 1480 5443 Ecquid
1526 5377 1837 5430 diuturnmu
1888 5376 1983 5427 tibi
2029 5382 2083 5429 et
2120 5374 2337 5444 gravius

2432 4485 2758 4552 θησαυρίσας
2802 4486 2858 4533 ἐν
2906 4481 3134 4551 οὐρανῷ.
3173 4479 3277 4533 Τοῦ
3316 4482 3369 4533 δὲ
3408 4479 3635 4533 θανάτου
3674 4498 3753 4532 σοι
3793 4497 3952 4547 παρα-

2432 4574 2647 4632 λύοντος
2694 4570 2790 4639 τὴν
2824 4571 2989 4639 νομὴν
3032 4572 3129 4638 τῆς
3170 4570 3465 4629 αὐθεντίας,
3513 4570 3735 4636 μάταιος
3788 4568 3952 4619 λοιπὸν

2436 4661 2743 4725 διανομεὺς,
2775 4654 2847 4709 ὧν
2872 4661 2900 4709 ὁ
2936 4658 3119 4725 καιρὸς
3164 4658 3253 4708 καὶ
3281 4656 3352 4723 μὴ
3376 4656 3691 4723 βουλόμενόν
3714 4673 3772 4707 σε
3804 4657 3955 4720 ἀφαι-

2438 4751 2608 4818 ρεῖται
2641 4741 2739 4815 τὴν
2766 4747 3023 4809 ἐξουσίαν.
3060 4747 3158 4796 Ἰθι
3195 4746 3256 4814 δὴ
3298 4742 3387 4797 οὖν
3410 4746 3706 4811 συντόμως,
3742 4745 3827 4795 καὶ
3870 4760 3951 4809 με·

2436 4836 2625 4906 τάϐηθι
2669 4836 2849 4905 τάχιον
2890 4835 3072 4901 ὀλίγας
3122 4834 3219 4903 τῆς
3267 4834 3623 4901 ὀλιγοχρονίου
3672 4833 3811 4901 ζωῆς
3848 4832 3950 4882 ἀντὶ

2436 4927 2641 4979 πολλῶν
2668 4929 2763 4993 τῆς
2797 4923 3141 4992 πολυχρονίου
3166 4927 3230 4991 τῇ
3256 4925 3376 4991 δίκῃ
3407 4921 3614 4986 ὑφέξων
3640 4922 3871 4981 εὐθύνας.
3897 4918 3951 4969 ΤΞ

2437 5016 2524 5067 καὶ
2554 5014 2764 5082 μακρὰν
2792 5013 3019 5079 σεαυτῷ,
3044 5013 3136 5062 καὶ
3157 5010 3533 5078 χαλεπωτέραν
3554 5009 3950 5069 κατασκευάζεις

2437 5106 2533 5173 τὴν
2571 5103 2807 5162 κόλασιν,
2841 5102 2973 5170 πρὸς
3004 5101 3223 5167 ἔσχατον
3253 5101 3423 5170 γῆρας
3448 5100 3735 5176 ἐκταθῇναί
3770 5116 3846 5149 σοι
3870 5113 3949 5147 πο-

2443 5192 2547 5245 θῶν
2574 5193 2663 5243 τὸν
2705 5192 3002 5259 ἐνὰμαρτον
3057 5190 3185 5257 βίον,
3222 5192 3304 5241 ἵνα
3348 5191 3543 5257 πολλῆς
3566 5190 3665 5256 τῆς
3691 5186 3863 5240 ἐνθάδε
3885 5185 3951 5234 δι-

2443 5281 2664 5350 αγωγῆς
2700 5279 2898 5348 πολλὴν
2936 5280 3077 5350 δέξῃ,
3118 5282 3209 5333 καὶ
3254 5279 3698 5349 παρατεταμένην
3735 5277 3826 5345 τὴν
3870 5273 3950 5341 βά-

2441 5392 2470 5425 σ
2474 5390 2594 5426 ανον
2619 5387 2633 5431 ζ

812 5487 1078 5542 prieparas
1112 5462 1455 5539 supplicium,
1475 5456 1732 5535 exoptans
1762 5484 1932 5536 usque
1991 5469 2055 5519 ad
2120 5478 2415 5521 extremum
2456 5467 2661 5519 senium
2689 5463 2781 5515 tibi
2812 5465 3120 5529 protendere
3150 5464 3308 5515 vitum
3340 5462 3567 5529 peccatis
3615 5461 3869 5519 refertam,
3902 5460 3950 5504 ιιι

812 5577 909 5631 pro
952 5563 1102 5629 longa
1147 5561 1274 5616 inibi
1321 5558 1677 5614 tliversuiioue
1716 5556 2200 5627 lungtttn'cxcipias
2262 5566 2307 5609 et
2346 5565 2648 5621 prutcusutn
2680 5562 2995 5605 tormentum
3014 5553 3034 5601 ’ἒ
