4076 6338
189 335 279 396 865

774 434 990 485 ΚΕΦΑΛ
1002 473 1015 484 .
1060 433 1132 486 B’.

261 544 410 608 Εἶτα,
450 545 733 612 Βούλομαι,
761 546 851 596 καὶ
874 544 1036 596 πολλὰ
1063 541 1316 612 βούλομαι
1335 582 1349 603 ,
1383 541 1726 610 προσεπιδια-

195 635 498 702 ταξάμενοι,
530 633 624 686 καὶ
665 633 722 684 ἐν
761 633 872 692 τοῖς
898 629 1078 682 οὐκέτι
1105 629 1287 681 λοιπὸν
1320 628 1467 689 ἰδίοις
1505 626 1730 693 ἄφθονον

198 725 272 784 εἱς
295 723 419 783 τοὺς
456 722 826 790 προσήκοντας
867 719 1254 786 ἐπιδειξάμενοι
1282 716 1606 784 φιλοτιμίαν,
1637 713 1732 767 καὶ

199 811 259 862 τὰ
294 810 461 861 πολλὰ
497 810 630 878 πρὸς
670 809 757 859 τὸν
796 809 990 860 σκοπὸν
1031 809 1121 858 τοῦ
1159 806 1284 866 ίσως
1333 802 1730 865 ἐπιϐιώσονται,

200 899 524 969 προστάταις
549 900 770 960 ἐαυτοὺς
799 898 1176 968 παραθέμενοι,
1212 898 1305 947 καὶ
1337 895 1530 962 φίλοις,
1558 893 1732 957 ἀσφα-

204 989 472 1057 λισάμενοί
496 1007 553 1040 τε
589 989 889 1057 σημαντῆρι
918 988 982 1039 τὰ
1013 986 1300 1054 δεδογμένα
1336 985 1470 1053 πρὸς
1494 982 1552 1034 τὸ
1578 982 1734 1050 δῆθεν

201 1077 637 1144 ἀραδιούργητον,
668 1076 957 1142 διαστροφῇ
980 1075 1072 1146 τῆς
1101 1075 1271 1141 ὅψεως
1295 1071 1731 1132 ἀπαλλάττονται,

203 1166 270 1226 ὡς
298 1166 348 1215 οἱ
377 1164 614 1224 πιθανῶς
662 1180 715 1214 σε
725 1167 990 1230 μνοποιείν
1021 1163 1284 1225 εἰωθότες,
1315 1160 1374 1212 τὸ
1394 1160 1582 1228 ψεῦδός
1609 1174 1734 1224 φασι

203 1254 462 1320 γελῶντες
492 1255 558 1305 τὰ
586 1253 730 1320 τῇδε,
754 1253 826 1313 ῶς
857 1252 912 1302 δὲ
949 1252 1006 1303 τὸ
1032 1251 1224 1319 ἀληθὲς
1264 1249 1393 1318 ἔχει,
1427 1251 1735 1319 φρίττοντες

202 1342 259 1391 τὸ
279 1341 471 1407 ἁθρόον
501 1341 677 1400 αὐτοῖς
701 1340 928 1404 φανέντα
956 1339 1174 1408 φοϐερὰ,
1207 1337 1298 1388 καὶ
1326 1337 1517 1404 ἀμειδῆ
1547 1335 1734 1402 χωρία.

203 1428 410 1495 Χλεύης
441 1415 794 1497 γὰρεσημεῖον
831 1427 1102 1494 μειδίαμα,
1134 1426 1266 1493 ὅπερ
1293 1426 1402 1486 τοῖς
1430 1421 1737 1493 προσώποις

204 1518 361 1585 ἐχρῆν
399 1516 770 1581 ἐπιφαίνεσθαι
796 1514 900 1564 τῶν
915 1512 1295 1577 τελευτώντων,
1322 1513 1474 1581 εἴπερ
1503 1512 1739 1577 ἐμυκτή-

209 1605 349 1671 ριζον
375 1605 449 1664 ὡς
475 1604 699 1667 γέλωτος
723 1602 934 1663 ἄξιατὰ
972 1603 1234 1670 ἀφιέμενα
1251 1616 1262 1629 ·
1286 1600 1379 1652 νῦν
1405 1601 1459 1652 δέ
1497 1600 1741 1667 καθάπερ

1299 303 1761 381 Pnntsrsnn.
1793 284 1855 351 4
1877 315 2132 374 SECI‘IO
2166 316 2265 374 Ix.

3261 314 3368 377 866

2427 421 2650 476 CAPUT
2678 421 2738 476 ll.

1902 537 2297 606 Subjungeutes
2323 548 2506 604 pcatea
2538 551 2552 587 :
2588 532 2738 595 Volo,
2778 543 2832 586 et
2855 548 3178 603 magnopere
3205 535 3359 596 volo;

1829 627 2129 695 adjiciendo
2159 625 2432 686 mandata,
2461 631 2514 676 et
2549 623 2602 675 in
2632 622 2817 686 rebus,
2849 637 2968 690 quae
2995 637 3098 675 non
3136 623 3364 690 amplius

1829 716 2054 786 propria:
2092 718 2439 782 imposterum
2494 719 2640 776 sunt,
2679 712 2948 780 profusam
3000 713 3364 767 liberalitatem
3413 711 3420 715 ’

1831 826 1958 879 erga
1990 817 2213 877 agnatos
2234 806 2578 869 ostendendo,
2632 815 2791 874 atque
2821 822 2942 859 eum
2971 807 3281 876 plerumque
3312 809 3364 860 in

1832 902 2008 961 finem,
2057 899 2102 952 si
2145 899 2281 951 forte
2317 897 2738 964 superviverent,
2778 897 2985 962 seipsos.
3027 898 3286 963 patronis,
3315 908 3369 950 ct

1833 989 2019 1042 amicis
2041 987 2478 1048 commendando,
2511 995 2561 1038 et
2591 983 2708 1053 qua:
2737 987 2835 1059 sibi
2860 986 2968 1038 visa
3001 985 3217 1039 fuerunt
3248 1001 3368 1039 cor-

1833 1078 2138 1132 roboraudo
2172 1077 2484 1144 signaculo,
2537 1075 2786 1127 videlicet
2810 1077 2873 1128 ad
2921 1075 3158 1129 fraudem
3203 1078 3367 1144 impe-

1831 1167 2105 1227 diendam,
2133 1165 2268 1217 facie
2291 1173 2486 1216 retorta
2510 1164 2842 1227 moriuntur;
2879 1163 3119 1217 videntes
3155 1180 3214 1217 ea
3253 1180 3370 1232 qua:
3402 1152 3408 1160 ’

1834 1251 1920 1304 hic
1952 1260 2095 1315 sunt,
2118 1251 2195 1303 uti
2222 1250 2370 1302 aiunt
2403 1251 2750 1317 probabiliter
2771 1251 2860 1317 qui
2881 1251 3051 1303 solent
3068 1252 3290 1319 graviter
3315 1268 3372 1306 se

1838 1354 2043 1406 gerere,
2069 1339 2220 1406 quasi
2242 1336 2503 1390 fallaciam
2528 1353 2726 1400 rerum,
2750 1340 3194 1406 quemadmodum
3219 1342 3373 1410 136

1836 1439 1894 1478 se
1932 1438 2114 1475 revera
2154 1423 2369 1486 habent,
2405 1423 2532 1490 quia
2568 1424 2950 1476 exhorrescunt
2975 1426 3089 1477 loca
3119 1427 3369 1491 timenda,

1836 1523 1888 1565 ct
1911 1513 2115 1573 tetrica,
2167 1527 2286 1579 qua:
2322 1511 2463 1578 ipsis
2481 1512 2638 1564 simul
2683 1513 2858 1564 omnia
2899 1523 3169 1581 apparent.
3214 1516 3373 1570 llisus

1840 1602 2034 1669 quippe
2073 1600 2328 1652 iudicium
2375 1609 2457 1652 est
2487 1599 2775 1664 irrisionis,
2805 1603 2894 1667 qui
2917 1603 3128 1668 quidem
3150 1605 3374 1658 debebat

206 1697 249 1745 οί
272 1694 376 1744 τῶν
408 1693 615 1761 πικρῶν
648 1694 945 1760 φαρμάκων
967 1692 1243 1760 γευόμενοι
1272 1690 1631 1757 ἀποστύφουσι
1675 1691 1738 1757 τῇ

1843 1695 1895 1746 in
1931 1694 2163 1746 vultibus
2212 1692 2552 1746 morientium
2603 1693 2867 1759 spectari;
2914 1694 3174 1762 siquidem
3208 1697 3372 1750 veluti

205 1785 361 1852 ἀηδίᾳ
387 1784 448 1834 τὸ
478 1784 778 1851 πρόσωπον,
805 1785 899 1847 τῆς
920 1781 1095 1848 ψυχῆς
1127 1781 1256 1850 πρὸς
1277 1779 1342 1848 ἣν
1372 1779 1524 1847 ἔσχεν
1549 1778 1611 1830 ἐκ
1637 1777 1743 1830 τῶν

207 1872 470 1937 ὀφθέντων
497 1872 612 1922 ἐκεῖ
651 1869 894 1938 χαλεπῶν
933 1870 1164 1921 διάθεσιν
1197 1869 1519 1934 τυπωσάσης
1541 1866 1630 1917 τὸν
1649 1881 1744 1934 χα-

212 1960 451 2026 ρακτῆρα
475 1959 572 2024 τῆς
601 1959 788 2024 ὅψεως,
830 1959 919 2008 καὶ
945 1956 1020 2024 τῷ
1047 1959 1276 2023 σχήματι
1297 1955 1388 2006 τοῦ
1422 1953 1741 2021 φαινομένου

207 2049 298 2116 τὴν
333 2049 526 2115 ἑαυτῆς
559 2044 943 2114 φανερωσάσης
996 2043 1375 2112 κεκρυμμένην
1416 2043 1588 2096 ἀνίαν.
1623 2043 1744 2094 Ἔσ-

207 2152 402 2204 οτιτρον
447 2136 553 2203 γὰρ
587 2134 760 2202 ψυχῆς
799 2135 829 2201 ἡ
870 2134 1025 2200 φύσις
1057 2134 1175 2201 ὄψιν
1208 2135 1447 2201 ἐποίησε,
1492 2131 1740 2194 τοιαύτας

210 2224 641 2284 ἁποσκιάζουσαν
692 2224 774 2288 ἐφ’
809 2224 1001 2289 ἑαυτῆς
1039 2223 1136 2283 τὰς
1189 2222 1573 2294 μορφάς-οἵας
1600 2213 1742 2273 ἔνδον

211 2314 389 2368 ἐκείνη
439 2312 536 2371 τὰς
579 2312 845 2372 διαθέσεις
904 2313 1072 2373 κινεῖ,
1126 2311 1226 2372 ἕως
1291 2310 1397 2362 τῶν
1459 2311 1744 2380 προφανῶν

210 2401 518 2468 τεκμηρίων
534 2400 602 2451 τὰ
635 2401 827 2466 ἑαυτῆς
852 2400 1094 2451 τείνουσα
1125 2401 1291 2468 πάθη.
1327 2398 1508 2462 Οὕτως
1536 2402 1568 2469 ή
1596 2399 1741 2467 λύτιη

211 2490 274 2556 τῇ
315 2488 582 2555 κατηφείᾳ
613 2487 885 2554 ἐλέγχεται
910 2503 922 2516 ο
957 2487 1125 2548 οὕτως
1167 2490 1198 2554 ἡ
1245 2487 1383 2554 χαρὰ
1411 2489 1473 2555 τῇ
1507 2486 1750 2554 διαχύσει

214 2577 551 2645 γνωρίζεται·
597 2577 736 2628 οὕτω
778 2575 1019 2644 δηλοῦται
1055 2578 1082 2626 ό
1120 2575 1284 2642 θυμὸς
1326 2578 1390 2643 τῇ
1432 2575 1742 2642 τραχύτητι.

215 2667 302 2716 καὶ
329 2666 428 2717 οὐκ
464 2666 605 2718 ἔστιν
643 2666 825 2734 ἕτερον
860 2664 1336 2732 ἐπιμορφώσασθαι
1370 2663 1553 2731 σχῆμα
1612 2664 1744 2729 παρ’

213 2755 241 2806 ὃ
267 2755 474 2807 κελεύει
493 2756 527 2823 ἡ
555 2755 645 2806 τὸν
668 2755 790 2807 νοῦν
821 2755 1116 2822 κατέχουσα
1143 2753 1379 2821 ἀσχολία.

223 2857 307 2902 tur
339 2849 654 2915 cogitatione
701 2848 986 2900 intcnsiore
1018 2866 1028 2899 :
1067 2849 1145 2900 sic
1174 2846 1445 2900 iracundia
1474 2845 1651 2912 patefit
1709 2843 1994 2911 asperitate

222 2945 408 3004 praeter
430 2949 570 2996 eam,
603 2949 759 3001 quam
795 2935 1016 3000 imperat
1063 2937 1340 3002 occupatio
1386 2943 1611 2988 mentem
1660 2931 1934 2986 invadens.

833 3029 1074 3079 ΚΕΦΔΛ.
1115 3028 1185 3080 Γ’.

285 3141 556 3209 Γνώριμον
589 3140 692 3208 γὰρ
739 3139 894 3201 εὐθὺς
927 3139 1089 3190 ἅπασι
1133 3140 1191 3190 τὸ
1239 3140 1471 3207 σόφισμα
1516 3139 1739 3205 γίνεται,

218 3234 313 3302 τῆς
341 3234 672 3299 ὑποκρίσεως
701 3233 956 3300 ἀκριϐοῦν
984 3232 1043 3282 ού
1070 3232 1365 3298 δυναμένης
1381 3231 1474 3297 τῆς
1496 3227 1744 3297 ἀληθείας

219 3326 339 3384 τοὺς
381 3327 616 3386 τύπους,
653 3324 800 3373 οὐδὲν
848 3322 1167 3391 κρατοῦντος
1212 3322 1370 3373 ἄλλου
1417 3321 1614 3378 πάθους
1677 3316 1744 3367 τὰ

219 3413 401 3479 ἐτέρου
427 3412 854 3479 σχηματίσασθαι
880 3412 1163 3480 ίσχυούσης
1194 3413 1284 3462 ἐπὶ
1314 3410 1441 3462 πολύ
1463 3424 1476 3436 ·
1511 3409 1610 3458 κᾶν
1640 3408 1744 3472 γὰρ

219 3501 310 3551 ἀπ’
348 3500 554 3550 ἐκείνου
598 3501 690 3550 ἐπὶ
729 3501 882 3551 τοῦτο
920 3501 1052 3569 πρὸς
1079 3500 1249 3568 βραχὺ
1279 3499 1502 3565 ἀμεῖψαι
1533 3495 1620 3546 τὸν
1651 3511 1744 3561 χα-

225 3588 462 3656 ρακτῆρα
504 3587 755 3656 βιάσηται
777 3627 792 3651 ,
827 3588 1108 3654 φυλάττειν
1135 3589 1225 3638 ἐπὶ
1263 3586 1394 3637 πολὺ
1427 3584 1486 3636 τὸ
1524 3583 1746 3650 πλάσμα.

221 3678 314 3728 οὒκ
358 3677 501 3743 ἔχει,
550 3676 824 3744 δυνάμεως
875 3675 1393 3744 μεταμορφουμένης
1435 3673 1597 3738 ὀξέως
1649 3674 1744 3739 τῆς

223 3766 410 3831 ὅψεως,
440 3767 687 3816 κάκεῖνον
713 3765 1000 3833 δεχομένης
1027 3764 1114 3815 τὸν
1135 3765 1322 3827 τύπον,
1347 3764 1403 3814 ὃν
1431 3762 1746 3830 σχηματίζει

223 3854 357 3905 κατὰ
385 3854 717 3922 συμπάθειαν
753 3854 813 3904 τὸ
853 3853 994 3904 ἔνδον
1021 3853 1364 3922 διαιτώμενον
1388 3853 1575 3914 πάθος.
1609 3850 1746 3916 Ἐγὼ

223 3941 275 3993 δὲ
306 3943 394 3992 καὶ
423 3945 516 4005 τὰς
549 3945 706 3994 πέντε
742 3943 1057 4012 παρθένους,
1092 3943 1156 4003 ἃς
1185 3941 1371 4010 μωρὰς
1395 3941 1674 4008 ὠνόμασεν
1711 3940 1742 4006 η

225 4029 338 4080 θεία
368 4029 576 4099 Γραφὴ.
608 4031 805 4100 ταύτης
836 4029 968 4083 εἶναι
997 4031 1198 4099 νομίζω
1226 4032 1322 4098 τῆς
1352 4030 1576 4092 τάξεως.
1601 4027 1747 4094 ἐκού·

226 4133 320 4178 σας
349 4118 444 4184 μὲν
479 4118 594 4185 μεθ’
627 4121 830 4171 ἐαυτῶν
859 4121 955 4180 τὰς
982 4121 1077 4186 τῆς
1103 4119 1393 4185 παρθενίας
1438 4117 1742 4184 λαμπάδας,

226 4204 396 4254 ἔλαιον
422 4204 477 4254 δὲ
502 4205 597 4255 οὐκ
641 4205 1100 4271 ὲπικομισαμένας
1138 4205 1193 4253 ἐν
1224 4205 1333 4263 τοῖς
1375 4203 1646 4268 ἀγγείοις,
1685 4201 1744 4250 τὸ

225 4295 436 4361 τρέφειν
471 4297 534 4362 τῇ
567 4295 753 4362 ἀρδείᾳ
782 4293 870 4344 τὸν
901 4293 1099 4360 πυρσὸν
1138 4292 1235 4358 τῆς
1265 4291 1537 4358 λαμπάδος
1571 4306 1744 4356 πεφυ-

227 4384 339 4443 κός·
389 4383 480 4434 καὶ
511 4382 656 4434 ἔνθεν
701 4385 796 4450 τῆς
847 4384 1050 4451 μωρίας
1101 4382 1320 4442 εἰκότως
1348 4380 1641 4449 δεξαμένας
1687 4379 1747 4430 τὸ

227 4473 408 4541 ὄνομα,
440 4471 520 4522 ὅτι
566 4472 622 4522 τὸ
663 4472 935 4540 δυσχερὲς,
985 4471 1076 4522 καὶ
1101 4470 1194 4521 τοῦ
1237 4470 1493 4522 ἀδυνάτου
1529 4468 1748 4536 πλησίον

228 4564 321 4631 τὴν
369 4563 660 4632 παρθενίαν
709 4559 1135 4629 κατορθώσασαι,
1168 4557 1260 4610 τοῦ
1308 4558 1618 4620 ἐλάττονος,
1658 4558 1749 4609 καὶ

229 4650 340 4702 λίαν
384 4652 450 4703 ἂν
492 4652 712 4704 εὐκόλου
741 4649 1151 4718 κατημέλησαν⁶
1186 4649 1319 4717 πρὸς
1351 4648 1562 4714 φύσεως
1597 4634 1748 4712 ἁγώ-

228 4735 504 4804 νισάμιναι
559 4737 864 4804 τυραννίδα,
910 4734 1195 4802 ἐπιθυμίαν
1226 4735 1550 4801 μαινομένην
1599 4733 1748 4800 χαλι-

229 4823 478 4886 νὼσασαι,
509 4824 699 4892 ἡδονῆς
729 4825 1019 4892 καιομένην
1045 4822 1442 4874 κατασῦέσασαι
1472 4822 1662 4888 φλόγα,
1690 4821 1750 4872 τὸ

231 4912 475 4979 φρόνημα
506 4911 603 4979 τῆς
629 4913 821 4978 σαρκδς
852 4913 1157 4979 φιμὼσασαι
1187 4912 1261 4979 τῷ
1289 4911 1434 4979 νόμῳ
1463 4911 1552 4961 τοῦ
1582 4910 1745 4961 πνεύ-

235 5017 419 5068 ματος,
460 4998 728 5067 ἄνθρακας
775 5002 1090 5066 καιομένους
1137 5002 1232 5063 τὰς
1278 5001 1604 5068 ὑπομνήσεις
1652 5000 1748 5069 τῆς

232 5088 509 5149 ἀκολασίας
538 5090 842 5155 πατήσασαι
875 5089 1074 5153 πάθους,
1096 5091 1373 5152 amatas”
1405 5090 1535 5158 πρὸς
1563 5091 1616 5140 δὲ
1652 5092 1746 5157 τὴν

231 5187 329 5237 τῶν
359 5185 626 5251 δεομένων
654 5183 990 5252 συμπάθειαν
1037 5185 1282 5250 μείνασαι
1329 5188 1573 5243 ἀπαθεῖς,
1626 5185 1748 5237 ἔνθα

232 5279 287 5328 οὗ
320 5275 492 5335 πόνος,
524 5275 620 5340 οὐχ
645 5272 822 5340 ἱδρὼς,
862 5275 918 5324 ού
951 5274 1190 5339 κάματος
1211 5314 1223 5334 ,
1255 5275 1503 5343 βούλησις
1531 5274 1584 5322 δὲ
1615 5277 1744 5344 μόνη

233 5365 304 5424 εἰς
347 5363 498 5430 ἔργον
540 5360 600 5409 τὸ
645 5358 826 5409 δοκοῦν
874 5357 1001 5426 ἦγεν
1057 5361 1366 5423 ἁσκύλτως’
1409 5363 1498 5412 καὶ
1544 5362 1601 5412 τὸ
1653 5364 1748 5429 μὲν

235 5447 738 5514 δυσκαταγώνιστον,
790 5449 879 5497 καὶ
923 5448 1125 5508 πολλοῖς
1167 5449 1345 5514 ἀγῶνα
1387 5449 1565 5501 κινοῦν
1617 5451 1749 5519 κάμ-

229 5542 390 5605 ψσααι
423 5538 607 5602 πάθος,
644 5539 754 5590 ἐκεῖ
785 5539 835 5588 δὲ
873 5539 1144 5595 πεσεῖται.
1203 5540 1334 5589 ὅπου
1383 5542 1745 5607 προαιρέσεως

1846 1784 1957 1837 ri'su
2004 1784 2202 1851 digna,
2251 1799 2368 1850 quae
2419 1782 2858 1848 dimittebantur,
2906 1785 3370 1841 subsannassent:

1846 1886 1988 1924 nunc
2016 1881 2192 1924 autem
2249 1880 2498 1939 tanquam
2541 1873 2737 1924 amaris
2767 1873 3168 1928 medicamentis
3213 1877 3377 1946 degu-

1845 1957 1997 2010 statis
2029 1956 2333 2024 astringunt
2383 1960 2764 2012 contrahentes
2791 1959 2992 2011 vultum
3029 1975 3136 2026 pra:
3161 1976 3376 2017 aversa-

1847 2045 2021 2107 tione;
2061 2043 2261 2103 anima,
2295 2058 2449 2111 quem
2474 2044 2658 2097 habuit
2684 2061 2746 2098 ex
2775 2045 2842 2099 iis
2869 2063 2987 2116 quae
3011 2049 3118 2102 illic
3147 2053 3374 2118 asperit,

1842 2134 1996 2186 saevis
2025 2135 2184 2186 rebus
2229 2132 2473 2186 aifectum
2521 2114 3081 2206 exprimentepligura
3120 2114 3303 2205 visus:
3326 2114 3381 2196 et

1841 2225 2015 2290 specie
2043 2231 2328 2290 apparente
2354 2223 2721 2276 absconditam
2760 2225 2841 2278 sui
2871 2228 3040 2294 ipsius
3080 2231 3378 2285 molestiam

1842 2311 2120 2365 manifeste
2161 2312 2580 2385 detnonstrante.
2617 2313 2816 2368 Natura
2851 2317 3052 2370 etenim
3102 2321 3378 2386 speculum

1843 2401 2034 2455 anima:
2062 2401 2214 2456 ﬁnxit
2239 2403 2460 2468 vultum,
2485 2405 2619 2458 tales
2656 2389 3023 2476 in.'semetipso
3046 2408 3246 2464 formas
3278 2411 3379 2463 ad-
3448 2459 3453 2464 .

1852 2489 2209 2554 umbrantem,
2248 2492 2433 2558 quales
2471 2492 2615 2546 intus
2653 2493 2738 2546 illa
2789 2504 2961 2548 movet
3005 2497 3243 2562 affectus,
3282 2500 3387 2552 do~

1849 2587 1947 2625 nec
1981 2573 2260 2639 passiones
2291 2590 2417 2629 suas
2458 2578 2634 2644 prodit
2661 2579 2818 2632 claris
2840 2588 2894 2631 et
2931 2581 3176 2653 dilucidis
3219 2600 3383 2653 argu-

1846 2664 2058 2717 mentis.
2088 2664 2177 2717 Sic
2197 2665 2349 2718 dolor
2379 2666 2620 2732 arguitur
2647 2681 2676 2719 e
2705 2669 2954 2721 maestitia
2985 2688 2999 2723 :
3028 2671 3099 2724 ita
3127 2674 3381 2741 gaudium

1845 2750 2110 2806 indicatur
2142 2751 2450 2819 profusione
2497 2753 2824 2822 voluptatis;
2857 2758 2925 2812 ita
2955 2774 3083 2813 cura
3118 2762 3382 2829 signiﬁca-

2061 2864 2074 2898 :
2139 2859 2238 2899 nec
2282 2847 2383 2900 alia
2435 2848 2640 2916 species
2687 2848 2796 2903 oris
2843 2861 3016 2918 potest
3059 2853 3383 2908 conformari

2443 3029 2666 3083 CAPUT
2697 3030 2778 3084 ΙΙΙ.

1911 3129 2042 3185 Nam
2076 3136 2253 3189 statim
2301 3137 2450 3191 fraus
2480 3140 2727 3193 omnibus
2769 3142 3072 3204 iunotescit,
3129 3159 3249 3198 cum
3301 3147 3378 3200 si-

1843 3222 2067 3275 mulatio
2087 3234 2323 3291 nequeat
2356 3227 2593 3280 veritatis
2635 3228 2886 3296 imagines
2925 3233 3221 3298 exprimere
3257 3233 3378 3287 dili-

1841 3320 2043 3375 genter,
2074 3314 2198 3380 quia
2230 3329 2334 3366 non
2365 3325 2557 3383 potest,
2583 3324 2640 3369 ut
2669 3317 2978 3385 plurimum,
3004 3319 3105 3372 alia
3135 3324 3380 3388 passione

1842 3401 2148 3454 dominante
2173 3404 2420 3457 exhibere
2449 3406 2625 3476 specie
2657 3405 2941 3470 conformi,
2989 3425 3110 3477 qlia:
3141 3411 3205 3462 ad
3247 3415 3380 3466 alte-

1842 3504 1956 3542 ram
1991 3492 2295 3559 pertinent;
2336 3496 2580 3562 quamvis
2608 3496 2750 3550 enim
2793 3496 2864 3550 ab
2891 3497 2977 3550 illa
3021 3499 3265 3554 celeriter
3312 3502 3380 3554 ad

1843 3579 2000 3633 istam
2048 3593 2254 3635 mutare
2289 3583 2514 3636 formam
2557 3596 2810 3650 conetur,
2871 3587 3044 3642 celare
3081 3589 3170 3641 diu
3203 3589 3380 3644 fictam

1844 3671 2073 3736 speciem
2118 3671 2526 3738 haudquaquam
2561 3675 2715 3737 valet,
2743 3691 2810 3728 eo
2837 3678 2974 3743 quod
3012 3679 3188 3731 Vultus
3231 3681 3381 3733 ocius

1843 3755 2269 3819 trausformatur,
2308 3759 2527 3810 et-illam
2558 3760 2738 3826 recipit
2765 3762 3008 3827 figuram,
3037 3779 3194 3829 quam
3225 3759 3375 3818 ciliu-

1843 3849 1918 3914 εει
1937 3847 2146 3898 occulto
2182 3856 2385 3899 natura:
2419 3863 2681 3900 consensu
2716 3851 2910 3930 passio,
2945 3867 3063 3918 quae
3095 3854 3236 3907 intus
3262 3873 3380 3909 vrr-

1843 3945 2010 3990 satur.
2059 3936 2213 4004 137
2257 3937 2369 4006 Ego
2408 3951 2532 3991 vero
2575 3940 2884 4006 etquinque
2937 3941 3196 4008 virgines,
3245 3961 3380 4012 quas

1844 4026 2117 4093 Scriptura
2151 4041 2303 4079 sacra
2334 4027 2507 4079 fatuas
2529 4027 2840 4091 nominavit,
2868 4028 2930 4080 ad
2965 4029 3106 4081 hunc
3137 4033 3378 4086 ordinem

1842 4123 2079 4180 spectare
2130 4114 2394 4174 arbitror,
2442 4130 2561 4182 qua:
2612 4130 2792 4168 secum
2833 4119 3048 4184 quidem
3111 4121 3379 4176 habebant

1845 4200 2170 4268 virginitatis
2207 4203 2473 4264 lucernas,
2523 4205 2698 4256 oleum
2728 4215 2902 4259 autem
2941 4223 3044 4262 non
3096 4210 3381 4267 intulerant

1776 4320 1823 4378 υ
1848 4290 1898 4341 in
1927 4291 2072 4343 vasis
2094 4290 2230 4352 suis,
2276 4293 2414 4360 quod
2443 4292 2506 4344 ad
2547 4293 2717 4359 ignem
2761 4295 2991 4351 lucernae
3034 4301 3378 4354 nutriendum

1847 4379 2070 4434 humore
2098 4397 2199 4435 suo
2240 4382 2384 4435 illum
2417 4383 2687 4452 irrigando
2728 4396 2842 4438 erat
2865 4386 3136 4452 idoneum,
3174 4400 3225 4442 et
3258 4391 3379 4443 inde

1847 4474 2107 4527 fatuitatis
2140 4491 2332 4528 nomen
2383 4479 2622 4545 apposite
2661 4491 3027 4548 susceperunt,
3073 4483 3211 4550 quod
3256 4470 3376 4535 cum

1847 4563 2225 4632 virginitatem,
2256 4581 2373 4633 qua:
2394 4566 2618 4621 diflicilis
2645 4576 2759 4631 est,
2788 4577 2840 4621 et
2888 4585 3049 4637 prope
3081 4570 3376 4635 impossibi-

1850 4650 1934 4712 lis,
1966 4661 2109 4704 recte
2135 4663 2456 4719 servassent,
2490 4657 2634 4722 quod
2673 4656 2840 4710 levius
2862 4665 2992 4720 erat,
3025 4666 3078 4709 et
3105 4655 3250 4709 valde
3294 4655 3376 4709 fa-

1847 4743 1947 4794 cile
1974 4743 2355 4810 neglexerunt,
2385 4751 2649 4797 certantes
2679 4753 2858 4796 contra
2903 4754 3104 4796 natura:
3137 4747 3375 4812 tyranni-

1848 4831 1964 4882 dem
1997 4865 2013 4889 ,
2057 4831 2405 4884 insanientem
2456 4832 2939 4898 concupiscentiam
3005 4829 3372 4894 refrenantes.

1847 4928 2156 4971 mstuantem
2189 4917 2478 4984 voluptatis
2505 4916 2767 4968 ﬂammam
2800 4918 3219 4985 exstinguentes,
3255 4934 3375 4973 sen-

1849 5017 1967 5054 sum
2001 5002 2176 5054 carnis
2234 5002 2347 5068 lege
2405 5000 2622 5066 spiritus
2668 5002 2820 5068 quasi
2860 5018 3012 5056 camo
3049 5014 3369 5068 coercentes,

1849 5091 2107 5144 carbones
2177 5091 2462 5148 ardentes.
2502 5090 2602 5143 hoc
2647 5101 2727 5144 est
2757 5092 2983 5148 luxuriae
3023 5093 3328 5146 memoriam
3357 5118 3398 5156 ,-

1849 5181 2199 5246 alfcctumque
2230 5180 2431 5246 absque
2467 5179 2679 5233 laesione
2717 5182 3104 5240 conculcantes,
3135 5179 3200 5231 ad
3224 5194 3371 5233 com-

1849 5269 2242 5322 miserationem
2264 5277 2438 5320 tamen
2469 5269 2812 5337 indigentium
2844 5276 3250 5336 permanserunt
3272 5269 3366 5320 im-

1847 5369 2020 5420 molre,
2051 5359 2138 5409 ubi
2166 5374 2268 5409 non
2299 5359 2467 5420 labor,
2501 5376 2599 5413 nec
2626 5359 2804 5418 sudor,
2839 5373 2933 5409 nec
2963 5357 3065 5407 ulla
3113 5359 3369 5424 fatigatio,

1848 5449 1938 5503 sed
1970 5449 2215 5500 voluntas
2252 5450 2361 5500 sola
2400 5450 2710 5501 sententiam
2758 5446 2918 5497 animi
2945 5446 3058 5497 sine
3097 5450 3370 5502 vexatione

1851 5539 2178 5604 peruuxissrt
2208 5540 2272 5591 ad
2299 5538 2581 5599 effectum;
2613 5544 2664 5588 et
2695 5550 2812 5587 cum
2843 5549 2980 5598 eam,
3014 5536 3235 5600 quaeditl
3271 5536 3370 5590 :ilis
