4076 6338
700 322 795 381 lli?
860 324 863 329 ’

2169 323 2234 384 S.
2256 319 2415 382 ΝΙΙᾸ

3779 330 3909 393 868

702 452 785 497 νει
810 454 1129 513 expugnant,
1168 443 1454 511 multisque
1484 453 1751 496 certamen
1782 441 1908 503 ciet,
1932 438 2235 507 passionem

2344 436 2559 504 ἐξουσία
2592 438 2661 490 τδ
2680 441 2935 508 προτεθὲν
2962 441 3178 503 ἀπόνως
3200 442 3415 510 ἠνύετο,
3450 445 3541 497 καὶ
3564 453 3625 497 το
3651 446 3905 516 φαιδρὸν

706 535 1084 599 declinassent,
1114 533 1232 601 istic
1257 532 1582 596 ceciderunt,
1612 530 1702 583 ubi
1729 528 2243 597 arbitriumsenteu-

616 676 620 682 λ
708 624 794 676 tia:
839 624 1038 691 absque
1062 613 1249 677 labore
1286 622 1615 690 propositum
1652 620 1879 689 perlicit,
1928 629 1985 674 et
2011 618 2246 672 nitorem

708 714 1025 782 virginitatis
1043 713 1272 781 caligine
1301 712 1538 765 avaritiae
1563 696 2005 766 obtenebr-arunt.
2048 707 2249 762 Idcirco

710 804 931 855 turbata:
962 803 1289 855 cursitabant
1314 802 1513 854 circum
1526 801 1651 854 fora
1681 791 1858 852 oleum
1895 799 2250 866 undequaque

710 893 1099 960 perquirentes.
1124 892 1337 959 quando
1368 878 1812 945 vendentes'il-lud
1839 887 1981 941 fores
2006 887 2247 941 occluse-

714 990 849 1033 rant.
881 979 1008 1045 Quae
1036 981 1175 1033 enim
1199 981 1411 1049 negotio
1436 980 1541 1047 iam
1576 988 1793 1047 peracto
1814 973 2057 1043 superest
2086 985 2249 1045 nego-

713 1072 880 1130 tiatio,
912 1071 1001 1123 ubi
1026 1072 1236 1125 nemine
1265 1071 1533 1139 indigente
1557 1070 1662 1121 ulla
1698 1084 1775 1132 re,
1810 1052 1986 1134 neque
2008 1080 2248 1119 cornutu-

715 1158 972 1211 tationem
1024 1156 1253 1211 faciente
1296 1156 1665 1225 tempestivam
1713 1151 1784 1219 ei,
1818 1155 1925 1221 qui‘
1956 1154 2079 1209 oleo
2105 1158 2242 1219 eget,

714 1261 952 1303 cessante
978 1258 1150 1302 autem
1193 1250 1403 1316 publica
1434 1255 1690 1321 mercatu,
1720 1253 1775 1299 et
1821 1242 2244 1298 necessariorum

713 1339 1004 1406 unicuique
1052 1337 1430 1391 commercium
1479 1322 1732 1388 reddente
1786 1324 2146 1399 impassibile?
2188 1331 2244 1383 Si

714 1443 943 1496 namque
966 1428 1259 1495 virginibus
1296 1436 1471 1479 tantus
1486 1424 1744 1477 castitatis
1768 1424 1935 1485 labor,
1970 1436 2091 1476 cum
2140 1436 2244 1475 non

714 1518 919 1571 adesset
943 1515 1326 1579 misericordia,
1365 1515 1568 1567 inutilis
1602 1512 1724 1575 fuit,
1764 1522 1815 1566 et
1847 1513 1975 1580 ipsa:
2010 1510 2245 1564 thalamo

714 1605 905 1673 Sponsi
926 1608 1154 1659 exclusa:
1174 1613 1434 1659 steterunt
1449 1604 1841 1657 miserabilibus
1859 1601 2077 1655 vocibus
2090 1600 2245 1669 138

711 1696 1003 1749 clamantes
1034 1714 1048 1749 :
1079 1713 1097 1746 ι
1137 1694 1376 1758 Domine,
1408 1693 1648 1757 Domine,
1669 1691 1814 1759 aperi
1847 1676 2005 1745 nobis
2032 1692 2114 1755 “;
2154 1709 2171 1740 ι
2193 1697 2244 1742 et

714 1784 860 1839 intus
888 1786 1165 1839 audientes
1192 1784 1336 1837 velut
1360 1783 1611 1836 iracunda
1638 1780 1844 1848 loquela
1876 1770 2239 1834 infrcmentem

717 1873 1083 1944 Sponsum,et
1111 1874 1375 1927 dicentem
1411 1892 1423 1926 :
1457 1891 1474 1922 ι
1510 1872 1678 1925 Amen
1705 1871 1824 1925 dico
1849 1871 2020 1934 vobis,
2063 1868 2245 1923 nescio

714 1977 811 2016 vos
840 1963 885 1993 "’
906 2002 922 2029 ,
962 1981 979 2012 ι
1006 1962 1269 2015 undenam
1296 1960 1412 2013 sitis
1444 1976 1456 2011 :
1484 1959 1673 2027 ecquid
1722 1956 1904 2011 audire
1928 1955 2008 2011 fas
2043 1963 2157 2019 est,
2192 1964 2247 2007 et

713 2067 872 2118 quiam
932 2051 1185 2106 iracunda
1215 2060 1268 2103 et
1325 2065 1512 2119 aspera
1542 2063 1662 2103 cum
1706 2062 1839 2102 voce
1870 2061 1960 2101 eos
1988 2047 2079 2115 qui
2112 2059 2245 2112 prae-

716 2149 795 2193 tcr
840 2140 1341 2194 immisericortliatn
1381 2140 1525 2193 mille
1569 2138 1689 2191 aliis
1726 2137 2029 2191 detinentur
2064 2134 2269 2188 vitiis?

716 2228 904 2281 Nonne
952 2229 1079 2282 illud
1126 2230 1379 2291 omnino,
1432 2236 1485 2281 et
1518 2228 1650 2281 adeo
1696 2227 1949 2289 horride,
1989 2225 2135 2294 quod
2178 2223 2245 2277 ad

718 2333 903 2371 eorum
937 2317 1138 2371 similes
1180 2317 1447 2385 prolatum
1493 2324 1611 2369 est:
1646 2332 1664 2366 ι
1700 2314 1774 2369 Ite
1811 2316 1865 2367 in
1894 2308 2069 2383 ignem
2094 2322 2247 2367 ater-

719 2422 844 2460 nnm
891 2414 1237 2475 praeparatum
1285 2405 1497 2458 diabolo
1541 2413 1595 2458 et
1632 2403 1832 2473 angelis
1868 2403 2020 2471 ejus;
2049 2402 2244 2456 esurivi

715 2496 890 2559 enim,
941 2505 994 2549 et
1023 2510 1127 2547 non
1176 2493 1395 2547 dedistis
1442 2492 1571 2545 mihi
1621 2479 1945 2543 manducare
1963 2488 2047 2540 "‘l
2084 2505 2102 2537 ›
2141 2488 2245 2541 Illis

717 2586 928 2652 quidem
956 2584 1085 2638 satis
1126 2597 1390 2651 superque
1425 2581 1525 2633 fuit
1570 2579 1812 2646 supplicii
1839 2580 1951 2631 vice
1974 2587 2027 2631 et
2052 2575 2242 2645 Sponsi

718 2672 956 2725 thalamo
979 2673 1215 2737 excludi,
1253 2682 1305 2725 et
1330 2687 1393 2724 eo
1433 2671 1546 2724 solo
1576 2668 1750 2737 puniri
1781 2668 1921 2736 quod
1968 2682 2066 2721 nec
2101 2668 2243 2720 intus

719 2776 843 2813 cum
928 2761 1287 2828 prudentibus,
1350 2770 1530 2814 essent
1589 2758 1901 2827 virginibus,
1971 2758 2245 2811 cruciante

721 2851 863 2917 ipsas
893 2849 1101 2902 interim
1133 2850 1475 2916 cogitatione,
1505 2847 1630 2900 dum
1664 2846 2096 2906 considerabant,
2128 2858 2247 2918 quge

718 2937 1010 2990 foretintra
1057 2937 1344 2989 thalamum
1379 2934 1687 2988 oblectatio.
1739 2931 1799 2984 lli
1857 2946 1982 2986 vero
2032 2940 2246 3001 printer:

2343 528 2439 596 τῆς
2467 529 2757 598 παρθενίας
2796 530 2873 599 τῷ
2896 534 2993 599 τῆς
3033 531 3458 601 φιλοχρηματίας
3486 534 3907 605 ἀμαυρώσασαι

2344 616 2509 688 ζόφῳ.
2556 619 2654 671 Διά
2696 619 2850 672 τοῦτο
2892 619 3280 690 θορυϐούμεναι
3317 622 3421 683 τὰς
3459 625 3675 694 ἀγορὰς
3719 643 3905 696 περι-

2345 707 2562 777 έτρεχον
2584 747 2600 773 ,
2632 710 2807 761 ἔλαιον
2840 710 2959 762 τότε
2993 710 3247 778 ζητοῦσαι
3271 749 3286 774 ,
3337 711 3428 764 ὅτε
3471 714 3570 777 τὰς
3619 708 3793 784 θύρας
3846 714 3910 767 oi

2344 796 2643 859 πωλοῦντες
2688 798 3033 851 ἀπέκλεισαν.
3081 799 3214 851 Ποία
3253 800 3359 868 γὰρ
3392 801 3527 869 μετά
3568 804 3905 858 συντέλειαν

2346 886 2691 966 πραγματεία
2732 888 2965 955 λοιπὸν,
2998 889 3206 951 οὐδενὸς
3240 891 3296 940 ἐν
3324 891 3481 961 χρείᾳ
3521 892 3902 956 καθεστῶτος,

2338 976 2433 1052 ,καὶ
2464 978 2560 1047 τὴν
2591 978 2923 1049 συναλλαγὴν
2951 979 3226 1041 ποιοῦντος
3249 981 3497 1051 εὔκαιρον
3524 982 3602 1051 τῷ
3629 984 3905 1054 χρῄζοντι

2342 1063 2539 1130 ἔλαιον,
2558 1068 2907 1135 πεπαυμένης
2927 1067 3024 1135 τῆς
3052 1066 3426 1137 πανηγύρεως,
3451 1069 3544 1122 καὶ
3565 1069 3658 1122 τοῦ
3691 1071 3905 1133 χρειώ-

2341 1153 2461 1216 δους
2488 1156 2701 1225 ἑκάστῳ
2728 1159 3045 1225 ποιήσαντος
3069 1157 3163 1226 τὴν
3193 1158 3462 1227 ἐμπορίαν
3490 1160 3802 1228 ἀμήχανονε
3833 1159 3905 1211 Εἰ

2342 1243 2397 1295 δέ
2447 1233 2805 1314 παρθένοιςό
2845 1245 3099 1308 τοσοῦτος
3116 1246 3214 1315 τῆς
3241 1242 3460 1312 ἁγνείας
3492 1250 3770 1317 κάματος,
3815 1248 3903 1318 μὴ

2342 1334 2624 1404 παρούσης
2652 1333 3019 1404 ἐλεημοσύνης
3046 1335 3303 1404 ἀνόνητος·
3336 1335 3523 1402 γέγονε
3542 1378 3557 1402 ,
3588 1341 3681 1390 καὶ
3709 1338 3905 1406 eloti;-

2343 1439 2529 1481 κεισαν
2563 1423 2667 1488 ἔξω
2697 1422 2791 1475 τοῦ
2820 1423 3101 1492 νυμφῶνος
3130 1424 3390 1486 ἐλεειναῖς
3418 1424 3616 1493 βοιῖισαι
3647 1429 3865 1493 φωναῖς
3885 1442 3898 1455 ·

2349 1528 2366 1561 ι
2404 1511 2595 1581 Κύριε,
2629 1512 2822 1581 Κύριε,
2846 1512 3048 1577 ἄνοιξον
3076 1515 3224 1589 ἡμῖν,
3249 1534 3266 1565 ι
3305 1515 3397 1568 καὶ
3421 1514 3630 1568 ἔνδοθεν
3662 1516 3906 1570 ἀκούου-

2345 1616 2434 1651 σαι
2490 1601 2564 1662 ὼς
2615 1600 3038 1669 ὲπιϐρυχομένου
3090 1601 3166 1671 τῷ
3217 1603 3416 1673 ὀργίλῳ
3472 1604 3746 1675 φθέγματι
3792 1605 3899 1658 τοῦ

2344 1688 2611 1757 Νυμφίου,
2644 1691 2735 1743 καὶ
2760 1690 3002 1757 λέγοντος
3021 1708 3036 1722 ·
3068 1713 3088 1742 ι
3111 1691 3278 1762 ’Λμὴν
3305 1693 3443 1760 λέγω
3473 1695 3619 1761 ὑμίν,
3640 1695 3741 1747 οὐκ
3770 1690 3901 1747 οῖδα

2347 1781 2510 1848 ὑμᾶς,
2547 1800 2566 1832 ι
2599 1781 2761 1834 πόθεν
2784 1782 2904 1834 ἐστέ
2924 1798 2939 1814 ο
2964 1783 3017 1834 τί
3044 1782 3366 1836 ἀκούσεσθαι
3394 1785 3615 1847 είκότως
3641 1787 3737 1839 καὶ
3763 1787 3900 1855 μεθ’

2342 1870 2457 1931 οἵας
2497 1869 2733 1944 όργίλου,
2784 1873 2877 1924 καὶ
2922 1872 3177 1941 τραχείας
3211 1873 3388 1942 φωνῆς
3431 1876 3554 1937 τοὺς
3599 1876 3735 1945 μετά
3785 1876 3899 1944 τῆς

2342 1960 2708 2028 ἀσπλαγχνίας
2740 1962 2950 2030 μυρίοις
2981 1960 3159 2025 ἄλλοις
3203 1963 3551 2032 ἐνεχομένους
3595 1969 3822 2028 κακοῖς,
3859 1967 3897 2035 ἢ

2344 2049 2557 2113 πάντως
2605 2052 2798 2116 ἐκεῖνο,
2850 2052 2940 2103 καὶ
2977 2049 3159 2115 οὕτως
3193 2048 3413 2122 ἀπηνῶς
3458 2054 3518 2105 τὸ
3574 2054 3711 2125 πρὸς
3756 2058 3897 2116 τοὺς

2341 2138 2556 2205 ὁμοίους
2581 2137 2762 2197 αὐτοῖς
2789 2138 3073 2208 είρημένον
3100 2156 3114 2170 ο
3164 2157 3183 2189 ι
3217 2138 3518 2208 Πορεύεσθε
3559 2142 3638 2202 είς
3663 2140 3725 2193 το
3771 2140 3897 2211 πῦρ

2340 2226 2401 2278 τὸ
2426 2226 2639 2278 αίώνιον
2662 2227 2720 2278 το
2749 2228 3147 2296 ἡτοιμασμένον
3167 2227 3243 2295 τῷ
3267 2228 3493 2297 διαϐόλῳ
3518 2229 3611 2282 καὶ
3638 2236 3749 2294 τοῖς
3780 2233 3895 2298 ἀγ·-

2343 2317 2519 2385 γέλοις
2561 2318 2757 2381 αὐτοῦ*
2789 2320 3046 2372 ἐπείνασα
3074 2320 3199 2390 γὰρ,
3249 2321 3342 2372 καὶ
3371 2322 3469 2373 οὐκ
3508 2322 3746 2376 ἐδώκατέ
3796 2341 3897 2392 μοι

2345 2412 2562 2476 φαγείνς
2585 2429 2602 2461 ι
2624 2410 2885 2473 Ἐκείναις
2915 2411 3012 2478 μὲν
3040 2410 3147 2480 γὰρ
3176 2412 3255 2472 είς
3285 2412 3552 2481 τιμωρίας
3578 2414 3775 2482 ἤρκεσε
3802 2414 3897 2465 M-
3934 2417 3943 2426 '

2345 2516 2461 2564 γον,
2518 2501 2579 2552 τὸ
2636 2501 3053 2571 ἀποκλεισθῆναι
3096 2501 3188 2564 τοῦ
3235 2502 3539 2571 νυμφῶνος,
3582 2505 3673 2557 καὶ
3735 2508 3894 2576 μόνῳ

2344 2590 2514 2660 τούτῳ
2547 2590 2889 2655 κολάζεσθαι,
2924 2590 3000 2659 τῷ
3032 2591 3106 2662 μὴ
3135 2591 3278 2645 ἔνδον
3302 2592 3441 2663 μετὰ
3465 2593 3574 2646 τῶν
3603 2596 3899 2664 φρονίμων

2342 2676 2481 2732 εἶναι
2514 2679 2815 2748 παρθένων,
2848 2680 3373 2748 τῆςέννοίαςναύτὰς
3398 2682 3688 2753 ὢυνὼσης,
3733 2684 3892 2750 λογι-

2344 2770 2609 2837 ζομένας,
2650 2771 2733 2831 τίς
2777 2769 2883 2838 ἄρα
2924 2771 2955 2838 ὴ
2992 2769 3138 2833 ἐντὸς
3168 2771 3264 2839 τῆς
3309 2773 3572 2835 παστάδος
3619 2776 3891 2844 τυγχάνει

2346 2856 2661 2920 ἀπόλαυσις.
2676 2851 2831 2911 Οὗτοι
2857 2857 2913 2909 δὲ
2942 2858 3078 2926 μετά
3101 2858 3190 2911 τοῦ
3221 2858 3323 2920 ἐξω
3346 2854 3482 2917 εἶναι
3510 2862 3689 2929 πάσης
3706 2877 3892 2931 παρα-

2347 2946 2539 3022 μυθίας
2572 2947 2834 3017 χρηστῆς,
2853 2947 3219 3019 ἀπαραίτητον
3247 2950 3447 3014 ἕξουσι,
3484 2953 3574 3005 καὶ
3608 2950 3888 3004 ἐπώδυνον

715 3041 875 3094 quam
901 3025 1039 3093 quod
1070 3035 1193 3078 sunt
1209 3033 1451 3092 expertes
1475 3023 1652 3076 omnis
1670 3023 1820 3074 benae
1844 3021 2243 3087 consolationis,

2347 3035 2585 3100 κόλασιν,
2638 3037 2792 3107 διπλῇ
2847 3038 3241 3109 τιμωρούμενοι
3285 3039 3483 3110 ὀδύνῃ,
3519 3044 3615 3112 μιᾷ
3662 3042 3763 3112 μιν
3816 3048 3884 3114 τῇ

719 3115 1051 3169 inevitabilcn
1080 3125 1133 3168 et
1156 3114 1552 3167 acerbissimam
1589 3114 1735 3165 luent
1777 3124 2009 3180 pmnam,
2040 3110 2238 3179 duplici

717 3205 975 3273 supplicio
1029 3204 1228 3273 puniti,
1281 3217 1509 3269 quorum
1563 3217 1727 3255 ttnutn
1768 3201 1914 3268 ipsos
1969 3207 2240 3253 tormento

720 3294 856 3360 ignis
904 3292 1345 3361 iuexstingnibilis
1402 3290 1625 3355 alliciet,
1672 3291 1899 3343 alterum
1969 3293 2090 3343 vero
2135 3296 2238 3351 est,

718 3384 856 3452 quod
886 3384 1089 3436 ellicerc
1121 3384 1254 3455 solet
1280 3384 1505 3436 aliorum
1530 3383 1737 3440 iruitio.
1773 3384 1857 3435 cui
1882 3390 2129 3449 poterant
2158 3382 2242 3434 in-

722 3482 919 3526 teresse
937 3473 1057 3539 ipsi,
1085 3489 1180 3526 nec
1205 3473 1695 3539 intersuntpropter
1721 3470 2090 3538 negligentiam
2121 3484 2245 3537 pro-

721 3563 912 3627 priam,
964 3577 1069 3614 non
1122 3560 1313 3613 minori
1352 3560 1533 3613 dolore
1580 3559 1810 3611 animam
1862 3557 2131 3627 ﬂagellatis
2179 3572 2245 3611 ex

720 3650 1047 3718 paenitentia,
1078 3664 1237 3717 quam
1268 3663 1458 3716 corpus
1506 3647 1772 3702 excruciet
1799 3647 2053 3711 exterius,
2098 3647 2245 3715 quod

717 3750 797 3797 est
819 3741 883 3794 ab
917 3741 1053 3810 igne,
1087 3739 1428 3809 supplicium.

1288 3869 1508 3924 CAPUT
1546 3868 1630 3923 IV.

782 3965 827 4018 0
860 3972 1113 4033 quantum
1159 3961 1529 4015 misericordes
1554 3960 1746 4013 extulit
1790 3959 2095 4025 compassio
2129 3960 2141 4010 !
2201 3958 2242 4010 0

718 4063 970 4121 quantum
988 4045 2072 4127 inimisericordesdepressitinhumanitas
2096 4047 2107 4097 ἒ
2130 4044 2250 4099 Illos

720 4144 783 4197 ad
831 4123 1044 4211 regnum
1077 4140 1386 4210 angelorum
1423 4137 1648 4198 induxit,
1687 4136 1818 4189 istos
1848 4151 1967 4189 cum
2001 4123 2249 4188 demoni-

721 4232 839 4293 bns,
855 4242 905 4283 et
920 4232 1128 4284 diabolo
1144 4232 1195 4283 in
1217 4230 1510 4297 gehennam
1536 4228 1669 4295 ignis
1689 4227 1915 4280 devolvit
1931 4227 2243 4294 przecipites.

721 4317 851 4371 Tuta
899 4320 950 4372 in
1028 4320 1339 4372 liberalitate
1367 4318 1598 4381 utilitas;
1644 4326 1699 4370 et
1724 4325 1925 4369 tantum
1955 4317 2003 4367 in
2037 4317 2240 4369 incom-

719 4408 1077 4459 munieatione
1107 4409 1353 4459 damnum
1380 4406 1536 4457 inest.
1571 4403 1729 4472 quue
1759 4404 1912 4471 139
1941 4405 2089 4458 valde
2114 4419 2239 4457 con-

718 4484 1021 4551 venienter:
1052 4493 1474 4561 quandoquidem
1504 4491 1618 4545 haec
1646 4492 1858 4557 quidem
1893 4492 2092 4543 accedit
2117 4507 2240 4558 pro-

717 4588 859 4640 xime
906 4584 972 4638 ad
1000 4584 1379 4651 benignitatem
1413 4581 1525 4645 Dei,
1561 4582 1660 4633 ista
1710 4596 1834 4634 vero
1863 4580 2000 4634 baud
2032 4582 2184 4649 longe
2210 4596 2237 4633 a

717 4675 950 4729 satanica
980 4674 1174 4726 invidia
1208 4672 1333 4726 abit.
1365 4669 1498 4722 Nam
1529 4671 1617 4737 qui
1657 4672 1925 4724 hominem
1964 4673 2239 4724 contribu-

718 4766 815 4817 lem
852 4764 1174 4827 l’amelicum,
1207 4774 1258 4817 et
1288 4770 1526 4829 egentem
1577 4774 1604 4811 a
1642 4758 2028 4814 feneratoribus
2060 4776 2240 4822 usura-

664 4842 667 4843 ν
718 4854 811 4907 riis
843 4864 1151 4923 oppressum
1179 4854 1283 4906 ιιοή
1319 4852 1605 4903 miseratur
1625 4889 1639 4911 ,
1673 4849 2017 4917 quomodois
2046 4851 2110 4903 ad
2135 4852 2239 4904 dte-

718 4958 934 4995 monum
968 4953 1161 4999 statum
1214 4959 1317 4997 non
1370 4932 1597 5010 degener
1643 4940 1819 4999 irruit,
1872 4955 1994 4992 cum
2045 4941 2237 5007 quibus

716 5033 851 5099 jnste
875 5035 1319 5100 eommunipmna
1369 5034 1651 5085 damnatur
1718 5031 1979 5096 particeps
2054 5044 2234 5083 eormn

716 5121 950 5181 malitim,
981 5135 1202 5185 quorum
1233 5131 1436 5176 natura:
1465 5131 1681 5174 nonest
1728 5134 1965 5173 consors.
2002 5118 2089 5172 Sic
2114 5136 2235 5171 vero

714 5221 763 5262 et
808 5212 1127 5279 jumenlum,
1174 5218 1224 5259 rt
1252 5208 1381 5269 fera,
1413 5221 1464 5262 et
1494 5212 1677 5280 reptile
1724 5227 1815 5263 seu
1870 5226 2087 5277 serpens
2144 5226 2235 5261 nn-

716 5299 963 5359 minatur,
999 5297 1088 5366 qui
1119 5296 1183 5349 ad
1216 5296 1495 5363 imaginem
1533 5298 1620 5351 Dei
1653 5300 1855 5352 ellietus
1913 5311 1995 5354 est
2050 5302 2228 5361 homo,

714 5396 834 5433 cum
886 5384 1059 5449 pravis
1092 5383 1327 5435 moribus
1353 5384 1650 5447 :emulatnr,
1680 5386 1819 5453 quod
1850 5403 1877 5438 a
1909 5398 2097 5439 natura
2126 5404 2230 5438 non

717 5470 930 5535 accepit,
947 5479 1041 5523 cta
1060 5470 1330 5523 nobilitate
1346 5485 1440 5522 sua
1456 5471 1739 5522 secundum
1769 5482 2011 5527 naturam
2040 5476 2229 5528 transit

784 5619 826 5648 ιδ
857 5617 1011 5661 λιτνιιι.
1066 5640 1165 5664 ην
1216 5626 1268 5666 tl
1370 5630 1410 5661 οι
1448 5629 1551 5671 inm
1606 5629 1667 5674 te
1762 5630 1805 5660 ν’
1842 5631 1967 5679 inid.
1998 5632 2082 5681 At.
2112 5632 2204 5683 Η..

2341 3124 2536 3197 ἐχούσῃ
2563 3126 2756 3189 αὐτοὺς
2787 3126 3004 3197 βασάνῳ
3031 3128 3125 3179 τοῦ
3152 3129 3414 3181 ἀσϐέστου
3450 3131 3639 3199 πυρὸς,
3673 3135 3772 3203 μιᾷ
3802 3133 3884 3193 δὲ.

2339 3216 2405 3286 ἣν
2433 3220 2603 3269 ποιεῖν
2637 3219 2669 3287 ἡ
2716 3218 2913 3287 ἐτέρων
2959 3218 3252 3279 ἀπόλαυσις
3301 3218 3458 3271 εἴωθε
3500 3222 3612 3282 τοῖς
3653 3223 3710 3273 ἐν
3742 3223 3885 3292 αὐτῇ

2339 3306 2650 3375 δυναμένοις
2683 3302 2842 3371 εἶναι,
2865 3308 2960 3359 καὶ
2985 3307 3084 3358 οὐκ
3113 3303 3260 3358 οὖσιν
3284 3307 3348 3359 δι’
3378 3309 3578 3379 οἰκείαν
3598 3310 3882 3379 ἀμέλειαν,

2339 3402 2441 3453 οὐκ
2467 3401 2682 3452 ἔλαττον
2710 3400 2774 3468 τῇ
2814 3398 2955 3468 λύπῃ
3003 3400 3101 3468 τῆς
3147 3378 3506 3467 μεταμελείας
3544 3402 3883 3468 μαστίζουσα

2342 3488 2438 3557 τὴν
2483 3489 2656 3560 ψυχὴν
2703 3489 2798 3557 τῆς
2840 3488 3034 3559 ἔξωθεν
3084 3490 3160 3561 τῷ
3208 3492 3337 3560 πυρὶ
3383 3489 3773 3564 βασανιζούσης
3822 3493 3884 3546 τὸ

2347 3577 2501 3645 σῶμα
2528 3577 2820 3639 κολάσεως.

2932 3871 3178 3925 ΚΕΦΑΑ.
3221 3872 3290 3922 Δ’.

2420 3958 2479 4007 Ὢ
2509 3958 2671 4009 πόσον
2717 3959 2839 4019 τοὺς
2880 3959 3170 4028 ἐλεήμονας
3205 3959 3416 4025 ὕψωσεν
3465 3952 3497 4021 ἡ
3533 3959 3879 4028 συμπάθειαί

2353 4048 2415 4098 Ὢ
2444 4047 2604 4100 πόσον
2631 4048 2752 4110 τοὺς
2783 4048 3144 4115 ἀνελεήμονας
3190 4051 3222 4116 ἡ
3263 4035 3596 4116 ἀσπλαγχνία
3638 4052 3884 4120 κατήγα-

2348 4138 2469 4203 γενὲ
2527 4138 2791 4199 Ἑκείνους
2834 4137 3074 4203 ἀγγέλων
3127 4140 3201 4198 εἰς
3251 4136 3521 4205 βασιλείαν
3569 4142 3879 4209 είσήγαγεν,

2349 4227 2566 4291 τούτους
2620 4226 2756 4296 μετὰ
2808 4227 3071 4295 δαιμόνων
3120 4224 3211 4279 καὶ
3272 4228 3517 4279 διαεόλου
3573 4228 3649 4290 εἰς
3711 4230 3879 4295 πυρὸς

2353 4316 2572 4383 γέενναν
2602 4312 2945 4389 κατέτρεψεν.
2994 4317 3174 4380 Οὕτως
3206 4317 3472 4386 ὠφέλιμον
3507 4318 3540 4386 ἡ
3573 4318 3876 4384 μετάδοσις,

2354 4407 2444 4459 καὶ
2471 4407 2639 4467 οὕτως
2685 4406 2939 4476 βλαϐερὸν
2980 4408 3039 4459 τὸ
3075 4407 3448 4476 ἀκοινώνητον.
3486 4408 3595 4458 Καὶ
3628 4409 3773 4474 μάλα
3817 4424 3878 4473 γε

2345 4497 2594 4556 είκότως’
2646 4497 2828 4557 ἐπειδὴ
2851 4498 2912 4548 τὸ
2946 4497 3043 4564 μέν
3092 4498 3236 4547 ἐστιν
3265 4496 3426 4561 ἐγγὺς
3474 4495 3879 4563 φιλανθρωπίας

2346 4582 2498 4642 Θεοῦ,
2524 4583 2582 4633 τὸ
2611 4583 2665 4634 δέ
2688 4584 2747 4634 οὖ
2779 4583 2986 4650 μακρὰν
3011 4582 3299 4649 σατανικῆς
3328 4581 3640 4647 βασκανίας.
3683 4583 3744 4635 '0
3772 4584 3877 4652 γὰρ

2344 4674 2695 4742 λιμώττοντα,
2727 4672 2821 4723 καὶ
2851 4672 3213 4738 πηγνύμενον,
3244 4670 3334 4722 καὶ
3363 4673 3508 4737 παρὰ
3533 4673 3877 4741 τοκογλύφων

2343 4767 2638 4835 ἀγχόμενον
2683 4765 2973 4817 δανειστῶν
3027 4763 3100 4832 μὴ
3143 4763 3418 4833 οἰκτείρων
3460 4764 3547 4815 τὸν
3588 4767 3872 4833 ὁμόφυλον,

2345 4855 2461 4915 πῶς
2484 4855 2580 4906 οὐκ
2609 4855 2684 4915 εἰς
2710 4851 3026 4920 δαιμονικὴν
3057 4851 3379 4903 κατάστασιν
3410 4851 3624 4919 ἤλασεν,
3659 4853 3781 4920 μεθ’
3801 4848 3874 4903 ὧν

2343 4945 2561 5007 δικαίως
2591 4944 2774 5013 κοινὴν
2809 4942 3185 5010 κατακρίνεται
3221 4943 3454 5005 κόλασιν,
3486 4941 3756 4994 κοινωνῶν
3781 4957 3872 4991 πο-

2344 5036 2553 5104 νηρίας,
2599 5027 2677 5093 οἷς
2717 5033 2777 5082 οὐ
2825 5030 3175 5100 κεκοινώνηκε
3206 5032 3453 5099 φύσεως;
3481 5030 3659 5090 υύτω;
3692 5031 3749 5081 δέ
3783 5030 3869 5081 καὶ

2342 5123 2535 5191 κτῆνος
2565 5162 2577 5183 ,
2622 5121 2712 5174 καὶ
2748 5120 2948 5188 θηρίον,
2978 5120 3068 5172 καὶ
3102 5120 3321 5187 ἑρπετὸν
3348 5117 3668 5185 ὀνομάζεται
3699 5120 3728 5169 ὁ
3756 5115 3869 5170 κατ’

2340 5215 2521 5266 εἰκόνα
2576 5210 2709 5262 Θεοῦ
2750 5210 3108 5278 γεγενημένος
3150 5208 3462 5276 ἄνθρωπος,
3498 5207 3608 5258 ἔθει
3653 5206 3867 5275 πονηρῷ

2341 5304 2585 5373 ζηλώςας
2614 5302 2641 5353 ὂ
2674 5303 2746 5368 μὴ
2782 5302 2937 5366 φύσει
2978 5301 3285 5367 γεγένηται,
3308 5300 3397 5349 καὶ
3424 5299 3656 5367 μεταϐὰς
3680 5302 3743 5351 ἐκ
3772 5298 3867 5364 τῆς

2339 5394 2472 5444 κατὰ
2528 5391 2684 5460 φύσιν
2739 5391 3011 5456 εὐγενείας
3064 5390 3143 5450 είς
3192 5388 3286 5456 τὴν
3341 5390 3490 5458 παρά
3534 5390 3693 5456 φύσιν
3745 5389 3864 5439 δυσ-

2336 5480 2560 5544 γένειαν.
2600 5480 2759 5548 Ὁρᾷς
2800 5479 2891 5546 ,ἐπ’
2922 5478 3143 5544 ἐδάφους
3170 5518 3184 5544 ,
3229 5472 3272 5531 ὦ
3307 5473 3492 5543 οὗτος,
3533 5482 3587 5531 ἐν
3621 5478 3758 5546 μέσῃ
3799 5474 3860 5545 τῇ
