4076 6338
741 244 902 347 [87,
1777 304 1784 311 .
2233 257 2330 315 ελ

2417 252 2469 313 ,ῐ
3827 230 3946 299 87?.

809 406 872 459 ια
938 410 1025 452 res
1066 392 1321 462 pessimus
1352 382 1666 454 portendere
1718 376 2015 446 opinantes,
2076 369 2345 438 hujusque
2382 380 2538 421 voces
2602 362 2862 430 supplices
2918 357 3056 411 inter
3105 354 3335 408 infausta
3415 350 3591 405 omnia
3655 360 3956 419 reponet)»

806 492 899 538 tes.

1267 519 1307 565 θ’
1403 576 1618 635 CAPUT
1654 574 1723 630 V.-
2339 554 2386 606 A
2990 552 3228 605 κΕψΑΑ,
3270 550 3342 601 E'.

884 703 947 755 Et
995 697 1119 767 quid
1166 688 1440 751 Lazarum,
1472 685 1718 756 pauperis
1750 766 1753 767 ν
1782 680 2092 767 dignitatem
2148 674 2321 729 immi-

817 763 1055 845 uuendo,
1093 777 1307 830 nomino
1324 771 1622 826 ?'Cbristus
1653 766 1783 821 dixit
1810 766 1865 817 in
1904 763 2020 831 ipso
2080 775 2138 816 se
2182 773 2317 822 esse,

738 872 741 875 ’
818 846 872 923 et
892 883 975 928 ea,
1025 878 1142 934 quae
1190 876 1309 929 erga
1332 862 1511 927 ipsum
1540 854 1767 923 prestita
1798 850 2012 913 fuerint,
2043 847 2145 903 sibi
2198 859 2322 914 pro-

778 984 779 987 η
818 946 935 1025 prie
957 953 1186 1007 attribui.
1224 967 1243 1000 ι
1274 948 1403 1013 Qua:
1429 957 1655 1010 namque
1705 939 1793 992 uni
1834 935 2044 1025 (inquit)
2094 935 2321 988 istorum

822 1023 1041 1101 fecistis,
1068 1037 1196 1090 mihi
1240 1032 1436 1089 fecistis
1466 1030 1533 1080 θ’.
1574 1045 1609 1091 ¹ι
1669 1023 1887 1092 thuid
1936 1037 1995 1075 se
2040 1032 2322 1089 passurum

825 1131 1095 1194 exspectat
1138 1120 1377 1190 quisquis
1421 1128 1723 1185 pauperem,
1756 1119 1810 1193 et
1854 1111 1907 1162 in
1936 1124 2001 1162 eo
2057 1107 2324 1194 Christum

725 1274 727 1277 ,
826 1190 1055 1281 οιροιῐὶι,
1104 1219 1158 1262 et
1203 1200 1528 1259 contemnit?
1557 1198 1705 1249 .Dum
1749 1190 2024 1248 externum
2060 1192 2321 1246 amictum

822 1300 1108 1363 centenum
1134 1295 1428 1345 indecenter
1456 1284 1681 1353 despuit,
1731 1291 1783 1335 et
1840 1281 2085 1334 latentem
2132 1292 2330 1347 purpu-

828 1400 941 1440 ram
968 1397 1071 1436 non
1103 1375 1315 1447 respicit
1354 1373 1729 1439 signiﬁcantem
1761 1382 1903 1429 eum,
1941 1368 2028 1434 qui
2060 1376 2141 1420 cst
2163 1366 2327 1427 intus,

832 1484 1047 1538 regem:
1104 1453 1356 1518 vilitatem
1411 1460 1629 1513 vestitus
1678 1457 2025 1517 subsannaus,
2080 1463 2131 1507 et
2193 1453 2329 1505 ima-

767 1548 778 1557 ’
831 1556 968 1625 ginis
990 1552 1289 1624 dignitatem
1318 1563 1421 1598 non
1453 1542 1814 1613 perspiciens;
1846 1541 2033 1594 sordes
2095 1539 2332 1606 corporis

834 1643 1091 1711 cogitans,
1164 1647 1216 1691 et
1264 1636 1451 1688 anima:
1493 1633 1769 1699 puritatem
1840 1645 1947 1694 non
1998 1629 2327 1696 intelligens:

833 1744 933 1783 nec
978 1727 1117 1779 enim
1161 1722 1401 1776 Christus
1451 1720 1645 1771 diceret
1712 1730 1829 1771 esse
1886 1730 1944 1768 se
1991 1715 2170 1772 istumt
2231 1713 2334 1767 nisi

2480 674 2587 725 Καὶ
2614 671 2665 722 τί
2704 670 2841 735 λέγω
2884 664 3122 730 Λάζαρον
3152 659 3454 729 σμικρύνων
3502 655 3597 726 τὴν
3641 655 3809 718 ἀξίαν
3842 650 3945 705 τοῦ

2416 750 2921 831 πένητος;’Χριστὸς
2950 749 3094 803 εἶπεν
3133 752 3187 801 ὲν
3219 748 3391 815 τούτῳ
3421 739 3592 807 εἶναι,
3623 745 3716 795 καὶ
3750 743 3829 795 τὰ
3863 743 3948 802 είς

2416 840 2573 903 αὐτὸν
2608 842 2925 898 οἰκειοῦσθαι
2979 843 3254 907 γινόμενα’
3314 832 3332 887 ι
3378 836 3489 888 Ἑνὶ
3533 836 3678 903 γάρ.
3737 832 3945 899 φησὶν.

2419 937 2698 1003 ἐποιήσατε
2723 929 2943 988 τούτων,
2977 927 3095 994 ἐμοὶ
3120 926 3420 990 ἐποιήσατε.
3460 923 3479 973 δ
3513 922 3619 974 Καὶ
3653 921 3706 971 τί
3732 917 3945 970 παθεῖν

2418 1025 2641 1081 ἕκαστος
2687 1016 2954 1086 προσδοκᾷ
2980 1012 3087 1063 τῶν
3112 1010 3407 1063 διωκόντων
3438 1008 3528 1059 καὶ
3558 1005 3948 1074 άτιμαζόντων

2420 1094 2735 1173 τὸνπένητα
2760 1143 2776 1163 ,
2819 1104 2909 1159 καὶ
2949 1102 3004 1153 ὲν
3032 1099 3176 1167 αὐτῷ
3214 1098 3300 1149 τὸν
3351 1094 3611 1165 Χριστόν;
3662 1094 3742 1145 Τά
3794 1092 3945 1160 ῥάκη

2420 1195 2684 1249 διαπτύων
2709 1190 2901 1255 ἔξωθεν
2923 1187 3176 1257 ἀπρεπῶς
3205 1184 3570 1253 περικείμενα,
3595 1182 3685 1235 καὶ
3718 1179 3824 1250 τὴν
3853 1196 3949 1232 κε-

2424 1283 2735 1354 κρυμμένην
2786 1276 3069 1343 ἁλουργίδα
3099 1276 3156 1325 ού
3186 1273 3390 1342 βλέπων
3420 1271 3508 1322 τὸν
3534 1270 3677 1343 ἔνδον
3710 1268 3947 1337 βασιλέα

2426 1371 2777 1439 σημαίνουσαν
2798 1381 2811 1395 ·
2851 1365 2945 1433 τὴν
2990 1362 3253 1414 εὐτέλειαν
3281 1356 3549 1427 χλευάζων
3591 1358 3683 1408 τοῦ
3716 1358 3825 1425 σχή
3838 1372 3947 1423 μα-

2424 1474 2531 1535 τος,
2555 1457 2645 1508 καὶ
2667 1455 2761 1522 τῆς
2785 1453 2985 1512 εἰκόνος
3013 1451 3109 1517 οὐχ
3132 1448 3269 1517 όρῶν
3293 1446 3352 1497 τὸ
3376 1445 3587 1513 ἀξίωμα
3605 1461 3616 1473 ·
3648 1445 3739 1497 τὸν
3766 1444 3947 1521 ῥύπον

2425 1531 2516 1596 τού
2562 1542 2801 1610 σώματος
2835 1537 3121 1600 κατανοῶν,
3154 1535 3244 1587 καὶ
3298 1533 3394 1602 τὴν
3442 1531 3781 1598 καθαρότητα
3845 1531 3948 1595 τῆς

2426 1631 2595 1698 ψυχῆς
2643 1631 2702 1680 οὐ
2762 1626 3125 1693 λογιζόμενοςσ
3160 1623 3219 1674 ού
3267 1620 3373 1688 γὰρ
3413 1619 3479 1670 ἂν
3519 1618 3746 1687 Χριστὸς
3786 1611 3948 1667 εἶπεν

2430 1715 2614 1769 ἑαυτὸν
2661 1710 2793 1765 εἶναι
2836 1711 3037 1771 τοῦτον,
3081 1709 3128 1759 εί
3175 1708 3247 1774 μὴ
3292 1704 3483 1772 πολλὴν
3515 1704 3624 1771 ᾔδει
3653 1702 3751 1771 τὴν
3794 1700 3949 1752 ἔνδον

834 1825 962 1868 tunc
991 1811 1205 1864 multam
1259 1809 1400 1860 intus
1429 1806 1754 1857 honestatem
1782 1802 2109 1869 pervidisset.
2141 1802 2219 1853 Tu
2236 1814 2330 1852 au-

2432 1804 2743 1872 σεμνότητα.
2787 1798 2938 1876 sese
2972 1796 3187 1865 βασιλέα
3219 1795 3315 1862 μὲν
3340 1795 3386 1845 εί
3433 1791 3633 1855 ἐθεάσω
3663 1790 3949 1855 ίδιωτικὴν

836 1908 941 1952 tem
971 1898 1015 1951 si
1045 1910 1214 1963 regem
1244 1892 1445 1962 plebeia
1472 1900 1612 1943 veste
1640 1889 1879 1943 indutum
1933 1893 2220 1955 spectares,
2280 1892 2330 1938 et

2432 1888 2848 1956 ὲπενδυσάμενον
2878 1884 3075 1952 ἐσθῆτα
3099 1922 3113 1945 ,
3151 1879 3526 1948 οἰκονομοῦντά
3555 1895 3607 1930 τι
3650 1877 3949 1948 χρήσιμον,

839 1984 964 2039 boui
1007 1980 1228 2049 alicujus
1256 1976 1569 2047 procurandi
1599 1990 1780 2039 causa,
1808 1974 2159 2028 occultantem
2187 1986 2337 2025 suam

843 2072 1146 2139 dignitatem
1176 2066 1357 2119 humili
1412 2064 1604 2131 specie,
1660 2063 1837 2116 omnia
1888 2060 2136 2129 perlicere
2173 2068 2339 2114 tenta-

846 2174 951 2217 res,
983 2167 1037 2211 et
1081 2168 1236 2208 omne
1284 2152 1559 2205 adhiberes
1601 2150 1854 2212 studium,
1910 2148 2063 2201 donis
2110 2156 2167 2200 ut
2216 2147 2337 2215 ipsi,

842 2243 1187 2313 plurimisque
1211 2238 1478 2306 obsequiis
1513 2244 1668 2290 notus
1694 2234 1867 2298 ﬁeres,
1908 2234 2008 2286 etsi
2061 2232 2357 2291 universas_

843 2320 1116 2385 facultates
1147 2326 1200 2380 in
1230 2339 1348 2378 eum
1374 2324 1690 2391 impendere,
1721 2328 1776 2376 et
1805 2320 2010 2376 cunctis
2034 2319 2220 2389 opibus
2241 2334 2340 2372 nu-

844 2418 968 2470 dum
995 2425 1045 2468 te
1071 2422 1208 2466 stare
1240 2416 1543 2477 oporteret;
1589 2408 1751 2475 probe
1796 2408 1988 2471 sciens,
2039 2421 2155 2474 qua:
2176 2406 2228 2458 in
2257 2410 2368 2457 ne-‘

844 2502 1087 2556 cessitate
1117 2498 1216 2568 ipsi
1258 2496 1583 2551 exbibuisses
1641 2494 1911 2558 beneﬁcia,
1967 2508 2065 2547 suo
2112 2502 2344 2559 tempore

847 2588 1058 2659 copiOse
1100 2583 1500 2638 remuneranda.
1533 2580 1701 2633 Tuum
1750 2596 1874 2633 vero
1916 2581 2145 2649 iudicem
2194 2578 2345 2648 142

847 2659 1077 2731 eur’non
1105 2673 1195 2725 tibi
1247 2670 1498 2723 concilias
1534 2668 1799 2721 beneﬁciis
1852 2682 1976 2737 erga
2032 2667 2343 2733 indigentes,

847 2762 1106 2819 volentem
1136 2772 1274 2813 nunc
1311 2756 1614 2810 muneribus
1647 2763 1704 2807 ut
1731 2770 1850 2809 cum
1877 2755 2246 2822 promerearis,
2292 2762 2350 2806 ut

820 2858 980 2905 -tunc
1029 2842 1757 2913 judicetlndulgentius,'pro
1785 2842 2089 2908 erogatioue
2141 2839 2348 2893 occulta

855 2931 1191 2986 manifestam
1252 2929 1473 2982 salutem
1530 2926 1859 2994 iargiturus:
1909 2926 2346 2992 quemadmodum

830 3012 1060 3087 phiot,
1083 3016 1149 3068 ad
1172 3013 1451 3068 favendum
1475 3013 1721 3081 pecunias
1748 3012 2011 3079 accipiens
2041 3013 2093 3064 iu
2118 3011 2347 3079 judicio,

2433 1978 2523 2030 καὶ
2542 1975 2813 2045 κρύψαντα
2840 1974 2935 2041 τὴν
2964 1968 3113 2034 ἀξίαν
3143 1972 3374 2037 σχήματι
3396 1965 3647 2033 ταπεινῷ,
3670 1965 3853 2017 πάντα
3884 1964 3951 2016 ἂν

2432 2063 2875 2133 ἑπραγματεύσω,
2913 2061 3004 2111 καὶ
3033 2060 3207 2110 πᾶσαν
3244 2054 3500 2107 πάντοθεν
3534 2053 3653 2105 ἔθου
3683 2053 3949 2121 σπουδὴν,

2432 2152 2617 2220 δώροις
2648 2149 2793 2217 αύτῷ
2831 2150 2921 2201 καὶ
2953 2146 3163 2206 πολλαῖς
3207 2144 3513 2214 θεραπείαις
3552 2142 3824 2211 γνώριμος
3856 2157 3951 2209 γι·

2436 2239 2645 2303 νάσθαι,
2672 2239 2781 2293 κᾶν
2809 2240 2980 2289 πᾶσαν
3006 2236 3187 2301 ἐδέησε
3215 2235 3508 2302 παρασχεῖν
3532 2231 3678 2300 αὐτῷ
3713 2230 3813 2301 τὴν
3855 2232 3948 2282 ού-

2441 2329 2579 2392 σίαν,
2612 2328 2703 2380 καὶ
2734 2327 2905 2393 πάσης
2935 2325 3117 2391 στῆναι
3149 2323 3344 2389 γυμνὸν
3381 2321 3481 2389 τῆς
3517 2319 3819 2387 ὑπάρξεως,
3850 2321 3949 2380 τὰς

2439 2420 2495 2470 ἐν
2542 2416 2751 2484 ἀνάγκῃ
2792 2414 3015 2482 χάριτας
3059 2409 3211 2471 είδὼς
3255 2406 3528 2470 ἀξιοῦσθαι
3573 2405 3808 2473 μεγάλης
3856 2407 3949 2456 ἐπὶ

2438 2505 2623 2574 καιρὸν
2654 2502 2897 2573 ἀμοιϐῆς.
2941 2500 3039 2551 Σὺν
3064 2498 3119 2549 δὲ
3152 2494 3352 2565 Κριτὴν
3380 2494 3493 2555 πῶς
3523 2495 3620 2546 οὐκ
3649 2496 3946 2557 οίκείωσαι,

2438 2596 2554 2656 ταῖς
2589 2594 2667 2654 είς
2711 2591 2834 2652 τοὺς
2876 2589 3063 2648 ἐνδεεῖς
3108 2585 3366 2645 εύποιίαις
3415 2583 3821 2649 δωροδοκεῖσθαι
3864 2584 3951 2634 θέο

2439 2682 2595 2734 λοντα
2620 2678 2733 2740 νῦν,
2767 2676 2850 2728 ἴνα
2873 2675 2988 2725 τότε
3015 2670 3397 2738 συγγνωμόνως
3418 2669 3606 2737 δικάσῃ
3630 2709 3645 2732 ,
3686 2668 3949 2738 λαθραίας

2441 2768 2631 2827 δόσεως
2678 2764 2907 2833 φανεράν
2954 2758 3302 2828 χαριζόμενος
3356 2757 3653 2825 σωτηρίαν,
3701 2757 3949 2823 καθάπερ

2443 2848 2619 2917 ἄρχων
2657 2847 2745 2898 ἐπὶ
2787 2844 3071 2911 συγγνώμῃ
3118 2844 3355 2909 χρήμασι
3408 2841 3705 2906 δικασθεὶς,
3734 2842 3833 2895 καὶ
3876 2840 3949 2908 τῷ

2442 2933 2715 2984 δικάσαντι
2743 2930 2990 2997 παρέχων
3024 2928 3052 2978 6
3078 2928 3297 2992 ἧλπισεν
3321 2927 3569 2995 ἐμφανῶς
3586 2928 3737 2990 ;.Καὶ
3760 2927 3948 2981 τούτου

2448 3018 2652 3089 μάρτυς
2678 3017 2704 3068 6
2728 3016 2922 3085 Κύριος
2945 3013 3173 3081 ἀψευδὴς
3201 3012 3387 3079 λέγων,
3424 3016 3515 3065 καὶ
3539 3014 3616 3082 τῷ
3657 3030 3947 3084 προσευχο-

808 3136 809 3139 η
852 3116 901 3160 et
958 3110 1029 3166 et,
1075 3102 1166 3171 qui
1212 3102 1427 3168 litigans
1474 3100 1766 3163 contendit,
1814 3100 2089 3165 indulgens
2158 3098 2327 3165 palam

2417 3140 2418 3155 κ
2451 3105 2612 3173 μένῳ,
2655 3104 2746 3154 καὶ⁵
2775 3101 2849 3168 τῷ
2878 3099 3109 3152 ποιοῦντι
3148 3100 3243 3167 τὴν
3283 3098 3662 3167 ἐλεημοσύνην,
3688 3100 3770 3151 ὅτι
3798 3117 3818 3150 ι
3854 3100 3942 3167 Μὴ

854 3192 997 3261 quod
1037 3188 1321 3259 speravitt.
1356 3186 1583 3256 Hujusce
1632 3188 1709 3239 rei
1750 3188 1898 3241 testis
1943 3195 2023 3240 est
2066 3185 2351 3240 infallihilis

859 3279 1110 3332 Dominus
1133 3277 1335 3339 dicens,
1388 3289 1507 3328 cum
1552 3270 1755 3335 oranti,
1803 3283 1913 3326 tum
1967 3273 2350 3343 elecmosynam

856 3364 1145 3434 elargienti,
1179 3370 1239 3415 ut
1288 3380 1309 3412 ι
1338 3376 1406 3438 ne
1428 3362 1551 3413 tuba
1582 3374 1741 3414 canas
1777 3369 1899 3413 ante
1926 3367 1999 3423 te,
2023 3361 2160 3413 sicut
2185 3361 2352 3427 hypo-

856 3452 1039 3515 crita;
1070 3449 1161 3503 sed
1188 3447 1274 3500 fac
1303 3447 1357 3499 in
1391 3458 1614 3509 secreto,
1639 3456 1691 3500 et
1712 3446 1765 3500 in
1792 3447 2102 3500 abscondito
2129 3447 2350 3511 bonum,

857 3532 912 3592 et
935 3536 1104 3612 Pater,
1155 3532 1253 3603 qui
1296 3533 1511 3586 videtin
1554 3532 1885 3595 abscondito,
1919 3534 2100 3588 reddet
2158 3534 2251 3587 tibi
2301 3535 2354 3587 in

860 3634 1038 3691 aperto
1070 3624 1088 3654 ι
1115 3640 1129 3686 ;
1166 3640 1185 3673 ι
1218 3622 1309 3690 qui
1334 3620 1685 3674 clandestinas
1708 3620 2038 3688 erogationes
2092 3634 2196 3673 non
2260 3621 2355 3674 oh-

861 3708 1025 3763 volvit
1046 3710 1273 3772 silentio,
1301 3709 1392 3763 sed
1424 3708 1669 3776 praedicat
1692 3721 1871 3761 coram
1920 3707 2161 3762 universa
2206 3722 2356 3761 crea-

863 3805 1003 3861 tura,
1030 3808 1035 3813 ‘
1062 3803 1114 3848 et
1158 3796 1269 3861 ipse
1318 3795 1596 3847 conﬁtetur
1646 3807 1704 3846 se
1764 3795 2045 3860 accepisse,
2101 3793 2355 3860 quidquid

863 3884 1059 3949 accepit
1084 3895 1277 3948 pauper
1298 3880 1570 3944 mediator,
1596 3880 1669 3932 uti
1712 3880 2026 3934 domesticus
2054 3890 2107 3933 et
2133 3880 2356 3934 familia-

782 4017 789 4023 .
863 3971 938 4021 ris
962 3976 1134 4021 notus.
1158 3967 1305 4031 Quod
1328 3968 1464 4020 enim
1485 3968 1570 4019 nui
1590 3966 1783 4021 fecistis
1802 3969 2043 4032 istorum,
2067 3968 2196 4020 mihi
2231 3967 2355 4021 feci-

866 4054 982 4115 stis,
997 4063 1169 4119 aperte
1193 4054 1443 4121 dixitipse
1462 4055 1639 4122 judex.
1664 4053 1729 4107 Et
1749 4056 1847 4108 hoc
1867 4056 1923 4108 fit
1948 4071 2050 4108 non
2068 4055 2356 4110 secundum

870 4141 1038 4208 legem
1070 4140 1383 4201 humanam;
1406 4142 1725 4192 contrarium
1753 4155 1875 4193 vero
1905 4144 2352 4211 eoum-quiturilli,

868 4226 1005 4292 quod
1038 4224 1172 4293 apud
1204 4239 1301 4279 nos
1317 4226 1546 4286 obtinet;
1594 4227 2039 4291 inpraesentiarum
2064 4231 2201 4282 enim
2223 4245 2356 4298 prae-

869 4318 953 4362 tor
980 4312 1032 4361 in
1059 4312 1365 4365 necessitate
1378 4321 1647 4378 acceptum
1682 4320 1836 4379 negat
1866 4314 2087 4372 donum,
2122 4316 2357 4378 suspica—

2449 3194 2704 3261 ωλπίσης
2732 3190 3024 3259 ἔμπροσθεν
3054 3205 3144 3239 σου
3163 3227 3178 3249 ,
3208 3189 3280 3248 ὼς
3306 3189 3355 3238 οἱ
3394 3190 3674 3255 ὑποκριταὶ
3692 3225 3708 3249 ,
3750 3188 3865 3241 ἀλλ’
3893 3192 3947 3243 ιν

2443 3280 2522 3350 τῷ
2546 3279 2773 3355 ταμιείῳ
2802 3277 2958 3336 ποίει,
2980 3276 3069 3327 καὶ
3094 3275 3149 3326 ὲν
3175 3274 3249 3342 τῷ
3274 3272 3492 3343 κρυπτῷ
3512 3275 3571 3326 τὸ
3588 3274 3787 3340 ἀγαθόν
3804 3292 3819 3307 ’
3856 3276 3947 3330 καὶ

2445 3369 2476 3422 6
2515 3366 2698 3435 Πατὴρ
2733 3368 2761 3416 6
2800 3365 3006 3433 βλέπων
3032 3366 3087 3415 ὲν
3115 3358 3190 3431 τῷ
3232 3362 3452 3431 κρυπτῷ
3482 3362 3745 3415 ἀποδώσει
3774 3366 3833 3417 ὲν
3875 3363 3945 3430 τῷ

2448 3453 2708 3519 φανερῷ,ι
2729 3454 2824 3510 τάς
2845 3449 3099 3514 λαθραίας
3116 3449 3283 3508 δόσεις
3295 3448 3353 3499 ού
3366 3447 3615 3515 κρύπτων
3639 3452 3834 3517 σιωπῇ,
3857 3463 3948 3513 κρ-

2452 3549 2652 3608 ρηττων
2680 3538 2734 3589 δὲ
2765 3536 2928 3596 αὐτὰς
2952 3535 3044 3586 ἐπὶ
3070 3537 3244 3601 πάσης
3278 3535 3371 3602 τῆς
3397 3536 3638 3597 κτίσεως,
3672 3535 3765 3586 καὶ
3790 3535 3945 3594 αὐτὸς

2447 3624 2713 3694 ὁμολογῶν
2752 3623 3041 3691 εἰληφέναι,
3086 3622 3220 3691 ὅπερ
3247 3620 3400 3697 ξλαΰε
3434 3613 3749 3690 μεσιτεύσᾶς
3775 3623 3849 3684 ὡς
3874 3623 3945 3674 ol-

2448 3715 2588 3773 κεῖος
2642 3711 2728 3762 καὶ
2774 3711 3039 3779 γνώριμος
3085 3710 3116 3760 6
3159 3700 3382 3778 ῗπτωχός.
3418 3709 3567 3762 «Ἑνὶ
3596 3710 3701 3781 γὰρ
3748 3711 3941 3764 τούτων

2449 3800 2751 3862 ιποιήσατε,
2765 3797 2881 3862 ἐμοὶ
2904 3797 3237 3862 smmum:
3258 3797 3543 3866 διαρρήδην
3564 3793 3713 3850 εἶπεν
3734 3798 3890 3859 αὐτὸς
3914 3799 3940 3848 ό

2451 3882 2674 3949 Κριτής.
2704 3880 2811 3930 Καὶ
2842 3879 2995 3931 τοῦτο
3020 3880 3223 3944 γίνεται
3247 3880 3307 3931 οὐ
3332 3882 3466 3933 κατὰ
3496 3884 3653 3950 νόμον
3681 3884 3940 3954 ἀνθρώπι-

2451 3985 2558 4031 νον,
2586 3969 2679 4019 ἀπ’
2706 3966 2947 4027 ἐναντίας
2973 3966 3028 4018 δὲ
3063 3967 3159 4032 τῆς
3197 3968 3323 4034 παρ’
3354 3968 3480 4035 ἡμῖν
3503 3970 3802 4038 κρατούσης
3825 3973 3940 4025 axo-

2449 4058 2683 4118 λουθίας·
2709 4059 2765 4108 ὲν
2790 4056 2894 4125 γὰρ
2924 4058 3031 4119 τοῖς
3056 4056 3283 4124 παροῦσι
3321 4057 3411 4111 καὶ
3448 4060 3475 4110 6
3504 4059 3681 4127 ἄρχων
3712 4062 3939 4131 ἀρνείται

2449 4146 2506 4196 ἐν
2552 4144 2758 4213 ἀνάγκη
2800 4143 2860 4195 τὸ
2902 4143 3036 4210 δόμα
3085 4145 3318 4197 κίνδυνον
3366 4145 3725 4215 ὑφορώμενος,
3769 4149 3938 4213 ἐπειδὴ

2451 4232 2663 4298 κλέμμα
2690 4230 2839 4282 τοῦτό
2867 4234 2977 4283 ἐστι
2995 4270 3011 4296 ,
3040 4223 3131 4285 καὶ
3162 4233 3313 4300 φέρει
3352 4235 3683 4299 κατάγνωσιν
3702 4252 3717 4266 ·
3748 4238 3838 4289 καὶ
3869 4238 3938 4288 ὅτι

2452 4317 2708 4384 τολμηθὲν
2755 4318 3077 4385 ὁμολογήσας
3108 4319 3408 4385 παράνομος
3449 4320 3683 4384 γίνεται,
3717 4323 3937 4389 τιμωρίᾳ

869 4404 953 4451 tus
974 4397 1256 4464 periculum
1275 4414 1290 4459 ;
1312 4401 1430 4464 quia
1446 4399 1545 4449 hoc
1557 4398 1944 4467 furtum'est,et
1969 4401 2330 4454 damuationen

2417 4392 2431 4439 ί
2456 4401 2743 4462 ὑπεύθυνος
2767 4419 2780 4433 ο
2814 4402 2988 4463 δοῦλος
3012 4402 3114 4470 γὰρ
3143 4404 3230 4454 καὶ
3273 4406 3300 4455 6
3330 4403 3577 4467 δικάζων,
3620 4387 3937 4475 καὶὸ-νόμος

868 4484 1036 4545 affert,
1062 4492 1115 4536 et
1149 4483 1271 4551 quia
1321 4485 1589 4537 confessus
1641 4497 1720 4539 est
1750 4488 1800 4539 id
1856 4503 1913 4541 se
1971 4505 2160 4543 ausum
2216 4507 2353 4555 esse,

868 4589 991 4627 reus
1044 4573 1281 4636 habetur,
1321 4585 1371 4625 et
1394 4588 1556 4639 paena:
1592 4575 1649 4627 fit
1691 4578 1978 4643 obnoxius;
2032 4595 2217 4635 servus
2276 4590 2358 4636 est

868 4663 1072 4728 quippe,
1103 4661 1193 4729 qui
1219 4661 1310 4727 jus
1333 4660 1476 4722 dicit,
1509 4669 1561 4713 et
1590 4662 1671 4713 lex
1713 4664 1906 4728 pariter
1937 4668 2139 4722 servilis
2166 4679 2265 4723 est.
2291 4671 2358 4723 At

837 4747 961 4798 'ubi
982 4747 1217 4814 judicans
1242 4756 1293 4800 et
1322 4761 1385 4800 ex
1410 4756 1659 4813 potestate
1693 4763 1831 4801 mera
1856 4750 2075 4815 iudicat,
2106 4763 2160 4807 et
2188 4772 2216 4807 a
2244 4772 2356 4824 pce—

865 4833 973 4899 nis,
1000 4841 1116 4899 qtta':
1142 4835 1439 4896 praestituta:
1465 4844 1586 4888 sunt
1633 4837 1961 4899 criminibus,
1994 4854 2111 4891 cum
2140 4841 2210 4893 sit
2256 4843 2357 4894 lio-

871 4920 1063 4984 minus,
1080 4932 1182 4971 non
1213 4927 1411 4971 velatur
1441 4923 1744 4976 absolvere:
1774 4925 1967 4977 bonum
1986 4937 2066 4978 est
2091 4941 2358 4992 peccatum

870 5004 1122 5070 confiteri,
1151 5020 1268 5059 cum
1294 5006 1442 5057 venia
1474 5009 1852 5063 confessionem
1899 5022 2209 5077 assectetur,
2264 5031 2351 5067 ne-

870 5103 974 5157 que
1003 5091 1155 5156 paena
1178 5093 1558 5159 subsequatur;
1589 5106 1641 5146 et
1689 5099 1883 5150 donum
1916 5116 2018 5152 non
2070 5103 2362 5155 occultatur

881 5188 911 5226 a
941 5174 1139 5239 judice,
1188 5191 1305 5228 cum
1340 5193 1492 5230 nemo
1528 5194 1621 5245 pro
1647 5181 1816 5233 throni
1859 5187 2251 5249 praemiuentia‘
2273 5189 2362 5241 be-

872 5260 1194 5313 neficentiam
1221 5262 1353 5327 ejus,
1383 5264 1466 5337 ‘uti
1500 5279 1599 5316 non
1636 5275 1775 5317 recte
1824 5268 2130 5335 impensam,
2193 5274 2355 5341 possit

937 5384 980 5415 "
1012 5385 1192 5439 Matth.
1224 5404 1344 5454 xxv,
1368 5391 1450 5455 40,
1478 5392 1556 5442 45.
1635 5395 1649 5424 ¹
1683 5392 1855 5468 blattis
1892 5411 1957 5453 Vl,
1986 5398 2077 5447 “2-5
2098 5441 2111 5457 ,

2453 4488 2646 4557 ὁμοίως
2669 4489 2921 4550 δουλικὸς.
2956 4489 3117 4543 Ἔνθα
3140 4491 3195 4543 δὲ
3222 4493 3250 4544 6
3278 4492 3504 4556 δικάζων
3536 4495 3628 4547 καὶ
3662 4496 3831 4564 κρίνει
3854 4495 3937 4547 ἀπ’

2454 4575 2712 4637 ἐξουσίας,
2735 4574 3021 4643 παραλύειν
3055 4579 3152 4639 τὰς
3193 4579 3280 4630 ἐπὶ
3308 4584 3415 4643 τοῖς
3447 4582 3747 4651 ἐγκλήμασι
3773 4570 3937 4651 ,τιμω-

2457 4663 2571 4729 ρίας
2626 4663 2891 4729 Δεσπότης
2936 4663 3008 4714 ὢν
3052 4666 3109 4715 οὐ
3158 4667 3485 4730 κεκώλυται,
3531 4669 3705 4732 καλῶς
3752 4672 3839 4724 καὶ
3886 4669 3936 4719 τὸ

2456 4749 2746 4815 ἁμάρτημα
2770 4750 3119 4815 ὁμολογεῖται,
3148 4751 3461 4820 συγγνώμης
3480 4755 3860 4826 ἀκολουθούσης
3878 4757 3932 4823 τῇ

2458 4837 2706 4905 ὁμολογίᾳ
2726 4877 2740 4901 ,
2771 4839 2859 4889 καὶ
2886 4839 2979 4905 οὐχ
3008 4839 3269 4907 ἑπομένης
3295 4841 3553 4905 κολάσεως
3577 4880 3593 4904 ,
3621 4846 3714 4897 καὶ
3734 4846 3793 4899 τὸ
3818 4846 3937 4913 δόμα
3958 4908 3959 4911 η

2452 4925 2510 5009 ού
2555 4924 2842 4992 κρύπτεται
2882 4926 3027 4994 παρὰ
3072 4926 3162 4977 τοῦ
3196 4928 3428 4997 Κριτοῦυ
3460 4931 3578 4981 ἐπεὶ
3625 4933 3806 5001 μηδείς
3837 4936 3933 4986 ἐστι

2455 5012 2685 5079 ὑπεροχῇ
2717 5012 2899 5077 θρόνου
2934 5019 3272 5080 συκοφαντεῖν
3311 5017 3406 5086 τὴν
3438 5017 3850 5087 φιλανθρωπίαν,
3872 5019 3932 5077 ὡς

2454 5101 2510 5149 οὐ
2534 5101 2869 5168 καθηκόντως
2898 5104 3184 5171 γενομένην
3208 5106 3517 5183 δυνάμενος·
3543 5108 3662 5161 οὐδὲ
3684 5110 3743 5161 τὸ
3764 5110 3931 5177 λῆμμα

2456 5186 2647 5251 κρίνων
2682 5185 2879 5255 κλοπὴν
2914 5190 2997 5239 ἐπ’
3024 5192 3304 5260 εὐεργεσία
3345 5193 3434 5244 καὶ
3469 5193 3557 5245 τοῦ
3591 5197 3930 5264 μεσιτεύοππ

2458 5273 2681 5338 πτωχοῦ,
2710 5274 2797 5326 καὶ
2823 5275 2909 5326 τοῦ
2944 5277 3257 5344 παρέχοντος
3289 5280 3532 5332 ὑποδίκου
3560 5280 3840 5349 διδόμενον·
3862 5274 3932 5328 ἵνα
