4076 6338
736 283 857 388 875

2156 288 2169 313 ⁷
2190 298 2252 387 si.
2291 322 2455 386 NILI

3809 323 3914 384 876

738 438 878 505 quod
905 446 1109 489 tenuem
1159 434 1346 489 decet:
1398 443 1449 487 et
1514 449 1699 487 omnes
1740 434 1955 503 quidem
2013 436 2259 505 apostoli,

2370 436 2443 497 είς
2481 434 2570 489 τὸν
2601 429 2747 487 οἶκόν
2780 450 2903 487 σουο
2934 434 3029 487 ἑὰν
3057 434 3169 503 ἴδῃς
3211 436 3430 502 γυμνὸν,
3479 434 3768 505 περίϐαλε,
3821 435 3915 485 καὶ

738 534 893 595 atque
926 525 1209 595 pruphette,
1263 541 1325 579 ac
1348 524 1502 593 justi,
1573 534 1625 576 et
1670 536 1790 579 ante
1833 540 2020 580 omnes
2078 526 2260 580 Domi-

740 631 859 681 nus,
896 616 1078 668 sedulo
1113 616 1457 668 exhortantes
1490 612 1875 683 eleemosynam
1928 616 2261 684 prmeipiuut.

738 704 837 755 Alii
864 703 1075 770 quidem
1115 702 1351 754 dicentes
1389 719 1399 752 :
1458 718 1475 749 ι
1516 700 1718 767 Frange
1764 701 2017 755 esurienti
2074 700 2265 771 panem

740 803 911 855 tuum,
944 802 993 844 et
1037 804 1231 859 egenos
1268 804 1424 857 vagos
1450 788 1609 843 induc
1639 790 1689 842 itt
1743 788 1958 844 domum
1984 799 2164 854 tuam;
2221 790 2263 844 si

738 881 936 933 videris
966 880 1187 942 nudum,
1218 879 1361 945 operi
1395 894 1536 940 eum,
1567 889 1613 930 et
1645 894 1738 931 eos
1777 879 1867 945 qui
1914 887 2035 933 sunt
2065 880 2130 933 de
2178 893 2262 933 sc-

656 1002 659 1005 η
740 973 882 1023 mine
906 977 995 1021 tuo
1017 978 1267 1037 cognatos
1290 983 1350 1018 ne
1370 967 1611 1035 despexe.
1630 968 1756 1019 Es‘.»
1795 966 1946 1040 145
1975 968 2077 1020 Alii
2104 984 2262 1022 vero:

747 1078 766 1110 ι
802 1058 1003 1113 Bonum
1039 1057 1289 1110 facientes
1324 1072 1423 1108 non
1458 1057 1761 1109 drlieéa'nus
1787 1074 1801 1121 ;
1830 1070 2063 1125 tempore
2114 1075 2267 1111 nam-

741 1162 845 1215 que
870 1146 1079 1215 pruprio
1101 1154 1357 1197 metemus
1384 1145 1423 1197 ⁸.
1451 1161 1468 1194 ι
1506 1145 1647 1196 ΑΙίιι.,
1670 1161 1683 1196 :
1710 1163 1726 1194 ι
1761 1146 1977 1198 Peeeata
1998 1155 2087 1197 tua
2126 1148 2268 1198 elee-

744 1232 980 1303 ntosyuis
1032 1232 1229 1285 redime
1261 1232 1298 1283 ‘.
1336 1250 1353 1281 ι
1414 1231 1474 1283 Et
1512 1234 1643 1283 alter
1674 1250 1685 1285 :
1745 1248 1765 1280 ι
1799 1231 2088 1286 Feneratur
2138 1233 2265 1297 Deo,

741 1323 831 1391 qui
860 1323 1139 1375 miseretur
1167 1320 1395 1374 mendici
1428 1322 1469 1372 ⁷.
1510 1339 1526 1370 ι
1572 1319 1636 1372 ht
1682 1320 1940 1373 Dominus
1973 1336 1993 1374 ι·
2044 1339 2062 1371 ι
2094 1320 2270 1377 Facite

740 1413 891 1465 vobis
937 1412 1143 1464 amicos
1164 1425 1228 1462 cx
1265 1423 1565 1461 mammona
1599 1407 1898 1476 iniquitatis
1926 1411 1968 1461 ⁸.
2009 1427 2027 1459 ι
2065 1409 2127 1463 Ει
2151 1428 2270 1464 rur-

742 1518 870 1557 sus:
911 1518 929 1551 ι
964 1498 1528 1565 Beatimisericordes,
1559 1498 1680 1565 quia
1716 1498 1817 1567 ipsi
1847 1498 2267 1554 misericordiam

740 1594 1135 1655 consequentur
1166 1586 1206 1637 ⁸.
1266 1607 1284 1637 ι
1318 1584 1387 1638 Ea
1423 1595 1618 1648 tamen,
1671 1586 1889 1654 perinde
1940 1602 2004 1642 ac
2059 1588 2270 1643 nemine

740 1680 1027 1749 quidquam
1059 1679 1234 1733 locuto
1273 1678 1336 1732 de
1366 1678 1499 1745 ipsa,
1533 1678 1834 1755 negligitur,
1894 1688 1947 1733 et
1994 1679 2269 1749 profundae

2367 522 2472 574 ἀπὸ
2502 523 2608 574 τῶν
2630 522 2843 575 οἰκείων
2869 521 2960 575 τοῦ
2992 524 3301 592 σπέρματός
3336 540 3424 575 σου
3458 525 3553 592 οὐχ
3585 522 3862 593 ὑπερόψῃ.
3884 540 3907 571 ο

2367 612 2429 663 Οί
2456 610 2513 664 δέ
2532 628 2545 641 ο
2581 630 2599 660 ι
2631 611 2702 663 Τὸ
2726 611 2888 663 καλὸν
2916 611 3191 673 ποιοῦντες
3222 612 3295 682 μὴ
3322 613 3673 681 ἑκκακῶμεν·
3718 611 3909 680 καιρῷ

2368 700 2476 771 γὰρ
2503 701 2615 770 ίδίῳ
2651 702 2968 772 θερίσωμεν.
3005 721 3024 752 ι
3056 702 3330 761 Ἀλλος·“ι
3365 703 3473 764 Τὰς
3505 702 3783 771 ἁμαρτίας
3819 719 3913 754 σου

2314 844 2319 849 ,
2369 793 2426 842 ὲν
2448 790 2831 859 ὲλεημοσύναις
2858 790 3145 861 λύτρωσαι.
3184 809 3202 841 ι
3247 792 3351 843 Καὶ
3382 792 3566 854 ἄλλος⁹
3602 810 3618 840 ι
3659 788 3915 854 Δανείζει

2370 878 2487 948 Θεῷ
2529 880 2555 931 ὁ
2596 878 2759 931 ἐλεῶν
2802 880 3034 949 πτωχόνι
3069 898 3088 931 ι
3122 880 3229 932 Καὶ
3254 882 3281 931 ό
3314 879 3538 950 Κύριος’
3580 898 3598 931 ι
3634 881 3913 950 Ποιήσατε

2373 968 2556 1030 αὐτοῖς
2609 968 2791 1036 φίλους
2836 970 2899 1021 ὲκ
2926 969 3021 1021 τοῦ
3065 971 3300 1039 μαμωνᾶ
3340 969 3694 1038 τῆς-ἀδικίας.
3736 987 3757 1020 ι
3803 970 3915 1022 Καὶ

2372 1058 2531 1111 πάλιν
2553 1074 2564 1086 ·
2603 1077 2621 1108 ι
2667 1058 2942 1129 Μακάριοι
2974 1059 3020 1110 οἱ
3049 1059 3365 1127 ἐλεήμονες,
3396 1060 3476 1110 ὅτι
3509 1058 3656 1108 αὐτοὶ
3681 1056 3911 1124 ἐλεηθή-

2374 1160 2576 1196 σονται.
2618 1162 2633 1193 ι
2669 1143 2813 1214 Αὕτη
2841 1146 2916 1206 δὲ,
2949 1143 3023 1207 ὡς
3049 1145 3253 1206 οὐδενὸς
3288 1146 3435 1197 οὐδὲν
3460 1145 3739 1213 εἰρηκότος
3773 1145 3913 1213 ὴμέ-

2371 1234 2548 1303 ληται,
2580 1235 2673 1285 καὶ
2709 1232 2899 1303 βαθείᾳ
2931 1235 3280 1303 παραδέδοται
3311 1235 3468 1305 λήθῃ,
3499 1234 3703 1286 πολλῶν
3729 1234 3915 1303 οίομέ-

2330 1348 2331 1351 π
2373 1340 2478 1375 νων
2506 1323 2646 1391 τάχα
2691 1324 2823 1393 μήτε
2855 1323 3129 1393 ἑνὲχεσθαί
3169 1340 3311 1375 τισιν
3358 1325 3731 1393 ἁμαρτήμασι,
3771 1326 3912 1392 μήτε

2372 1412 2615 1483 χρῄζειν,
2665 1413 2739 1475 ὠς
2787 1412 2962 1466 πάντα
3007 1412 3461 1481 κατωρθωκότων,
3501 1413 3669 1465 ἐλέου.
3712 1412 3911 1466 Ὁπότε

2372 1501 2527 1553 τοῦτὸ
2550 1502 2596 1552 εί
2621 1495 2687 1569 ἦν
2712 1499 2924 1570 ἀληθὲς,
2956 1499 3061 1551 ἔδει
3090 1501 3215 1561 τοὺς
3270 1499 3698 1569 φανταζομένους
3726 1501 3792 1552 τὸ
3826 1501 3915 1553 ἁν-

2374 1590 2703 1658 αμάρτητον,
2729 1586 3007 1657 μιμεῖσθαι
3030 1588 3124 1641 τοῦ
3142 1587 3272 1641 Θεοῦ
3304 1591 3363 1639 τὸ
3390 1589 3784 1660 φιλάνθρωπον,
3819 1590 3914 1641 καὶ

2373 1677 2657 1744 οἰκτείρειν
2684 1679 2790 1728 πᾶν
2812 1678 2871 1730 τὸ
2897 1677 3019 1730 καθ’
3040 1677 3097 1730 δν
3122 1679 3328 1747 δήποτε⁴
3348 1680 3542 1751 τρόπον
3558 1678 3790 1749 ἀτυχοῦν
3813 1678 3882 1748 μέ
3901 1709 3914 1719 ο

742 1771 965 1822 traditur
993 1768 1267 1831 oblivioiﬁ,
1327 1768 1507 1820 multis
1539 1752 1756 1820 forsitan
1785 1770 2151 1846 opinantibus,
2185 1786 2273 1824 ne—

2378 1783 2468 1835 ρος
2501 1765 2593 1817 τοῦ
2618 1764 2823 1833 γένους,
2857 1768 2904 1817 εί
2933 1768 3023 1818 καὶ
3051 1766 3124 1836 μὴ
3152 1766 3383 1837 ἀμοιϐῆς
3410 1767 3599 1831 ἑλπίδι,
3618 1767 3752 1820 ἀλλὰ
3780 1767 3914 1835 γοῦν

742 1874 845 1927 que
879 1876 934 1912 se
960 1860 1081 1912 ullis
1122 1857 1362 1911 distineri
1392 1858 1641 1925 peccatis,
1686 1872 1858 1925 neque
1908 1858 2272 1913 misericordia

742 1950 1003 2018 indigere,
1027 1962 1087 2000 ac
1118 1947 1161 2001 si
1215 1947 1394 1999 omnia
1430 1948 1565 2000 bene
1598 1946 1904 2014 gessissent.
1936 1945 2087 2013 Quod
2117 1947 2163 2002 si
2186 1964 2275 2002 ve-

742 2055 859 2090 rum
892 2048 1050 2099 esset,
1094 2036 1356 2090 debebant
1412 2044 1586 2089 tamen
1644 2036 1740 2104 ipsi
1811 2036 2274 2105 impeccabilitatis

742 2126 1117 2193 imaginatores
1142 2123 1335 2178 imitari
1363 2122 1738 2191 benignitatem
1789 2118 1921 2188 Mi,
1974 2133 2029 2177 et
2105 2125 2275 2178 cuivis

742 2217 940 2269 homini
990 2228 1306 2283 quacunque
1339 2214 1403 2267 de
1430 2227 1591 2267 causa
1649 2212 1866 2278 infelici,
1929 2214 2087 2268 sicuti
2138 2216 2273 2283 parti

743 2304 973 2372 generis,
1034 2304 1077 2355 si
1134 2319 1238 2356 non
1296 2318 1388 2371 spe
1432 2302 1898 2369 remunerationis,
1932 2311 1987 2356 at
2047 2304 2273 2374 impulsu

742 2392 927 2460 optimi
966 2392 1208 2452 habitus,
1284 2390 1705 2445 misericordiam
1746 2392 2069 2461 impendere.
2135 2392 2275 2449 Deus

743 2483 934 2535 etenim
972 2495 1089 2534 cum
1128 2479 1269 2533 nulla
1304 2493 1361 2533 re
1408 2478 1661 2547 indigeat,
1698 2487 1902 2532 tantum
1968 2490 2022 2532 ut
2075 2482 2269 2549 prosit,

742 2587 923 2625 curam
952 2571 1167 2625 adhibet
1210 2570 1331 2624 sine
1356 2570 1461 2623 ulla
1507 2571 1876 2634 retributione,
1912 2574 2141 2627 naturali
2169 2574 2271 2627 mi-

743 2664 1028 2717 sericordia
1053 2664 1311 2716 miv‘scrcns
1339 2662 1703 2730 cujuscunque
1748 2662 2088 2719 miseratione
2116 2680 2275 2735 egen-

743 2755 845 2818 tis,
898 2772 915 2803 ι
950 2754 1111 2805 solent
1172 2768 1327 2805 suutn
1371 2752 1501 2805 oriri
1556 2747 1756 2806 faciens
1803 2768 1963 2822 super
1999 2755 2168 2809 malos
2220 2754 2275 2811 et

742 2843 944 2905 bonos,
999 2851 1155 2910 atque
1196 2842 1425 2910 pluviam
1471 2840 1745 2896 effundens
1800 2857 1959 2910 super
1997 2843 2170 2910 justos
2222 2854 2275 2900 et

744 2932 971 3001 injustas
1005 2933 1090 2984 ’σε
1131 2950 1149 2983 ι
1186 2932 1432 2986 similiter
1474 2939 1527 2985 et
1572 2931 1675 2985 hoc
1711 2931 1929 2996 docens,
1992 2932 2044 2985 in
2089 2948 2273 2989 omnes

2372 1857 2514 1924 ὁρμῇ
2537 1855 2636 1923 τῆς
2664 1854 2890 1925 ἀρίστης
2914 1855 3097 1919 ἕξεως.
3125 1858 3232 1909 Καὶ
3261 1858 3365 1926 γὰρ
3399 1859 3427 1909 ὀ
3450 1857 3913 1927 Θεὸςάπροσδεὴς

2371 1943 2466 2007 ὢν,
2512 1942 2774 2011 ὠφελείας
2807 1945 2980 2014 χάριν,
3016 1943 3335 1998 ἁναπόδοτον
3372 1945 3597 2016 παρέχει
3623 1947 3721 2015 τὴν
3748 1946 3913 2013 κηδε-

2376 2034 2585 2102 μονίαν,
2629 2038 2829 2104 φυσικῇ
2873 2034 3238 2104 εύσπλαγχνίᾳ
3278 2034 3442 2088 ἐλεῶν
3492 2037 3598 2090 πᾶν
3626 2037 3686 2089 τὸ
3726 2036 3917 2099 ἐλέους

2370 2124 2641 2194 δεόμενον,
2684 2143 2702 2175 ι
2739 2124 2841 2180 Τὸν
2890 2124 3040 2197 ἥλιον
3070 2124 3233 2180 αὐτοῦ
3273 2123 3573 2179 ἀνατέλλων
3608 2126 3702 2178 ἐπὶ
3746 2142 3917 2192 πονη-

2376 2214 2500 2282 ροὺς
2526 2214 2619 2266 καὶ
2648 2214 2903 2283 ἀγαθοὺς,
2929 2215 3021 2267 καὶ¹
3046 2213 3257 2286 βρέχων
3284 2216 3374 2267 ἐπὶ
3396 2216 3635 2278 δικαίους
3662 2217 3758 2269 καὶ
3795 2215 3913 2269 ἀδί-

2371 2286 2525 2367 κουςλ
2563 2322 2585 2353 ι
2620 2304 2821 2373 ὁμοίως
2863 2304 2958 2356 καὶ
2985 2303 3143 2357 τοῦτο
3165 2304 3452 2369 διδάσκων,
3485 2294 3798 2376 ἀδιάκριτον
3830 2306 3915 2367 είς

2372 2395 2580 2456 πάντας
2639 2395 2761 2456 τοὺς
2805 2394 3088 2463 δεομένους
3145 2395 3543 2447 ἐπιδείκνυσθαι
3599 2396 3688 2447 τὸν
3738 2396 3915 2460 ἔλεον,

2371 2476 2579 2550 οἷοίπερ
2605 2481 2671 2533 ἂν
2702 2475 2823 2543 ὦσι,
2860 2480 2964 2535 κᾶν
2993 2482 3239 2553 πονηροὶ,
3266 2482 3368 2536 κᾶν
3399 2482 3591 2550 ἁγαθοὶ
3618 2484 3929 2553 τυγχάνον-⁷

2371 2589 2480 2636 τες.
2513 2574 2773 2637 Εὑποιίας
2796 2574 2901 2644 γὰρ
2930 2576 2957 2627 ὁ
2979 2574 3260 2645 δεόμενος,
3296 2577 3394 2646 τῆς
3422 2577 3637 2646 χρείας,
3677 2572 3744 2649 ἧς
3791 2578 3916 2630 ἐπι-

2370 2663 2888 2730 δέεται,’ἀξιοῦσθαι
2928 2664 3150 2734 ὀφείλει,
3188 2666 3307 2735 οὐχὶ
3343 2666 3398 2719 δὲ
3437 2666 3732 2737 κρίνεσθαι,
3766 2666 3801 2737 ἢ
3839 2666 3917 2721 δίο

2372 2772 2525 2819 καιος
2551 2759 2735 2825 τυχεῖν
2764 2757 2997 2827 ταύτης,
3025 2758 3057 2827 ἢ
3095 2758 3169 2828 μὴ
3199 2757 3401 2820 δίκαιός
3429 2761 3574 2811 ἐστιν
3594 2776 3609 2790 ·
3634 2759 3710 2822 ὡς
3734 2758 3913 2829 ἡλίου,

2372 2846 2467 2897 καὶ
2510 2843 2679 2897 ὑετῶν
2723 2844 2859 2914 μετὰ
2887 2845 2998 2897 τῶν
3037 2846 3275 2910 δικαίων,
3312 2846 3417 2899 κᾶν
3444 2847 3621 2910 ἄδικος
3663 2846 3733 2918 ᾗ,
3776 2849 3911 2900 ἀπο-

2373 2934 2569 3000 λαύων,
2610 2936 2710 3004 τῆς
2740 2934 2888 3005 παρὰ
2931 2935 3040 2987 τῶν
3078 2935 3379 3006 ἀνθρώπων
3411 2938 3724 3007 ἀξιούμενος
3752 2940 3914 3010 χάρι-

743 3022 1040 3090 indigentes
1066 3020 1181 3073 sine
1212 3020 1519 3074 discrimine
1544 3018 1966 3072 misericordiam
2000 3021 2271 3088 exhibere,

2373 3045 2483 3094 τος,
2509 3028 2695 3098 ἐπειδὴ
2725 3030 2819 3082 καὶ⁵
2846 3024 2990 3083 οὗτοι
3030 3031 3096 3099 τῇ
3134 3033 3441 3101 κατασκευῇ
3476 3033 3916 3102 συνεσπαρμένον

744 3110 1136 3178 qualescunque
1156 3110 1365 3162 tandem
1399 3110 1593 3171 hisiut,
1621 3110 1865 3174 quamvis
1883 3111 2029 3173 mali,
2085 3127 2274 3181 quam-

743 3200 825 3253 vis
860 3197 977 3250 boni
1010 3196 1224 3250 fuerint.
1274 3195 1402 3250 Nam
1442 3198 1532 3265 qui
1573 3183 1828 3251 beneficio
1886 3197 2115 3266 indiget,
2174 3217 2273 3273 Ope

2378 3119 2558 3189 ἔχουσι
2601 3120 2661 3173 τὸ
2705 3122 2878 3185 Θεῖον,
2924 3122 3018 3175 καὶ
3065 3123 3253 3193 ὁμοίαν
3295 3123 3371 3191 τῷ
3412 3124 3732 3194 Δημιουργῷ
3767 3124 3917 3178 sise.

2386 3226 2570 3264 σκουσι
2603 3210 3000 3266 ἐπιδείκνυσθαι
3028 3214 3125 3283 τὴν
3155 3214 3511 3283 χρηστότητα.

742 3307 847 3362 qua
890 3276 1007 3361 eget
1062 3292 1323 3345 sublevari
1380 3292 1568 3355 debet,
1614 3307 1743 3345 non.
1779 3302 1957 3346 autem
2017 3294 2266 3365 jttdieari,
2309 3313 2486 3358 utrum
2513 3305 2695 3374 justus
2727 3316 2787 3361 ut
2811 3307 2953 3361 illam
2972 3276 3259 3368 mereatur,
3316 3321 3383 3358 an
3410 3276 3695 3375 'injustus:
3724 3320 3915 3374 quetn-

744 3381 1027 3434 admodum
1075 3382 1227 3434 solis
1268 3388 1321 3435 et
1361 3382 1549 3449 pluria:
1602 3397 1702 3435 uua
1756 3396 1878 3436 cum
1928 3384 2108 3453 jttstis,
2163 3387 2281 3444 licet
2312 3394 2380 3446 sit
2418 3395 2672 3464 iujustus,
2710 3398 3060 3466 providentiae
3120 3394 3359 3464 benignae
3422 3393 3659 3463 largiﬂuo
3693 3411 3915 3451 munero

748 3471 960 3532 fruitur,
1020 3474 1091 3521 ita
1162 3470 1437 3524 hominum
1485 3486 1698 3541 quoque
1768 3474 1939 3541 gratia
1984 3474 2275 3543 iuvandus,
2314 3484 2569 3548 quoniam
2632 3494 2685 3540 et
2714 3486 2766 3539 hi
2801 3486 2995 3539 habent
3061 3484 3161 3539 sibi
3198 3484 3439 3537 divinum
3465 3484 3592 3552 quid
3626 3485 3851 3540 insitum
3881 3502 3913 3541 e

721 3564 841 3620 'sua
872 3565 1275 3623 constitutione,
1308 3564 1644 3630 similemque
1670 3564 1945 3618 Creatoris
1968 3566 2163 3620 docent
2188 3573 2441 3629 exhibere
2468 3578 2782 3634 bonitatem.

1211 3650 1365 3719 me
1407 3650 1625 3705 CAPUT
1663 3650 1770 3705 vn.

813 3766 1006 3820 Verum
1031 3770 1173 3816 tanta
1198 3776 1339 3815 nunc
1359 3761 1690 3829 inaequalitas
1710 3772 1934 3830 occupat
1954 3763 2113 3817 vitam
2134 3781 2277 3821 mor-

743 3861 928 3913 talium
954 3901 967 3925 ,
1003 3867 1055 3911 ut
1091 3857 1179 3910 alii
1211 3856 1421 3924 quidem
1459 3870 1563 3908 non
1592 3854 1851 3910 suiﬁciaut
1887 3856 2032 3913 euris
2060 3858 2275 3914 divitia-

746 3970 881 4012 rum.
903 3966 1071 4019 nequc
1099 3962 1206 4017 pra:
1238 3946 1400 3999 multa
1432 3945 1788 4000 sollicitudine
1803 3961 1963 4015 opum
1991 3950 2276 4003 somnica-

746 4042 921 4111 piendi
949 4050 1159 4105 tempus
1189 4039 1438 4097 habeant,
1462 4035 1751 4088 secundum
1777 4036 2039 4088 dicentem
2072 4053 2085 4086 :
2124 4056 2141 4086 ι
2178 4039 2278 4089 Sa—

746 4141 922 4185 turato
965 4126 1162 4183 divitiis
1210 4133 1364 4177 terra:
1389 4164 1402 4187 ,
1447 4137 1551 4176 non
1595 4132 1675 4176 est
1715 4123 1805 4192 qui
1838 4122 2072 4178 dimittat
2101 4127 2274 4194 ipsum

742 4224 971 4276 dormire
1006 4220 1069 4281 ι’,
1124 4236 1143 4270 ι
1185 4216 1389 4271 reditus
1455 4214 1685 4281 undique
1727 4214 2183 4280 dinumerantem,
2225 4226 2279 4270 et

745 4325 1017 4373 menstrua
1048 4312 1228 4364 fenora
1251 4316 1643 4378 computantem
1669 4306 1907 4372 calculis,
1927 4315 2275 4364 nocturnum-

745 4420 848 4473 que
878 4404 1105 4471 spatium
1140 4400 1530 4467 impendentem
1557 4437 1570 4461 ,
1609 4407 1666 4450 ttt
1704 4413 1770 4451 ne
1798 4413 2018 4466 parvum
2062 4386 2272 4469 aliquod

2967 3667 3210 3723 ΚΕΦΑΛ.
3238 3670 3310 3725 Z'.

2459 3775 2614 3829 ’Δλλά
2639 3774 2868 3847 τοσαύτη
2897 3775 2988 3850 νύν
3012 3776 3289 3845 ἀνωμαλία
3314 3778 3626 3847 συγκατέχει
3654 3779 3748 3847 τὸν
3775 3778 3911 3847 βίον,

2376 3867 2451 3931 ὡς
2500 3867 2622 3929 τοὺς
2672 3867 2770 3935 μὲν
2818 3865 2893 3936 μὴ
2936 3867 3191 3937 ἐπαρκεῖν
3234 3870 3350 3930 ταῖς
3394 3868 3632 3937 φροντίσι
3660 3867 3912 3933 πλούτου,

2382 3954 2501 4023 μηδ’
2538 3954 2681 4022 ἔχειν
2707 3945 2773 4022 τῇ
2818 3952 2978 4022 πολλῇ
3014 3956 3247 4025 μερίμνῃ
3287 3954 3393 4007 τῶν
3430 3954 3714 4023 κτημάτων
3744 3953 3912 4009 ὕπνου

2378 4032 2581 4111 καιρὸν,
2604 4042 2743 4095 κατά
2761 4041 2851 4093 τὸν
2871 4042 3110 4107 λέγοντα·
3134 4042 3251 4114 «Τῷ
3267 4041 3626 4109 ἐμπλησθέντι
3643 4042 3737 4095 τοῦ
3753 4044 3913 4098 πλού·

2375 4146 2465 4184 του
2496 4130 2592 4198 τῆς
2618 4130 2719 4199 γῆς
2746 4130 2845 4184 οὐκ
2874 4132 3017 4182 ἔστιν
3042 4134 3070 4182 ό
3094 4131 3267 4203 ὰφιῶν
3293 4131 3449 4184 αὑτὸν
3473 4132 3564 4184 τοῦ
3596 4133 3861 4200 amem,
3888 4154 3907 4187 ι

2377 4218 2665 4288 προσόδους
2694 4217 3028 4289 ἀριθμοῦντα
3056 4219 3289 4284 πάντως,
3324 4220 3418 4273 καὶ
3447 4222 3725 4292 μηνιαίους
3745 4224 3911 4293 ψηφί-

2375 4307 2534 4370 ζοντα
2562 4308 2770 4374 τόκους,
2797 4309 2891 4362 καὶ
2916 4308 2979 4362 τὸ
3006 4309 3311 4379 νυκτερινὸν
3341 4311 3608 4381 διάστημα
3638 4313 3913 4367 δαπανῶν-

2374 4413 2440 4449 τα
2471 4398 2548 4459 είς
2584 4396 2837 4473 «suae:
2893 4399 2985 4448 καὶ
3028 4397 3221 4469 μικρὸν
3266 4398 3449 4469 κέρδος
3498 4386 3759 4469 ἀπόληταί
3816 4401 3913 4469 τὴν

744 4496 949 4550 lucrum
978 4493 1225 4563 depereat
1265 4488 1575 4540 memoriam
1624 4488 1833 4552 latens;
1891 4489 2011 4540 aliis
2040 4505 2165 4542 vero
2207 4486 2273 4542 ne

2379 4488 2594 4554 μνήμην
2609 4483 2794 4537 nemo
2812 4486 2935 4546 τοὺς
2954 4486 3007 4537 δὲ
3032 4488 3167 4555 μήτε
3189 4489 3294 4563 τῶν
3313 4488 3620 4556 ἀναγκαίων
3638 4490 3909 4557 εὐπορεῖν,

746 4587 957 4656 quidem
988 4579 1286 4636 necessaria
1320 4578 1441 4631 vita!
1468 4574 1789 4629 adminicula
1822 4584 2124 4644 suppetant,
2148 4591 2274 4645 pro-

746 4687 859 4745 pter
900 4670 1135 4726 alimenti
1187 4681 1363 4723 autem
1410 4666 1687 4735 penuriam
1731 4667 2072 4734 contemptim
2120 4664 2276 4719 edor-

746 4769 946 4829 miant,
981 4763 1139 4829 idque
1165 4760 1397 4813 maximo
1426 4760 1677 4825 deputent
1724 4757 1901 4821 lucro,
1943 4758 2105 4824 quod,
2148 4756 2273 4811 dum

743 4869 899 4921 sopor
934 4849 1107 4906 somni
1149 4847 1480 4915 protenditur
1512 4846 1671 4912 ipsis,
1718 4860 1868 4898 suam
1900 4860 2005 4898 non
2053 4861 2271 4915 persen-

741 4945 881 4995 tittut
906 4946 1188 5012 egestatem
1220 4952 1232 4990 :
1280 4931 1547 4987 nonnullis
1576 4931 1799 4982 deserta:
1828 4931 2134 4985 hominibus
2175 4948 2270 4984 cx-

740 5040 875 5083 stent
930 5035 1233 5093 aurataeque
1280 5023 1472 5076 domus
1532 5018 1808 5087 oblongae,
1858 5032 2179 5084 corvorum,
2219 5032 2272 5073 et

739 5126 1055 5173 noctuarunt
1078 5151 1093 5177 ,
1125 5113 1261 5167 forte
1289 5125 1414 5165 vero
1457 5120 1510 5165 et
1541 5111 1782 5163 dit-orum
1809 5108 2112 5162 daemonum
2145 5123 2271 5181 spa-

739 5209 873 5261 tiosa
905 5202 1239 5265 diversoria;
1276 5202 1393 5254 aliis
1416 5211 1593 5254 autem
1626 5212 1796 5269 neque
1832 5206 2083 5268 suppetat
2110 5197 2273 5250 tricu-

738 5296 897 5349 bitale
923 5292 1162 5364 corporis
1192 5290 1605 5356 receptaculum,
1630 5304 1736 5357 quo
1767 5295 2011 5359 tegantur
2041 5305 2053 5339 :
2088 5287 2272 5355 aliqui-

740 5364 1145 5453 buﬂrgentum
1180 5378 1435 5435 inserviat
1464 5379 1624 5431 etiam
1665 5378 1729 5433 ad
1770 5378 2066 5433 ministeria
2114 5378 2272 5431 inho-

2377 4564 2851 4642 καταφρονητικῶς
2884 4575 2938 4625 δὲ
2967 4576 3055 4625 ὑπ’
3084 4560 3293 4636 ἀσιτίας
3322 4575 3693 4638 καθεύδοντας,
3726 4578 3818 4627 καὶ
3848 4578 3911 4629 τὺ

2375 4663 2509 4715 πολὺ
2541 4661 2909 4731 κερδαίνοντας
2929 4661 3025 4727 τῆς
3052 4660 3190 4712 κατὰ
3215 4661 3311 4727 τὴν
3339 4660 3544 4713 ἔνδειαν
3569 4663 3624 4713 ἐν
3657 4661 3910 4733 ἀναισθη-

2376 4753 2465 4823 σίᾳ
2486 4752 2583 4819 τῆς
2613 4744 3061 4821 παρατεταμένης
3087 4745 3163 4818 τῷ
3187 4746 3336 4819 ὕπνῳ
3355 4749 3665 4818 καρώσεως,
3684 4747 3782 4803 καὶ
3802 4754 3906 4814 τοῖς

2375 4844 2472 4912 μὲν
2518 4843 2755 4911 ἐρήμους
2790 4836 3087 4910 ἀνθρώπων
3133 4840 3372 4901 ἑστάναι,
3414 4840 3506 4891 καὶ
3536 4842 3910 4913 ’χρυσοφόρους

2368 4932 2542 4994 οἰκίας
2584 4932 2819 5001 μακράς,
2859 4930 3127 4999 κοράκων,
3166 4930 3258 4980 καὶ
3296 4928 3635 5001 νυκτερίδων,
3686 4932 3816 4995 ἴσως
3850 4931 3907 4984 δὲ

2369 5023 2462 5073 καὶ
2486 5021 2832 5089 παλαμναίων
2854 5016 3117 5087 δαιμόνων
3138 5017 3417 5089 εὐρύχωρα
3436 5020 3771 5089 καταγώγια,
3801 5022 3907 5084 τοῖς

2368 5111 2423 5162 δὲ
2459 5112 2531 5181 μὴ
2576 5112 2837 5178 ὑπάρχειν
2880 5109 3139 5177 τρίπηχες
3176 5111 3307 5179 πρὸς
3351 5112 3557 5181 σκέπην
3600 5113 3903 5181 κατάλυμα·

2370 5202 2463 5251 καὶ
2504 5202 2611 5260 τοῖς
2641 5199 2738 5269 μὲν
2763 5191 2863 5257 ἕως
2893 5197 2999 5248 τῶν
3030 5198 3365 5266 ἀτιμοτάτων
3392 5200 3587 5269 χρειῶν
3620 5201 3909 5272 ὑπηρετεῖ-

2372 5288 2493 5349 σθαι
2518 5289 2610 5347 τδν
2630 5288 2867 5357 ἄργυρον
2899 5289 2977 5349 είς
3000 5288 3174 5357 οὔρων
3204 5289 3384 5357 δοχάς,
3412 5290 3506 5342 καὶ
3536 5287 3792 5359 λυμάτων
3818 5306 3907 5357 γα·

2380 5378 2532 5446 στρὸς
2560 5375 2971 5449 χαλκευόμενον,
3000 5378 3167 5447 σκεύη
3190 5378 3387 5449 πολλὴν
3415 5378 3607 5447 ἔχοντα
3643 5379 3901 5446 σταθμον·

810 5532 964 5615 ‘nlsa.
1009 5500 1188 5615 ante,”
1205 5530 1255 5586 7.
1290 5526 1592 5615 ..χραίσμῃ
1616 5541 1703 5615 γε..
1734 5528 1786 5581 9.
1860 5530 1882 5560 ⁸
1916 5528 2048 5584 Dan.
2078 5544 2169 5592 ,tv,
2221 5528 2273 5581 24

2386 5527 2584 5585 'Prov.
2622 5548 2731 5595 ιιι,
2787 5530 2871 5585 17.
2945 5531 2965 5562 ⁸
2998 5528 3127 5586 Luc.
3180 5545 3288 5615 xvi,
3344 5510 3397 5587 θ’.
3471 5531 3493 5563 ⁹
3525 5529 3713 5587 Matth.
3767 5543 3820 5597 ν,
3852 5525 3901 5580 7-

748 5600 794 5634 "
821 5599 1005 5654 Matth.
1040 5616 1092 5665 ιν,
1121 5600 1211 5655 45.
1290 5599 1331 5631 ’⁸
1355 5598 1529 5652 Eccle.
1559 5609 1611 5661 ν,
1646 5595 1728 5647 lt.
