4076 6338
724 347 825 407 879

2174 351 2231 407 Β.
2255 351 2412 408 NiLI

3747 359 3854 420 880

720 469 836 507 rum
883 464 1085 522 stipites
1117 456 1315 522 absque
1347 455 1508 508 ramis
1534 495 1545 517 ,
1576 455 1828 520 1destituti
1881 453 2132 510 membi-is
2175 459 2234 508 ad

2340 463 2464 524 ζων,
2513 463 2829 526 καταπίνων,
2883 465 3159 532 περιδύων,
3207 466 3455 533 ἐλαύνων,
3498 470 3848 538 ὑπερορίζων.

717 556 1086 610 quemcunque
1109 552 1307 595 motum
1333 543 1572 597 idoneis:
1607 558 1711 596 non
1742 545 1882 598 dicat
1899 545 2098 612 justum
2124 560 2242 599 csse

719 630 924 683 Domini
946 632 1227 698 judicium,
1254 632 1436 685 videns
1464 646 1556 686 eos
1580 633 1793 701 quidem
1824 648 1887 685 ex
1919 641 2062 685 tanta
2093 635 2237 687 cala-

718 721 896 775 mitate
935 723 1218 775 translatos
1255 721 1331 775 'ad
1373 722 1652 789 «requiem,
1705 725 1938 792 seipsum
1991 733 2166 777 autem
2202 739 2240 789 _e

716 818 862 863 tanto
893 811 1016 862 luxu
1051 819 1405 864 transeuntem
1447 811 1509 863 ad
1551 812 1901 881 supplicium?
1930 811 2045 876 Quo
2083 820 2237 879 pacto

715 913 838 950 vero
879 908 930 951 et
970 899 1019 950 in
1055 900 1286 952 animum
1321 898 1535 951 inducet
1566 915 1722 953 suum
1753 900 2020 967 supplices
2051 900 2113 951 ad
2145 897 2237 952 Ju-

713 987 880 1040 diccm
925 1004 1080 1041 voces
1114 991 1353 1043 emittere
1382 1029 1396 1054 ,
1438 990 1524 1043 ille
1563 992 1710 1058 ipse,
1742 991 1832 1057 qui
1879 989 1942 1041 ad
1976 989 2239 1056 supplica-

715 1077 884 1129 tiones
918 1077 1262 1145 indigentium
1304 1079 1507 1146 absque
1556 1077 1663 1131 ulla
1705 1077 2072 1146 compassione
2114 1090 2237 1142 per-

711 1166 924 1228 mansit,
951 1174 1002 1219 et
1027 1167 1172 1219 omni
1201 1176 1438 1235 tempore
1469 1167 1712 1230 immitis,
1741 1175 1792 1220 et
1819 1165 2085 1234 propriam
2109 1178 2238 1217 eon-

712 1254 985 1307 scientiam
1018 1256 1219 1309 habens
1244 1294 1258 1319 ,
1289 1270 1409 1323 qua:
1445 1255 1754 1323 priusquam
1783 1254 1944 1322 judex
1985 1253 2036 1308 id
2064 1253 2236 1320 ipsum

711 1353 957 1409 praestet,
984 1353 1109 1396 eum
1149 1345 1214 1398 de
1258 1344 1525 1412 praeterita
1573 1343 1957 1398 inhumanitate
1983 1342 2235 1395 condem-

711 1431 840 1482 nat?
872 1430 966 1484 llic
1001 1447 1124 1484 vero
1154 1432 1414 1485 violentus
1435 1472 1448 1495 ,
1492 1443 1547 1486 et
1578 1433 1914 1501 tyrannicus,
1942 1430 2195 1498 diripiens
2219 1468 2233 1493 ,

710 1518 1021 1582 absorbens,
1056 1519 1308 1587 spolians,
1345 1520 1585 1588 abigens,
1614 1520 1996 1584 exterminans,
2031 1518 2238 1575 calum-

2343 549 2697 614 συκοφαντῶν,
2754 550 2917 615 ἄγων,
2977 550 3172 618 φέρων,
3215 552 3579 621 δουλαγωγῶν,
3637 555 3852 607 πάντων

2342 635 2596 688 πάντοθεν
2626 639 2722 703 τὴν
2753 637 2891 706 ζωὴν
2917 638 3297 707 διαταράττων,
3325 642 3469 694 οὐδὲν
3517 643 3858 710 παραλιμπάι

2339 740 2443 776 νων
2473 725 2728 794 πονηρίας
2755 722 2910 791 εἶδος,
2948 726 2976 776 ὃ
3001 725 3134 788 τέως
3161 724 3335 780 δίδωσι
3365 731 3612 798 πράττειν
3645 731 3859 793 ἐξουσία

2339 813 2430 864 καὶ
2460 812 2703 882 δύναμις,
2757 817 2966 878 πάντως
3016 820 3095 877 είς
3139 818 3354 886 ἔσχατόν
3394 835 3494 870 που
3539 819 3857 871 καταδύεται

2337 902 2698 970 αὐτομολήσας
2735 905 2976 973 πυθμένα
3028 908 3322 976 Ταρτάρου,
3378 907 3586 976 χείρονα
3629 906 3717 964 τὸν
3765 909 3860 958 ἐπὶ

2339 986 2605 1049 τοσούτοις
2631 988 3007 1058 ἁμαρτήμασιν
3029 993 3240 1061 ἔλεγχον
3265 993 3458 1064 κρίνων
3480 993 3576 1060 τῆς
3601 992 3734 1044 κατά
3758 993 3860 1058 τὴν

2342 1074 2568 1143 βάσανον
2593 1077 2800 1140 ὀδύνης.
2843 1078 2988 1147 Αὕτη
3012 1082 3115 1149 γάρ
3152 1079 3361 1148 άληθῶς
3403 1081 3678 1148 πρέπουσα
3708 1081 3862 1148 λῆξις

2339 1163 2448 1222 τοῖς
2469 1163 2532 1230 τῇ
2555 1161 2835 1234 δυναστείᾳ
2859 1163 2933 1234 μὴ
2959 1165 3088 1234 πρὸς
3116 1165 3442 1234 εὐεργεσίαν,
3467 1166 3580 1218 ἀλλ’
3594 1168 3683 1218 ἐπὶ
3705 1163 3860 1234 κακῷ

2340 1249 2693 1318 χρησαμένοις
2713 1250 2789 1320 τῷ
2817 1253 2999 1314 πέλας,
3037 1252 3131 1303 καὶ
3173 1253 3242 1305 τὰ
3280 1254 3375 1322 μὶν
3411 1253 3886 1322 πλιεονεκτηθέντα¹

2339 1336 2747 1390 καταλείπουσιν
2773 1339 2948 1401 ἄλλοις
2978 1341 3109 1409 πρὸς
3139 1341 3331 1409 χρῆσιν
3372 1340 3648 1409 φιλοτίμου
3692 1340 3852 1409 ζωὴν,

2338 1425 2435 1495 τὴν
2486 1425 2542 1479 δὲ
2604 1428 2688 1478 ἐπ’
2735 1428 2913 1489 αὐτοῖς
2967 1429 3226 1498 τιμωρίαν
3282 1430 3680 1499 καρπουμένους
3727 1431 3861 1484 aid:-

2341 1533 2368 1566 ν
2376 1531 2467 1568 ιον.
2751 1531 2753 1533 ’

711 1607 861 1660 nians
885 1648 898 1671 ,
929 1623 1088 1676 agens
1108 1647 1122 1670 ,
1164 1607 1338 1661 l‘erens
1363 1648 1378 1671 ,
1426 1618 1478 1661 et
1507 1609 1559 1660 in
1590 1608 1891 1662 servitutem
1923 1605 2220 1668 abducens,
2257 1603 2496 1658 omnium
2528 1602 2754 1671 denique
2783 1607 3002 1660 omnino
3028 1607 3186 1659 vitam
3249 1612 3589 1672 perturbans,
3654 1609 3856 1663 nullam

708 1697 1109 1760 praetermittens
1157 1696 1496 1762 malignitatis
1542 1695 1808 1762 speciem,
1859 1699 1913 1746 et
1957 1693 2232 1758 quantum
2275 1697 2514 1756 potestas
2561 1690 2807 1758 viresque
2868 1691 3169 1746 concedunt
3222 1704 3279 1747 ut
3331 1695 3525 1756 iaciat,
3557 1696 3765 1763 penitus
3801 1697 3861 1753 in

709 1788 868 1838 inium
903 1783 1121 1837 fumium
1150 1782 1358 1835 Tartari
1388 1791 1574 1850 sponte
1609 1796 1705 1834 sua
1735 1794 1973 1849 praeceps
2010 1778 2320 1840 deserendit,
2355 1777 2776 1844 redargutionem
2835 1780 2900 1833 de
2947 1779 3100 1849 159
3157 1782 3315 1834 lautis
3379 1783 3669 1838 sceleribus
3733 1787 3865 1839 sub-

706 1871 930 1927 cundam
973 1871 1281 1924 deteriorem
1321 1870 1605 1938 judicans,
1652 1884 1812 1937 quam
1861 1868 2098 1922 dolorem
2153 1881 2218 1920 ex
2257 1866 2555 1919 tormentis.
2611 1865 2712 1919 Iste
2773 1881 2999 1936 namque
3064 1870 3184 1922 linis
3223 1884 3406 1923 revera
3455 1873 3705 1925 convenit
3754 1876 3862 1930 illis

706 1965 798 2033 qui
835 1947 1066 2031 potentia
1101 1978 1207 2017 non
1242 1963 1307 2015 ad
1347 1955 1780 2025 beneﬁcentiam,
1813 1959 1905 2015 sed
1931 1959 1996 2013 ad
2058 1958 2373 2012 maleﬁcium
2429 1965 2649 2010 utuntur
2711 1972 2833 2026 erga
2897 1960 3215 2027 proximum,
3245 1970 3298 2014 et
3355 1974 3418 2015 ea
3463 1977 3580 2031 quae
3637 1979 3864 2035 conges-

643 2076 649 2082 -
706 2061 908 2113 serunt,
939 2050 1315 2118 derelinquunt
1350 2050 1561 2118 quidem
1618 2048 1738 2104 aliis
1775 2050 1838 2103 ad
1866 2049 1984 2103 vitae
2010 2047 2304 2100 ambitiosae
2332 2047 2580 2110 abusum,
2609 2047 2711 2100 sibi
2753 2064 2879 2102 vero
2934 2049 3061 2117 ipsis
3126 2058 3377 2105 aeternam
3435 2053 3734 2121 percipiunt
3762 2071 3864 2124 pro

708 2146 879 2198 fructu
911 2156 1144 2210 paruam.

1292 2252 1516 2307 CAPUT
1566 2253 1695 2306 VIII.

772 2361 814 2412 Ο
846 2362 1189 2420 dementiam!
1226 2377 1256 2414 ο
1290 2363 1559 2415 vesaniam
1585 2361 1828 2437 {Ecquid
1867 2363 2073 2430 przebet
2111 2379 2244 2429 pra:-

705 2462 785 2506 ter
808 2450 1136 2518 splendidam
1182 2449 1485 2505 fruitionem
1519 2489 1534 2512 ,
1580 2465 1646 2503 ne
1672 2451 1843 2504 dicam
1887 2452 2240 2504 necessarium

707 2557 859 2595 usum
890 2551 1102 2609 propter
1142 2553 1234 2592 eos
1274 2541 1365 2608 qui
1391 2540 1456 2592 ad
1485 2539 1806 2592 debilitatem
1836 2542 2076 2606 corporis
2114 2541 2241 2594 suh-

704 2630 972 2682 levandam
1038 2628 1309 2697 indulgere
1389 2630 1630 2698 gratiose
1693 2628 1892 2696 aliquid
1945 2629 2125 2682 volunt
2189 2637 2241 2682 et

713 2718 989 2788 cupiditati
1017 2735 1030 2781 ;
1070 2719 1195 2785 quid
1241 2719 1357 2786 plus
1385 2717 1681 2786 (inquam)
1723 2719 1919 2786 przebet
1976 2719 2198 2771 avaritia
2221 2757 2237 2781 ,

709 2813 770 2858 ut
797 2806 1093 2857 universam
1123 2800 1320 2857 terram
1358 2819 1698 2872 peragremus
1723 2805 2019 2873 omnigena:
2051 2805 2237 2872 acqui-

702 2893 910 2948 sitionis
952 2893 1211 2946 desiderio
1234 2934 1248 2957 ,
1282 2891 1562 2946 Britannos
1584 2932 1598 2956 ,
1635 2891 1920 2961 Hesperios
1940 2930 1956 2956 ,
1989 2893 2236 2957 Mauros;

701 2985 769 3038 ad
822 2986 1078 3038 orientem
1131 2999 1255 3037 vero
1289 2982 1499 3036 Thebas
1524 3024 1539 3049 ,
1581 2993 1634 3037 et
1670 2984 1917 3037 lndormn
1970 2985 2235 3052 regionem

700 3075 954 3128 adeuntes
991 3113 1005 3138 ,
1081 3073 1312 3142 undique
1384 3073 1450 3125 ad
1517 3084 1755 3128 nostrum
1847 3088 2003 3129 usum
2090 3073 2234 3126 luxui

701 3164 1040 3218 accommoda
1079 3163 1460 3225 conducentes,
1493 3162 1832 3228 pecuniarum
1866 3177 1991 3217 vero
2021 3162 2234 3217 thesau-

701 3267 791 3306 ros
823 3253 1111 3305 immensos
1138 3253 1202 3306 ad
1227 3252 1646 3306 coemendarum
1679 3268 1854 3322 rerum
1881 3254 2234 3327 comparatio-

702 3355 822 3393 nem
871 3349 1249 3394 coacervantes
1291 3355 1305 3392 :
1367 3356 1604 3394 mensam
1653 3341 1791 3394 enim
1835 3351 2043 3409 oportet
2089 3342 2234 3396 varie

707 3427 1008 3490 instruere,
1044 3437 1154 3480 tum
1197 3442 1257 3478 ex
1298 3427 1381 3479 his
1411 3442 1530 3494 quae
1567 3428 1618 3479 in
1651 3429 1877 3494 propriis
1917 3429 2097 3484 fundis
2140 3445 2232 3482 na-

2924 2250 3164 2303 ΚΕΦΑΔ.
3196 2253 3270 2303 H'.
3326 2265 3331 2270 '

2413 2354 2475 2404 Ὠ
2500 2354 2596 2422 τῆς
2625 2354 2948 2421 παρανοίαςί
2975 2353 3018 2406 ὣ
3042 2357 3136 2423 τῆς
3164 2357 3535 2426 παραπληξίας
3559 2363 3572 2413 l
3609 2361 3673 2417 Τί
3701 2361 3864 2419 πλέον
3922 2350 3928 2353 ”

2341 2441 2562 2510 παρέχει
2589 2441 2684 2508 τῆς
2721 2434 2943 2510 φαιδρᾶς
2971 2444 3336 2508 ἀπολαύσεως,
3370 2447 3452 2498 ἵνα
3484 2450 3556 2517 μὴ
3587 2448 3726 2516 λέγω
3763 2452 3864 2521 τῆς

2337 2531 2632 2596 ἀναγκαίας
2660 2531 2843 2600 χρείας
2869 2531 2952 2584 διὰ
2970 2533 3089 2594 τοὺς
3114 2532 3457 2602 βουλομένους
3479 2536 3790 2606 χαρίζεσθαί
3806 2557 3862 2591 τι

2335 2621 2427 2672 καὶ
2467 2620 2728 2688 ἐπιθυμίᾳ
2769 2621 2899 2688 πρὸς
2937 2623 3280 2690 παραμυθίαν
3316 2626 3411 2694 τῆς
3453 2625 3728 2689 ἀσθενείας
3762 2627 3862 2680 τοῦ

2337 2707 2602 2775 σώματος,
2651 2711 2686 2776 ή
2719 2711 3010 2772 πλεονεξία,
3053 2711 3133 2762 ὅτι
3166 2713 3341 2764 πᾶσαν
3383 2714 3479 2781 μὲν
3523 2717 3862 2785 παγκτησίας

2339 2794 2505 2864 ἱμέρῳ
2563 2795 2660 2864 τὴν
2720 2799 2820 2865 γῆν
2885 2799 3278 2868 μετερχόμεθα,
3348 2801 3704 2870 Βρεττανοὺς,
3767 2805 3858 2857 καὶ

2345 2883 2675 2953 Ἐσπερίους,
2717 2886 2808 2937 καὶ
2855 2886 3126 2956 Μαύρους,
3160 2889 3293 2964 πρὸς
3324 2890 3397 2942 ἔω
3444 2889 3498 2944 δὲ
3538 2891 3738 2961 Θήϐας,
3767 2894 3860 2945 καὶ

2333 2973 2428 3040 τὴν
2477 2972 2644 3025 Ἰνδῶν
2690 2974 3188 3044 καταλαμϐάνοντες
3237 2978 3434 3050 χώραν,
3494 2980 3560 3040 τὰ
3605 2981 3861 3035 πάντοθεν

2334 3061 2462 3129 πρὸς
2491 3063 2696 3132 τρυφὴν
2739 3064 3011 3132 ἐπιτήδεια
3039 3065 3116 3126 είς
3143 3067 3345 3119 ἑαυτῶν
3374 3071 3562 3142 χρῆσιν
3591 3067 3860 3131 ποιοῦντες

2332 3150 2604 3219 ἀγώγιμα,
2637 3152 2927 3219 χρημάτων
2953 3151 3008 3203 δὲ
3052 3153 3352 3221 θησαυροὺς
3379 3156 3726 3217 ἀνεικάστους
3757 3172 3856 3208 σω-

2334 3241 2573 3309 ρεύοντες
2611 3244 2689 3303 είς
2731 3242 2825 3312 τὴν
2865 3243 2969 3294 τῶν
3008 3243 3319 3312 συνωνητῶν
3369 3246 3732 3315 παρασκευήν·
3781 3246 3860 3298 δει

2331 3331 2435 3399 γάρ
2463 3329 2529 3382 τὰ
2564 3332 2659 3400 μὲν
2704 3333 2768 3385 ὲκ
2806 3332 3081 3401 γεωργίων
3109 3333 3339 3398 οίκείων,
3370 3333 3435 3386 τά
3466 3333 3520 3385 δὲ
3562 3333 3619 3403 ἐξ
3657 3337 3863 3409 ἀγορᾶς

2332 3419 2621 3471 ποικίλλειν
2666 3421 2763 3486 τὴν
2810 3421 3104 3489 τράπεζαν,
3134 3423 3223 3474 καὶ
3262 3425 3429 3475 ποιεῖν
3453 3422 3728 3492 πολυτελῆ,
3764 3426 3860 3477 καὶ

701 3525 943 3597 scuutur,
976 3525 1084 3567 tum
1110 3531 1174 3567 ex
1203 3514 1307 3568 illis
1351 3529 1469 3582 qua:
1497 3523 1724 3568 veneunt
1751 3516 1802 3568 iu
1846 3516 1980 3578 foro,
2009 3530 2230 3584 eamque

2334 3507 2633 3576 πλήθουσαν
2653 3500 2724 3569 ὡς
2752 3510 3026 3575 μέλλοντος
3053 3511 3278 3580 ἀχανοῦς
3301 3529 3441 3573 τινος
3468 3500 3734 3582 χάσματος
3760 3515 3862 3584 τῆς

704 3608 1035 3677 magniﬁcam
1079 3615 1130 3660 et
1176 3608 1425 3660 relertam
1453 3647 1468 3671 ,
1503 3617 1560 3660 ut
1586 3608 1859 3675 expleatur
1887 3616 2069 3661 venter
2091 3608 2230 3660 velut

703 3701 948 3753 immanis
973 3699 1186 3767 quidam
1213 3698 1389 3752 hiatus
1419 3698 1723 3753 simillimus
1755 3699 2013 3764 heninze;
2037 3700 2228 3752 ctenim

641 3807 644 3813 ·
699 3791 880 3844 multis
908 3798 990 3843 est
1026 3805 1205 3843 revera
1235 3788 1605 3857 inexplebilis,
1647 3797 1702 3843 et
1722 3798 1938 3851 vastus,
1986 3789 2084 3840 etsi
2125 3804 2229 3841 non

699 3879 1044 3948 amplitudine
1083 3893 1248 3939 venae,
1299 3879 1390 3932 sed
1430 3879 1828 3932 insatiabililate
1859 3877 2139 3946 appetitus,
2177 3887 2230 3930 et

698 3983 905 4037 semper
938 3983 1111 4022 vacuae
1139 3968 1469 4036 cupiditatis,
1503 3983 1622 4036 quae
1645 3982 1920 4034 nunquam
1953 3968 2227 4034 impletur,

621 4128 625 4133 l
700 4061 1050 4128 quodcunque
1069 4074 1191 4112 vero
1207 4060 1405 4112 indicat
1425 4049 1591 4120 visus,
1613 4072 1803 4126 capere
1824 4055 2092 4111 all‘ectans.
2109 4054 2229 4111 lden

701 4147 996 4209 calumniae,
1009 4156 1060 4200 et
1077 4147 1399 4214 tyrannides,
1418 4147 1536 4200 ideo
1549 4146 1927 4214 grassationes,
1941 4153 1994 4198 et
2013 4161 2065 4197 ra
2072 4145 2226 4213 piuae,

702 4234 820 4286 ideo
839 4234 915 4286 sic
936 4235 1104 4297 illum,
1127 4246 1178 4288 et
1193 4235 1336 4288 hunc
1353 4237 1529 4290 statim
1554 4236 1690 4290 alius
1705 4235 1994 4302 cogitillata
2018 4235 2066 4287 vi
2084 4252 2100 4292 ς
2118 4251 2231 4303 gra-

700 4323 824 4374 dum
849 4332 1185 4390 promovente
1201 4325 1264 4376 ad
1283 4324 1382 4377 bos
1399 4338 1606 4391 semper
1626 4326 1790 4392 magis
1803 4325 2134 4378 dominantes
2152 4333 2231 4393 ty-

700 4414 940 4474 ramiide,
963 4421 1116 4464 eteos
1138 4412 1225 4478 qui
1252 4410 1405 4479 15o
1428 4426 1569 4464 nunc
1589 4412 1837 4478 iujuriam
1867 4412 2228 4465 faciuntdebi-

699 4505 946 4567 liorihns,
965 4505 1120 4572 paulo
1140 4511 1262 4570 post
1283 4510 1609 4570 praeparante
1627 4501 1690 4554 ad
1714 4500 1961 4567 injuriam
1993 4514 2019 4551 a
2043 4507 2229 4567 poten-

703 4594 928 4648 tioribus
958 4591 1318 4659 excipiendam
1339 4606 1354 4655 ;
1377 4600 1428 4642 et
1444 4590 1775 4658 excogitante
1793 4588 1987 4657 rapinae
2002 4579 2249 4656 praeter

702 4691 786 4734 tus
807 4682 980 4749 specie
1014 4695 1118 4731 non
1166 4677 1498 4730 inhonestos.
1533 4675 1626 4728 Est
1655 4675 1849 4744 quippe
1882 4675 2155 4742 ingeniosa
2175 4676 2226 4727 in

701 4769 1097 4822 adinveniendis
1110 4767 1341 4818 avaritia:
1357 4764 1626 4817 coloribus
1644 4763 1965 4831 ipsa,etjura
1981 4763 2222 4828 reddens,

2331 3595 2526 3663 κοτύλῃ
2555 3597 2934 3665 παραπλησίας
2967 3599 3296 3669 πληροῦσθαι
3333 3602 3582 3677 γαστρός·
3617 3604 3709 3654 καὶ
3747 3602 3862 3673 γάρ

2328 3685 2438 3738 ἐστι
2465 3688 2573 3748 τοῖς
2601 3687 2805 3750 πολλοῖς
2835 3687 3034 3757 ἀχανὴς
3070 3689 3232 3750 ὅντως
3275 3689 3366 3740 καὶ
3391 3690 3721 3757 ἀπλήρωτος.
3752 3692 3862 3744 κᾶν

2329 3776 2402 3844 μὴ
2439 3777 2514 3845 τῷ
2543 3776 2832 3847 εὐρυχώρῳ
2887 3777 2979 3829 τοῦ
3031 3777 3266 3845 ἀγγείου,
3316 3776 3448 3830 ά)λά
3490 3777 3566 3846 τῷ
3599 3779 3860 3849 ἀπλήστῳ

2324 3866 2422 3934 τῆς
2451 3865 2677 3932 ὀρέξεως
2703 3866 2795 3933 τῆς
2822 3868 3064 3935 ἁεικενῆς
3092 3867 3397 3934 ἐπιθυμίας,
3431 3867 3678 3920 οὐδέποτε
3717 3883 3859 3936 πιμ-

2327 3953 2646 4021 πλαμένης,
2672 3957 2776 4004 πᾶν
2806 3955 2882 4017 δὲ,
2927 3955 2954 4005 ὃ
2993 3956 3253 4006 δείκνυσιν
3283 3957 3486 4024 ὅρασις,
3534 3956 3862 4026 γλιχομένης

2325 4041 2528 4093 λαϐεῖν.
2584 4041 2681 4092 Διά
2712 4041 2864 4092 τοῦτο
2892 4044 3240 4108 συκοφαντίαι
3275 4047 3366 4096 καὶ
3409 4045 3728 4114 τυραννίδες·
3763 4048 3862 4101 διαὶ

2325 4131 2476 4183 τοῦτο
2529 4131 2865 4193 λωποδυσίαι,
2907 4133 2996 4184 καὶ
3043 4134 3298 4200 ἁρπαγαί·
3363 4135 3445 4186 διὰ
3490 4136 3644 4187 τοῦτο
3682 4135 3861 4199 οὕτως

2326 4222 2527 4273 ἐκεῖνον
2562 4222 2651 4273 καὶ
2681 4221 2864 4274 τοῦτον
2918 4222 3076 4281 εὐθὺς
3136 4223 3288 4285 ἄλλος
3348 4223 3608 4292 βιάζεται,
3645 4214 3862 4295 ’βαθμῷ

2326 4312 2767 4381 προσκοπτούσης
2797 4313 2885 4364 ἐπὶ
2920 4321 3040 4373 τούς
3082 4315 3168 4364 ἀεὶ
3197 4314 3388 4382 μᾶλλον
3437 4315 3859 4375 δυναστεύοντας

2324 4400 2419 4465 τῆς
2451 4401 2773 4471 τυραννίδος.
2799 4403 2894 4452 καὶ
2923 4404 3042 4461 τοὺς
3061 4401 3151 4452 νῦν
3179 4403 3486 4464 ἀδικοῦντας
3520 4403 3607 4454 τὸν
3637 4402 3861 4454 ἀσθενές

2329 4503 2532 4552 στερον,
2592 4489 2703 4554 μετ’
2756 4488 2931 4552 ὀλίγον
2985 4490 3278 4540 ἀδικεῖσθαι
3331 4491 3860 4560 παρασκευαζούσης

2327 4573 2430 4625 ύπδ
2455 4575 2556 4626 τῶν
2580 4575 2973 4643 δυνατωτέρων,
3002 4578 3093 4627 καὶ
3123 4578 3420 4645 προφάσεις
3443 4580 3755 4647 ἐπινοούσης
3782 4585 3859 4650 τῇ

2328 4665 2544 4734 ἁρπαγῇ
2574 4663 2651 4730 τῷ
2678 4663 2862 4714 δοκεῖν.
2880 4664 2977 4714 οὐκ
3005 4665 3328 4732 ἀσχήμονας.
3356 4667 3506 4725 Ἔστι
3527 4669 3631 4736 γὰρ
3657 4668 3714 4728 ὲν
3731 4671 3861 4729 ταῖς

2328 4753 2729 4814 πλεονεκτικαῖς
2774 4753 3028 4814 ἐπινοίαις
3076 4753 3210 4820 αὕτη
3253 4755 3575 4822 γνωμοδὸτις
3616 4757 3857 4825 εὐμήχα-

702 4861 919 4911 consilia
950 4859 1220 4932 supponit,
1248 4866 1305 4908 ut
1332 4855 1596 4916 videntur,
1625 4852 1992 4923 persuasibilia
2029 4853 2224 4920 rapina:

2333 4861 2439 4905 νος,
2469 4844 2659 4913 βουλὰς
2689 4843 3038 4912 ὑποτιθεμένη
3071 4843 3290 4906 πιθανὰς
3317 4830 3529 4914 πρὺξτὸ
3549 4843 3733 4896 δοκοῦν
3755 4845 3859 4897 τοῦ

701 4958 842 5016 apta.
868 4947 954 4998 Sic
985 4947 1188 5000 Jezabel
1223 4937 1546 5009 audientem,
1571 4943 1710 5011 q'ltld
1736 4944 1940 4995 vineam
1970 4938 2224 4996 Nabutlnn

700 5037 859 5093 vicini
895 5035 972 5086 vir
995 5035 1110 5101 ejus
1144 5038 1322 5089 Achab
1355 5035 1689 5104 percupicrat
1716 5071 1730 5094 ,
1758 5033 1992 5101 graviter
2024 5033 2219 5093 simul,

699 5138 856 5196 atque
887 5124 1076 5178 callide
1110 5122 1250 5175 hunc
1279 5125 1474 5189 rapina:
1505 5139 1723 5193 scopum
1748 5123 2036 5191 disponens
2066 5135 2226 5190 appa-

702 5217 854 5275 ravit,
888 5223 944 5267 ut
971 5221 1022 5265 et
1054 5211 1393 5277 concupitum
1419 5223 1714 5280 caperetur,
1745 5228 1842 5267 nec
1862 5222 2023 5274 esset,
2043 5210 2132 5278 qui
2163 5211 2228 5262 de

696 5307 878 5371 rapina
908 5309 1321 5371 conquereretur
1354 5317 1366 5351 :
1403 5302 1722 5357 ealumniata
1748 5305 1942 5357 etenim
1975 5302 2244 5370 eum,quip

698 5395 1001 5460 possidebat
1029 5397 1269 5457 vincam,
1319 5390 1697 5459 blasphemiam
1717 5395 1791 5465 (in
1844 5393 2011 5448 Deum
2058 5403 2110 5448 et
2142 5408 2225 5445 rc-

704 5496 821 5548 gem
863 5485 1181 5551 protulisse,
1223 5481 1418 5537 occidit
1445 5519 1460 5544 ,
1505 5489 1560 5532 et
1599 5481 1678 5534 sic
1719 5483 1925 5537 vineam
1955 5491 2228 5537 vacantem

705 5571 919 5627 domino
943 5574 1142 5638 accepit
1167 5613 1186 5639 ,
1219 5589 1340 5630 cum
1372 5572 1551 5626 nullus
1579 5580 1750 5634 esset,
1789 5574 1878 5640 qui
1905 5573 2225 5640 patefaceret

2328 4933 2680 5005 ἀρπάγματος
2710 4932 2940 4998 εὔλογον.
2968 4933 3116 4985 Οὕτω
3139 4934 3233 5004 τὴν
3268 4935 3493 4997 Ἰεζάϐελ
3524 4933 3858 4998 ἀκούσασαν,

2327 5026 2406 5078 ὅτι
2430 5024 2522 5076 τοῦ
2553 5022 2863 5091 ἀμπελῶνος
2893 5023 3161 5076 Ναϐουθαὶ
3195 5027 3286 5077 τοῦ
3329 5025 3559 5091 γείτονος
3602 5024 3629 5074 ὁ
3651 5021 3860 5093 ταύτης

2329 5110 2463 5184 ανὴρ
2501 5109 2699 5182 ’Λχαάὃ
2759 5109 3082 5181 ἐπεθύμησε,
3112 5113 3296 5174 δεινῶς
3325 5111 3437 5179 ἅμα
3487 5110 3576 5162 καὶ
3621 5109 3860 5179 πανούρ-

2328 5221 2435 5271 γως
2463 5204 2549 5256 τὸν
2581 5206 2678 5270 τῆς
2704 5203 2954 5271 ἁρπαγῆς
3011 5204 3208 5254 σκοπὸν
3235 5201 3488 5254 διαθεῖναι
3520 5199 3858 5270 παρεσκεύαο

2329 5309 2436 5354 σεν,
2470 5292 2552 5344 ἵνα
2592 5290 2684 5342 καὶ
2713 5291 2771 5342 τὸ
2797 5292 3121 5360 ἐπιθυμηθὲν
3152 5292 3347 5360 ληφθῇ,
3377 5293 3466 5343 καὶ
3507 5291 3581 5359 μὴ
3688 5291 3716 5339 ὁ
3755 5289 3860 5358 τὴν

2329 5382 2582 5451 ἁρπαγὴν
2613 5381 2950 5451 ἐ-δυρύμενος·
2973 5381 3311 5452 βλασφημίαν
3335 5383 3437 5456 γὰρ
3465 5379 3596 5432 Θεοῦ
3645 5379 3737 5430 καὶ

2333 5468 2519 5530 σιλέως
2563 5470 3030 5537 συκοφαντήσασα,
3056 5468 3144 5519 τὸν
3187 5467 3513 5536 κεκτημένον
3550 5465 3859 5530 ἀπέκτεινε,

2335 5556 2427 5606 καὶ
2455 5554 2624 5616 οὕτως
2652 5556 2937 5613 ἀδέσποτον
2964 5557 3055 5608 τὸν
3082 5554 3374 5623 ἀμπελῶνα
3407 5550 3732 5621 παρέλαϐεν,
3765 5553 3858 5604 οὑ-
