4076 6338
710 351 808 416 907

2182 365 2242 425 S.
2261 359 2341 426 NI
2350 367 2425 427 LI

3791 368 3907 434 ωε

707 473 912 515 sionem
942 462 1249 531 ostendens,
1271 474 1594 532 permanens
1624 481 1751 521 vero
1784 468 1874 543 tali
1904 483 2027 523 cum
2055 473 2247 527 mentis

2345 474 2481 543 άρνα
2507 474 2775 538 θυσιάζων
2817 475 2909 527 ἐπὶ
2955 473 3157 535 αίσίαις
3202 461 3385 543 ιῦχαῐς
3412 474 3486 544 τῷ
3507 476 3665 547 Qui»;
3718 478 3815 543 Τίς
3841 475 3913 533 ει

634 576 637 577 ν
708 549 1011 615 serenitate,
1037 554 1180 621 quali
1221 555 1450 624 perstitit
1491 572 1615 610 cum
1641 557 1923 613 binnult‘tm
1959 554 2122 625 Cervi,
2152 571 2244 616 aut

682 638 955 702 'vitulum,
986 650 1079 695 aut
1107 658 1303 712 agnum
1340 645 1391 696 in
1426 645 1673 711 precibus
1704 649 1993 716 auspicatis
2022 651 2127 705 Deo
2154 666 2242 705 sa-

630 728 637 735 '
705 728 1012 782 criﬁcabat?
1059 729 1195 795 Quis
1242 742 1418 785 autem
1458 732 1576 788 Jobi
1624 735 1864 791 animum
1902 739 2240 809 philosophia

704 815 1043 871 obﬁrmatum
1080 818 1318 874 novisset
1364 821 1429 873 ad
1468 829 1575 875 tam
1623 824 1973 895 multiplicem
2017 842 2240 881 suorum

702 905 943 973 cladem;
984 908 1088 962 nisi
1128 906 1311 976 gratia:
1355 910 1420 965 de
1463 912 1691 982 singulis
1716 916 2045 985 quibusque
2080 917 2241 972 rebus

703 1003 833 1048 acta:
871 993 1040 1062 ipsius
1067 998 1485 1067 magnitudinem
1523 1004 1690 1057 animi
1723 1004 1866 1058 clara
1907 1020 2035 1058 voce
2075 1013 2241 1061 testa-

702 1090 887 1137 rentur
910 1084 951 1115 "
973 1084 996 1139 ?
1016 1082 1199 1154 Neque
1224 1089 1365 1142 enim
1398 1100 1664 1145 veterator
1693 1107 1801 1145 uno
1830 1092 1991 1147 exitio
2021 1094 2240 1148 abstulit

702 1174 903 1238 omnia,
940 1190 1005 1228 ne
1041 1191 1151 1229 uno
1178 1178 1503 1233 calamitatis
1541 1181 1645 1233 ictu
1677 1181 1914 1236 dolorem
1951 1182 2067 1250 ejus
2098 1184 2240 1238 velut

700 1263 753 1315 in
794 1265 1165 1333 compendium
1197 1278 1530 1323 contractum
1564 1270 1847 1339 redigeret,
1896 1272 1986 1339 qui
2031 1282 2247 1341 poterat
2285 1330 2294 1338 ,

698 1351 908 1404 extendi
954 1353 1360 1421 multipliciter,
1416 1367 1467 1409 et
1506 1354 1712 1410 iteratis
1753 1358 1956 1411 nuntiis
2004 1360 2237 1426 partitis,

698 1440 797 1506 ipsi
824 1442 1062 1496 audienti
1090 1443 1294 1498 luctum
1323 1444 1547 1498 reddere
1571 1446 1901 1499 acerbiorem
1926 1464 1942 1510 ;
1976 1463 2072 1502 nec
2093 1450 2236 1503 enim

696 1531 871 1597 primo
901 1533 1016 1585 loco
1044 1534 1381 1587 charissimis
1411 1535 1533 1602 ejus
1563 1534 1876 1605 pignoribus
1905 1539 2238 1593 convivanti-

697 1619 795 1671 bus
828 1619 1165 1689 superinjieit
1224 1621 1385 1687 aedes,
1426 1637 1488 1677 ea
1529 1623 1880 1679 subversione
1925 1627 2142 1681 domum
2183 1629 2236 1681 in

696 1708 997 1776 sepulcrum
1028 1720 1362 1777 convertens,
1395 1722 1447 1765 et
1480 1712 1797 1781 sanguinem
1830 1715 1987 1779 cibis,
2015 1730 2236 1770 carnes-

2349 565 2441 619 τοῦ
2479 563 2596 618 Ἰὼϐ
2637 565 2736 633 τὴν
2767 565 2859 617 ἐπὶ
2906 565 3003 633 τῆς
3047 564 3381 634 πολυτρόπου
3429 566 3641 638 ἐκείνης
3681 568 3913 641 τῶνα-

2348 655 2513 707 κείων
2542 653 2790 716 ἁλώσεως
2825 650 2990 722 ἔμαθε
3034 653 3367 723 φιλοσοφίαν,
3410 654 3484 724 μὴ
3514 655 3613 725 τῆς
3651 656 3737 725 ἐφ’
3764 658 3908 714 ἑκά-

2348 748 2474 794 στου
2499 740 2606 793 τῶν
2635 739 3016 810 ἀπολλυμένων
3048 728 3399 811 ηεῦχαριστίας
3432 740 3699 812 βοησάσης
3731 742 3910 799 αὐτοῦ

2344 829 2442 899 τὴν
2478 828 2875 898 μεγαλοψυχίαν
2917 829 3136 898 σαφ’ὦςς
3175 826 3319 882 Ὀὔτε
3364 828 3470 899 γάρ
3500 830 3591 897 ὑφ’
3626 830 3684 883 ἐν
3727 827 3759 884 ό
3800 848 3911 885 και

2346 917 2574 990 κοῦργος
2628 916 2927 988 ἐπόρθησεν
2975 916 3204 977 ᾶπαντα,
3237 905 3325 970 ἵνα
3381 911 3455 986 μὴ
3506 916 3635 986 μίαν
3680 916 3750 970 τὰ
3798 918 3913 986 τῆς

2346 1008 2627 1076 συμφορᾶς
2654 1008 2884 1076 ποιήσας
2910 1006 3145 1074 πληγὴν,
3180 996 3464 1075 σύντομον,
3493 996 3590 1058 καὶ
3618 1007 3912 1060 συνεσταλο

2348 1098 2511 1169 μένην
2544 1098 2640 1167 τὴν
2664 1096 2855 1165 όδύνην
2886 1095 3209 1165 ἐργάσηται,
3238 1094 3540 1165 δυναμένην
3577 1098 3658 1159 είς
3696 1097 3909 1166 πλῆθος

2344 1182 2637 1257 ἐκταθῆναι
2678 1189 2793 1249 ταῖς
2838 1184 2977 1239 κατὰ
3022 1186 3185 1256 μέρος
3225 1185 3524 1253 ἀγγελίαις,
3557 1189 3649 1241 καὶ
3674 1191 3908 1258 ποιῆσαι

2344 1277 2490 1346 αὐτῷ
2515 1275 2761 1330 ἀκούοντι
2793 1276 2853 1328 τὸ
2877 1275 3037 1343 άλγος
3066 1274 3385 1346 δριμύτερον
3403 1293 3419 1309 ·
3449 1276 3601 1331 οὐδὲν
3626 1277 3736 1349 γὰρ
3762 1278 3909 1350 πρός

2342 1380 2498 1432 τερον
2535 1362 2903 1415 ἐπικατασείει
2942 1364 3052 1424 τοῖς
3082 1362 3354 1428 φιλτάτοις
3383 1362 3471 1415 τὸν
3492 1354 3639 1417 οἶκον
3665 1365 3908 1432 εὐωχου-

2345 1451 2525 1519 μένοις
2553 1453 2632 1520 τῇ·
2646 1451 2993 1519 καταστροφῇ
3043 1450 3211 1516 τάφον
3243 1449 3341 1519 τὴν
3379 1450 3555 1504 οὶκίαν
3585 1450 3771 1518 ποιῶν,
3802 1446 3906 1506 καὶ

2346 1540 2538 1610 μιγνὺς
2586 1532 2871 1606 ἐδέσμασιν
2918 1533 3094 1607 αἷμα,
3143 1538 3236 1589 καὶ
3292 1536 3476 1607 φύρων
3510 1539 3747 1607 σάρκας,
3798 1541 3904 1594 καὶ

2342 1628 2520 1688 λίθους
2564 1626 2722 1693 ὁμοῦ,
2753 1625 2838 1676 ἵνα
2880 1624 2955 1694 μὴ
2982 1624 3056 1692 τῷ
3105 1624 3310 1690 μείζονι
3346 1623 3504 1697 πάθεί
3538 1626 3723 1695 ἀργεῖν
3759 1627 3904 1697 πρὸς

2343 1718 2409 1770 τά
2435 1718 2689 1770 ἐλάττονα
2720 1717 2916 1785 ποιήσῃ
2946 1713 3042 1784 τὴν
3070 1714 3340 1782 αἴσθησιν.
3370 1712 3569 1782 Βαθμῷ
3597 1714 3652 1767 δὲ
3684 1715 3806 1767 καθ’
3835 1716 3904 1768 ἐν

695 1812 797 1866 que
822 1799 1057 1868 pinsens,
1086 1816 1192 1855 una
1222 1817 1343 1855 cum
1376 1802 1669 1869 lapidibus,
1700 1818 1763 1855 ne
1792 1804 2007 1857 animus
2047 1804 2238 1873 majori

2341 1808 2623 1878 ἐπέρχεται
2645 1808 2855 1860 ἅπαντα
2880 1803 2989 1856 άπδ
3013 1803 3121 1855 τῶν
3146 1801 3532 1872 εὐτελεστέρων
3557 1801 3904 1871 μεταϐαίνων

696 1888 833 1942 malo
865 1889 1177 1953 hebesceus,
1226 1899 1280 1944 et
1320 1900 1542 1958 stupens
1589 1891 1734 1944 nullo
1766 1892 2036 1945 minorum
2073 1909 2234 1948 sensu

693 1975 1023 2043 adiceretur;
1064 1976 1221 2050 175
1251 1977 1341 2032 sed
1372 1978 1637 2047 gradatim
1694 1981 1965 2049 sigillatim
1995 1982 2238 2050 pervadit

693 2064 877 2118 omnia
901 2079 931 2118 α
962 2064 1297 2121 tenuioribus
1321 2067 1385 2118 ad
1413 2081 1501 2119 res
1532 2067 1750 2134 majoris
1778 2068 2030 2121 momenti
2064 2080 2237 2122 trans-

691 2152 958 2219 cenderis;
1005 2160 1059 2207 et
1113 2153 1278 2208 alium
1342 2155 1573 2209 subinde
1633 2156 1880 2208 nuntium
1938 2157 2235 2223 graviorem

689 2242 1039 2310 praecedenti,
1099 2257 1323 2297 numero
1363 2254 1415 2298 et
1454 2245 1710 2313 qualitate
1754 2245 2074 2298 damnorum
2122 2246 2239 2299 illa-

692 2340 867 2386 torum
903 2341 1142 2401 apparat,
1182 2341 1241 2387 ut
1276 2333 1555 2388 calamitas
1588 2349 1682 2402 per
1715 2334 2043 2388 incrementa
2074 2350 2238 2404 exag-

690 2430 874 2492 gerata
903 2436 1179 2492 magnum,
1233 2432 1287 2477 et
1314 2438 1474 2493 grave
1520 2438 1583 2477 ac
1622 2438 1873 2492 asperum
1905 2425 2102 2497 vulnus
2132 2426 2231 2479 dco

691 2505 1015 2585 sperationis
1075 2507 1256 2559 animo
1316 2506 1600 2575 indigeret.
1671 2507 1875 2561 Ordine
1934 2508 2143 2563 scilicet
2205 2524 2237 2562 a

691 2597 982 2651 levioribus
1011 2596 1292 2665 principiis
1318 2591 1635 2666 progressus
1665 2612 1840 2666 usque
1880 2598 1945 2652 ad
1988 2598 2236 2651 ultimum

690 2687 1131 2751 ictumdevenit,
1169 2687 1260 2755 qui
1303 2696 1356 2740 et
1392 2686 1687 2753 sapientem
1733 2687 1832 2741 viri
1873 2689 2237 2742 constantiam

587 2772 589 2774 ’
690 2780 925 2833 maxime
956 2776 1268 2832 declaravit.
1299 2774 1433 2830 Nam
1466 2786 1522 2831 ut
1550 2777 1768 2831 domum
1804 2777 2146 2843 subversam,
2183 2787 2243 2831 et

689 2868 884 2924 liberos
938 2871 1283 2937 interemptos
1343 2869 1596 2934 edidicit,
1656 2884 1776 2924 cum
1836 2879 1961 2925 ante
2014 2880 2265 2938 caeteras

690 2974 877 3013 omnes
924 2958 1203 3013 facultates
1255 2958 1356 3012 sibi
1402 2958 1625 3027 periisse
1678 2959 1975 3023 audiisset,
2023 2960 2238 3013 discidit

688 3050 1004 3101 vestimenta
1036 3061 1153 3111 sua,
1179 3056 1233 3100 et
1253 3048 1484 3101 totondit
1511 3063 1719 3101 comam
1745 3049 1957 3118 capitis,
1986 3048 2129 3118 quod
2160 3048 2232 3112 ei,

690 3120 781 3209 qui
830 3139 929 3191 alia
982 3137 1275 3205 eripuerat,
1331 3149 1383 3191 et
1433 3154 1552 3207 quae
1595 3138 1809 3201 auferre
1861 3156 1966 3193 non
2007 3138 2237 3209 poterat,

691 3231 829 3284 ultro
861 3229 1193 3292 concederet,
1226 3237 1277 3281 et
1312 3229 1541 3281 naturali
1572 3219 2231 3300 sapientia'evangelicam

689 3328 1039 3373 anteverteret
1061 3317 1481 3373 admonitiOnem
1512 3335 1527 3372 :
1562 3337 1580 3368 ι
1612 3322 1667 3375 Si
1701 3322 1842 3373 enim
1871 3320 1993 3389 quis
2015 3320 2234 3391 (inquit)

689 3412 916 3481 accipiat
945 3411 1178 3465 tunicam
1212 3420 1380 3475 tuam,
1403 3412 1611 3465 dimitte
1639 3412 1740 3480 ipsi
1770 3420 1823 3465 et
1880 3413 2099 3481 pallium
2136 3406 2230 3467 υς»

2340 1898 2431 1950 ἐπὶ
2476 1897 2544 1949 τὰ
2578 1894 2897 1965 τιμιώτερα,
2943 1893 3036 1945 καὶ
3088 1890 3253 1961 ἄλλης
3302 1891 3465 1960 άλλην
3515 1890 3905 1961 ἀλγεινοτέραν

2338 1988 2595 2054 ἀγγελίαν
2621 1981 3059 2044 κατασκευάζων,
3104 1980 3199 2032 καὶ
3225 1978 3500 2048 ποσότητι,
3530 1979 3625 2030 καὶ
3652 1979 3904 2049 ποιότητι

2336 2076 2442 2127 τῶν
2469 2073 2944 2142 διαφθειρομένων,
2992 2070 3136 2131 ὅπως
3180 2070 3300 2120 κατ’
3330 2066 3510 2139 ὀλίγον
3552 2066 3785 2139 αὐξηθέν

2336 2165 2507 2217 δεινὸν
2540 2140 2701 2234 μέγα,
2751 2140 2843 2215 καὶ
2873 2160 3107 2229 χαλεπὸν
3148 2158 3210 2212 τὸ
3254 2157 3473 2228 τραῦμα
3518 2155 3616 2228 τῆς
3657 2140 3907 2227 ἀθυμίας

2337 2254 2653 2324 ἐργάσηται.
2688 2250 2849 2316 Τάξει
2875 2248 3038 2317 δῆθεν
3070 2246 3342 2319 προελθὼν
3365 2247 3431 2299 ἐκ
3462 2247 3761 2317 προοιμίων
3787 2248 3903 2311 tua;

2337 2343 2565 2411 ἔφθασεν
2595 2342 2674 2403 εἰς
2711 2341 2807 2407 τὴν
2838 2338 3071 2407 ἐσχάτην
3103 2335 3335 2404 πληγὴν,
3364 2334 3401 2404 ἢ
3429 2334 3524 2388 καὶ
3550 2334 3768 2403 διέδειξε
3797 2336 3903 2390 τοῦ

2337 2427 2526 2498 ἀνδρὸς
2556 2427 2616 2479 τὸ
2652 2426 2956 2495 φιλόσοφον.
2999 2422 3084 2484 Ὠς
3125 2422 3232 2493 γάρ
3260 2420 3356 2491 τὴν
3387 2421 3765 2492 καταστροφὴν
3796 2422 3902 2476 τοῦ

2336 2516 2507 2577 οἴκου,
2533 2515 2627 2567 καὶ
2658 2513 2767 2565 τῶν
2788 2512 2994 2565 τέκνων
3022 2500 3189 2579 ἔμαθε
3211 2507 3310 2578 τὴν
3334 2506 3627 2574 ἀπώλειαν,
3657 2509 3764 2562 τῶν
3795 2511 3903 2563 άλ-

2335 2605 2443 2657 λων
2469 2605 2719 2657 ἁπάντων
2746 2602 2841 2671 τὴν
2872 2599 3075 2670 φθορὰν
3104 2597 3205 2668 ἥδη
3240 2600 3711 2668 προπεπυσμένος,
3748 2598 3902 2670 διέῤ-

2338 2692 2466 2765 ρηξε
2513 2696 2580 2747 τὰ
2625 2694 2815 2763 ἱμάτια
2868 2690 3053 2752 αὑτοῦ,
3099 2690 3193 2743 καὶ
3250 2693 3500 2761 ἐκείρατο
3562 2688 3658 2759 τὴν
3709 2686 3903 2759 ὶιύμην

2335 2785 2433 2854 τῆς
2482 2784 2721 2853 κεφαλῆς
2768 2784 2953 2846 αὑτοῦ,
3000 2781 3078 2853 τῷ
3101 2781 3312 2837 λαϐόντι
3340 2782 3410 2835 τὰ
3448 2781 3599 2847 ἄλλα,
3628 2782 3718 2834 καὶ
3747 2781 3782 2834 ἃ
3816 2783 3900 2851 μὴ

2336 2873 2516 2929 λαϐεῖν
2554 2873 2865 2945 δεδῦνηται,
2916 2870 3230 2942 προδιδοὺς,
3279 2873 3372 2925 καὶ
3422 2872 3637 2939 φθάνων
3689 2875 3897 2939 φυσικῇ

2337 2964 2621 3033 φιλοσοφίᾳ
2659 2963 2758 3032 τὴν
2784 2961 2893 3014 τῶν
2932 2959 3278 3030 Εὐαγγελίων
3320 2962 3659 3031 παραίνεσιν.
3713 2978 3732 3010 4
3758 2961 3900 3026 ,Ἐὰν

2336 3056 2441 3126 γάρ
2467 3067 2582 3122 σου,
2615 3054 2768 3123 φησὶ,
2799 3052 2936 3129 λάϐῃ
2970 3070 3053 3117 τις
3087 3053 3176 3107 τὸν
3205 3054 3427 3125 χιτῶνα,
3463 3053 3597 3122 ἄφες
3624 3052 3768 3121 αὐτῷ
3797 3055 3901 3105 καὶ

2333 3147 2395 3200 τὸ
2424 3146 2658 3216 ἱμάτιον.
2704 3164 2723 3197 ι
2781 3141 2949 3198 Τοῑτο
2994 3143 3276 3214 προλαϐὼν
3315 3146 3517 3206 ἐκεῖνος
3545 3143 3787 3212 ἐποίησε,
3826 3144 3898 3195 τὸ

2341 3236 2415 3303 μὴ
2444 3232 2729 3286 λυπεῖσθαι
2761 3232 2854 3285 ἐπὶ
2879 3236 2990 3295 τοῖς
3014 3233 3224 3298 δόξασιν
3264 3216 3529 3294 ἀκουσίως
3558 3246 3896 3301 συμπεπτωο

2340 3321 2490 3373 κέναι
2519 3321 2706 3382 κακοῖς
2744 3318 2819 3389 τῷ
2852 3318 3083 3389 ἑκουσίῳ
3117 3320 3491 3391 πιστούμενος,
3536 3320 3631 3372 καὶ
3667 3320 3727 3373 τὸ
3751 3319 3898 3381 τέως

2340 3409 2596 3463 λανθάνον
2626 3409 2722 3477 τῆς
2750 3408 2970 3479 γνώμης
3000 3408 3077 3478 τῷ
3104 3411 3407 3480 φαινομένῳ
3433 3408 3667 3479 μηνύων.

692 3505 803 3562 Hoc
869 3508 953 3559 ille
1002 3507 1375 3574 praeveniendo
1410 3507 1655 3575 praestitit
1692 3507 1859 3561 libera
1905 3516 2114 3575 sponte,
2150 3505 2406 3576 promens
2456 3520 2561 3558 non
2608 3504 2845 3558 doluisse
2894 3518 2951 3558 se
2992 3503 3057 3558 de
3102 3501 3314 3558 damnis
3390 3517 3510 3571 quas
3574 3504 3898 3559 videbantur

684 3595 857 3650 invito
909 3595 1006 3647 sibi
1055 3594 1333 3659 accidisse,
1392 3605 1445 3649 ct
1496 3597 1738 3651 indicans
1780 3594 2014 3661 evidenti
2056 3604 2373 3667 argumento
2418 3594 2581 3649 animi
2630 3595 2879 3647 latentem
2930 3594 3113 3646 tandiu
3147 3606 3387 3647 sensum.

1283 3705 1511 3761 CAPUT
1562 3707 1647 3760 iV.

760 3813 895 3868 Nam
924 3816 1013 3884 qui
1039 3816 1091 3869 vi
1123 3816 1413 3885 quidquam
1448 3815 1721 3883 eripiettti,
1751 3826 1806 3870 et
1836 3816 1979 3883 quod
2009 3830 2117 3870 non
2144 3832 2239 3870 au-

690 3904 795 3958 Tert
823 3904 960 3957 ultro
990 3904 1099 3968 dat,
1150 3905 1334 3973 utique
1375 3904 1657 3972 posteriori
1698 3917 1761 3956 ea
1803 3905 2240 3973 magnanimitate

697 3995 947 4059 ostendit,
998 4008 1055 4046 se
1096 3994 1255 4047 etiam
1308 3995 1562 4061 primum,
1612 3994 1735 4047 licet
1796 3996 2119 4049 necessitate
2170 3995 2239 4048 sit

693 4095 956 4150 ereptum,
1017 4098 1122 4136 non
1169 4098 1233 4137 ex
1282 4084 1603 4136 necessitate
1650 4092 1825 4136 tamen
1880 4085 2233 4147 concessisse,

697 4186 793 4225 nec
838 4172 1074 4224 animum
1119 4171 1167 4223 vi
1216 4176 1488 4233 coactum,
1532 4170 1629 4221 etsi
1681 4170 1770 4236 qui
1811 4171 1860 4221 vi
1920 4180 2233 4238 rapuerunt,

695 4262 971 4332 tyrannice
1004 4261 1279 4315 rideantur
1294 4262 1489 4327 egisse,
1530 4275 1649 4314 cum
1682 4260 1808 4313 illud
1838 4276 2051 4330 quoque
2082 4275 2235 4314 acce-

2939 3704 3187 3757 ΚΕΦΔΛ.
3227 3707 3299 3757 A'.

2418 3818 2473 3870 '0
2500 3816 2603 3886 γὰρ
2624 3813 2877 3884 ληφθέντι
2903 3815 3011 3885 βίᾳ,
3043 3815 3135 3867 καὶ
3164 3815 3191 3866 ὃ
3224 3812 3296 3883 μὴ
3320 3816 3626 3885 ἀφαιρεῖταί
3652 3831 3734 3876 τις
3759 3812 3899 3885 προ-

2334 3906 2526 3969 διδοὺς,
2558 3904 2713 3974 δῆλος
2745 3907 2809 3975 τῇ
2846 3904 3070 3974 δευτέρᾳ
3098 3902 3377 3972 φιλοτιμίᾳ
3416 3904 3642 3970 γίνεται,
3676 3903 3750 3964 ὡς
3797 3907 3898 3956 καὶ

2336 3997 2396 4048 τὸ
2422 3996 2633 4065 πρῶτον
2658 3994 2756 4047 κᾶν
2789 3994 2992 4064 ἐλήφθη
3018 3996 3250 4064 ἀνάγκῃ,
3272 3995 3372 4045 οὐκ
3398 3994 3608 4063 ἀνάγκῃ
3642 3994 3899 4064 παρεχώ-

2343 4098 2494 4151 ρησε,
2529 4082 2624 4149 τὴν
2656 4081 2875 4147 γνώμην
2905 4082 2964 4131 οὑ
2995 4081 3252 4167 βιασθεὶς,
3286 4082 3386 4133 κᾶν
3412 4084 3686 4149 τυραννεῖν
3706 4082 3898 4146 ἔδοξαν

2341 4172 2390 4221 ei
2423 4171 2759 4239 βιασάμενοι,
2806 4169 2961 4220 τοῦτο
3006 4170 3280 4231 λαϐόντες,
3315 4170 3342 4221 ὃ
3383 4173 3478 4221 καὶ
3510 4170 3584 4241 μὴ
3613 4173 3897 4224 ἐπιδοῦναι

2342 4261 2653 4332 δυνάμενος,
2687 4262 2997 4331 προαιρέσει
3031 4261 3318 4323 ἐπέδωκεν,
3355 4261 3567 4329 ἐξουσίᾳ
3600 4262 3898 4330 παρασχὼν

698 4352 888 4419 perint,
920 4351 1060 4421 quod
1122 4361 1176 4405 et
1230 4366 1335 4404 non
1380 4344 1669 4405 concedere
1712 4350 1918 4416 valens,
1964 4367 2026 4404 ex
2068 4352 2234 4403 animi

2342 4354 2475 4423 ὅπερ
2501 4354 2644 4407 ἄκων
2673 4354 2745 4422 τῷ
2772 4352 3074 4421 φαινομένῳ
3095 4350 3401 4421 ἀφῃρῆσθαι
3434 4352 3761 4419 νενόμισται.
3786 4354 3901 4404 Καὶ

697 4438 970 4505 proposito
1015 4438 1282 4489 concessit
1328 4446 1516 4503 sponte
1564 4438 1805 4505 praebens
1846 4438 1987 4504 quod
2022 4437 2093 4501 ei,
2144 4437 2234 4507 qui

694 4525 977 4579 videbatur
1031 4525 1259 4593 eripere,
1315 4523 1508 4577 fecisse
1560 4526 1756 4577 invitus
1817 4527 2122 4593 putabatur.
2177 4527 2241 4579 Et

699 4616 894 4686 Joseph
926 4632 1074 4680 vero,
1108 4624 1161 4669 et
1202 4615 1471 4678 Susanna,
1502 4622 1557 4667 et
1596 4611 1837 4681 Jephthae
1875 4610 2255 4666 laterent”.illi

694 4709 908 4776 quidem
934 4706 1188 4774 pudicitia
1208 4704 1365 4774 176
1383 4705 1655 4769 celebrati,
1683 4713 1737 4758 et
1760 4704 1847 4758 hic
1873 4703 2115 4758 veritate.
2140 4695 2243 4751 Iste

700 4814 931 4869 namque
975 4807 1032 4851 ut
1078 4813 1190 4850 rem
1225 4800 1277 4850 in
1319 4797 1459 4851 bello
1494 4797 1627 4850 bene
1658 4804 1910 4862 gereret.
1996 4795 2041 4848 si
2087 4793 2238 4847 devi-

702 4891 859 4942 cisset
896 4889 1098 4950 hostes,
1128 4885 1218 4953 qui
1246 4885 1550 4951 superiores
1572 4893 1723 4935 erant
1747 4884 1935 4951 copiis,
1964 4890 2017 4934 et
2048 4882 2238 4949 peritia

701 4984 775 5036 rei
830 4978 1091 5043 militaris,
1144 4974 1391 5045 promisit
1438 4966 1799 5042 quodcunque.
1852 4972 1951 5036 ipsi
2005 4973 2236 5038 primum

700 5079 1006 5125 occurreret
1034 5069 1368 5137 propriarum
1398 5079 1574 5118 rerum
1620 5062 1856 5121 obvium,
1898 5060 1952 5111 in
1987 5060 2239 5113 holocau-

704 5171 845 5217 stum
878 5159 1213 5221 oblaturum;
1256 5158 1412 5210 unica
1455 5156 1560 5208 lilia
1607 5153 1707 5221 ipsi
1740 5152 1951 5204 obviam
1992 5150 2239 5204 veniente

705 5271 855 5319 casu,
897 5268 1014 5323 qua:
1042 5253 1231 5303 mirum
1269 5253 1321 5303 in
1357 5251 1569 5321 modum
1604 5249 1798 5302 dilecta
1831 5254 1966 5309 erat,
1997 5260 2100 5296 non
2135 5242 2237 5295 fre-

702 5346 777 5414 git
822 5345 1174 5413 promissum,
1225 5341 1471 5408 pietatem
1530 5349 1732 5392 natura:
1780 5347 2133 5406 anteponens,
2190 5346 2241 5387 et

705 5439 906 5488 viscera
950 5434 1181 5501 prodens
1243 5428 1445 5499 potius,
1500 5443 1659 5495 quam
1713 5426 1821 5479 Deo
1876 5433 2239 5493 nuncupatum

704 5536 905 5581 votum.
925 5531 981 5577 et
1008 5522 1399 5575 confessionem
1434 5516 1635 5569 irritam
1662 5517 1858 5581 facere,
1893 5517 2015 5569 licet
2045 5517 2094 5567 in
2121 5515 2239 5566 tiliae

843 5659 884 5693 ”
922 5657 1022 5711 Job
1052 5672 1090 5723 ι,
1125 5657 1147 5709 1
1181 5669 1332 5724 seoq.

2352 4443 2545 4512 Ἰωσὴφ
2579 4444 2653 4507 δὲ,
2686 4446 2778 4496 καὶ
2810 4444 3081 4503 Σωσάννα,
3130 4442 3220 4493 καὶ
3265 4439 3469 4507 Ἰεφθάε
3509 4440 3695 4492 ἔλαθον
3722 4440 3807 4503 ἂν,
3842 4443 3900 4493 οἱ

2341 4534 2437 4602 μὲν
2459 4535 2547 4584 ἐπὶ
2569 4534 2905 4603 σωφροσύνη.
2929 4535 2955 4584 ὁ
2984 4531 3035 4582 δὲ
3060 4532 3144 4583 ἐπ’
3173 4530 3395 4599 ἀληθείᾳ
3418 4530 3897 4599 εὐδοκιμήσαντες.

2340 4621 2449 4671 Καὶ
2482 4614 2629 4679 οὗτος
2664 4620 2769 4684 γὰρ
2818 4619 2955 4685 ὑπὲρ
3000 4621 3096 4686 τῆς
3145 4618 3199 4667 ἐν
3240 4616 3456 4682 πολέμῳ
3499 4617 3794 4682 ἀριστείας,
3844 4620 3899 4668 εξ

2342 4706 2676 4777 περιγένοιτο
2703 4706 2809 4757 τῶν
2844 4703 3065 4773 ἐχθρῶν¹
3090 4702 3515 4771 ἐπικυδεστέρων
3546 4702 3734 4760 ὅντων,
3762 4705 3901 4770 πλή-

2342 4796 2445 4858 θει,
2497 4797 2591 4848 καὶ
2617 4793 2875 4865 ἐμπειρίᾳ
2908 4794 3192 4861 πολεμικῇ,
3222 4790 3613 4843 ὸλοκαυτὼσειν
3660 4792 3898 4860 ὑποσχό-

2343 4898 2497 4951 μενος
2528 4882 2661 4950 ὅπερ
2686 4881 2750 4933 ἀν
2783 4880 2916 4949 τύχῃ
2949 4880 3056 4930 τῶν
3088 4879 3258 4931 ἄλλων
3290 4878 3547 4947 πρότερον
3578 4878 3899 4950 ἀπαντῆσαν

2338 4975 2552 5033 οἰκεῖον,
2588 4972 2849 5041 θυγατρὸς
2883 4971 3019 5021 κατά
3050 4970 3108 5019 τὸ
3142 4968 3350 5034 συμϐὰν
3384 4969 3767 5040 ὑπαντησάσης
3796 4989 3897 5039 μο-

2338 5061 2607 5129 νογενοῦς,
2657 5062 2750 5113 καὶ
2781 5059 3146 5129 στεργομένης
3189 5058 3451 5121 ἐκτόπως,
3485 5061 3584 5112 οὐκ
3628 5060 3895 5129 ἐψεύσατο

2337 5151 2432 5218 τὴν
2476 5148 2838 5217 ἐπαγγελίαν,
2923 5147 3132 5214 φύσεως
3197 5149 3531 5216 προτιμήσας
3586 5148 3890 5211 εὐσέϐειαν,

2346 5220 2622 5308 σπλάγχνα
2651 5237 2874 5305 προδοὺς
2918 5236 3053 5305 ὑπὲρ
3085 5234 3176 5287 τοῦ
3208 5232 3281 5306 μὴ
3309 5237 3404 5302 τὴν
3433 5239 3510 5297 εἰς
3537 5235 3667 5287 Θεὸν
3692 5236 3890 5305 ἀθετῆ-

2347 5345 2432 5379 σαι
2462 5327 2765 5397 ὁμολογίαν,
2802 5326 2901 5377 κᾶν
2990 5328 3078 5377 ἐπὶ
3109 5330 3170 5395 τῇ
3197 5326 3467 5394 ἀναιρέσει
3493 5324 3583 5377 τοῦ
3610 5326 3805 5378 τέκνου
3829 5329 3891 5378 τὸ

2349 5420 2513 5480 πάθος
2550 5420 2835 5485 ἀφόρητον.
2868 5419 2973 5469 Καὶ
3002 5418 3107 5468 τῶν
3139 5418 3233 5485 μὲν
3263 5417 3431 5468 ἄλλων
3455 5415 3582 5466 ὄντα
3609 5417 3791 5483 γυμνά
3826 5419 3891 5469 τὰ

2344 5507 2735 5579 κατορθώματα
2775 5510 2997 5576 φανερὸν
3032 5510 3122 5561 ἐπὶ
3150 5510 3265 5570 ταῖς
3291 5505 3534 5574 πράξεσι,
3567 5507 3658 5557 καὶ
3684 5504 3888 5574 πρόδη-

1410 5654 1454 5686 ⁵²
1487 5650 1671 5705 Matth.
1705 5665 1757 5714 ν,
1788 5649 1874 5703 ίθ.
1950 5650 1996 5681 ⁸³
2028 5648 2161 5704 Gen.
2202 5661 2358 5700 χχιιι
2388 5662 2402 5710 ;
2448 5645 2576 5699 Dan.
2614 5658 2739 5706 aut;
2767 5638 2941 5695 Judic.
2972 5650 3045 5690 xi.
