4076 6338
185 345 278 406 913
1293 351 2101 414 PERISTEBIA.—SECTIO
2118 353 2219 408 XI.
3232 343 3333 404 9H

185 458 308 514 θεὶς,
336 453 426 504 καὶ
447 453 544 504 οὐκ
570 452 704 522 ἔχων
731 454 901 506 εἰπεῖν
930 455 1180 524 λογισμὸν
1207 457 1304 525 τῆς
1338 466 1604 526 σωτηρίας
1629 460 1707 509 εί-

1822 473 1906 510 )us
1937 455 2577 525 illasus",etindctnnis;
2619 453 2708 522 qni
2750 468 2889 507 nunc
2922 451 3043 515 hor,
3081 468 3221 504 nunc
3245 439 3334 505 illo

185 545 324 604 κότε,
372 542 622 606 νικῶντος
673 543 898 596 ἑκάστου
956 543 1244 612 θαύματος,
1305 547 1400 597 καὶ
1451 546 1708 615 λογισμοῦ

1826 547 1966 598 nodo
2017 547 2252 598 salvatus
2303 544 2421 606 fuit,
2481 545 2550 597 ita
2602 553 2659 597 ut
2722 557 2829 596 sua:
2858 543 3042 596 salutis
3079 543 3331 594 rationem
3383 554 3386 564 '

186 634 349 685 πᾶσαν
389 634 483 684 καὶ
524 631 679 700 λόγου
708 634 980 697 ὲπίνοιαν;
1015 632 1133 694 [Ιῶς
1174 632 1228 684 δὲ
1267 634 1356 684 τὸν
1388 634 1710 703 πατραλοίαν

195 719 500 788 Ἀϐεσαλὼμ
545 720 804 792 ᾐτιάσατο
857 720 953 788 τῆς
989 708 1294 790 τυραννίδος
1341 722 1398 772 οὐ
1446 721 1711 789 ληφθέντα

184 807 358 877 χερσὶν
387 808 777 876 ἀνθρωπίναις;
808 809 944 877 Δρῦς
972 809 1075 877 γὰρ
1097 808 1253 860 αὐτὸν
1282 809 1585 879 δραξαμένη
1611 811 1710 878 τῆς

186 897 350 964 κόμης
371 897 642 966 ἀνήρπασε
675 897 957 964 φεύγοντα.
991 898 1083 949 καὶ
1106 898 1390 966 περίοπτον
1415 900 1713 968 ἀνήρτησεν

185 988 271 1038 ἐπὶ
318 987 606 1055 μετεώρου,
659 989 786 1039 πᾶσι
831 988 926 1054 τῆς
965 987 1193 1038 ἐκδικεῖν
1243 987 1513 1040 ἐθέλουσιν
1562 986 1712 1052 ὓϐριν

188 1076 528 1144 φιλοστόργου
554 1077 756 1144 πατρὸς
781 1077 858 1136 είς
880 1076 1086 1144 σφαγὴν
1114 1076 1379 1144 προδοῦσα
1408 1077 1712 1146 πρόχειρον,

188 1165 274 1216 καὶ
328 1164 549 1232 ἀμύνειν
595 1164 767 1231 ἑαυτῷ
814 1163 1101 1231 δυνάμενον
1143 1165 1358 1233 ἣκιστα,
1417 1164 1568 1227 ἀξίαν
1615 1166 1716 1232 τῆς

188 1253 374 1318 ἀλόγου
421 1253 809 1322 ἐπιχειρήσεως
849 1252 1049 1319 ταύτην
1086 1252 1350 1304 δεδωκότα
1380 1253 1476 1321 τὴν
1505 1252 1714 1322 ποινὴν,

187 1342 243 1396 τὸ
274 1340 594 1409 προδοθῆναι
638 1340 786 1407 παρὰ
831 1340 922 1392 τοῦ
955 1341 1181 1409 ἀψύχου,
1229 1330 1335 1393 καῖ’
1352 1342 1542 1408 ἀλόγου
1586 1343 1718 1411 πρὸς

189 1432 339 1494 φόνον
369 1428 555 1497 φυτοῦ.
585 1429 704 1490 Πῶς
732 1431 764 1480 ὁ·
782 1429 978 1482 Γεδεὼν
1005 1434 1097 1482 σὺν
1120 1434 1228 1493 τοῖς
1271 1432 1595 1500 τριακοσίοις
1623 1447 1718 1484 πε-

187 1518 293 1579 ζοῖς
316 1517 458 1576 ἔθνος
485 1518 602 1570 ὅλον
629 1518 732 1570 τῶν
754 1519 1114 1588 Μαδιηναίων,
1140 1520 1307 1588 ἄμμῳ
1328 1520 1412 1572 διὰ
1438 1520 1496 1572 τὸ
1526 1520 1722 1589 πλῆθος

193 1604 567 1672 παρεικασθὲν,
605 1606 798 1674 ἡϐηδὸν
832 1607 1186 1671 κατέκτεινεν,
1216 1608 1314 1658 οὐκ
1339 1607 1581 1677 ἐσχηκώς
1626 1625 1720 1660 πο-

190 1691 276 1743 θεν
305 1691 521 1759 εβλογον
544 1695 810 1764 πρόφασιν
838 1695 1144 1764 συμϐολῆς,
1194 1697 1389 1747 Ἐποίει
1417 1696 1521 1765 γάρ
1557 1698 1616 1749 τὸ
1645 1697 1721 1746 εί·-

191 1782 280 1841 κὸς
324 1781 651 1851 ὁλοσχερῶς,
691 1783 782 1835 καὶ
823 1786 887 1852 τῇ
929 1783 1214 1852 ἐνθυμήσει
1252 1785 1349 1850 τὴν
1389 1783 1720 1853 ἐπιχείρησιν

188 1869 270 1922 διὰ
291 1869 349 1921 τὸ
374 1869 481 1922 τῶν
526 1872 987 1940 ἀντιτεταγμένων
1034 1873 1232 1942 πλῆθος
1275 1872 1595 1939 ὰτόλμητον,
1648 1871 1719 1940 μὴ

189 1960 282 2024 τῆς
326 1957 620 2027 διηγήσεως
663 1958 753 2010 τοῦ
783 1960 1053 2027 ὁράματος
1097 1959 1522 2027 παρορμησάσης
1565 1960 1723 2012 αὑτὸν

193 2043 281 2094 lui
309 2043 368 2096 τὸ
397 2046 696 2112 πρόθυμον.
734 2046 806 2097 Οὐ
835 2045 1108 2098 δειλιῶντα
1135 2046 1294 2096 αὑτὸν
1328 2047 1419 2096 καὶ
1463 2033 1737 2115 παρειμέέ

193 2146 275 2180 νον
327 2131 619 2183 ἐπακοῦσαι
660 2131 914 2187 διαϐάντα
958 2132 1036 2194 είς
1079 2131 1174 2200 τὴν
1218 2133 1565 2201 παρεμϐολὴν,
1619 2133 1724 2185 τῶν

193 2216 458 2286 πολεμίων
480 2217 510 2269 ὁ
541 2217 672 2279 Θεὸς
711 2219 1098 2288 προετρὲῖζιατο,
1137 2219 1339 2276 ἐκεῖθεν
1365 2220 1604 2279 δεδωκὼς
1629 2223 1724 2274 αύο

191 2304 264 2372 τῷ
285 2304 343 2358 τὸ
364 2304 603 2375 θαρρεῖν,
630 2309 737 2358 ἔπε’
949 2308 1201 2371 πεποιθὸς
1225 2305 1366 2377 εῖχεν
1392 2312 1453 2362 ἐκ
1478 2310 1724 2374 πίστεως,

191 2395 406 2463 ᾷπιιρος
439 2393 516 2447 ὢν
546 2411 727 2465 συμμσ
747 2396 856 2462 ,νίας
873 2397 1045 2462 ξλεοῦς
1073 2416 1092 2450 ι
1116 2400 1292 2466 Μαγ“ις
1324 2399 1448 2469 γὰρ,
1480 2402 1734 2471 ἤκουσεν,

193 2483 363 2552 ἄρτων
396 2483 670 2560 κριθίνων,
702 2485 1055 2553 διηγουμένου
1084 2487 1214 2556 δναρ
1251 2490 1412 2552 τινὸς,
1438 2491 1724 2560 κυλιομένη

195 2549 639 2641 κατέπρειτθῶς
664 2549 862 2642 σκηνάς
884 2549 990 2625 τῶν
1012 2549 1366 2633 Μαδιανιτῶν.
1447 2579 1553 2629 Καὶ
1573 2549 1726 2630 άλλού

198 2659 349 2711 πάλιν
370 2660 646 2722 εὐσκόποις
670 2661 766 2728 τὴν
792 2659 1072 2729 σύγκρισιν
1098 2662 1409 2730 φράζοντος,
1439 2665 1530 2714 καὶ
1553 2665 1729 2730 λέγον-

197 2764 297 2808 τος.
339 2748 435 2818 τὴν
467 2749 733 2818 ῥομφαίαν
768 2746 904 2804 εἶναι
939 2751 1091 2803 τοῦτο
1130 2751 1221 2804 τοῦ
1253 2753 1452 2806 Γεδεὼν
1473 2794 1486 2814 ,
1515 2755 1729 2822 καὶτῆς

199 2835 309 2903 μετ’
336 2837 497 2888 αὐτοῦ
545 2840 818 2907 στρατιᾶς,
851 2840 944 2891 καὶ
980 2842 1172 2909 ἀνέστη
1208 2842 1337 2910 πρὸς
1382 2842 1566 2898 ἐλπίδα
1597 2861 1729 2914 χρη-

147 2981 149 2983 ,
199 2924 318 2992 στῆν
348 2925 410 2975 ὲκ
433 2924 530 2992 τῆς
561 2925 746 2992 ἀκοῆς,
774 2925 852 2995 τῷ
875 2928 1177 2996 φρονήματι
1197 2928 1256 2979 τὸ
1284 2929 1492 2990 εὐτελὲς
1530 2930 1620 2981 τοῦ
1652 2932 1731 2982 ol-

198 3013 338 3069 κείου
382 3012 610 3082 στρατοῦ
656 3015 780 3076 τοὺς
810 3016 1081 3084 κριθίνους
1133 3019 1483 3087 λογισάμενος
1513 3020 1545 3072 ἄ

197 3099 245 3152 οἳ
268 3099 570 3167 κυλιόμενοι
627 3102 724 3170 τήν
768 3104 1113 3175 παρεμϐολὴν
1145 3106 1460 3176 ἀλοήσουσιν
1503 3109 1730 3178 ἀπονητὶ

198 3187 297 3240 τῶν
346 3187 569 3259 ἐχθρῶν,
630 3191 729 3244 οὐκ
784 3193 933 3244 αὐτοὶ
973 3195 1303 3262 χειρούμενοι
1349 3196 1406 3246 τὸ
1447 3197 1729 3248 ἀντίπαλον

200 3277 364 3347 elui;
389 3281 548 3348 χειρὶ,
572 3280 943 3350 ὲνεργούμενοι
965 3283 1016 3333 δὲ
1040 3284 1134 3351 τὴν
1168 3286 1314 3351 ἰσχὺν
1341 3286 1483 3351 πάρᾶ
1506 3289 1599 3352 τῆς
1635 3302 1726 3335 κυ-

198 3363 406 3432 λιούσης
450 3367 664 3432 αὐτοὺς,
711 3370 804 3420 καὶ
847 3371 1206 3439 τροχαζούσης
1253 3372 1396 3432 θείας
1429 3373 1724 3441 δυνάμεως.

210 3453 417 3524 Ἐπειδὴ
468 3457 530 3505 τὸ
604 3456 915 3524 κυλιόμενον
969 3459 1113 3511 δοκεῖ
1173 3460 1269 3528 μὲν
1326 3462 1577 3530 πλήττειν
1638 3465 1728 3514 καί

200 3541 410 3609 θραύειν
457 3545 516 3597 τὸ
549 3545 896 3614 πατούμενον,
953 3549 1125 3601 αἰτίαν
1158 3550 1213 3602 δὲ
1251 3550 1452 3603 τούτων
1488 3551 1601 3622 ἔχει,
1639 3547 1757 3622 τῆν’

199 3630 286 3682 τοῦ
309 3632 577 3696 κυλίοντος
601 3636 695 3688 καὶ
728 3637 954 3700 εὐτόνως
990 3638 1250 3702 ὠθοῦντος
1281 3640 1526 3709 δύναμιν.

200 3752 306 3801 ctn.

1809 635 2130 702 probabilem
2163 636 2374 686 reddere
2404 649 2505 686 non
2541 641 2739 699 posset,
2780 647 2899 686 cum
2925 631 3335 701 unumquodque

1811 723 2144 784 miraculum,
2193 732 2244 775 et
2301 723 2541 786 rationis,
2593 731 2645 775 et
2689 721 2949 774 orationis
2984 736 3192 772 omnem
3247 724 3337 772 ca-J

1811 821 1956 878 ptnnt
2016 795 2359 878 exsuperet?
2453 810 2732 874 Quomodo
2800 820 2976 863 autem
3024 810 3335 877 parricidam

1810 899 2126 951 Absalonetn
2166 897 2460 966 tyrannidis
2519 904 2666 950 reum
2711 910 2835 948 com
2851 897 2938 950 icit
2974 897 3132 949 nullis
3171 897 3339 948 homi-

1813 1003 1938 1040 num
1974 975 2214 1040 mattibus
2244 983 2686 1054 apprehensum"!
2719 987 2847 1038 Nam
2880 1002 3108 1054 quercus
3139 986 3341 1053 fugien-

1813 1086 1916 1127 tent
1953 1076 2124 1142 ipsum
2173 1075 2614 1141 comprehensum
2654 1087 2864 1127 sursum
2900 1075 3098 1141 rapuit,
3129 1082 3179 1124 et
3215 1086 3342 1125 con-

1814 1173 2055 1238 spicuum
2089 1171 2228 1224 edito
2254 1170 2304 1222 in
2347 1173 2466 1224 loco
2490 1171 2789 1239 suspendit,
2822 1170 3138 1237 cunctisque
3170 1170 3344 1222 indul-

1815 1260 2114 1331 gentissimi
2180 1261 2344 1326 patris
2409 1260 2656 1329 injuriam
2725 1259 2995 1314 vindicare
3045 1259 3345 1312 volentibus

1818 1362 2145 1418 promptum,
2207 1352 2558 1417 paratumque
2611 1349 2677 1402 ad
2725 1349 2918 1403 caedem
2953 1349 3218 1416 exposuit,
3242 1348 3348 1401 sui-

1817 1453 1920 1516 que
1972 1439 2277 1492 defensione
2320 1439 2581 1505 privatum
2635 1439 2849 1507 dignam
2907 1440 3080 1491 insani
3122 1448 3345 1491 conatus

1821 1532 1961 1585 hanc
2001 1543 2215 1597 penam
2261 1530 2565 1598 persolvere
2595 1531 2788 1598 coegit,
2843 1537 2899 1582 ut
2947 1532 3257 1595 proderetur
3282 1530 3352 1581 ab

1819 1617 2066 1671 exattima
2096 1618 2356 1686 brutaque
2385 1618 2561 1686 planta
2590 1617 2656 1670 ad
2683 1631 2865 1670 necem
2899 1616 2962 1667 ‘°.
2988 1614 3102 1678 Qua
3143 1617 3350 1667 ratione

1820 1707 2035 1761 Gedeon
2077 1724 2200 1763 cum
2248 1709 2497 1762 trecentis
2523 1707 2789 1775 peditibus
2818 1706 3117 1759 universam
3154 1705 3350 1757 Madia-

1821 1801 2051 1850 nitarutn
2099 1808 2309 1867 gentem
2367 1812 2541 1850 arente
2567 1811 2681 1865 pra:
2713 1795 3053 1849 multitudine
3084 1794 3353 1847 assimila-

1822 1898 1926 1940 tam
1966 1905 1995 1940 a
2049 1889 2328 1954 pubertate
2372 1901 2543 1954 usque
2587 1886 2953 1945 interficiendo
2982 1885 3194 1948 delevit,
3229 1899 3351 1938 cum

1822 1977 1964 2030 nulla
1991 1990 2086 2030 eos
2113 1977 2464 2044 undecunque
2491 1975 2774 2028 adoriundi
2801 1975 3011 2028 occasio
3038 1989 3154 2028 sese
3177 1983 3354 2027 osten-

1820 2066 2166 2120 deret?Nant
2217 2082 2303 2120 res
2352 2065 2642 2118 universim
2683 2064 3025 2133 considerata
3080 2079 3145 2116 ne
3186 2064 3351 2116 animi

1822 2156 2036 2224 quidem
2093 2156 2412 2223 cogitatione
2437 2153 2506 2207 ob
2537 2153 2774 2222 ingentes
2818 2151 3240 2204 adversariorum
3264 2163 3354 2202 co-

1825 2248 1937 2314 pias
1966 2253 2167 2299 tantum
2201 2245 2396 2298 audere
2429 2242 2636 2297 facinus
2677 2241 3046 2311 permittebat,
3070 2253 3240 2306 neque
3265 2233 3372 2291 ado'

1826 2336 1931 2387 huc
1960 2334 2195 2388 narratio
2243 2333 2434 2388 somnii
2491 2332 2821 2386 lidentiorem
2858 2344 2979 2383 eum
3020 2327 3355 2381 reddidisset.

1824 2422 2010 2476 Nonne
2041 2422 2436 2486 formidantem,
2478 2429 2529 2473 et
2573 2419 2638 2472 ad
2667 2418 3022 2472 obediendum
3057 2413 3355 2482 segniorem

1825 2508 1964 2564 Deus
1989 2513 2100 2578 ipse
2117 2511 2171 2563 in
2186 2511 2416 2563 hostium
2443 2520 2615 2563 castra
2634 2508 2952 2562 descendere
2969 2504 3148 2574 jussit,
3167 2494 3357 2556 exinde

1825 2599 2106 2650 audaciam
2163 2599 2262 2664 ipsi
2315 2600 2571 2661 tribuens,
2624 2611 2785 2664 quam
2832 2595 2962 2648 fides
2993 2594 3091 2662 ipsi
3116 2593 3354 2646 nondum

1825 2698 2043 2754 experto
2088 2687 2319 2740 divinam
2377 2702 2528 2754 opem
2582 2686 2734 2754 quasi
2787 2686 3036 2739 socialem
3084 2684 3357 2753 negabat?
3412 2738 3414 2740 ,

1825 2776 1957 2830 Nam
1987 2777 2166 2831 nescio
2200 2791 2308 2845 quo
2343 2776 2610 2829 somnium
2658 2790 2813 2830 suum
2871 2783 3150 2828 enarrante
3170 2773 3386 2842 audiit,“

1834 2884 1852 2916 ι
1893 2864 2087 2918 Mactra
2135 2880 2330 2933 panum
2382 2865 2798 2918 hordeaceorum
2841 2864 3120 2932 provoluta
3174 2862 3360 2915 evertit

1828 2964 2006 3008 castra
2053 2953 2658 3008 Madianitarum“.rEt
2677 2968 2796 3006 cum
2842 2953 2978 3005 alius
3003 2966 3189 3004 rursus
3229 2949 3359 3003 satis

1551 3037 1731 3113 ρτθυῖξ
1757 3050 1796 3104 C
1830 3057 1950 3113 apte
1980 3047 2428 3111 comparationem
2457 3044 2611 3095 istam
2637 3042 2912 3108 explicans
2950 3040 3193 3102 dixisset,
3218 3037 3360 3090 hunc

1828 3147 1948 3186 esse
1983 3132 2214 3199 gladium
2266 3130 2548 3189 Gedeonis,
2592 3137 2643 3179 et
2666 3128 2930 3180 exercitus
2960 3126 3107 3192 ejus:
3143 3115 3358 3191 ipse'ea

1830 3217 2131 3270 narratione
2162 3216 2336 3268 audita
2376 3217 2424 3266 itt
2456 3216 2646 3267 bonam
2675 3229 2818 3280 spent
2847 3214 2995 3281 181
3027 3222 3234 3265 erectus
3257 3221 3357 3275 est,

1829 3304 2116 3372 prudenter
2179 3304 2471 3370 conjiciens
2517 3304 2828 3356 tenuitatem
2848 3303 2944 3354 ‘sui
2975 3282 3240 3354 exercitus
3269 3315 3360 3367 pa-

1831 3395 1988 3450 nibus
2014 3395 2120 3450 illis
2149 3394 2459 3447 hordeaceis
2509 3393 2818 3461 significari,
2855 3393 2944 3460 qui
2972 3390 3234 3460 provoluti
3265 3391 3360 3442 ho—

1837 3483 1997 3537 stium
2024 3491 2200 3538 castra
2229 3482 2374 3536 nullo
2397 3482 2577 3535 labore
2605 3482 2913 3550 dissipaturi
2943 3490 3143 3545 essent,
3193 3495 3362 3548 neque

1837 3572 1887 3625 id
1922 3588 2080 3625 manu
2125 3581 2368 3624 conserta
2405 3587 2526 3624 cum
2582 3571 2816 3624 inimicis
2859 3572 3094 3637 propria,
3121 3569 3212 3622 sed
3252 3569 3362 3622 vol.-

1835 3671 1988 3713 vente
2037 3661 2198 3726 ipsos,
2261 3668 2420 3725 atque
2458 3665 2668 3710 rotante
2709 3659 2902 3710 divina:
2935 3659 3142 3709 virtutis
3175 3657 3360 3709 instin-

407 3744 613 3799 Etenim
655 3743 809 3815 quod
873 3748 1114 3810 volvitur,
1154 3749 1308 3801 obvia
1352 3763 1574 3815 qumque
1614 3748 1917 3814 percellere,
1946 3756 2102 3813 atque
2157 3745 2387 3814 afﬂigere
2459 3743 2672 3801 videtur
2727 3744 2868 3797 :sed
2935 3758 3094 3799 causa
3141 3745 3254 3813 ejus
3284 3749 3358 3800 rei

203 3834 254 3896 in
280 3835 442 3900 illius,
472 3836 568 3904 qui
592 3837 887 3902 convolvit,
916 3847 1073 3903 atque
1112 3836 1376 3903 protrudit
1397 3838 1611 3917 acriter,
1638 3836 1825 3890 robore
1851 3835 2110 3890 consistit.

787 3928 1030 3980 ΚΕΦΑΛ.
1069 3930 1148 3982 ιιι.

533 4034 666 4102 Περὶ
697 4035 952 4102 Σαμψὼν
993 4036 1087 4087 καὶ
1131 4037 1395 4096 Ἐζεκίου.

266 4139 432 4202 Πῶςδ
477 4141 709 4209 Σαμψὼν
746 4144 945 4210 χιλίους
990 4145 1206 4206 ὁπλίτας
1243 4147 1397 4212 μόνος
1427 4147 1484 4196 ὲν
1529 4157 1732 4211 σιαγονι

203 4229 486 4282 κατέϐαλεν
512 4229 652 4290 ὖτνου,
692 4234 784 4283 καὶ
809 4234 1036 4302 διψήσας
1069 4237 1130 4284 ἐκ
1158 4233 1250 4285 τοῦ
1286 4235 1450 4284 κόπου
1494 4236 1590 4303 τῆς
1626 4235 1726 4302 μά-

2405 3922 2628 3979 CAPUT
2662 3922 2791 3978 VIII.

2175 4036 2246 4089 De
2277 4036 2526 4089 Samson:
2580 4043 2733 4102 atque
2774 4032 3034 4087 Esca/tia-

1900 4146 2014 4211 Quo
2043 4155 2196 4213 pacto
2219 4145 2444 4197 Samson
2476 4143 2616 4196 mille
2641 4123 2876 4195 armatos
2899 4140 3046 4195 solus
3071 4141 3208 4194 asmi
3245 4155 3328 4194 ma

1831 4236 1952 4287 xilla
2017 4231 2293 4300 percussit,
2346 4239 2398 4283 et
2429 4245 2550 4282 eum
2586 4229 2810 4284 sitiisset
2842 4243 2872 4284 e
2897 4229 3208 4283 certaminis
3231 4243 3360 4282 con-

201 4331 313 4381 χης,
348 4316 581 4385 οὐδαμοῦ
633 4317 840 4378 λιϐάδος
888 4321 1229 4388 φαινομένης,
1273 4322 1332 4372 οὐ
1377 4321 1633 4384 πίδακος,
1667 4325 1725 4373 ὲκ

1831 4325 2062 4376 tentione
2094 4321 2333 4374 defessus
2384 4321 2527 4372 nulla
2562 4334 2787 4388 usquam
2826 4320 3172 4388 scaturigine,
3216 4319 3360 4371 nullo

207 4405 324 4468 μιᾶς
358 4404 454 4485 τῇς
486 4406 726 4470 σιαγόνος
763 4406 929 4475 μύλης
962 4407 1083 4476 ἔσχε
1117 4409 1277 4477 ραγὲν
1306 4408 1532 4475 ἄφθονον
1556 4412 1698 4479 νᾶμα
1719 4427 1732 4441 ο

201 4494 286 4560 τὴν
324 4494 492 4562 αὐτὴν
532 4495 624 4547 καὶ
659 4495 814 4548 ὅπλον
866 4496 1144 4548 κατὰ¹τῶν
1183 4497 1486 4565 ἀλλοφύλων
1533 4499 1732 4565 λαϐὼν,

201 4584 284 4633 καὶ
319 4583 503 4653 πηγὴν
535 4585 613 4647 εἰς
643 4585 826 4638 ἄκεσιν
864 4586 955 4638 τοῦ
993 4587 1256 4648 θλίϐοντος
1293 4589 1427 4657 μετὰ
1456 4590 1550 4658 τὴν
1582 4591 1733 4658 νίκην

201 4671 353 4732 αὐτὸς
404 4672 586 4740 δίψους
632 4675 958 4744 εὐράμενοςς
997 4675 1117 4736 Πῶς
1173 4677 1432 4740 Ἐζεκίας,
1485 4679 1601 4730 οὐδὲ
1636 4682 1731 4747 τὴν

200 4757 312 4821 δῷιν
345 4761 577 4826 ἐνεγκὼν
595 4763 686 4820 τοῦ
722 4764 996 4833 Ἀσσυρίου
1027 4765 1254 4832 στρατοῦ
1276 4766 1604 4832 καλύψαντος
1633 4768 1728 4834 τὴν

201 4846 562 4915 πορθουμένην
584 4851 791 4920 ἀθρόως
821 4853 985 4922 βύζην
1013 4854 1222 4906 ἃπασαν
1246 4854 1369 4922 γῆν,
1399 4855 1532 4907 οἴκοι
1564 4872 1727 4923 προσ-

203 4933 500 5004 ευχόμενος,
549 4941 770 5006 νεκροὺς
811 4943 984 4995 ἐπεῖδε
1023 4942 1162 5012 πρωῒ
1188 4944 1247 4995 ού
1274 4943 1397 5012 δόρυ
1431 4944 1629 5007 σείσας,
1663 4945 1720 4995 ού

203 5024 383 5094 θυρεὸν
420 5024 840 5094 προϐαλλόμενος
862 5070 874 5091 ,
905 5033 964 5081 οὐ
1001 5032 1158 5096 τόξον.
1177 5032 1411 5092 ἐντείνας
1436 5070 1448 5092 ,
1483 5032 1541 5083 ού
1578 5031 1726 5098 ξίφος

114 5167 118 5170 η
206 5115 731 5184 μεταχειρισάμενος,
771 5117 867 5167 οὐκ
900 5119 1025 5170 ἄλλο
1055 5138 1103 5171 τι
1137 5122 1421 5189 πολεμικὸν
1472 5120 1730 5184 ἐπιδειξά-

179 5235 183 5239 ~
207 5221 352 5273 μενο,
373 5202 548 5273 ἔργον,
572 5205 686 5266 ἑνὸς
713 5205 937 5271 ἀγγέλου
968 5209 1049 5272 ἐφ’
1081 5211 1156 5259 ἐνὶ
1176 5211 1470 5279 συνθήματι
1496 5209 1583 5261 τὸν
1611 5226 1732 5262 τοσν⁴

203 5295 350 5347 οὖτον
392 5294 563 5364 ἡσυχῆ
613 5294 900 5364 δράσαντος
957 5297 1130 5363 φόνον,
1176 5301 1265 5350 καὶ
1307 5301 1406 5353 οὐκ
1458 5297 1731 5361 ἀνελόντος

193 5384 294 5456 μὲν
330 5383 570 5442 ἅπαντας
608 5382 689 5450 (ού
728 5389 834 5451 γὰρ
873 5379 933 5452 ἦν
969 5385 1162 5445 σκοπὸς
1211 5385 1498 5454 αὔτανδρον
1547 5385 1728 5437 ὀλέσαι

204 5471 256 5522 τὸ
284 5470 472 5540 ἔθνος),
502 5468 772 5530 τοσούτους
803 5470 877 5532 δὲ,
904 5471 1014 5521 ὅσοι
1041 5471 1198 5537 φόϐον
1223 5476 1328 5534 τοῖς
1345 5473 1555 5534 οἰκείοις
1587 5477 1719 5543 πρὸς

268 5583 312 5612 ⁸⁸
346 5579 524 5648 "Reg.
566 5595 707 5640 uti,
757 5578 838 5631 l9.
912 5579 952 5607 ⁸⁸
993 5578 1030 5630 ll
1065 5578 1189 5644 Reg.
1244 5595 1399 5643 svnt,
1441 5581 1472 5632 9
1514 5595 1594 5648 sq.
1639 5580 1678 5609 “
1712 5575 1882 5641 Judic.
1925 5593 2013 5640 \‘Il,
2064 5575 2082 5625 l
2122 5591 2267 5642 seqq.

1834 4412 2002 4466 rivulo
2033 4419 2337 4478 apparente,
2372 4425 2436 4463 ex
2469 4425 2573 4464 uno
2601 4409 2826 4463 maxillae
2862 4409 3017 4462 dente
3059 4408 3245 4460 molari
3283 4410 3357 4458 la—

1835 4501 1989 4554 ticem
2019 4513 2168 4566 aqua:
2223 4497 2365 4564 large
2395 4506 2823 4564 prorumpentem
2883 4494 3091 4556 hausit;
3121 4492 3356 4543 eamdem

1832 4588 2032 4640 scilicet
2057 4595 2107 4638 et
2143 4587 2300 4659 tel'ntu
2340 4587 2599 4638 adversus
2637 4583 2965 4651 alienigenas
2998 4581 3276 4646 arripiens,
3308 4590 3357 4629 ct

1832 4677 2027 4728 fontem
2068 4677 2132 4727 ad
2196 4675 2452 4727 medelam
2511 4673 2649 4737 sitis,
2707 4687 2830 4740 qua.
2857 4671 3197 4748 premebatur
3240 4679 3360 4735 post

1831 4767 2134 4829 victoriam,
2197 4776 2382 4817 nactus
2407 4765 2448 4794 θ’
2473 4765 2494 4815 ?
2521 4762 2800 4827 Quomodo
2854 4759 3102 4811 Ezechias
3143 4771 3264 4810 cum
3291 4773 3358 4811 ne

1831 4864 2099 4921 aspectum
2127 4853 2338 4919 quidem
2368 4852 2571 4919 Assyrii
2601 4849 2863 4902 exercitus
2897 4855 3057 4898 totam
3089 4846 3356 4912 regionem

1830 4943 2146 5010 p‘raadatorin
2166 4940 2374 5007 agmine
2397 4931 2678 4991 confertim
2706 4937 2994 4988 addensato
3033 4937 3359 5004 contegendis

1829 5033 2136 5092 sustineret,
2170 5028 2349 5080 domui
2387 5041 2493 5079 sua:
2521 5039 2750 5078 exorans
2780 5041 2936 5078 mane
2958 5035 3198 5078 mortuos
3230 5038 3355 5074 eon-

1830 5123 2022 5188 spexit,
2082 5131 2254 5184 neque
2297 5116 2503 5168 hastam
2536 5114 2785 5179 vibravit,
2819 5107 2990 5184 neque
3015 5124 3222 5167 scutum
3258 5111 3354 5163 oh-

1823 5211 1970 5278 jecit,
2031 5221 2129 5259 nec
2185 5218 2369 5256 arcum
2423 5204 2665 5266 tetendit,
2723 5220 2895 5273 neque
2925 5203 3354 5271 gladiumntanu

1828 5297 2061 5358 strinxit,
2098 5306 2273 5360 neque
2301 5291 2444 5344 aliud
2469 5307 2602 5360 opus
2635 5294 2864 5348 militare
2891 5282 3051 5342 ullum
3082 5286 3354 5340 exhibuit:

1831 5401 1968 5439 unus
2022 5390 2198 5434 autem
2247 5381 2472 5448 angelus
2534 5383 2700 5436 unica.
2742 5380 2882 5431 velut
2928 5387 3127 5430 tessera
3157 5385 3356 5431 tantam

1823 5471 2018 5524 cal-dem
2052 5471 2165 5521 sine
2213 5469 2432 5536 strepitu
2495 5470 2674 5526 edidit,
2715 5480 2886 5534 neque
2934 5466 3197 5518 interemit
3237 5467 3356 5519 uni-

2345 5576 2386 5605 ⁸³
2437 5573 2605 5625 Jndic.
2631 5572 2791 5628 vnﬂl
2823 5585 2970 5641 seqq.
