4076 6338
155 405 238 464 tet
310 366 317 371 ’
1257 384 1698 461 ΡΕιιιδΤἘιιιΑ

1775 401 2057 460 ’ΞΕΕΤΙΟ
2083 403 2183 460 XI.

3206 396 3310 458 932

157 511 384 579 ετουθὴν,
418 512 512 562 καὶ
534 513 600 563 τὰ
629 509 1018 576 κατορθώματα
1052 510 1397 576 ἱξαγγὲλλων,
1437 513 1663 570 καὶτοῖς
1692 545 1705 574 λ

1775 527 1957 576 passos
2001 525 2140 573 esse,
2172 519 2224 564 et
2269 525 2390 562 cum
2433 509 2664 570 discunt.
2706 518 2760 561 ut
2789 509 2906 562 aliis
2939 509 3064 561 olim
3110 521 3305 559 evene-

153 600 342 653 δηιούσι
367 603 705 668 καυχήμασιν
735 601 794 652 ού
832 600 1160 667 συνεπαίρων
1194 601 1252 650 το
1280 601 1547 669 φρόνημα,
1575 600 1642 668 μό

153 709 209 758 νῃ
249 690 298 740 δὲ
347 689 625 757 προσέχων
666 690 729 756 τῇ
764 687 870 740 τῶν
906 686 1109 738 πολλῶν
1154 687 1402 756 ὠφελείᾴ,
1427 689 1523 740 καὶ
1565 689 1666 755 ἒμ-

153 778 638 846 πραγματευόμενος
694 774 848 828 τοῦτο
897 776 957 827 τὸ
1002 775 1250 847 ζηλωτὰς.
1287 776 1529 838 ἅπαντας
1571 778 1663 845 ἑρ-

151 865 413 930 γάζεσθαι.
449 865 542 916 τοῦ
599 865 792 928 καλοῦ,
858 868 948 919 καὶ
1010 864 1164 922 ἄλλον
1218 860 1376 918 ἄλλου
1440 868 1499 918 ὲν
1555 868 1664 929 τοῖς

1766 611 1910 663 runt,
1959 615 2077 669 quae
2129 616 2272 652 nunc
2323 601 2452 667 ipsis
2511 601 2847 667 conitingunt,
2888 597 3195 664 erudirique
3240 611 3304 650 ea

1765 689 1902 742 ferre
1935 704 2151 757 quoque
2185 690 2466 757 patienter,
2501 704 2564 741 ex
2596 702 2702 756 quo
2732 688 3014 740 audierunt
3052 686 3185 737 alios
3213 699 3303 736 ea-

1763 778 1882 830 dem
1927 791 2180 845 generose
2226 778 2548 844 pertulisse;
2579 779 2827 844 evulgare
2867 777 2984 827 ideo
3028 789 3088 827 ea
3123 778 3301 830 audet.

1765 883 1883 936 quae
1919 868 2127 919 occulta
2157 881 2274 918 esse
2303 866 2498 917 obnixe
2535 867 2803 926 studebat,
2834 865 2958 916 dum
2986 872 3037 914 et
3064 878 3173 914 suae
3202 862 3305 912 vir-
3345 905 3350 908 .

153 955 276 1023 ὑπὲρ
323 956 421 1023 τῆς
470 953 745 1017 εὐσεϐείας
800 954 1057 1019 κινδύνοις
1113 955 1332 1025 ποιῆσαι
1386 954 1661 1024 φιλοτιμό-

1775 961 1896 1013 tutis
1926 970 2196 1012 momenta
2234 959 2530 1021 denuntiat,
2556 965 2609 1008 et
2631 960 2783 1012 "vanae
2814 955 3150 1026 gloriationis
3188 966 3307 1019 8pc-

149 1059 309 1109 τερον.
323 1053 328 1058 ’

1766 1049 1846 1100 rie
1880 1063 1984 1099 non
2026 1047 2232 1099 extollit
2261 1046 2533 1108 animum;
2570 1044 2659 1097 sed
2702 1043 2801 1096 soli
2838 1044 3125 1095 multorum
3158 1039 3306 1093 utili-

153 1134 238 1185 tati
261 1134 509 1194 consulit,
543 1145 596 1188 et
624 1138 689 1188 ad
717 1135 816 1189 hoc
847 1132 1004 1190 navat
1023 1150 1259 1204 operam,
1287 1144 1344 1189 ut
1369 1150 1555 1190 omnes
1590 1135 1664 1188 ad
1703 1137 2031 1205 operandum
2097 1136 2294 1188 bonum
2351 1135 2684 1189 aemulatione
2714 1134 2989 1197 accendat,
3034 1138 3086 1182 et
3123 1131 3185 1181 ad
3215 1141 3308 1197 pe-

153 1223 306 1276 ricula
348 1237 443 1289 pro
483 1223 677 1290 pietate
728 1222 969 1276 adeunda
1007 1223 1156 1276 alteri
1181 1217 1404 1277 alterum
1445 1223 1670 1278 honesta
1708 1225 2006 1279 committat
2037 1224 2342 1278 ambitioiie.

710 1335 955 1386 ΚΕΦᾹΛ.
995 1333 1090 1386 ll".

217 1444 306 1496 Διὰ
330 1443 482 1495 τοῦτο
511 1445 755 1512 καθάπερ
781 1461 861 1506 τις
889 1445 1091 1512 κομψὸς
1119 1445 1210 1496 καὶ
1240 1445 1504 1512 φιλόδοξος
1535 1446 1669 1512 μετὰ

155 1532 338 1599 πολλῆς
370 1531 678 1602 παρρησίας
714 1533 837 1591 τοὺς
875 1531 1033 1592 ἰδίους
1061 1531 1381 1599 διεξέρχεται
1417 1532 1668 1600 σεμνυνόο

2359 1330 2578 1386 CAPUT
2610 1303 2743 1382 xm.

1846 1443 1993 1497 lianc
2029 1444 2096 1498 ob
2134 1458 2350 1496 causam
2395 1443 2634 1504 ailinstar,
2671 1440 2905 1494 hominis
2951 1439 3205 1506 jactantis
3255 1448 3309 1489 et

1773 1534 2013 1605 gloriosi.
2048 1548 2170 1589 cum
2210 1534 2372 1586 multa
2415 1533 2658 1584 libertate
2691 1530 2969 1584 verborum
3004 1545 3097 1582 sua
3137 1532 3310 1580 certa-

158 1637 300 1689 μενος
326 1621 583 1684 ἄθλους,.ι
607 1622 692 1673 Ἐν
711 1621 916 1683 κόποις,
951 1620 1138 1686 λέγων,
1181 1623 1591 1693 περισσοτέρως,
1612 1623 1668 1672 ὲν
1701 1626 1705 1678 ι

1775 1627 1913 1678 mina
1962 1622 2260 1676 extollendo
2310 1628 2713 1678 commemorat.
2758 1638 2775 1668 ι
2809 1619 2865 1671 ln
2903 1617 3190 1679 laboribus,
3227 1616 3308 1666 in-

158 1710 386 1770 θανάτοις
423 1709 696 1771 πολλάκις,
727 1709 782 1760 ἐν
816 1707 955 1776 λιμῷ
998 1709 1088 1758 καὶ
1119 1709 1275 1776 δίψει,
1310 1711 1366 1760 ἐν
1388 1710 1548 1777 ψύχει
1581 1709 1674 1761 καὶ

157 1799 455 1868 γυμνότητι,
491 1801 548 1850 ὲν
573 1797 831 1859 κινδύνοις
872 1797 1146 1859 πολλάκις
1185 1801 1303 1868 τρὶς
1333 1798 1670 1868 ἐραϐδίσθην,

158 1889 289 1953 ἅπαξ
323 1888 628 1958 ἐλιθάσθην,
675 1889 793 1955 τρὶς
840 1889 1168 1956 ἐναυάγησα,
1203 1888 1538 1958 νυχθήμερον
1584 1907 1677 1942 πε-

159 1976 344 2044 ποίηκα
382 1979 439 2028 ὲν
483 1974 753 2044 τῷιβυθῷξ
792 1995 808 2024 ι
857 1975 991 2050 μετὰ
1027 1974 1116 2027 τοῦ
1156 1974 1435 2045 ἀληθεύειν
1467 1977 1675 2045 μεγάλα

157 2063 518 2133 φιλονεικήσας
558 2063 723 2125 δεῖξαι
753 2063 818 2114 τὰ
857 2064 1046 2116 ἑαυτοῦ
1092 2063 1500 2132 κατορθώματα.
1532 2066 1704 2126 ὅπως.

159 2152 244 2217 καὶ
263 2151 415 2219 ζῆλον
448 2155 722 2219 μιμήσεως
755 2152 945 2220 ἔχωσιν
975 2154 1024 2202 οί
1054 2135 1342 2218 φιλόπονοι,
1376 2153 1468 2203 καὶ
1497 2153 1571 2219 τῷ
1603 2152 1675 2221 μὴ

157 2238 360 2305 φθάνειν
382 2239 446 2290 τὰ
472 2236 654 2300 αὑτοῦ,
693 2239 1034 2306 μετριάζουσι
1062 2238 1136 2307 τῷ
1173 2241 1498 2308 φρονήματι,
1543 2240 1673 2291 πολὺ

158 2329 246 2395 τῆς
272 2328 472 2380 ἐκείνου
505 2328 988 2396 ὑπολιμπανόμενοι
1021 2329 1319 2397 aperite-El
1346 2321 1448 2397 γάρ
1474 2331 1562 2380 καὶ
1590 2329 1678 2380 αὑ·

157 2416 236 2476 τὸς
266 2415 386 2482 περὶ
414 2415 518 2467 τῶν
549 2414 667 2466 τότε
700 2417 882 2482 φησὶν,
910 2411 987 2476 οἷς
1020 2415 1174 2483 ἔργον
1211 2412 1276 2484 ἦν
1306 2417 1337 2484 ἡ
1367 2415 1495 2482 πρὸς
1519 2414 1675 2467 αὑτὸν

161 2503 344 2571 ᾇμιλλα
395 2503 506 2573 τῶν⁹
545 2503 744 2565 καλῶν,
771 2505 851 2556 ὅτι
892 2506 1266 2575 περισσότερον
1304 2507 1517 2556 πάντων
1559 2507 1678 2556 ἑκο-

161 2595 328 2646 πίασε·
362 2595 442 2670 τίς
467 2594 702 2662 αύχῆσαι
735 2595 989 2662 τολμήσει
1018 2595 1119 2645 τῶν
1156 2594 1247 2645 νῦν
1293 2595 1392 2663 τὴν
1423 2595 1556 2663 πρὸς
1580 2595 1676 2645 αὑ·-

159 2683 238 2734 τδν
273 2684 552 2752 ἰσοτιμίαν,
581 2686 668 2735 ὅτε
700 2684 760 2736 ού
795 2684 948 2752 μόνον
981 2685 1039 2735 τὸ
1070 2683 1269 2752 πρᾶξαι
1317 2685 1513 2744 ἐκεῖνα,
1546 2683 1679 2735 ἀλλὰ

159 2772 242 2823 καὶ
287 2773 344 2824 τὸ
395 2771 679 2824 πιστεῦσαι
724 2773 805 2823 ὅτι
851 2771 1159 2840 γεγένηται,
1188 2775 1296 2832 τοῖς
1326 2771 1532 2831 πολλοῖς
1565 2773 1676 2841 ἐστι

158 2860 430 2929 δυσχερές;
471 2879 488 2910 ι
524 2855 627 2913 Οἷά
658 2877 765 2927 μοι,
807 2859 965 2911 πάλιν
1000 2861 1178 2928 φησιν,
1210 2859 1449 2923 ἐγένοντο
1475 2861 1530 2908 ὲν
1552 2859 1684 2908 Ἀνοι

159 2950 366 3019 τιοχείᾳ,
391 2953 445 3002 ὲν
477 2949 698 3018 Ἰκονίῳ,
723 2951 860 3011 οἴους
879 2951 1143 3017 διωγμοὺς
1167 2949 1464 3017 ὑπήνεγκασ
1483 2947 1576 2998 καὶ
1608 2948 1671 2998 ὲκ

161 3038 358 3088 πὰντων
389 3054 453 3104 με
490 3037 752 3105 ἐρρύσατο
775 3039 800 3088 ὁ
826 3037 1044 3105 Κύριος·
1076 3055 1094 3085 ι
1123 3036 1218 3102 τὴν
1239 3036 1528 3100 ἐρῤὐσατο
1562 3048 1676 3100 φω-

161 3126 264 3196 νὴν,
303 3126 488 3194 δέλεαρ
517 3127 606 3178 τοῦ
645 3126 805 3194 ὁμόσε
842 3130 949 3187 τοῖς
975 3124 1234 3186 κινδύνοις
1259 3123 1669 3194 τεθαρρηκότως

161 3220 342 3286 χωρεῖν
369 3216 642 3278 τεθεικώς.
675 3216 791 3267 ’Ίνα
827 3216 1050 3276 ἕκαστος
1085 3215 1392 3284 προτροπὴν
1425 3215 1483 3266 τὸ
1517 3212 1678 3282 μηδὲν

162 3307 474 3359 κακοπαθεῖν
504 3309 560 3357 ὲν
585 3309 694 3366 τοῖς
728 3309 1042 3374 πειρασμοῖς
1067 3305 1220 3384 ἔχων,
1245 3303 1489 3374 εὐψύχως
1517 3320 1676 3370 προσ-

161 3395 296 3464 έλθῃ,
335 3396 425 3447 καὶ
466 3397 538 3462 μὴ
580 3393 795 3455 ὀκλάζοι
835 3394 908 3462 τῷ
947 3389 1111 3462 ἔργῳ,
1152 3393 1240 3444 τὸν
1275 3393 1386 3462 ἢδη
1417 3392 1676 3464 ρυσθέντα

160 3480 256 3532 τῶν
298 3483 551 3536 κινδύνων
607 3483 696 3534 τοῦ
733 3483 823 3534 καὶ
850 3481 1035 3536 ἑαυτοῦ
1067 3482 1384 3549 γενήσεσθαι
1421 3481 1560 3550 ὀρῶν
1592 3485 1676 3533 ὲνο

161 3573 338 3639 ἐχυρον
402 3571 714 3638 ἀξιόχρεων.
776 3569 882 3621 Καὶ
936 3565 1088 3629 αὖθις
1133 3568 1187 3619 δὲ
1233 3570 1366 3638 πρὸς
1416 3573 1540 3633 τοὺς
1596 3571 1680 3622 ev.

161 3660 429 3728 αιροῦντας
480 3661 788 3720 ἀνάστασιν,
819 3659 908 3709 καὶ
941 3658 1168 3725 ματαίαν
1225 3658 1539 3727 τιθεμένους
1583 3660 1678 3728 τὴν

162 3746 331 3799 ἐνθάδε
373 3747 761 3814 ταλαιπωρίαν,
793 3748 888 3798 οὐκ
926 3747 1070 3809 ὄντος
1117 3748 1304 3817 καιροῦ
1345 3741 1480 3817 μετὰ
1522 3748 1681 3800 θάνα-

162 3835 261 3904 τον,
295 3836 349 3884 ὲν
463 3835 570 3885 τῶν
601 3835 980 3900 πεπονημένων
1009 3829 1397 3888 ἀπολαύσουσιν
1435 3839 1483 3900 ol_
1516 3838 1681 3906 ἀθλή-

165 3940 356 3987 σαντες,
416 3923 822 3990 ἀποτεινόμενος
870 3917 968 3974 ὧδέ
1023 3923 1136 3983 πώς
1178 3940 1358 3990 φησιν⁹
1400 3942 1417 3973 ι
1453 3924 1514 3976 El
1545 3925 1681 3976 κατά

164 4014 432 4086 ᾇνθρωπον,
451 4014 848 4082 ἐθηριομάχησα
869 4014 924 4063 ὲν
956 4010 1178 4079 Ἐᾀέσῳ,
1200 4012 1251 4062 τί
1279 4028 1364 4080 μοι
1388 4012 1447 4063 τὸ
1470 4012 1676 4079 ὄφελος,

163 4101 205 4162 ti
233 4101 409 4169 νεκροὶ
446 4103 543 4152 οὐκ
574 4101 900 4170 ἐγείρονταις
942 4119 959 4150 ι
998 4102 1073 4168 Τῇ
1105 4103 1286 4171 μνήμῃ
1321 4103 1416 4170 τῆς
1451 4103 1558 4153 τῶν
1595 4120 1680 4155 νε-

1773 1703 1984 1782 quiens,
2036 1710 2413 1773 abundantius,
2473 1710 2524 1761 in
2575 1708 2833 1760 mortibus
2867 1705 3210 1772 frequenter,
3255 1704 3311 1756 in

1775 1801 1914 1855 fame
1951 1812 2004 1852 et
2050 1798 2169 1859 siti,
2203 1798 2255 1850 in
2298 1796 2491 1864 frigore
2530 1810 2592 1848 ac
2634 1794 2907 1856 nuditate,
2953 1794 3006 1845 in
3061 1792 3310 1858 periculis

1773 1891 1960 1945 crebro
1991 1908 2004 1944 :
2038 1876 2117 1941 ter
2140 1887 2302 1956 virgis
2330 1901 2500 1940 caesus
2520 1901 2660 1948 sum,
2687 1885 2848 1939 semel
2876 1882 3136 1951 lapidatus
3167 1895 3306 1942 sum,

1778 1978 1937 2047 188
1965 1988 2045 2030 ter
2087 1976 2420 2044 naufragium
2451 1959 2579 2036 feci,
2614 1984 2770 2027 nocte
2799 1984 2956 2042 atque
2984 1973 3066 2025 die
3094 1972 3147 2023 in
3186 1987 3309 2038 pro-

1773 2066 1940 2119 fundo
1961 2065 2123 2120 maris
2152 2063 2226 2116 fui
2257 2064 2322 2116 ’,³.
2364 2082 2382 2112 ι
2421 2061 2518 2115 Ubi
2553 2077 2674 2116 cum
2711 2061 2887 2116 atudio
2927 2059 3164 2113 veritatis
3197 2073 3310 2110 am-
3397 2063 3405 2068 ‘

1774 2155 1850 2206 bit
1879 2167 2053 2204 rerum
2083 2152 2176 2205 abs
2203 2166 2260 2203 se
2291 2159 2555 2218 gestarum
2590 2164 2653 2202 ac
2677 2158 3015 2202 strenuarum
3043 2147 3312 2214 magnitu-

1773 2242 1950 2295 dinem
1981 2247 2272 2300 ostentare,
2314 2248 2370 2290 ut
2399 2239 2488 2305 qui
2521 2237 2746 2290 libenter
2777 2236 2985 2288 labores
3014 2234 3300 2295 sustinent.

1776 2329 2006 2382 habeant
2038 2327 2177 2395 quod
2213 2326 2529 2380 armulentur
2558 2323 2836 2386 imitando,
2861 2333 2913 2389 et
2937 2324 3063 2376 dum
3099 2322 3165 2376 ad
3195 2322 3311 2390 ejus

1774 2419 2063 2484 certamina
2099 2432 2205 2470 non
2249 2418 2572 2484 pertingunt,
2624 2415 2864 2483 modeste
2919 2416 2984 2467 de
3019 2413 3132 2465 suis
3166 2428 3311 2465 sen-

1776 2511 1930 2572 tiant,
1960 2517 2140 2576 utpote
2177 2507 2332 2577 longe
2362 2508 2427 2558 ab
2454 2507 2593 2558 illius
2619 2505 2816 2567 virtute
2852 2503 3057 2556 remoti.
3103 2501 3310 2559 Etenim

1777 2601 1820 2653 si
1849 2608 1902 2652 et
1933 2600 2046 2666 ipse
2083 2599 2146 2652 dc
2171 2591 2295 2658 illis,
2322 2597 2409 2664 qui
2437 2611 2500 2649 eo
2527 2606 2760 2664 tempore
2789 2610 2909 2646 cum
2946 2607 3010 2645 eo
3042 2591 3312 2658 praeclaris

1777 2690 2028 2755 operibus
2057 2687 2276 2740 edendis
2301 2686 2708 2744 contendebant.
2741 2683 2833 2744 ait,
2866 2681 3006 2749 quod
3041 2676 3313 2732 abundan-

1778 2778 1884 2828 tius
1932 2775 2179 2826 omnibus
2225 2771 2548 2826 laboravit"
2583 2773 2742 2838 :quis
2779 2772 2888 2823 boc-
2906 2771 3091 2821 nostro
3117 2767 3312 2820 szecnlo
3400 2795 3404 2799 -

1779 2860 2067 2928 viventium
2099 2859 2316 2928 gloriari
2357 2860 2548 2912 audeat
2588 2847 2646 2912 se
2687 2857 2787 2925 ipsi
2817 2856 3040 2914 meritis,
3069 2865 3121 2906 et
3149 2854 3312 2923 gloria

1780 2951 2182 3018 comquandum,
2239 2951 2452 3017 quando
2493 2950 2590 3001 ista
2635 2964 2741 3001 non
2789 2948 2962 3000 solum
3015 2945 3177 3006 factu,
3226 2942 3315 2995 sed

1775 3041 1933 3093 etiam
1964 3041 2190 3098 creditu,
2214 3041 2354 3108 quod
2390 3039 2527 3092 facta
2558 3038 2773 3101 fuerint,
2808 3036 2988 3088 multis
3022 3033 3153 3087 dura
3193 3027 3318 3085 sunt

1776 3141 1827 3184 et
1869 3131 2139 3183 difﬁcilia?
2178 3149 2194 3180 ι
2231 3130 2418 3195 Qualia
2458 3131 2607 3195 mihi,
2642 3129 2714 3182 ait
2752 3127 2966 3186 iterum,
3013 3124 3148 3177 facta
3193 3130 3317 3175 sum

1778 3219 2077 3278 Antiochia
2120 3226 2170 3270 et
2212 3217 2403 3281 lmnii;
2428 3217 2610 3284 quales
2631 3215 3023 3282 persecutiones
3053 3206 3315 3266 Sustinui;

1775 3316 1827 3361 et
1848 3324 1912 3361 ex
1938 3307 2187 3359 omnibus
2211 3307 2406 3373 eripuit
2430 3320 2512 3357 me
2541 3304 2798 3356 Dominus
2825 3300 2891 3353 ⁸⁸.
2920 3319 2938 3350 ι
2981 3297 3078 3351 Ubi
3115 3310 3315 3355 vocem,

1775 3398 1981 3464 eripuit,
2017 3397 2156 3447 velut
2206 3410 2381 3447 escam
2436 3393 2499 3445 ad
2549 3392 2781 3458 pericula
2835 3387 3112 3442 subeunda
3157 3383 3314 3436 simul
3358 3420 3362 3426 .

1777 3485 2028 3537 audacter
2056 3483 2252 3549 posuit,
2293 3492 2343 3534 et
2394 3481 2520 3533 dum
2555 3481 2780 3548 quisque
2834 3490 3011 3532 certus
3055 3482 3139 3528 est
3184 3471 3317 3524 nihil

1759 3572 1880 3636 ,sibi
1936 3580 2249 3624 eventurum
2308 3570 2430 3622 mali
2489 3571 2542 3622 in
2595 3569 2992 3627 tentationibus,
3027 3565 3168 3617 bono
3228 3575 3320 3612 eas

1779 3661 1958 3713 animo
1994 3660 2171 3721 adeat,
2213 3674 2312 3713 nec
2351 3659 2493 3726 operi
2527 3673 2583 3712 se
2607 3657 2885 3725 aceingere
2927 3655 3320 3722 tergiversetur,

1779 3766 1900 3805 cum
1926 3750 2167 3818 exemplo
2197 3751 2305 3818 jam
2339 3759 2460 3803 ante
2485 3755 2556 3802 ex“
2579 3748 2826 3818 periculis
2853 3746 3016 3813 erepti
3059 3741 3208 3810 quasi
3243 3739 3322 3808 pi-

1780 3856 1916 3910 gnus
1946 3839 2158 3898 habeat,
2189 3840 2615 3906 persuadeatque
2659 3837 2761 3891 sibi
2801 3835 2936 3889 idem
2977 3843 3319 3885 eventurum.

1782 3929 1844 3981 Et
1865 3943 2052 3981 rursus
2076 3919 2332 3980 adversus
2364 3943 2476 3995 eos,
2507 3928 2596 3994 qui
2629 3925 3071 3994 resurrectionem
3107 3920 3321 3979 tollunt,

1778 4027 1831 4070 et
1856 4015 2051 4070 frustra
2081 4030 2348 4069 aerumnas
2385 4015 2468 4084 hic
2499 4013 2712 4067 tolerari
2746 4019 3007 4072 statuunt,
3047 4007 3172 4074 quia
3203 4015 3322 4074 post

1782 4115 2006 4162 mortem
2043 4108 2243 4160 nullum
2289 4116 2496 4175 tempus
2535 4090 2856 4172 percipiendi
2903 4101 3145 4172 laborum
3192 4113 3322 4151 suo-

163 4189 296 4252 κρῶν
323 4188 729 4257 παλιγγενεσίας
751 4183 952 4253 δείξας,
969 4192 1050 4242 ὅτι
1072 4193 1131 4243 οὐ
1160 4194 1332 4262 μάτην
1358 4194 1674 4260 ἠγωνίσατο,

1783 4189 1896 4252 rum
1929 4198 2161 4251 fructum
2192 4186 2556 4270 laborantibus
2586 4204 2773 4258 restat,
2803 4190 3150 4252 contendens,
3177 4185 3322 4240 hisce

161 4275 269 4328 οὐδὲ
299 4276 421 4343 εικῆ
457 4277 554 4339 τὰς
583 4278 842 4340 τοσαύτας
872 4280 1124 4347 ὑπέμεινε
1163 4279 1380 4345 θλίψεις,
1422 4282 1593 4346 ἑλπίδι
1624 4283 1677 4335 δὲ

156 4363 245 4430 ,καὶ
276 4363 581 4433 προσδοκία,
613 4370 710 4434 τῆς
758 4368 891 4432 μετὰ
943 4367 1038 4435 τὴν
1085 4368 1376 4420 ἀνάστασιν
1427 4369 1676 4437 ἀμοιϐῆς,

161 4451 380 4517 εὐλόγως
433 4453 760 4520 ἐκαρτέρησε
825 4457 935 4512 τοῖς
993 4454 1273 4521 παθήμασι
1342 4455 1706 4524 προσκαίρων,

163 4537 378 4622 θλίψεων
400 4539 695 4607 ἀπέραντον
725 4540 1065 4608 ἐκδεχόμενος
1093 4541 1443 4610 εὐφροσύνην.

1781 4286 1959 4341 verbis
1996 4288 2166 4340 utitur
2195 4308 2208 4340 :
2245 4306 2263 4337 ι
2309 4289 2364 4340 Si
2398 4287 2690 4339 secundum
2719 4283 2987 4336 hominem
3029 4280 3093 4331 ad
3125 4277 3325 4330 bestias

1783 4367 2011 4441 pugnari
2046 4375 2275 4441 Ephesi;
2305 4375 2448 4442 quid.
2472 4374 2600 4425 mihi
2639 4372 2875 4439 prodest,
2907 4369 2952 4423 si
2981 4368 3177 4421 mortui
3219 4383 3322 4421 non

1780 4472 2065 4530 resurgunt
2094 4463 2175 4514 ⁸⁸2
2210 4482 2227 4513 ι
2266 4461 2533 4516 Mentione
2577 4463 2663 4515 illa
2719 4461 3140 4530 regenerationis
3181 4475 3325 4514 mor-

1783 4557 1999 4603 tuorum
2035 4567 2094 4605 se
2134 4567 2239 4605 non
2285 4551 2481 4605 frustra
2514 4561 2768 4614 certasse,
2802 4566 2972 4619 neque
3015 4559 3211 4609 temere
3251 4558 3326 4606 tot

163 4621 460 4680 “miCliOUCS
514 4627 765 4680 lOlel'asse
817 4628 1063 4690 οειθηιίίι.
1113 4629 1203 4680 Sed
1242 4644 1371 4696 .spe.
1441 4637 1598 4697 atque
1644 4639 2044 4701 exspectatione.
2080 4639 2272 4694 futura:
2338 4651 2457 4708 post
2500 4640 2946 4694 resurrectionem
3021 4652 3324 4692 remunera-

165 4721 313 4774 tionis
350 4721 546 4789 optima
577 4721 782 4776 ratione
800 4736 1066 4776 aerumnas
1098 4723 1350 4776 tolerasse
1383 4737 1872 4783 momentanearum
1947 4733 2102 4802 189
2174 4733 2513 4789 alllictionum
2586 4747 2858 4802 nunquam
2899 4732 3192 4785 desituram
3228 4726 3323 4778 lat:-

167 4811 322 4864 titiam
351 4821 688 4880 exspectans.

725 4926 967 4978 ΚΕΦΑΛ.
1014 4922 1110 4980 IA'.

225 5032 380 5084 Ὅθεν
417 5033 507 5084 καὶ
551 5035 682 5085 πᾶσι
721 5033 894 5095 καλῶς
936 5034 1087 5106 [τοῖς]
1147 5034 1264 5103 μεθῖ
1301 5037 1488 5088 ἑαυτὸν
1533 5039 1689 5104 ἐγκεο

164 5120 378 5183 λεύεται,
402 5120 592 5185 λέγων·
619 5140 637 5170 ι
662 5123 735 5173 Τὸ
755 5123 913 5175 καλὸν
936 5125 1230 5186 ποιοῦντες
1259 5124 1332 5194 μὴ
1352 5125 1688 5192 ὲκκακῶμεν,

167 5208 328 5277 καιρῷ
364 5209 470 5276 γὰρ
504 5208 616 5276 ἰδίῳ
641 5200 943 5278 θερίσομεν,
978 5214 1050 5282 μὴ
1077 5213 1404 5282 ἐκλυόμενοι.
1436 5232 1453 5264 ι
1486 5214 1560 5281 Τῇ
1587 5212 1692 5264 τῶν

160 5297 472 5366 ’δραγμάτων
496 5299 665 5350 ἑλπίδι
689 5301 777 5349 τὸν
800 5300 888 5351 ἐπὶ
909 5301 984 5368 τῷ
1009 5304 1189 5372 σπόρῳ
1211 5303 1522 5376 παραμυθού
1533 5319 1687 5370 μενος

169 5387 415 5455 κάματον.
441 5387 550 5451 καὶ
576 5385 843 5454 πανταχοῦ
872 5388 947 5456 τῷ
976 5389 1082 5456 τῆς
1097 5393 1319 5459 οἰήσεως
1350 5391 1515 5451 πάθος
1539 5390 1690 5459 κολά-

169 5477 261 5536 ζων
306 5477 364 5528 ού
414 5475 678 5539 παύεται,
716 5477 800 5529 ἵνα
846 5479 937 5530 καὶ
988 5479 1046 5531 τὸ
1089 5480 1288 5546 ἀγαθὸν
1314 5483 1686 5547 γενηταιέαγαὶ

2317 4924 2540 5010 CAPUT
2570 4924 2706 4980 XIV.

1861 5033 2009 5089 Unde
2053 5045 2104 5089 et
2128 5036 2351 5102 fcunctis
2384 5031 2494 5112 suis
2529 5037 2883 5107 sectatoribus
2943 5036 3014 5087 ita
3068 5036 3324 5103 praeclare

1787 5125 2028 5192 praecipit
2063 5125 2290 5178 dicens:
2339 5143 2355 5174 ι
2397 5125 2598 5178 Bonum
2646 5124 2897 5178 facientes
2952 5138 3057 5177 non
3113 5125 3324 5179 delicia-

1791 5227 1910 5265 mus
1947 5231 1960 5265 :
1994 5222 2225 5279 tempore
2261 5212 2414 5265 enim
2467 5204 2566 5267 suo
2612 5192 2873 5267 metemus
2921 5229 3034 5292 ‘non
3082 5215 3322 5268 deficiet»

1795 5309 1874 5355 tes
1903 5301 1969 5354 ⁸⁸.
2003 5321 2021 5352 ι
2063 5301 2158 5354 Ubi
2193 5302 2581 5368 manipulorum
2610 5294 2976 5372 spe\laborem
3009 5303 3320 5371 impenden-

1793 5392 1916 5461 dum
1948 5391 2138 5444 sationi
2184 5391 2510 5444 consolatur.
2567 5392 2630 5446 Et
2678 5397 2881 5464 ubique
2911 5391 3319 5446 existimationis

1793 5481 2034 5549 morbum
2069 5494 2314 5533 coercere
2336 5494 2442 5534 non
2469 5494 2661 5545 cessat,
2691 5494 2745 5535 ut
2769 5491 2820 5535 et
2847 5482 3042 5533 bonum
3077 5479 3319 5544 perdt-ia-

232 5653 268 5683 τ’
300 5655 342 5704 ιι
385 5652 507 5708 Cur.
566 5668 637 5711 ιι,
674 5649 856 5704 9.3-25.
929 5654 972 5683 ιι
1021 5655 1460 5718 1(]ιιι’.κκ·,ίο.Δ
1508 5656 1625 5723 ιιιιν
1661 5657 1700 5708 τι

1775 5676 1802 5708 ι.
1839 5669 1918 5717 ιιι.
1969 5621 2045 5709 ll.
2124 5648 2174 5685 ⁸⁸
2215 5653 2383 5711 lCor.
2435 5656 2632 5722 “,32.
2708 5653 2752 5685 ⁸³
2777 5629 2950 5705 Galat.
2994 5667 3066 5714 vr,
3143 5652 3197 5706 9.
