4076 6338
639 288 746 349 923

2101 293 2160 351 S.
2202 294 2362 352 NILI

3713 286 3830 350 92L

637 409 747 462 tur,
771 407 823 452 et
841 398 1097 466 iactantia
1123 398 1322 451 bonum
1351 414 1485 467 opus
1509 401 1676 454 instar
1699 403 1914 469 parasiti
1953 417 2056 457 non
2083 419 2169 458 as-

2269 403 2545 467 ἁλαζονεία
2585 407 2657 474 μὴ
2675 375 2957 474 ’παρασιτῇ
2989 405 3064 473 τῷ
3091 402 3235 472 καλῴ
3261 406 3370 465 τοϊς
3396 400 3827 473 κατορθώμασιν

550 505 551 508 η
633 495 889 549 sectetur,
929 501 1048 554 quae
1087 486 1336 554 praeclare
1382 489 1550 554 gestis
1604 490 1761 544 rebus
1798 505 2009 559 semper
2053 507 2172 547 sese

633 575 884 628 comitem
924 575 1201 642 implicare
1244 585 1404 638 amat,
1448 576 1550 630 nisi
1594 562 1879 647 advigilent
1908 580 2168 634 bonorum

635 676 857 729 opernm
903 663 1150 716 studiosi.
1200 663 1329 716 Nam
1376 662 1529 732 quaSi
1581 669 1901 722 necessitate
1949 678 2169 724 coactus

634 751 826 804 fuisset
852 753 1099 820 proprias
1125 753 1345 807 virtutes
1390 770 1829 822 commemorare,
1862 769 1923 824 _ut
1951 759 2053 813 hoc
2085 775 2173 812 ar<

636 839 800 892 titicio
823 840 1091 895 auditores
1118 841 1184 894 ad
1212 843 1524 896 imitandum
1562 846 1958 911 cohortaretur,
1984 847 2174 915 gloria-

637 924 836 977 tionem
897 925 1260 993 hujuscemodi
1318 929 1594 983 stultitiam
1641 926 1956 999 appellavit;
1998 933 2088 984 ubi
2119 939 2172 986 et

635 1027 794 1080 opera
818 1013 931 1080 ipsa
961 1015 1258 1070 temulanda
1281 1016 1396 1070 fore
1420 1019 1885 1072 commemorando
1911 1019 2169 1085 ostendit,

634 1108 688 1151 et
723 1100 967 1166 prohibet
985 1102 1186 1169 jactare
1219 1119 1283 1157 ac
1315 1104 1503 1159 eﬂ‘erre
1534 1107 1885 1174 seoperibus,
1909 1115 2170 1162 accuSan-

636 1184 705 1238 do
757 1187 994 1241 stultitia:
1039 1190 1257 1245 nomine
1289 1191 1672 1260 gloriationem.
1713 1191 1908 1246 Eodem
1955 1209 2171 1262 quoque

636 1273 793 1326 modo
817 1274 1009 1328 iterum
1035 1277 1126 1340 ait,
1145 1292 1328 1331 eorum
1361 1295 1478 1346 qua:
1508 1288 1650 1333 retro
1669 1292 1795 1334 sunt
1823 1297 1881 1335 se
1906 1283 2168 1350 oblivisci,

634 1365 687 1412 et
708 1361 772 1412 ad
805 1374 888 1423 ea,
921 1376 1040 1429 qua:
1062 1361 1239 1430 priora
1264 1375 1412 1429 sunt,
1436 1366 1650 1419 extendi
1675 1357 1744 1428 “,
1769 1369 1905 1421 idem
1933 1371 2034 1423 alia
2081 1364 2170 1425 ra?

636 1446 780 1500 tione
803 1448 997 1516 viaque
1021 1457 1289 1505 astruens.
1320 1450 1419 1516 Qui
1449 1454 1589 1506 enim
1624 1468 1783 1521 Opera
1809 1455 1918 1521 jam
1955 1469 2166 1524 peracta

635 1535 873 1602 respicit,
905 1537 970 1588 ad
1009 1537 1271 1609 insaniam
1298 1541 1690 1607 quodammodo
1735 1542 1904 1596 inﬂari
1939 1558 2170 1599 consue-

633 1624 739 1688 vit;
765 1633 820 1677 at
844 1626 931 1693 qui
964 1635 1170 1694 spectat
1192 1637 1452 1696 quantum
1492 1630 1557 1682 ad
1597 1628 1976 1697 perfectionem
2010 1632 2166 1697 desit,

633 1714 781 1768 illum
830 1716 1083 1771 humilem
1151 1726 1309 1786 atque
1368 1720 1664 1773 modestum
1721 1735 1840 1774 esse
1888 1735 2165 1774 necessum
2203 1704 2242 1759 Β

632 1815 743 1867 est;
778 1819 900 1857 cum
935 1821 999 1860 ex
1023 1821 1104 1868 eo,
1124 1808 1262 1875 quod
1293 1819 1622 1876 perspectum
1654 1824 1760 1862 non
1789 1809 1966 1872 habet,
1988 1819 2166 1864 utrum

629 1895 846 1961 eo,'quo
878 1897 1063 1962 tendit,
1089 1898 1156 1950 sit
1183 1908 1556 1965 perventurus,
1588 1900 1817 1952 maxima
1852 1901 2168 1954 humilitatis

629 1974 843 2039 occasio
880 1986 981 2054 ipsi
1019 1997 1279 2055 suppetat.
1310 1987 1642 2057 Quapropter
1672 1999 1728 2042 ut
1761 1991 1849 2058 qni
1882 1991 2168 2058 proﬁciunt

633 2073 684 2125 in
719 2073 879 2137 bono,
921 2089 1132 2144 semper
1175 2086 1319 2130 recte
1358 2079 1673 2146 composito,
1714 2079 2057 2148 minimeque
2084 2081 2167 2133 in-

632 2158 755 2213 ﬂato
775 2161 884 2214 sint
904 2163 1102 2226 animo,
1126 2178 1231 2216 non
1247 2164 1374 2231 quid
1395 2145 1664 2238 peractum
1690 2165 1869 2228 fuerit,
1889 2145 1984 2220 sed
2004 2145 2168 2234 ﬁan-

631 2259 743 2302 tum
761 2251 826 2302 ad
846 2252 1178 2318 propositum
1203 2251 1360 2304 tinem
1384 2256 1771 2320 assequendum
1795 2257 1969 2309 adhuc
1989 2271 2171 2323 super-

630 2339 718 2394 sit.
744 2349 984 2405 spectare
1012 2339 1410 2394 eonsulit.Nam
1442 2341 1654 2395 animus
1684 2343 1748 2395 ad
1773 2349 1872 2396 hoc
1908 2344 2162 2411 intentus,

635 2427 790 2495 190
821 2437 873 2481 et
920 2443 1096 2481 rerum
1156 2428 1582 2482 desideratarum
1623 2442 1752 2481 cura
1799 2429 1988 2483 anxius
2040 2437 2172 2481 tem-

630 2530 729 2582 pus
753 2530 856 2567 non
895 2514 1113 2570 habebit
1142 2517 1405 2587 cogitandi
1435 2517 1497 2570 de
1521 2517 1770 2584 operibus
1797 2517 2048 2584 peractis,
2079 2533 2172 2570 nc-

628 2619 733 2672 que
758 2615 1067 2672 sequentem
1093 2607 1214 2660 inde
1236 2605 1570 2674 concipiendi
1599 2607 1903 2659 amentiam.
1930 2606 2165 2672 Quorum

629 2692 772 2745 enim
823 2692 894 2744 ita
937 2702 1018 2747 est
1066 2694 1288 2748 an‘ectus
1330 2695 1562 2756 animus,
1603 2695 1707 2747 illis
1737 2696 1907 2764 angeli
1953 2696 2166 2764 quidem

633 2779 908 2844 assistunt,
937 2790 990 2831 ut
1035 2782 1198 2834 nullis
1237 2783 1456 2836 obnoxii
1491 2783 1596 2836 sint
1640 2783 1867 2850 injuriis,
1907 2773 2165 2848 ministri;

633 2870 746 2935 ipse
788 2880 912 2923 vero
948 2869 1206 2922 Dominus
1241 2871 1397 2933 Dens,
1449 2886 1566 2938 quae
1599 2871 1718 2924 vitae
1756 2886 1884 2925 usus
1926 2872 2163 2936 requirit,

2272 494 2357 545 ἀεὶ
2391 493 2616 559 φιλοῦσα
2638 490 3060 560 συμπλέκεσθαι,
3085 490 3149 558 ἢν
3171 490 3244 558 μὴ
3265 491 3500 558 νήφωσιν
3523 491 3573 542 οί
3601 488 3694 558 τὴν
3725 492 3826 558 ἔρε-

2269 582 2461 648 γασίαν
2503 579 2701 632 τούτων
2743 577 3146 640 σπουδὶςοντες.
3191 577 3274 638 Ὠς
3299 579 3402 645 γὰρ
3447 578 3820 642 είπεῐνσάναγ-

2270 669 2488 730 κασθεὶς
2535 668 2600 720 τά
2643 671 2815 721 οἰκεῖα
2868 667 3326 736 πλεονεκτήματα,
3354 668 3511 738 τέχνῃ
3551 666 3644 719 τοῦ
3674 683 3814 734 προ-

2269 756 2560 826 τρέψασθαι
2609 757 2746 818 τοὺς·
2787 756 3077 815 ἀκούοντας
3131 756 3222 806 ἐπὶ
3269 754 3366 823 τὴν
3421 754 3665 822 μίμησιν,
3711 755 3820 820 τὴν

2271 845 2521 912 τοιαύτην
2554 843 2835 915 καύχησιν,
2871 842 3176 911 ἀφροσύνην
3207 842 3474 909 ὠνόμασε,
3504 845 3594 893 καὶ
3627 841 3686 892 τὸ
3717 841 3820 906 ζη-

2269 933 2392 986 λοῦν
2418 934 2482 986 τά
2523 933 2656 1002 ἔργα
2691 933 2866 998 δείξας
2885 935 2949 1002 τῇ
2971 932 3232 1001 διηγήσει,
3260 932 3350 984 καὶ
3372 931 3461 982 τὸν
3484 932 3574 982 ἐπὶ
3601 931 3816 990 τούτοις

2272 1022 2478 1091 κόμπον
2527 1020 2773 1082 κωλύσας
2817 1020 2892 1088 τῷ
2947 1019 3213 1073 διαϐαλεῖν
3262 1018 3336 1081 ὡς
3383 1017 3685 1088 ἀφροσύνην
3712 1017 3814 1084 τὴν

2273 1109 2551 1177 καύχησιν.
2582 1106 2734 1160 Οῦτω
2762 1107 2919 1159 πάλιν
2945 1108 3116 1158 ὀπίσω
3142 1105 3314 1172 λέγων
3339 1102 3810 1164 ἐπιλανθάνεσθαι,

2271 1199 2363 1248 καὶ
2403 1201 2512 1258 τοῖς
2551 1195 2853 1265 ἔμπροσθεν
2885 1193 3308 1255 ἐπεκτείνεσθαι,
3339 1193 3397 1263 τὸ
3425 1193 3554 1244 αὐτὸ
3580 1193 3815 1260 είσηγεῖ-

2270 1301 2358 1337 ται
2386 1285 2517 1352 άλλη
2547 1284 2767 1353 μεθόδῳο
2793 1286 2821 1335 6
2843 1285 2938 1352 μιν
2971 1283 3072 1352 γὰρ
3097 1282 3229 1350 πρὸς
3251 1281 3316 1351 τὰ
3340 1281 3435 1350 ήδη
3459 1280 3815 1346 πεπονημένα

2275 1369 2446 1438 βλέπα
2471 1391 2480 1410 -’
2509 1368 2779 1436 φυσᾶσθαί
2801 1386 2914 1431 πως
2938 1369 3350 1436 πρδςοὼπόνοιαν
3378 1367 3584 1443 εἴωθεν·
3614 1368 3642 1418 6
3661 1366 3714 1417 δὲ
3741 1365 3815 1420 τὰ

2273 1457 2408 1525 πρὸς
2461 1457 2549 1527 τὴν
2599 1456 2871 1508 τελείωσιν
2919 1455 3210 1523 λειπόμενα
3278 1453 3511 1516 σκοπῶν,
3561 1452 3812 1512 ταπεινός

2270 1547 2416 1601 ἐστιν
2487 1548 2755 1612 ναγκαίον,
2786 1544 2879 1597 κοιλ⁵
2912 1543 3146 1613 μέτριος,
3175 1543 3233 1594 τὸ
3259 1541 3448 1610 ἀδηλον
3483 1541 3574 1603 τοῦ
3591 1542 3645 1593 εἰ
3672 1539 3812 1608 φθά-

2270 1651 2351 1686 σοι
2391 1652 2418 1681 τ·
2473 1651 2521 1695 λς
2553 1634 2685 1702 ὅπερ
2711 1632 3000 1698 ἐπείγεται,
3030 1629 3517 1699 ταπεινοφροσύνης
3545 1627 3680 1696 ἔχων
3709 1645 3814 1696 με-
3855 1670 3858 1672 ν

2272 1722 2459 1787 γίστην
2485 1719 2752 1772 ὑπόθεσιν.
2788 1719 2974 1778 Ὅπως
3000 1712 3092 1768 οῦν
3121 1717 3206 1768 ἀεὶ
3227 1715 3334 1765 τῶν
3365 1714 3813 1783 προσκοπτόντων

2273 1812 2328 1860 ἐν
2377 1807 2454 1877 τῷ
2501 1806 2686 1876 ἀγαθῷ
2738 1803 3182 1873 κατεσταλμένον,
3225 1802 3316 1854 καὶ
3349 1803 3548 1866 ἄτυφον
3577 1800 3705 1869 μένῃ
3748 1800 3813 1851 τὸ

2274 1896 2551 1964 φρόνημα,
2602 1893 2676 1962 μὴ
2701 1894 2834 1962 ὅπερ
2884 1893 3103 1960 ἡνυσαν,
3129 1889 3242 1942 ἀλλ’
3278 1890 3398 1942 ὅσον
3433 1885 3814 1940 ἀπολείπονται

2271 1982 2363 2034 τοῦ
2395 1981 2750 2050 προκειμένου
2779 1977 3130 2048 συμϐουλεύει
3165 1977 3312 2045 όρᾷν.
3352 1977 3489 2044 Πρὸς
3520 1973 3674 2026 τοῦτο
3697 1973 3814 2044 γὰρ

2269 2069 2556 2138 τεταμένος
2609 2072 2637 2120 6
2678 2069 2818 2131 νοῦς,
2869 2067 2964 2120 καὶ
3007 2069 3072 2135 τῇ
3109 2065 3343 2132 φροντίδι
3369 2065 3475 2116 τῶν
3513 2065 3570 2116 ὲν
3605 2063 3811 2133 σπουδῇ

2270 2159 2529 2227 κειμένων
2572 2160 2915 2228 τρυχόμενος,
2943 2155 3038 2223 οὐχ
3069 2153 3180 2217 ἕξει
3212 2154 3397 2222 καιρὸν
3438 2153 3555 2204 οὐδὲ
3591 2153 3814 2218 λογίσα-

2271 2248 2393 2300 σθαι
2416 2245 2830 2315 κατορθώματα,
2858 2243 2979 2295 οὔτε
3004 2243 3101 2310 τὴν
3124 2240 3332 2302 τούτοις
3357 2240 3814 2309 παρομαρτοῦσαν

2271 2313 2709 2394 ἀπόνοιανίέΓοῖς
2762 2334 2869 2401 γὰρ
2918 2329 3057 2382 οὕτω
3101 2328 3483 2397 διακειμένοις,
3514 2320 3816 2396 λειτουργοὶ

2229 2468 2233 2472 .
2273 2424 2373 2492 μὲν
2416 2423 2549 2491 πρὸς
2595 2421 2655 2472 τὸ
2695 2417 3091 2489 ἀνεπηρέαστον
3134 2415 3532 2486 παραμένουσιν
3568 2414 3810 2480 ἄγγελοι,

2271 2510 2590 2581 φροντιστὴς
2635 2509 2690 2560 δὲ
2718 2509 2815 2576 τῆς
2849 2507 3034 2576 χρείας
3071 2507 3328 2574 πάρεστιν
3359 2504 3536 2564 αὐτοῖς
3579 2501 3746 2555 διόλου
3785 2507 3817 2555 6

2269 2600 2540 2667 Δεσπότης
2591 2597 2740 2662 Θεὸς,
2784 2595 2929 2647 ὡσάν
2969 2594 3150 2655 αὐτοῖς
3202 2591 3542 2660 εὐοδούμενος
3575 2592 3603 2642 6
3639 2588 3812 2657 ἀγὼν,

2270 2689 2510 2749 ἀνεκτῶς
2535 2687 2702 2756 τρέχῃ
2744 2685 2876 2755 πρὸς
2911 2682 2972 2736 τὸ
3003 2682 3252 2750 βραϐεῖον
3279 2685 3378 2752 τῆς
3415 2683 3520 2736 ,ζνω
3546 2680 3817 2750 κλήσεως,

2269 2781 2366 2830 οὐκ
2422 2774 2837 2844 ἐμποδιζόμενος
2887 2771 3246 2842 περισπασμῷ
3291 2772 3388 2840 τῆς
3431 2770 3667 2838 ἀνάγκης
3713 2769 3816 2822 τοῦ

2273 2879 2537 2934 σωματος.

634 2974 867 3025 praesens
913 2963 1221 3016 universum
1263 2964 1562 3029 suppeditat
1630 2972 1894 3024 accurate.
1962 2973 2020 3018 ut
2063 2972 2330 3017 certamen
2372 2972 2556 3011 eorum
2605 2955 2802 3008 directo
2871 2953 3059 3005 itinere
3104 2952 3166 3004 ad
3235 2964 3478 3020 superna:
3517 2945 3818 3003 vocationis

633 3051 894 3118 bravium,
917 3054 1034 3109 sine
1057 3054 1161 3107 ulla
1188 3052 1522 3106 necessitatis
1539 3066 1806 3120 corporeae
1830 3052 2173 3106 distractione
2211 3064 2273 3103 ac
2302 3046 2698 3116 impedimento,
2727 3041 2880 3095 facile
2908 3043 3180 3094 decurrat.

1214 3165 1434 3219 CAPUT
1467 3164 1581 3219 XV.

1251 3275 1326 3328 De
1356 3275 1536 3328 Jacob.

705 3360 814 3415 Hoc
839 3371 922 3414 est
947 3363 1110 3425 enim,
1137 3363 1281 3429 quod
1313 3378 1534 3430 magnus
1559 3365 1641 3417 ille
1665 3361 1832 3418 Jacob
1857 3367 2021 3418 multa
2044 3366 2169 3417 edo-

637 3459 757 3502 ctus
784 3446 1111 3516 expet‘ientia
1140 3450 1347 3504 dicebat
1376 3467 1388 3502 :
1423 3469 1440 3500 ι
1480 3450 1636 3513 Deus,
1667 3453 1757 3519 qui
1791 3455 1959 3520 pascit
1990 3469 2075 3506 me
2102 3455 2170 3507 ab

639 3537 999 3590 adolescentia
1042 3550 1187 3600 mea;
1216 3538 1454 3606 angelus,
1486 3539 1577 3605 qui
1598 3539 1735 3591 eruit
1765 3555 1848 3592 me
1875 3540 1942 3592 de
1962 3541 2171 3593 cunctis

639 3626 793 3678 malis
822 3625 887 3675 ⁸⁷.
929 3644 948 3676 ›
986 3623 1272 3695 Utriusque
1333 3640 1485 3692 opem
1551 3626 1602 3678 in
1660 3625 2035 3694 Mesopotamia
2077 3643 2170 3680 ex-

636 3722 836 3780 pertus,
867 3711 1056 3763 baculo
1085 3710 1199 3763 solo
1228 3710 1521 3765 instructus
1542 3712 2015 3779 peregrinationem
2048 3729 2168 3768 sus-

635 3800 794 3865 cepit,
824 3807 875 3851 et
906 3797 1086 3850 multis
1113 3813 1233 3850 cum
1258 3797 1447 3864 opibus
1477 3812 1720 3851 reversus
1744 3808 1824 3851 est
1852 3799 2092 3868 domum,
2117 3811 2170 3854 et

634 3887 828 3940 divina:
872 3884 1122 3952 pntentize
1173 3884 1459 3950 adjutorio,
1496 3892 1552 3935 ut
1598 3885 1710 3950 ipse
1748 3884 1840 3944 ait,
1875 3894 2060 3958 erutus
2106 3884 2170 3937 de

609 3975 844 4027 'cunctis
886 3974 1060 4025 malis.
1096 3969 1230 4024 Nam
1258 3986 1382 4024 cum
1420 3971 1593 4024 minas
1626 3969 1764 4023 Esau
1803 3982 2042 4024 metuens
2088 3972 2171 4024 fu-

636 4080 753 4132 gam
797 4063 1132 4131 arripuisset,
1163 4076 1350 4115 rursus
1388 4075 1512 4114 vero
1546 4060 1790 4114 rediisset
1825 4071 1964 4114 metu
1991 4061 2170 4115 fratris

639 4153 917 4204 inhumani
939 4152 1168 4205 necdum
1198 4151 1475 4220 deposito;
1503 4166 1605 4203 non
1643 4149 1818 4202 verbis
1851 4149 1994 4204 illum
2025 4151 2086 4203 ad
2110 4150 2167 4203 (i-

638 4239 847 4290 duciam
875 4240 1183 4292 cohortatur
1212 4239 1535 4306 applaudens
1571 4238 1732 4300 Deus,
1769 4241 1964 4308 quibus
2005 4241 2171 4293 Abra-

642 4324 762 4392 ham
803 4330 855 4374 et
901 4321 1182 4376 Jeremiam
1236 4324 1443 4376 videtur
1476 4324 1766 4385 allocutus;
1814 4327 1904 4378 sed
1955 4325 2068 4392 ipsa
2113 4341 2170 4379 re

2856 3152 3100 3212 ΚΕΦΑΛ.
3135 3153 3234 3204 IE'.

2768 3261 2901 3328 Περὶ
2959 3261 3065 3314 τοῦ
3122 3261 3331 3314 Ἰακώϐ.

2338 3352 2502 3406 Τοῦτο
2548 3351 2654 3420 γὰρ
2691 3351 2756 3402 ἐκ
2788 3353 2975 3421 πείρας
3003 3350 3196 3418 πολλῆς
3236 3352 3262 3402 6
3295 3350 3462 3420 μέγας
3491 3352 3818 3420 ελεγενῇια-

2231 3428 2238 3438 ’
2271 3441 2404 3494 κώϐ·
2443 3459 2461 3491 ι
2501 3441 2557 3491 ’0
2579 3439 2706 3500 Θεὸς
2727 3442 2754 3491 6
2785 3442 2993 3510 τρέφων
3023 3457 3087 3510 με
3120 3443 3183 3493 ἐκ
3209 3441 3454 3508 νεότητός
3488 3459 3608 3511 μου·
3649 3442 3817 3510 ἀγγε-

2269 3531 2354 3592 λος
2383 3532 2409 3583 ό
2433 3531 2683 3600 ρυόμενός
2716 3547 2780 3598 με
2822 3531 2885 3581 ὲκ
2913 3529 3124 3582 πάντων
3162 3530 3267 3582 τῶν
3292 3534 3492 3586 κακῶν.
3528 3550 3546 3583 ι
3606 3533 3811 3600 Ἆμφο-

2268 3619 2436 3689 τέρων
2469 3622 2524 3672 ἐν
2564 3623 2628 3688 τῇ
2657 3619 2807 3689 Μέση
2842 3617 2946 3670 τῶν
2985 3620 3236 3688 ποταμῶν
3267 3621 3364 3690 τὴν
3398 3624 3589 3692 πεῖραν
3631 3620 3817 3675 λαϐὼν,

2271 3707 2446 3777 ῥάϐδῳ
2485 3709 2618 3778 μόνῃ
2663 3707 2757 3776 τὴν
2789 3708 3091 3776 ἀποδημίαν
3134 3709 3493 3776 στειλάμενος,
3533 3711 3627 3760 καὶ
3669 3711 3812 3778 μετά

2270 3795 2462 3864 πολλῆς
2489 3799 2582 3863 τῆς
2609 3795 2883 3865 ὑπάρξεως
2907 3796 3244 3864 ὑποστρέψας
3262 3795 3460 3860 οἴκαδε,
3483 3798 3572 3848 καλ⁵
3597 3797 3813 3866 ρυσθεὶς

2268 3885 2332 3935 ὲκ
2372 3885 2478 3936 τῶν
2512 3886 2693 3937 κακῶν
2723 3886 2993 3946 ἁπάντων,
3035 3883 3109 3945 ῶς
3143 3901 3294 3951 φασι,
3328 3885 3610 3955 συμμαχία
3659 3885 3810 3948 Θείας

2269 3958 2568 4038 δυνάμεως,
2598 3971 2809 4040 Ἐπειδὴ
2854 3973 2957 4040 γάρ
2997 3973 3091 4032 τὰς
3124 3973 3344 4035 ἀπειλὰς
3384 3974 3477 4026 τοῦ
3515 3975 3684 4027 Ἠσαῦ
3723 3975 3811 4028 δε-

2269 4058 2455 4120 δοικὼς
2483 4058 2702 4128 δρασμῷ
2731 4059 3063 4128 χρησάμενος
3081 4055 3167 4128 ἦν,
3199 4060 3418 4129 ἐπανῄει
3448 4061 3502 4113 δὲ
3522 4063 3681 4114 πάλιν
3716 4081 3813 4131 φο-

2269 4139 2525 4215 ϐούμενος
2559 4147 2636 4199 ἔτι
2666 4147 2751 4200 τὸν
2781 4149 3068 4216 ἀνήμερον,
3095 4149 3151 4200 ού
3184 4148 3392 4214 λέγεται
3423 4150 3603 4215 μέντοι
3634 4168 3812 4221 παρα-

2271 4236 2476 4305 κροτῶν
2504 4237 2578 4297 εἰς
2605 4234 2819 4302 Θάρσος,
2848 4235 2919 4296 ὠς
2946 4234 3020 4304 τῷ
3055 4235 3318 4304 Ἀϐραὰμ,
3351 4236 3540 4306 καὶτῷ
3573 4239 3812 4308 Ἱερεμίᾳ

2271 4327 2513 4390 φαίνεται
2546 4326 2573 4376 6
2603 4325 2731 4398 Θεὸς
2769 4324 3018 4393 είρηκώς·
3060 4326 3335 4394 πράγματι
3379 4326 3434 4378 δὲ
3478 4327 3672 4391 πείθει,
3717 4330 3810 4382 καὶ

641 4422 800 4480 atque
858 4425 1016 4476 opere
1059 4411 1105 4462 ei
1151 4411 1448 4478 persuadet,
1497 4410 1639 4476 quod
1699 4423 1886 4464 omnes
1947 4412 2169 4464 insidias

2272 4411 2416 4479 ἔργῳ
2448 4413 2628 4473 αὑτὸν,
2659 4412 2731 4472 ὡς
2760 4412 2910 4462 ἔσται
2939 4415 3000 4479 τῇ
3037 4413 3178 4478 ἰσχύϊ
3216 4413 3409 4471 παντὸς
3445 4414 3810 4466 ἐπιϐουλεύειν

643 4512 846 4555 struere
877 4507 1109 4566 paratos,
1141 4498 1330 4552 robore
1351 4507 1695 4564 superaturus
1717 4507 1858 4550 esset
1887 4513 1900 4547 :
1928 4506 1980 4550 et
2007 4499 2170 4552 visio-

644 4587 707 4645 ne
739 4590 991 4644 divinitus
1031 4589 1234 4655 objecta
1259 4587 1538 4656 quemdam
1566 4587 1663 4638 viri
1695 4588 1870 4654 specie
1903 4602 2024 4640 cum
2060 4589 2193 4656 ipSo,

641 4684 958 4735 luctaturum
1001 4677 1283 4732 committit
1315 4675 1380 4739 ⁸³,
1413 4674 1502 4742 qui
1548 4673 1649 4742 ipsi
1693 4688 1876 4726 versus
1925 4689 2174 4727 auroram

644 4770 877 4835 vigilanti
905 4768 1090 4822 cedere
1119 4765 1366 4820 simulate
1391 4763 1440 4814 in
1467 4761 1627 4824 lucta,
1661 4770 1711 4813 et
1735 4761 1785 4813 in
1811 4775 1986 4828 pugna
2014 4762 2175 4815 victo—

643 4861 776 4913 riam
808 4859 1098 4912 concedere
1118 4856 1266 4924 191
1291 4854 1584 4915 videbatur,
1611 4863 1666 4904 ut
1693 4850 1881 4904 liducia
1921 4850 2172 4906 adversus

647 4945 888 4998 homines
911 4954 1182 5011 concepta,
1219 4960 1280 4996 ex
1315 4959 1378 4996 eo
1409 4942 1547 5011 quod
1575 4941 1746 5010 angeli
1781 4941 2085 5008 apparentis
2124 4950 2176 4994 ct

645 5031 984 5088 colluctantis
1011 5033 1130 5099 ipsi,
1157 5033 1448 5107 forti/tudini
1474 5029 1866 5099 praevaluisset,’
1890 5033 2029 5081 bono
2057 5028 2176 5082 inde

645 5123 824 5175 animo
865 5120 1035 5173 abiret
1064 5127 1350 5186 persdasus
1389 5135 1445 5173 se
1476 5133 1664 5172 omnes
1693 5117 1916 5172 insidias
1942 5132 2172 5184 exsupe-

650 5223 911 5264 raturum.
949 5207 1011 5261 Et
1052 5219 1108 5260 ut
1137 5207 1236 5258 hac
1263 5209 1326 5258 de
1354 5223 1409 5259 re
1434 5207 1654 5259 visionis
1683 5207 1953 5274 exciperet
1980 5213 2172 5274 mystc-

648 5297 807 5360 rinm,
836 5298 911 5348 ait
943 5291 1204 5348 recede'nti
1237 5290 1336 5358 ipsi
1363 5310 1380 5343 ιε
1419 5309 1436 5340 ι
1473 5291 1665 5344 Contra
1692 5291 1856 5346 Deum
1887 5291 2040 5345 fortis
2073 5291 2174 5344 l‘ni-
2213 5352 2219 5355 _

651 5385 737 5447 sti,
773 5393 826 5437 e‘t
860 5394 1044 5438 contra
1085 5381 1329 5436 homines
1361 5379 1663 5448 praevalebis
1687 5381 1751 5433 ⁸³.
1789 5400 1806 5432 ι
1840 5382 2000 5447 Quasi
2030 5381 2173 5436 dice-
2217 5429 2221 5432 λ

2276 4497 2600 4564 προθεμένου
2646 4497 2935 4563 ἀνώτερος,
2965 4499 3057 4548 καὶ
3091 4498 3238 4550 θείαν
3278 4498 3399 4565 ὄψιν
3445 4499 3823 4568 ἀνδροείιιελονΔ

2274 4586 2646 4654 συμπλακῆναι
2681 4586 3083 4653 παρασκευάζει
3115 4586 3247 4654 πρὸς
3275 4587 3467 4655 ϐρθρον
3486 4586 3634 4657 ῦπαρ
3663 4589 3810 4660 αὐτῷ

2273 4673 2693 4743 ῦποκρινομένην
2741 4668 2905 4743 ἦτταν
2953 4675 3007 4725 ὲν
3050 4673 3308 4743 τῇ·πὰλῃ,
3338 4677 3429 4727 καὶ
3468 4675 3711 4730 διδοῦσαν
3747 4681 3809 4731 τὺ

2271 4761 2441 4812 δοκεῖν
2470 4761 2622 4832 νικᾷν
2648 4759 2786 4811 κατά
2812 4759 2908 4826 τὴν
2943 4759 3117 4829 μάχην
3155 4760 3318 4828 αὐτῷ,
3353 4761 3438 4814 ἵνα
3462 4763 3598 4831 ἔχων
3630 4765 3689 4818 τὸ
3721 4781 3838 4823 πε-,

2273 4847 2450 4909 ποιθὸς
2478 4849 2594 4900 κατ’
2619 4845 2930 4914 ἀνθρώπων,
2966 4847 3026 4896 ὲκ
3059 4847 3151 4899 τοῦ
3184 4851 3554 4918 περιγενέσθαι
3589 4834 3686 4918 τῆς
3710 4868 3810 4919 φα·

2279 4942 2453 5007 νείσης
2510 4937 2653 5008 αὑτῷ
2690 4938 2780 4989 καὶ
2812 4937 3183 5009 συμϐαλούσης
3246 4942 3542 5012 δυνάμεως,
3577 4942 3808 5013 εὔψυχος

2279 5029 2432 5097 ἀπίῃ,
2473 5029 2650 5095 πάσης
2689 5028 3129 5099 ὲπικρατέστερος
3174 5030 3388 5083 ἔσεσθαι
3444 5035 3808 5101 πεπεισμένος

2278 5115 2581 5182 ἐπιϐουλῆς.
2607 5115 2726 5167 ,Καὶ
2762 5114 2844 5166 ἵνα
2876 5117 3007 5184 πρὸς
3033 5116 3189 5168 τοῦτο
3213 5119 3308 5186 τῆς
3330 5118 3501 5186 ὅψεως
3525 5119 3620 5189 τὴν
3666 5122 3810 5171 οἰκο-

2278 5202 2689 5273 νομίανὲκλάϐῃ,
2707 5204 2864 5270 φησὶν
2881 5205 3240 5272 ἀναχωροῦντι
3262 5205 3466 5274 αῦτῷ,“ι
3491 5207 3806 5274 Ἐνίσχυσας

2283 5295 2414 5361 μετὰ
2439 5291 2589 5351 Θεοῦ,
2622 5292 2712 5342 καὶ
2746 5293 2879 5361 μετὰ
2911 5278 3204 5362 ἀνθρώπων
3227 5295 3464 5356 δυνατός·
3503 5315 3521 5345 ι
3559 5309 3808 5362 μονονου-

2279 5383 2332 5454 xi
2357 5380 2544 5447 λέγων·
2589 5376 2772 5429 Ἀπιθι
2814 5377 3024 5459 θαρρῶν
3058 5382 3120 5448 τῇ
3159 5380 3298 5447 ίσχύϊ
3333 5380 3520 5449 ταύτῃ.
3551 5380 3644 5439 Τίς
3693 5377 3805 5448 γὰρ

714 5534 760 5564 ⁸⁸
786 5534 1014 5605 Philipp.
1049 5553 1128 5601 ιιι,
1165 5535 1247 5590 15.
1325 5534 1368 5565 ³⁷
1402 5532 1530 5587 Gen.
1573 5550 1753 5597 nvtn,
1787 5537 1870 5591 i6.
1944 5539 1986 5569 “
2021 5537 2151 5591 Gen.

2269 5554 2356 5599 xu,
2402 5537 2488 5590 9.6.
2563 5536 2607 5566 "
2659 5537 2782 5588 ibid.
2825 5535 2912 5590 38.
