4076 6338
165 322 283 384 925

1300 331 1837 390 PERlSTERlA.—
1855 336 2111 396 SECTIO
2126 341 2228 399 XI.

3252 347 3354 407 926

167 428 476 499 ἀνθρώπων
510 432 761 499 στήσεται
800 431 930 500 πρὸς
956 431 1141 502 ῥώμην
1166 435 1455 502 ίσχύσασαν
1477 438 1718 505 συμπλα-

1829 451 1932 494 ret:
1957 444 2055 497 Abi
2095 447 2332 502 conlisus
2359 447 2459 502 hoc
2489 449 2696 503 robore.
2732 448 2861 514 Quis
2885 452 3028 502 enim
3075 451 3352 503 hominum

166 517 343 582 κῆναι
377 518 490 587 Θεῷ
518 535 532 582 ;
562 519 749 570 Ἔνθεν
780 519 870 571 καὶ
917 520 944 571 6
993 524 1231 587 γενναῖος
1265 526 1326 592 τῇ
1357 523 1528 576 ἐλπίδι
1559 525 1717 577 Δαόὶδ

167 601 464 665 διώκοντος
488 606 644 658 αὐτὸν
674 608 767 659 τοῦ
808 607 1118 676 Ἀδεσαλὼμ
1159 611 1295 677 μετὰ
1333 611 1439 662 τῶν
1470 615 1717 682 μαχίμων

168 696 384 758 παντὸς
407 695 497 747 τοῦ
526 695 676 757 λαοῦ,
707 697 853 762 ἔλεγε
877 698 1162 760 πεποιθώς·
1193 718 1210 749 ι
1237 700 1310 751 Οὐ
1342 702 1719 772 φοϐηθήσομαι

171 784 294 835 ἀπὸ
318 785 582 854 μυριάδων
606 783 733 837 λαοῦ
755 786 860 837 τῶν
873 786 1048 855 κύκλῳ
1063 789 1540 858 συνεπιτιθεμένων
1557 808 1668 860 μοι·
1692 811 1711 842 ι

171 874 286 940 τὴν
320 875 555 944 φρουρὰν
588 879 682 944 τῆς
716 875 862 937 θείας
884 877 1156 946 δυνάμεως
1179 877 1546 948 δυνατωτέραν
1569 881 1721 944 εἰδὼς

169 962 296 1014 τῶν
323 963 653 1015 κυκλούντων
697 963 920 1032 ἐχθρῶν.
963 965 1070 1016 Καὶ
1121 966 1297 1017 πάλινο
1330 985 1348 1016 ι
1400 965 1488 1019 Ἐν
1532 970 1720 1038 είρήνῃ

172 1051 283 1102 ἀπὶ
329 1052 389 1104 τὸ
442 1051 572 1103 αὐτὸ
624 1051 1042 1122 κοιμηθήσομαι,
1090 1053 1181 1104 καὶ
1213 1054 1463 1116 ὑπνώσω,
1497 1057 1576 1108 ὅτι
1632 1056 1720 1122 σὺ,

173 1139 381 1209 Κύριε,
409 1140 546 1192 κατὰ
569 1141 733 1208 μόνας
755 1143 839 1192 ἐπ’
861 1142 1031 1194 ἐλπίδι
1057 1142 1376 1210 κατῴκησάς
1409 1160 1494 1212 με.
1527 1163 1545 1196 ι
1569 1144 1721 1196 Οὕτω

174 1226 299 1296 γὰρ
325 1223 393 1295 ἦν
419 1229 483 1296 τῇ
521 1227 694 1279 ἐλπίδι
714 1227 803 1280 τοῦ
829 1229 1125 1298 κρείττονος
1153 1229 1528 1298 ὠχυρωμένος,
1563 1230 1720 1299 μόνος

172 1312 288 1363 οὐκ
336 1313 585 1366 ἐδεδοίκει
620 1314 868 1366 τοσοῦτον
913 1315 1107 1384 πλῆθος
1146 1317 1369 1385 ἐχθρῶν,
1401 1318 1492 1369 καὶ
1535 1319 1723 1387 ἀμερί-

177 1419 337 1468 μνως
384 1402 494 1469 ἅμα
544 1402 620 1470 τῷ
657 1403 1002 1473 ἀνακλιθῆναι
1063 1405 1363 1468 ἐκάθευδεν,
1397 1407 1722 1474 ἀγρυπνοῦν-

175 1509 295 1544 των
357 1495 421 1563 τῇ
478 1495 713 1563 φροντίδι
773 1496 1011 1560 ἐκείνων,
1058 1497 1149 1547 καὶ
1199 1497 1562 1565 τρυχομένων,
1609 1497 1721 1559 πῶς

176 1583 527 1650 -κεριέσονται
569 1586 618 1636 οι
656 1584 851 1636 πολλοὶ.¹
883 1584 973 1637 τοῦ
1008 1585 1142 1647 ἐνός.
1180 1586 1289 1637 Καὶ
1325 1585 1468 1654 μάλα
1495 1603 1556 1654 γε
1585 1585 1725 1638 εῐκόέ

176 1685 314 1731 τως.

759 1889 1002 1942 ΚΕΦΑΔ.
1057 1891 1172 1954 ις’.

259 2013 321 2065 El
357 2013 480 2082 γὰρ,
509 2013 583 2076 ὼς
609 2014 840 2082 εἴρηται,
886 2036 902 2065 ι
932 2015 1506 2085 Παρεμϐαλεῖἄγγελος
1523 2017 1724 2086 Κυρίου

179 2099 375 2168 κύκλῳ
397 2104 503 2154 τῶν
530 2101 891 2171 φοϐουμένω-λ’
917 2123 933 2152 ι
958 2104 1009 2154 τί
1041 2103 1326 2172 μοχθοῦσιν
1343 2107 1390 2156 οἱ
1411 2104 1604 2169 ἔξωθεν
1633 2123 1726 2156 κυ-

179 2189 442 2250 κλοῦντες
464 2191 714 2258 ἀνόνητα,
751 2191 845 2258 τῆς
865 2192 1269 2260 ἀσφαλεστέρας
1298 2193 1542 2261 φυλακῆς
1581 2193 1725 2245 ἐνδο-

178 2278 330 2348 τέρω
363 2279 664 2348 κυκλούσης
690 2279 778 2331 τὸν
805 2280 1023 2343 δίκαιον,
1055 2281 1144 2330 καὶ
1166 2280 1262 2340 τὰς
1284 2281 1475 2344 ἔξωθεν
1500 2281 1729 2332 κωλυού-

183 2383 287 2434 σης
319 2368 696 2436 καταδρομάς;
725 2367 788 2419 Τί
815 2367 869 2419 δέ
903 2369 996 2424 καὶ
1027 2371 1057 2436 ἡ
1088 2368 1433 2436 ἀκτημοσύνη
1462 2370 1549 2421 τὸν
1578 2371 1728 2436 φιλο-

183 2455 481 2522 σοφοῦντα,
515 2457 609 2508 καὶ
649 2455 978 2523 ἀσκούμενον
1011 2457 1168 2507 αὑτὸν
1197 2457 1389 2516 ἀδικεῖ,
1419 2457 1539 2507 οὒτε
1574 2475 1731 2526 φρον-

178 2545 305 2596 τίδα
366 2544 464 2612 τῆς
511 2543 618 2614 τῶν
663 2543 899 2610 ματαίων
949 2541 1136 2609 ἔχοντα
1188 2544 1427 2609 φυλακῆς
1489 2546 1580 2594 καὶ
1631 2545 1730 2610 τῆς

182 2631 379 2700 χρείας
435 2632 594 2699 ἡνίκα
648 2626 894 2698 βούλεται
945 2628 1292 2696 εὐποροῦντα,
1349 2631 1445 2696 τῆς
1508 2630 1730 2689 κτίσεως

181 2721 409 2788 ἀπάσης
443 2720 813 2788 ὑπηρετούσης
837 2718 908 2779 ὡς
940 2718 1175 2787 Δεσπότῃ
1207 2719 1416 2770 πάντων
1444 2717 1610 2785 αὐτῷ,
1639 2717 1730 2769 καὶ

181 2809 601 2877 δωροφορούσης
620 2809 684 2860 τὰ
711 2808 1012 2875 καταθύμια
1042 2807 1359 2869 σπουδαίως,
1385 2808 1472 2859 ὅτε
1502 2807 1732 2874 μάλιστα

182 2901 303 2958 τοῖς
339 2897 540 2965 κομῶσι
567 2897 640 2965 τῷ
661 2898 889 2964 πλούτῳ,
932 2898 1020 2947 καὶ
1056 2897 1188 2949 αὐτά
1215 2899 1281 2948 τὰ
1312 2897 1407 2964 τῆς
1435 2895 1731 2961 ἀναγκαίας

176 2988 474 3054 ἐπιτήδεια
493 2987 757 3038 ἐπιλείπει
779 2987 1011 3054 τροφῆς
1044 2988 1189 3038 Ποῖοι
1220 2987 1323 3057 γὰρ
1363 2988 1419 3037 ἐν
1447 2987 1554 3046 τοῖς
1595 2988 1733 3036 ιστο-

187 3077 477 3146 ρουμένοις
513 3076 684 3145 λιμοίς
715 3076 863 3145 παρά
887 3078 949 3144 τῇ
985 3076 1099 3143 θείᾳ
1121 3076 1302 3143 Γραφῇ
1350 3075 1448 3125 οὒκ
1475 3073 1737 3141 ἐκενώθη·

181 3185 295 3228 σαν
347 3166 589 3229 πλοῦ-,τοις
627 3167 778 3218 Ποίαι
823 3164 928 3216 τῶν
958 3165 1302 3232 γεννημάτων
1350 3164 1449 3214 οὐκ
1489 3162 1737 3214 ἐπέλιπον

183 3255 470 3324 ἀποθῆκαι
491 3273 504 3318 ;
527 3257 615 3307 ὅτε
643 3257 951 3324 προφητικὴ
982 3253 1190 3318 γλῶσσα
1239 3251 1478 3320 οὐρανὸν,
1512 3253 1601 3302 καὶ
1649 3251 1734 3300 νέ-

192 3362 297 3417 φη,
330 3347 419 3396 καὶ
454 3347 557 3411 γῆν
599 3345 810 3396 ἃπασαν
842 3343 1211 3408 ἀπεστὲρωσεν
1242 3341 1371 3408 ἅμα,
1416 3341 1502 3390 ὅτε
1551 3338 1737 3406 πηγῶν

196 3435 304 3501 μὲν
346 3433 400 3496 ἐξ
435 3433 658 3497 ἀδύτων,
691 3431 868 3483 αὐτῶν
897 3428 1262 3498 ἐξηράνθησαν
1299 3427 1508 3494 φλέϐες.
1553 3427 1738 3487 Ψεκάς

191 3522 254 3590 δὲ
287 3524 377 3571 καὶ
400 3521 582 3590 δρόσος
601 3520 802 3587 ἀνωθεν
825 3519 919 3570 οὑκ
938 3520 1126 3570 ἔπεσεν
1152 3519 1244 3568 ἐπὶ
1265 3518 1386 3585 γῆν,
1411 3515 1738 3584 ἐλιθώθησαν

193 3610 254 3661 δὲ
290 3609 534 3670 πεδιάδες
558 3609 886 3676 πολυχρονίῳ
919 3607 1126 3676 αὐχμῷ,
1159 3608 1217 3658 οὐ
1254 3608 1409 3668 πόαν,
1437 3609 1495 3659 οὐ
1525 3610 1732 3676 χόρτον,

193 3696 303 3748 οὐκ
331 3696 482 3758 ἀνθος
522 3696 720 3765 ἠρινὸν.
775 3695 1136 3764 βλαστήσασαι
1173 3695 1434 3762 οὐδαμοῦο
1474 3697 1559 3746 ὅτε
1610 3713 1739 3763 κτη-

195 3785 332 3846 νῶν,
353 3786 444 3836 καὶ
461 3785 680 3854 θηρίων,
724 3786 815 3836 καὶ
854 3785 1067 3853 πτηνῶν
1095 3784 1424 3852 θνησιμαίων
1453 3784 1740 3852 ἐπεπλήθει

194 3875 338 3945 ὄρη,
395 3875 488 3927 καὶ
543 3875 858 3942 φάραγγες,
913 3876 1043 3924 νέων
1095 3874 1148 3925 δέ
1213 3875 1303 3925 καὶ
1364 3875 1741 3943 γεγηρακότων

195 3962 500 4035 ἀνθρώπων
521 3961 696 4030 οἶκτος
726 3960 791 4032 ἦν
825 3965 915 4014 καὶ
947 3963 1169 4024 ἐλεεινὸς
1195 3963 1311 4015 κατ’
1339 3963 1512 4030 ὀλίγον
1543 3980 1739 4031 μαραι-

194 4051 438 4118 νομένων
462 4054 489 4103 ό
523 4051 743 4113 θάνατος
770 4069 781 4082 ⁸
843 4053 960 4119 δψις
994 4054 1049 4104 δέ
1073 4051 1176 4102 τῶν
1201 4053 1530 4120 τεθνηκότων
1558 4052 1740 4117 ἀηδὴς,

197 4140 303 4208 καὶ
334 4140 619 4207 ἀφόρητος,
666 4139 947 4207 μυδώντων
995 4140 1130 4191 κατὰ
1170 4141 1263 4200 τὰς
1293 4140 1492 4207 ἀγορὰς
1517 4139 1623 4190 τῶν
1651 4155 1745 4188 σω-

201 4232 415 4302 μάτων,
453 4232 546 4282 καὶ
574 4230 857 4297 λυθρὼδεις
879 4229 1286 4291 ἀποσταζόντων
1306 4228 1583 4292 εσταγόνας
1604 4245 1616 4257 ·
1654 4230 1744 4280 καὶ

1818 534 2029 586 resistet
2060 534 2376 599 fortitudini,
2407 551 2527 604 qua:
2555 552 2677 591 cum
2705 536 2810 590 Deo
2842 537 3114 589 colluctari
3156 537 3356 590 valuit?

1821 617 1968 673 Unde
2005 630 2058 674 et
2082 636 2376 689 generosus
2401 621 2563 675 David
2587 624 2698 690 spei
2720 623 2929 690 plenus,
2956 622 3080 674 dum
3108 621 3353 674 Ahsalom

1817 725 1936 762 eum
1963 710 2179 762 delectis
2213 711 2376 764 totius
2405 711 2585 778 pepuli
2618 711 2878 764 militibus
2916 726 3037 763 eum
3071 725 3355 777 perseque-

1818 810 1982 861 retur,
2014 799 2337 850 conﬁdenter
2356 799 2530 850 aiebat
2566 816 2580 851 :
2625 816 2644 849 ι
2680 796 2794 850 Non
2832 799 3030 850 timebo
3068 797 3230 849 millia
3257 811 3357 863 po-

1818 884 1926 951 puli
1972 884 2348 937 circumdantis
2383 898 2468 937 me
2503 884 2558 935 in
2591 898 2777 952 gyrum
2800 883 2863 934 ⁹⁶.
2913 901 2931 932 ι
2967 881 3122 945 Quod
3166 880 3358 932 divinae

1819 971 2031 1024 virtutis
2064 972 2368 1038 prmsidium
2411 970 2950 1038 circumcingentibus
2981 969 3225 1021 hostibus
3264 981 3360 1034 po-

1819 1065 2016 1114 tenttus
2039 1075 2158 1114 esse
2184 1061 2360 1114 sciret.
2389 1061 2516 1112 item
2548 1076 2560 1112 :
2593 1075 2612 1107 ι
2641 1061 2698 1109 ιιι
2736 1071 2864 1126 pace
2893 1057 2945 1107 in
2975 1056 3202 1122 idipsum
3234 1056 3359 1107 dor-

1819 1145 2004 1207 miam,
2036 1154 2090 1198 et
2119 1146 2470 1212 requiescam,
2498 1144 2752 1212 quoniam
2789 1150 2865 1204 tu,
2894 1141 3135 1201 Domine,
3169 1141 3355 1208 singu—

1821 1229 2002 1282 lariter
2053 1229 2105 1282 in
2155 1245 2248 1297 spe
2287 1230 2606 1282 constituisti
2647 1243 2730 1280 me
2775 1228 2840 1277 θ’.
2876 1245 2893 1276 ι
2945 1228 3016 1278 lta
3058 1225 3198 1278 enim
3239 1235 3354 1276 erat

1822 1318 1969 1371 solus
2002 1333 2096 1386 spe
2143 1319 2379 1372 melioris
2411 1334 2503 1371 seu
2539 1317 2744 1370 cmlesti
2781 1314 3147 1374 conﬁrmatus,
3177 1320 3235 1365 ut
3267 1328 3354 1366 so-

1821 1406 1904 1458 lus
1951 1415 2150 1457 tantam
2189 1405 2578 1458 multitudinem
2627 1397 2860 1456 hostium
2908 1401 3127 1453 minime
3160 1410 3359 1452 metue-

1823 1501 1928 1556 ret;
1962 1492 2052 1544 sed
2081 1491 2241 1544 simul
2269 1491 2507 1544 cubitum
2536 1490 2893 1543 concessisset
2933 1489 3047 1540 sine
3076 1502 3203 1540 cura
3235 1491 3359 1539 dor-

1821 1582 1976 1632 miret
2009 1596 2021 1629 :
2069 1580 2172 1632 illis
2204 1580 2413 1632 interim
2457 1595 2564 1647 prae
2600 1577 2953 1630 sollicitudine
2995 1575 3357 1642 vigilantibus,

1823 1675 1875 1719 ct
1902 1683 2031 1720 cura
2062 1683 2117 1719 se
2143 1667 2552 1727 maecrantibus,
2587 1666 2856 1733 quomodo
2887 1661 3042 1715 multi
3074 1677 3179 1714 uno
3219 1663 3359 1730 [ροιί-

1754 1747 1795 1800 Β
1825 1766 2008 1809 rentur
2035 1774 2048 1808 :
2084 1767 2136 1810 et
2169 1757 2380 1824 quidem
2417 1755 2629 1808 merito.

2409 1886 2630 1940 CAPUT
2654 1886 2788 1940 XVI.

1895 2017 1950 2070 Si
1967 2018 2128 2079 enim,
2151 2018 2225 2069 uti
2252 2017 2449 2069 dictum
2474 2029 2582 2070 est:
2608 2037 2624 2067 ι
2650 2017 3132 2085 lmmittetangelus
3151 2017 3357 2070 Domini

1827 2109 1877 2158 in
1906 2107 2129 2159 circuitu
2162 2105 2459 2158 timentium
2485 2107 2665 2158 eum”
2703 2122 2715 2155 :
2748 2123 2766 2155 ›
2806 2099 2908 2157 cur
2931 2121 3070 2156 vano
3087 2105 3267 2157 labore
3301 2120 3358 2156 se

1826 2194 2134 2257 conﬁciunt,
2169 2195 2255 2261 qui
2286 2194 2490 2261 justum
2528 2195 2762 2246 exterius
2797 2193 3052 2246 inutiliter
3096 2208 3222 2261 gyro
3246 2194 3360 2246 cin-

1827 2294 1972 2354 gunt,
1998 2299 2154 2352 quem
2191 2285 2427 2336 securior
2460 2283 2696 2336 custodia
2737 2282 2960 2336 interius
2995 2281 3103 2349 jam
3136 2283 3362 2354 circum-

1828 2374 2039 2436 ntuniit,
2071 2388 2186 2441 qua:
2211 2373 2457 2425 incursus
2479 2381 2725 2423 externos
2755 2379 2916 2424 arcet.
2949 2368 3063 2433 Qua
3093 2371 3234 2422 enim
3283 2370 3364 2422 in-

1824 2463 1964 2530 juria
2029 2471 2312 2529 paupertas
2359 2458 2770 2527 philosophum,
2836 2465 2889 2509 et
2955 2458 3358 2508 exercitatorem

1832 2550 1984 2615 192
2012 2549 2183 2616 ipsum
2216 2550 2393 2609 alIicit,
2425 2563 2581 2613 quem
2625 2561 2794 2613 neque
2834 2545 3242 2596 vanissimarum
3277 2560 3362 2596 re-

1829 2652 1943 2688 rum
1999 2637 2236 2688 custodia
2297 2630 2613 2687 sollicitum~
2644 2634 2821 2696 habet,
2869 2639 2920 2685 ct
2958 2633 3041 2684 cui
3081 2631 3261 2684 omnia
3297 2635 3362 2684 a;l

1829 2739 1984 2778 usum
2017 2738 2114 2790 pro
2164 2723 2312 2774 libito
2354 2723 2622 2776 sufficiunt
2656 2744 2668 2778 :
2700 2727 3130 2794 quandoquidem
3190 2729 3365 2780 omnis

1829 2822 2067 2866 creatura
2097 2814 2143 2865 ei
2172 2812 2326 2864 veluti
2348 2814 2584 2865 omnium
2621 2814 2841 2868 Domino
2869 2817 3154 2876 subservit,
3185 2828 3239 2868 et
3266 2817 3365 2869 ob-

1831 2903 2072 2969 sequium
2115 2901 2370 2954 voluntati
2403 2901 2517 2968 t-jus
2554 2903 2808 2955 obnixum
2856 2906 2928 2956 uti
2954 2905 3152 2956 donum
3197 2904 3364 2967 allert,

1836 3005 1955 3043 cum
1989 2990 2113 3053 illis,
2153 2991 2242 3056 qui
2277 2991 2504 3045 maxime
2543 2993 2838 3060 gloriantttr
2873 2993 3089 3055 divitiis,
3136 3007 3253 3059 quae
3290 2991 3368 3044 vi-

1837 3080 1942 3132 ctui
1971 3088 2091 3131 sunt
2134 3082 2432 3132 necessario
2461 3096 2693 3148 congrua
2731 3090 2782 3133 et
2821 3082 2930 3148 ipsa
2965 3080 3368 3144 desunt?‘Quas

1836 3168 1975 3218 cnim
2011 3181 2135 3230 opes
2164 3153 2266 3216 non
2290 3168 2583 3219 cxhauscre
2613 3167 2800 3231 fames,
2821 3183 2940 3234 qua:
2969 3168 3156 3220 litteris
3178 3167 3368 3218 divinis

1835 3253 2054 3319 proditae
2088 3252 2336 3304 fuerunt?
2359 3253 2486 3316 Qua:
2514 3253 2722 3321 frugum
2759 3257 2945 3306 horrea
2989 3268 3092 3306 non
3121 3253 3370 3305 desume-

1836 3339 2000 3392 runt?
2030 3341 2241 3407 quando
2281 3340 2454 3408 lingua
2498 3343 2803 3410 pr0p|telica
2843 3343 3057 3406 uelum,
3090 3351 3140 3394 et
3179 3341 3368 3401 nubes,

1840 3435 2136 3492 terramque
2175 3427 2476 3481 universam
2510 3431 2668 3483 simul
2699 3431 3035 3494 oblivmavit;
3090 3445 3209 3483 cum
3247 3430 3368 3480 fon-

1839 3517 1967 3570 tium
1996 3517 2206 3583 quidem
2236 3532 2379 3571 venze
2427 3516 2479 3570 in
2521 3520 2646 3586 ipsis
2691 3520 2890 3572 telluris
2936 3519 3106 3588 adytis
3151 3532 3373 3571 exarue-

1840 3615 1995 3670 runt;
2027 3621 2198 3674 neque
2220 3606 2382 3669 stilla,
2407 3622 2580 3678 neque
2617 3623 2705 3662 ros
2735 3610 2959 3675 desuper
2985 3609 3172 3660 cecidit
3211 3603 3376 3672 super

1841 3706 2066 3756 terram;
2122 3695 2292 3762 campi
2334 3705 2510 3751 autem
2555 3697 2761 3750 diutino
2800 3698 3044 3763 squalore
3076 3697 3125 3747 in
3161 3710 3370 3749 saxeam

1841 3785 2182 3850 obriguerunt
2203 3783 2473 3844 duritiem,
2505 3799 2600 3837 nec
2631 3785 2880 3844 herbam,_
2913 3798 3012 3835 nec
3046 3782 3247 3842 fenum,
3277 3799 3371 3832 nec

1842 3872 2018 3924 liorem
2046 3887 2265 3922 vernum
2295 3871 2498 3938 uspiam
2533 3872 2881 3937 producentcs
2916 3889 2928 3921 :
2973 3870 3058 3921 ubi
3102 3870 3374 3935 jumento-

1843 3979 1958 4015 rum
1997 3973 2048 4015 et
2097 3961 2326 4013 ferarum
2358 3969 2514 4028 atque
2542 3963 2809 4013 \oluerum
2841 3957 3130 4011 demortuis
3151 3958 3376 4009 cadnvw-

1845 4054 1991 4105 ribus
2024 4053 2213 4118 oppleti
2244 4063 2392 4105 erant
2425 4064 2631 4107 montes
2660 4063 2710 4124 et
2756 4052 2953 4115 valles;
2987 4050 3260 4103 hominum
3290 4040 3375 4102 in-

1844 4156 2001 4209 super
2021 4143 2298 4208 juvenum,
2330 4157 2623 4209 senumque
2644 4142 2885 4209 planctus
2912 4149 3043 4202 erait,
3074 4141 3378 4206 sensimque

1845 4231 2329 4282 contabeseentium
2356 4245 2500 4284 mors
2529 4231 2865 4290 miserabilis,
2898 4238 3143 4296 aspectus
3166 4244 3377 4297 quoque

195 4322 321 4380 τοῖς
350 4318 480 4381 ζῶσι
515 4316 1072 4369 ποιούντων-θανάτου
1107 4317 1194 4368 τὸν
1217 4316 1327 4385 βίον
1370 4316 1736 4385 χαλεπώτερον

1844 4326 2174 4369 mortuorum
2220 4318 2458 4381 odiosus,
2495 4328 2652 4386 atque
2691 4317 3038 4370 intolerabilis
3073 4327 3376 4386 putrescen-

199 4407 406 4478 ὁρῶσιν
429 4408 488 4460 οὐ
520 4408 675 4476 μόνον
701 4407 888 4467 ταῦτα,
923 4407 1051 4474 ἁλλά
1077 4409 1167 4457 καὶ
1195 4408 1260 4458 τα
1287 4406 1392 4457 τῶν
1414 4407 1741 4457 ἐκπνεόντων

200 4500 292 4551 ἑτι
317 4498 476 4563 κακά,
506 4497 742 4568 μητέρας
768 4496 1189 4563 ἐπιδακρυούσας
1223 4498 1278 4546 ἐν
1307 4496 1522 4558 κόλποις
1549 4497 1744 4567 ψυχορ-

204 4588 584 4654 ραγοῦσι-ιοῐς
635 4585 922 4652 φιλτάτοις,
971 4585 1158 4646 παῖδας
1205 4585 1744 4654 παρακαθεζομένους

203 4673 468 4740 πατράσι,
506 4675 595 4725 καὶ⁵
633 4674 870 4744 πατέρας
914 4673 1309 4742 ψυχοῤῥαγοῦσι
1357 4675 1538 4725 παισὶν
1573 4673 1746 4740 ἐνδείᾳ

204 4761 435 4830 τροφῆς,
468 4763 652 4828 φίλους
674 4763 874 4825 ἀτενῶς
897 4764 1254 4830 προσέχοντας
1277 4765 1333 4814 ἐν
1359 4763 1435 4831 τῷ
1460 4763 1746 4815 ἀποπνέειν

207 4845 442 4915 παροῦσι
487 4846 676 4919 φίλοις,
727 4851 818 4899 καὶ
853 4849 1060 4915 φειδοῦς
1090 4850 1446 4916 τυγχάνοντας
1479 4848 1744 4915 οὐδαμῶς,

208 4932 505 4992 ἐνὺς’ῐσως
534 4933 852 5003 παραμυθία
892 4935 1082 5004 ψωμοῦ
1121 4936 1408 5003 δυναμένου
1444 4936 1745 5001 ἀνακτήσα-

212 5021 338 5074 σθαι
358 5019 598 5071 ἐκλεῖπον
621 5021 718 5091 ἤδη
739 5021 799 5072 τὸ
826 5023 1056 5089 πνεῦμα.
1077 5025 1332 5077 Τοσοῦτον
1358 5024 1461 5091 γὰρ
1490 5024 1520 5090 ἡ
1541 5023 1746 5089 ἀνάγκη

207 5109 309 5162 τοῦ
346 5109 501 5177 λιμοῦ
528 5110 750 5180 ἕκαστον
773 5111 961 5160 ἐαυτοῦ
999 5113 1191 5178 μᾶλλον
1214 5115 1319 5166 τῶν
1349 5114 1515 5167 ἄλλων
1539 5112 1749 5179 φροντί-

214 5199 333 5262 ζειν
366 5197 626 5265 βιάζεται.
677 5197 791 5250 Κᾶν
832 5198 906 5265 τῷ
954 5199 1163 5267 ἐλεεινῷ
1193 5202 1283 5252 τοῦ
1325 5201 1532 5271 πάθους
1562 5198 1637 5266 τῷ
1668 5200 1748 5252 ἐτι

223 5288 424 5355 μικρᾶς
460 5286 746 5354 ἀποροῦντι
781 5289 990 5356 τροφῆς.
1013 5289 1227 5357 οἰκτρὰν
1271 5292 1362 5342 τοῦ
1403 5289 1761 5351 τελευτῶντος

217 5376 450 5450 δείκνυσι
494 5377 590 5444 τὴν
624 5375 912 5439 ἀπώλειαν,
961 5378 1189 5446 κάκείνῳ
1218 5381 1506 5448 συμπαθῶς
1544 5380 1750 5442 ἐπιστέ-

1849 4407 1988 4458 tibus
2023 4407 2216 4473 passim
2253 4421 2344 4475 per
2373 4405 2486 4459 fora
2523 4406 2858 4473 corporibus,
2899 4415 2951 4458 et
2976 4406 3124 4458 sanie
3155 4406 3377 4471 taboque

1848 4495 2222 4555 difﬂuentibus.
2259 4509 2378 4564 quae
2427 4495 2726 4548 viventibus
2777 4494 2936 4546 vitam
2985 4503 3152 4546 morte
3196 4491 3372 4542 redde-

1851 4583 1977 4634 bant
2014 4583 2304 4646 duriorem,
2342 4583 2596 4639 non.ista
2655 4589 2860 4653 tantum
2921 4580 3238 4636 videntibus,
3285 4578 3375 4626 sel

1853 4682 2104 4740 prmterca
2134 4672 2448 4740 spirantium
2476 4671 2650 4724 adhuc
2679 4671 2810 4723 mala
2833 4687 2848 4735 ;
2870 4679 3061 4721 matres
3089 4667 3372 4731 deploran-

1851 4773 1928 4813 tes
1958 4754 2148 4815 liberos
2177 4761 2519 4816 charissimos
2559 4761 2610 4814 in
2652 4760 2875 4814 sinubus
2907 4758 3136 4808 animant
3175 4753 3376 4820 agitan-

1851 4861 1951 4913 tes,
1986 4851 2121 4904 tilios
2147 4851 2475 4918 parentibus,
2503 4859 2554 4902 et
2588 4857 2831 4920 parentes
2869 4843 2990 4897 liliis
3019 4855 3126 4908 prae
3154 4841 3376 4891 alimen-

1853 4948 2027 4990 torum
2074 4937 2291 5004 penuria
2358 4934 2726 4988 exhalantibus
2776 4929 3004 4981 animam
3058 4925 3373 4984 assidente-5.

1850 5027 2050 5081 amicos
2072 5026 2282 5077 assidue
2304 5023 2630 5074 adhaerentes
2655 5019 2840 5073 amicis
2866 5032 3038 5071 coram
3061 5015 3377 5085 exspiranti-

1851 5117 1982 5180 bus;
2011 5128 2106 5172 nec
2138 5113 2243 5164 ullo
2271 5126 2364 5163 eos
2389 5110 2726 5163 sublevantes
2747 5107 3006 5166 subsldio.
3025 5120 3145 5160 cum
3169 5103 3246 5153 vel
3275 5115 3372 5151 una

1850 5204 2002 5271 panis
2043 5201 2274 5254 buccella
2318 5198 2646 5250 deiicientem
2691 5194 3086 5263 tune-spiritum
3135 5185 3370 5245 reficere,

1851 5293 2163 5348 solatiumve
2200 5290 2410 5356 aliquod
2433 5289 2621 5344 aﬂerre
2645 5287 2916 5357 potuisset.
2954 5277 3094 5330 Talis
3125 5276 3264 5328 enim
3294 5288 3372 5329 est

1850 5378 2137 5439 necessitas
2180 5376 2354 5439 famis,
2395 5384 2450 5430 ut
2488 5382 2915 5443 unumquemque
2950 5364 3030 5419 sui
3082 5361 3231 5429 193
3280 5379 3372 5427 νο*

289 5559 338 5612 9’
381 5557 521 5639 Paul.
583 5573 662 5621 ιιι,
718 5557 768 5610 7.
847 5559 885 5588 "
927 5557 1066 5610 Psal.
1105 5575 1173 5625 tv,
1209 5558 1257 5610 9.
1337 5516 1378 5591 δέ
1413 5557 1552 5610 i'sal.
1589 5575 1770 5619 xum,
1801 5559 1850 5611 8.
