4076 6338
626 228 724 320 921

2076 266 2136 324 S.
2186 265 2355 323 NlLl’

3688 257 3810 316 9‘23

630 369 754 431 tius,
786 382 945 435 quam
989 367 1216 422 aliorum
1254 383 1437 423 curam
1466 370 1659 424 habere
1687 379 1861 439 cogat.
1890 369 1975 434 Et,
2014 368 2156 437 quod

2272 386 2419 434 ιοντι,
2439 369 2528 422 καὶ
2548 370 2641 438 τὴν
2674 370 2877 421 οίκιίαν
2900 366 3159 420 ἐννοοῦντι
3188 365 3553 433 ἀπαραίτητον
3580 366 3806 433 χρείαν,

630 456 681 505 in
716 453 818 506 hoc
847 455 988 507 malo
1021 457 1251 509 maxime
1281 456 1661 522 miserandum,
1701 459 1787 511 cui
1825 454 2001 512 adhuc
2034 472 2164 525 pau-

630 540 793 592 lulum
822 541 994 593 victus
1026 551 1291 609 superest,
1319 544 1617 597 miserabile
1650 544 1925 598 morientis
1957 544 2007 596 in
2028 558 2158 597 ocu-

629 628 707 681 los
732 628 938 696 ingerat
965 631 1211 695 exitium,
1243 632 1332 698 qui
1363 626 1466 685 uno
1510 632 1802 700 eodemque
1831 640 2088 701 tempore,
2110 641 2162 685 et

630 715 703 767 illi
739 729 838 783 pro
871 716 1060 770 affectu
1102 719 1446 775 immanitatis
1475 721 1792 787 ingemiscit,
1814 730 1867 774 et
1894 721 2161 789 propriam

631 802 997 856 necessitatem
1030 806 1379 860 inevitabilem
1402 808 1619 876 c0gitat,
1658 797 1851 876 suique
1874 809 2043 876 ipsius
2071 824 2163 863 cu-

631 903 742 942 ram
765 892 1023 957 potiorem
1049 894 1215 959 ducit,
1236 910 1393 963 quam
1419 897 1659 965 proximi.
1686 895 1822 962 Quid
1849 897 2163 965 profuerunt

610 982 756 1030 .tunc
784 979 1047 1046 epulentis
1087 985 1431 1049 pecuniarum
1489 984 1756 1050 thesauri;
1791 985 1879 1039 ubi
1921 985 2161 1040 frumen-

632 1071 770 1126 tum,
804 1068 948 1131 quod
974 1083 1142 1131 emas,
1176 1071 1360 1124 nullihi
1392 1072 1509 1126 est?
1539 1071 1675 1137 Quid
1715 1088 1843 1131 vero
1871 1073 2049 1127 lances
2078 1089 2163 1126 ar-

553 1208 557 1211 .
633 1156 771 1222 genti
805 1158 1112 1224 ponderosa:
1161 1159 1431 1227 juverunt,
1485 1177 1605 1231 qua:
1651 1177 1760 1231 pra:
1807 1164 2159 1216 obsoniorum

634 1245 855 1308 penuria
885 1245 1148 1313 abiecta?
1173 1247 1312 1300 Nihil
1346 1249 1486 1301 enim
1524 1250 1746 1303 istorum
1778 1250 1969 1303 famem
1992 1251 2161 1314 sedat,

636 1342 806 1396 neque
831 1346 1019 1387 curare
1044 1336 1183 1391 valet
1214 1346 1521 1403 egestatem.
1550 1336 1771 1391 Cessent
1792 1347 1934 1392 artes
1966 1352 2162 1408 coquo-

637 1430 775 1480 rum,
803 1432 978 1474 cessat
1020 1420 1308 1476 dexteritas
1354 1418 1963 1491 perita'pocillatorum;
1992 1430 2166 1478 cessat

637 1503 959 1573 reliquorum
994 1508 1410 1563 ministeriorum
1441 1511 1614 1574 turba,
1646 1496 1902 1565 feriantur
1930 1510 2165 1563 frumen-

635 1594 775 1657 tarii,
813 1603 864 1647 et
897 1593 1201 1650 cenditorcs
1242 1598 1503 1665 ciborum,
1550 1597 1814 1653 feriantur
1852 1597 2164 1675 cupediarii,

2247 457 2355 520 ,καὶ
2402 457 2598 526 μᾶλλον
2624 456 2977 525 ⁵λογιζομένου
3021 446 3112 506 τοῦ
3152 455 3317 515 πέλας
3356 455 3433 515 είς
3470 451 3809 525 κηδεμονίαν

2261 546 2676 615 ἀναγκαιότερον
2701 546 2908 598 ἐαυτόν.
2944 546 3007 597 Τί
3036 544 3247 613 ὤνησαν
3268 545 3392 605 τοὺς
3429 540 3808 611 πολυχρύσους

2262 636 2380 689 τότε
2418 636 2468 689 οί
2523 635 2630 687 τῶν
2676 635 2966 705 χρημάτων
3022 632 3299 701 θησαυροὶ,
3350 631 3448 683 οὐκ
3505 630 3657 691 ὄντος
3714 630 3803 691 είς

2264 725 2499 795 συνωνὴν
2519 724 2749 793 οὐδαμοῦ
2779 724 2956 785 citos;
2984 723 3047 775 Τί
3073 722 3129 773 δέ
3155 724 3203 773 oi
3224 720 3315 772 τοῦ
3344 710 3599 788 ἀργυρίου
3615 742 3621 748 ·
3638 716 3809 769 πολυ-

2260 815 2503 870 τάλαντοι
2550 813 2905 883 ἐχρησίμευον
2952 812 3193 873 πίνακες,
3233 809 3375 877 ὄψων
3407 808 3605 877 ἀπορίᾳ
3634 823 3827 876 ,παρι-Δ

2260 899 2574 971 ερριμμίνοι
2598 916 2613 964 ;
2637 898 2800 951 Οὐδὲν
2832 898 2935 968 γὰρ
2966 897 3165 948 τούτων
3195 894 3556 965 παρεμυθεῖτο
3581 896 3797 955 πεῖναν,

2259 988 2379 1040 οὐδὲ
2406 984 2470 1057 ἦν
2498 987 2699 1040 ἔνδειαν
2732 986 3061 1055 θεραπεῦσαι
3090 985 3309 1053 μίκανόν.
3340 985 3578 1053 Ἦργουν
3606 983 3798 1051 τέχναι

2263 1070 2554 1140 μαγείρων,
2599 1072 2796 1140 ἡργουν
2846 1063 3093 1140 οίνοχόων
3142 1071 3441 1142 ἐμπειρίαι,
3488 1070 3644 1138 ἧργει
3690 1067 3800 1135 τῆς

2260 1154 2421 1225 ἄλλης
2450 1159 2737 1223 ,διακονίας
2783 1162 2810 1213 ὁ
2862 1161 3104 1229 θόρυϐος,
3162 1158 3445 1228 ἐσχόλαζον
3501 1158 3797 1215 σιτοπόνοι,

2261 1245 2544 1314 ἐσχόλαζον
2576 1248 2917 1317 μελιπῆκται,
2950 1246 3234 1317 ἐσχόλαζον
3261 1250 3309 1299 oi
3336 1246 3442 1299 τῶν
3469 1247 3600 1315 πρὸς
3629 1243 3800 1297 αύλδν

2260 1334 2354 1386 καὶ
2381 1332 2606 1405 κιθάραν
2630 1319 2859 1403 ᾀδόντων
2888 1336 3054 1405 χοροί.
3080 1337 3287 1397 Πάντας
3309 1335 3415 1403 γὰρ
3439 1334 3629 1395 αὖτοὺς
3649 1328 3803 1400 εἶχεν

2246 1422 2392 1490 νὸμοῦ
2443 1422 2539 1491 μία
2599 1422 2698 1490 τῆς
2755 1423 2961 1486 ἐνδείας
3014 1426 3297 1492 κατήφεια,
3334 1420 3431 1475 και
3475 1422 3531 1473 ἐν
3580 1422 3802 1473 ἔστενον

2263 1510 2517 1571 ἅπαντες,
2571 1510 2802 1580 ἀπορίαν
2853 1516 3071 1581 τροφῆς.
3114 1514 3176 1564 Τί
3209 1514 3266 1579 δέ
3308 1514 3430 1574 τοὺς
3476 1513 3593 1564 κατ’
3620 1513 3804 1563 ἐκεῖνο

2263 1594 2451 1664 καιροῦ
2482 1595 2717 1659 δικαίους
2759 1596 2985 1666 ἐσλαψεν
3020 1601 3053 1668 ἡ
3079 1599 3317 1662 ἑκούσιος
3351 1601 3540 1660 σπάνις
3562 1600 3666 1650 τῶν
3697 1612 3807 1648 που

636 1678 892 1734 feriantur
948 1683 1191 1747 tibicines
1255 1692 1309 1738 et
1363 1686 1568 1739 cithara
1628 1687 1930 1739 canentium
1994 1684 2164 1738 chori.

2272 1682 2498 1751 λυτίμων
2544 1684 2715 1747 ὑλῶν,
2770 1687 3021 1755 ἑτοίμην,
3078 1688 3319 1755 ὅπουπερ
3383 1686 3450 1739 ἂν
3499 1684 3806 1749 ἐϐούλοντο,

634 1762 830 1821 Omnes
854 1771 995 1822 enim
1027 1771 1184 1823 simul
1225 1785 1330 1824 una
1367 1774 1698 1827 necessitatis
1726 1774 1975 1827 maestitia
2014 1786 2168 1825 occu-

2275 1770 2605 1841 εύρήσαντας
2631 1774 2721 1826 καὶ
2751 1774 3121 1845 ἀταλαίπωρον
3150 1774 3450 1843 τράπεζαν;

633 1864 745 1923 pat.
776 1873 1043 1929 urnamque
1084 1861 1255 1916 rictus
1293 1864 1523 1932 inopiam
1569 1880 1752 1918 onmes
1827 1865 2197 1933 ingemiscant.
2235 1859 2376 1927 Quid
2422 1872 2599 1919 autem
2636 1879 2701 1920 eo
2757 1874 2993 1935 tempore
3063 1868 3361 1921 detrimenti
3411 1868 3588 1921 attulit
3635 1866 3810 1939 iustis

635 1946 966 2005 voluntarius
1032 1952 1385 2021 pretiosarum
1448 1969 1627 2008 rerum
1661 1953 1918 2022 defectus,
1969 1955 2059 2024 qui
2124 1958 2361 2022 paratam
2399 1952 2713 2025 facilemque
2759 1971 2994 2012 mensam
3041 1959 3343 2027 ubicunque
3389 1959 3589 2022 volunt,
3648 1958 3811 2010 iure.

634 2034 825 2093 niunt?

1197 2152 1421 2206 cspur
1452 2126 1613 2207 xvri.
1645 2182 1651 2187 η

709 2257 818 2311 Rex
850 2258 1010 2321 igitur
1046 2269 1160 2312 erat
1205 2269 1333 2312 tunc
1370 2263 1628 2330 temporis
1656 2254 1862 2327 Achab,
1896 2275 1950 2317 et
1998 2263 2166 2329 Elias,

647 2355 808 2413 atque
841 2345 1093 2402 Elissaeus
1147 2350 1417 2416 propheta
1446 2351 1489 2382 ”
1539 2368 1555 2403 :
1598 2350 1685 2402 ille
1736 2353 1950 2419 quidem
2001 2351 2167 2404 multa

612 2446 795 2487 .terraa
834 2437 1111 2503 possidens
1138 2437 1347 2507 jugera,
1386 2447 1460 2491 et“
1487 2451 1650 2506 opum
1694 2440 1975 2492 thesauros
2018 2438 2169 2492 lucu-

642 2523 832 2586 lentus,
868 2524 1063 2593 quippe
1086 2526 1301 2594 regios;
1342 2526 1392 2577 hi
1426 2539 1552 2578 vero
1594 2540 1771 2579 rerum
1810 2526 2048 2578 omnium
2076 2540 2168 2593 pe-

644 2614 790 2667 nitus
819 2616 992 2681 egeni,
1023 2615 1141 2668 sine
1185 2615 1313 2677 lare,
1346 2604 1466 2667 sine
1494 2617 1717 2682 pecunia
1750 2633 1764 2669 :
1807 2616 1895 2670 ille
1934 2631 2168 2685 purpura

643 2701 889 2763 amictus,
911 2710 965 2754 et
990 2717 1201 2756 omnem
1224 2712 1511 2771 apparatus
1548 2704 1675 2771 regii
1702 2709 1944 2773 pompam
1967 2704 2168 2760 circum

518 2832 519 2835 η
548 2852 549 2855 η
644 2804 700 2842 se
730 2789 1011 2856 obtinens;
1044 2792 1096 2844 hi
1140 2802 1317 2845 autem
1358 2793 1548 2859 melote
1582 2793 1737 2862 194
1762 2804 1816 2857 et
1854 2794 1989 2861 pelle
2016 2795 2171 2847 ovina

643 2878 895 2944 accincti,
930 2888 983 2931 et
1034 2878 1360 2932 famulorum
1415 2881 1714 2931 ministerio
1767 2879 2033 2933 destituti.
2080 2878 2173 2934 Ille

645 2976 818 3019 tamen
851 2975 1059 3024 montes
1092 2968 1435 3035 pererrabat,
1456 2974 1509 3018 et
1538 2966 1721 3027 valles,
1751 2966 1970 3021 herbam
2003 2969 2171 3020 ventri

645 3057 867 3108 solando
902 3056 1178 3124 requirens
1210 3073 1224 3109 :
1258 3055 1309 3106 hi
1352 3064 1552 3118 autem,
1583 3054 1671 3106 ubi
1702 3055 2013 3108 comedendi
2043 3066 2177 3109 tem—

646 3158 743 3211 pus
759 3159 851 3199 eos
872 3154 1204 3213 occupasset,
1233 3144 1303 3199 ibi
1337 3144 1679 3197 abundabant
1698 3144 1850 3213 copia
1873 3159 2176 3213 congruen-

2828 2155 3075 2208 KE‘DAA.‘
3113 2157 3209 2209 lZ’.
3237 2188 3241 2192 ι

2331 2223 2587 2329 Βαθιλιίις
2620 2260 2691 2338 ἦν
2724 2264 2923 2334 ’Δχαάσ
2948 2264 3087 2327 τότε,
3117 2264 3210 2316 καὶ
3244 2264 3426 2324 Ἠλίας
3448 2302 3462 2327 ,
3490 2264 3585 2315 καὶ
3619 2263 3813 2315 Ἐλισς

2266 2355 2414 2414 σαῖος
2444 2351 2719 2424 προφῆται
2737 2370 2763 2423 ο,
2796 2352 2827 2406 δ
2858 2352 2957 2422 μὲν
2994 2354 3085 2404 καὶ
3128 2352 3228 2419 γῆς
3258 2352 3590 2420 κεκτημένος
3621 2352 3809 2422 μέτρα

2265 2439 2459 2505 πολλὰ,
2493 2441 2587 2495 καὶ
2619 2442 2915 2512 χρημάτων
2962 2440 3263 2511 θησαυροὺς
3286 2482 3301 2505 ,
3349 2439 3423 2502 ὡς
3466 2440 3810 2509 βασιλικοὺς,

2265 2527 2501 2596 δαψιλεῖς
2519 2545 2533 2559 ·
2557 2522 2692 2582 olle
2719 2514 2991 2591 παντελῶς
3015 2528 3228 2596 ἄποροι,
3261 2528 3515 2591 ἀνέστιοι,
3546 2530 3801 2597 ἀχρήμα-

2265 2632 2375 2671 τοι⁹
2405 2621 2432 2672 ὁ
2464 2619 2563 2687 μὲν
2595 2618 2883 2688 ἁλουργίδα
2924 2618 3289 2686 ἠμφιεσμένος
3311 2658 3326 2681 ,
3355 2619 3450 2669 καὶ
3491 2614 3668 2671 πᾶσαν
3698 2618 3806 2685 τὴν

2269 2704 2550 2773 βασιλικὴν
2581 2704 2903 2773 περὶάύτδν
2933 2705 3068 2772 ἔχων
3112 2704 3333 2771 σκηνῂν.
3374 2705 3426 2753 οί
3448 2703 3506 2753 δέ
3545 2704 3803 2772 μηλωτὴν

2266 2789 2632 2859 διεζωσμέναι,
2677 2791 2772 2841 καὶ
2811 2788 3134 2859 λειτουργῶν
3185 2788 3575 2857 μεμονωμένοι.
3620 2790 3725 2840 Καὶ
3774 2792 3808 2841 ό

2272 2875 2371 2944 μιν
2400 2873 2498 2946 δρῃ
2520 2875 2750 2946 περιῄει,
2782 2878 2875 2928 καὶ
2905 2878 3093 2939 νάπας,
3129 2877 3355 2945 βοτάνην
3383 2877 3461 2937 είς
3488 2876 3808 2945 ποηφαγίας

2271 2964 2616 3034 παραμυθίαν
2647 2964 2943 3034 ἀναζητῶν.
2978 2967 3039 3018 Οί
3073 2966 3129 3018 δὲ
3153 2965 3278 3017 ἔνθα
3314 2964 3498 3035 καιρὸς
3534 2964 3809 3033 κατελάμ-

2273 3052 2399 3105 δανε
2430 3054 2650 3124 τροφῆς,
2677 3054 2794 3107 ἐκεί
2814 3054 2918 3106 τῶν
2942 3053 3283 3122 καταλλήλων
3312 3054 3572 3123 εὐπόρουν
3598 3053 3806 3105 σιτίων.

2286 3141 2610 3195 Ἐπέταττον
2643 3144 2789 3212 χήρα
2821 3142 3041 3209 κομίσαι
3067 3141 3262 3209 βρῶσιν
3291 3139 3491 3204 αὐτοῖς,
3516 3142 3609 3192 καὶ
3629 3141 3811 3208 δράκα
3882 3200 3890 3205 _

647 3233 778 3285 tium
813 3235 1080 3289 ciborum.
1117 3233 1505 3303 Prarcipiebant
1532 3234 1725 3299 viduae,
1768 3243 1824 3287 ut
1854 3235 1985 3302 ipsis
2015 3235 2168 3288 affer-

2278 3232 2443 3302 μόνην
2464 3220 2656 3300 ἔχουσα
2676 3230 2820 3285 ἔνδον
2844 3229 3089 3298 ἀλεύρου,
3115 3228 3270 3298 χορὸν
3292 3229 3493 3279 τέκνων
3518 3227 3813 3297 παρορῶσα

648 3329 729 3372 ret
759 3323 959 3390 dapes:
995 3332 1049 3377 et
1090 3339 1211 3377 cum
1240 3323 1497 3390 pugillum
1530 3324 1701 3376 solum
1735 3323 1955 3377 haberet
1990 3323 2168 3377 farinae

2277 3319 2662 3388 λιμωττόντων,
2693 3317 2900 3380 τούτοις
2952 3319 3031 3379 είς
3078 3316 3374 3384 ἐγκρυφίαν
3432 3315 3650 3382 πέψασα
3711 3314 3851 3385 τὴνέ

648 3409 813 3473 domi,
844 3413 1055 3464 turbam
1086 3411 1429 3464 esurientium
1460 3409 1689 3489 filiorum
1716 3412 2034 3478 despiciens,
2058 3413 2168 3468 istis

2272 3409 2443 3477 δράκα
2467 3409 2814 3477 προσέφερεν.
2836 3409 2947 3460 ούκ
2977 3404 3043 3476 ἦν
3075 3406 3301 3476 ἀμητδς,
3329 3406 3422 3458 καὶ
3442 3406 3648 3467 τούτοις
3669 3405 3814 3467 ἄλως

651 3498 905 3565 pugillutn
940 3499 1160 3566 piusens
1178 3515 1240 3551 ex
1270 3513 1334 3551 eo
1371 3513 1559 3565 panem
1606 3498 2019 3552 subcinericium
2050 3515 2177 3568 pro-

651 3586 872 3641 ferebat.
912 3588 1064 3641 Nuila
1095 3596 1411 3656 apparuerat
1434 3589 1624 3640 messis
1647 3604 1662 3652 ;
1684 3596 1735 3640 et
1758 3588 1907 3641 hisce
1937 3602 2032 3656 pro
2054 3588 2178 3641 'area

650 3688 767 3732 erat
816 3678 1046 3747 hydria:
1094 3677 1267 3746 campi
1315 3692 1421 3730 non
1476 3676 1687 3730 fuerant
1732 3678 1924 3731 consiti
1952 3694 1966 3743 ;
1999 3687 2053 3730 et
2096 3678 2180 3731 his

657 3765 871 3835 pluebat
899 3764 1100 3830 farina;
1139 3775 1275 3820 terra
1310 3765 1621 3834 infrugifera
1647 3776 1783 3826 erat,
1810 3776 1864 3819 et
1900 3783 1961 3819 ex
1993 3768 2178 3831 hr'lrii

651 3857 979 3923 germinabat
1007 3871 1157 3924 seges
1189 3870 1204 3909 :
1241 3857 1429 3911 harrea
1466 3856 1747 3910 frumento
1777 3858 1970 3923 stipata
2014 3857 2177 3909 dete-

653 3954 870 4010 ceraut;
903 3956 956 4000 et
988 3945 1220 4014 pugillus
1255 3960 1359 3999 non
1394 3945 1694 3998 deficiebat.
1730 3941 1808 3996 Ex
1856 3944 2044 3996 itinere
2082 3944 2179 3998 de-

658 4032 781 4087 fessi
832 4034 1191 4100 dormiebant,
1222 4044 1276 4088 et
1322 4042 1441 4102 post
1483 4048 1730 4087 somnum
1771 4035 2062 4101 experrecti
2112 4033 2181 4087 ab

656 4120 860 4187 angelis
888 4124 1081 4175 victum
1130 4122 1490 4176 necessarium
1514 4120 1846 4189 accipiebant
1864 4120 2018 4175 cihati
2043 4137 2181 4191 pane

653 4219 706 4260 et
731 4224 866 4276 aqua
902 4229 914 4263 :
944 4212 1071 4279 quin
1108 4212 1284 4280 potius
1321 4228 1441 4265 cmn
1477 4212 1776 4266 dormirent
1809 4212 2180 4267 excitabantur

655 4312 684 4349 ιι
714 4300 914 4350 sanctis
938 4301 1307 4364 potestatibus,
1332 4302 2024 4367 quemadmodum.Domini
2054 4316 2178 4356 evo-

654 4388 756 4439 cati
788 4402 813 4434 a
849 4382 1079 4447 famulis,
1103 4389 1193 4453 qui
1226 4387 1535 4440 deserviunt
1566 4388 1934 4454 hujuscemodi
1972 4390 2180 4451 usibus,

652 4475 717 4528 ad
755 4485 963 4540 paratas
993 4478 1197 4542 epulas.
1264 4474 1527 4543 Degehaut
1559 4477 1612 4527 in
1639 4476 1925 4530 solitudine
1949 4477 2181 4542 deserta,

653 4577 704 4619 et
727 4568 870 4620 corvi
900 4574 1089 4635 panem
1140 4566 1268 4633 ipsis
1305 4581 1366 4617 ex
1402 4566 1529 4618 orbe
1563 4574 1823 4619 terrarum
1869 4583 2023 4621 mane
2056 4567 2183 4622 affe-

2275 3499 2311 3565 ἡ
2339 3496 2492 3568 ὑδρία
2514 3496 2757 3563 ἐγένετω
2792 3497 3026 3567 ἄσπορος
3051 3498 3083 3564 ἡ
3109 3497 3313 3561 πεδιὰς,
3338 3497 3433 3548 καὶ
3459 3497 3670 3559 τούτοις
3693 3495 3816 3565 ὠμ-

2275 3586 2393 3656 6ρει
2418 3589 2478 3639 τὸ
2507 3588 2729 3657 ἄλευρον
2746 3605 2759 3618 ο
2787 3588 3033 3663 ἄκαρπος
3058 3591 3090 3655 ἡ
3126 3589 3214 3655 γῆ,
3242 3589 3333 3639 καὶ
3358 3588 3458 3655 τῆς
3486 3588 3669 3656 ὑδρίας
3692 3591 3811 3639 ἐτε-

2277 3675 2424 3745 θήλει
2456 3676 2515 3728 τὸ
2546 3677 2693 3746 λήϊον
2716 3695 2728 3707 ·
2760 3677 3000 3741 ἐξέλιπον
3030 3677 3297 3746 ἀποθῆκαι
3325 3676 3618 3739 πολύσιτοι,
3655 3676 3749 3728 καὶ
3775 3678 3812 3744 ή

2275 3763 2406 3835 δρέιξ
2442 3764 2539 3817 οὐκ
2574 3765 2878 3833 ἀπὲλειψεν.
2920 3765 3347 3835 Ὀδοιποροῦντες
3382 3764 3685 3829 ἐκάθευδον,
3720 3766 3816 3816 καὶ

2281 3854 2416 3921 μετά
2451 3852 2541 3906 τδν
2569 3852 2734 3907 ὕπνον
2778 3855 2906 3922 παρ’
2935 3855 3176 3921 ἀγγέλων
3211 3854 3499 3917 ἐσιτίζοντο
3524 3855 3817 3923 τὴννάναγ-

2280 3943 2454 4005 καίαν,
2502 3942 2659 4010 ἄρτον
2726 3942 2821 3993 καὶ
2855 3941 3017 4011 ὕδωρ,
3055 3945 3283 4010 τροφήν·
3333 3942 3527 4008 μᾶλλον
3579 3942 3636 3994 δέ
3684 3941 3817 3994 καθ·

2279 4026 2521 4089 εύδοντες
2569 4026 2903 4090 διυπνίζοντο
2950 4030 3099 4097 παρά
3146 4029 3252 4080 τῶν
3299 4030 3465 4095 ἁγίων
3512 4032 3813 4099 δυνάμεων,

2280 4117 2521 4188 καθάπερ
2543 4117 2792 4172 δεσπόται
2844 4118 3157 4186 καλούμενοι
3195 4118 3340 4185 παρὰ
3369 4118 3471 4169 τῶν
3509 4118 3817 4170 διακονούν-

2279 4226 2384 4264 των
2431 4212 2548 4273 ταῖς
2587 4212 2862 4272 τοιαύταις
2911 4211 3119 4280 χρείαις
3176 4210 3399 4262 οἰκετῶν
3448 4210 3540 4261 ἐπὶ
3595 4210 3819 4278 ἑτοίμην

2281 4299 2479 4354 ἑστίαν.
2510 4299 2751 4370 Ἕρημον
2781 4298 2976 4370 ᾤκουν,
3008 4302 3099 4353 καὶ
3136 4301 3366 4369 κόρακες
3398 4301 3578 4362 αὐτοῖς
3617 4301 3681 4353 ἐκ
3719 4300 3819 4367 τῆς

2280 4387 2603 4455 οἰκουμένης
2645 4388 2806 4456 ἄρτον
2850 4389 3214 4457 παρεκόμιζον
3237 4389 3313 4456 τῷ
3343 4387 3483 4455 πρωῒ
3506 4428 3519 4451 ,
3558 4388 3650 4439 καὶ
3682 4390 3815 4455 κρέα

2280 4473 2340 4525 τὸ
2381 4473 2627 4527 δειλινόν.
2678 4474 2844 4525 Πόθεν
2884 4475 3273 4541 λαμδάνοντες;
3310 4475 3383 4525 Ού
3434 4474 3540 4542 γὰρ
3592 4474 3821 4541 εὔπορος

2282 4562 2508 4623 οἰωνοῖς,
2553 4561 2645 4612 atat
2669 4560 2785 4611 τότε
2816 4562 2873 4611 ἐν
2898 4559 3038 4629 λιμῷ
3063 4601 3077 4624 ,
3110 4562 3141 4627 ἡ
3168 4559 3386 4626 τοιαύτη
3413 4559 3584 4628 τροφὴ
3610 4562 3820 4630 νεκρῶν

603 4724 611 4731 1
656 4659 858 4718 rebant,
883 4670 933 4710 et
978 4670 1193 4709 carnem
1232 4655 1608 4718 vestiet-tinam.
1644 4654 1703 4707 Et
1739 4656 2000 4709 undenam
2036 4658 2168 4711 acci-

2282 4651 2599 4719 είθισμένρις
2640 4650 2967 4721 παραμένειν
3017 4650 3167 4719 βορᾷ,
3210 4652 3303 4701 καὶ
3343 4650 3492 4718 μόλις
3538 4652 3616 4712 είς
3661 4653 3821 4719 κόρον

657 4748 898 4813 piebant?
920 4745 1023 4799 Nec
1040 4747 1179 4798 enim
1210 4745 1517 4797 alimentum
1560 4744 1865 4811 huiusmodi
1891 4745 2045 4801 facile
2068 4755 2184 4801 crat

660 4845 865 4905 paratu,
893 4847 945 4890 et
972 4837 1184 4905 quidem
1220 4831 1456 4902 temp‘ore
1490 4832 1681 4897 famis,
1718 4835 1786 4886 ab
1832 4835 2021 4900 avibus
2054 4851 2187 4889 con-

660 4928 826 4980 suetis
856 4927 1125 4979 immorari
1163 4927 1213 4978 iu
1265 4924 1581 4981 devorandis
1614 4923 1984 4985 cadaveribus,
2016 4933 2067 4976 et
2098 4925 2185 4978 vix

661 5014 782 5066 inde
826 5011 891 5063 ad
922 5013 1245 5065 saturitatem
1291 5012 1681 5086 recedentibus.
1717 5008 1781 5064 Et
1812 5009 1954 5078 quod
1987 5009 2189 5062 miran-

661 5105 785 5156 dum
812 5110 940 5154 tunc
962 5098 1209 5159 maxime,
1245 5100 1401 5160 etiam
1444 5101 1497 5152 in
1532 5110 1675 5154 tanta
1718 5116 1895 5153 rerum
1938 5113 2185 5153 necessa-

669 5194 859 5245 riarum
896 5188 1071 5257 inopia
1111 5188 1524 5243 eouvivasalios
1553 5190 1834 5258 dapsiliter
1867 5190 2186 5250 invitabant,

669 5295 763 5332 nec
790 5281 871 5333 sui
899 5288 1104 5334 tantum
1136 5276 1222 5328 tali
1257 5284 1494 5341 tempore
1523 5292 1706 5331 curam
1735 5267 2014 5343 habentes,
2032 5280 2186 5349 quasi

672 5370 826 5435 paulo
870 5376 989 5437 post
1036 5366 1135 5421 sibi
1189 5364 1339 5433 ipsis,
1388 5361 1471 5415 vel
1515 5377 1673 5429 aegre,
1712 5368 1794 5419 rel
1843 5367 1987 5422 nullo
2027 5368 2185 5422 etiam

749 5514 790 5543 ”
818 5515 879 5567 Η
915 5517 1037 5585 Reg.
1084 5533 1164 5569 xu
1200 5532 1339 5579 uti;
1375 5511 1438 5566 iV
1480 5512 1617 5583 lieg._
1644 5527 1722 5564 I-x
1751 5558 1763 5571 ,

2288 4741 2398 4793 ἔσθ’
2433 4741 2517 4792 ὅτε
2536 4740 2942 4809 ἐπιτυγχάνουσι
2964 4739 3179 4791 τούτων.
3199 4740 3306 4791 Καὶ
3325 4739 3383 4790 τὸ
3402 4738 3467 4807 δὴ
3489 4738 3818 4807 θαυμαστὸν,

2287 4833 2369 4885 ὅτι
2412 4829 2504 4883 καὶ
2531 4830 2832 4900 ἑστιάτορες
2866 4829 3037 4899 ἄλλων
3069 4830 3124 4880 ἐν
3167 4829 3358 4880 σπάνει
3380 4826 3486 4881 τῶν
3513 4829 3821 4894 ἀναγκαίων

2291 4920 2525 4986 ἐγίνοντο
2550 4918 2838 4985 φιλότιμοι,
2882 4917 2979 4985 οὐχ
3010 4914 3228 4987 ἑαυτῶν,
3262 4915 3420 4984 μόνον
3452 4915 3823 4983 φροντίζοντες

2288 5009 2346 5060 ἐν
2373 5007 2593 5073 τοιούτῳ
2623 5002 2796 5071 καιρῷ
2839 5002 2912 5063 ὼς
2954 5005 3068 5071 μετ’
3107 5002 3283 5067 ὀλίγον
3316 5001 3606 5068 δυσχερῶς,
3646 4997 3681 5067 ἦ
3726 5000 3820 5050 ού-

2290 5095 2468 5163 δαμῶς
2500 5092 2886 5160 εὐπορήσαντες
2921 5092 3157 5153 σίτου,-εί
3179 5091 3236 5143 τὸ
3257 5090 3391 5150 τέως
3415 5088 3678 5157 ὑπάρχον,
3697 5087 3824 5138 ἁνα-

2290 5181 2547 5237 λώσουσιν
2583 5181 2789 5249 ἕτερον
2834 5180 3100 5245 ἐξέτειναν
3130 5180 3186 5230 δὲ
3215 5179 3308 5228 καὶ
3350 5179 3430 5235 είς
3460 5176 3685 5234 πολλοὺς
3721 5174 3822 5227 ἀλ·

2290 5271 2411 5335 λους
2440 5272 2535 5342 τὴν
2572 5270 2776 5339 δωρεὰν
2820 5267 3054 5335 δαψιλῶς
3076 5306 3089 5328 ,
3134 5265 3194 5317 ού
3223 5280 3351 5315 ποτε
3384 5264 3451 5315 τὰ
3481 5262 3575 5329 τῆς
3603 5263 3826 5330 χάριτος

2294 5362 2583 5431 ἐπιλείψειν
2614 5342 3025 5424 πεπιστευμένοι
3048 5396 3062 5420 ,
3088 5355 3193 5413 ἓως
3232 5353 3451 5422 μένουσι
3481 5350 3696 5411 δίκαιοι,
3730 5350 3826 5401 σύ-
