4052 6336
700 351 801 412 931

707 551 833 602 mini
864 548 1301 602 resurrectionem
1324 556 1443 616 post
1467 557 1574 603 tres
1601 552 1712 605 dies
1732 549 1908 604 dicere
1923 551 2227 621 impossibi-

708 641 829 705 lem,
852 640 987 695 dum,
1002 651 1064 691 re
1088 637 1250 691 simili
1274 636 1500 690 similem
1526 620 1837 693 credibilem
1856 620 2159 706 persuadet.
2181 648 2235 694 et

668 759 671 761 -
705 728 938 781 volentes
956 726 1190 781 cavillari
1211 739 1315 779 non
1347 726 1473 778 sinit
1498 726 1829 793 impudenter
1845 742 2036 781 novum
2068 729 2231 781 mira-

703 816 877 868 culum
903 816 1138 878 eludere,
1164 814 1287 870 dum
1318 815 1483 867 veteri
1513 815 1776 869 miraculo
1808 816 1860 868 in
1888 814 2225 885 manifestam

705 904 1087 973 impudentiam
1119 918 1210 956 cos
1234 916 1587 972 prorumpere
1610 913 1773 957 vetat.

1184 1036 1335 1105 197
1373 1034 1594 1089 CAPUT
1628 1033 1744 1087 xx.

770 1146 965 1201 Eodem
994 1147 1150 1200 modo
1177 1155 1236 1198 ut
1269 1161 1335 1199 ne
1361 1147 1540 1198 dicant
1567 1146 1802 1213 quinque
1830 1158 2029 1213 panum
2060 1144 2227 1197 mira-

697 1238 901 1303 culum,
927 1253 957 1291 e
981 1232 1172 1305 quibus
1214 1236 1431 1289 saturati
1466 1243 1593 1287 sunt
1622 1234 1859 1288 virorum
1891 1234 1956 1286 ad
1995 1233 2228 1301 quinque

701 1327 866 1380 millia
895 1328 937 1387 ⁵,
977 1326 1087 1379 tleri
1137 1340 1243 1379 non
1294 1326 1533 1394 potuisse
1574 1341 1590 1379 :
1625 1324 1805 1377 decem
1855 1323 2082 1390 panibus
2121 1321 2222 1373 ho-

701 1417 874 1470 mines
900 1423 1109 1469 centum
1148 1415 1293 1469 laute
1338 1420 1668 1481 exceperunt
1710 1410 1900 1465 l‘amuli
1934 1411 2078 1478 ejus,
2112 1409 2228 1463 exi-

700 1520 801 1573 guo
830 1504 1091 1558 miraculo
1127 1502 1285 1555 veluti
1313 1503 1533 1570 pignore
1559 1499 1935 1567 promittentes
1966 1499 2228 1567 majus,et

698 1592 840 1662 quod
874 1593 926 1643 in
956 1591 1150 1645 minori
1181 1591 1443 1644 miraculo
1488 1588 1650 1643 semel
1680 1587 1792 1642 ﬂeri
1831 1589 2023 1656 potuit,
2055 1588 2215 1641 etiam

692 1680 753 1735 in
792 1682 979 1748 maiori
1010 1682 1358 1736 ostenderunt
1400 1680 1694 1748 possibile;
1744 1680 1989 1744 materia,
2021 1689 2074 1732 et
2101 1693 2222 1731 cum

2159 356 2218 414 S.
2255 354 2416 414 NILI

610 495 617 501 -
708 464 1051 527 incorruptus
1076 459 1097 489 ⁸
1129 476 1148 508 ι
1183 471 1278 512 ora
1311 459 1541 514 obstruit
1584 460 1767 514 iisdem
1797 461 2094 516 volentibus
2131 460 2216 513 Do-

2336 478 2517 515 στασιν
2540 463 2714 529 λέγειν
2744 462 2833 515 τοῦ
2867 463 3067 531 Κυρίου
3091 463 3362 526 ἀδύνατον,
3396 465 3757 534 πιστούμενος
3790 468 3864 537 τῷ

3740 408 3741 411 η
3764 360 3865 421 932

2328 551 2493 619 ὁμοίῳ
2534 552 2593 603 τὸ
2637 552 2836 620 ὅμοιον,
2872 553 2965 605 xal.
3007 555 3117 614 τοῖς
3160 554 3459 622 ἐρεσχελεῖν
3512 555 3758 609 ιθέλουσι
3802 558 3860 610 σύ

2332 640 2623 709 συγχωρῶν
2665 640 3031 693 ἀναιδεύεσθαι
3062 643 3196 711 πρὸς
3239 643 3299 694 τὸ
3341 644 3527 713 νεαρὸν
3568 642 3756 714 θαῦμα
3791 645 3863 715 τῷ

2332 725 2543 794 παλαιῷ
2584 726 2941 795 κωλυομένοις
2985 728 3082 797 τῆς
3112 730 3416 799 προφανοῦς
3455 731 3859 801 ἀναισχυντίας.

2908 1050 3149 1110 ΚΕΦᾹΛ.
3192 1055 3273 1109 κ’.

2394 1158 2578 1222 Οὕτως
2598 1160 2685 1212 ἴνα
2722 1160 2795 1231 μὴ
2824 1160 3020 1228 λέγωσι
3055 1163 3114 1216 τὸ
3144 1165 3250 1218 τῶν
3273 1166 3432 1220 πέντε
3465 1169 3649 1239 ἄρτων
3678 1175 3854 1243 παράο

2325 1248 2491 1314 δοξον,
2522 1243 2679 1313 ὲξῶν
2709 1251 3071 1323 ἑκορέσθησαν
3096 1253 3146 1307 oi
3179 1259 3616 1326 πεντακισχίλιοι,
3644 1261 3860 1331 ἀμήχα-

2325 1351 2436 1400 νον,
2464 1336 2590 1389 δέκα
2622 1337 2804 1407 ἄρτοις
2842 1340 3139 1407 φθάσαντες
3164 1343 3356 1397 ἑκατὸν
3388 1347 3738 1410 ἐδεξιώσαντο
3769 1350 3858 1403 ἄν-

2325 1426 2455 1495 δρας
2478 1426 2528 1477 οἱ
2550 1425 2750 1480 δοῦλοιο
2789 1429 2969 1499 μικρῷ
3006 1430 3242 1499 θαύματι
3267 1434 3403 1497 τέως
3438 1434 3779 1505 ἔγγυώμενοι
3802 1439 3859 1493 re

2328 1515 2528 1582 μεῖζον,
2554 1516 2646 1567 καὶ
2680 1516 2737 1568 τδ
2766 1517 2911 1581 ἅπαξ
2940 1521 3225 1588 γενόμενον
3251 1526 3307 1574 ὲν
3336 1524 3576 1578 ἐλάττονι
3616 1528 3855 1594 δυνατὸν,

2326 1603 2416 1655 καὶ
2437 1605 2493 1654 ὲν
2527 1604 2727 1671 μείζονι
2749 1605 3050 1671 δεικνύντες
3082 1609 3322 1675 δυνατὸν,
3344 1613 3441 1682 τῆς
3461 1614 3590 1682 ὓλης
3612 1619 3707 1670 καὶ
3734 1618 3856 1672 ὅταν

2326 1690 2389 1740 ὲκ
2421 1689 2658 1753 πλείονος
2680 1691 2913 1759 ὀλίγους,
2940 1696 3033 1749 καὶ
3060 1698 3187 1750 ὅταν
3212 1698 3270 1762 ἐξ
3299 1699 3573 1764 ἐλάττονος
3596 1703 3705 1756 δέοι
3731 1704 3853 1774 τρέ-

698 1785 791 1838 per
817 1771 935 1837 plus
965 1785 1183 1837 paucos,
1228 1778 1281 1822 et
1309 1786 1429 1823 cum
1469 1785 1563 1837 per
1608 1771 1786 1823 minus
1835 1771 2014 1836 plures
2052 1768 2216 1822 nutri-

2336 1779 2522 1845 φεσθαι
2570 1781 2853 1847 πλείονας,
2895 1786 3090 1853 ὁμοίως
3132 1788 3505 1860 ὑπακουούσης
3551 1795 3616 1864 τῇ
3654 1768 3853 1862 πληθυ-

694 1872 819 1911 care
852 1871 986 1924 opus
1018 1866 1179 1917 esset,
1208 1857 1393 1909 eodem
1423 1856 1584 1910 modo
1611 1860 2009 1924 obtemperante
2038 1857 2222 1931 multi-

696 1943 915 2012 plicanti
951 1943 1133 2011 gratiae
1158 1952 1229 2019 et.
1248 1957 1399 1995 suam
1433 1944 1800 2010 operationem
1833 1958 1936 1997 non
1961 1958 2024 1997 ex
2050 1958 2225 2011 quan-

697 2035 868 2090 titate.
903 2028 993 2084 sed
1020 2045 1083 2083 ex
1116 2032 1308 2083 virtute
1336 2031 1587 2084 omnibus
1614 2040 1794 2084 notam
1834 2030 2083 2086 faciente.
2117 2032 2222 2087 Sed

699 2125 809 2173 haec
834 2118 1033 2173 Judzeis
1074 2119 1377 2173 refellendis
1414 2121 1611 2173 dixisse
1676 2119 1927 2175 sumciat.
1960 2122 2220 2176 (laterum

697 2206 788 2277 qui
839 2219 965 2263 tunc
1005 2217 1215 2261 centum
1262 2208 1409 2262 viros
1456 2220 1779 2277 exceperunt
1812 2210 2059 2264 convivio
2096 2224 2217 2264 cum

694 2302 873 2352 decem
906 2298 1149 2365 panibus.
1182 2298 1288 2351 alio
1318 2306 1554 2364 tempore
1574 2308 1851 2365 grassante
1879 2298 2057 2353 adhuc
2078 2298 2223 2353 fame

694 2390 849 2441 ollam
892 2388 1071 2441 herbis
1101 2387 1345 2455 plurimis
1384 2387 1637 2440 refertam
1681 2402 1912 2457 coquere
1945 2388 2221 2443 ministros

689 2479 986 2546 jusserunt.
1017 2493 1246 2545 cumque
1275 2486 1395 2544 post
1422 2477 1717 2530 coctionem
1745 2492 1837 2532 eas
1868 2486 2023 2546 gustu
2060 2478 2220 2532 nimis

692 2565 1146 2635 deprehenderent
1177 2580 1409 2626 amaras,
1445 2565 1513 2618 ob
1555 2566 1771 2635 herbam
1807 2566 2019 2620 noxiam
2066 2568 2216 2635 peni-

692 2666 779 2709 tus
806 2657 1095 2708 immistam
1132 2670 1295 2709 succo
1329 2654 1453 2723 (hoc
1484 2655 1626 2707 enim
1671 2655 1857 2710 dicens
1879 2655 2217 2711 demonstra-

694 2744 820 2795 bat:
863 2761 881 2792 ι
916 2742 1058 2796 Mors
1102 2742 1155 2795 in
1194 2742 1318 2805 olla,
1365 2742 1448 2793 vir
1486 2740 1584 2795 'Dei
1609 2744 1653 2809 ')
1687 2763 1704 2793 ι
1740 2744 1996 2813 pugillum
2051 2760 2217 2799 unum

691 2829 875 2882 farinae
919 2830 970 2880 in
1019 2838 1186 2882 totam
1228 2830 1525 2883 coctionem
1575 2830 1718 2898 injici
1751 2832 2022 2899 jubentes,
2072 2833 2215 2902 quod

691 2919 851 2983 paulo
879 2924 1003 2971 ante
1044 2926 1259 2986 propter
1297 2918 1708 2971 amaritudinem
1741 2920 1896 2975 lassis
1919 2922 2033 2981 esui
2068 2922 2216 2974 vide-

693 3010 844 3059 batur
914 3007 1151 3075 ineptum
1208 3004 1273 3059 ad
1332 3006 1758 3059 manducandum
1793 3046 1808 3071 ,
1870 3009 2216 3063 reddiderunt

688 3095 1018 3147 esculentum
1048 3094 1345 3156 commode,
1375 3101 1427 3148 et
1456 3092 1712 3149 famelieis
1733 3096 1797 3147 ad
1824 3098 2052 3150 esuriem
2087 3098 2215 3151 sub-
2240 3076 2281 3133 θ

691 3185 965 3245 levandam
1017 3182 1381 3235 utilissimum.
1446 3181 1604 3236 Hisce
1666 3185 1983 3253 hymnorum
2036 3196 2218 3240 cantor

689 3274 939 3340 praeclare
964 3273 1158 3324 aecinit
1186 3270 1348 3324 David
1372 3290 1385 3324 :
1411 3288 1429 3321 ι
1458 3271 1655 3325 Divites
1683 3273 1907 3341 (dicens)
1934 3285 2211 3341 eguerunt,

686 3370 742 3414 et
786 3361 1125 3425 esurierunt;
1177 3360 1506 3427 inquirentes
1554 3371 1731 3414 autem
1780 3362 2066 3416 Dominum
2114 3379 2213 3415 non

690 3454 994 3504 minuentur
1029 3444 1179 3503 omni
1214 3450 1353 3504 bono
1377 3449 1431 3516 ‘;
1472 3470 1490 3501 ι
1527 3454 1777 3519 praedicta
1811 3468 1909 3521 pro
1939 3454 2083 3507 verbi
2132 3469 2218 3507 ve-

686 3541 860 3594 ritatis
893 3540 1200 3593 testimonio
1232 3549 1379 3593 certo
1441 3550 1493 3593 et
1525 3541 1822 3595 indubitato
1852 3544 2052 3598 habens
2075 3585 2090 3611 ,
2128 3544 2213 3599 cui

689 3628 816 3683 ﬁdes
849 3629 1070 3684 omnino
1106 3638 1189 3682 est
1225 3612 1549 3683 adhibenda.
1594 3629 1717 3685 Hmc
1756 3641 1807 3684 el
1842 3632 2099 3685 Dominus
2128 3650 2217 3687 ve-

656 3736 661 3741 ·
688 3719 1073 3787 lntobsignans
1102 3721 1277 3791 sigillo
1301 3722 1508 3776 dicebat
1533 3742 1545 3777 :
1585 3743 1602 3773 ι
1643 3724 1911 3793 Respicite
1939 3725 2097 3793 198
2125 3741 2215 3779 ro-

686 3807 850 3860 latilia
880 3808 1021 3871 ca-li,
1054 3811 1305 3875 quoniam
1336 3826 1505 3878 neque.
1546 3823 1754 3875 serunt,
1787 3829 1958 3881 neque
1991 3823 2211 3879 metunt,

685 3910 856 3959 neque
905 3906 1231 3963 congregant
1261 3898 1312 3949 in
1359 3899 1549 3951 horrea
1571 3938 1586 3962 ,
1632 3910 1684 3952 et
1720 3900 1869 3953 Pater
1896 3916 2067 3957 vester
2101 3919 2211 3957 ca:-

683 3985 830 4037 lestis
878 3987 1046 4050 pascit
1104 3988 1211 4040 illa.
1246 3987 1311 4040 Et
1369 3989 1433 4042 de
1488 3991 1802 4044 vestimento
1825 3993 1950 4060 quid
1996 3994 2209 4048 solliciti

680 4074 845 4128 estis?
883 4075 1227 4130 Considerate
1274 4080 1382 4130 lilia
1434 4080 1567 4145 agri,
1616 4064 1882 4146 quomodo
1916 4094 2207 4137 crescunt:

684 4179 785 4214 non
814 4164 1074 4225 laborant,
1112 4180 1284 4231 neque
1316 4174 1458 4218 nent.
1502 4168 1627 4221 Ilico
1654 4179 1827 4221 autem
1864 4171 2033 4233 vobis,
2068 4172 2209 4238 quod

683 4266 848 4316 neque
880 4253 1130 4306 Salomon
1165 4254 1215 4305 in
1247 4256 1387 4304 omni
1422 4255 1585 4319 gloria
1636 4272 1729 4309 sua
1760 4270 2044 4325 coopertus
2086 4268 2165 4312 est
2191 4297 2205 4319 ,

2328 1866 2488 1937 νούσῃ
2514 1869 2715 1937 χάριτι,
2750 1873 2844 1950 καὶ
2875 1872 2974 1943 τὴν
3004 1874 3280 1943 ἐνέργειαν
3304 1877 3492 1947 αὐτῆς,
3512 1880 3573 1932 οὺ
3601 1882 3668 1950 τῇ
3694 1882 3851 1933 ποσό-

2328 1960 2552 2026 τητι,τῇ
2578 1958 2634 2009 δὲ
2657 1948 2876 2027 δυνάμει
2907 1961 3158 2031 ποιούσης
3187 1964 3357 2017 ἅπασι
3386 1948 3679 2037 γνώριμον.
3698 1969 3850 2021 Ἀλλά

2319 2042 2425 2109 τῶν
2474 2044 2572 2111 μὲν
2617 2045 2915 2099 Ἰουδαϊκῶν
2954 2048 3091 2111 ἃλις.
3137 2050 3198 2103 Οί
3237 2050 3290 2103 δὲ
3332 2052 3453 2105 τότε
3502 2056 3627 2117 τοὺς
3664 2057 3850 2109 ἑκατὸν

2320 2134 2428 2195 τοῖς
2471 2134 2600 2186 δέκα
2624 2133 2805 2205 ἄρτοις
2830 2138 3174 2201 ἑστιάσαντες
3202 2140 3413 2210 ἄνδρας,
3446 2142 3629 2195 ἄλλοτε
3654 2145 3849 2214 λέϐητα

2319 2219 2511 2288 πλήθει
2542 2220 2777 2289 βοτανῶν
2808 2222 2887 2291 ἔτι.
2908 2224 3000 2277 τοῦ
3032 2224 3189 2294 λιμοῦ
3220 2227 3543 2296 κρατοῦντος
3570 2230 3719 2298 ἕψειν
3743 2235 3848 2294 τοῖς

2248 2368 2255 2375 θ
2318 2309 2616 2378 ὑπηρέταις
2653 2311 3084 2379 προστάξαντες,
3133 2315 3225 2367 καὶ
3269 2317 3465 2384 πικροῦ
3510 2318 3627 2371 λίαν
3660 2321 3723 2373 ὲκ
3753 2321 3847 2388 τῆς

2318 2399 2551 2465 γεύσεως
2585 2400 2893 2466 εὑρεθέντος
2945 2401 3167 2473 ὕστερον
3188 2404 3280 2457 τοῦ
3305 2406 3600 2476 ἑψήματος.
3622 2408 3847 2479 δηλητη-

2320 2489 2434 2556 ρίου
2489 2489 2705 2552 πάντως
2761 2493 3176 2563 ἑμμεμιγμένης
3232 2494 3460 2567 βοτάνης
3507 2498 3586 2567 τῷ
3624 2500 3844 2569 κύματι,

2318 2576 2494 2644 (τοῦτο
2520 2577 2626 2649 γὰρ
2650 2579 2679 2630 ὁ
2705 2578 2876 2646 λέγων
2904 2581 3092 2652 ἐδήλου
3109 2601 3122 2615 ο
3152 2602 3170 2634 ι
3196 2584 3431 2649 Θάνατος
3456 2588 3513 2641 ἐν
3538 2587 3613 2657 τῷ
3640 2588 3841 2658 λέϐητι,

2316 2665 2563 2736 ἄνθρωπε
2588 2667 2682 2719 τοῦ
2713 2668 2846 2721 Θεοῦ
2878 2689 2898 2721 ι
2921 2670 2939 2738 )
2967 2671 3139 2741 δράκα
3160 2672 3289 2740 μίαν
3311 2674 3389 2743 τῷ
3412 2677 3570 2728 παντὶ
3598 2676 3844 2730 κελεύου-

2317 2769 2401 2805 σιν
2438 2753 2690 2823 ἐμϐαλεῖν
2726 2756 2976 2826 ἀλεύρου,
3021 2760 3080 2811 τὺ
3128 2761 3232 2830 πρὸ
3266 2762 3462 2832 μικροῦ
3494 2764 3581 2818 διὰ
3621 2764 3723 2835 τὴν
3761 2783 3844 2819 πι-

2316 2840 2473 2909 κρίαν
2500 2836 2773 2912 ’ἄχρηστον
2818 2849 2896 2909 εἰς
2953 2846 3150 2916 βρῶσιν
3187 2852 3297 2912 τοῖς
3347 2852 3646 2922 μοχθήσασι
3694 2871 3841 2925 νομι-

2316 2930 2456 2992 σθὲν,
2492 2932 2809 2999 ποιήσαντες
2831 2935 2908 2995 είς
2944 2935 3142 3003 ἐδωδὴν
3181 2937 3500 3005 ἐπιτήδειον,
3526 2940 3618 2991 καὶ
3638 2944 3746 3005 τοῖς
3765 2942 3841 2995 λιι

2324 3018 2615 3088 μώττουσιν
2653 3024 2731 3085 εἰς
2772 3026 3114 3093 παραμυθίαν
3144 3027 3240 3095 τῆς
3274 3028 3475 3092 ἐνδείας
3497 3032 3838 3101 χρησιμώτα·

2320 3128 2425 3164 τον.
2460 3111 2674 3174 Τούτοις
2716 3113 2891 3177 καλῶς
2925 3117 2952 3168 ὁ
2986 3117 3325 3186 ύμνογράφος
3362 3118 3623 3186 ἐπεφώνει
3650 3121 3839 3179 Δαϐιδ.

2323 3218 2340 3245 σ
2382 3200 2659 3264 Πλούσιοι,
2702 3202 2893 3268 λέγων,
2929 3203 3292 3272 ὲπτὼχευσαν,
3324 3207 3417 3258 καὶ
3458 3208 3763 3273 ἐπείνασαν,
3793 3212 3838 3261 ei

2314 3288 2369 3338 δὲ
2396 3289 2738 3358 ἑκζητοῦντες
2764 3291 2853 3344 τὸν
2882 3292 3079 3361 Κύριον
3107 3296 3205 3346 οὐκ
3232 3295 3687 3367 ὲλαττωθήσονται
3713 3315 3839 3350 παν-

2314 3376 2400 3439 τὸς
2436 3378 2668 3444 ἁγαθοῦο
2714 3399 2730 3428 ι
2762 3381 2862 3448 τῆς
2900 3381 3152 3451 ἀληθείας
3186 3383 3277 3436 τοῦ
3311 3384 3465 3451 λόγου
3502 3388 3569 3438 τὰ
3597 3404 3837 3458 προειρη-

2318 3463 2450 3530 μένα
2483 3468 2781 3535 μαρτυρίαν
2813 3468 2948 3536 ἔχων
2974 3468 3207 3537 ἀσφαλῆ,
3236 3462 3328 3522 καὶ
3356 3472 3631 3539 ἐχέγγυον.
3665 3476 3835 3527 Ταῦτα

2314 3555 2406 3605 καὶ
2447 3555 2475 3603 ὁ
2518 3553 2716 3623 Κύριος
2747 3556 3172 3626 σφραγιζόμενος
3202 3559 3383 3625 ἔλεγεν
3406 3577 3418 3589 ·
3447 3581 3464 3610 ι
3510 3562 3833 3633 Ἐμΰλέψατι

2312 3643 2389 3704 εἰς
2424 3641 2490 3693 τά
2518 3642 2735 3695 πετεινά
2761 3643 2853 3695 τοῦ
2883 3644 3130 3711 ούρανοῦ,
3166 3647 3243 3698 ὅτι
3274 3648 3332 3697 ού
3364 3649 3692 3718 σπείρουσιν,
3722 3653 3833 3704 οὐδὲ

2313 3730 2625 3798 θερίζουσιν,
2658 3733 2778 3785 οὐδὲ
2802 3737 3119 3801 συνάγουσιν
3148 3740 3223 3799 εἰς
3251 3738 3545 3807 ἀποθήκας,
3573 3743 3663 3792 καὶ
3684 3745 3711 3793 ὁ
3729 3744 3829 3794 Πα-

2310 3817 2410 3884 τὴρ
2442 3818 2592 3885 ὑμῶν
2615 3822 2641 3870 ὁ
2668 3821 2911 3887 οὐράνιος
2935 3824 3117 3889 τρέφει
3151 3826 3305 3879 αὐτά.
3324 3828 3431 3877 Καὶ
3456 3830 3580 3896 περὶ
3612 3830 3827 3899 ἐνδύμα·

2310 3922 2399 3967 τος
2430 3905 2480 3956 τί
2517 3909 2810 3975 μεριμνᾶτε
2833 3925 2847 3972 ;
2874 3910 3225 3977 Καταμάθετε
3253 3913 3319 3963 τά
3351 3915 3504 3981 κρίνα
3527 3915 3616 3965 τοῦ
3648 3918 3827 3982 ἀγροῦ,

2311 3994 2424 4056 πῶς
2450 3996 2663 4058 αὐξάνει
2683 4013 2694 4024 ·
2738 3997 2798 4047 οὐ
2829 4000 2991 4067 κοπιᾷ
3016 4038 3029 4057 .
3073 4001 3189 4052 οὐδὲ
3221 4002 3388 4070 νήθει.
3422 4004 3576 4069 Λέγω
3608 4004 3662 4056 δὲ
3688 4007 3827 4075 ὑμῖν,

2310 4085 2387 4134 ὅτι
2431 4084 2547 4135 οὐδὲ
2580 4086 2823 4154 Σολομὼν
2854 4089 2909 4136 ἑν
2939 4088 3084 4158 πάσῃ
3113 4093 3176 4157 τῇ
3210 4090 3332 4161 δόξῃ
3364 4092 3524 4143 αὐτοῦ
3557 4096 3828 4162 περιεϐάλ-

2310 4172 2448 4236 λετο,
2491 4174 2565 4235 ὼς
2609 4174 2665 4225 ἓν
2694 4175 2927 4227 τούτων·
2971 4195 2987 4225 ι
3030 4181 3092 4228 ἐκ
3132 4181 3250 4229 καθ’
3294 4183 3525 4251 ἑκάστην
3552 4185 3828 4251 ὀρωμένιιιν

2310 4261 2533 4331 δυνατὴν
2569 4267 2678 4325 τοῖς
2710 4264 2955 4333 ἐμϐιοῦσι
2985 4267 3080 4332 τὴν
3128 4268 3468 4335 αὐτοσχέδιον
3500 4274 3590 4321 καὶ
3620 4271 3829 4322 ἀταλαί-

678 4339 818 4391 sicut
850 4355 1010 4391 unum
1041 4357 1102 4393 ex
1136 4343 1318 4405 istis";
1354 4361 1370 4391 ι
1398 4358 1701 4411 supponens
1721 4362 1781 4399 ex
1815 4347 1919 4408 bis,
1951 4363 2069 4415 qua:
2088 4349 2200 4401 sin-

2317 4369 2489 4420 πωρον
2517 4351 2892 4422 ὑποτιθέμενος
2920 4354 3063 4422 ζωήν
3081 4372 3094 4383 ·
3134 4374 3149 4404 ι
3180 4356 3384 4408 Αἰτεῖτε
3417 4359 3542 4424 γάρ,
3565 4360 3715 4425 φησι,
3740 4359 3827 4425 τὴν

680 4430 817 4491 gulis
859 4430 1007 4483 boris
1038 4432 1328 4492 cernimus,
1369 4447 1529 4499 posse
1577 4434 1819 4490 homines
1850 4437 2007 4491 'l’acili
2044 4455 2204 4509 nego.

681 4513 773 4578 tio,
806 4522 857 4567 ct
891 4514 1090 4579 absque
1118 4518 1224 4567 ulla
1251 4520 1491 4571 molestia
1526 4521 1686 4573 vitam
1720 4524 1915 4577 ducere
1945 4543 1959 4578 :
1990 4544 2008 4575 ι
2045 4527 2201 4591 Qum-

682 4606 781 4657 rite
814 4618 1065 4677 namque,
1091 4604 1185 4669 ait,
1224 4620 1468 4674 regnum.
1495 4617 1547 4660 et
1581 4609 1690 4663 haec
1729 4613 1903 4663 omnia
1951 4614 2204 4679 adjicien-

681 4701 768 4743 tnr
799 4694 947 4746 vobis
972 4694 1014 4745 '.
1051 4713 1069 4744 ι
1106 4694 1174 4747 Ut
1204 4698 1345 4749 enim
1378 4696 1593 4751 minime
1626 4700 1895 4754 videretur
1918 4702 2117 4756 dixiSse
2138 4706 2203 4757 ad

685 4783 893 4834 inanem
941 4782 1253 4848 jactantiam
1284 4824 1297 4844 .
1346 4797 1398 4839 et
1437 4800 1739 4855 Suspectum
1789 4793 2200 4860 vaniloqnium:

686 4889 704 4920 ι
746 4871 919 4925 Nolite
949 4872 1162 4925 solliciti
1193 4886 1330 4936 esse,
1357 4876 1483 4940 quid
1510 4880 1923 4943 manducabitis,
1959 4892 2052 4935 aut
2076 4884 2203 4951 quid

680 4961 891 5023 bibctis.
944 4972 1035 5016 aut
1064 4979 1172 5030 quo
1208 4964 1586 5031 operiamini';
1610 4989 1625 5017 ι
1653 4971 1900 5037 exemplo
1948 4973 2201 5038 liliorum,

676 5055 730 5100 ct
760 5047 1049 5101 volatilium
1092 5050 1512 5105 eohortationem
1548 5067 1700 5106 suam
1737 5057 2040 5119 conlirmat,
2069 5076 2200 5126 quo-

680 5150 793 5187 rum
819 5137 905 5187 illa
930 5139 1153 5191 vestium
1182 5140 1447 5201 decorem.
1480 5145 1579 5195 ista
1607 5146 1952 5197 vero‘victnm
1975 5146 2091 5203 sine
2122 5150 2198 5201 la—

677 5222 824 5285 bore,
858 5234 909 5275 et
942 5225 1057 5279 sine
1084 5242 1207 5280 cura
1240 5232 1539 5297 suscipiunt
1564 5249 1590 5283 a
1618 5233 1956 5289 Providentia
1978 5236 2157 5290 divina
2183 5259 2194 5291 :

676 5313 945 5380 simulque
976 5327 1188 5369 revocat
1212 5319 1263 5369 in
1292 5328 1521 5373 mentem
1547 5322 1699 5374 nobis
1731 5324 1935 5380 vivendi
1960 5327 2195 5391 modum,

675 5414 830 5467 quem
878 5412 1002 5458 ante
1051 5405 1463 5463 inobedicntiam
1505 5412 1673 5465 Adam
1705 5415 2097 5483 proﬁtebatur;
2138 5426 2196 5471 ut

743 5536 761 5566 ³
788 5535 1030 5603 iumen,
1077 5541 1158 5593 Η.

1266 5540 1489 5596 ‘Matth.
1534 5561 1638 5611 xw,
1697 5546 1781 5601 2|.

675 5604 697 5636 ⁸
731 5604 861 5658 ibid.
895 5598 979 5658 53.

1066 5617 1084 5645 ⁵
1115 5613 1238 5667 ibid.
1267 5612 1351 5665 '25.

1893 5550 1912 5579 ι
1954 5552 2026 5606 ιν
2076 5553 2201 5623 Reg.
2245 5570 2315 5615 IV,
2358 5552 2443 5604 to.

2311 4440 2608 4508 βασιλείαν,
2638 4445 2729 4495 καὶ
2762 4444 2931 4496 ταῦτα
2965 4445 3135 4496 πάντα
3168 4447 3589 4516 προστεθήσεται
3622 4449 3763 4515 ύμῖν.
3806 4466 3822 4497 ι

2311 4532 2424 4584 Ἵνα
2461 4534 2568 4601 γάρ
2600 4532 2674 4602 μὴ
2703 4533 2824 4603 δόξῃ
2855 4536 3062 4601 κὸμπον
3090 4536 3305 4591 εἰκαῖον.
3335 4537 3424 4588 καὶ
3455 4538 3532 4598 είς
3560 4539 3827 4606 ματαιολο-

2308 4621 2428 4685 γίαν
2461 4621 2692 4672 ὕποπτον
2727 4624 3001 4689 εἰρηκέναι
3036 4623 3122 4674 τόο
3161 4643 3177 4672 ι
3210 4625 3298 4691 Μὴ
3342 4630 3740 4694 μεριμνήσητε,
3779 4629 3825 4677 τί

2309 4708 2536 4773 φάγητε,
2572 4711 2604 4777 ἢ
2656 4708 2707 4759 τί
2758 4710 2933 4776 πίητε,
2969 4711 3001 4776 ἢ
3034 4710 3084 4759 τί
3130 4712 3519 4778 περιϐαλεῖσθε,
3556 4732 3571 4762 ι
3602 4714 3675 4780 τῷ
3705 4715 3825 4765 ύπο-

2306 4796 2551 4865 δείγματι
2588 4797 2695 4849 τῶν
2730 4797 2925 4867 κρίνων
2974 4798 3065 4849 καὶ
3110 4800 3213 4849 τῶν
3256 4800 3511 4851 πετεινῶν
3554 4803 3822 4855 πιστοῦται

2300 4887 2396 4952 τὴν
2428 4885 2766 4957 παραίνεσιν,
2794 4886 2900 4938 τῶν
2937 4888 3033 4954 μὲν
3060 4888 3152 4939 τοῦ
3178 4889 3467 4953 ἐνδύματος
3505 4890 3599 4959 τὴν
3629 4892 3821 4962 εὐπρέ-

2301 4994 2478 5040 πειαν,
2507 4977 2611 5028 τῶν
2654 4979 2711 5029 δὲ
2752 4979 2849 5044 τὴν
2894 4978 3096 5046 τροφὴν
3144 4978 3336 5029 ἄπονον
3379 4980 3695 5049 δεχομένων.
3735 4983 3821 5033 καὶ

2302 5064 2595 5134 ἀμέριμνον
2621 5066 2768 5133 παρά
2794 5069 2890 5133 τῆς
2921 5063 3168 5129 προνοίας
3201 5065 3290 5117 τοῦ
3320 5068 3635 5133 Κρείττονος
3655 5084 3672 5098 ’
3714 5070 3818 5133 ἃμα

2306 5156 2396 5207 καὶ
2420 5153 2514 5220 τῆς
2540 5152 2945 5219 ἐπηγγελμένης
2974 5152 3076 5221 πρὸ
3100 5153 3195 5220 τῆς
3231 5159 3510 5225 παρακοῆς
3548 5155 3625 5223 τῷ
3664 5156 3815 5219 ’Λδάμ

2302 5244 2727 5311 ὑπομιμνήσκων
2772 5242 2916 5307 ἡμᾶς
2948 5241 3242 5310 διαγωγῆς,
3293 5244 3437 5294 ὼσάν
3475 5243 3659 5310 μηδεὶς
3703 5244 3812 5293 ἀπι-

2303 5332 2443 5384 στεῖν
2468 5330 2566 5399 Im
2593 5328 2669 5395 τῷ
2695 5327 2900 5396 δυνατῷ
2921 5331 3017 5397 τῆς
3047 5332 3380 5398 ὑποσχέσεως
3404 5331 3482 5381 ὅτι
3507 5332 3602 5399 τὴν
3625 5330 3813 5399 τροφὴν

2300 5420 2517 5487 ἔμελλεν
2568 5416 2709 5485 ἔχειν
2763 5419 2823 5470 ού
2872 5422 3126 5490 γεωργῶν
3165 5421 3239 5480 ὡς
3291 5418 3418 5482 νῦν,
3475 5421 3534 5472 ού
3591 5422 3809 5491 μοχθῶν,

2553 5555 2573 5581 “
2616 5550 2755 5603 l‘sal.
2807 5566 2991 5610 sntit,
3050 5552 3130 5602 ll.
3241 5553 3257 5580 ⁷
3292 5552 3471 5605 Matth.
3517 5571 3590 5616 rt,
3632 5553 3802 5607 ‘16-‘29.
