4052 6336
106 356 183 422 sit
1142 308 1613 410 reuisurum.
1671 374 1730 385 —
1767 346 2026 406 smne
2067 348 2202 406 xu.

3159 355 3190 413 ει
3203 352 3262 411 ίῖ

107 463 407 537 γογγυσμοῦ,
462 463 553 516 τὸν
580 464 637 514 ἐν
667 465 782 524 ταῖς
839 461 1127 532 συνθήκαις
1186 461 1623 532 συμϐιϐασθέντα

1738 458 2117 521 unrmurandi,
2151 457 2242 527 qui
2273 458 2590 522 mercedem,
2628 459 2689 512 de
2721 474 2822 526 qua
2860 460 2910 511 in
2943 460 3109 527 pactis
3139 476 3264 512 con—

109 553 269 624 μιςθδν
318 552 696 620 κομισάμενοι,
731 551 831 602 κᾶν
885 550 1061 613 ἄλλοις
1111 550 1488 612 πολυπλασίως
1519 550 1625 601 ἐδί-

105 646 219 708 δοτο,
243 645 289 696 εί
330 644 404 711 μὴ
426 641 616 710 φθόνος
643 642 833 702 αὐτοὺς
857 639 1064 703 ἐλύπει,
1089 643 1117 692 ὁ
1158 641 1249 693 καὶ
1273 639 1494 700 πολλοὺς
1532 638 1625 690 ἄλκ

107 737 206 796 λους
223 733 420 794 λυπῶν,
462 732 737 802 διαφόρως
761 731 1122 799 ὁδυνωμένους
1168 733 1284 792 ταῖς
1317 730 1518 799 ἑτέρων
1544 746 1626 780 τι-

111 826 244 891 μαῖς;
275 822 344 874 Οὐ
397 819 506 889 γὰρ
557 819 622 872 ἂν
675 813 826 887 οἶμαι
876 819 1160 887 γογγύσειν
1206 818 1421 880 αὐτοὺς,
1472 817 1628 884 εἴπερ

108 913 212 965 ἀνευ
238 909 340 961 τῶν
371 909 615 977 ἐσχάτων
645 903 788 978 ἦσαν
834 908 1215 976 ἐργασάμενοι,
1248 906 1339 957 καὶ
1361 905 1509 974 μόνοι
1546 921 1630 956 κο-

110 999 372 1069 μισάμενοι
403 997 431 1048 ὃ
460 995 756 1058 συνέθεντο,
793 995 892 1047 οὐκ
931 994 1143 1062 ἔχοντες
1186 993 1321 1062 πρὸς
1347 993 1440 1054 οὓς
1468 991 1626 1059 ζηλο-

108 1089 261 1149 τύπως
317 1085 693 1139 διακείσονται.
744 1085 856 1136 Νῦν
895 1084 948 1137 δὲ
977 1085 1010 1153 ἡ
1032 1082 1140 1136 τῶν
1169 1080 1471 1150 ἀντιζήλων
1497 1078 1627 1148 τιμὴ

114 1179 255 1246 τὸτῆς
287 1176 579 1245 βασκανίας
617 1174 830 1242 ἐκίνησε
869 1172 1053 1234 πάθος.
1086 1172 1184 1224 οὐκ
1218 1171 1284 1224 ἂν
1329 1170 1564 1240 κινηθὲν,
1592 1170 1624 1237 ἦ

115 1268 171 1339 μὴ
194 1267 574 1338 προκεκρίσθαι
594 1263 774 1328 ἔδοξαν
795 1263 963 1325 ἄλλοι,
999 1263 1168 1332 μικρὰ
1188 1262 1254 1314 τὰ
1285 1261 1501 1315 ἐκείνων
1530 1261 1628 1311 δεί·

111 1373 270 1422 ιαντες
300 1354 596 1424 παραθέσει
628 1356 735 1406 τῶν
779 1354 1012 1416 οἰκείων,
1050 1351 1235 1423 καὶδν
1273 1350 1495 1420 ἔμελλον
1537 1351 1628 1403 ἐπὶ

110 1444 173 1513 τῷ
195 1444 330 1515 ιργῳ
369 1442 644 1510 δεχόμενοι
667 1440 1002 1505 ἀσπάζεσθαι
1029 1439 1518 1508 συμπεφωνημένον
1541 1455 1626 1506 μι-

112 1532 238 1598 σθδν,
270 1531 505 1598 οὐδενὸς
547 1530 740 1593 αὐτοὺς
799 1529 1068 1592 κνίζοντος
1111 1527 1175 1580 τὸ
1203 1526 1627 1598 προτετιμῆσθαι

111 1622 225 1691 πρὸς
245 1621 450 1688 φθόνον,
471 1620 657 1673 τοῦτον
679 1619 1007 1687 λαμϐάνουσι
1049 1617 1401 1686 γογγύζοντος
1415 1631 1438 1684 η·
1476 1615 1628 1667 τοῦτο

110 1712 250 1780 μόνον
280 1711 615 1779 δακνόμενοι,
644 1709 727 1762 ὅτι
756 1708 930 1762 ἄλλων
970 1707 1260 1777 ἐκρίθησαν
1288 1707 1507 1777 ἥττονες
1525 1721 1538 1738 ο
1567 1705 1627 1756 οὐ

1725 545 1993 600 ductionis
2045 554 2426 607 convenerant,
2493 547 2653 616 206
2704 548 2986 615 recipiunt,
3038 550 3162 601 licet
3216 559 3269 600 rt

1724 639 1841 693 aliis
1899 639 2082 693 eadem
2150 639 2502 708 multiplicata
2547 640 2805 694 daretur:
2844 641 2947 694 nisi
3002 639 3142 708 quod
3175 648 3264 692 eos

1724 729 1918 782 invidia
1967 730 2272 797 torquebat,
2358 745 2478 799 qua:
2527 744 2650 783 cum
2712 731 2910 784 multos
2955 730 3108 791 alios,
3154 738 3265 780 tum

1724 835 1817 874 eos
1866 824 2098 875 maxime
2122 821 2320 892 amigit,
2370 823 2460 891 qui
2485 823 2715 877 aliorum
2773 824 3074 877 honoribus
3143 837 3270 875 cru-

1724 910 1978 963 ciantur?
2009 910 2122 966 Nec
2144 912 2286 966 enim
2316 927 2410 966 eos
2442 922 2875 967 mut-moraturos
2927 913 3094 966 fuisse
3151 911 3269 964 cxi-

1724 1000 1905 1063 stimo,
1959 999 2005 1054 si
2035 999 2364 1075 laborassem
2411 1002 2614 1070 absque
2657 1002 2968 1057 novissimis
3018 1002 3151 1066 illis,
3220 1009 3270 1053 et

1725 1089 1824 1142 soli
1855 1090 2151 1143 mercedem
2177 1092 2518 1145 constitutam
2560 1093 2904 1160 recepissent,
2939 1107 3045 1144 non
3074 1093 3270 1144 haben-

1727 1188 1806 1233 tes
1838 1179 1974 1234 ulios
2032 1180 2285 1236 adversus
2311 1196 2446 1249 quos
2495 1182 2891 1235 annoiationem
2941 1191 3268 1235 exercerent.

1726 1268 1879 1323 Nunc
1939 1284 2068 1324 vero
2110 1271 2426 1324 aemulorum
2487 1272 2656 1325 honor
2713 1272 2924 1325 invidia:
2984 1273 3268 1324 concitavit

1727 1359 2004 1426 affectum,
2034 1376 2146 1415 non
2171 1363 2615 1416 commovendum
2647 1364 2854 1432 utique,
2888 1362 2989 1417 nisi
3018 1363 3108 1415 alii
3171 1362 3270 1414 visi

1728 1448 1955 1503 fuissent
1981 1451 2221 1519 praeferri
2272 1470 2284 1505 :
2352 1467 2534 1521 parva,
2583 1453 2983 1522 comparatione
3034 1453 3274 1521 pmpiio-

1727 1555 1867 1605 rum,
1925 1541 2282 1607 mstimantes,
2327 1558 2446 1610 qua:
2508 1543 2722 1596 illorum
2775 1556 2927 1596 erant
2961 1582 2976 1606 ,
3020 1553 3074 1596 et
3134 1558 3274 1593 Iner-
3341 1553 3347 1559 ·

1727 1629 1907 1682 cedem
1979 1643 2140 1697 quam
2217 1645 2280 1683 ex
2353 1631 2599 1684 condicto
2671 1644 2941 1699 acceptam
3022 1639 3273 1699 gratam,

1728 1712 1980 1775 habuisse
2009 1720 2303 1774 debuerant
2353 1720 2519 1788 (nulla
2572 1735 2631 1774 re
2698 1721 2764 1773 ad
2816 1720 3073 1773 invidiam
3133 1721 3276 1787 ipsos

113 1801 248 1869 μόνον
281 1800 532 1869 μετιστάς
562 1801 619 1851 ὲν
639 1797 714 1869 τῷ
736 1801 1006 1850 κοινωνεῖν
1031 1795 1119 1850 τὸν
1146 1795 1338 1866 μισθὸν
1356 1795 1626 1866 εὑρόντες,

1738 1809 2031 1875 vellicante,
2065 1811 2167 1864 nisi
2199 1811 2325 1880 quia
2362 1811 2520 1878 primi
2561 1809 2776 1864 fuerant
2813 1810 3055 1863 honorati
3081 1808 3122 1877 ),
3156 1822 3276 1863 eam

112 1889 224 1943 ἀλλά
252 1892 339 1943 καὶ
369 1889 624 1958 φανέντες
659 1881 912 1958 ἀμείνους
941 1887 1017 1958 τῷ
1039 1887 1309 1939 ἐλλάττονι
1339 1887 1512 1955 χρόνῳ
1538 1887 1635 1956 τῆς

112 1979 345 2049 ἐργασίας
371 1979 627 2048 ίσοτίμως
691 1977 1013 2046 κεκομίσθαι
1053 1977 1120 2028 τά
1152 1975 1422 2046 ἐπίχειρα.
1473 1976 1636 2029 Ἐλαο

115 2069 210 2134 δες,
233 2063 273 2121 ὧ
303 2062 475 2131 οὗτος,
509 2056 711 2132 τὸ-σδν,
743 2067 804 2142 τί
822 2084 883 2119 σε
911 2067 1069 2120 λυπεῖ
1104 2067 1163 2118 τὸ
1192 2066 1323 2117 αὐτὸ
1358 2064 1521 2142 ἄλλος
1541 2065 1635 2116 λαι

111 2160 236 2226 δώνς
280 2163 334 2214 '0
365 2161 453 2222 σὸς
509 2161 607 2212 οὐκ
664 2157 901 2229 ὲμειὼθη
939 2156 1144 2228 μισθός.
1179 2156 1243 2209 Τί
1294 2171 1352 2206 σε
1388 2155 1554 2208 θλίὸει
1579 2155 1636 2207 τὸ

114 2250 247 2303 ἀλλον
280 2249 436 2302 πλέον
466 2267 580 2313 σου,
612 2252 688 2312 f3;
713 2249 984 2317 ίνλ-μισας,
1022 2247 1240 2312 λα’ϐεῖνς
1283 2247 1340 2298 Ei
1369 2246 1444 2314 μὴ
1471 2245 1635 2313 ἔγνως

115 2342 451 2411 κομισάμενον
497 2340 618 2411 ἓτερ
646 2359 682 2386 λδ
732 2355 842 2391 ,πον
888 2338 1046 2399 αὐτὸς
1093 2338 1330 2405 ἠγάπας,
1358 2337 1386 2388 ὁ
1415 2333 1633 2387 συνέθου

116 2429 273 2481 λαϐεῖν
306 2445 318 2458 ’
375 2429 558 2498 ἐπειδὴ
624 2430 759 2498 μετὲ
817 2426 911 2481 σοὖ
971 2427 1161 2479 ελαόεν
1208 2427 1400 2498 ἄλλοςη
1445 2425 1635 2493 μικρὸν

115 2518 263 2587 ἐφάνη
319 2521 377 2571 τὸ
400 2517 511 2574 σόν.
558 2516 820 2589 Περισσὺν
873 2515 972 2569 οὐκ
1005 2515 1274 2585 impiam;
1318 2513 1453 2567 Οὔτε
1515 2529 1637 2564 συν-

114 2607 388 2678 εφώνησας,
417 2606 539 2659 οὗτε
567 2605 749 2658 λαϐεῖν
785 2606 1205 2676 προσεδόκησας.
1240 2605 1302 2655 Τί
1331 2600 1424 2655 οὖν
1451 2603 1637 2669 ἀδικη-

113 2696 210 2759 θεὶς
234 2697 320 2758 τὰς
355 2695 459 2749 τῶν
480 2694 820 2764 ἠδικημένων
843 2692 1144 2763 ψιθυρίξεις
1168 2693 1381 2760 φωνάς;
1409 2692 1472 2742 Τί
1509 2691 1644 2758 βλάσ-

115 2785 200 2854 6ην
223 2785 306 2838 ὀὸύ
321 2803 396 2856 πῃ,
433 2783 598 2854 μηδὲν
625 2782 1060 2853 ἀπεστερημένος
1082 2798 1096 2846 ;
1130 2782 1192 2833 Τί
1213 2779 1519 2850 φιλοτιμίαν
1541 2777 1630 2829 τοῦ

117 2877 463 2928 οἰκοδεσπότου
518 2873 789 2944 διασύρεις
824 2873 896 2935 ὼς
933 2871 1154 2936 ἀδικον;
1191 2871 1253 2922 Τί
1280 2871 1374 2939 τὴν
1404 2872 1480 2931 είς
1511 2870 1633 2929 τοὺς

120 2963 432 3030 συμπαθείας
458 2966 530 3025 ὡς
565 2963 628 3015 ἄν
653 2979 732 3024 τις
759 2960 1013 3014 ὑπολάϐοι
1038 2960 1318 3028 δεομένους
1358 2959 1515 3028 χάριν
1547 2958 1632 3008 λέ-
1662 2999 1667 3006 .

118 3067 218 3116 γεις
256 3050 533 3120 ἀνώμαλον
576 3049 928 3118 διανέμησιν;
963 3047 1024 3098 El
1073 3047 1169 3115 μὲν
1192 3043 1399 3113 ὑφελὼν
1428 3043 1520 3095 τοῦ
1553 3059 1632 3093 σοι

1738 1910 2133 1954 murmurantes
2158 1900 2446 1970 accipiunt,
2473 1900 2592 1953 ideo
2611 1901 2984 1953 tantummodo
3014 1899 3277 1959 dolentes,

1734 1993 1875 2059 quod
1928 1990 2046 2043 aliis
2110 1990 2428 2056 videbantur
2478 1989 2761 2044 inferiores
2802 1987 3046 2042 aestimati
3097 2006 3110 2042 :
3172 1995 3278 2039 non

1735 2083 1907 2134 solum
1968 2082 2108 2134 nacti
2156 2080 2362 2150 seipsos
2412 2081 2463 2133 in
2515 2088 2668 2150 parte
2721 2079 2984 2134 mercedis
3039 2078 3280 2147 ejusdem

1734 2173 2018 2236 admissos,
2054 2172 2142 2225 sed
2172 2180 2224 2225 et
2266 2181 2569 2234 cernentes,
2593 2171 2735 2241 quod
2762 2170 2989 2225 breviori
3031 2169 3282 2223 laboran—

1737 2272 1817 2317 tes
1843 2274 2081 2330 tempore
2110 2262 2387 2331 aequaliter
2414 2262 2631 2330 praemia
2671 2266 2855 2315 eadem
2896 2261 3278 2315 obtinuissent.

1735 2351 1998 2419 Accepisti
2031 2351 2164 2404 licus
2205 2359 2280 2412 tu,
2312 2351 2454 2418 quod
2487 2360 2635 2402 tuum
2679 2359 2780 2403 est.
2836 2348 2974 2413 Quid
3013 2357 3062 2401 te
3114 2346 3280 2414 angit,

1735 2442 1874 2509 quod
1909 2441 2046 2496 alius
2077 2442 2406 2515 tantumdem
2439 2443 2701 2512 accipiat?
2738 2441 2850 2495 Tua
2899 2456 3105 2494 merces
3166 2455 3280 2491 non

1735 2539 1816 2584 cst
1841 2532 2140 2586 imminuta.
2195 2533 2333 2596 Quid
2364 2533 2536 2595 doles,
2567 2532 2711 2600 quod
2761 2531 2920 2592 alius,
2961 2531 3128 2582 uti'tu
3161 2528 3283 2597 qni-

1735 2622 1854 2676 dem
1926 2623 2079 2686 reris,
2143 2623 2261 2690 plus
2315 2639 2476 2691 quant
2539 2633 2594 2676 tu
2643 2621 2906 2688 accipiat?
2946 2619 3058 2673 Nisi
3120 2619 3280 2672 alium

1744 2710 2017 2776 accepisse
2058 2711 2223 2762 scires
2275 2710 2604 2762 tantumdem
2662 2718 2822 2776 atque
2852 2718 2906 2761 tu
2958 2721 3283 2776 aceeperas;

1733 2799 1914 2866 utique
1938 2799 2059 2851 boni
2089 2798 2456 2853 consuluisses
2486 2810 2796 2854 consuetam
2826 2800 3123 2854 mercedem
3155 2816 3168 2851 :
3193 2800 3285 2852 sed

1731 2890 1854 2958 quia
1878 2888 2015 2942 alius
2070 2904 2171 2942 una
2212 2899 2384 2943 tecum
2441 2892 2664 2958 accepit,
2730 2900 2880 2944 tuum
2941 2890 3034 2944 tibi
3080 2890 3286 2942 videtur

1731 2981 2002 3049 exiguum.
2022 2979 2404 3049 Nihilamplius
2420 2982 2708 3049 aectrpisti?
2735 2983 2798 3033 At
2818 2995 2990 3048 neque
3017 2979 3066 3032 id
3091 2981 3288 3032 consti-

1734 3073 1902 3135 tuisti,
1928 3087 2098 3140 neque
2128 3082 2466 3140 aCCepturum
2505 3082 2553 3125 te
2582 3072 2829 3140 sperasti.
2863 3070 2997 3135 Quid
3016 3070 3286 3138 ergonnlla

122 3139 446 3208 συγκειμένου
502 3140 830 3210 προσέθηκεν
861 3138 1022 3208 ἄλλῳ,
1054 3137 1235 3198 ἄδικος
1268 3133 1499 3202 ἀληθῶς,
1532 3150 1633 3184 πα-

1738 3161 1951 3215 ail'eetus
1966 3160 2180 3229 injuria,
2205 3175 2361 3214 voces
2383 3160 2628 3227 injuriatn
2648 3175 2926 3227 passorum
2945 3159 3286 3212 subtuurtnu-

122 3229 378 3299 ρεσχηκὼς
406 3231 470 3283 τὰ
501 3231 698 3300 ἐτέρων
745 3231 934 3302 ἑτέρῳ,
975 3229 1066 3282 καὶ
1097 3231 1152 3282 ἐν
1195 3230 1309 3289 τοῖς
1339 3224 1633 3292 ἀλλοτρίοις

122 3318 496 3387 ἐπιδειξάμενος
529 3319 925 3389 μεγαλοψυχίαν
940 3318 1225 3370 ἀδάπανον.
1265 3316 1324 3367 El
1350 3314 1403 3364 δὲ
1431 3314 1522 3364 καὶ
1555 3315 1634 3363 σοι

121 3408 173 3458 τδ
194 3409 340 3478 κρέος
369 3409 600 3472 ὲξέτισεν
642 3408 927 3477 ὁλόκληρον
952 3404 1216 3463 κάκείνοις
1251 3400 1456 3452 οἴκοθεν
1486 3401 1632 3466 ὀφει-

121 3497 278 3569 λὴν,ἢ
311 3502 463 3568 χάριν
499 3499 756 3558 ἐπέδωκε,
791 3497 842 3546 τί
885 3491 1084 3563 μέμψιν
1120 3494 1345 3557 ὑπάγεις
1376 3489 1507 3558 μετά
1544 3488 1632 3539 τοῦ

121 3590 528 3659 εὐηργετημένου
563 3589 652 3638 τὴν
680 3587 1128 3655 εὐεργετήσαντα,
1160 3583 1389 3653 πονηρία
1419 3581 1637 3649 γνώμης

121 3676 395 3727 διαὸαλλων
424 3677 546 3736 τοὺς
583 3676 640 3726 οὑ
683 3674 1094 3743 παρεσχηκότας
1141 3671 1393 3742 μέμψεως
1424 3670 1639 3737 ὠλογον

125 3767 372 3836 ἀφορμὴν,
402 3766 571 3817 ἄλλων
607 3764 854 3831 ἔγκλημα
880 3765 936 3814 τὸ
969 3764 1162 3814 οίκείον
1205 3761 1371 3822 πάθος
1399 3759 1642 3826 ποιούμε-

125 3873 216 3918 νος,
250 3861 334 3909 καὶ
371 3858 739 3917 καταδικάζω-,ο
765 3854 897 3922 ὁμοῦ
937 3855 1024 3904 τόν
1047 3870 1102 3904 τε
1146 3851 1521 3920 παρεσχηκότα
1551 3850 1641 3899 καὶ

123 3947 207 4012 τὴν
233 3946 424 4014 ταύτης
479 3945 720 3996 ὁπωσοῦν
765 3940 1270 4000 includam/1min
1309 3942 1381 4008 μὴ
1414 3940 1640 4007 κολάσῃς

125 4037 292 4103 ἄλογον
346 4036 529 4096 πάθος,
581 4035 723 4086 ὅσιον
771 4033 964 4102 κρίνων
992 4032 1050 4084 τὸ
1094 4034 1166 4102 μὴ
1198 4032 1506 4100 βασκαίνειν
1538 4032 1644 4090 τοῖς

125 4129 396 4199 ἀλλοτρίοις
425 4128 603 4190 καλοῖς
634 4129 764 4197 μηδὲ
811 4130 1091 4195 κατηφεῖν,
1119 4129 1201 4193 ἐφ’
1228 4121 1308 4187 οἷς
1335 4126 1646 4194 εὐφραίνων·

125 4235 198 4270 ται
228 4221 433 4290 ἕτεροις
481 4219 728 4280 Τοιοῦτος
771 4221 876 4288 γὰρ
907 4222 932 4270 ὁ
964 4219 1153 4285 φθόνος
1194 4216 1384 4277 πένθος
1419 4219 1644 4266 ποιεῖται

124 4308 205 4377 τὴν
232 4311 331 4361 τῶν
360 4308 729 4376 εὐθυμούντων
770 4308 961 4374 χαρὰν,
1009 4306 1166 4365 αὐτὸς
1193 4306 1248 4356 ὲν
1275 4304 1486 4366 ὀδύναις
1528 4305 1644 4356 διά-

125 4413 220 4461 γων
238 4398 339 4451 ἁείέ
380 4397 528 4447 Ἐπεὶ
567 4395 639 4461 μὴ
673 4386 948 4462 προχωρεῖ
973 4391 1031 4442 τὸ
1076 4393 1132 4442 ἐν
1157 4387 1235 4452 οἷς
1270 4390 1513 4459 βούλεται
1551 4409 1644 4442 κα-

125 4490 222 4549 κοῖς
262 4483 395 4538 εἷναι
435 4485 558 4546 τοὺς
603 4484 1004 4552 φθονουμένους.
1038 4483 1107 4533 Σὺ
1142 4483 1194 4534 δὲ
1247 4482 1336 4533 καὶ
1370 4482 1456 4532 τὸν
1483 4482 1641 4552 ἐργά-

124 4590 205 4642 την
237 4575 334 4641 ἔξω
371 4575 463 4626 τοῦ
503 4574 819 4643 ἀμπελῶνος
861 4572 1046 4641 ἤθελες
1088 4571 1302 4623 ἑστάναι
1327 4571 1415 4624 διὰ
1449 4571 1643 4633 παντὸς

124 4664 281 4732 ἔργον,
332 4666 425 4717 καὶ
481 4665 572 4716 τὸν
603 4663 835 4732 ἀθλητὴν
876 4663 1001 4715 ἄνευ
1028 4659 1120 4712 τοῦ
1152 4660 1442 4714 ἀντιπάλου
1473 4659 1642 4712 διόλου

127 4755 366 4825 καθῆσθαι
391 4756 751 4823 ἀγύμναστον,
785 4744 1107 4805 λανθάνοντα
1132 4753 1254 4814 τοὺς
1287 4753 1474 4819 μαθεῖν
1496 4752 1644 4823 ὀφεί-

127 4844 312 4916 λοντας,
341 4846 420 4908 τίς
457 4848 530 4898 ὣν
557 4842 705 4906 οὗτος
739 4844 992 4911 τυγχάνει
1017 4843 1110 4910 τὴν
1144 4841 1386 4909 δύναμιν.
1425 4843 1530 4893 Καὶ
1556 4842 1643 4892 τὸν

129 4936 438 5002 στρατιώτην
467 4935 839 5002 ἀναδειχθῆναι
869 4934 986 4993 ταῖς
1037 4931 1166 5002 πρὸς
1200 4931 1322 4992 τοὺς
1358 4930 1644 4998 πολεμίους

129 5025 306 5092 μάχαις
353 5025 574 5091 ἀριστέα
623 5025 936 5092 δυνάμενον,
981 5022 1270 5093 ὑπορόφιον
1311 5024 1641 5090 σκιοτροφεῖ-

127 5113 231 5164 σθαι
279 5113 509 5183 κορικῶς
560 5113 1012 5182 θαλαμευόμενον,
1060 5113 1154 5182 τὴν
1183 5117 1236 5166 ἐν
1266 5113 1371 5176 ἕξει
1398 5110 1642 5179 ἀνδρείαν

127 5203 333 5254 ἐπὶτῶν
382 5203 553 5272 ἔργων
589 5204 646 5253 οὐ
693 5202 1014 5272 βουλόμενος
1059 5203 1284 5272 λάμψαι,
1336 5202 1426 5253 καὶ
1477 5199 1648 5268 φειδοῖ

127 5291 215 5343 τῶν
256 5293 426 5344 πόνων
470 5292 773 5360 βασκαίνων
818 5291 924 5343 τῶν
973 5294 1248 5365 στεφάνων
1289 5290 1453 5358 αὐτῷ.
1503 5289 1642 5356 Ἐγὼ

128 5382 173 5433 δὲ
197 5384 279 5436 τὸν
302 5383 684 5451 ὀλυμπιονίκην
710 5384 840 5452 πρὸς
868 5383 1010 5434 ἆπαν
1054 5383 1326 5452 ἀθλήσεως
1368 5378 1502 5443 εἶδος
1537 5399 1641 5434 πα-

129 5471 463 5534 ρεσκευάσθαι
517 5472 834 5540 παρακαλῶ,
888 5471 1135 5539 ἀνδρείαν
1165 5473 1267 5539 γὰρ
1300 5469 1395 5538 τὴν
1421 5470 1528 5522 τῶν
1550 5475 1644 5523 ἀν-

131 5562 251 5632 δρῶν
277 5562 668 5631 ἀγωνιζομένην
697 5562 859 5626 καλῶ,
884 5563 943 5613 ου
986 5561 1080 5630 τὴν
1123 5562 1213 5613 τοῦ
1249 5560 1494 5629 σώματος
1532 5563 1637 5632 βλέ-

137 5669 235 5705 πων
258 5656 555 5708 ἀσθένειαν.
1496 5646 1499 5647 ν

1735 3249 2009 3312 ras?Quid
2035 3259 2183 3301 tuum
2204 3248 2457 3300 damnum
2484 3248 2710 3316 plangis,
2733 3246 2821 3300 ubi
2849 3247 2981 3300 nihil
3009 3245 3288 3299 amiseris?

1735 3338 1842 3389 Cur
1859 3336 2260 3403 patrisfamilias
2294 3337 2724 3389 muniﬁcentiam
2754 3345 3005 3404 tanquam
3031 3335 3285 3402 injustam

1737 3422 2014 3475 traducis"
2052 3423 2159 3475 Cur
2203 3422 2488 3491 gratiosam
2547 3424 3066 3476 eouuuiserationem
3113 3423 3287 3490 dignis

1735 3512 2025 3565 exhibitam
2072 3515 2308 3581 appellas
2342 3512 2655 3581 inaequalem
2706 3513 3174 3567 distributionem?
3231 3513 3287 3565 Si
3366 3513 3368 3515 ’

1740 3603 2032 3654 mercedem
2115 3603 2207 3656 tibi
2270 3602 2425 3670 207
2489 3612 2694 3669 pactam
2745 3603 3078 3656 subtrahens
3136 3588 3285 3655 alteri

1741 3693 1966 3752 tulisset,
1984 3693 2201 3762 iniquus
2228 3707 2410 3746 revera
2441 3691 2649 3758 fuisset,
2674 3693 2762 3746 alii
2788 3691 3071 3746 conferens
3091 3693 3284 3756 aliena,

1743 3793 1793 3836 et
1821 3785 1872 3836 in
1957 3783 2142 3835 alienis
2205 3783 2319 3835 sine
2383 3797 2482 3834 suo
2544 3791 2758 3849 sumptu
2832 3783 3283 3850 magniﬁcentiam

1743 3872 1904 3923 animi
1933 3872 2236 3923 ostendens.
2284 3869 2338 3920 Si
2392 3885 2516 3921 vero
2546 3878 2598 3921 et
2629 3870 2721 3922 tibi
2752 3870 2989 3921 debitum
3019 3869 3285 3936 integrum

1746 3956 2016 4024 persolvit,
2061 3966 2114 4008 et
2142 3955 2246 4007 illis
2296 3955 2361 4007 de
2418 3970 2518 4008 suo
2577 3956 2918 4008 commodum
2977 3957 3056 4008 vel
3088 3957 3287 4011 bcuell-

1747 4048 1894 4099 tium
1925 4046 2158 4098 obtulit:
2189 4043 2314 4112 qu'd
2360 4044 2599 4121 quereris
2652 4044 2717 4097 dc
2768 4043 3105 4097 heneiactore
3141 4045 3284 4114 pari-

1747 4148 1824 4190 ter
1851 4176 1864 4198 ,
1891 4145 1944 4189 et
1991 4136 2229 4189 beneﬁeii
2260 4148 2532 4202 receptorc
2559 4151 2571 4198 ;
2607 4150 2715 4202 pra:
2744 4135 2908 4188 animi
2936 4138 3286 4204 perversitate

1745 4222 2080 4275 ealumniaus
2110 4237 2220 4284 eos,
2259 4223 2348 4290 qui
2405 4222 2611 4279 nullam
2646 4223 2736 4275 tibi
2797 4224 3170 4300 rationabilem
3195 4241 3286 4277 oe-

1744 4313 2008 4384 easioncut
2040 4312 2314 4378 praebuere
2343 4313 2728 4380 conquerendi,
2763 4324 2815 4366 et
2838 4317 3115 4384 proprium
3157 4318 3286 4371 aﬂ'e-

1744 4413 1886 4454 etum
1933 4402 2160 4454 aliorum
2205 4402 2257 4454 in
2288 4402 2489 4457 crimen
2519 4403 2809 4468 convertis,
2859 4406 3126 4476 simulque
3161 4423 3288 4462 COn-

1748 4492 1970 4546 demnas
2035 4505 2089 4546 et
2131 4501 2440 4561 erogantem
2500 4493 2859 4561 beneﬁcium,
2917 4504 2969 4550 et
3027 4511 3148 4549 eum
3197 4497 3284 4562 qui

1750 4583 1876 4636 illud
1918 4582 2076 4636 etiam
2131 4583 2359 4653 recipit:
2417 4592 2474 4644 ut
2521 4575 2629 4638 non
2670 4585 2898 4655 castiges
2926 4584 3169 4638 aﬂ‘ectum
3195 4585 3286 4635 ab-

1750 4673 2050 4726 horrentem
2081 4686 2110 4747 a
2167 4673 2413 4726 ratione:
2464 4687 2572 4726 rem
2622 4684 2858 4728 sanctam
2895 4676 3133 4740 Iudicans
3160 4671 3284 4724 alie-

1750 4762 1829 4815 nis
1861 4763 2013 4816 bonis
2058 4777 2161 4816 non
2205 4764 2458 4828 invidere,
2529 4779 2701 4832 nequc
2747 4765 2925 4818 dolere
2979 4763 3042 4815 de
3088 4762 3169 4815 his
3219 4765 3287 4814 ob

1750 4869 1865 4920 qua:
1913 4853 1999 4906 alii
2031 4854 2310 4922 gaudent?
2356 4855 2671 4922 Hujusi'nodi
2699 4854 2892 4921 quippe
2936 4851 3130 4904 invidia
3162 4871 3287 4908 tute-

1749 4958 1923 5006 rnrem
1954 4959 2016 4996 ex
2042 4944 2328 4996 laetantium
2361 4931 2555 5012 gaudio
2580 4942 2830 5010 percipit;
2861 4941 2973 5009 ipsa
3012 4942 3060 4996 in
3092 4944 3286 4996 dolori-

1753 5035 1850 5088 bus
1871 5049 2077 5102 semper
2110 5044 2370 5098 versatur,
2420 5040 2696 5101 postquam
2724 5032 2826 5096 ltis,
2853 5034 3048 5100 quibus
3072 5035 3283 5098 invidet,

1752 5138 1858 5177 non
1912 5124 2257 5186 immittitea,
2290 5123 2342 5174 in
2394 5121 2592 5190 quibus
2644 5122 2804 5176 vellet
2851 5125 2996 5193 ipsos
3059 5127 3280 5187 versari,

1752 5212 1909 5263 mala.
1949 5208 2024 5260 Tn
2071 5223 2194 5261 vero
2221 5218 2274 5261 ct
2317 5209 2623 5276 operarium
2669 5220 2820 5265 extra
2865 5215 3068 5264 vineam
3125 5212 3282 5264 velles

1750 5312 1891 5355 stare
1936 5299 2143 5366 penitus
2171 5299 2425 5366 otiosum,
2458 5308 2510 5354 et
2545 5303 2796 5376 athletam
2829 5301 3131 5353 adversario
3191 5302 3286 5354 do-

1750 5393 2014 5452 stitntum.
2063 5391 2281 5443 omnino
2325 5393 2441 5446 sine
2477 5394 2578 5446 ulla
2606 5393 2999 5446 exercitatione
3040 5392 3288 5446 desidere

1751 5483 2021 5534 latentem.
2065 5480 2134 5532 ita
2168 5490 2223 5533 ut
2257 5498 2412 5536 nemo
2443 5485 2580 5538 scire
2625 5483 2793 5548 possit
2829 5497 3035 5556 eorum,
3069 5484 3161 5551 qui
3195 5485 3289 5537 ad-

1752 5570 1954 5622 discere
1995 5570 2203 5635 debcnt,
2251 5587 2358 5640 quo
2407 5572 2596 5626 virium
2630 5571 2820 5622 robore
2866 5572 3082 5637 polleat.
3119 5571 3289 5627 Velius

1761 5659 2002 5720 militent,
2054 5660 2143 5731 qui
2199 5661 2481 5729 pugnando
2527 5660 2580 5712 iu
2614 5660 2796 5714 hostes
2852 5664 3050 5731 optime
3094 5662 3290 5721 mereri
