4052 6336
120 364 227 429 953

1167 366 1646 428 PERISTERIA.
1675 391 1743 404 -
1786 365 2050 426 SECTIO
2088 367 2224 426 XII.

3197 355 3306 422 οδι

116 478 214 548 τὴν
247 476 564 548 πεζοπορίαν
606 475 912 540 ποιούμενοι
943 476 1191 548 καθάπερ
1225 478 1542 548 ύπορῤόςιοι
1569 477 1644 530 δι-

1775 455 2150 530 nultitudinem
2174 474 2464 540 ferebatur,
2493 473 2834 543 mediamque
2865 485 2984 526 sese
3009 469 3314 537 interpone-

116 569 342 636 άγοντες,
382 568 477 621 καὶ
528 569 624 636 ούχ
677 566 943 629 ὁδεύοντες
982 565 1209 637 γυμνὴν·
1244 569 1526 630 πάντοθεν,
1557 569 1651 621 καὶ

1775 575 1841 620 tat
1873 565 1992 634 ipsi,
2025 580 2093 620 ne
2120 565 2305 632 radiis,
2341 566 2432 635 qui
2463 580 2492 620 e
2541 565 2665 634 polo
2694 561 3164 632 protendebantur,
3185 559 3310 611 dum

115 656 295 710 ἄσκιον
347 658 601 726 ἐρημίαν.
657 656 767 708 Οὐκ
819 654 1127 724 ὲπαλαιὼθη
1161 653 1391 718 τούτοις,
1447 655 1507 707 ού
1552 657 1650 708 πέ-

116 749 262 811 πλον,
305 749 361 799 ού
397 746 608 798 πέδιλον
641 745 734 797 ἐπὶ
766 745 971 815 χρωτὸς
1017 745 1424 816 τεσσαράκοντα
1474 744 1651 797 ἔτεσιν

113 834 238 886 ὄντα
261 833 536 901 διηνεκῶςο
563 834 659 884 οὐκ
678 833 883 902 ἐφθάρη
920 833 1206 901 ὑποζύγιον
1235 833 1370 902 πρὸς
1400 832 1650 884 τοσοῦτον

111 923 342 991 διαρκεῖν
378 923 438 974 ού
469 923 710 990 πεφυκὸς
731 923 937 992 χρόνον.
969 923 1042 975 Ού
1077 923 1245 987 νόσος,
1269 923 1646 990 ού,φθόνος,ού

112 1011 349 1079 πυρετὸς,
403 1011 463 1064 οὐ
513 1012 663 1080 ῥῖγος
691 1052 704 1074 ,
749 1012 846 1065 ούκ
906 1011 1033 1066 ἄλλο,
1075 1029 1128 1063 τι
1179 1009 1286 1063 τῶν
1327 1011 1655 1081 ὲνσκήπτειν

114 1100 368 1152 εἰωθότων
387 1103 498 1162 τοῖς
521 1099 751 1169 σώμασι,
783 1101 1037 1154 συνέπεσε
1063 1099 1269 1162 τούτοις
1283 1099 1616 1168 ἀρρώστημα
1640 1115 1653 1128 ·

113 1207 138 1238 ν(
171 1190 277 1241 Οὐκ
302 1186 367 1259 ἦν
428 1189 536 1260 γάρ
581 1193 638 1244 ἐν
682 1193 800 1254 ταῖς
854 1190 1042 1259 φυλαῖς
1072 1189 1247 1243 αὐτῶν
1280 1191 1308 1242 ὁ
1341 1188 1596 1243 ἀσθενῶν.
1635 1206 1653 1240 ι

125 1281 404 1348 Ἐνίκησαν
451 1284 632 1351 χάριτι
693 1283 825 1335 Θεοῦ
887 1283 983 1352 τὴν
1029 1281 1189 1349 φύσιν
1224 1279 1527 1349 κρείττονες
1563 1279 1661 1346 τῆς

115 1372 235 1420 κατ’
254 1371 416 1438 αὐτὴν
441 1370 719 1435 ἀσθενείας
741 1371 1037 1441 γενόμενοι,
1069 1371 1163 1423 καὶ
1185 1369 1281 1431 τὰς
1311 1366 1667 1436 συνεζευγμέ-

113 1474 212 1519 νας
235 1457 310 1527 τῷ
341 1459 550 1527 σώματι
593 1461 953 1531 ἀρνησάμενοι
1008 1459 1199 1529 κῆρας.
1239 1457 1514 1528 Πολεμίων
1557 1457 1658 1524 φά-

115 1547 308 1615 λαγγες
347 1551 574 1620 φοϐεραὶ
609 1552 744 1621 πρὸς
783 1551 1098 1620 συμπλοκὴν
1139 1549 1328 1602 ἔπεσον
1370 1548 1526 1611 ἄλλος
1575 1549 1660 1600 ἐπ’

113 1637 255 1706 ἄλλῳ
284 1641 690 1710 κατενεχθέντες
736 1641 983 1709 ἄτρωτοι,
1027 1640 1246 1709 σημεῖον
1270 1638 1662 1707 τῆςπροασπι-

116 1726 310 1796 ζούσης
341 1721 548 1797 χειρός.
608 1731 773 1799 Τείχη
821 1729 1202 1798 κατηρειπὼθη
1245 1728 1486 1798 μηχανῆς
1533 1729 1660 1781 ἄνευ

1752 656 1973 724 pedibus
1999 655 2306 710 incedentes
2332 657 2430 709 iter
2459 653 2696 709 facerent
2725 653 2825 707 sub
2850 653 2958 715 dio,
2991 665 3099 718 prae
3141 648 3310 701 nimio

1753 745 1929 799 calore
1967 753 2274 812 aestuarem,
2313 745 2433 815 ejus
2460 758 2583 799 vero
2607 755 3008 811 superexpanso
3037 740 3189 808 quasi
3228 746 3308 791 lc-

1753 842 1841 888 eto
1875 835 2343 896 obumbrarentur,
2383 832 2729 890 commodum
2766 831 2866 883 iter
2917 830 3161 897 pedestre
3191 844 3312 896 per-

1755 930 1996 989 agentes,
2033 930 2088 974 et
2115 931 2494 976 conversantes
2533 917 2989 989 quemadmodum
3019 917 3309 970 contuber-

1758 1010 1929 1073 nales,
1975 1015 2154 1079 neque
2193 1013 2590 1079 peregrinantes
2639 1027 2730 1080 per
2785 1017 2983 1064 nudam
3034 1008 3310 1074 undique,

1725 1141 1730 1147 .
1760 1100 2014 1168 nullaque
2039 1115 2103 1152 ex
2134 1108 2281 1168 parte
2321 1101 2630 1153 umbroSam
2673 1101 3037 1154 solitudinem.
3083 1095 3197 1150 Non
3234 1097 3313 1149 lii--

1760 1197 1997 1242 veterata
2039 1187 2139 1241 fuit
2192 1188 2323 1256 ipsis
2351 1188 2546 1251 vestis,
2596 1204 2700 1243 non
2747 1190 2991 1251 calceus,
3035 1187 3087 1240 in
3129 1186 3308 1240 colore

1762 1280 1938 1348 spatio
1984 1294 2245 1333 annorum
2278 1280 2628 1348 quadraginta
2662 1280 2916 1333 continuo
2944 1277 3312 1344 perdurantes.

1762 1365 1882 1420 Non
1910 1367 2070 1435 periit
2103 1367 2405 1435 jumentum
2432 1367 2681 1435 subjuge,
2707 1372 2792 1421 cui
2828 1378 3020 1421 natura
3067 1381 3172 1419 non
3223 1366 3315 1417 de-

1763 1457 1912 1511 derat
1945 1457 2129 1510 tandiu
2165 1472 2464 1525 superesse.
2498 1458 2617 1510 Non
2668 1458 2908 1520 morbus,
2967 1472 3073 1510 non
3124 1470 3315 1523 grava-

1766 1561 1909 1612 men,
1944 1562 2049 1599 non
2086 1548 2269 1607 febris.
2306 1563 2414 1601 non
2444 1546 2663 1617 frigoris
2693 1547 2854 1617 rigor,
2889 1561 2993 1599 non
3026 1547 3314 1614 quidquam

1774 1635 1940 1700 aliud,
1971 1637 2110 1704 quod
2133 1640 2448 1706 corporibus
2481 1639 2614 1691 solet
2643 1639 2904 1700 accidere,
2945 1635 3318 1689 invaletndiuis

1769 1726 1899 1792 ipsis
1929 1726 2150 1795 contigit
2183 1744 2195 1780 :
2234 1745 2250 1776 ι
2277 1726 2391 1780 Νοιι
2421 1738 2533 1780 erat
2556 1728 2695 1779 enim
2719 1729 2772 1779 in
2807 1726 3050 1779 tribubus
3080 1725 3316 1792 ipsorum

112 1815 289 1884 χειρὸς
312 1817 652 1887 ἀνθρωπίνης
679 1817 994 1885 αὐτομάτως
1019 1802 1402 1886 κατενείθέντα
1430 1815 1659 1883 νεύματι

1775 1815 2012 1869 inﬁrmus
2039 1815 2104 1868 ".
2147 1833 2166 1866 ›
2201 1816 2458 1881 Viccruut
2488 1816 2576 1868 Dci
2601 1817 2768 1884 gratia
2800 1825 3042 1869 naturam
3076 1800 3196 1867 clum
3227 1827 3320 1882 po-

114 1902 259 1973 θείῳ.
296 1905 462 1975 Ἐθνη
489 1907 677 1971 πολλὰ,
718 1908 811 1960 καὶ
840 1905 1241 1976 πολυάνθρωπα
1275 1906 1497 1976 δυνάμει
1525 1905 1660 1958 καθ-

113 1991 280 2061 ῃρέθη
329 1994 553 2062 κρυφία,
589 1994 952 2062 σχολάζουσαν
989 1995 1189 2061 αὐτοῖς,
1229 1994 1320 2046 καὶ
1364 1995 1662 2064 ἀμέριμνον

114 2080 319 2150 οῐκησιν
343 2083 715 2134 καταλιπόντα
743 2083 842 2151 τὴν
868 2085 987 2151 γῆν.

1767 1906 1930 1961 tiores
1979 1908 2278 1961 evasissent
2314 1907 2643 1968 infirmitate,
2689 1922 2807 1975 qua:
2857 1906 3028 1959 oritur
3080 1919 3141 1957 ex
3194 1904 3316 1968 ista,

1777 1998 2202 2067 conjunctasque
2230 1999 2440 2066 corpori
2476 2013 2668 2061 noxas,
2704 2007 2758 2051 et
2783 1997 3132 2066 aegritudines
3161 2006 3320 2062 mpu-

1772 2088 1977 2142 lissent.
1999 2086 2241 2142 Hostium
2263 2088 2501 2158 legiones
2529 2087 2892 2141 formidabiles
2907 2088 2969 2142 ad
2991 2085 3320 2149 conﬂictum,

118 2173 254 2227 alter
308 2188 478 2243 super
526 2176 778 2240 alterum,
807 2177 929 2230 licet
956 2177 1072 2230 sine
1117 2176 1354 2241 vulnere,
1399 2175 1661 2231 deturbati
1695 2181 2037 2247 ceciderunt;
2086 2183 2293 2250 hocque
2338 2183 2548 2253 signum
2600 2189 2713 2235 erat
2761 2197 2953 2235 manus
2997 2195 3091 2234 eos
3138 2181 3322 2250 clypeo

118 2267 440 2334 protegentis
461 2273 622 2333 atque
662 2266 1062 2335 propugnantis.
1105 2265 1260 2330 Muri,
1297 2267 1439 2321 nulla
1500 2283 1592 2321 eos
1651 2267 1897 2325 humana:
1940 2287 2131 2326 manus
2163 2255 2410 2326 machina
2457 2272 2775 2340 impellente,
2830 2269 3319 2323 divino'dnutaxat

117 2364 248 2410 nutu
275 2355 482 2425 disjecti
511 2365 851 2410 corruerunt.
898 2354 1096 2409 Gentes
1145 2357 1386 2423 plurima:
1419 2357 1707 2426 populique
1753 2362 1954 2429 copiosi
1993 2364 2044 2415 vi
2110 2363 2320 2417 occulta
2381 2361 2645 2414 innninuti
2714 2377 2778 2413 ac
2833 2360 3099 2413 extenuati
3146 2372 3300 2424 sunt,

118 2457 389 2506 vacantem
429 2457 482 2502 et
521 2461 763 2502 securam
795 2446 859 2499 ad
892 2442 1240 2499 habitandum
1273 2457 1466 2499 terram
1501 2447 1632 2515 ipsis
1670 2449 2058 2519 relinquentes.

709 2561 959 2614 ΚΕΦΑΛ.
1004 2564 1084 2615 ῐΙ’.

190 2671 299 2724 Καὶ
324 2673 484 2726 τοῦτο
513 2667 602 2740 ἦν,
637 2673 773 2743 ὅπερ
801 2675 830 2725 δ
871 2671 1218 2742 ὑμνογράφος
1262 2670 1480 2738 ὕστερον
1521 2667 1672 2735 ἔλεγε

123 2759 308 2812 Δαείδο
340 2780 357 2810 ι
379 2760 444 2813 Ἦ
471 2761 592 2832 χείρ
623 2778 714 2814 σου
745 2761 870 2830 ἔθνη
906 2759 1287 2829 ὲξωλόθρευσε,
1321 2759 1414 2810 καὶ
1439 2756 1672 2826 κατεφύ-

122 2867 314 2912 τευσας
341 2851 558 2914 αὐτούς.
591 2853 666 2905 Οὐ
696 2853 803 2922 γὰρ
833 2853 891 2904 ὲν
931 2854 997 2921 τῇ
1033 2849 1276 2920 ῥομφαίᾳ
1310 2848 1484 2902 αὐτῶν
1511 2845 1672 2916 ἐκλη-

130 2939 426 3009 ρονόμησαν
467 2940 588 3007 γῆν,
648 2942 739 2993 καὶ
782 2942 810 2993 ὁ
859 2939 1093 3010 βραχίων
1122 2938 1300 2990 αὐτῶν
1342 2937 1438 2989 οὐκ
1473 2935 1672 2988 ἔσωσεν

127 3030 339 3093 αὐτοὺς,
384 3031 496 3083 ἀλλ’
527 3033 558 3100 ὴ
591 3028 737 3096 δεξιά
763 3048 878 3094 σου,
923 3031 1016 3082 καὶ
1049 3032 1076 3082 ό
1109 3028 1343 3097 βραχίων
1379 3043 1491 3088 σου,
1526 3027 1616 3078 καὶ
1645 3027 1672 3078 ό

128 3121 400 3192 φογτισμδς
429 3121 521 3174 τοῦ
574 3121 862 3189 προσώπου
911 3137 1024 3183 σου,
1056 3120 1136 3172 ὅτι
1165 3117 1456 3184 εὐδόκησας
1485 3117 1541 3167 ἐν
1574 3115 1672 3167 αύ-

124 3211 256 3271 τοῖς.
301 3228 320 3260 ι
379 3209 499 3262 Τῶν
530 3209 967 3281 εὐαρεστούντων
996 3207 1113 3275 Θεῷ
1145 3203 1462 3274 διαγράφων
1491 3202 1587 3271 την
1616 3204 1673 3254 ὲν

2251 2564 2677 2637 213~ca1>ur
2710 2527 2871 2619 vui,

1843 2677 1910 2731 Et
1941 2678 2044 2732 hoc
2072 2686 2208 2743 erat,
2239 2678 2382 2748 quod
2419 2678 2739 2747 hymnorum
2770 2676 2996 2743 scriptor
3030 2674 3219 2728 deinde
3247 2675 3326 2728 di-

1771 2767 1928 2821 cehat
1984 2765 2147 2820 David
2211 2785 2226 2821 :
2285 2784 2306 2818 (
2347 2767 2544 2821 Gentes
2588 2766 2817 2819 abolevit
2869 2780 3059 2817 manus
3111 2773 3221 2826 tua,
3273 2774 3327 2818 ct

1770 2853 2176 2923 transplantasti
2202 2856 2384 2924 ipsos;
2429 2869 2527 2908 nec
2551 2855 2692 2908 enim
2733 2854 2785 2907 in
2812 2853 2985 2922 gladio
3011 2867 3110 2906 suo
3146 2867 3328 2920 posse-

1775 2943 1967 2999 derunt
1995 2945 2302 3001 haereditate
2327 2954 2542 3006 terram,
2598 2955 2650 2997 ct
2678 2944 2956 2998 brachium
3004 2959 3187 2996 eorum
3220 2957 3322 2996 non

1773 3035 1997 3088 salvavit
2025 3049 2141 3100 eos,
2172 3035 2264 3089 sed
2298 3035 2513 3088 dextera
2545 3042 2652 3094 tua.
2685 3046 2737 3087 et
2763 3033 3041 3087 brachium
3071 3040 3242 3095 tuum,
3276 3041 3327 3087 et

1777 3122 2092 3196 illutninatio
2125 3122 2303 3176 vultus
2331 3123 2442 3187 tui;
2471 3123 2593 3190 quia
2619 3121 2985 3190 complacuisti
3020 3120 3073 3173 in
3103 3119 3182 3174 eis
3207 3120 3270 3171 “.
3302 3137 3320 3168 ι

1781 3208 2098 3263 Describcns
2143 3223 2354 3273 eorum,
2404 3208 2495 3277 qui
2544 3208 2652 3262 Deo
2685 3209 2819 3262 bene
2869 3208 3326 3276 complacuerunt,

127 3302 290 3353 πᾶσιν
323 3300 640 3366 ἀσφάλειαν,
663 3301 812 3363 ὅπως
840 3300 1068 3351 ἕκαστον
1096 3296 1322 3365 ἀνύηται
1350 3292 1456 3347 τῶν
1486 3291 1672 3363 χρησί-

1778 3298 2118 3350 securitatem
2169 3295 2222 3348 in
2271 3295 2540 3356 omnibus,
2597 3294 2868 3363 quomodo
2918 3309 3143 3362 quaeque
3200 3293 3329 3361 ipsis

130 3407 244 3460 μων
267 3391 468 3454 αὐτοῖς,
496 3391 751 3461 πρόνοιαν
775 3389 907 3441 Θεοῦ
935 3389 1143 3441 δικαίαν
1165 3402 1374 3455 καρπου
1384 3384 1561 3453 μένοις
1578 3382 1674 3451 τὴν

127 3481 331 3534 ἄνωθεν
359 3480 700 3550 κηδεμονίαν,
731 3481 825 3534 καὶ
854 3480 1114 3532 πάντοθεν
1146 3477 1325 3546 ἔχουσι
1354 3473 1564 3542 διάτὴν
1587 3472 1676 3524 ἐπὶ

126 3574 218 3627 τὸν
253 3571 491 3636 σώζοντα
520 3573 706 3626 ἐλπίδα
735 3572 795 3626 τὸ
824 3571 1108 3640 ἀπτόητον.
1146 3563 1302 3622 Οὗτοι
1331 3569 1435 3634 γάρ
1466 3566 1599 3616 είσιν
1628 3563 1675 3615 oi

127 3661 402 3730 λέγοντες-
471 3682 490 3714 ‹
518 3665 592 3716 Ού
636 3661 1046 3731 φοδηθησόμεθα
1096 3660 1154 3711 ὲν
1203 3657 1278 3726 τῷ
1319 3653 1678 3726 ταράσσεσθαι

127 3753 224 3821 τὴν
255 3752 374 3820 γῆν,
419 3751 511 3804 καὶ
556 3750 929 3820 μετατίθεσθαι
963 3750 1059 3819 δρη
1103 3750 1165 3800 ’ὲν
1211 3747 1454 3817 καρδίαις
1487 3743 1678 3795 θαλασο

131 3841 258 3899 σῶν,
295 3859 313 3892 ι
353 3840 455 3893 κᾶν
490 3842 637 3892 πᾶσα
669 3843 700 3908 ἡ
732 3839 904 3902 κτίσις
946 3838 1274 3906 κλονουμένη
1322 3834 1676 3902 ταράττηται,

129 3933 226 3984 καὶ
257 3929 552 4000 θορυϐῆται
578 3930 914 3999 κυκλουμένη
947 3927 1244 3996 έπαλληλίᾳ
1271 3925 1475 3987 κακῶν,
1507 3923 1566 3974 οὑ
1597 3920 1680 3972 δε-

129 4020 389 4082 δοικότες.
434 4021 551 4073 οὐδὲ
581 4021 887 4089 τρέμοντες,
923 4019 1164 4086 καθάπερ
1193 4018 1239 4068 oi
1274 4017 1448 4069 πάντα
1479 4012 1682 4065 κτύπον

131 4110 427 4180 προσδοκίᾳ
454 4110 627 4163 δεινοῦ
676 4127 818 4172 τινος
866 4107 1398 4176 καταπεπληγμένοι,
1434 4105 1527 4156 καὶ
1560 4103 1681 4165 τοὺς

132 4199 572 4268 προσπίπτοντας
602 4201 762 4270 ἡχους
794 4200 928 4268 πρὸς
961 4198 1025 4267 ἣν
1052 4198 1262 4267 ἔχουσιν
1291 4197 1520 4265 ὑποψίαν
1553 4212 1683 4264 σχη-

135 4288 450 4359 ματίζοντες
476 4289 704 4350 οίκείως.
745 4289 907 4340 Οὐδὲν
937 4289 1042 4356 γὰρ
1090 4287 1437 4356 συνειδήσεως
1467 4303 1684 4336 κεντου-

110 4375 304 4444 ’μένης
328 4377 510 4444 μνήμῃ
547 4375 788 4444 πράξεως
822 4377 1058 4444 πονηρᾶς
1079 4374 1482 4440 ἀσθενέστερον,
1511 4373 1685 4424 πάντα

130 4467 410 4536 ἡγουμένῃ
439 4466 624 4534 ὲχθρά,
657 4467 747 4517 καὶ
781 4465 1028 4533 πολέμια,
1054 4465 1146 4516 καὶ
1180 4465 1312 4533 πρὸς
1343 4463 1549 4532 ἄμυναν
1575 4465 1686 4514 ἐπι-

133 4557 342 4626 τήδεια,
388 4557 452 4608 δι’
486 4556 550 4625 ἢν
585 4555 728 4607 ἔνδον
780 4555 889 4624 ἔχει
935 4555 1206 4616 κολάσεως
1240 4555 1323 4606 ἀεὶ
1361 4553 1683 4622 προσδοκίαν

1778 3385 2014 3454 perficiat
2043 3385 2214 3449 utilia,
2263 3384 2664 3457 a_Provideutia
2715 3383 2897 3437 divina
2949 3384 3142 3452 justam
3192 3397 3324 3436 con-

1776 3474 2122 3543 sequentibus
2149 3489 2433 3543 supernam
2469 3475 2708 3537 tutelam,
2733 3489 2792 3527 ac
2813 3475 3184 3527 inconcussam
3224 3489 3323 3525 un-

1776 3569 1936 3637 dique
1965 3568 2033 3623 ob
2061 3584 2208 3636 spem
2243 3570 2295 3622 in
2327 3584 2471 3634 eum,
2502 3571 2588 3637 qui
2616 3570 2804 3633 salvat,
2840 3568 3206 3623 ohtiucntibus
3239 3569 3331 3620 lir-

1777 3659 2038 3713 tuitatem.
2090 3658 2177 3711 Isti
2209 3659 2348 3711 enim
2403 3668 2548 3721 sunt,
2583 3658 2673 3726 qui
2703 3657 2888 3711 dicunt
2921 3674 2933 3709 :
2975 3675 2992 3707 ι
3025 3655 3141 3710 Non
3175 3655 3334 3709 time-

1778 3748 1974 3811 bimus,
2003 3747 2128 3801 dum
2163 3749 2460 3801 turbabitur
2485 3757 2646 3812 terra,
2683 3757 2732 3801 ct
2761 3747 3148 3801 transferentur
3181 3761 3334 3799 mon-

1781 3846 1860 3891 tes
1894 3833 1946 3890 in
1977 3838 2231 3891 cordibus
2259 3838 2482 3890 marium
2505 3839 2566 3890 ⁸⁷.
2601 3857 2616 3888 ι
2655 3837 2765 3892 Etsi
2802 3847 2944 3892 totus
2979 3836 3209 3890 mundus
3242 3851 3336 3889 ex-

1779 3929 2008 3997 agitatus
2036 3927 2277 3981 turbetur
2326 3943 2389 3982 ac
2436 3928 2813 3991 tumultuetur,
2856 3936 3040 3980 mutua
3073 3927 3336 3980 malorum

1781 4016 1920 4070 serie
1951 4017 2335 4080 circumdatus,
2385 4032 2488 4069 non
2536 4026 2861 4080 metuemus,
2915 4031 3088 4085 neque
3137 4023 3333 4068 trcme‘

1783 4121 1923 4170 mus,
1952 4103 2402 4172 quemadmodum
2449 4105 2524 4171 hi,
2557 4106 2645 4173 qui
2682 4106 2746 4158 ad
2799 4120 3012 4158 onmem
3059 4104 3338 4171 strepitum

1781 4195 2181 4263 exspectatione
2209 4195 2386 4263 gravis
2432 4195 2660 4262 alicujus
2714 4196 2836 4247 mali
2873 4194 3105 4258 attoniti,
3158 4196 3322 4248 etiam

1784 4286 2153 4353 contingentes
2199 4285 2407 4338 sonitus
2455 4286 2855 4338 accommodate
2903 4286 2965 4337 ad
3009 4299 3128 4337 eam
3176 4300 3337 4353 quam

1783 4374 1980 4428 habent
2008 4373 2367 4440 suspicionem
2428 4375 2656 4440 figurant
2683 4383 2735 4426 et
2767 4373 3146 4443 imaginantur.
3195 4373 3338 4427 Nihil

1782 4464 1978 4516 etenim
2015 4461 2287 4516 infirmius
2314 4463 2644 4516 conscientia
2695 4463 2964 4516 stimulata
3018 4478 3194 4532 pravae
3223 4478 3335 4516 me-

1785 4553 1955 4606 moria
2024 4553 2273 4616 actionis,
2325 4564 2514 4606 cuneta
2564 4553 2776 4607 inimica
2820 4563 2873 4607 et
2925 4554 3134 4606 hostiha
3167 4553 3344 4605 existi-

134 4647 235 4700 ἐπὶ
255 4651 364 4711 τοῖς
395 4647 798 4716 πεπραγμένοις
830 4649 1040 4710 κακοῖς,
1079 4645 1178 4698 κᾶν
1227 4646 1414 4714 μηδεὶς
1449 4644 1672 4711 ὲλέγχειι

1795 4656 1996 4709 mante,
2050 4657 2209 4714 atque
2257 4658 2440 4715 parata
2495 4648 2558 4700 ad
2592 4648 2871 4708 ultionem,
2921 4662 3012 4715 per
3044 4661 3202 4714 quam
3256 4647 3341 4698 in-

134 4739 382 4808 δύνηται,
419 4738 781 4809 θορυΰουμένη
815 4737 890 4805 τῷ
923 4738 1064 4788 ἔνδον
1093 4737 1317 4806 ἐλέγχῳ,
1350 4737 1442 4787 καὶ
1481 4736 1688 4800 πάντας

137 4823 278 4881 εἶναι
321 4828 544 4880 δοκοῦσα
591 4829 698 4880 τῶν
747 4827 1108 4882 λανθανόντων
1159 4828 1494 4896 συνίστορας.
1551 4829 1684 4879 Ἀλλ’

137 4915 240 4982 οὐχ
264 4916 295 4982 ἡ
321 4915 694 4983 καθαρεύουσα
726 4915 985 4983 πονηρίας
1026 4913 1166 4966 οὕτω
1190 4929 1204 4944 ·
1252 4915 1382 4968 πολὺ
1412 4915 1517 4984 γάρ
1547 4915 1682 4985 αὕτη

138 5003 206 5056 τὸ
233 5003 485 5067 πεποιθὸς
514 5004 624 5072 ἔχει
654 5005 943 5074 οὐδαμόθεν
968 5003 1147 5072 ὁρῶσα
1174 5005 1565 5071 καταγνώσεως
1595 5004 1684 5058 εύ-

139 5104 298 5161 λογον
325 5096 524 5158 αἰτίαν,
557 5097 646 5147 καὶ
676 5094 966 5166 θαρροῦσα,
993 5094 1065 5156 ὡς
1089 5094 1237 5146 ἔσται
1270 5095 1494 5148 πάντοτε
1523 5097 1686 5149 πᾶσιν

139 5187 458 5256 ἀχείρωτος,
481 5186 540 5238 τὸ
567 5186 878 5238 ἀνυπαίτιον
904 5187 1096 5254 ἔχουσα
1125 5187 1429 5256 παρρησίας
1459 5185 1686 5253 ἐφόδιον,

143 5278 245 5331 καῖ
265 5277 393 5328 ποτε
427 5275 523 5345 μὲν
554 5275 781 5342 λέγουσα
810 5290 821 5305 ·
879 5293 897 5326 ι
920 5276 1041 5327 Ἐὰν
1070 5275 1442 5343 παρατάξηται
1471 5276 1555 5327 ἐπ’
1591 5276 1687 5346 ἐμὲ

143 5367 484 5438 παρεμϐολὴ,
516 5367 575 5420 ού
608 5366 969 5436 φοὸηθήσεται
1016 5369 1048 5435 ἡ
1094 5349 1286 5436 καρδιά
1317 5385 1416 5436 μου
1440 5383 1451 5396 ’
1487 5386 1504 5418 ι
1560 5367 1688 5419 ποτὲ

145 5461 202 5515 δέ
235 5477 247 5492 ·
307 5477 326 5511 ι
354 5460 426 5513 Οὐ
456 5449 825 5530 φςεηθήσομαι
857 5461 959 5512 ἀπὸ
997 5459 1265 5528 μυριάδων
1296 5458 1420 5509 λαοῦ
1455 5457 1561 5510 τῶν
1591 5475 1687 5509 κυο

219 5663 269 5696 ⁸⁸
301 5663 445 5718 Psal.
477 5678 579 5728 etv,
607 5663 692 5718 37.
770 5664 810 5693 “’
846 5663 982 5717 Psal.
1012 5677 1160 5726 mu,
1187 5661 1237 5714 '5.

1315 5661 1355 5692 ⁸⁵⁷
1388 5658 1529 5715 Psal.
1561 5676 1682 5725 xu,
1713 5661 1765 5713 5.

1794 4737 1960 4790 terius
2017 4737 2186 4789 nutrit
2234 4736 2506 4790 assiduam
2540 4736 2998 4805 exspectationem
3053 4734 3342 4803 punitionis

1792 4827 1860 4879 ob
1895 4826 2076 4893 iniqua
2119 4841 2237 4893 qua:
2283 4827 2639 4894 perpetravit;
2697 4826 3038 4894 quantumvis
3088 4839 3244 4876 nemo
3274 4825 3341 4878 sit

1793 4917 2066 4978 conscius,
2100 4931 2196 4968 nec
2225 4914 2545 4983 redarguere
2571 4915 2743 4968 valeat
2774 4932 2800 4966 a
2835 4918 3042 4968 turbata
3100 4915 3337 4967 interiori

1792 5007 2154 5066 accusatione.
2187 5015 2238 5059 et
2285 5020 2473 5060 omnes
2518 5020 2694 5059 rerum
2731 5007 3059 5060 occultarum
3095 5007 3340 5058 conscios

1791 5093 2072 5151 esse'rata.
2106 5094 2297 5149 Verum
2331 5112 2434 5150 non
2475 5095 2552 5150 sic
2602 5111 2660 5151 se
2689 5096 2845 5149 habet
2882 5111 3020 5164 qure,
3069 5096 3212 5148 omni
3249 5111 3340 5147 ca-

1793 5201 1916 5240 rens
1948 5187 2202 5254 nequitia,
2245 5203 2375 5254 pnra
2406 5196 2487 5240 est
2518 5188 2840 5240 conscientia
2869 5203 2881 5236 :
2909 5202 3152 5255 magnam
3185 5187 3340 5252 quip-

1795 5295 1860 5347 pe
1892 5279 2136 5332 fiduciam
2167 5279 2322 5332 habet
2345 5280 2484 5346 ipsa,
2512 5279 2654 5331 nulla
2694 5294 2755 5331 ex
2792 5287 2941 5346 parte
2974 5276 3337 5330 rationabilem

1795 5370 2258 5423 condemnationis
2309 5383 2525 5421 causam
2578 5368 2928 5437 pchpicicns,
2965 5377 3014 5419 et
3066 5365 3343 5419 conlidens

1796 5458 1956 5526 219
1999 5460 2248 5512 audacter
2295 5459 2435 5526 quod
2481 5459 2694 5527 penitus
2741 5471 2950 5525 semper
2980 5456 3227 5510 omnibus
3261 5455 3343 5507 iti-
