4052 6336
212 298 306 362 957

1255 302 1726 364 PERISTERIA.
1765 328 1832 340 ·-
1865 305 2126 367 SECTIO
2155 305 2287 368 ΧΠ.

3258 297 3364 364 958

215 405 334 476 μίαν
359 399 670 474 ἀμερίμνως
713 403 986 472 εκάθευδε,
1021 408 1241 476 σημεῖον
1283 408 1378 461 τοῦ
1407 411 1480 479 μὴ
1515 409 1720 480 φροντίς

1826 420 2044 466 auclore
2076 430 2090 466 :
2116 412 2234 466 alia:
2263 425 2387 466 vero
2411 408 2646 474 aliunde,
2674 415 2729 464 et
2756 407 3110 478 undecunque
3132 420 3368 477 quercus

213 497 309 561 ζειν
344 493 445 546 τῶν
489 493 916 560 κυκλωσάντων,
957 498 1018 549 τδ
1061 496 1211 562 ἀδεὲς
1256 495 1350 550 τοῦ
1399 496 1566 551 ὕπνου
1613 500 1722 563 τοῖς

209 585 380 654 μαθεῖν
421 585 481 638 τὸ
512 584 765 649 πεποιθὸς
807 587 905 656 τῆς
963 587 1173 652 ἐλπίδος
1217 586 1555 657 βουλομένοις
1603 590 1723 641 ἑπι-

202 674 559 745 Ιιικνύμενος,
613 676 706 731 καὶ
745 680 1039 748 τεκμήριον
1071 679 1482 747 ἀναμφίλεκτον.
1533 679 1722 735 Ἔνθεν

203 763 318 819 ποτὶ
335 763 604 836 μὶνέλιγε
627 767 1012 837 σεμνυνόμενος
1035 783 1050 797 ·
1085 785 1103 818 ι
1125 766 1262 835 Ἐγὼ
1280 767 1598 839 ὲκοιμήθην,
1625 769 1721 822 καὶ

203 853 431 918 ὕπνωσε,
456 855 776 928 δξητέρθην.
807 857 889 909 ὃτι
929 857 1129 925 Κύριος
1160 857 1508 927 ἀντιλήψεται
1539 874 1662 926 μου,
1693 872 1752 910 ιε

201 944 272 1014 τῷ
286 944 628 1016 ἀντιλήπτορι
649 945 940 1010 πιστεύσας
964 947 1022 1000 ὶν
1048 946 1123 1017 τῷ
1150 947 1424 1001 καθεύδειν
1452 948 1511 999 τὸ
1542 947 1716 1017 σῶμα,

203 1037 290 1088 καὶ
335 1033 395 1088 τι
443 1033 669 1089 δυνατὸν
709 1035 808 1107 τῆς
848 1035 1176 1106 ἀντιλήψεως
1224 1036 1383 1100 εὐθὺς
1438 1038 1517 1106 τῷ
1571 1037 1718 1107 ἔργῳ

204 1121 396 1190 μαθὼν,
431 1121 724 1184 διαναστὰς
746 1121 855 1194 γὰρ
895 1116 1018 1192 εὗρε
1047 1124 1418 1195 φῳυρηθὲντα
1449 1120 1598 1196 παρὰ
1623 1126 1715 1179 τοῦ

202 1212 422 1279 ςὺλακος
466 1212 654 1266 ἑαυτὴν
699 1211 774 1275 ὡς
816 1215 963 1282 παρὰ
1007 1213 1138 1265 Θεοῦ
1173 1214 1444 1282 ἀσφαλῶς.
1492 1218 1626 1270 nm:
1659 1217 1715 1270 δέ

201 1316 322 1368 φησι
341 1316 352 1328 ·
396 1318 413 1350 ι
444 1301 622 1354 Πάντα
655 1301 781 1370 ἔθνη
807 1301 1119 1356 ἐκύκλωσαν
1153 1319 1241 1373 με,
1269 1305 1362 1359 καὶ
1392 1304 1468 1375 τῷ
1496 1306 1716 1376 ὀνόματι

203 1391 390 1458 Κυρίου
417 1391 703 1462 ἠμυνάμην
728 1392 939 1456 αὐτούς.
970 1412 990 1445 ›
1035 1394 1218 1463 Τούτῳ
1247 1395 1405 1448 πάλιν
1442 1397 1581 1450 κατά
1609 1397 1716 1451 τῶν

199 1477 514 1547 ἐπιθεμένων
546 1480 624 1549 τῷ
646 1480 801 1551 ,ὅπλῳ
837 1483 1196 1552 χρησάμενος,
1230 1484 1304 1547 ὡς
1336 1485 1472 1538 κατὰ
1500 1486 1592 1538 τοῦ
1620 1487 1718 1538 Γο-

199 1568 312 1622 ὶιὲιθ
354 1569 510 1622 πάλαι
560 1569 843 1640 ἐχρήσατο.
883 1572 1125 1640 Ἐνεργὸν
1174 1573 1272 1642 τῆς
1311 1574 1584 1644 δυνάμεως
1617 1577 1715 1647 τὴν

197 1660 378 1724 πεῖραν
409 1658 717 1726 δεξάμενος,
769 1658 1010 1722 εὐκόπως
1059 1661 1172 1729 ἅμα
1223 1663 1576 1734 σφενδονήσας
1623 1666 1715 1718 τὸν

197 1746 352 1809 ἳίθον,
395 1746 488 1798 καὶ
520 1748 711 1824 ἰσχυρᾷ
738 1747 914 1816 πληγῇ
944 1727 1258 1802 καταλαϐὼν
1293 1749 1384 1804 τὸν
1415 1727 1715 1807 ἀντίπαλον.
1748 1727 1790 1781 Β

196 1834 385 1886 τοῦτον
408 1833 742 1902 ζηλώσαντες
765 1837 812 1887 oi
845 1839 958 1905 μετ’
987 1838 1144 1890 αὑτὸν
1175 1840 1351 1902 καλῶς
1381 1839 1558 1908 ελεγον
1586 1843 1720 1912 προς

193 1924 283 1977 τὸν
308 1924 430 1976 Θεόν
449 1938 463 1953 ⁶
512 1943 532 1976 ι
563 1925 652 1978 Ἐν
678 1926 755 1995 τῷ
780 1925 997 1995 ὀνόματί
1032 1944 1122 1980 σου
1154 1928 1567 2000 ὲξουδενώσομεν
1596 1934 1720 1995 τοὺς

195 2012 637 2081 ἐπανισταμένους
666 2014 824 2080 ἡμῖν·
859 2033 878 2064 ι
920 2014 1146 2082 γέλωτα,
1176 2018 1267 2070 καὶ
1299 2019 1491 2089 χλεύην
1526 2021 1706 2084 αὐτοῖς

192 2101 448 2170 τιθέμενοι
498 2102 777 2172 παρούσης
821 2104 918 2172 τῆς
963 2104 1121 2158 αὐτοῦ
1170 2107 1436 2177 βοηθείας,
1477 2110 1569 2162 καὶ
1605 2111 1719 2162 διας

194 2190 372 2243 πτύειν
404 2191 917 2261 παρασκευαζούσης
940 2207 956 2222 ’
1009 2194 1082 2255 ὡς
1118 2195 1175 2247 δὲ
1218 2198 1296 2257 είς
1322 2200 1504 2267 χεῖρας
1548 2197 1718 2252 ἐλθεῖν

190 2278 257 2330 δι’
283 2280 546 2332 εὐτέλειαν
577 2279 734 2342 ὄντας
758 2280 958 2344 ἀξίους,
988 2278 1139 2346 αὖθις
1169 2283 1225 2337 δὲ
1257 2285 1490 2337 δείκνυσι
1515 2287 1712 2352 λέγων·

194 2385 217 2418 ι
249 2368 365 2420 Ἐὰν
392 2367 637 2437 πορευοῶ
668 2370 724 2421 ὲν
756 2370 904 2440 μέσῳ
934 2373 1090 2434 σκιᾶς
1112 2374 1358 2440 θανάτου,
1389 2375 1451 2426 οὗ
1483 2375 1717 2446 φοσηθή-

191 2469 342 2522 σομαι
375 2457 539 2531 κακὰ,
569 2455 649 2507 ὅτι
678 2456 740 2508 σὺ
773 2459 887 2526 μετ’
908 2459 1038 2527 ἐμοῦ
1065 2455 1136 2514 εἷ.
1159 2462 1277 2514 Ὅτι
1302 2462 1528 2516 κίνδυνοι
1555 2463 1715 2518 θανα-

186 2542 324 2594 τικοὶ
362 2542 480 2597 τότε
529 2541 896 2612 βαπτίζουσιν,
934 2549 1020 2599 ὅτε
1060 2549 1272 2619 μακράν
1303 2551 1466 2618 ἔσμεν
1510 2551 1716 2615 ἀνάξιοι

189 2628 424 2700 βοηθείας
452 2632 618 2694 ὅντως
650 2632 803 2696 Θεοῦ,
848 2635 1011 2701 ἐγγὺς
1054 2636 1113 2686 δὲ
1151 2639 1242 2688 καὶ
1275 2637 1497 2706 πλησίον
1538 2640 1715 2691 πίστει

186 2722 276 2772 καὶ
297 2722 470 2789 ἔργοις
501 2722 855 2792 τυγχάνοντες
880 2723 1041 2803 αύτοῦ
1081 2725 1257 2792 πάσης
1289 2726 1593 2797 ἐπιϐουλῆς,
1624 2729 1716 2781 καὶ

187 2806 376 2876 βλάϐης
415 2809 580 2877 ἐσμὲν
627 2807 906 2878 ἀνώτεροι,
960 2810 1057 2881 τῆς
1107 2810 1312 2880 owe;
1357 2813 1536 2883 χειρὸς
1582 2815 1717 2884 πρὸς

184 2896 310 2964 ὕψος
336 2898 592 2969 αίρούσης
633 2900 776 2967 ἡμᾶς
818 2900 925 2952 τῶν
963 2902 1110 2952 κάτω
1149 2902 1403 2954 κινδύνων
1433 2903 1716 2955 δυναστευ-

1822 513 2009 553 omnes
2039 500 2180 554 velut
2206 500 2429 555 ensibus
2459 497 2790 553 adversarios
2825 497 3019 553 subtus
3045 497 3198 565 22],
3230 509 3363 562 eon-

1821 586 2096 641 l'odiebant
2133 597 2319 643 contra
2358 589 2505 660 ipsos
2531 588 2760 644 surculis
2783 597 2840 641 ut
2868 587 3057 658 gladiis
3093 600 3222 640 usae.
3271 583 3362 639 Sic
3395 580 3399 587 ’

1768 703 1776 710 ο
1819 676 1952 730 alias
1977 675 2362 745 circumseptus
2387 678 2623 746 undique
2651 676 2883 730 hostium
2913 674 3249 730 multitudine
3277 687 3362 751 se-

1818 784 1982 824 curus
2011 769 2342 834 dormiebat;
2389 771 2584 839 bicque
2615 784 2837 825 somnus
2861 768 3036 824 omnis
3065 774 3235 821 metus
3264 780 3361 819 ex-

1819 872 1938 926 pers
1968 859 2178 930 signum
2200 870 2338 926 erat,
2367 876 2426 914 se
2452 861 2586 914 nihil
2614 874 2708 914 eos
2735 873 2946 923 curare,
2974 863 3007 912 'a
3039 857 3232 928 quibus
3254 855 3360 910 eir-

1817 947 2191 1014 cumdahatur,
2246 965 2354 1019 quo
2402 950 2540 1006 seire
2587 949 2908 1010 volentibus,
2959 947 3071 1016 spei
3111 945 3357 998 ﬁduciam

1817 1038 2136 1103 ostentabat,
2169 1047 2330 1105 atque
2353 1047 2743 1107 argumentum,
2773 1036 2912 1105 quod
2945 1037 2997 1088 in
3018 1034 3244 1089 dubium
3273 1049 3360 1088 re-

1815 1127 1993 1198 vocari
2025 1142 2128 1180 non
2160 1137 2385 1195 poterat.
2431 1127 2580 1182 Unde
2607 1127 2872 1181 interdum
2897 1125 3111 1194 quidem
3143 1123 3357 1178 dicebat

1813 1216 2196 1284 gloriabundus
2241 1233 2253 1267 :
2305 1235 2322 1267 ι
2350 1216 2458 1286 Ego
2501 1217 2749 1280 dormivi,
2787 1227 2839 1270 et
2880 1225 3163 1282 solioratus
3204 1214 3358 1266 Sum;

1816 1308 2111 1369 exsurrexi,
2150 1307 2275 1375 quia
2307 1305 2566 1362 Dominus
2595 1306 2831 1375 suscepit
2860 1320 2946 1359 me
2962 1307 3040 1369 ";
3069 1321 3087 1355 ι
3134 1303 3359 1356 auxilia-

1819 1396 1918 1447 tori
1951 1397 2087 1448 inter
2115 1396 2490 1450 dormiendum
2527 1411 2720 1464 corpus
2752 1393 3112 1453 committens.
3143 1405 3205 1443 ae
3231 1396 3359 1458 pos-

1817 1483 2120 1538 sibilitatem
2150 1485 2330 1538 auxilii
2357 1486 2533 1540 statim
2565 1483 2737 1551 reipsa
2770 1481 3046 1544 ediscens;
3080 1494 3202 1533 nam
3233 1492 3354 1531 cum

1814 1573 2224 1635 exsurrexisset,
2256 1571 2457 1626 invenit
2482 1572 2715 1637 seipsum
2746 1579 2856 1622 tute
2880 1585 2909 1622 a
2942 1567 3184 1629 custode,
3213 1574 3271 1618 ut
3291 1565 3360 1617 ab

1818 1663 1935 1730 ipso
1961 1661 2089 1724 Deo,
2113 1663 2526 1715 communitum.
2549 1658 2814 1714 Interdum
2839 1672 2966 1711 vero
2997 1657 3068 1708 ait
3093 1674 3104 1708 :
3134 1655 3360 1707 ιοιιιιιιις

1819 1763 2000 1820 gentes
2046 1741 2513 1805 circumdederunt
2544 1751 2672 1813 me,’
2693 1757 2745 1802 et
2796 1749 2848 1801 in
2899 1745 3113 1800 nomine
3153 1742 3357 1796 Domini

1819 1841 1963 1893 ultus
1991 1855 2109 1893 sum
2162 1839 2214 1893 in
2253 1839 2428 1894 eos".
2466 1855 2486 1889 ι
2543 1837 2653 1891 Hoc
2694 1837 2868 1891 denuo
2899 1850 3032 1897 usus
3067 1831 3361 1886 munimine

1818 1930 2072 1982 adversus
2100 1942 2190 1981 eos
2251 1930 2340 1996 qui
2369 1926 2644 1980 struebant
2682 1926 2780 1994 ipsi
2819 1924 3063 1985 insidias,
3097 1919 3359 1990 quemad-

1817 2018 2035 2072 modum
2082 2017 2338 2071 adversus
2379 2014 2590 2069 Golith
2633 2015 2758 2067 olim
2803 2018 3156 2080 usurpaverat
3209 2007 3359 2060 illud.

1817 2108 2047 2177 Agnovit
2093 2107 2288 2161 etenim
2318 2103 2644 2172 experientia
2677 2102 2924 2156 virtutem
2969 2115 3031 2155 ac
3067 2097 3358 2155 eﬂicaciam

1820 2199 2092 2269 potentia,
2109 2196 2317 2265 quippe
2335 2195 2424 2248 vix
2453 2194 2518 2246 de
2544 2192 2704 2246 funda
2730 2190 2954 2261 lapidem
2983 2190 3183 2252 directe
3202 2186 3360 2254 jacu-

1819 2292 1955 2342 latus
1975 2286 2270 2342 vehementi
2302 2284 2452 2353 plaga
2477 2283 2658 2337 statim
2692 2279 2885 2349 dejecit
2909 2276 3272 2332 adversarium
3291 2275 3356 2327 ⁵⁸.

1817 2380 1969 2432 llunc
1991 2375 2223 2436 aemulati
2250 2375 2367 2444 ejus
2397 2373 2594 2444 posteri
2626 2381 2770 2426 recte
2792 2370 3042 2425 dicebant
3068 2367 3132 2420 ad
3155 2365 3318 2419 Deum
3342 2380 3355 2414 :

1823 2488 1839 2518 ι
1891 2467 1945 2520 lu
1993 2476 2085 2520 tuo
2129 2465 2346 2518 nomine
2403 2463 2552 2516 nihili
2606 2462 2865 2515 faciemus
2926 2461 3262 2527 insurgentes
3303 2454 3357 2507 in

1816 2558 2010 2619 nos";
2043 2574 2061 2608 ι
2102 2555 2335 2609 ridentes
2381 2561 2434 2606 et
2470 2551 2859 2609 subsannantes
2897 2548 3037 2610 illozs,
3073 2547 3195 2599 dum
3223 2544 3361 2598 divi-

1817 2660 1942 2697 num
1980 2644 2160 2696 aderat
2191 2641 2473 2702 auxilium,
2511 2653 2711 2704 eosque
2735 2636 2913 2689 taliter
2939 2630 3276 2703 disponebat,
3306 2639 3357 2680 nt

1813 2748 1906 2785 eos
1934 2733 2091 2783 etiam
2137 2730 2477 2797 despuerent.
2531 2727 2680 2792 Quod
2724 2739 2848 2779 vero
2881 2724 3002 2778 licet
3049 2723 3202 2784 viles.
3251 2719 3358 2788 apti

1799 2831 1988 2876 tamen
2019 2821 2125 2873 sint
2165 2819 2230 2873 ad
2270 2817 2518 2871 manibus
2555 2815 3003 2878 contendendum,
3037 2825 3226 2864 rursus
3269 2812 3357 2861 de—

1769 2896 1772 2900 .
1817 2918 2078 2964 monstrat
2105 2907 2353 2974 inquiens
2384 2924 2396 2958 :
2435 2925 2452 2954 ι
2484 2905 2540 2958 Si
2578 2905 2921 2958 atubnlavero
2951 2902 3002 2954 in
3035 2900 3209 2952 medio
3245 2911 3361 2948 um-

183 2986 362 3053 όντων,
397 2990 486 3040 καὶ
515 2990 574 3040 οὐ
604 2983 909 3055 φθανόντων
937 2990 1172 3058 ἅψασθαι
1201 2990 1307 3042 τῶν
1331 2992 1429 3052 τὰς
1465 2993 1715 3056 τοιαύτας

1816 3002 1924 3053 bra:
1954 2998 2158 3057 mortis,
2190 3010 2294 3047 nou
2348 2993 2546 3046 timebo
2588 2993 2747 3055 mala,
2777 2989 3032 3059 quoniam
3067 2999 3120 3039 tu
3150 3000 3356 3038 meeum

185 3077 376 3145 βλάϐας
417 3079 970 3148 ύπεραναϐεόηκὸτων
1015 3079 1090 3150 τῷ
1144 3079 1261 3150 βίῳ.
1309 3081 1476 3134 Τοῦτο
1519 3086 1546 3134 ὁ
1587 3083 1716 3145 Θεὸς

1815 3105 1867 3143 es
1885 3091 1950 3140 5".
1985 3107 2002 3137 ι
2058 3086 2189 3150 Quia
2221 3084 2457 3154 pericula
2491 3081 2762 3135 mortifera
2817 3089 2942 3133 tunc
2987 3078 3359 3143 submergunt,

181 3170 287 3230 τοῖς
325 3170 389 3238 τῇ
435 3168 654 3239 τοιαύτῃ
697 3171 1026 3223 καταστάσει
1080 3170 1435 3241 πλησιάσασιν
1492 3172 1674 3239 ἔλεγεν
1699 3189 1714 3204 ·

189 3274 209 3308 ι
247 3259 366 3311 Ἐὰν
405 3258 681 3332 διαϐαίνῃς
731 3261 797 3313 δι’
848 3261 1053 3327 ὓδατος,
1097 3265 1330 3331 ποταμοὶ
1373 3263 1432 3314 ού
1467 3263 1716 3330 συγκλεία

184 3345 326 3396 σουσί
349 3361 427 3404 σε,
451 3347 544 3398 καὶ
574 3347 669 3398 ἐὰν
694 3346 964 3418 διαϐαίνῃς
988 3348 1074 3400 διὰ
1103 3349 1289 3418 πυρὸς,
1314 3348 1442 3416 φλὸξ
1469 3352 1529 3402 ού
1558 3367 1719 3402 κατα-

183 3431 362 3484 καύσει
393 3450 472 3500 σε,
504 3435 584 3487 ὃτι
620 3435 758 3504 μετὰ
792 3435 882 3487 σοῦ
931 3435 1039 3503 ἐγὼ
1067 3435 1267 3503 Κύριος
1311 3438 1338 3487 ὸ
1369 3436 1517 3498 Θεός.
1558 3456 1575 3487 ι
1622 3435 1718 3487 Διὰ

181 3518 239 3572 τὸ
263 3520 422 3588 μηδὲν
459 3523 564 3574 ὑπὸ
603 3524 711 3576 τῶν
741 3524 947 3591 ταχέως
981 3524 1301 3592 φθειρόντων
1345 3525 1404 3576 τὸ
1443 3525 1575 3587 ζῶον
1605 3526 1710 3577 ἁδι-

168 3609 386 3662 .κεῖσθαι
415 3611 710 3680 στοιχείων,
756 3613 845 3664 τοῦ
877 3612 974 3680 μὲν
1019 3613 1122 3664 διάί
1143 3616 1240 3682 τῆς
1287 3613 1555 3682 ἀναπνοῆς
1586 3613 1710 3682 φλέ-

183 3713 362 3764 γοντος
395 3698 464 3752 τὰ
497 3699 792 3768 σπλάγχνα.
821 3700 914 3752 τοῦ
938 3699 998 3752 δὲι
1021 3700 1086 3752 δι’
1113 3701 1278 3768 αὐτῆς
1307 3701 1592 3770 ἑλκομένου
1623 3703 1714 3753 καὶ

180 3789 374 3859 ταύτης
403 3789 821 3852 ἀποσϐεννύντος
847 3791 908 3844 τὸ
951 3791 1182 3858 πνεῦμα,
1223 3790 1399 3854 δείξας
1436 3792 1493 3842 τὸ
1522 3793 1715 3858 κράτος

182 3875 276 3943 τῆς
308 3877 442 3938 ἰδίας
469 3877 766 3946 δυνάμεως,
794 3878 864 3940 ὡς
895 3880 987 3930 καὶ
1021 3879 1231 3943 φύσεως
1253 3881 1502 3948 κινούσης
1533 3883 1708 3950 ὅρους,

181 3963 274 4016 καὶ
293 3965 359 4018 τά
387 3964 599 4033 ὀλέθρια
626 3965 877 4035 ποιούσης
908 3968 1166 4035 σωτήρια,
1189 3968 1315 4027 ὃταν
1342 3969 1480 4032 τινὲς
1505 3970 1713 4040 εύεργε·
1759 4030 1765 4036 η

186 4053 297 4115 σίας
323 4053 460 4118 ἄξιοι
490 4054 574 4106 διὰ
604 4054 803 4108 τούτων
835 4055 1103 4110 ὁδεύωσιν.

1813 3177 2028 3247 quando
2081 3177 2233 3243 longe
2289 3175 2549 3229 absumus
2588 3187 2616 3225 a
2648 3171 2775 3236 Deo,
2824 3183 2945 3223 vere
2991 3168 3110 3235 ejus
3155 3164 3357 3232 indigni

1814 3266 2055 3322 subsidio
2092 3283 2105 3319 :
2143 3279 2306 3332 prope
2335 3278 2481 3324 vero,
2512 3273 2563 3313 et
2593 3260 2833 3326 proxime
2863 3257 2984 3320 iide,
3040 3264 3198 3321 atque
3228 3267 3367 3319 ope~r

1813 3359 1960 3410 ribus
1979 3355 2053 3409 illi
2075 3354 2414 3414 cxsislenlcs,
2435 3349 2684 3400 omnibus
2699 3346 2908 3400 insidiis
2923 3353 3083 3412 atque
3103 3341 3257 3394 noxis
3275 3356 3359 3392 su-

1812 3445 2048 3512 periores
2075 3439 2372 3501 evadimus,
2402 3437 2559 3505 222
2586 3435 2792 3489 excelsa
2818 3447 2975 3486 manu
2999 3433 3053 3484 in
3076 3432 3239 3483 altqu
3261 3443 3359 3482 ex-

1817 3534 2030 3585 ιυιευιιιρ
2049 3547 2165 3594 nos,
2184 3537 2239 3585 et
2253 3529 2510 3597 eripiente
2531 3541 2558 3579 a
2579 3524 2831 3594 periculis
2852 3523 3004 3576 hisee
3020 3519 3359 3574 inferioribus

1818 3621 2051 3690 polentia
2077 3619 2290 3689 quidem
2321 3615 2662 3686 pollentibus,
2692 3613 2781 3666 sed
2814 3626 2916 3664 non
2952 3609 3250 3662 valentibus
3272 3607 3354 3660 vel

1820 3712 2080 3780 attingere
2123 3709 2243 3763 illos
2283 3708 2374 3777 qui
2425 3705 2532 3758 vita
2582 3701 3056 3771 supergrediuutur
3106 3696 3359 3762 hujusce-

1821 3801 1961 3852 modi
1998 3808 2334 3851 noeumenla.
2366 3797 2479 3850 lloc
2510 3795 2647 3846 Deus
2682 3791 2804 3853 illis,
2839 3789 2927 3856 qui
2961 3787 3051 3840 tali
3080 3784 3240 3848 statui
3265 3799 3358 3852 ap-

1819 3892 2264 3958 propinquarunt,
2299 3888 2507 3940 diccbat
2536 3902 2549 3937 :
2587 3903 2602 3933 ι
2637 3884 2692 3937 Si
2720 3880 2996 3936 transieris
3024 3893 3114 3946 per
3141 3890 3364 3944 aquam,

1815 3981 2034 4033 ﬂumina
2067 3993 2170 4031 non
2207 3984 2257 4030 te
2286 3974 2650 4037 coneludent;
2697 3981 2746 4024 et
2779 3971 2820 4045 si
2852 3983 2942 4037 per
2974 3968 3147 4035 ignem
3184 3973 3362 4017 trans-

1815 4070 1959 4132 ieris,
1993 4067 2205 4120 llatttma
2239 4082 2342 4119 non
2370 4065 2557 4118 adoret
2597 4072 2645 4115 te
2677 4082 2688 4116 :
2738 4060 2861 4128 quia
2898 4069 3073 4111 tecum
3108 4070 3206 4122 ego
3255 4049 3370 4100 Dom

185 4146 356 4198 minus
373 4144 593 4226 Dens".
628 4165 645 4195 ›
689 4146 763 4198 Eo
785 4147 921 4214 quod
949 4147 1015 4200 ab
1036 4148 1312 4202 elementis
1379 4160 1486 4204 cito
1547 4161 2014 4226 corrumpenlihus
2083 4161 2264 4212 vivens
2327 4157 2522 4210 animal
2564 4155 2707 4206 nullo
2744 4151 2900 4204 modo
2932 4149 3226 4203 laederetur,
3258 4141 3358 4192 hoc

185 4235 395 4301 quidem
428 4249 519 4300 per
583 4235 961 4302 aspirationem
1022 4235 1227 4289 viscera
1279 4237 1658 4303 inﬂammante,
1702 4245 1791 4296 illo
1831 4263 1957 4300 vero
2008 4263 2100 4315 per
2150 4246 2318 4314 ipsam
2371 4243 2747 4311 aspirationem
2779 4248 3023 4300 attracto,
3077 4233 3350 4300 hujusth

186 4324 424 4390 spiritum
458 4324 850 4390 restinguente;
895 4330 1170 4376 ostentans
1217 4327 1443 4392 prapria:
1475 4326 1886 4386 dominationem
1952 4335 2218 4403 potentiae,
2253 4334 2322 4386 ita
2386 4340 2444 4385 ut
2497 4338 2683 4382 natura
2709 4330 2819 4397 ipsa
2850 4325 3106 4380 terminos
3165 4328 3365 4376 tnuteh

185 4422 235 4465 et
255 4410 486 4465 exitialia
514 4410 704 4464 eliieiat
730 4410 999 4473 salutaria,
1035 4413 1246 4477 quando
1275 4414 1436 4482 aliqui
1476 4415 1728 4469 bear-licio
1766 4423 1908 4488 ιΙίεξιιὶ
1943 4439 2033 4492 per
2061 4438 2122 4477 ea
2158 4423 2428 4477 incedunt.

788 4521 1030 4574 ΚΕΦᾹΛ.
1074 4522 1128 4575 l'.

249 4640 309 4692 El
337 4640 394 4694 δὲ
422 4641 581 4708 ἐγγὺς
611 4642 758 4701 ὄντες
791 4638 922 4692 Θεοῦ
963 4640 1223 4704 τοσαύτης
1269 4639 1346 4699 εἰς
1388 4637 1712 4707 κηδεμονίαν

185 4729 513 4799 ἀπολαύομεν
538 4731 775 4800 χάριτος,
805 4730 896 4780 καὶ
925 4727 1226 4794 ἀφεστῶτες
1255 4727 1413 4778 αὑτοῦ
1448 4730 1606 4779 πᾶσιν
1634 4731 1714 4788 εἰς

188 4815 382 4886 βλάῦην
405 4816 479 4875 ὡς
507 4816 790 4887 ἀϐοήθητοί
823 4818 982 4884 ἐσμεν
1028 4816 1339 4884 ὑποχείριοι,
1378 4814 1713 4882 δικαιοσύνης

186 4908 526 4975 ἐπιμελητέον
571 4910 670 4976 τῆς
720 4912 879 4977 ἐγγὺς
934 4903 1066 4959 εἶναι
1117 4906 1370 4973 ποιούσης
1414 4906 1579 4968 Θεοῦ,
1623 4908 1714 4958 καὶ

187 4996 522 5065 παρεχούσης
545 4997 603 5047 τὸ
625 5000 844 5060 ἀπαθὲς,
875 5000 965 5050 καὶ
991 4997 1271 5064 ἁπτὸητον.
1313 4995 1546 5064 Ἐπειδὴ,
1578 4995 1716 5048 κατᾶ

186 5086 270 5138 vim
303 5085 459 5152 σοφὸν
490 5085 819 5154 Σολομῶντα,
864 5088 1061 5149 δίκαιος
1101 5086 1172 5148 ὡς
1196 5087 1331 5138 λέων
1363 5085 1611 5137 πέποιθε’
1658 5085 1716 5135 τὸ

189 5178 339 5243 φύσει
390 5179 627 5244 γενναῖον
673 5175 764 5226 τοῦ
815 5175 973 5240 Criton,
1023 5180 1112 5229 καὶ
1167 5177 1595 5244 ἀκατάπληκτον,
1651 5178 1714 5244 τῇ

189 5268 461 5336 παρρησίᾳ.
491 5267 582 5318 τοῦ
620 5267 730 5335 βίον
759 5267 1252 5334 καταχρησάμενος,
1286 5268 1376 5319 καὶ
1405 5264 1720 5333 τεθαρρηκό-

189 5373 289 5419 τως
332 5359 526 5418 παντὸς
559 5357 730 5410 δεινοῦ
761 5359 1266 5421 κατεξανιστάμενος
1298 5359 1383 5411 διὰ
1426 5356 1483 5408 τὸ
1530 5373 1716 5408 πεποι-

254 5490 298 5520 ⁵²
329 5490 464 5544 Ρςτιι.
499 5505 577 5559 ιιι,
613 5491 666 5543 6.
738 5493 782 5520 δα
817 5490 954 5543 Psal.
983 5508 1144 5556 emt,
1193 5492 1270 5544 ili.
1347 5493 1393 5522 ν’
1439 5489 1454 5541 1
1506 5490 1632 5559 lleg.

191 5576 334 5613 ιξειιι.
368 5561 418 5612 2.
495 5557 539 5589 ³³
571 5561 722 5612 i‘rov.
759 5575 940 5624 xxvtu,
978 5561 1021 5613 I.

1685 5505 1808 5545 λιιι,
1865 5488 1938 5538 ιτ).

2421 4528 2645 4583 CAPUT
2683 4526 2749 4581 X.

1813 4695 1816 4699 .
1892 4647 1945 4696 Si
1976 4653 2174 4702 autem.
2204 4658 2323 4694 eum
2343 4637 2627 4708 propinqui
2662 4649 2851 4690 sumus
2878 4634 2990 4698 Dei,
3013 4640 3158 4688 tanta
3185 4633 3364 4703 gratim

1820 4733 2143 4800 pet-fruimur
2177 4732 2240 4784 ad
2276 4729 2515 4790 tutelam,
2553 4736 2605 4780 et
2649 4726 2716 4780 ab
2767 4725 2880 4792 ipso
2927 4725 3111 4793 procul
3158 4723 3351 4786 dissili,

1819 4821 2064 4875 munibus
2113 4819 2306 4874 subditi
2352 4816 2658 4874 exsistimns
2703 4816 2767 4870 ad
2800 4815 3071 4884 iniuriam,
3104 4823 3352 4882 tanquam

1821 4911 1961 4964 onmi
2009 4912 2209 4964 auxilio
2254 4907 2539 4962 destituti:
2583 4905 2900 4959 studendum
2932 4903 3186 4970 justitim,
3233 4915 3365 4968 quae»

1817 5014 1912 5051 nos
1939 5013 2057 5050 tisse
2097 4997 2220 5050 facit
2253 4995 2368 5048 Deo
2410 4994 2710 5062 proximos,
2757 4997 3076 5056 praestatque
3119 4998 3178 5041 ut
3219 4988 3348 5042 nihil

1817 5088 2098 5154 patimnur,
2127 5093 2178 5137 ct
2204 5093 2260 5135 ut
2303 5084 2475 5136 simus
2506 5078 2962 5147 imperturbabiles
2999 5088 3051 5131 et
3081 5078 3346 5144 intrepidi.

1816 5175 2104 5239 Quoniam,
2139 5171 2432 5222 secundum
2463 5169 2755 5236 sapientem
2789 5166 3148 5227 Salomonem,
3174 5164 3350 5229 justus

1820 5273 1875 5315 ut
1902 5264 1982 5314 leo
2014 5257 2290 5312 conlidit”
2324 5275 2335 5308 :
2373 5267 2616 5308 naturam
2649 5270 2957 5324 generosam
2999 5250 3267 5310 animalis,
3298 5257 3352 5302 et

1825 5352 1949 5404 nulli
1987 5359 2078 5402 ter;
2095 5347 2172 5400 ori
2205 5347 2512 5407 obnoxiam,
2539 5348 2607 5400 ob
2635 5347 2756 5398 vitm
2791 5343 3034 5395 liduciam
3066 5353 3345 5408 usurpans.

2016 5485 2057 5510 “‘
2092 5483 2228 5536 i'::l|.
2290 5499 2439 5544 mn,
2486 5484 2531 5531 li.
2611 5479 2813 5534 ’³⁸⁸Ρδιι1.
2859 5494 3002 5541 sxu,
3046 5477 3096 5530 ι.
3172 5474 3213 5505 δ⁷
3247 5473 3342 5526 isu.
