4052 6336
151 361 232 424 ςηι
1184 350 1651 410 PERISTERIA.

1702 374 1760 380 -ω
1794 347 2050 406 SECTIO
2100 347 2142 404 Χ
2156 349 2176 404 Ι
2190 347 2232 407 1.

3193 337 3297 400 962

151 466 468 540 ὑπερηφάνου
513 463 778 534 τράχηλον
821 462 1007 533 νεῦρον
1038 461 1187 514 καλεῖ
1214 461 1457 531 σιδηροῦν
1495 460 1579 512 διὰ
1609 460 1667 511 τὸ

1783 462 2010 512 ηιιιιιρειιις
2035 457 2387 526 prudentiam.
2416 451 2580 507 Sicuti
2611 467 2841 520 namque
2866 449 3077 520 superbi
3103 448 3298 505 collum

150 564 487 626 δύσκαμπτον,
544 556 635 607 καὶ
684 556 742 604 τὸ
789 553 1142 606 ἀνατετάσθαι
1201 556 1264 622 τῇ
1318 554 1486 621 οἰήσει
1533 551 1664 621 πρὸς

153 652 282 718 {EQ-0;,
313 649 398 701 καὶ
436 645 827 715 σκληρύνεσθαι
856 647 919 712 τῇ
962 644 1261 712 ἀλαζονείᾳ,
1295 643 1434 694 οὕτω
1456 642 1545 694 τὸν
1572 640 1664 692 τοῦ

151 741 394 810 ἐναρέτου,
425 739 517 788 γαὶ
559 737 936 806 μετριόερρονος
971 735 1250 801 ὁρμίσκον,
1277 730 1664 801 προσαγορεύει

151 827 376 895 χρυσοῦν,
403 825 507 876 ἀπὸ
532 827 626 891 μὲν
649 824 738 875 τοῦ
774 825 1044 891 σχήματος
1072 823 1167 891 τὴν
1193 824 1539 885 κατάστασιν,
1562 821 1668 874 ἀπὸ

150 918 197 968 δὲ
227 919 309 984 τῆς
358 915 486 984 ὕλης
532 917 590 966 τὸ
635 914 854 981 δόκιμον
901 915 1286 979 αἰνιττόμενος»
1337 913 1522 980 ἐπειδὴ
1575 913 1667 962 καὶ

150 1007 381 1075 ὁρμίσκος
407 1005 512 1056 ἀπὸ
541 1005 696 1073 ὀρθοῦ
724 1006 990 1072 σχήματος
1010 1005 1326 1070 ,κάμπτεται
1355 1003 1444 1054 ἐπὶ
1472 1001 1666 1053 κύκλον

151 1099 233 1148 καὶ
258 1096 472 1166 ὁ-εύοὺς
499 1095 576 1164 τῷ
619 1095 716 1164 βίῳ
762 1095 1001 1146 συννεύει
1046 1097 1136 1145 ἐπὶ
1175 1094 1233 1144 τὸ
1271 1092 1665 1160 ταπεινότερον,

151 1186 275 1237 οὕτω
296 1187 396 1255 γὰρ
433 1187 460 1236 ὁ
487 1185 581 1235 νῦν
617 1185 782 1252 ταύτῃ
810 1184 975 1249 ὶέγων
1004 1183 1266 1250 τράχηλὸς
1296 1199 1388 1232 σου
1411 1181 1488 1242 ὼς
1515 1181 1670 1248 ὁρμί-

153 1277 422 1344 σκος,.μετ’
449 1275 601 1339 ὀλίγα
635 1276 813 1342 φησὶν,
851 1293 866 1322 ι
898 1274 968 1334 ὡς
1000 1272 1200 1339 πύργος
1230 1271 1387 1322 Δαὸἶδ
1410 1271 1669 1340 τράχηλος

154 1381 255 1416 σου.
288 1382 306 1413 ι
363 1366 464 1414 Καὶ
501 1361 650 1422 αὖθις
678 1379 688 1389 ·
742 1383 757 1410 ‹
791 1363 1064 1428 Τράχηλός
1096 1379 1185 1411 σου
1229 1361 1301 1420 ὡς
1330 1361 1530 1428 πύργος
1559 1362 1669 1410 ἐλε-

153 1453 394 1516 φάντινος.
434 1469 451 1499 ι
516 1451 647 1501 Ποτὲ
701 1451 794 1517 μὲν
837 1451 894 1500 τὸ
939 1447 1278 1515 διανεστηκὺς
1322 1449 1416 1513 τῆς
1453 1449 1666 1516 ἀρετῆς,

154 1542 234 1591 καὶ
257 1540 660 1608 διεγηγερμένον
691 1538 778 1590 τοῦ
810 1538 942 1606 βίου,
976 1537 1100 1588 ποτὲ
1130 1539 1185 1588 δὲ
1214 1539 1270 1588 τὺ
1303 1537 1548 1588 ταπεινὸν
1580 1535 1668 1587 τοῦ

153 1634 493 1698 φρονήματος,
544 1631 668 1680 ποτέ’⁹
699 1628 752 1679 δὲ
783 1629 952 1694 δηλῶν
981 1629 1039 1679 τὸ
1084 1628 1402 1679 ἀνεπίϐατον
1449 1629 1672 1696 οἰήσεως

154 1720 427 1788 λογισμοῖς.
481 1719 615 1770 Οῦτε
651 1720 754 1788 γὰρ
801 1718 1124 1786 ἐλεφαντίνῳ
1158 1719 1347 1786 πύργῳ
1374 1717 1672 1787 προσϐῆναι

153 1826 198 1859 τι
240 1809 618 1878 ἢπροσέρψαι,
668 1809 740 1875 μὴ
783 1808 899 1876 ἕχον
940 1806 1262 1868 ἀντιλαϐεῖν,
1298 1806 1533 1866 δύναται,
1568 1806 1672 1855 ἁπ-

153 1897 427 1949 ολισθαῖνον
455 1898 570 1966 ἅμα
601 1897 676 1965 τῷ
708 1897 994 1964 πλησιάσαι
1025 1897 1108 1946 διὰ
1128 1898 1221 1963 τὴν
1247 1895 1513 1960 λειότητα.
1539 1894 1673 1944 (iii-:5

153 1986 320 2052 ὁμαλῴ
376 1987 677 2054 φρονήματι
745 1985 969 2035 πελάσαι
1031 1983 1285 2049 λογισμὸς
1337 1983 1673 2049 ὑπερήφανος

156 2076 392 2126 πάντοθεν
439 2076 837 2143 περιεξεσμένῳ
870 2075 965 2134 τὰς
1007 2075 1102 2139 τῆς
1133 2071 1426 2135 κενοῖοξίας
1475 2070 1673 2139 τραχύ-

154 2182 320 2233 τητας.
353 2166 495 2233 Αῦτη
526 2166 630 2231 γὰρ
656 2164 838 2231 ἐξοχὰς
864 2166 918 2213 ὲν
948 2166 1010 2230 τῇ
1034 2164 1195 2230 ψυχῇ,
1225 2163 1315 2212 καὶ
1343 2159 1575 2228 βαθμοὺς
1601 2161 1674 2223 τῷ

154 2255 243 2321 τῆς
288 2254 796 2323 ἀνθρωπαρεσκείας
847 2253 1111 2319 τέμνουσα
1175 2252 1283 2303 ἔθει
1337 2250 1553 2301 εύκοὶον
1608 2253 1672 2318 τῇ

156 2343 359 2412 ἀπονοίᾳ
390 2344 616 2411 παρέχει
663 2343 758 2410 τὴν
787 2343 987 2403 ἆνοῗον,
1038 2341 1210 2409 οἴησιν
1240 2340 1555 2407 ἐμποιοῦσα,
1584 2340 1675 2389 καὶ

155 2438 322 2504 τύφον,
363 2439 444 2504 ἐφ’
481 2433 560 2498 οἷς
593 2456 670 2500 τις
703 2436 843 2500 ἔδοξε
872 2435 1183 2504 κατορθοῦν.
1237 2436 1332 2486 Διὰ
1370 2435 1520 2486 τοῦτο
1552 2435 1678 2486 ποτὲ

162 2528 247 2592 μὲν
271 2529 422 2594 φησιν
447 2530 475 2577 ὁ
504 2528 698 2596 Κύριος
719 2543 731 2555 ο
771 2545 787 2575 ι
817 2526 1086 2590 Μακάριοι
1107 2526 1154 2574 οἱ
1178 2525 1418 2576 ταπεινοὶ
1446 2528 1508 2593 τῇ
1547 2541 1675 2593 καρ-

156 2617 251 2685 δίᾳ.
280 2636 296 2667 ι
333 2618 459 2667 llo-:22
480 2617 534 2666 δέ
552 2633 564 2644 °
608 2635 625 2664 ι
656 2615 818 2665 ’Ὅταν
842 2617 1096 2680 ποιήσητε
1124 2615 1508 2680 διατεταγμένα
1529 2615 1675 2679 ὑμῖν,

157 2706 267 2755 τότε
290 2705 488 2770 λέγετε,
524 2705 604 2756 ὅτι
639 2704 866 2772 ’Λχρεῖοί
897 2705 1057 2770 ἐσμεν
1091 2703 1280 2753 δοῦλοι.
1312 2706 1374 2753 Ὂ
1399 2703 1676 2769 ὀφείλομεν

160 2798 383 2860 ποιῆσαι,
421 2795 816 2862 πεποιήκαμεν.
859 2812 876 2842 ι
920 2792 1007 2860 Τῷ
1048 2793 1141 2860 μὲν
1173 2793 1345 2861 λύχνῳ
1373 2791 1464 2844 τοῦ
1497 2809 1676 2861 μακα-

164 2885 336 2952 ρισμοῦ
366 2886 790 2952 προτρεπόμενος
814 2885 902 2935 ἐπὶ
927 2885 981 2934 τὺ
1007 2878 1270 2952 χρήσιμον
1291 2885 1374 2935 διὰ
1398 2885 1490 2952 τῆς
1511 2884 1681 2936 τοιαύ-

161 2990 246 3041 της
273 2977 484 3042 ἀρετῆς,
531 2977 594 3042 τῇ
639 2974 693 3024 δὲ
732 2974 929 3044 μελέτῃ
959 2974 1063 3025 τῶν
1093 2973 1258 3040 λόγων
1290 2974 1392 3024 τῶν
1417 2975 1681 3050 ταπεινῶν

1769 559 1915 598 vocat
1947 561 2164 598 nervum
2189 545 2442 606 ferreum,
2472 543 2593 610 quia
2621 551 2701 595 est
2735 540 3038 603 inflexibile,
3067 549 3119 592 et
3151 554 3300 592 arro-

1764 636 1905 704 gauli
1938 634 2019 688 sui
2056 633 2454 686 existimatione
2480 633 2543 685 ad
2582 632 2912 685 altitudinem
2946 630 3296 697 protenditur,

1764 734 1922 791 atque
1943 724 2195 792 iactantia
2229 723 2538 776 obdurescit
2570 741 2582 775 :
2617 723 2686 774 ita
2715 722 2912 775 monile
2942 723 3134 774 virtute
3162 737 3299 790 pra:-

1765 815 1881 877 diti,
1923 830 1984 867 ac
2011 815 2076 867 de
2109 829 2165 866 se
2209 815 2444 867 modeste
2468 815 2724 881 sapientis
2754 823 3025 882 nuncupat
3058 829 3297 880 aureum,

1767 921 1795 957 a
1841 905 2006 972 ﬁgura
2049 904 2258 971 quidem
2299 912 2518 962 statum,
2573 919 2599 955 a
2649 905 2870 956 materia
2916 918 3042 957 vero
3075 903 3300 958 innitens

1767 995 2157 1064 probationem,
2207 993 2634 1062 quandoquidem
2664 1004 2715 1047 et
2749 995 2947 1048 monile
2985 1010 3013 1047 τι
3054 1005 3193 1048 rcet‘a
3239 997 3299 1048 ti-

1767 1100 1895 1153 gura
1936 1085 2162 1138 flectitur
2192 1085 2241 1137 in
2276 1086 2528 1138 circulum
2572 1093 2622 1135 et
2650 1085 2742 1151 qui
2785 1094 2977 1137 rectam
3012 1086 3168 1138 vitam
3211 1086 3302 1139 dc-

1768 1177 1861 1241 git,
1904 1175 2072 1241 vergit
2105 1175 2168 1227 ad
2201 1175 2250 1226 id
2283 1176 2422 1242 quod
2457 1182 2538 1227 est
2580 1174 2862 1237 humilius;
2904 1189 3022 1225 nam
3054 1190 3117 1228 co
3145 1177 3303 1228 modo

1768 1263 1924 1330 225
1951 1265 2039 1330 qui
2072 1280 2213 1316 nunc
2245 1265 2410 1331 ipsam
2443 1264 2719 1330 alloquens
2752 1263 2955 1315 dicebat
2997 1282 3010 1315 :
3047 1282 3062 1313 ι
3095 1264 3301 1317 Collum

1771 1367 1916 1406 tuum
1965 1357 2104 1408 sicut
2155 1357 2382 1420 monile;
2417 1375 2434 1405 ι
2485 1363 2601 1423 post
2635 1370 2797 1421 pauca
2841 1355 3052 1424 inquit:
3091 1376 3108 1405 ι
3141 1356 3302 1420 Quasi

1771 1448 1928 1497 turris
1955 1445 2113 1497 David
2144 1447 2337 1498 collum
2371 1455 2518 1498 tuum
2543 1447 2620 1509 “3;
2650 1465 2667 1496 ι
2705 1454 2755 1498 et
2782 1462 2967 1498 rursus
3001 1466 3011 1499 :
3052 1465 3070 1496 ι
3098 1447 3302 1500 Colluin

1771 1544 1918 1586 tuum
1953 1537 2091 1587 sicut
2119 1537 2280 1588 turris
2307 1539 2538 1588 eburnea
2555 1537 2618 1587 °‘.
2658 1555 2675 1585 ι
2723 1535 3113 1604 Νυιιηιιηψιξιιῐι
3154 1541 3307 1606 equi-

1773 1627 1887 1675 dem
1921 1626 2130 1676 virtutis
2161 1627 2482 1676 erectionem
2516 1625 2777 1688 iudicans,
2810 1627 3032 1693 vit-.eque
3062 1629 3306 1682 sublimis

1773 1715 2242 1778 exercitationem;
2300 1717 2562 1768 interdum
2616 1717 2960 1769 humilitatem
2996 1719 3061 1770 de
3095 1735 3150 1772 se
3183 1735 3309 1771 sen-

1777 1808 1973 1871 tiendi;
2013 1808 2331 1875 quandoque
2364 1822 2487 1860 vero
2522 1816 2713 1860 statum
2751 1808 3081 1862 inaccessum
3111 1810 3310 1878 cegita-

1777 1899 2010 1952 tionibus
2037 1914 2180 1950 vana:
2209 1895 2639 1951 existimationis.
2691 1897 2795 1951 Nec
2825 1901 2965 1951 enim
3014 1901 3064 1952 in
3121 1902 3306 1953 turrim

1774 1989 2060 2039 eburneam
2108 1990 2397 2042 ascendere
2441 1995 2613 2055 potest
2659 1989 2860 2057 aliquid
2913 2001 3004 2042 aut
3041 1993 3306 2059 progredi,

1776 2079 1877 2130 nisi
1914 2077 2104 2130 haheat
2147 2077 2288 2144 quod
2344 2078 2724 2145 apprehendat,
2771 2080 3066 2146 prolabitur
3112 2084 3309 2150 quippe

1775 2169 1998 2230 lubrice,
2033 2170 2158 2220 dum
2212 2177 2375 2221 tentat
2424 2169 2694 2231 accedere,
2738 2177 2956 2236 propter
3006 2171 3305 2223 hevitatz-m.

1778 2257 1865 2309 Sic
1901 2271 2069 2323 neque
2103 2257 2258 2324 plano
2302 2256 2480 2308 sensui
2536 2257 2762 2322 applicat
2801 2271 2858 2308 se
2893 2257 3144 2323 cogitatio
3172 2258 3308 2309 elata

1778 2348 2009 2413 undique
2039 2347 2408 2413 circumpolito
2435 2362 2494 2397 ex
2527 2346 2899 2412 aSpcritatihus
2933 2361 3079 2399 vana:
3111 2347 3305 2415 gloriu'.

1779 2435 1892 2501 Ipsa
1923 2448 2114 2501 nempe
2158 2433 2209 2485 in
2257 2432 2434 2485 anima
2484 2432 2836 2486 sublimitates
2884 2442 2936 2485 et
2969 2437 3165 2502 gradus
3215 2449 3309 2500 pro

1779 2525 2163 2580 consuetudine
2202 2524 2528 2582 assentandi.
2573 2534 2626 2577 et
2673 2524 3036 2591 complacendi
3079 2524 3310 2576 homini-

1777 2616 1910 2679 bus,
1957 2614 2107 2682 quasi
2160 2615 2389 2666 secando
2447 2613 2810 2680 distinguens,
2864 2611 3070 2664 facilem
3117 2613 3311 2678 praebet

1777 2720 2056 2758 ascensum
2089 2704 2338 2764 vesaniae,
2388 2705 2629 2770 ingerens
2656 2702 3100 2755 existimationem
3137 2704 3218 2755 sui
3248 2719 3309 2758 ac

1779 2806 2039 2848 tumorem
2089 2797 2139 2848 in
2178 2796 2262 2858 iis,
2314 2796 2362 2846 in
2414 2794 2608 2861 quibus
2647 2794 2839 2861 aliquis
2885 2796 2983 2848 sibi
3034 2797 3180 2850 visus
3231 2805 3314 2850 est

1780 2897 1919 2941 recte
1958 2887 2164 2940 fecisse.
2223 2886 2421 2938 Idcirco
2458 2886 2744 2954 aliquando
2790 2885 3004 2954 quidem
3057 2885 3313 2941 Dominus

1782 2981 1857 3032 ait
1908 2998 1922 3032 :
1978 2999 1994 3029 ι
2041 2979 2184 3030 Beati
2241 2977 2468 3030 humiles
2516 2978 2692 3030 corde.
2745 2996 2762 3028 ι
2820 2978 3086 3037 Interdum
3140 2995 3310 3032 vero:

165 3072 449 3138 μετριάζειν
496 3069 762 3120 παιδεύων
819 3071 877 3120 τὸ
933 3069 1194 3137 φρόνημα.
1249 3072 1302 3121 Ὀ
1355 3070 1461 3138 γὰρ
1503 3070 1681 3122 δοῦλον

1792 3092 1808 3122 ι
1840 3072 2060 3136 Quando
2099 3070 2346 3132 feceritis,
2382 3084 2496 3137 qua:
2527 3069 2676 3122 vobis
2727 3068 2926 3122 fuerint
2976 3069 3312 3129 demandata,

163 3162 357 3231 ἀχρεῖον
386 3165 469 3213 ἀεὶ
493 3164 659 3229 λέγων
685 3163 888 3224 ἑαυτὸν,
922 3165 1012 3214 καὶ
1041 3164 1106 3213 τὰ
1133 3163 1517 3230 διατεταγμένα
1538 3165 1681 3230 παρὶι

164 3253 244 3301 τοῦ
271 3253 598 3321 κεκτημένου
630 3254 702 3314 ὡς
729 3253 1024 3316 ἀναγκαίαν
1049 3252 1262 3320 ὀφειλὴν
1289 3257 1582 3321 ποιήσαντα
1608 3255 1684 3303 λο-

164 3338 443 3408 γιζόμενος,
469 3341 617 3391 οὐδὲν
641 3341 884 3392 οὐδέποτε
916 3340 1037 3408 περὶ
1065 3340 1223 3390 αὑτοῦ
1259 3342 1680 3410 φαντασθήσετ,ι

170 3430 315 3494 μέγα,
347 3430 461 3481 οὐδὲ
485 3432 540 3480 ἐν
570 3432 701 3490 υἱοῖς
726 3431 912 3480 ἑαυτὸν
942 3428 1232 3497 ἀριθμῆσαι
1261 3431 1512 3500 τολμήσει
1536 3431 1679 3489 ποτε,

167 3520 306 3584 χρέος
353 3519 566 3578 ἐκτίσας
602 3519 1028 3585 ὲπιτεταγμένης
1075 3518 1429 3587 λειτουργίας,
1476 3521 1563 3569 καὶ
1591 3519 1682 3582 οὐχ

168 3605 396 3655 ἑκούσιον
441 3603 837 3672 ἐπιδειξάμενος
867 3605 930 3655 τὰ
965 3606 1321 3674 πεπραγμένα
1361 3605 1679 3670 φι).οτιμάν.
1734 3613 1736 3615 ’

169 3694 296 3762 Αὕτη
349 3695 593 3762 φραγμὸς
643 3697 673 3762 ἡ
725 3693 914 3762 ἁρετὴ,
966 3697 1139 3762 τεῖχος
1184 3695 1285 3745 τῶν
1329 3693 1498 3743 ἄλλων
1542 3693 1683 3742 ἐστὶν

170 3785 376 3851 ἀρετῶν,
406 3784 642 3853 ἁσύλητα
664 3784 995 3850 φυλάττουσα
1017 3785 1113 3850 τῆς
1134 3783 1304 3849 ψυχῆς
1326 3782 1391 3831 τὰ
1413 3781 1681 3849 κειμήλια.

169 3875 253 3922 Διά
279 3873 471 3940 ταύτην
504 3873 769 3923 θλίϐονται
813 3875 928 3940 μὲν,
968 3875 1057 3922 καὶ
1101 3871 1450 3937 πολεμοῦνται
1497 3873 1686 3932 πάντες

169 3962 211 4010 oi
228 3962 380 4027 ἆγιοι,
408 3965 498 4012 καὶ
513 3963 560 4010 οἱ
588 3961 680 4011 νῦν
702 3962 895 4025 ὁμοίως
915 3960 1193 4026 ζηλοῦντες
1211 3961 1296 4011 τὸν
1321 3961 1430 4028 βίον
1447 3962 1682 4025 ἐκείνων,

169 4054 446 4117 ἀγρυπνεῖν
527 4050 990 4116 ἀναγκαζόμενοι,
1057 4051 1151 4102 καὶ
1217 4052 1403 4117 νήςςειν
1462 4052 1545 4102 ἀεὶ
1588 4053 1688 4102 διὰ

169 4143 275 4203 τοὺς
303 4143 754 4210 τειχομαχοῦντας
786 4145 1088 4212 πολεμίους,
1127 4145 1198 4214 μὴ
1228 4147 1605 4215 διαρρήξαντες
1632 4148 1688 4198 τὸ

170 4234 344 4299 τεῖχος,
373 4236 463 4284 τὸν
492 4237 546 4284 ἐν
573 4235 744 4302 πολλῷ
783 4236 954 4302 χρόνῳ
991 4236 1251 4303 κτηθέντα
1296 4236 1688 4296 ἐπεισελθόντες

171 4321 345 4389 ἁθρόον
379 4323 711 4388 διαρπάσωσι
761 4323 1028 4374 πλοῦτον.⁹
1053 4324 1164 4374 Οὐκ
1207 4323 1591 4389 ὲπηρεάζονται
1634 4324 1687 4373 δὲ

174 4410 252 4459 ἐπὶ
272 4411 373 4462 τῶν
405 4410 674 4472 ἐπάλξεων
698 4411 1068 4479 ἐγρηγορότως
1103 4411 1416 4479 καθήμενοι,
1451 4412 1538 4462 καὶ
1568 4412 1686 4471 τοὺς

173 4499 257 4567 τῆς
289 4504 537 4563 ἀπονοίας
570 4502 1026 4570 προσερχομένους
1056 4501 1358 4569 λογισμοὺς,
1391 4500 1574 4570 ὥσπερ
1610 4503 1694 4569 βέ-

174 4591 302 4647 λεσιν
323 4597 709 4656 ἀπελαύνοντες
732 4596 935 4655 τούτοις
956 4597 1062 4656 τοῖς
1083 4594 1276 4660 λόγοις,
1297 4593 1467 4644 δοῦλοι
1494 4594 1695 4661 ἀχρεῖοι

175 4681 340 4751 ἐσμέν.
373 4687 435 4736 Ὅ
464 4686 759 4753 ὠφείλομεν
794 4685 1034 4751 ποιησαι,
1067 4685 1453 4752 πεποιήκαμεν.
1497 4685 1697 4742 Ὄντως

175 4776 268 4840 γὰρ
299 4778 448 4827 οὐδὲν
498 4778 737 4842 ἁφιεῖσιν
784 4776 924 4826 ἔνδον
958 4775 1283 4824 ὑπεισελθεῖν
1331 4773 1696 4841 ὑπερηφανίας

176 4862 348 4923 πάθος·
401 4865 570 4915 πάντα
620 4865 726 4932 γὰρ
757 4865 944 4932 πορθεῖ
982 4863 1048 4913 τὰ
1080 4863 1406 4930 κεκτημένα,
1455 4863 1544 4912 καὶ
1578 4862 1695 4928 αἰχ-·

180 4950 404 5014 μάλωτον
451 4951 634 5002 λοιπὸν
684 4954 815 5019 πρὸς
849 4953 907 5002 τὸ
939 4953 1064 5003 ἴδιον
1097 4951 1337 5020 βούλημα
1382 4951 1578 5015 ἀπάγει
1612 4949 1696 4998 τὸν

179 5041 257 5090 ἐπὶ
277 5045 341 5110 τῇ
377 5043 561 5106 κτήσει
589 5042 752 5092 πολλὰ
795 5044 1130 5110 μοχθήσαντα
1167 5043 1307 5093 νοῦν.
1353 5041 1485 5091 Οὔτε
1516 5040 1569 5089 δὲ
1603 5038 1697 5104 λῃ-

181 5133 313 5192 σταῖς
344 5132 461 5191 ἕθος
493 5129 704 5195 ἐρείπια
723 5131 1030 5196 διορύττειν,
1060 5134 1150 5181 καὶ
1171 5131 1318 5182 οὐδὲν
1348 5129 1694 5194 ἀποκείμενον

180 5218 348 5286 ἔχοντα
381 5222 443 5287 τῇ
474 5221 564 5285 γῇ,
598 5218 715 5268 οὒτε
751 5222 1028 5285 πειραταῖς
1051 5221 1278 5287 φορητὸν
1306 5218 1377 5285 μὴ
1412 5232 1694 5283 πεφυρτω-

184 5312 350 5376 μέναις
374 5308 702 5361 ἐπιτίθεσθαι
729 5309 883 5358 ναυσὶ
903 5309 1192 5375 χρημάτων
1220 5307 1538 5377 θησαυροὺς,
1563 5305 1696 5357 ἀλλὰ

183 5398 695 5469 περιεργαζομένοις,
741 5397 838 5447 οὐκ
872 5395 1047 5464 ἔρημα
1077 5397 1300 5449 πλούτου
1344 5397 1516 5464 μάτην
1547 5412 1696 5464 περι-

183 5489 484 5561 εργάςεσθαι
513 5490 728 5556 ταμιεῖα
769 5486 1220 5557 καταδεχομένριςν
1257 5487 1348 5538 καὶ
1378 5486 1530 5536 πόνον
1565 5488 1693 5538 om’

246 5649 464 5697 "Cant-
507 5644 654 5690 nul-
731 5642 774 5672 εδ
807 5640 934 5681 {iam
986 5657 1054 5677 ν..
1120 5641 1139 5673 ι
1241 5643 1282 5671 es
1315 5640 1419 5667 ιη,
1465 5657 1527 5665 -.-,
1629 5642 1688 5660 η.

1790 3172 1915 3214 tunc
1953 3161 2131 3223 dicite,
2164 3161 2302 3228 quod
2347 3157 2483 3210 servi
2517 3157 2730 3210 inutiles
2760 3173 2945 3211 sumus
2975 3175 2989 3220 ;
3044 3159 3182 3224 quod
3222 3160 3314 3209 dc-

1787 3252 1971 3303 hemus
2003 3251 2194 3305 facere.
2231 3247 2528 3301 ferimus”.
2556 3267 2572 3297 ι
2612 3247 2951 3299 lieatiludinis
2981 3248 3193 3299 lucerna
3220 3263 3315 3298 nos

1785 3341 2017 3407 dirigens
2069 3353 2158 3405 per
2211 3337 2511 3403 huiusmodi
2557 3336 2805 3387 virtutem
2853 3334 2919 3387 ad
2966 3336 3014 3387 id
3067 3336 3317 3403 quodest

1787 3429 1914 3478 utile
1944 3441 2005 3477 ac
2035 3425 2260 3487 bonum;
2293 3424 2634 3476 meditatione
2666 3438 2788 3475 vero
2819 3423 3097 3474 humilium
3132 3424 3321 3476 verbo-

1789 3530 1904 3568 rum
1942 3530 2037 3567 nos
2079 3514 2362 3566 instituens
2397 3513 2458 3565 ad
2492 3512 2865 3564 moderandam
2918 3513 3082 3564 animi
3130 3513 3319 3564 elatio-

1789 3623 1927 3661 nem.
1963 3607 2061 3671 Qui
2091 3621 2317 3674 namque
2348 3620 2556 3658 servum
2583 3603 2819 3656 inutilem
2847 3603 3079 3671 seipsttm
3110 3617 3320 3670 semper

1789 3699 1967 3759 edicit,
1998 3703 2044 3749 et
2078 3696 2322 3748 mandata
2371 3695 2469 3747 sibi
2501 3709 2528 3745 a
2567 3692 2787 3745 Domino
2834 3700 3084 3759 tanquam
3136 3706 3320 3743 neces-

1791 3790 1987 3843 sarium
2020 3787 2252 3840 dubitum
2297 3800 2415 3839 sese
2460 3784 2620 3836 fuisse
2665 3793 2970 3836 exsecutum
3012 3783 3317 3843 arbitratur,

1792 3881 1919 3933 nihil
1950 3892 2179 3944 unquam
2226 3875 2289 3926 de
2329 3875 2505 3938 seipso
2539 3886 2787 3935 magnum
2819 3870 3081 3936 concipiet
3122 3878 3317 3932 mente,

1795 3985 1890 4022 nec
1920 3969 2055 4019 inter
2087 3965 2221 4015 filios
2249 3962 2480 4027 seipsum
2512 3973 2863 4010 atmuntcrare
2896 3972 3127 4024 unquam
3158 3959 3321 4010 audc-

1794 4059 1889 4119 bit,
1921 4071 2041 4108 cum
2069 4053 2304 4106 debitum
2340 4049 2616 4101 ministerii
2653 4046 2952 4098 demandati
2988 4047 3320 4113 persolverit,

1795 4147 2060 4212 simulque
2108 4143 2268 4210 226
2309 4139 2613 4201 ostenderit,
2654 4137 2791 4204 quod
2825 4137 2875 4187 in
2911 4136 3008 4199 eis,
3046 4152 3163 4204 quae
3202 4152 3323 4204 pcr-

1794 4235 2034 4302 petravit,
2072 4247 2174 4282 non
2223 4232 2353 4281 adeo
2385 4228 2482 4281 sihi
2526 4227 2743 4294 placuit,
2791 4235 2846 4277 ut
2878 4241 2939 4278 ex
2996 4227 3083 4278 tali
3133 4236 3323 4280 conatu

1792 4337 1854 4374 ac
1888 4321 2064 4372 studio
2103 4319 2344 4386 gloriam,
2391 4326 2442 4369 et
2480 4317 2730 4367 honorem
2779 4326 3153 4381 aucuparetur.
3204 4318 3325 4369 Ilmc

1795 4412 1958 4463 virtus
1991 4423 2162 4475 sepcs,
2193 4407 2300 4458 ha'c
2327 4405 2549 4457 aliarum
2586 4404 2840 4456 virtutum
2870 4420 3055 4458 murus
3086 4415 3186 4469 est,
3211 4421 3326 4472 quae

1789 4498 2019 4552 custodit
2052 4495 2332 4548 inviolatos
2360 4494 2551 4545 animm
2585 4494 2862 4546 thesauros
2893 4495 3120 4561 ingentis
3150 4494 3322 4561 pretii.

1790 4590 1867 4640 Oh
1899 4587 2034 4639 hanc
2066 4592 2317 4650 urgentur
2346 4583 2582 4650 quidem,
2631 4591 2684 4634 et
2732 4593 3104 4651 oppugnantur
3140 4594 3320 4633 omnes

1792 4677 1980 4738 sancti,
2007 4683 2058 4725 et
2091 4673 2180 4739 qui
2212 4688 2352 4725 nunc
2377 4673 2620 4726 similiter
2645 4673 2804 4724 vitam
2837 4673 3044 4724 illorum
3077 4668 3319 4722 mmulan-

1798 4775 1901 4828 tur,
1938 4765 2153 4833 vigilare
2182 4766 2374 4826 coarti,
2423 4774 2476 4817 et
2523 4764 2710 4840 sobrii»
2729 4778 2937 4829 semper
2972 4774 3086 4814 esse
3113 4766 3326 4825 propter

1799 4856 1977 4907 hostes
2005 4870 2213 4906 murum
2247 4837 2632 4922 expugnantes,
2658 4868 2723 4904 ne
2752 4852 2988 4904 diffracto
3020 4861 3189 4912 muro,
3213 4862 3326 4916 qua:

1796 4941 2050 4997 diuturno
2086 4953 2320 5012 tempore
2361 4944 2569 5004 fuerant
2616 4941 2907 5007 acquisita}.
2942 4937 3152 4990 divitias
3195 4951 3325 4990 con-

1803 5035 1971 5087 festini
2038 5035 2332 5086 insilientes
2387 5031 2656 5098 diripiant.
2730 5026 3073 5095 Nequaquam
3151 5036 3325 5079 tamen

1797 5127 1991 5177 damno
2020 5125 2317 5176 afﬁciuntur
2346 5122 2453 5173 ullo
2479 5121 2528 5170 in
2558 5117 2972 5186 propugnaculis
2992 5117 3325 5171 considentes

1797 5216 2074 5282 vigilanter
2102 5253 2115 5276 ,
2180 5219 2232 5263 et
2278 5209 2630 5277 cogitationes
2688 5208 2968 5261 dementiae
3013 5205 3326 5258 insultantes

1797 5304 1945 5372 quasi
1980 5302 2092 5355 telis
2121 5300 2434 5367 repellentes
2476 5298 2592 5352 istis
2641 5298 2797 5352 dictis
2847 5315 2860 5350 :
2911 5315 2928 5345 ι
2956 5293 3103 5346 Servi
3139 5307 3325 5345 sumus

1799 5394 2045 5456 inutiles;
2085 5390 2224 5458 quod
2271 5388 2463 5445 fecisse
2516 5390 2831 5450 debuimus,
2881 5383 3122 5436 fecimus.
3157 5400 3175 5432 ι
3235 5383 3327 5438 Sic

1800 5498 2025 5552 namque
2074 5483 2211 5537 haud
2263 5483 2764 5553 permittunt_intus
2810 5473 3014 5544 ingredi
3063 5473 3328 5542 superbiae
