4052 6336
658 303 763 365 963

2131 292 2190 353 S.
2215 291 2375 352 NlLI

3737 277 3865 343 θϐί

660 409 933 477 allectum;
979 422 1103 463 nam
1139 405 1222 463 illa
1274 414 1462 462 cuncta
1509 411 1820 472 comparata
1854 402 2112 466 devastat,
2150 409 2202 455 ct

2312 400 2481 468 μένειν
2504 399 2725 477 είκαίον.
2760 400 2924 476 Ὥστε
2947 398 3035 452 τὸν
3064 395 3372 467 θλιϐόμενον
3397 397 3489 451 καὶ
3519 394 3867 467 ὀχλούμενον

661 500 929 570 captivum
965 498 1159 555 deinde
1200 498 1416 552 abducit
1444 496 1508 550 ad
1557 496 1822 564 propriam
1874 493 2199 545 voluntatem

652 593 921 654 animum,
964 590 1056 659 qui
1089 589 1375 659 plurimum
1410 587 1743 640 laboraverat
1773 583 1839 636 ad
1891 581 2205 652 acquisitiu-

653 686 805 731 .n’em.
847 676 1031 746 Neque
1057 691 1182 731 vero
1216 676 1514 730 latronibus
1546 674 1712 728 moris
1737 672 1819 726 cs't
1850 672 2042 725 rudera
2076 671 2206 724 etfu-

659 766 805 831 dere,
836 767 888 820 in
916 767 1111 833 quibus
1141 767 1270 819 nihil
1311 765 1411 821 sub
1439 775 1599 820 terra,
1623 762 1919 832 repositum
1951 761 2059 825 est;
2112 775 2207 812 ne-

652 870 762 924 que
791 856 998 925 piratis,
1026 856 1298 926 imponere
1327 856 1553 909 navibus
1579 869 1683 907 non
1710 852 1948 906 subactis
1982 850 2048 903 ad
2076 864 2245 931 ρον-,1

654 946 878 999 tandum
912 947 1192 1001 thesauros
1245 948 1618 1015 pecuniarum;
1675 943 1766 997 sed
1800 940 2030 996 inaniter
2056 940 2207 993 labo-

663 1034 938 1102 rantibus;
983 1051 1090 1090 non
1135 1036 1277 1090 enim
1309 1036 1471 1091 stulte
1517 1034 1900 1104 aggrediuntur
1941 1030 2209 1100 inquirere

662 1110 857 1177 scrinia
883 1123 1087 1179 divitiis
1112 1139 1304 1187 vacua,
1331 1133 1384 1178 et
1411 1125 1645 1178 laborem
1689 1121 1956 1177 sustinere
1988 1133 2206 1172 vanum.

665 1208 815 1266 Unde
849 1214 916 1267 ab
945 1214 1093 1269 hisee
1124 1216 1371 1269 hostibus
1417 1214 1810 1283 impugnatum,
1841 1219 1894 1264 ct
1927 1208 2210 1279 perturba-

662 1310 775 1355 tum
799 1317 864 1356 eo
890 1305 1119 1373 amplius
1160 1306 1213 1358 in
1254 1305 1413 1359 bonis
1460 1304 1715 1373 operibus
1744 1298 2058 1370 locupletari
2081 1302 2202 1353 exi-

663 1391 843 1457 stima,
879 1408 989 1462 quo
1022 1397 1199 1463 plures
1243 1397 1399 1449 habet
1431 1395 1768 1460 collidentes,
1819 1402 1871 1445 et
1900 1391 2201 1445 molestiam

662 1478 1006 1538 incessentes.
1038 1484 1198 1554 quue
1225 1486 1393 1554 gaude
1420 1488 1610 1554 magis,
1634 1499 1795 1553 quam
1820 1482 2200 1543 verecundare,

2298 490 2401 541 ὑπο
2423 489 2531 541 τῶν
2558 489 2766 559 ἐχθρῶν
2793 488 3043 542 τοιούτων
3065 487 3250 557 νόμιζε
3283 486 3543 555 μειζόνως
3573 488 3631 539 ὲν
3662 487 3871 556 ἔργοις

2294 580 2540 632 πλουτεῖν
2583 579 2822 647 ἀγαθοῖς,
2854 579 3009 641 ὅσους
3053 578 3299 640 πλείονας
3335 578 3445 647 ἔχει
3479 579 3603 639 τοὺς
3642 594 3866 646 παρεν-

2297 667 2601 738 οχλοῦντας.
2640 668 2751 721 Καὶ
2780 668 2867 720 διά
2901 668 3055 721 τοῦτο
3090 672 3244 738 χαῖρε
3276 668 3492 737 μᾶλλον,
3524 668 3557 738 ἢ
3589 670 3864 738 κατήφει,

2298 759 2379 810 ὅτι
2403 756 2538 826 πρὸς
2566 757 2661 826 τὴν
2688 757 2920 826 πατρίδα
2952 758 3349 829 πολυκτήμονες
3389 757 3497 811 ἀπὸ
3523 758 3622 827 τῆς
3654 773 3871 826 παροι-

2302 846 2423 909 κίας
2446 846 2645 915 ταύτης
2682 846 2962 914 μέλλουσιν
2998 847 3250 918 ἀπαίρειν
3277 850 3325 900 οί
3351 847 3722 917 ἀγαπώμενοι,
3756 847 3869 900 καὶ

2303 938 2615 1003 πεφανίται
2666 936 3028 1006 παρίστασθαι
3084 937 3160 1006 τῷ
3204 937 3353 1008 Θεῷ,
3404 939 3465 991 ού
3528 940 3706 1007 μόνον,
3770 939 3867 989 ὅτι

2301 1025 2633 1094 ἠγωνίσαντο
2662 1026 2942 1093 γενναίως,
2976 1028 3067 1081 καὶ
3092 1030 3155 1081 ἑκ
3179 1028 3270 1082 τοῦ
3292 1029 3501 1095 ἀγῶνος
3530 1029 3868 1083 ἀναλύουσιν

2303 1116 2535 1186 εὔπορα,
2564 1116 2678 1170 ἀλλ’
2706 1117 2785 1170 ὅτι
2819 1119 2911 1171 καὶ
2942 1118 3225 1182 ἀθλοῦντες
3257 1119 3437 1172 λαθεῖν
3475 1121 3571 1180 ἐπὶ
3589 1123 3699 1182 τοῖς
3741 1134 3867 1173 πα·
3920 1183 3926 1187 γ

2304 1204 2561 1275 λαίσμασι
2592 1206 2716 1269 τοὺς
2746 1208 2975 1261 ἐνταῦθα
3014 1210 3345 1264 ἐσπούδασαν
3374 1209 3589 1273 θεατὰς,
3621 1210 3869 1279 ὁλόκλη-

2310 1313 2398 1367 ρον
2425 1298 2634 1359 ἑαυτοῖς
2667 1298 2801 1367 πρὸς
2828 1300 2889 1352 τὸ
2922 1300 3110 1368 μέλλον
3139 1300 3236 1370 τὴν
3277 1301 3548 1371 εὐφημίαν
3581 1300 3869 1368 φυλάξαιμ-

2305 1403 2415 1451 τες,
2466 1387 2556 1440 καὶ
2605 1389 2665 1439 οὐ
2709 1390 3032 1459 μειώσαντες
3077 1392 3314 1455 ἐπαίνοις
3358 1392 3714 1462 ἀνθρωπίνοις
3753 1391 3870 1462 τὴν

2305 1478 2578 1544 ἄφραστον
2605 1477 2759 1540 δόξαν
2788 1479 3019 1550 ἐκείνην.

661 1572 805 1642 quod
837 1572 900 1625 ad
938 1573 1161 1640 patriam
1193 1575 1260 1626 ab
1288 1573 1391 1628 isto
1419 1574 1757 1643 inquilinatu
1804 1568 2092 1627 discessuri
2156 1572 2281 1619 sunt
2314 1561 2490 1614 dilecti
2543 1565 2727 1620 multis
2770 1568 2932 1623 rebus
2966 1569 3068 1623 sibi
3115 1574 3441 1640 comparatis
3488 1572 3744 1642 Opulenti,
3806 1582 3869 1627 et

662 1662 898 1716 coronati
933 1671 1057 1716 ante
1088 1660 1252 1715 Deum
1283 1662 1518 1726 stabunt,
1548 1674 1655 1712 non
1687 1660 1843 1727 227
1877 1657 2051 1713 solum
2080 1653 2204 1722 quia
2242 1663 2498 1719 generose
2558 1652 2917 1722 decertarunt,
2939 1666 2990 1710 et
3009 1671 3039 1711 e
3068 1657 3359 1713 certamine
3393 1661 3869 1727 ~circumfluentes

663 1750 852 1818 apibus
874 1759 1244 1811 revertuntur;
1275 1764 1460 1803 verum
1483 1747 1699 1815 etquod
1754 1751 2052 1814 pugnantes
2110 1740 2275 1793 latere
2313 1741 2629 1794 studuerunt
2686 1741 2739 1795 in
2769 1744 2962 1811 pugnis
3016 1744 3158 1808 illos,
3209 1747 3301 1813 qui
3371 1758 3701 1815 spectatores
3767 1752 3870 1804 hic

663 1839 907 1905 aderant,
959 1838 1222 1908 integrum
1276 1848 1330 1890 et
1374 1836 1602 1890 solidum
1650 1836 1964 1902 applausum
2008 1829 2105 1885 sibi
2153 1827 2284 1895 ipsis
2322 1829 2682 1885 custodientes
2715 1832 2767 1885 in
2795 1833 3054 1900 futurum,
3080 1842 3135 1890 et
3158 1835 3401 1893 laudibus
3430 1840 3678 1898 humanis
3708 1845 3866 1898 illam

666 1928 889 1998 gloriam
920 1928 1243 1983 ineﬂ'abilem
1275 1926 1493 1980 minime
1526 1924 1926 1977 imminuentes.

1241 2034 1463 2091 CAPUT
1500 2033 1615 2087 ΧΠ.

706 2148 777 2201 ορ
795 2147 961 2218 gloria
989 2156 1285 2215 prazparata
1319 2144 1398 2197 Itis
1444 2144 1531 2213 qui
1564 2142 1907 2211 eleemosynas
1937 2148 2170 2209 erogant.

737 2325 782 2380 0
811 2332 1010 2393 quanta
1041 2323 1293 2392 praebebit
1313 2332 1437 2376 tunc
1457 2336 1657 2391 pauper
1691 2321 2003 2389 tempestive
2042 2319 2211 2373 nutri-

667 2416 795 2471 tus?
841 2415 1078 2480 Quantas
1107 2416 1454 2484 praestabunt,
1489 2422 1541 2466 et
1580 2425 1714 2480 quas
1754 2409 2211 2463 remunerationes

665 2503 771 2557 alia
814 2502 956 2556 bona
996 2516 1158 2569 opera
1201 2500 1609 2569 cornplandcnte
1642 2506 1862 2563 natura;
1893 2498 2109 2565 quando
2155 2499 2210 2550 in

668 2593 865 2663 frigore
880 2599 1163 2661 conpertus
1183 2593 1513 2654 vestimento,
1541 2598 1592 2643 ct
1613 2599 1730 2658 post
1758 2600 1981 2641 mortem
2005 2587 2210 2643 tumulo

672 2682 917 2750 religiose
946 2683 1148 2746 illatus,
1184 2690 1237 2737 et
1262 2691 1492 2751 aegrotus
1529 2682 1583 2735 in
1620 2681 1810 2734 morbo
1838 2681 2091 2735 diuturno
2125 2688 2229 2733 cu-'

672 2784 837 2839 ratus,
888 2785 941 2826 et
995 2774 1192 2842 hospes
1243 2775 1387 2829 domi
1432 2783 1733 2843 susceptus,
1781 2782 1833 2827 et
1872 2773 2118 2828 detentus
2158 2772 2210 2824 in

668 2879 883 2919 carcere
918 2863 1221 2919 sublevatus
1264 2864 1543 2925 solamine,
1581 2872 1639 2916 et
1677 2856 1914 2917 subsidio
1938 2902 1953 2925 ,
1998 2861 2214 2929 conspi-

668 2958 881 3010 ciemur
926 2965 1049 3009 ante
1095 2955 1288 3008 solium
1338 2954 1404 3007 ab
1449 2968 1533 3015 eo,
1588 2953 1685 3020 qui
1719 2953 1869 3005 novit
1909 2967 2029 3020 qua:
2070 2951 2212 3021 passi

671 3055 818 3106 sunt.
853 3045 1245 3100 benefactorem
1280 3052 1745 3113 recognoscentes,
1784 3052 1837 3097 et
1874 3043 1941 3096 ab
1971 3044 2091 3111 ῑῳοη
2127 3058 2214 3095 rc-

672 3141 874 3211 cogniti
912 3158 926 3194 :
961 3140 1178 3210 quando
1219 3138 1479 3194 terribilis
1505 3139 1759 3193 omnibus
1786 3125 1949 3207 judei
1985 3137 2213 3206 gratiam

673 3232 725 3286 in
758 3231 1016 3288 beneﬁcio
1054 3231 1271 3286 affectos
1310 3230 1553 3285 collatam
1598 3229 1699 3283 sibi
1742 3230 1920 3285 datam
1960 3238 2213 3298 reputans

2895 2038 3142 2094 ΚΕΦΑΔ.
3176 2040 3274 2096 IB’.

2308 2143 2443 2209 Περὶ
2472 2143 2581 2211 τῆς
2612 2147 3003 2230 ἀποκειμένης
3033 2152 3215 2230 δόξης
3244 2160 3369 2223 τοῖς
3386 2155 3505 2230 τὴν
3536 2161 3871 2230 Merulam}-

2791 2235 2907 2285 νην
2935 2220 3356 2291 ἐργαζομένοιςξ
3442 2220 3455 2238 ί

2385 2320 2448 2369 Ὠ
2472 2320 2608 2372 πόσα
2639 2326 2865 2393 παρέχει
2903 2328 3019 2379 τότε
3048 2332 3257 2400 πτωχὸς
3288 2333 3565 2404 εὐκαίρως
3594 2339 3862 2407 τραφείςί

2312 2408 2713 2480 Ὀσαςιποιήσει
2734 2416 2824 2467 καὶ
2838 2417 2953 2480 οἵας
2970 2418 3198 2497 ἀμοιϐὰς
3216 2423 3283 2475 τά
3297 2421 3430 2478 ἄλλα
3448 2426 3605 2492 καλά,
3631 2446 3871 2500 συγκρο-

2308 2502 2570 2572 τουμένης
2593 2505 2688 2574 τῆς
2723 2506 2962 2573 φύσεως;
2992 2511 3116 2564 ὅταν
3138 2514 3165 2563 ό
3193 2517 3250 2566 ἐν
3304 2518 3497 2588 κρυμῷ
3532 2522 3869 2587 σκεπασθεὶξ
3930 2544 3938 2549 ·

2312 2592 2526 2661 ίματίῳ,
2565 2599 2656 2647 καὶ
2684 2597 3029 2664 καθοσιωθεὶς
3060 2603 3193 2671 μετά
3215 2605 3441 2660 θάνατον
3477 2610 3670 2679 τάφως
3704 2614 3799 2665 καὶ
3832 2613 3867 2665 6

2309 2683 2645 2749 νοσηλευθεὶς
2696 2688 2752 2739 ὲν
2803 2689 3048 2759 ἀσθενείᾳ
3089 2698 3315 2765 μακρᾷ,
3367 2700 3461 2750 καὶ
3504 2703 3533 2752 ὁ
3574 2704 3869 2771 συναχθεὶς

2310 2772 2445 2824 οἴκοι
2491 2772 2659 2839 ξένος,
2705 2778 2799 2828 καλ⁴
2836 2780 2863 2830 ὁ
2897 2779 2954 2831 ἐν
2994 2782 3204 2854 φυλακῇ
3253 2790 3602 2857 παραμυθίας
3646 2793 3863 2863 τυχὼν,

2311 2859 2513 2927 ὀερθῶσι
2550 2862 2654 2932 πρὸ
2683 2862 2774 2915 τοῦ
2806 2866 3046 2937 βήματος
3072 2871 3149 2941 τῷ
3179 2874 3340 2929 εἰδότι
3385 2877 3420 2931 ἀ
3469 2878 3688 2947 ἔπαθον,
3714 2859 3866 2936 "tm;

2312 2951 2665 3017 γινώσκοντες
2682 2954 2771 3009 τὸν
2787 2958 3096 3029 εὐεργέτην,
3116 2965 3203 3015 καὶ
3224 2965 3709 3040 ἐπιγινωσκόμενοι
3729 2974 3865 3045 παρ’

2312 3042 2493 3095 αὐτοῦ·
2541 3046 2721 3100 ὄτανό
2761 3051 2891 3102 πᾶσι
2931 3051 3157 3123 φοϐερὸς
3184 3055 3442 3129 δικαστὴς
3465 3063 3561 3133 τὴν
3607 3066 3686 3129 είς
3730 3042 3865 3132 τους

2317 3136 2784 3205 εὐηργετημένους
2814 3139 3174 3210 οἰκειούμενος
3199 3147 3357 3217 χάριν
3386 3149 3550 3223 λέγῃ·
3592 3174 3609 3205 ι
3639 3156 3703 3207 "0
3736 3158 3867 3209 τού-

2311 3240 2421 3287 τοις
2448 3226 2757 3295 ἐποιήσατε,
2790 3230 2911 3295 ἐμοὶ
2940 3230 3247 3302 ἐποιήσατε.
3286 3254 3305 3286 ι
3340 3237 3528 3302 Ποίους
3566 3242 3863 3311 ὲγκρίνεις,

672 3322 813 3394 dicet
842 3342 856 3376 :
887 3342 903 3373 ι
930 3322 1084 3387 Quod
1111 3323 1227 3376 istis
1254 3321 1624 3384 fecistis,mihi
1648 3320 1957 3399 fecistis_°“l
1979 3340 1995 3372 ι
2030 3321 2211 3387 Quan-

2317 3316 2574 3409 εἰπέᾼμοι,
2614 3316 2875 3409 πλούτους
2905 3326 2970 3393 τῇ
2999 3322 3224 3397 γλυκείᾳ
3255 3328 3347 3379 καὶ
3388 3336 3649 3400 προσηνεῖ
3690 3336 3864 3409 ταύτῃ

676 3420 759 3463 tas
794 3422 1104 3478 computes,
1154 3412 1241 3464 dic
1283 3411 1411 3464 mihi
1437 3450 1452 3473 ,
1503 3411 1715 3464 divitias
1757 3425 1854 3479 pro
1896 3412 1995 3466 hac
2036 3412 2217 3465 dulce-

677 3499 802 3551 dine
847 3506 899 3551 ct
944 3514 1041 3566 pro
1085 3499 1185 3553 ista
1236 3499 1385 3552 suavi
1425 3499 1590 3551 voce?
1628 3497 1865 3562 Quantas
1906 3499 2090 3554 laudes
2140 3501 2214 3553 illi

680 3586 1050 3641 acclamationi
1127 3586 1414 3655 perillustri
1478 3600 1758 3654 comparas
1818 3604 1831 3639 :
1892 3586 2216 3653 suspiciente

679 3677 824 3730 omni
876 3686 1121 3731 creatura
1178 3691 1323 3739 cum,
1373 3676 1463 3745 qui
1516 3676 1832 3744 praedicatur
1876 3676 2037 3729 veluti
2088 3689 2217 3729 voce

678 3765 975 3835 praeconis,
1037 3773 1091 3819 et
1145 3779 1480 3834 nequaquam
1542 3764 1809 3819 invidente
1872 3764 2011 3831 (nec
2074 3763 2212 3816 enim

677 3864 804 3911 tunc
840 3866 1049 3923 tempus
1095 3856 1304 3910 invidia:
1340 3854 1628 3923 dabitur),
1680 3854 1976 3908 admirante
2011 3864 2211 3917 autem,

677 3956 732 4001 et
775 3947 991 4001 beatum
1033 3945 1205 4014 ipsum
1255 3947 1309 3999 in
1348 3946 1524 4007 bonis,
1567 3945 1764 4012 quibus
1807 3945 2211 4004 condccoratur,

681 4034 1049 4089 renuntiante?
1091 4032 1323 4101 Ecquam
1383 4033 1526 4087 dices
1590 4032 1993 4086 oblectationem
2056 4032 2217 4101 223

683 4142 863 4181 carum
898 4142 1101 4190 rerum,
1152 4141 1271 4195 qua:
1307 4126 1361 4179 in
1406 4126 1601 4180 saeculo
1644 4133 1790 4189 sunt,
1825 4125 1986 4177 talem
2019 4134 2071 4177 et
2100 4141 2217 4192 qua}

687 4217 757 4268 ita
780 4220 943 4284 possit
963 4220 1201 4273 excitare
1224 4219 1465 4272 animum
1496 4216 1561 4270 ad
1596 4216 2216 4285 jucunditatem?‘qua’e

685 4302 936 4369 gaudium
990 4304 1076 4356 isti
1128 4304 1321 4373 gaudio
1364 4302 1631 4373 adsequari
1672 4320 1769 4373 par
1823 4315 1877 4358 et
1919 4303 2215 4358 idoneum?

687 4391 897 4458 qualem
923 4392 1264 4459 voluptatem,
1295 4411 1413 4464 qua:
1444 4397 1523 4448 vel
1565 4396 1724 4464 hujus
1753 4396 2039 4463 voluptatis
2066 4394 2227 4446 vesti-

686 4481 829 4550 gium
872 4479 1101 4533 referat?
1139 4484 1350 4549 qualem
1394 4485 1635 4553 gloriam,
1683 4486 1784 4539 etsi
1829 4484 2215 4553 aliquantulum

2317 3406 2500 3496 φωνῇξ
2538 3408 2719 3470 ποίους
2752 3410 3002 3476 ἐπαίνους
3029 3414 3396 3482 ἀντεξετάσεις
3423 3424 3487 3491 τῇ
3521 3423 3748 3496 ὲπιδόξῳ
3771 3406 3868 3480 si»;

2316 3494 2493 3565 φημίᾳ
2519 3496 2701 3568 ἐκείνῃ
2725 3499 2903 3568 πάσης
2934 3502 3031 3570 τῆς
3076 3506 3300 3569 κτίσεως
3342 3508 3554 3579 ὁρώσης
3596 3513 3687 3566 τὸν
3722 3494 3866 3569 ἀνα-

2316 3588 2731 3654 κηρυττόμενον,
2753 3589 2844 3641 καὶ
2860 3591 2918 3642 οὐ
2939 3591 3234 3665 φθονούσης
3253 3597 3371 3665 μὲν,
3397 3602 3456 3653 οὐ
3482 3602 3586 3672 γὰρ
3602 3604 3713 3667 ἕξει
3738 3607 3861 3660 τότε

2317 3672 2581 3743 βασκανία
2615 3677 2800 3738 καιρὸν
2824 3720 2838 3744 ,
2876 3680 3254 3752 θαυμαζούσης
3282 3688 3338 3739 δὲ
3357 3729 3374 3752 ,
3404 3691 3498 3743 καὶ
3528 3697 3863 3763 μακαριζού-

2317 3782 2414 3836 σης
2443 3767 2619 3830 αὐτὸν,
2653 3770 2735 3837 ἐφ’
2760 3766 2839 3833 οἷς
2868 3772 3089 3839 ἠξίωται
3114 3775 3354 3842 ἀγαθοῖς;
3391 3780 3561 3832 Ποίαν
3593 3784 3737 3849 ἐρεῖς
3772 3788 3865 3837 εὑ⁸

2315 3858 2585 3927 φροσύνην
2612 3860 2718 3913 τῶν
2744 3863 2801 3913 ἐν
2828 3863 2905 3933 τῷ
2928 3865 3026 3934 βίῳ
3058 3869 3325 3939 τοιαύτην,
3347 3873 3438 3924 καὶ
3460 3872 3625 3935 οὕτως
3652 3877 3864 3945 ἐγεῖραι

2316 3944 2449 4015 πρὸς
2486 3946 2545 4034 τδ
2572 3948 2795 4015 φαιδρὸν
2836 3951 3169 4022 δυναμένην;
3211 3958 3369 4010 ποίαν
3400 3962 3572 4030 χαρὰν
3601 3963 3865 4034 tamen.

2316 4050 2401 4085 ναι
2428 4033 2598 4106 ταύτῃ
2630 4039 2691 4105 τῇ
2718 4041 2858 4108 χαρᾷ
2892 4042 3115 4112 ίκανήν;
3155 4047 3311 4101 ποίαν
3332 4049 3519 4119 ἡδονὴν
3558 4052 3699 4122 ἰχνος
3730 4033 3863 4108 ταύ-

2313 4140 2409 4192 της
2440 4125 2707 4193 φέρουσαν
2752 4130 2848 4198 τῆς
2881 4130 3100 4203 ἡδονῆςς
3138 4137 3293 4191 ποίαν
3319 4139 3474 4204 δόξαν
3497 4183 3511 4206 ,
3552 4143 3653 4197 κᾶν
3678 4148 3860 4208 ποσῶς

2315 4215 2693 4287 ἀμιλλωμένην
2731 4221 2864 4290 πρὸς
2890 4224 3090 4291 ταύτην
3119 4226 3215 4297 τὴν
3248 4229 3513 4298 εὔκλειαν,
3549 4236 3649 4288 κᾶν
3698 4238 3854 4307 βασι-

2314 4305 2461 4400 λείαν
2490 4310 2645 4381 εἴπῃς
2688 4314 2895 4382 αὑτήν,
2923 4318 3011 4369 καὶ
3049 4320 3246 4390 ταύτης
3285 4322 3545 4396 δοκούσης
3580 4305 3855 4400 λαμπρᾶς,

2314 4398 2372 4449 οὐ
2423 4405 2665 4468 μιμεῖται
2692 4404 2839 4476 αὕτη
2880 4409 3107 4478 ἐκείνην,
3148 4413 3224 4475 εἰς
3265 4415 3329 4484 ἢν
3364 4417 3640 4482 εἰσάγεται
3683 4419 3855 4486 οὗτος,

2316 4489 2372 4539 ὃν
2400 4492 2434 4540 ό
2470 4491 2636 4557 Λόγος
2667 4494 2937 4562 ἐσήμανεν
2959 4539 2974 4562 ,
3009 4500 3265 4564 ὲπίλυπος
3292 4500 3423 4557 οὖσα
3462 4506 3732 4574 ἀπήμονι,
3768 4512 3859 4562 καὶ

688 4571 1096 4626 contendentem
1151 4572 1215 4624 ad
1276 4572 1377 4625 hoc
1429 4575 1694 4629 excellens
1738 4576 1922 4638 decus,
1977 4575 2214 4644 quamvis

2318 4580 2556 4675 ταραχὰς
2579 4582 2803 4675 excuso,
2838 4586 2940 4675 καὶ
2973 4588 3185 4654 φόϐους,
3219 4593 3438 4675 εἰρήνην
3466 4571 3733 4662 ἄγουσαν,
3768 4602 3861 4655 καὶ

691 4676 910 4730 regnum
951 4660 1126 4729 ipsum
1174 4658 1420 4713 dixeris:
1460 4672 1510 4714 et
1557 4676 1624 4715 eo
1668 4663 1868 4731 iulgido
1911 4673 2214 4732 apparente,

693 4751 909 4805 minime
944 4752 1044 4804 hoc
1078 4752 1208 4804 illud
1239 4736 1496 4811 imitatur,
1530 4751 1582 4803 in
1616 4753 1759 4818 quod
1789 4754 1888 4806 iste
1917 4754 2221 4809 introduce-

695 4847 803 4901 tur,
854 4856 1010 4908 quem
1065 4842 1283 4895 verbum
1338 4840 1658 4909 signiﬁcavit
1702 4839 2033 4907 Scriptura;
2105 4856 2222 4896 cum

697 4944 916 4996 regnum
946 4931 1158 4986 dolores
1180 4931 1365 4984 atterat
1403 4929 1678 4992 incolumi,
1709 4938 1763 4984 et
1794 4930 1979 4985 turbas
2014 4930 2221 4987 habeat.

693 5028 747 5071 et
772 5027 966 5079 metus.
996 5029 1053 5073 ut
1078 5022 1239 5077 decus
1261 5023 1387 5077 illud
1420 5022 1639 5077 multam
1664 5037 1869 5090 pacem,
1899 5030 1952 5075 et
1980 5019 2223 5074 inducias

696 5115 855 5174 atque
893 5107 1237 5159 cessationem
1268 5124 1297 5162 a
1327 5112 1466 5164 bello
1495 5111 1742 5166 adducat.
1779 5108 1893 5163 Hoc
1920 5117 2003 5162 est
2030 5109 2221 5175 opibus

699 5196 771 5248 uti
810 5195 1080 5267 praeclare.
1132 5193 1243 5249 Hoc
1293 5209 1375 5252 est
1410 5202 1681 5267 possidere
1731 5199 2003 5270 pecunias,
2050 5214 2223 5268 neque

698 5287 971 5340 custodem
995 5286 1229 5340 thesauri
1250 5285 1367 5339 aliis
1390 5292 1581 5342 servati
1614 5306 1786 5359 agerc.
1820 5288 1930 5344 lloe
1954 5303 2076 5344 vere
2100 5304 2197 5359 pro

700 5373 813 5438 pria
851 5374 954 5427 sibi
991 5373 1186 5439 facere,
1217 5389 1338 5442 qua:
1378 5374 1636 5432 hactenus
1673 5380 1973 5433 existimata
2010 5377 2224 5433 fuerant

771 5570 813 5601 “
844 5572 1024 5626 Matth.
1054 5586 1176 5635 xxv,
1214 5572 1299 5629 ιο.

2321 4669 2666 4754 ὲκκεχειρίαν“
2691 4672 2908 4739 πολλήν.
2952 4675 3135 4745 Τούτῳ
3177 4669 3355 4742 καλῶς
3392 4684 3506 4735 ἐστι
3558 4688 3860 4757 χρήσασθαι

2324 4759 2394 4827 τῷ
2424 4758 2649 4827 πλούτῳ.
2685 4761 2855 4814 Τοῦτο
2894 4765 3185 4831 κεκτῆσθαι
3219 4768 3505 4838 χρήματα,
3545 4775 3636 4827 καὶ
3672 4778 3733 4829 οὐ
3766 4780 3863 4846 φύ-

2321 4843 2459 4898 λακα
2496 4845 2765 4925 θησαρροῦ
2813 4850 2989 4914 ἄλλοις
3023 4856 3354 4924 τηρουμένου
3397 4861 3659 4928 γίνεσθαι.
3694 4843 3861 4920 Tauro

2320 4935 2532 5005 ἀληθῶς
2563 4938 2666 4990 ἴδια
2692 4940 2910 5008 ποιῆσαι
2940 4940 3004 4993 τὰ
3038 4944 3173 5007 τέως
3199 4944 3522 5020 νομιζόμενα
3544 4954 3669 5006 ἴδια.
3693 4955 3861 5009 Τοῦτο

2323 5026 2653 5097 κληρονόμον
2679 5031 2886 5096 ἑαυτὸν,
2927 5034 3018 5085 καὶ
3040 5035 3277 5106 διάδοχον
3304 5040 3414 5094 τῶν
3442 5043 3663 5095 ἐκείνων
3692 5063 3862 5100 κατα-

2325 5116 2514 5185 στῆσαι
2543 5118 2717 5170 πόνων
2738 5157 2752 5181 ,
2780 5122 2872 5173 καὶ
2916 5123 2987 5193 μὴ
3023 5130 3414 5198 παραχωρῆσαι
3456 5132 3524 5184 τὰ
3552 5139 3859 5205 κεκτημένα

2325 5206 2432 5297 Eoi;
2469 5206 2618 5259 οὐδὲν
2656 5212 3070 5279 χρησιμεύουσιν
3102 5219 3160 5268 ἐν
3208 5221 3273 5286 τῇ
3305 5220 3515 5291 ἀνάγκῃ
3554 5224 3650 5291 τῆς
3684 5226 3858 5297 δίκης.

2326 5295 2491 5391 Tauro
2517 5300 2583 5353 τὰ
2625 5300 2723 5369 τῆς
2755 5303 2854 5372 γῆς
2881 5306 3188 5391 μεταθεῖναι
3227 5311 3303 5367 είς
3332 5310 3575 5378 οὐρανόν.
3601 5314 3772 5367 Τοῦτο
3796 5295 3863 5369 τά

2330 5387 2633 5460 πρόσκαιρα
2673 5387 3069 5460 μετασκευάσαι
3112 5396 3241 5465 πρὸς
3288 5398 3581 5454 ἀπόλαυσιν
3622 5402 3859 5460 αἰώνιον.
