4052 6336
122 332 209 394 95:,
1131 317 1601 378 PERISTERIA.
1645 341 1712 353 --
1737 317 1996 377 SECTIO
2033 317 2172 379 ΧΠ.
3140 325 3242 390 905

122 439 261 492 Τοῦτο
300 435 352 488 δὲ
397 434 563 495 ὅντως
597 429 944 501 οἰκονομῆσαι
977 428 1044 482 τὰ
1082 428 1172 482 τοῦ
1222 431 1487 500 μαμωνᾶ,
1531 430 1626 483 καὶ

1742 431 1968 499 propria.
2004 429 2114 483 lloc
2149 429 2389 500 seipsum
2415 430 2698 500 humilem,
2722 442 2777 492 et
2807 449 3147 495 successores
3177 441 3255 494 la—

121 527 276 596 quo»;
313 523 368 589 ἐξ
397 520 576 574 αὐτῶν
610 517 931 589 κτήσασθαι,
958 518 1080 580 τοὺς
1113 518 1247 586 μετά
1280 516 1507 570 θάνατον
1549 517 1629 568 δε-

1742 520 1918 574 borum
1946 521 2287 589 propriorum
2307 523 2654 588 constituere,
2682 539 2778 580 nec
2801 527 3106 597 permittere
3131 544 3259 585 snas

121 615 348 686 χομένους
373 611 452 672 είς
481 611 578 673 τὰς
609 607 832 678 σκηνάς,
855 607 1129 668 ἀνεστίους
1153 605 1401 670 ἐνταῦθα,
1430 606 1520 658 καὶ
1546 605 1630 670 ξε-

1742 610 2098 678 posscssiones
2125 610 2234 675 his,
2263 611 2356 680 qui
2388 611 2536 666 nullo
2571 613 2727 671 nobis
2752 623 2909 670 erunt
2937 617 3059 672 usui
3087 618 3140 672 in
3170 634 3260 674 ne-

120 705 330 771 νοδόχους
355 702 489 762 ἐκεῖ,
513 699 773 772 ἀστέγους
802 699 860 752 ιν
886 695 962 767 τῷ
999 695 1225 764 παρόντι
1243 735 1258 760 ,
1290 696 1381 748 καὶ
1409 695 1468 748 ὲν
1498 695 1630 749 θαυ-

1742 701 1972 753 :cssitate
1989 699 2196 766 judicii.
2223 698 2334 755 Hoc
2351 711 2434 756 εει
2457 717 2538 767 ea,
2573 717 2695 771 qua:
2714 712 2885 760 terrea
2913 715 3058 772 sunt,
3086 717 3262 764 trans-

121 793 322 862 μασταῖς
345 787 603 850 καλύϐαις
633 785 1005 857 δεξιουμένους
1035 787 1155 838 τότε
1182 785 1271 837 τδν
1302 784 1626 855 παραμυθη-

1742 785 1865 841 'errc
1893 789 1946 841 in
1980 787 2196 842 ccelum.
2231 788 2343 844 lloe
2371 798 2450 843 est
2478 804 2537 843 ea
2559 829 2572 854 ,
2597 806 2717 858 qua:
2744 800 3021 850 transeunt
3045 835 3061 858 ,
3091 793 3263 849 (acere

118 882 322 949 σάμενον
345 872 442 930 ὧδε
463 876 562 947 τὴν
590 875 795 929 ἔνδειαν
816 913 832 938 ,
866 874 1038 927 καὶτὸ
1073 873 1233 943 βάρος
1257 875 1354 943 τῆς
1386 873 1628 942 ἀνάγκης

1742 875 1952 930 stabilia.
1986 873 2098 930 Hoc
2115 883 2195 930 est
2217 875 2532 944 temporaria
2551 883 2908 932 transmittare
2935 879 2988 932 in
3013 888 3261 934 aeternam

117 969 516 1037 ἐπικουφίσαντα
539 966 790 1036 κοινωνίᾳ
815 967 912 1034 τῆς
932 963 1118 1034 χρείας
1147 963 1236 1016 τοῦ
1264 963 1528 1032 σώματος.

1742 963 2049 1020 'rultionem.
2068 963 2179 1020 Hoc
2196 965 2506 1035 dispensare
2523 979 2642 1018 vere
2657 980 2982 1030 mammona,
3002 976 3052 1022 α
3069 968 3265 1022 amicos

113 1075 167 1112 ex
198 1059 317 1127 ipsis
348 1071 557 1124 parare,
587 1055 678 1124 qui
707 1064 831 1123 pust
858 1063 1082 1109 mortem
1108 1053 1366 1121 recipiant
1397 1067 1494 1107 nos
1520 1051 1572 1107 in
1601 1060 1799 1108 teterna
1826 1053 2200 1118 tabernacula;
2225 1053 2312 1107 hic
2335 1053 2544 1122 quidem
2567 1053 2770 1122 absque
2795 1054 2926 1118 lare,
2949 1071 3134 1110 rerum
3163 1054 3267 1108 illic

116 1148 320 1216 hospitia
355 1145 684 1214 excipientes
714 1145 768 1198 in
804 1142 1052 1214 praesenti
1082 1143 1277 1197 saeculo
1309 1144 1424 1196 sine
1451 1150 1609 1205 tecto,
1641 1152 1696 1197 et
1725 1142 1777 1195 in
1800 1143 2076 1211 stupendis
2103 1144 2250 1197 cellis
2284 1144 2642 1211 amplexantes
2673 1153 2798 1197 tunc
2830 1159 2951 1197 eum
2974 1182 2987 1205 ,
3018 1145 3108 1212 qui
3144 1159 3270 1198 con-

113 1237 291 1292 s-‘ilatus
313 1247 392 1289 est
419 1234 578 1298 istic;
616 1235 958 1305 indigentiam
979 1242 1031 1286 et
1058 1246 1217 1302 grave
1243 1230 1576 1286 necessitatis
1607 1247 1746 1285 enus
1776 1232 2045 1284 alleviavit
2082 1231 2565 1284 communicatione
2599 1231 2842 1295 illorum,
2874 1247 2993 1299 qua:
3030 1235 3270 1300 corporis

113 1325 170 1378 ad
201 1342 340 1379 usum
374 1324 730 1392 pertinebant.
990 1363 993 1372 .

668 1414 911 1466 ΚΕΦΛΑ.
942 1413 1040 1470 ιγ’.

176 1522 326 1575 Τοῦτο
363 1522 633 1590 φρόνιμον
677 1520 955 1589 οἰκονόμον
984 1517 1118 1571 εἶναι
1169 1518 1273 1570 τῶν
1319 1518 1466 1587 παρὰ
1500 1515 1631 1568 Θεοῦ

121 1612 390 1679 δεδομένων
419 1610 730 1679 κτημάτων,
758 1611 850 1662 καὶ
875 1609 1226 1678 ἀτελεύτητον
1270 1607 1536 1676 βασιλείαν
1573 1607 1634 1676 ίῷ

117 1701 492 1771 δαπανωμένοις
515 1699 794 1767 ἀργυρίοις
813 1697 1143 1766 ὠνήσασθαι,
1166 1700 1278 1758 τοῖς
1311 1694 1538 1764 παροῦσι
1568 1696 1632 1747 τὰ

116 1790 438 1862 μέλλοντα,τδ
473 1789 747 1856 διανεῖμαι
775 1789 981 1850 τούτοις
1003 1789 1068 1839 τὰ
1101 1787 1427 1855 ὑπάρχοντα,
1451 1779 1521 1836 ὧν
1537 1785 1633 1852 τῆς

114 1878 334 1949 κτήσεώς
384 1880 531 1931 ἐστιν
584 1877 852 1947 ἐγγυητὴς
905 1878 1214 1942 ἀξιόπιστος
1257 1875 1413 1935 αὐτὸς
1460 1876 1487 1925 ὀ
1528 1875 1632 1925 τῶν

114 1970 343 2021 ἁπάντων
390 1967 660 2035 Δεσπότης
706 1966 857 2029 Θεὸς,
896 1967 924 2016 ό
961 1966 1024 2016 τὸ
1057 1965 1212 2034 χρέος
1264 1965 1398 2032 μετὰ
1441 1964 1632 2026 τόκων,

113 2059 199 2124 οὐχ
233 2056 609 2109 ἑκατοστιαίων
630 2095 643 2116 ,
687 2054 799 2106 ἀλλ’
833 2053 1328 2104 ἑκατονταπλασίων
1359 2049 1631 2110 ἀποδιδοὺς

114 2146 356 2214 εὐκαίρως
380 2184 396 2207 ,
429 2145 516 2197 ὅτε
555 2143 823 2213 χρήσιμος
856 2141 961 2193 τῶν
990 2141 1403 2208 δεδανεισμένων
1441 2141 1472 2208 ἡ
1503 2139 1634 2190 από-

115 2237 277 2302 ληψις,
300 2236 390 2286 καὶ
414 2237 446 2302 ἡ
484 2232 677 2302 χρῆσις
711 2231 988 2300 ἐπιτηδεία
1017 2231 1146 2298 πρὸς
1174 2231 1271 2300 τὴν
1295 2229 1634 2297 πολυχρόνιον

114 2325 195 2376 τοῦ
224 2326 518 2395 ἀπεράντου
557 2322 748 2384 αίῶνος
779 2321 1089 2374 ἀπόλαυσιν.
1110 2320 1278 2371 Τοῦτό
1304 2321 1415 2370 ἐστι
1441 2318 1638 2382 θησαυ-

119 2417 249 2486 ρίσαι
295 2419 350 2468 ὲν
394 2416 642 2485 οὐρανῷ,
695 2414 785 2467 καὶ
813 2413 1021 2485 ⁸πολλὴν
1074 2408 1248 2478 ἑαυτῷ
1294 2407 1636 2476 παραμυθίαν

119 2508 376 2572 ἑτοιμάσαι
403 2508 518 2557 ἐκεῖ
541 2545 559 2569 ,
587 2504 646 2556 τὸ
675 2503 893 2570 ποιῆσαι
926 2501 1098 2568 λάθρα
1123 2499 1182 2550 τδ
1215 2499 1395 2559 καλὸν,
1428 2497 1521 2548 καὶ⁸
1551 2498 1640 2546 ὲκ-

117 2599 245 2664 φανῆ
264 2595 508 2658 δέξασθαι
535 2593 628 2662 τὴν
659 2593 815 2655 δόξαν
842 2591 932 2641 ἐπὶ
966 2590 1144 2656 πάσης
1183 2587 1278 2653 τῆς
1307 2586 1553 2647 κτίσεως,
1579 2587 1636 2635 τ’)

118 2687 428 2756 περιστεῖλαι
456 2680 922 2752 ταπεινοφροσύνῃ
962 2680 1051 2730 τὸν
1085 2677 1187 2728 τῶν
1217 2676 1510 2744 χρημάτων
1538 2673 1634 2737 θη-

118 2775 326 2842 σαυρὸν,
365 2771 456 2824 καὶ
500 2769 572 2838 μὴ
612 2767 852 2818 ἐκδοῦναι.
895 2766 1174 2834 πρόχειρον
1220 2760 1489 2828 κενοδοξία
1528 2761 1638 2818 τοῖς

117 2861 430 2921 λωποδύταις
451 2859 630 2911 αὐτόν.
670 2859 732 2908 Ὃ
765 2858 872 2924 γάρ
893 2857 1002 2915 τοῖς
1026 2850 1294 2922 χρήμασίν
1331 2850 1474 2899 ἐστιν
1506 2847 1638 2897 ἀπο-

118 2953 282 3020 θῆκαι,
341 2951 430 3002 καὶ
483 2949 673 3016 θύραι,
733 2945 827 2998 καὶ
886 2943 1068 3013 μοχλοὶ
1113 2941 1246 3009 πρὸς
1298 2938 1590 3006 ἀσφάλειαν
1621 2973 1636 3000 ,

118 3043 260 3094 τοῦτο
316 3043 424 3102 τοῖς
470 3038 691 3106 ἀγαθοῖς
742 3038 920 3106 ἔργοις
966 3033 1183 3103 μέτριον
1221 3031 1476 3098 φρόνιμα,
1512 3041 1639 3092 συγ-

121 3133 372 3185 καλύπτον
395 3131 552 3195 αὐτὰ,
599 3130 690 3181 καὶ
744 3130 852 3186 τοῖς
883 3121 1298 3194 τοιχωρυχοῦσιν
1325 3122 1383 3172 οὐ
1412 3117 1643 3186 παρέχον

121 3224 266 3275 ποθὲν
292 3222 540 3292 ἁρπαγῆς
574 3219 844 3287 ἀφορμήν.
872 3215 1016 3282 Αὕτη
1045 3213 1264 3284 ἡάρετὴ
1289 3211 1379 3262 καὶ
1391 3207 1642 3275 φυλάττει

119 3313 176 3365 τὰ
207 3314 530 3383 κεκτημένα,
574 3312 666 3362 καὶ
699 3310 805 3360 τῶν
830 3306 1051 3375 μηδέπω
1081 3302 1382 3367 κτηθέντων
1422 3295 1644 3364 παρέχει

121 3404 244 3474 πρὸς
267 3407 358 3474 τὴν
383 3403 574 3471 κτῆσιν
598 3401 857 3451 ἐπίνοιαν.
883 3394 1028 3459 Αὕτη
1050 3389 1384 3457 εὐχαριστεῖν
1407 3385 1643 3436 διδάσκει

122 3497 202 3546 ἐπὶ
228 3497 353 3546 πᾶσι
380 3491 517 3560 Θεῷ,
544 3490 635 3541 καὶ
666 3489 732 3538 τὰ
760 3488 816 3538 ἐν
845 3483 1000 3553 χερσὶ
1027 3477 1220 3546 ἀνιαρά
1250 3475 1644 3544 παραμυθεῖται

121 3587 177 3651 τῇ
223 3583 328 3634 τῶν
369 3579 664 3649 μελλόντων
702 3572 918 3640 ἀγαθῶν
952 3567 1264 3639 προσδοκίᾳ.
1315 3563 1460 3632 Λῦτη
1513 3561 1645 3631 πρὸς

124 3675 314 3739 ἄμυναν
343 3666 547 3738 ἐχθρῶν
572 3665 821 3734 ὁρμῷντα
851 3661 940 3713 τὸν
977 3659 1143 3725 θυμὸν
1177 3655 1374 3724 ἀνέχει,
1400 3652 1646 3720 καθάπερ

125 3758 414 3826 ἁρπάζοντα
444 3754 579 3806 κύνα
616 3751 914 3820 κατέχουσα
943 3748 1103 3800 αὑτὸν
1130 3746 1356 3796 ἐπιεικεῖ
1383 3739 1643 3808 λογισμῷ.

125 3848 254 3916 Αὕτη
291 3847 380 3898 τὸν
403 3844 622 3911 ἀφανὲς,
652 3840 742 3891 καὶ
766 3841 972 3906 ἄσημον
1010 3838 1216 3903 ἡγεῖται
1269 3834 1520 3898 ἰσότιμον,
1554 3831 1646 3896 τὴν

126 3940 200 3990 ἀεὶ
229 3938 491 4007 μένουσαν
523 3933 619 4000 τῆς
653 3929 827 3998 ψυχῆς
874 3927 1048 3991 ἀξίαν,
1091 3925 1149 3975 ού
1176 3924 1272 3992 τὴν
1316 3922 1446 3991 πρὸς
1477 3920 1647 3984 ὀλίγον

129 4026 496 4094 πομπεύουσαν
529 4019 880 4088 λογιζομένην
918 4017 1144 4086 πηλίνην
1174 4013 1461 4064 εὐτέλειαν.
1504 4011 1647 4078 Αὕτη

127 4118 368 4185 κεφαλὴν,
407 4114 500 4166 καλ⁵
524 4112 787 4177 δεσπότην
810 4107 1054 4177 ἡγεῖσθαι
1088 4105 1255 4157 πείθει
1282 4105 1370 4155 τὸν
1392 4102 1554 4169 ἄνδρα
1577 4101 1648 4159 ὡς

128 4209 469 4274 ὑποκείμενον
513 4203 669 4272 μέλος
710 4199 953 4251 ὑπείκειν
1003 4193 1386 4264 ἡγεμονεύοντι
1419 4194 1474 4241 ἐν
1520 4193 1648 4240 πᾶσι

127 4298 456 4350 παιδεύουσα.
493 4293 645 4345 Οὕτω
674 4291 780 4360 γὰρ
825 4289 916 4340 καὶ
947 4289 974 4338 ό
1000 4284 1328 4352 Δημιουργδς
1353 4321 1365 4344 ,
1401 4283 1532 4348 πρὸς
1556 4281 1649 4346 τὴν

2209 1406 2368 1476 229
2401 1406 2623 1461 CAPUT
2660 1405 2797 1460 χιιι.

1808 1518 1916 1572 lloc
1955 1526 2038 1572 cst
2087 1530 2205 1572 esse
2249 1518 2563 1586 prudentem
2614 1518 3036 1586 dispensatorem
3092 1534 3121 1571 a
3169 1519 3274 1572 Deo

1737 1607 1982 1660 datorum
2018 1607 2306 1671 bonorum,
2352 1615 2406 1660 et
2439 1607 2684 1674 rubigine
2717 1608 3002 1674 insumptis
3030 1609 3273 1674 pecuniis

1667 1731 1703 1782 Β
1740 1712 1916 1750 emere
1958 1711 2181 1766 regnum
2232 1712 2506 1765 nunquam
2550 1698 2878 1760 desiturum;
2922 1699 3276 1764 praesentibus

1739 1786 1950 1850 futura;
2001 1797 2055 1840 ct
2098 1788 2420 1842 distribuere
2458 1788 2573 1840 istis
2623 1802 2704 1851 ea,
2748 1789 2942 1855 quibus
2979 1788 3274 1841 subsistere

1736 1886 1953 1945 queant,
1994 1891 2222 1943 quorum
2256 1877 2613 1944 possessionis
2643 1886 2725 1930 est
2757 1876 3038 1943 tidejussor
3073 1876 3272 1928 lidelis-

1735 1968 1905 2022 simus
1933 1978 1985 2020 et
2022 1969 2246 2021 idoneus
2291 1978 2475 2020 cantor
2513 1968 2626 2036 ipse
2661 1968 2851 2020 horum
2895 1968 3135 2019 omnium
3171 1965 3273 2018 Do-

1738 2061 1916 2113 minus
1948 2058 2110 2120 Deus,
2145 2060 2234 2127 qui
2266 2075 2387 2112 eum
2423 2057 2697 2111 {erroribus
2731 2074 2833 2110 non
2875 2058 3270 2126 centuplicatis.

1736 2150 1827 2202 scd
1867 2149 2030 2216 duplo
2064 2149 2375 2202 centesimis
2418 2148 2595 2201 reddet
2632 2157 2868 2215 tempore
2895 2163 3016 2209 suo,
3059 2147 3276 2215 quando

1737 2241 1883 2293 utilis
1903 2241 2005 2293 erit
2035 2240 2353 2307 eorum..qni
2387 2237 2558 2291 fenori
2589 2240 2732 2301 dant,
2770 2239 3020 2307 receptio,
3062 2247 3116 2291 et
3145 2254 3275 2290 usus

1736 2340 2072 2398 opportunus
2105 2330 2169 2382 ad
2199 2331 2506 2382 diuturnam
2556 2330 2651 2382 ιιινί
2680 2329 2885 2386 .inliniti
2921 2330 3266 2397 voluptatem.

1737 2415 1849 2470 lloc
1895 2426 1978 2470 est
2027 2419 2393 2471 thesaurizare
2443 2417 2494 2470 in
2541 2418 2696 2478 coelo,
2741 2417 3129 2483 plut-imamque.
3175 2415 3274 2467 sibi

1737 2527 2052 2580 comparare
2087 2512 2161 2564 ibi
2203 2511 2641 2575 consolationem,
2674 2511 2808 2562 clam
2846 2509 3018 2563 facere
3054 2509 3272 2570 bonum,

1737 2609 1790 2651 ct
1841 2599 2228 2663 conspicuam,
2290 2600 2660 2666 illustremque
2721 2599 2993 2664 suscipere
3051 2595 3271 2665 gloriam

1735 2688 1875 2756 apud
1907 2703 2092 2742 omnes
2119 2697 2427 2749 creaturas;
2464 2696 2735 2740 coarctare
2769 2687 3072 2740 humilitate
3113 2702 3279 2753 pecu-

1740 2778 1946 2831 niarum
1978 2777 2314 2840 thesaurum,
2344 2785 2396 2829 et
2427 2792 2532 2829 non
2559 2776 2686 2830 dare
2713 2776 2921 2830 facilem
2952 2777 3152 2829 aditum
3185 2791 3278 2842 per

1740 2878 1932 2916 vanam
1991 2863 2214 2932 gloriam
2263 2863 2645 2930 expilatoribus
2694 2862 2882 2931 ipsius.
2929 2862 3080 2926 Quod
3135 2864 3277 2915 enim

1743 2966 1869 3008 sunt
1894 2953 2230 3023 rcpositoria,
2260 2963 2312 3006 et
2346 2953 2502 3014 ostia,
2529 2961 2578 3005 ct
2610 2960 2787 3005 vectes
2818 2952 3058 3019 pecuniis
3089 2952 3152 3003 ad
3189 2967 3275 3004 sc-

1667 3054 1708 3111 c
1744 3043 2048 3106 ceritatem,
2083 3043 2132 3095 id
2159 3051 2241 3097 est
2273 3043 2428 3096 honis
2451 3041 2703 3109 operibus
2733 3041 2966 3093 modesta
2996 3041 3278 3108 prudentia

1743 3133 2022 3187 occultans
2052 3132 2160 3193 illa,
2190 3144 2285 3185 nec
2312 3145 2544 3198 unquam
2569 3130 2809 3197 przcliens
2833 3129 2934 3190 his,
2961 3129 3050 3196 qui
3083 3130 3278 3182 mwuia

1741 3221 2020 3284 effodiunt,
2056 3220 2253 3286 rapina:
2277 3217 2637 3270 occasionem.
2676 3213 2779 3266 lsta
2812 3216 2982 3266 virtus
3013 3223 3064 3266 et
3093 3215 3279 3283 acqui-

1742 3307 1845 3362 sita
1878 3305 2135 3367 enstadlt,
2169 3315 2221 3356 et
2249 3303 2466 3357 exhibet
2506 3302 2819 3354 industriam
2860 3301 2923 3354 ad
2952 3301 3274 3369 arquircnda

1739 3410 1803 3449 ca
1861 3410 1981 3465 qum
2031 3394 2335 3448 nullatenus
2401 3391 2548 3446 {uere
2598 3393 2877 3458 acquisita.
2931 3389 3033 3445 Ista
3085 3393 3283 3460 gratias

1745 3502 1903 3554 agere
1925 3484 2032 3539 Deo
2053 3487 2104 3538 in
2127 3484 2378 3538 omnibus
2403 3482 2605 3544 edocet,
2635 3491 2685 3534 et
2713 3497 2830 3550 qua:
2860 3481 3010 3534 obvia
3038 3498 3142 3550 przn
3170 3498 3284 3534 ma-

1748 3578 1908 3631 nibus
1936 3575 2186 3630 accidunt
2219 3573 2451 3628 inlclicia
2485 3571 2794 3625 consolatur
2837 3572 3100 3625 bonorum
3133 3571 3283 3623 tutu.

1748 3681 1926 3719 rerum
1962 3664 2380 3733 exspectatione.
2426 3661 2529 3716 lsta
2571 3663 2763 3715 retinet
2807 3662 3137 3715 iracundiam
3183 3661 3285 3712 im-

1748 3755 2031 3822 pellentem
2071 3755 2134 3804 ad
2169 3753 2423 3803 ultionem
2458 3750 2797 3802 inimicorum
2832 3747 3279 3814 quemadmodum

1750 3857 1932 3896 canent
1979 3842 2266 3906 rapientem
2301 3839 2543 3889 detinens
2573 3851 2688 3887 eam
2731 3835 3013 3902 aequauimi
3053 3836 3277 3887 ratione.

1750 3933 1852 3985 Ista
1911 3931 2135 3982 invisam
2183 3936 2234 3980 et
2269 3927 2499 3996 ignotam
2545 3925 2815 3978 existimat
2861 3925 2972 3992 pari
3007 3924 3175 3990 pretio
3220 3938 3283 3976 ac

1749 4031 2013 4090 perpetem
2052 4018 2240 4070 animae
2267 4016 2600 4084 dignitatern,
2635 4029 2737 4066 non
2769 4012 3075 4080 prosperam
3107 4013 3280 4065 fortu-

1751 4127 1870 4162 nam
1913 4110 2108 4160 luteam
2141 4105 2298 4174 230
2325 4105 2467 4157 brevi
2500 4119 2554 4157 se
2578 4112 2814 4170 tempore
2843 4101 3142 4170 pompatice
3173 4111 3284 4155 tra-

1749 4198 2047 4249 duccntcm.
2085 4196 2204 4247 chc
2250 4193 2536 4261 persuadet
2579 4201 2637 4243 ut
2677 4200 2957 4245 censeatur
3001 4201 3180 4258 caput,
3231 4200 3280 4243 et

1751 4287 2000 4338 dotninus
2032 4285 2129 4346 vir,
2161 4283 2234 4335 illi
2262 4281 2414 4350 quasi
2452 4281 2746 4334 membrum
2777 4281 3055 4348 suhjacens
3091 4281 3284 4349 guber-

129 4387 253 4439 Ικῖὓαν
284 4385 466 4454 φησίν·
503 4400 520 4432 ι
546 4353 714 4441 Αὐτὸς
729 4353 819 4429 σοῦ
837 4377 1128 4446 κυριεύσει.
1151 4393 1168 4423 i
1196 4374 1341 4424 Καὶό
1372 4369 1643 4437 Παῦλος,ἠ

1753 4376 1898 4429 nanti
1955 4375 2003 4426 in
2055 4373 2302 4425 mnnihns
2353 4371 2572 4424 subesse
2623 4371 2914 4423 instruens.
2954 4367 3041 4421 Sic
3090 4369 3282 4420 etenim

126 4475 173 4525 δὲ
193 4475 321 4543 γυνὴ
343 4474 426 4524 ἶνα
442 4469 665 4536 φοϐῆται
696 4466 784 4517 τὸν
812 4466 994 4531 ἄνδρα.
1016 4462 1121 4513 Καὶ
1147 4459 1300 4512 τοῦτο
1320 4458 1649 4524 πεπεισμένη

130 4563 298 4633 Σάρρα
325 4563 510 4632 κύριον
546 4557 726 4610 ἐκάλει
764 4556 850 4608 τὸν
899 4554 1164 4623 Ἀϐραὰμ,
1206 4550 1417 4619 τιμῶσα
1444 4547 1648 4608 τοῦτον,

130 4650 180 4702 ὃν
206 4656 230 4705 ὁ
252 4651 539 4721 νομοθέτης
563 4648 819 4715 τιμᾶσθαι
848 4643 1194 4716 προσέταξεν.
1220 4641 1362 4708 Λύτη
1391 4637 1652 4690 οἰκετικὸν

134 4743 472 4811 συμόουλεύει
500 4742 799 4809 περιέπειν,
828 4740 920 4791 καὶ
943 4739 1160 4790 θάλπειν
1186 4735 1256 4795 ὡς
1281 4732 1564 4800 ὁμόφυλον,
1594 4728 1653 4780 τὸ

134 4831 444 4899 ὑποζευχθὲν
474 4833 536 4898 τῇ
569 4829 859 4897 δυναστείᾳ
895 4827 1028 4896 πρὸς
1071 4823 1404 4890 λειτουργίαν
1438 4821 1526 4870 ἐπὶ
1558 4817 1651 4885 μό-

135 4921 244 4987 χθον
275 4923 480 4971 ἀνιεῖσα
509 4923 622 4981 ταῖς
643 4923 718 4981 εἰς
750 4913 1440 4989 παρρησίανπροτροπαίς,
1473 4911 1563 4959 καὶ
1596 4907 1654 4957 τὸ

137 5010 459 5080 κατεπτηχὸς
481 5010 566 5061 ἀεὶ
585 5011 679 5076 τῆς
700 5010 1048 5078 συνειδήσεως
1070 5007 1202 5075 πρὸς
1227 5004 1420 5072 θάρσος
1442 5001 1655 5067 μέτριον

136 5099 356 5169 ἐγείρειν
403 5098 729 5158 κελεύουσα,
772 5098 858 5149 ἵνα
898 5099 972 5165 μὴ
1002 5096 1238 5164 ἀθυμοῦν
1283 5093 1416 5161 μένῃ
1444 5088 1612 5140 διόλου
1639 5125 1654 5151 ,

140 5192 220 5242 καὶ
238 5193 296 5243 τὸ
330 5189 540 5258 συμϐάν
569 5187 736 5256 ἀτύίη
747 5205 818 5255 μα
842 5187 1102 5254 ὲγκαλοῦν
1129 5186 1205 5254 τῷ
1226 5185 1324 5253 τὴν
1349 5178 1654 5249 ἀνωμαλίαν

139 5279 322 5346 ταύτην
352 5277 757 5344 συγχωρήσαντι
785 5271 1031 5340 γενέσθαι
1059 5270 1194 5338 Θεῷ.
1230 5271 1374 5338 Αὕτη
1400 5267 1458 5319 τὸ
1484 5263 1656 5316 ταλαιο

142 5369 339 5437 πωροῦν
377 5369 433 5418 ὲν
480 5365 716 5433 πτωχείᾳ
754 5361 1045 5431 συμπαθῶς
1076 5361 1380 5429 ἐπικουρεῖν
1413 5355 1654 5408 ὑποτίθε-

143 5473 238 5523 ται,
261 5459 354 5509 καὶ
382 5455 585 5509 τέλειον
610 5456 726 5515 ταῖς
749 5452 966 5520 ἀρεταῖς
987 5451 1060 5511 ὡς
1090 5449 1296 5518 βασιλεί
1322 5445 1655 5515 στρατιώτην

207 5591 244 5624 ⁸⁷
267 5590 400 5645 Gen.
435 5601 516 5652 ut,
537 5587 620 5639 15.
695 5585 736 5616 ⁸⁸
759 5582 954 5650 Ephcs.
987 5600 1039 5642 ν,
1061 5581 1146 5634 55.

1225 5582 1266 5611 ⁸³
1288 5579 1420 5632 Gen.
1459 5594 1606 5640 xvm,
1637 5579 1713 5628 1‘2.

1753 4467 1931 4519 tunndi
1964 4461 2385 4516 coriditorlivam
2417 4461 2734 4529 alloquitur:
2769 4479 2786 4510 (
2818 4459 2906 4512 Ille
2937 4460 3010 4511 tui
3040 4459 3282 4510 domina-

1753 4557 1893 4610 bitur
1924 4557 1984 4606 ετ.
2031 4573 2048 4604 ι
2101 4553 2164 4605 Ει
2195 4553 2389 4605 Paulus
2413 4588 2426 4614 ,
2462 4550 2601 4618 quod
2640 4550 2831 4603 mulier
2860 4555 3167 4602 revereatur
3199 4545 3278 4594 vi-

1749 4660 1866 4698 rum
1911 4643 1974 4694 ‘3.
2029 4640 2092 4692 Et
2132 4641 2291 4692 Sarra
2335 4638 2458 4692 illud
2498 4651 2752 4704 persuasa
2798 4633 3069 4687 dominum
3131 4641 3278 4679 com-

1751 4731 1908 4800 pellat
1923 4728 2304 4790 Abrahamum,
2326 4726 2596 4801 honoratis
2615 4723 2811 4791 ipsum,
2830 4733 2990 4787 quem
3015 4713 3281 4782 legislator

1757 4822 1958 4873 honore
1988 4825 2305 4886 praeceperat
2338 4815 2490 4867 allici.
2526 4812 2646 4865 Haec
2678 4824 2888 4864 vernam
2919 4805 3092 4858 fovere
3121 4809 3282 4868 atque

1756 4907 2121 4962 benevolentia
2166 4906 2401 4958 mulcere.
2431 4902 2586 4954 veluti
2621 4895 2974 4951 contribulem
3008 4890 3274 4952 consulit;

1757 4999 1899 5067 quod
1929 4996 2177 5066 potestati
2210 4994 2549 5060 subjugatnm
2581 4997 2660 5041 est
2692 4988 2756 5039 ad
2788 4998 3004 5054 operam
3036 4981 3278 5034 minisleo

1759 5089 1843 5152 rii,
1876 5088 1932 5140 in
1961 5085 2144 5139 labore
2178 5081 2422 5135 relaxans
2449 5073 2906 5130 exhortationibus
2936 5071 3000 5124 ad
3034 5068 3278 5122 ﬁduciam

1760 5187 1814 5233 et
1841 5175 1984 5247 quod
2013 5187 2223 5240 semper
2255 5186 2318 5224 ex
2360 5167 2682 5222 conscientia
2722 5172 3062 5234 perlerretur,
3101 5171 3279 5209 as.ur«

1756 5283 1879 5338 gere
1910 5265 2101 5334 iubens
2136 5257 2201 5313 ad
2238 5259 2562 5312 moderatam
2593 5254 2890 5316 audaciam,
2932 5259 2989 5302 ut
3016 5262 3080 5300 ne
3107 5258 3281 5338 rema-

1759 5331 1878 5411 neat
1912 5331 2120 5418 deiecto
2149 5346 2347 5415 vilique
2371 5345 2589 5400 omnino
2631 5344 2828 5402 animo,
2870 5346 2922 5391 et
2950 5335 3017 5387 ob
3054 5331 3284 5385 infortu-

1760 5447 1926 5507 nium,
1965 5439 2103 5507 quod
2141 5436 2238 5506 ipsi
2273 5436 2512 5506 contigit,
2545 5440 2755 5489 accuset
2798 5427 2983 5490 Deum,
3019 5420 3108 5493 qui
3141 5420 3280 5474 hanc
