4052 6336
343 189 346 192 ’
890 231 985 290 DE
1012 228 1487 291 VOLUNTARIA
1529 223 2008 284 PAUPERTATE
2056 224 2151 282 AD
2205 201 2541 280 MAGNAM.’

3190 211 3300 276 974

163 361 256 392 νειν
300 338 486 400 αὐτοὺς
517 339 773 407 φυλάττει
803 338 890 390 τὸν
934 337 1189 408 λογισμὸν
1221 335 1666 403 κατεσταλμένον,

1773 331 2133 397 arrogantiam
2164 329 2357 383 infert:
2393 329 2464 380 ita
2496 328 2640 396 ipsos
2676 342 2779 380 non
2822 327 3032 394 assequi
3061 328 3295 382 custodit

160 430 291 498 ἧὲφ¹
336 424 412 489 οἷς
457 427 723 497 ὑστερίζει
766 429 1110 496 ὀδυνώμενον,
1152 429 1184 496 ἢ
1223 429 1306 494 ἐφ’
1347 421 1424 488 οἷς
1467 424 1663 492 προκό-

160 535 290 568 πτειν
321 515 489 579 ἔδοξεν
534 518 914 584 ἀπαιρόμενον.
955 515 1140 575 Οὐδεὶς
1179 515 1234 566 δὲ
1267 513 1370 565 τῶν
1415 511 1507 563 νῦν
1534 510 1666 572 τέως

158 607 184 672 ἢ
211 606 516 670 ἀφικνεῖται,
540 606 571 673 ἢ
594 604 810 671 ἐφίκετο
831 606 925 672 τῆς
951 606 1155 672 ἀρετῆς,
1172 601 1277 654 τῶν
1299 603 1461 655 πάλαι
1481 599 1667 666 ἁγίων,

155 689 216 744 ὧν
245 694 466 754 ἀνοικος,
498 695 589 744 καὶ
614 694 871 754 ἀνέστιος,
896 695 986 745 καὶ
1004 694 1236 761 ἀνείμων
1261 692 1667 760 ἀναγέγραπται

158 786 184 850 ἡ
211 783 435 851 διαγωγὴ
469 784 756 850 ἁλωμένων
802 785 962 835 τόπον
1012 784 1116 844 ἀεὶ,
1149 783 1240 834 καὶ
1273 781 1333 833 τὸ
1366 780 1668 850 παρατυχὸν

159 876 331 940 ἔδεσμα
377 874 702 941 σιτουμένων
747 875 935 943 ήδέως,
969 874 1059 924 καὶ
1115 872 1501 938 κοιταζομένων
1555 869 1668 920 δτοι

159 963 286 1024 ποτὲ,
305 964 390 1012 καὶ
414 963 484 1022 ὡς
520 962 694 1030 ἔτυχε,
717 965 804 1013 καὶ
833 965 953 1024 τούς
975 960 1669 1022 ἐπιδουλεύοντας,καὶδιὼς

159 1067 326 1111 κοντας
343 1052 438 1118 οὐχ
455 1053 527 1112 ὡς
546 1054 600 1102 ἐν
621 1051 694 1119 τῷ
721 1052 941 1120 παρόντι
972 1051 1262 1119 τιμῶντας,
1275 1051 1368 1103 καὶ
1385 1051 1578 1118 περιέπ
1592 1071 1666 1099 έν-

157 1156 238 1201 τας
254 1139 468 1206 ἑχόντων
491 1140 732 1201 πολλοὺς.
749 1141 976 1201 Τούτους
997 1141 1102 1208 γὰρ
1125 1140 1414 1208 παρίστησι
1439 1139 1664 1206 διαγρά-

160 1245 254 1293 ςων
273 1230 298 1277 ὁ
323 1227 523 1287 [Ιαύλος
549 1229 604 1279 ἐν
627 1223 705 1290 οἷς
734 1229 932 1294 ἔλεγεν,
953 1247 969 1277 ι
995 1228 1394 1295 Ἑλιθάσθησαν,
1425 1227 1671 1296 ἐπρίσθη-

161 1334 258 1376 σαν,
282 1317 333 1365 έν
357 1318 495 1384 φόνῳ
523 1318 790 1386 μαχαίρας
812 1318 1088 1376 ἀπέθανον,
1109 1315 1387 1388 περιῆλθον
1410 1317 1465 1366 ὲν
1496 1316 1670 1384 μηλω·

160 1409 276 1467 ταῖς,
304 1409 357 1456 έν
385 1408 605 1472 αἰγείοις
634 1407 881 1474 δέρμασι,
923 1406 1315 1474 ὑστερούμενοι,
1352 1405 1667 1472 θλιϐόμενοι,

162 1513 251 1545 κακ
270 1493 559 1563 «χοὺμενοι,
590 1489 662 1547 ὧν
691 1497 788 1546 οὐκ
815 1493 879 1564 ἦν
907 1496 1052 1556 ἄξιος
1080 1498 1105 1544 ὁ
1134 1494 1350 1561 κόσμος.
1386 1512 1403 1543 t
1426 1494 1536 1544 Κάν
1567 1494 1671 1561 γάρ

162 1601 229 1644 τις
254 1586 351 1633 τῶν
378 1584 468 1634 νῦν
498 1583 770 1651 φαντασθῇ
797 1585 890 1650 τὴν
931 1582 1062 1648 πρὸς
1094 1583 1282 1647 αὐτοὺς
1318 1583 1575 1649 ἰσοτιμίαν
1606 1586 1668 1650 τῇ

164 1672 412 1739 προθέσει,
453 1675 546 1724 καὶ
569 1676 675 1731 τοῖς
703 1673 877 1740 ἔργοις
899 1673 1024 1732 ἴσως
1051 1671 1218 1722 δοκῶν
1264 1673 1452 1730 αὐτοὺς
1484 1671 1672 1738 ἐζηλω-

162 1763 312 1824 κέναι,
363 1762 707 1813 ἀπολείπεται
757 1761 1184 1829 θεραπευόμενος
1237 1762 1326 1813 ἐπὶ
1375 1766 1439 1831 τῇ
1483 1764 1669 1830 ἀρετῇ,

160 1850 233 1915 ἐφ’
332 1851 660 1902 ἐκινδύνευον
694 1849 865 1912 αὐτοὶ,
907 1852 997 1923 καὶ
1040 1851 1134 1916 τὴν
1173 1853 1672 1919 παρακολουθοῦσαν

159 1938 294 2002 δόξαν
325 1939 458 2008 έχων
508 1940 856 2008 παραμυθίαν
889 1941 996 1990 τίίν
1043 1942 1234 2002 πόνων,
1262 1935 1329 2009 ἧς
1376 1944 1674 2010 ἀπεστερη-

162 2031 292 2095 μένοι
325 2029 598 2090 παντελῶς
657 2031 705 2079 oi.
743 2031 1012 2098 μακάριοι,
1048 2032 1114 2081 τὰ
1157 2031 1254 2096 τῆς
1284 2032 1549 2098 εὐφημίας
1581 2034 1673 2097 ἐφ-

157 2118 257 2167 όδια
297 2115 544 2182 διωγμῶν
600 2117 967 2185 εὑρίσκοντες,
1008 2119 1100 2168 καὶ
1141 2117 1385 2184 χαλεπῶν
1435 2119 1673 2170 θανάτων

161 2203 414 2255 ὑπόθεσιν.
453 2203 568 2255 Οὐκ
593 2199 660 2273 ἦν
690 2206 914 2266 ἐκείνοις
966 2205 1151 2273 στέγη,
1193 2206 1284 2256 καὶ
1314 2208 1583 2276 ἀποθήκη,
1615 2210 1673 2259 οὐ

160 2295 318 2361 κλίνη,
341 2295 398 2346 οὐ
426 2295 668 2365 τράπεζα
688 2313 700 2326 ·
729 2296 972 2365 μηλωτιίι
999 2298 1058 2350 τὸ
1101 2298 1318 2366 ἔνδυμα,
1348 2302 1437 2350 καὶ
1462 2302 1640 2369 τρίχες
1658 2317 1669 2330 ο

162 2383 347 2451 σχέδιος
376 2385 408 2451 ’1,
446 2385 546 2451 τῆς
578 2386 878 2458 ἐνεστώσης
911 2389 1117 2454 ἡμέρας
1144 2388 1333 2456 τροφὴ,
1368 2389 1458 2440 καὶ
1499 2391 1529 2457 ὴ
1560 2393 1678 2440 ἐπι-

159 2475 280 2525 οῦσα
306 2475 620 2544 ἀμέριμνος.
655 2475 956 2541 Ιιροέλαϐον
1002 2477 1108 2543 γὰρ
1153 2480 1217 2544 τῇ
1248 2479 1385 2528 κατά
1427 2479 1676 2544 πρόθεσιν

161 2567 425 2634 φιλοσοφίᾳ
541 2563 642 2636 τὴν
665 2563 758 2615 τοῦ
792 2564 992 2632 Κυρίου
1032 2551 1364 2632 παραίνεσιν,
1412 2567 1470 2615 ἐν
1571 2583 1672 2632 φη-

158 2671 237 2703 σιν
259 2670 269 2680 ·
296 2673 310 2701 ι
335 2654 659 2722 Ἰιλμελέψατε
691 2655 768 2715 είς
801 2655 865 2704 τὲ
889 2654 1102 2705 πετεινά
1121 2654 1210 2705 τοῦ
1229 2654 1470 2722 οὐρανοῦ,
1509 2657 1585 2705 ὅτι
1616 2656 1674 2705 οὐ

159 2743 604 2809 σπείρουσιν,οὑδὲ
631 2743 952 2810 θερίζουσιν,
968 2744 1085 2794 οὐδὲ
1109 2743 1426 2810 συνάγουσιν
1453 2745 1529 2805 είς
1548 2746 1676 2794 ἀπο·

156 2833 335 2898 θήκας,
361 2834 448 2884 καὶ
488 2834 514 2883 ὁ
545 2834 897 2901 Πατὴρὺμῶν
936 2835 962 2884 ὀ
983 2834 1222 2899 οὐράνιος
1245 2834 1429 2901 τρέφει
1461 2835 1611 2886 αὐτὰ.
1653 2855 1669 2885 ο

1766 430 1995 473 mentem
2021 420 2412 483 cobibitam,ne
2432 417 2516 472 vel
2537 419 2588 470 in
2616 417 2719 481 his,
2739 417 2791 468 in
2821 415 3013 483 quibus
3040 416 3292 479 vincitur,

1766 509 2054 577 ailligatur,
2088 509 2170 562 vel
2213 508 2268 561 in
2302 508 2438 571 illis,
2483 511 2536 560 in
2564 506 2763 576 quibus
2801 505 3008 559 videtur
3038 504 3295 573 provehi,

1764 599 2030 652 elferatur.
2078 597 2244 652 Nemo
2287 605 2465 650 autem
2493 612 2710 661 eorum,
2746 597 2836 665 qui
2867 612 3009 649 nunc
3039 604 3182 658 sunt,
3230 609 3298 648 eo

1767 703 1935 754 usque
1958 697 2050 739 aut
2074 687 2300 750 accedit,
2325 697 2417 739 aut
2448 687 2675 740 accessit
2709 688 2774 738 ad
2809 684 3057 738 virtutem
3085 691 3294 736 sancto-

1767 794 1883 829 rum
1910 789 2169 840 veterum,
2206 792 2434 844 quorum
2469 778 2803 830 conversatio
2833 775 2950 829 sine
2975 776 3156 835 domo,
3181 773 3297 826 sine

1771 867 1909 927 ioco,
1931 876 1982 919 et
2013 867 2127 918 sine
2153 867 2395 918 vestibus
2419 865 2584 918 fuisse
2615 864 2804 918 litteris
2829 865 3068 937 proditur
3090 877 3298 930 semper

1769 957 1823 1008 in
1851 957 2029 1010 locum
2061 971 2091 1008 e
2118 955 2235 1009 loco
2263 954 2696 1023 demigrantium,
2728 963 2782 1006 et
2814 952 3051 1006 fortuitis
3073 952 3300 1019 dapibus

1770 1059 1890 1098 sese
1917 1045 2149 1097 suaviter
2178 1047 2534 1112 pascentium,
2563 1053 2616 1096 et
2635 1043 2943 1097 cubantium
2970 1042 3300 1110 ubicunque,

1774 1144 1938 1201 utque
1972 1149 2091 1188 sors
2115 1133 2336 1195 ferebat,
2365 1142 2418 1186 et
2449 1133 2788 1195 insidiantes,
2809 1147 2873 1186 ac
2897 1142 3300 1202 persequentes,

1770 1240 1875 1276 non
1910 1235 1967 1277 ut
1989 1223 2464 1291 impraesentiarum
2496 1225 2840 1284 honorantes,
2877 1231 3035 1292 atque
3069 1223 3302 1277 circum-

1771 1323 2035 1367 scctantes
2069 1314 2265 1367 multos
2294 1313 2628 1365 habentium.
2661 1313 2790 1366 Istos
2825 1312 2968 1365 enim
2993 1313 3306 1369 describens

1770 1405 2020 1471 exprimit
2065 1403 2296 1466 Paulus,
2346 1402 2496 1455 hisce
2543 1402 2751 1466 verbis,
2806 1403 3002 1471 quibus
3056 1403 3300 1457 dicebat:

1777 1509 1792 1536 ι
1842 1487 2128 1554 Lapidibus
2158 1487 2336 1540 obruti
2367 1496 2532 1550 sunt,
2582 1489 2709 1540 secti
2756 1496 2900 1553 sunt,
2942 1488 2994 1540 in
3038 1490 3304 1544 occisione

1773 1578 1930 1644 gladii
1964 1577 2351 1639 occubuerunt,
2390 1577 2717 1630 circuierunt
2752 1578 2802 1628 in
2847 1578 3072 1645 pellibus
3102 1579 3297 1644 ovinis,

1705 1651 1743 1706 Β
1776 1668 1826 1717 in
1855 1667 2108 1732 caprinis,
2141 1666 2401 1728 destituti,
2432 1667 2639 1730 obtriti,
2679 1667 2816 1719 male
2862 1668 3023 1719 habili
3049 1707 3063 1732 ,
3107 1671 3302 1736 quibus

1780 1759 1972 1824 dignus
1995 1774 2096 1809 non
2119 1767 2233 1810 erat
2255 1758 2564 1810 mundus".
2597 1777 2615 1807 ι
2641 1749 2754 1811 Etsi
2775 1760 2915 1811 enim
2942 1762 3134 1828 aliquis
3161 1762 3304 1828 ipso-

1776 1863 1929 1909 rum,
1975 1845 2064 1913 qui
2095 1863 2235 1900 nunc
2261 1855 2426 1910 sunt,
2479 1847 2735 1914 aequalem
2777 1848 3032 1901 honorem
3074 1865 3137 1902 ac
3185 1850 3303 1918 ipsi,

1775 1937 2018 1987 instituto
2080 1950 2142 1988 ac
2197 1936 2471 2004 proposito
2516 1935 2876 2003 imaginetur,
2941 1949 2994 1991 et
3052 1942 3306 2007 Oper-ibus

1772 2025 2157 2094 zmparitcr
2188 2025 2426 2078 videatur
2474 2024 2618 2092 ipsos
2645 2028 2925 2080 aemulatus
2957 2042 3094 2090 esse,
3130 2031 3307 2081 ιιοιὶιὶι

1775 2121 1826 2168 in
1861 2117 2072 2169 virtutis
2103 2117 2249 2168 cultu
2271 2155 2285 2178 ,
2317 2127 2369 2168 et
2395 2117 2595 2180 studio,
2636 2118 2687 2168 in
2739 2132 2842 2185 qua
2891 2118 2964 2169 illi
3011 2120 3306 2186 periculum

1774 2206 2079 2270 subierunt,
2119 2207 2537 2273 subsequentem
2573 2206 2796 2273 gloriam
2834 2207 3077 2261 laborum
3116 2224 3310 2263 conso-

1772 2294 2027 2347 lationem
2057 2296 2346 2363 aceipiens,
2383 2312 2487 2364 qua
2529 2297 2668 2350 beati
2715 2299 2937 2357 omnino
2979 2297 3194 2352 fuerunt
3221 2316 3309 2352 or-

1774 2384 1906 2448 bati,
1943 2386 2133 2439 viatica
2183 2387 2618 2453 persecutionum
2668 2387 2786 2440 vico
2831 2388 3006 2441 laudis
3045 2389 3216 2450 nacti,
3257 2399 3311 2442 et

1776 2488 2038 2525 saevarum
2072 2477 2323 2526 mortium
2361 2475 2613 2540 speciem.
2645 2473 2761 2526 Non
2791 2486 2905 2526 erat
2940 2475 3044 2529 illis
3089 2484 3308 2540 tectum,

1774 2571 1826 2612 et
1856 2562 2025 2624 cella;
2063 2578 2169 2612 non
2217 2563 2407 2622 lectus,
2452 2579 2554 2613 non
2589 2577 2769 2614 mensa
2801 2579 2817 2615 :
2851 2563 3214 2617 indumentum
3242 2582 3310 2620 ex

1776 2649 1956 2699 ovium
1983 2650 2231 2715 pellibus,
2252 2660 2303 2700 et
2337 2650 2492 2715 pilis;
2527 2652 2837 2703 alimentum
2860 2653 2962 2704 diei
2984 2644 3310 2711 incurrentia

1777 2740 2133 2804 subitaneum,
2166 2739 2310 2791 nulla
2351 2739 2531 2791 habita
2569 2755 2696 2792 cura
2729 2740 2793 2793 de
2820 2741 3073 2794 crastino.
3105 2743 3309 2797 Prmce-

1778 2840 1969 2899 perunt
1997 2831 2137 2882 enim
2180 2831 2473 2884 secundum
2504 2832 2834 2899 propositum
2883 2833 3311 2901 philosophicum

160 2921 263 2970 Καὶ
287 2922 434 2971 πάλιν
457 2938 470 2950 ·
518 2941 538 2970 ς
575 2923 926 2989 Καταμάθετε
956 2921 1021 2971 τὰ
1054 2922 1205 2989 κρίνα
1230 2921 1321 2972 τοῦ
1357 2925 1523 2990 ἀγροῦ
1565 2923 1678 2986 πῶς

1783 2919 1988 2973 Domini
2035 2921 2460 2974 adhortationem
2485 2959 2500 2985 ,
2553 2924 2604 2974 in
2640 2936 2744 2988 qua
2773 2923 2902 2975 dicit
2937 2940 2949 2974 :
2987 2941 3005 2968 ι
3050 2922 3312 2991 Respicite

165 3008 401 3069 αὐξάνει·
420 3009 479 3058 οὐ
506 3010 698 3076 κοπιᾷ,
721 3008 833 3058 οὐδὲ
860 3005 1026 3073 νήθει.
1054 3027 1070 3057 ι
1093 3009 1168 3058 Τὰ
1186 3008 1413 3078 χρειώδη
1444 3013 1505 3078 τῇ
1529 3013 1680 3082 χρείᾳ

162 3094 254 3142 τοῦ
287 3094 525 3160 σώματος
557 3095 864 3147 ἀκολουθεῖν
908 3096 1274 3164 ἐπιστάμενοι,
1299 3098 1422 3148 ὅταν
1453 3103 1594 3168 παρῇ
1627 3102 1683 3150 τὸ

157 3184 452 3250 εὐαρεστεῖν
481 3183 556 3253 τῷ
585 3184 753 3236 ταῦτα
784 3186 1068 3253 παρέχοντι
1091 3185 1224 3252 Θεῷ,
1255 3187 1347 3235 καὶ
1375 3186 1562 3252 κτῆσις
1584 3187 1682 3254 τῆς

155 3272 258 3323 τῶν
279 3273 512 3341 οὐρανῶν
555 3273 825 3340 βασιλείας
854 3272 1264 3342 προηγουμένως
1295 3273 1676 3342 σπουδάζηται.

1781 3011 1845 3066 ad
1881 3011 1999 3063 ewli
2033 3011 2286 3070 \(iiztILIia,
2324 3012 2446 3078 quia
2486 3027 2592 3064 non
2627 3015 2926 3073 setuinant,
2977 3029 3148 3080 neque
3199 3030 3310 3066 ηιρ-

1782 3109 1916 3158 tunt,
1955 3114 2126 3165 neque
2175 3101 2228 3149 in
2275 3101 2467 3151 horrea
2500 3109 2824 3166 congregant
2869 3109 2921 3150 et
2959 3101 3114 3153 Pater
3143 3110 3313 3154 vester

1779 3186 2011 3236 emlestis
2045 3185 2207 3234 nutrit
2239 3183 2350 3250 ipsa
2381 3183 2446 3236 ".
2489 3202 2506 3232 ι
2547 3183 2610 3236 Ει
2647 3201 2874 3238 rursus:
2912 3205 2929 3236 ι
2967 3187 3313 3241 Considerate

1779 3273 1885 3323 lilia
1917 3272 2030 3339 agri
2067 3272 2337 3340 quomodo
2366 3285 2616 3326 crescunt
2644 3293 2655 3326 :
2692 3290 2794 3327 non
2818 3276 3059 3329 laborant
3082 3314 3098 3338 ,
3141 3294 3313 3346 neque

159 3371 282 3414 neut
309 3364 374 3414 "'.
435 3381 454 3413 ι
520 3365 645 3427 Quae
686 3363 820 3415 usui
872 3361 1112 3429 corporis
1162 3372 1287 3414 sunt
1344 3369 1645 3416 necessaria
1672 3405 1686 3427 ,
1727 3363 1956 3416 scientes
1991 3363 2164 3430 sequi,
2198 3363 2409 3430 quando
2444 3363 2551 3415 Deo
2595 3365 2695 3416 ista
2759 3365 3012 3432 prazbenti
3079 3368 3313 3435 compla-

153 3467 270 3506 cere
325 3454 583 3516 adfuerit.
637 3463 689 3506 ct
738 3453 1006 3521 possessio
1054 3454 1202 3521 regni
1249 3454 1505 3508 caelorum
1556 3465 1677 3510 ante
1747 3456 1926 3508 omnia
1973 3456 2283 3521 exquiretur
2325 3472 2536 3510 summo
2567 3458 2761 3511 studio.

731 3567 770 3616 K
781 3565 971 3618 ΕΦΑΛ.
1024 3567 1074 3616 Δ¹
1085 3605 1097 3616 .

231 3679 382 3747 Ἡμῖν
419 3676 476 3729 δὲ
517 3677 610 3727 καὶ
649 3677 818 3744 τροφὴ
861 3677 1288 3743 παρεσκεύασται
1321 3677 1678 3747 πολυχρόνιος,

153 3771 240 3821 καὶ
272 3768 427 3835 ἐσθὴς
460 3769 576 3826 ταῖς
620 3765 787 3832 ὥραις
835 3763 1192 3829 κατάλληλος·
1244 3765 1334 3814 καὶ
1365 3759 1507 3824 οἶκος
1553 3781 1680 3831 κρυ-

156 3861 273 3928 μοῦ,
306 3860 399 3911 καὶ
427 3858 678 3917 θάλπους,
716 3856 890 3920 πάσης
920 3855 1285 3918 ἀπαλλάττων,
1315 3856 1510 3924 ὁμοίιος
1549 3858 1679 3923 ἐπη-

155 3949 315 4017 ρείας,
349 3947 644 4015 χρημάτων
679 3945 733 3996 δὲ
779 3945 871 3996 καὶ
919 3945 1228 4012 κτημάτων,
1259 3947 1347 3996 καὶ
1390 3946 1485 4013 τῆς
1508 3944 1682 4012 ἄλλης

155 4036 405 4105 περιττῆς
430 4035 558 4102 ὓλης
589 4037 621 4101 ὴ
656 4034 845 4101 κτῆσις
873 4035 969 4086 οὑκ
995 4034 1278 4103 ἠμέληται.
1310 4034 1417 4085 Καὶ
1446 4033 1682 4094 ποῦτοῐς

153 4126 364 4177 ἐκείνων
389 4124 458 4174 τὰ.
496 4123 732 4192 ἡμέτερα
767 4123 874 4186 ίσα,
902 4119 980 4183 οἷς
1013 4123 1160 4173 οὐδὲν
1186 4121 1345 4188 ὤχλει
1375 4120 1682 4187 σωματικῆς

152 4214 440 4279 φαντασίας
489 4211 758 4279 ἐνθύμιον,
807 4209 1106 4278 ἀκραιφνὴς
1140 4209 1194 4260 δέ
1239 4226 1318 4269 τις
1362 4209 1519 4268 πόθος
1573 4207 1681 4258 τῶν

2368 3567 2589 3623 CAPUT
2628 3570 2716 3623 IV.

1845 3674 2008 3731 Notus
2043 3692 2165 3730 vero
2216 3687 2544 3745 pra-paratus
2589 3691 2670 3734 est
2717 3683 2869 3736 cibus
2910 3685 3222 3748 diuturnus,
3258 3700 3310 3742 et

1775 3767 2150 3818 vestimentum
2181 3768 2442 3818 alternum
2465 3784 2562 3835 pro
2587 3772 3008 3837 tempestatibus,
3037 3783 3089 3826 et
3115 3778 3308 3829 domus

1733 3928 1739 3936 ί
1775 3871 1802 3907 a
1838 3855 2035 3923 frigore
2095 3865 2253 3922 atque
2295 3868 2461 3919 aestu,
2494 3858 2748 3926 omnique
2795 3859 2954 3912 simul
3004 3863 3070 3914 ab
3117 3864 3310 3932 injuria

1776 3943 2088 4006 defendens,
2121 3944 2472 4011 pecuniarum
2501 3959 2701 4009 autem,
2738 3957 2793 4000 et
2820 3945 3130 4013 fundorum,
3178 3954 3310 4006 alte-

1777 4035 1997 4101 riusque
2047 4021 2737 4102 supervacanea-materiae
2782 4039 3049 4105 possessio
3078 4040 3184 4096 non
3213 4060 3309 4100 ne-

1777 4123 1944 4188 gleeta
1996 4131 2096 4174 est.
2150 4123 2214 4174 Et
2247 4124 2462 4176 ubinam
2519 4133 2698 4178 nostra
2743 4126 2872 4193 ipsis
2925 4127 3138 4184 illorum
3186 4145 3310 4188 sunt

1775 4209 2021 4272 aequalia,
2054 4210 2248 4275 quibus
2297 4212 2700 4277 imaginationis
2745 4229 3016 4283 corporea:
3045 4222 3310 4288 cupiditas

153 4303 301 4352 θείων
353 4299 671 4368 μεταρσίους
721 4297 915 4357 αὐτοὺς
962 4296 1129 4363 αίρων
1181 4295 1298 4355 ἀεὶ,
1348 4295 1675 4362 ἀμνημονεῖν

1775 4298 1979 4349 nullum
2011 4296 2262 4350 afferebat
2289 4299 2745 4366 impedimentum,
2769 4306 2858 4357 sed
2876 4321 3066 4374 purum
3094 4311 3310 4379 aliquod

153 4391 327 4442 ἔπειθε
371 4390 477 4440 τῶν
511 4390 566 4439 ὲν
594 4390 659 4458 τῇ
690 4389 757 4454 γῇ
790 4383 1153 4454 νομιζομένων
1179 4382 1471 4452 λαμπρῶν;
1514 4382 1674 4434 Οὐδὲν

155 4475 288 4547 εἶκον
313 4471 405 4530 ἐπὶ
431 4478 532 4546 γῆς
576 4477 711 4546 πλὴν
738 4474 831 4526 τοῦ
859 4475 1124 4543 σώματος,
1153 4475 1286 4542 ὅπερ
1305 4474 1338 4542 ἡ
1368 4472 1524 4538 φύσις
1551 4488 1674 4523 κατ-

155 4571 260 4638 εἶχε
303 4569 451 4620 κάτω
483 4567 616 4635 βαρὺ
648 4567 904 4632 πεφυκὸς,
927 4567 1018 4616 καὶ
1043 4563 1175 4632 πρὸς
1197 4563 1292 4633 τὴν
1318 4565 1426 4616 ἀνω
1463 4561 1683 4632 πορείαν
1701 4561 1714 4575 ⁵

156 4654 665 4722 δυσμετακόμιστον,
699 4655 818 4705 ἐπεὶ
852 4655 942 4705 καὶ
987 4653 1113 4704 αὐτὸ
1151 4652 1267 4720 μεθ’
1296 4652 1502 4704 ἑαυτῶν
1543 4651 1682 4718 ἔχειν

158 4743 396 4804 ἐπόθουν,
427 4743 551 4794 ἔνθα
581 4744 656 4812 τῷ
685 4745 760 4811 νῷ
802 4741 1060 4811 διέτριϐον
1105 4743 1172 4792 τὰ
1219 4743 1275 4791 ἐν
1301 4739 1680 4808 οὑρανῷὴογικ-

159 4831 364 4898 ζόμενοι
395 4831 587 4896 ἀγαθὰ,
622 4835 712 4882 καὶ
741 4834 835 4899 τῆς
874 4835 986 4883 ἐκεῖ
1022 4831 1256 4900 τέρψεως
1298 4829 1389 4880 καὶ
1422 4827 1682 4894 ὠφελείας

158 4921 398 4988 οὐδαμῶς
436 4920 838 4986 ἀποσπώμενοι,
880 4924 926 4972 εί
984 4922 1056 4989 μὴ
1103 4920 1259 4986 φύσις
1300 4916 1682 4977 αὐτοὺςπάλιν

163 5010 452 5079 ἐπέστρεφε
481 5008 613 5076 πρὸς
639 5008 733 5075 τὴν
774 5010 954 5076 χρείαν
984 5008 1074 5060 τοῦ
1110 5011 1371 5076 σώματος,
1415 5005 1549 5057 αἰδοῖ
1591 5003 1680 5054 τοῦ

163 5099 507 5165 συνδήσαντος
554 5095 852 5164 φροντίζειν
884 5097 1344 5164 ἀναγκαζομένους
1382 5094 1588 5153 τούτου,
1621 5085 1680 5141 οὗ

161 5188 248 5256 τὴν
278 5187 620 5255 ἀλλοτρίωσιν
667 5189 727 5238 ἐκ
773 5187 960 5254 πείρας
1015 5187 1252 5250 ἔγνωσαν
1302 5183 1542 5250 λυσιτελῆ
1589 5184 1681 5233 καὶ

163 5276 512 5346 καθήκουσαν.
547 5275 754 5343 Ζημίαν
797 5278 904 5344 γὰρ
949 5275 1154 5343 ἀληθῶς
1181 5278 1285 5336 πᾶς
1320 5274 1488 5342 κρίνει
1518 5288 1681 5323 σπου-

165 5368 295 5427 δαῖος
326 5366 419 5417 καὶ
462 5365 558 5433 τὴν
589 5362 721 5432 πρὸς
747 5365 913 5436 βραχύ
944 5363 1193 5433 ἀσχολίαν
1216 5364 1310 5431 τῆς
1339 5363 1413 5421 είς
1454 5361 1516 5420 τᾲ
1547 5377 1675 5429 σαρ-

199 5491 267 5528 ’“⁵
301 5494 792 5554 Helm-11.5758.“
827 5501 1005 5551 Matth.
1040 5515 1110 5559 γι,
1161 5498 1244 5548 26.
1322 5498 1365 5526 ’³
1398 5496 1462 5546 ἱὶιὶ
1488 5496 1518 5547 ἓ.
1548 5496 1634 5548 28.

1775 4388 2098 4440 desiderium
2127 4389 2427 4442 divinarum
2472 4405 2650 4444 rerum
2696 4395 2843 4462 ipsos
2870 4397 3125 4453 sublimes
3150 4400 3307 4452 attol-

1775 4479 1890 4532 lens
1922 4493 2130 4546 semper
2163 4480 2514 4546 persuadebat
2535 4497 2744 4546 eorum,
2771 4485 2930 4555 239
2949 4502 3065 4555 qua:
3092 4489 3141 4538 in
3169 4499 3305 4539 terra

1777 4567 2048 4633 splendida
2099 4577 2417 4633 censentur,
2469 4574 2781 4625 memoriam
2822 4575 3120 4641 deponere?
3165 4573 3308 4628 Nihil

1778 4656 2045 4734 habebant
2071 4659 2122 4709 in
2158 4667 2300 4710 terra
2342 4671 2534 4728 praeter
2563 4678 2776 4729 corpus,
2819 4665 2958 4730 quod
3003 4672 3189 4714 natura
3215 4663 3308 4718 de-

1777 4739 1980 4799 tinebat
2008 4747 2257 4802 deorsum
2286 4765 2463 4818 grave,
2500 4759 2551 4803 et
2586 4753 2650 4804 ad
2685 4750 2986 4802 fruitioneut
3015 4765 3305 4819 supernam

1778 4833 2067 4888 difﬁculter
2111 4838 2492 4891 traducendum
2519 4877 2554 4902 ,.
2581 4839 2831 4907 quoniam
2861 4847 2915 4891 et
2957 4839 3087 4894 illud
3123 4858 3305 4898 secum

1776 4920 1977 4975 habere
2025 4923 2428 4989 desiderabant,
2491 4927 2580 4976 ubi
2629 4935 2803 4978 mente
2860 4926 3300 4998 diversabantur,

1778 5025 1897 5076 quae
1924 5012 1976 5063 in
2007 5013 2144 5065 coelo
2178 5022 2304 5064 sunt
2337 5013 2473 5064 bona
2515 5011 2891 5079 in'teiligentes,
2935 5031 3196 5085 nusquam
3222 5013 3305 5070 di-

1781 5100 1917 5152 vulsi
1953 5101 2020 5152 ab
2052 5115 2133 5161 ea,
2171 5115 2289 5166 qua:
2321 5099 2391 5150 ibi
2424 5109 2523 5163 est,
2567 5100 2936 5167 delectatione,
2971 5113 3126 5171 atque
3153 5118 3307 5155 com-

1784 5189 2069 5251 moditate;
2113 5187 2212 5239 nisi
2248 5196 2438 5240 natura
2469 5188 2613 5256 ipsos
2642 5206 2852 5245 rursum
2882 5201 3214 5245 converteret
3236 5195 3306 5248 ad

1783 5275 2152 5327 necessitatem
2206 5275 2481 5342 corporis,
2515 5288 2726 5332 coactos
2757 5281 2893 5343 (prae
2936 5276 3093 5329 simul
3138 5279 3303 5335 vincti

1782 5363 2063 5428 respectu)
2105 5362 2330 5430 hujusce
2370 5381 2550 5421 curam
2580 5362 2793 5434 gerere;
2839 5379 3006 5431 neque
3053 5369 3302 5422 mlllalio-
