4052 6336
721 477 822 541 979

2163 478 2221 536 S.
2264 476 2422 534 NlLl

3792 469 3910 532 980

721 589 811 654 qui
839 586 1044 640 dicebat
1072 603 1086 638 :
1115 584 1191 639 Ex
1221 600 1317 642 ore
1354 587 1472 656 ipso
1510 588 1740 642 ferarum
1778 590 2118 644 estrabebam
2152 587 2259 640 duo

2361 585 2618 654 στόματος
2646 585 2749 637 τῶν
2773 585 2974 656 θηρίων
3016 584 3256 648 ἐξέσπων
3279 585 3372 636 δύο
3409 582 3594 654 σκέλη,
3624 585 3722 638 καὶ
3742 585 3897 639 λόδο·

721 689 900 739 crura,
937 683 990 727 et
1020 675 1179 726 imam
1205 674 1464 727 auricula:
1501 685 1725 743 partem,
1761 685 2046 744 antequam
2075 673 2259 742 deglu-

724 767 940 818 tiretur:
974 764 1088 832 ipsa
1134 779 1375 827 sumens,
1406 773 1458 818 et
1487 765 1587 817 sibi
1627 781 1688 818 ea
1719 767 1990 820 vindicans
2009 780 2128 818 cum
2159 765 2258 816 im-

722 853 876 920 peiio
901 856 965 907 ⁷⁹.
997 854 1120 907 Sive
1159 867 1388 922 namque
1440 855 1775 908 ratiocinatio
1816 855 1972 908 fuerit
1999 853 2258 922 cupidita-

727 946 796 996 tis
854 952 1183 996 terrenorum
1230 943 1560 1010 negotiorum
1627 944 1849 1011 pedibus
1891 942 2170 1009 implicita,
2205 951 2258 994 ct

731 1043 1068 1094 progressum
1105 1029 1156 1081 in
1203 1029 1511 1083 melioribus
1543 1031 1723 1082 tamliu
1778 1030 2092 1098 prohibens,
2145 1028 2257 1080 sive.

728 1130 906 1169 sermo
949 1130 1286 1186 eorrumpere
1331 1133 1422 1186 per
1452 1120 1690 1170 auditum
1726 1127 1894 1170 bonos
1933 1119 2112 1170 valens
2144 1132 2256 1170 mo-

723 1222 808 1258 res
827 1247 841 1270 ,
875 1207 961 1258 illa
988 1209 1426 1276 quemadmodum
1460 1208 1600 1262 feras
1625 1225 1717 1262 ore
1746 1211 1922 1261 hiante
1959 1218 2104 1276 rapta
2130 1209 2256 1264 reti-

724 1307 910 1352 nentes
954 1300 1211 1364 membra,
1258 1315 1449 1353 nocere
1489 1317 1591 1353 uou
1621 1302 1894 1369 permittit,
1931 1300 2258 1368 prmvenicus

724 1405 914 1443 noxam
947 1391 1180 1456 ipsorum
1215 1391 1452 1444 studiosa
1485 1408 1666 1456 manu,
1696 1403 1748 1446 et
1787 1393 2052 1460 vigilantia
2080 1392 2257 1458 proxi—

725 1494 864 1531 mam
899 1479 1200 1532 violentiam
1235 1495 1445 1534 arcens.

1289 1594 1518 1650 CAPUT
1555 1594 1689 1649 Vlll.

793 1699 898 1754 Nec
936 1705 1074 1754 enim
1120 1703 1299 1755 minus
1348 1703 1673 1770 periclitatur
1721 1719 1784 1757 eo
1832 1703 1918 1770 qui
1964 1712 2045 1756 est
2085 1702 2136 1754 iu
2165 1717 2257 1754 ore

727 1787 850 1840 fera:
921 1789 1154 1860 bellua};
1192 1791 1236 1843 is
1295 1791 1384 1857 qui
1473 1793 1721 1860 passione
1779 1793 1964 1860 incipit
2012 1791 2254 1852 detineri,

2356 674 2515 727 ὠτίου
2546 676 2674 742 πρὶν
2702 675 2975 744 καταποθῇ
2995 692 3009 706 σ
3038 674 3206 727 ταῦτα
3243 673 3548 742 λαμϐάνων,
3573 673 3909 746 ἀνακτώμε-

2356 778 2443 822 νος
2469 762 2605 813 αὐτὰ.
2652 763 2843 830 ἐαυτῷ.
2889 763 3007 816 Εἴτε
3035 761 3420 832 γάρ1).ογισμὸς
3457 762 3749 832 ἐπιθυμίας
3789 763 3908 815 τῶν

2356 853 2554 920 γηΐνων
2580 848 2645 921 ἦν
2669 854 3002 922 πραγμάτων
3026 856 3136 915 τοῖς
3167 853 3320 905 ποσὶν
3354 853 3783 922 ἐμπλεκόμενος,
3807 855 3907 906 καὶ

2358 944 2633 1012 προκοπὴν
2674 943 2782 995 τῶν
2827 944 3117 1012 ἀμεινόνων
3159 945 3292 1006 τέως
3329 944 3564 1010 κωλύων,
3602 946 3710 997 εἴτε
3743 944 3907 1009 λόγος

2358 1032 2568 1101 φθεῖραι
2596 1033 2682 1084 διὰ
2707 1033 2802 1101 τῆς
2832 1035 2997 1104 ἀκοῆς
3023 1034 3254 1103 χρηστὸν
3276 1030 3403 1104 ἦθος
3429 1034 3744 1104 δυνάμενος,
3774 1035 3906 1087 τού-

2354 1137 2478 1182 τους
2503 1120 2688 1190 ὥσπερ
2713 1122 2882 1191 θῆρας
2910 1123 3099 1190 χανδὸν
3120 1123 3187 1176 τὰ
3211 1123 3534 1192 ἡρπασμένα
3565 1123 3904 1192 κατέχοντας

2359 1209 2514 1277 μέλη,
2558 1209 2812 1277 βλάπτειν
2857 1211 2917 1262 οὐ
2969 1212 3270 1280 συγχωρεῖ,
3317 1211 3533 1278 φθάνων
3576 1211 3675 1282 τὴν
3719 1211 3904 1280 λύμην

2356 1299 2531 1349 αὐτῶν
2566 1298 2826 1367 σπουδαία
2856 1300 3017 1366 χειρὶ,
3055 1299 3149 1350 καὶ
3177 1298 3255 1368 τῷ
3280 1300 3524 1368 νηφαλίῳ
3548 1298 3774 1352 κωλύων
3807 1301 3905 1369 τὴν

2355 1387 2580 1452 ἐγγύθεν
2615 1389 2891 1457 ἐπήρειαν.

2937 1600 3183 1653 ΚΕΦΑΛ.
3226 1599 3284 1652 ll'

2424 1675 2536 1764 ὃύκ
2563 1711 2774 1762 ἔλαττον
2805 1709 2912 1778 γὰρ
2944 1709 3036 1762 τοῦ
3069 1709 3219 1770 ὄντος
3243 1709 3299 1760 ἐν
3343 1707 3419 1777 τῷ
3453 1706 3676 1774 στόματι
3706 1703 3900 1772 θηρίου

2357 1801 2670 1862 κινδυνεύει,
2698 1801 2726 1851 ὀ
2762 1797 3061 1868 ἀρξάμενος
3089 1797 3407 1867 κατέχεσθαι
3437 1795 3595 1850 πάθει
3631 1795 3724 1846 τοῦ
3756 1794 3902 1845 ἀλῶ-

725 1879 794 1930 ita
830 1887 886 1932 ut
912 1893 1073 1946 prope
1094 1859 1234 1933 absit
1259 1881 1384 1948 quin
1427 1859 1686 1948 capiatur.
1712 1881 2168 1945 Quemadmodum
2199 1889 2254 1956 et

2357 1909 2440 1942 ναι
2488 1888 2711 1958 πλησίον
2762 1889 3059 1958 τυγχάνων.
3121 1885 3208 1950 Ὦς
3261 1871 3352 1938 καὶ
3399 1885 3477 1954 τῷ
3526 1883 3901 1947 καταποθῆναι

724 1976 838 2020 crat
880 1967 966 2021 ille
1001 1965 1468 2030 ut'devoraretur,
1507 1970 1604 2024 nisi
1629 1973 1883 2040 evigilans
1907 1971 2056 2024 ocius
2086 1980 2256 2024 trans-

721 2057 978 2111 currissvt
1000 2055 1246 2124 fugiendo
1271 2057 1490 2110 exitium
1522 2058 1823 2113 imminens.
1858 2059 2004 2113 Unde
2031 2059 2121 2127 qui
2164 2049 2258 2126 pa;

730 2147 953 2199 sterilia:
993 2147 1144 2214 periti
1181 2154 1334 2201 erant
1382 2147 1533 2211 artis,
1573 2147 1735 2202 David
1776 2160 1830 2203 et
1875 2148 2037 2204 Jacob
2063 2149 2258 2219 gloria-

731 2234 893 2287 lundi
920 2236 985 2288 de
1014 2237 1278 2301 custodia,
1311 2239 1640 2307 scientiaque
1671 2239 1814 2293 circa
1844 2240 2013 2308 ipsam
2043 2248 2262 2304 exacta,

732 2323 816 2376 ille
845 2325 1074 2390 quidem,
1105 2326 1180 2378 ait
1212 2327 1258 2358 "
1295 2345 1308 2379 :
1351 2346 1370 2378 ι
1403 2327 1550 2383 Ursae
1577 2338 1760 2399 guttur
1790 2329 2186 2397 comprehendi,
2210 2339 2264 2384 et

731 2413 896 2466 leonis
924 2414 1059 2477 elisi,
1094 2415 1195 2470 hoc
1220 2426 1322 2490 est,
1349 2418 1658 2472 devoratum
1691 2419 1810 2472 vita:
1840 2418 2104 2472 incolume
2137 2418 2260 2471 red-

727 2501 857 2556 didi.
899 2521 916 2552 ι
951 2503 1045 2558 llic
1075 2521 1197 2558 vero
1224 2506 1266 2537 ⁸⁸
1301 2521 1315 2556 :
1350 2524 1368 2557 ι
1400 2508 1625 2576 Captum
1661 2522 1689 2559 a
1722 2509 1889 2562 bestia
1939 2525 2043 2561 nou
2079 2509 2197 2571 tuli,
2231 2522 2262 2560 ε

663 2594 666 2597 ·
724 2581 932 2648 tneipso
971 2585 1184 2650 rependi
1223 2595 1370 2640 curta
1402 2588 1590 2640 diurna
1629 2597 1684 2641 et.
1730 2599 2022 2654 nocturna;
2056 2591 2255 2642 nullam
2305 2582 2323 2590 ’

728 2670 790 2721 ad
819 2672 1177 2737 operationem
1223 2676 1549 2730 mortiferam
1583 2677 2020 2732 irrationabilium
2059 2689 2104 2733 et
2133 2681 2259 2732 lu-u-

729 2759 911 2812 talium
941 2763 1289 2829 cupiditatum
1332 2767 1608 2832 pervenire
1648 2769 1846 2828 sincns,
1874 2769 1918 2821 si
1939 2785 2062 2822 veto
2087 2781 2137 2822 et
2159 2769 2257 2821 ali-

726 2850 853 2916 quid
888 2864 1096 2916 eorum,
1127 2867 1246 2921 qua:
1286 2863 1406 2908 sunt
1461 2856 1630 2925 magis
1678 2857 2026 2912 indill‘erentia
2049 2899 2062 2922 ,
2113 2870 2168 2912 et
2205 2859 2256 2910 iu

727 2938 922 3006 quibus
945 2925 1047 2992 nciu
1080 2956 1328 3011 magnum
1357 2944 1540 2998 subest
1576 2947 1891 3012 perieulum,
1925 2947 2117 3000 mentis
2150 2946 2231 2998 cla

726 3030 869 3080 tione
913 3027 1201 3092 interdum,
1240 3031 1385 3086 verbi
1435 3035 1625 3101 gratia,
1650 3034 1809 3105 2M
1827 3037 1868 3089 si
1894 3037 2018 3104 quid
2047 3052 2256 3100 eorum,

726 3132 845 3184 qua:
878 3133 984 3170 non
1036 3120 1108 3172 ita
1155 3122 1360 3185 decent,
1402 3124 1599 3180 dietum
1629 3126 1715 3189 sit,
1770 3134 1862 3178 aut
1911 3125 2121 3179 dicente
2153 3125 2258 3177 alio

2357 1981 2555 2038 ἐκεῖνος
2600 1974 2686 2046 ἦν,
2741 1979 2789 2028 εἰ
2831 1977 2904 2046 μὴ
2949 1976 3382 2046 διαγρηγορήσας
3413 1975 3578 2038 ὀξέως
3621 1973 3899 2041 διαδράσει

2353 2067 2443 2119 τὸν
2482 2067 2767 2135 συνέχοντα
2805 2066 3022 2136 ὄλεθρον
3057 2065 3178 2118 ὅθεν
3207 2068 3258 2117 οἱ
3283 2065 3380 2135 τὴν
3421 2063 3781 2132 ποιμαντικὴν
3814 2063 3901 2111 τὲ-

2355 2174 2485 2226 χνην
2521 2157 2768 2226 ἔμπειροι
2817 2156 2997 2221 Δαϐὶδ,
3039 2158 3132 2208 καὶ
3180 2155 3370 2208 Ἰακὼῦ
3403 2151 3901 2222 ἐγκαλωπιζόμενοι

2355 2250 2419 2315 τῇ
2445 2248 2570 2316 περὶ
2585 2246 2784 2316 ταύτην
2804 2248 3214 2313 ἐπιστημονικῇ,
3238 2247 3265 2295 ὁ
3297 2245 3394 2313 μέν
3416 2260 3576 2312 φησιν
3597 2259 3610 2270 ⁸
3644 2260 3661 2290 ι
3684 2238 3903 2307 ’Ἐκρά-

2354 2351 2477 2387 τουν
2522 2336 2613 2388 τοῦ
2664 2337 2939 2404 φάρυγγος
2992 2335 3090 2402 τῆς
3144 2337 3362 2404 ἄρκτου,
3416 2334 3507 2386 καὶ
3547 2330 3638 2384 τοῦ
3685 2330 3901 2388 λέοντος

2355 2425 2670 2486 ἀναθλίεων,
2713 2426 2950 2492 δηλονότι
2981 2426 3040 2478 τὸ
3079 2423 3398 2485 καταποθὲν,
3427 2422 3519 2474 καὶ
3551 2421 3726 2480 ἀσινὲς
3763 2417 3902 2485 πρὸς

2355 2515 2499 2584 ζωὴν
2529 2516 2922 2568 ἀποκαθιστῶν.
2961 2534 2978 2566 ι
3026 2516 3080 2567 Ὀ
3111 2516 3164 2566 δὲ
3184 2555 3197 2578 ,
3239 2535 3256 2563 ι
3285 2513 3623 2582 Θηριάλωτον
3648 2511 3745 2561 οὐκ
3774 2509 3900 2574 svi;-

2355 2621 2482 2672 νοχα
2529 2605 2621 2656 ἀπ’
2672 2605 2908 2672 ἐμαυτοῦ
2957 2605 3270 2656 ἀπετίννυον
3325 2604 3610 2670 κλέμματα
3664 2599 3900 2667 ἡμέρας,

2357 2695 2447 2749 καὶ
2477 2696 2759 2763 κλέμματα
2789 2695 2996 2757 νυκτὸς,
3024 2695 3172 2747 οὐδὲν
3217 2693 3315 2761 μὲν
3360 2697 3440 2753 εἰς
3487 2691 3765 2759 ἐνέργειαν
3807 2688 3902 2739 θα-

2356 2785 2572 2855 νατικὴν
2603 2785 2710 2838 τῶν
2740 2786 2964 2851 ἀλόγων,
3000 2786 3093 2836 καὶ
3127 2780 3558 2852 βοσκηματωδῶν
3595 2777 3902 2846 ἐπιθυμιῶν

2357 2876 2519 2936 ἐάσας
2550 2875 2718 2927 ἐλθεῖν
2740 2892 2752 2904 °
2793 2878 2840 2926 εί
2872 2875 2926 2926 δὲ
2953 2875 3044 2927 καί
3082 2891 3132 2924 τι
3165 2872 3270 2924 τῶν
3303 2871 3769 2940 ἁδιαφορωτέρων,
3812 2868 3904 2918 καὶ

2356 2968 2416 3015 οὐ
2451 2964 2622 3032 μέγαν
2654 2965 2880 3033 ἐχόντων
2899 2964 2989 3015 τὸν
3017 2964 3254 3015 κίνδυνον
3285 2959 3641 3030 μετεωρισμῷ
3669 2957 3761 3010 τοῦ
3786 2957 3899 3018 νοῦ,

2356 3055 2566 3123 ἐκλάττη
2606 3055 2768 3117 ποτὲ,
2808 3051 2917 3106 οἷον
2956 3055 3124 3105 εἰπεῖν
3156 3069 3208 3104 τι
3241 3053 3345 3104 τῶν
3376 3051 3435 3103 ού
3469 3048 3833 3118 καθηκόντων,
3867 3047 3900 3115 ἠ

2357 3145 2601 3212 λέγοντος
2641 3142 2866 3197 ἀκοῦσαι
2909 3143 3114 3212 ἐτέρου,
3159 3141 3320 3204 εὐθὺς
3359 3138 3566 3193 οἴκοθεν
3595 3137 3656 3189 τὸ
3699 3137 3903 3188 κλαπὲν

728 3207 965 3260 auditum
997 3208 1089 3272 sit,
1126 3211 1302 3262 statim
1340 3213 1649 3281 subreptum
1672 3233 1700 3268 c
1732 3217 1889 3266 domo
1921 3216 2098 3277 redde,
2131 3230 2259 3268 eon-

2359 3207 2602 3286 ἀπεδίδου
2629 3232 2718 3286 τοῦ
2752 3207 3202 3302 παρημελημένον
3239 3231 3298 3284 τὸ
3338 3230 3555 3298 σφάλμα
3576 3225 3903 3294 ἀναπληρῶν

729 3304 875 3348 ῑι-ηιο
903 3298 1076 3351 studio
1113 3300 1428 3368 adimpleus,
1469 3305 1610 3370 quod
1641 3320 1735 3370 per
1769 3321 2000 3357 errorem
2043 3314 2261 3373 praeter-

729 3387 950 3440 missum
983 3387 1098 3450 fuit,
1127 3401 1177 3442 et
1228 3390 1460 3447 cllieieus
1509 3411 1599 3462 per
1631 3398 2013 3449 correctionem
2045 3409 2262 3465 quanto-

726 3476 860 3539 cius,
893 3485 953 3529 ut
997 3477 1048 3530 id
1102 3480 1358 3532 referatur
1393 3484 1617 3537 aliorum
1665 3487 1925 3538 linum-um
1983 3488 2033 3538 in
2068 3502 2258 3538 nume-

730 3583 868 3630 rum,
897 3578 954 3620 ut
1008 3568 1078 3621 sit
1129 3569 1410 3638 integrum,
1446 3588 1508 3626 ac
1547 3576 1765 3628 minime
1809 3578 2056 3629 vitiosum
2096 3577 2255 3630 simul

727 3659 887 3709 tutius
906 3662 1326 3724 corpusvirtutis
1359 3663 1410 3715 in
1443 3664 1589 3717 nullo
1628 3665 1899 3725 deﬁciens,
1937 3683 2107 3733 neque
2140 3683 2259 3718 mu-

728 3749 934 3799 tilatum
957 3750 1215 3815 partibus,
1249 3768 1367 3819 qua:
1397 3755 1460 3807 ad
1491 3755 1658 3822 ipsius
1689 3757 2134 3824 pulchritudinem
2170 3772 2262 3808 na-

728 3835 884 3886 turali
921 3835 1102 3888 forma:
1137 3849 1416 3893 venustate
1448 3836 1794 3898 concurrunt.
1841 3845 1938 3907 Qui
1972 3860 2098 3898 vero
2127 3861 2262 3913 pra:-

729 3937 814 3974 ses
855 3923 906 3972 in
959 3927 1319 3990 apostolorum
1360 3930 1543 3994 choro,
1593 3940 1646 3983 et
1690 3947 1900 3998 semper
1929 3934 1978 3985 in
2027 3935 2107 3985 bis
2154 3935 2260 3985 dux

727 4012 1059 4076 prmstantiur
1108 4013 1224 4077 fuit,
1274 4016 1499 4080 Petrus,
1560 4033 1651 4086 qm
1706 4026 1759 4070 et
1797 4019 1966 4085 pisces
1999 4019 2260 4072 verriculu

725 4101 1028 4166 expiscatus
1077 4111 1177 4162 est,
1217 4115 1270 4155 et
1309 4107 1550 4160 homines
1589 4109 1736 4160 vivos
1779 4107 1921 4174 cepit
1957 4111 2145 4177 gratia,
2184 4108 2260 4162 fe-

729 4203 840 4239 ram
869 4191 1117 4257 belluam,
1145 4204 1196 4244 et
1236 4195 1349 4259 ejus
1401 4196 1648 4248 insanum
1685 4197 1918 4250 furorem
1960 4203 2024 4250 ad
2065 4213 2258 4249 voran-

727 4277 852 4327 dum
883 4278 1212 4334 demonstrat
1248 4283 1470 4336 dicens:
1508 4301 1526 4334 ι
1569 4285 1917 4337 Adversarius
1946 4294 2122 4338 vester
2148 4286 2260 4339 dia-

727 4367 883 4419 bolus
933 4377 1180 4434 tanquam
1241 4373 1322 4427 leo
1378 4374 1517 4443 rugit
1567 4389 1837 4443 quaerens,
1894 4390 2051 4444 qttem
2100 4377 2258 4431 devo-

724 4467 805 4510 ret
829 4457 893 4512 "‘.
930 4476 950 4512 ι

1322 4576 1544 4630 CAPUT
1571 4583 1656 4633 ιτ.

797 4678 1070 4734 lliscamus
1123 4698 1218 4736 nos
1269 4685 1566 4752 diligenter,
1593 4687 1734 4755 quod
1782 4689 2007 4756 primum
2043 4694 2256 4759 quidem

727 4769 918 4834 aliquis
958 4784 1018 4820 ex
1071 4772 1271 4836 pigritia
1321 4777 1373 4826 in
1429 4776 1600 4831 leonis
1652 4793 1744 4831 ore
1815 4781 2050 4846 ponitur,
2096 4791 2258 4850 utque

724 4858 1007 4910 devoretur
1026 4861 1205 4927 utique
1224 4875 1564 4930 praeparatur,
1584 4879 1635 4920 et
1657 4869 1721 4921 ad
1747 4873 2046 4924 exeundum
2073 4888 2256 4940 prom-

727 4961 846 5014 ptus
871 4963 967 5002 est.
1003 4950 1111 5002 Sibi
1156 4968 1278 5004 vero
1309 4957 1626 5020 ceteroquin
1664 4961 1952 5026 negligens,
1984 4974 2071 5015 aut
2104 4977 2257 5020 caute

728 5044 975 5103 studens,
1026 5045 1331 5099 alter-utrius
1386 5046 1574 5100 borum
1640 5057 1822 5101 auctor
1879 5054 2254 5120 constituitur;

730 5133 1043 5184 auctoritate
1097 5137 1324 5202 pmpria:
1359 5141 1636 5192 sententia:
1672 5142 1869 5208 eligens
1902 5145 2258 5212 quodcunque

729 5217 858 5276 vult,
902 5221 980 5269 vel
1029 5222 1076 5272 in
1125 5233 1270 5286 parte
1316 5226 1658 5289 salvatorutn,
1692 5231 1770 5282 vel
1818 5232 1870 5283 in
1923 5235 2255 5299 pereuntium

729 5316 914 5368 sponte
942 5306 1092 5358 situs.
1135 5311 1194 5360 Et
1225 5312 1420 5365 idcirco
1465 5315 1688 5366 omnino
1715 5324 1768 5367 et
1809 5334 2032 5387 magnus
2064 5319 2260 5374 Paulus

731 5392 927 5442 ianiei
981 5394 1404 5452 machinamenta
1457 5401 1601 5453 clare
1651 5402 1952 5469 dispiciens,
1984 5409 2260 5476 necigno-

732 5494 852 5526 ιἰλιικ
880 5482 992 5536 ρζιιε
1015 5493 1156 5536 artes
1185 5484 1249 5535 ad
1286 5486 1505 5538 exitium
1548 5489 1931 5558 simplicior-um
1974 5497 2113 5562 ipsas
2144 5506 2258 5550 stu-

726 5565 846 5632 pzde
902 5571 1291 5624 admittentium
1335 5589 1363 5626 θ
1402 5576 1560 5627 multa
1589 5573 2042 5648 pusillanimitate,
2073 5589 2123 5640 in
2164 5605 2256 5640 ore

2362 3323 2593 3389 συντόνῳ
2633 3321 2852 3390 σπουδῇ,
2889 3323 2979 3372 καὶ
3021 3321 3186 3372 ποιῶν
3217 3321 3276 3384 ἐξ
3307 3318 3728 3387 ἐπανορθώσεως
3771 3315 3901 3367 αὐτὸ

2358 3412 2564 3478 ταχέως
2587 3410 2662 3478 τῷ
2691 3409 2971 3477 καταλόγῳ
2998 3410 3104 3462 τῶν
3137 3410 3308 3462 ἄλλων
3345 3407 3521 3460 καλῶν
3564 3405 3899 3474 ἐναρίθμιον,

2359 3502 2502 3561 ὅπως
2641 3500 2844 3568 ἄρτιον,
2900 3500 2990 3551 καὶ¹
3039 3499 3389 3566 ἀπλημμελὲς
3439 3495 3574 3566 ὁμοῦ
3619 3496 3797 3562 πάσης
3843 3494 3904 3544 τὸ

2363 3589 2516 3659 σῶμα
2547 3590 2644 3656 τῆς
2678 3591 2895 3657 ἀρετῆς,
2926 3588 3095 3640 οὐδενὶ
3142 3587 3478 3654 λειπόμενον,
3521 3586 3554 3655 ἢ
3588 3584 3901 3652 λελωϐημέ·

2361 3698 2447 3732 νον
2475 3681 2581 3732 τῶν
2617 3681 2988 3732 συντεινόντων
3027 3679 3160 3749 πρὸς
3186 3677 3247 3728 τὸ
3277 3676 3465 3738 κάλλος
3499 3677 3667 3744 αὐτῆς
3699 3674 3900 3742 μορίων

2361 3772 2456 3837 τῆς
2494 3774 2721 3840 φυσικῆς
2756 3769 3070 3838 εὐμορφίας.
3127 3769 3183 3822 Ὀ
3225 3768 3280 3819 δὲ
3328 3767 3402 3836 τῷ
3441 3765 3586 3836 χορῷ
3621 3764 3728 3816 τῶν
3763 3765 3898 3814 ἀπο-

2362 3858 2558 3908 στόλων
2601 3859 2908 3926 πρόκριτος,
2944 3860 3036 3908 καὶ
3073 3859 3129 3909 ἐν
3173 3859 3356 3918 αὐτοῖς
3407 3853 3773 3922 ἡγεμονεύσας
3817 3851 3898 3902 ἀεὶ

2361 3949 2580 4017 Πέτρος,
2607 3947 2636 3998 ό
2669 3948 2759 3999 καὶ
2795 3945 2974 4014 ἰχθύας
3011 3945 3344 4013 σαγηνεύσας
3376 3945 3452 4012 τῷ
3481 3941 3894 4011 ἁμφιϐλήστρῳ,

2360 4037 2451 4088 καὶ
2480 4035 2794 4102 ἀνθρώπους
2827 4034 3112 4103 ζωγρήσας
3138 4035 3202 4102 τῇ
3249 4032 3450 4101 χάριτι,
3482 4032 3576 4083 καὶ
3617 4032 3704 4082 τὸν
3735 4028 3894 4096 θῆρα.

2357 4125 2450 4174 καὶ
2479 4124 2573 4190 τὴν
2606 4124 2731 4190 περὶ
2758 4125 2853 4190 τὴν
2891 4122 3052 4191 βορὰν
3097 4122 3279 4172 τούτου
3309 4121 3502 4190 μανίαν
3547 4119 3891 4176 ἐνδείκνυται,

2361 4212 2530 4275 λέγων
2549 4226 2562 4240 ·
2583 4212 2638 4260 '0
2659 4211 2922 4271 ἀντίδικος
2939 4212 3086 4277 ύμῶν
3111 4211 3371 4271 διάϐολος,
3400 4211 3472 4270 ὡς
3502 4208 3636 4261 λέων
3663 4206 3894 4274 ὠρύεται

2359 4298 2534 4367 ζητῶν
2560 4297 2674 4348 τίνα
2704 4297 2954 4364 καταπίῃ.

2938 4591 3181 4642 ΚΕΦΑΛ.
3225 4588 3307 4641 9'.

2427 4697 2698 4764 Μὰθωμεν
2726 4699 2887 4764 ἡμεῖς
2926 4698 3188 4765 ἀκριϐῶς,
3216 4699 3296 4748 ὃτι
3334 4697 3549 4766 πρῶτον
3580 4697 3675 4765 μὲν
3707 4699 3766 4746 ἐκ
3801 4699 3891 4764 ῥα-

2359 4782 2553 4849 θυμίας
2600 4784 2656 4831 ἐν
2681 4781 2756 4848 τῷ
2805 4782 3028 4849 στόματι
3060 4781 3265 4846 γίνεταί
3291 4796 3374 4842 τις
3401 4780 3495 4832 τοῦ
3537 4781 3760 4840 λέοντος,
3801 4783 3889 4832 καὶ

2359 4874 2492 4942 πρὸς
2524 4873 2583 4923 τὸ
2608 4870 2977 4939 καταποθῆναι
3021 4869 3115 4932 ὢν,
3147 4871 3240 4922 καὶ
3275 4871 3406 4940 πρὸς
3435 4870 3494 4920 τὺ
3523 4870 3751 4935 ἐξελθεῖν
3778 4872 3889 4922 ἐπι-

2357 4963 2582 5031 τήδειος.
2626 4959 2830 5027 Ἑαυτῷ
2871 4960 2924 5011 δὲ
2964 4959 3143 5010 λοιπὸν
3172 4960 3469 5027 ἀμελήσας,
3501 4959 3535 5028 ἦ
3575 4959 3886 5022 σπουδάσας,

2360 5054 2584 5121 θατέρου
2613 5053 2814 5104 τούτων
2857 5052 3169 5104 καθίσταται
3201 5051 3398 5112 αἴτιοςο
3433 5051 3649 5120 ἐξουσία
3675 5051 3889 5118 γνώμης

2360 5143 2674 5212 αἱρούμενος
2743 5144 2878 5210 ὅπερ
2946 5142 3187 5212 βούλεται
3252 5142 3351 5210 τῆς
3415 5143 3522 5193 τῶν
3581 5142 3888 5208 σωζομένων

2361 5234 2635 5293 ἑκουσίως,
2681 5231 2711 5298 ἦ
2763 5230 3140 5296 ἀπολλυμένων
3182 5233 3390 5300 μερίδος
3439 5232 3734 5298 γινόμενος.
3784 5230 3886 5280 Καὶ

2354 5322 2439 5373 διὰ
2467 5322 2618 5373 τοῦτο
2649 5321 2862 5381 πάντως
2890 5320 2979 5372 καὶ
3008 5321 3209 5382 Παῦλος
3243 5322 3270 5372 ό
3302 5322 3472 5389 μέγας
3500 5323 3527 5370 ό
3558 5321 3626 5372 τὰ
3651 5321 3886 5387 νοήματα

2354 5413 2442 5463 τοῦ
2485 5409 2676 5479 ἐχθροῦ
2713 5409 3003 5478 διαθρήσας
3049 5412 3250 5478 σαφῶς,
3300 5413 3390 5462 καὶ
3425 5414 3524 5462 οὐκ
3564 5410 3763 5477 ἀγνοῶν
3789 5410 3883 5469 τὰς

2352 5503 2438 5552 ἐπ’
2477 5501 2716 5568 ἀπωλείᾳ
2757 5501 2862 5552 τῶν
2909 5502 3298 5571 ἀκεραιοτέρων
3339 5504 3763 5572 εἰσφορουμένων
3795 5501 3880 5549 τέ-

2352 5609 2480 5659 χνας
2529 5591 2860 5653 αὖτοῦ,,τὺν
2916 5595 2977 5643 ἐκ
3018 5592 3210 5658 πολλῆς
3265 5591 3496 5660 ἀθυμίας
3539 5594 3597 5645 ἐν
3647 5590 3719 5659 τῷ
3762 5589 3856 5640 οτὸ

799 5717 843 5751 ³⁵
875 5723 1034 5775 Anus
1092 5742 1146 5787 ιι,
1186 5729 1264 5780 19..
1342 5710 1433 5785 Μδ’]
1468 5729 1595 5800 lies.
1629 5748 1754 5797 nn,
1791 5736 1873 5788 δι.
1953 5738 1994 5768 ⁸¹
2037 5739 2166 5794 Gen,
2199 5758 2259 5794 xx

2371 5745 2454 5796 59.
2533 5746 2576 5775 ⁸³
2610 5747 2625 5798 Ι
2660 5744 2797 5798 l’ctr.
2834 5753 2948 5809 \',3,
