4052 6336
738 294 840 358 983

2188 309 2247 366 s.
2282 305 2445 369 NILI
2521 283 2528 290 ’

3826 313 3931 377 986

734 396 916 471 gloria:
942 401 1149 472 lapsum
1174 396 1500 474 paterentur,
1531 412 1603 464 ait
1630 427 1643 463 :
1684 429 1701 461 ι
1738 410 1871 467 Cum
1897 413 2133 471 feceritis
2160 430 2274 470 om-

2389 423 2476 492 τῆς
2505 422 2931 494 ἀσφαλιζόμενος
2974 425 3066 479 τοῦ
3103 425 3239 497 πρὸς
3269 426 3365 496 τὴν
3400 425 3571 493 οίησιν
3595 420 3808 475 ὀλίσθου
3834 438 3935 491 φηο

733 493 845 556 nia,
880 506 999 561 qua:
1024 493 1171 550 vobis
1201 498 1451 553 mandata
1476 498 1710 563 fuerunt,
1733 512 1860 557 tunc
1882 501 2087 559 dicite:
2125 505 2275 562 Servl

734 584 949 637 inutiles
977 599 1183 652 sumus;
1204 588 1343 656 quod
1374 587 1566 644 fecisse
1584 590 1889 655 debeamus,
1915 592 2146 651 fecimus
2171 597 2235 650 ".
2254 614 2272 649 ι

745 672 991 729 Gau‘dere
1024 675 1236 745 quidem
1283 676 1577 733 adhortans
1610 681 1769 736 veluti
1811 681 1876 736 de
1918 682 2137 752 impleto
2182 685 2277 739 de-

737 763 866 827 bito,
899 780 1005 819 non
1043 775 1221 820 autem
1247 768 1559 836 permittens
1580 778 1627 825 et
1654 787 1848 841 magna
1883 788 2090 842 sapere.
2123 772 2282 829 Debi-

736 863 849 908 tum
884 855 1040 927 247
1066 857 1205 911 enim
1246 866 1380 923 erat,
1424 861 1567 929 quod
1623 862 1885 917 redditum
1920 872 2021 929 est,
2049 880 2152 917 non
2182 866 2281 920 do-

737 960 865 998 num
888 957 1235 1013 spontaneum
1258 965 1270 1001 :
1290 960 1341 1001 et
1362 965 1504 1016 eum,
1524 951 1613 1019 qui
1641 952 1880 1028 rependit
1903 952 1953 1005 in
1977 953 2274 1019 Christum,

738 1032 887 1086 nefas
926 1042 1008 1087 est
1058 1042 1304 1103 tanquam
1343 1034 1736 1090 benefactorem
1778 1038 1958 1090 extolli
1993 1036 2279 1105 jactabunv

738 1122 884 1186 dum,
918 1124 1041 1191 quia
1087 1135 1235 1193 grate
1280 1126 1529 1188 reddidit,
1574 1141 1694 1195 qua:
1747 1128 1989 1196 ingratus
2023 1143 2282 1198 reponere

737 1211 1010 1266 debuisset
1039 1216 1274 1268 cxactori
1311 1230 1411 1284 per
1441 1216 1718 1284 supplicia.

1328 1324 1557 1381 CAPle
1604 1328 1693 1380 XI.

810 1434 1098 1503 Apostolus
1159 1451 1284 1491 vero
1341 1451 1447 1491 non
1487 1440 1659 1492 solum
1708 1455 1767 1491 ea
1817 1458 1935 1508 qua:
1977 1450 2116 1494 retro
2156 1450 2282 1493 sunt

744 1524 878 1577 tradi
903 1525 1159 1579 oblivioni
1186 1526 1357 1598 jubet,
1386 1529 1697 1581 memoriam
1731 1529 1965 1595 ipsorum
1996 1533 2171 1584 sciens
2203 1542 2287 1581 re-

744 1611 948 1677 spicere
998 1610 1180 1664 faciles
1212 1613 1633 1680 adjactautiam;
1670 1618 1831 1668 sedet
1860 1617 2105 1681 utrinque
2123 1628 2276 1666 mane

2380 515 2462 569 σίν
2480 529 2495 543 ·
2532 531 2551 565 ι
2590 515 2754 566 Ὅταν
2785 516 2960 568 πάντα
2991 516 3251 587 ποιήσητε
3272 514 3339 568 τά
3363 509 3751 580 διατεταγμένα
3774 509 3929 579 ύμῖν,

2376 607 2498 659 τότε
2544 607 2762 675 λέγετε·
2814 606 3004 660 Δοῦλοι
3059 605 3264 678 ἀχρεῖοί
3316 604 3521 673 ὲσμενο.
3560 602 3589 655 δ
3642 600 3929 670 ὀφείλομεν

2378 697 2596 766 ποιῆσαι
2640 697 3045 766 πεποιήκαμεν.
3083 712 3102 747 ι
3135 694 3360 764 Χαίρειν
3393 692 3489 763 μὲν
3518 691 3827 759 ἐπιτρέπων
3856 689 3927 749 ὡς

2379 786 2471 839 ἐπὶ
2524 785 2859 856 πληρωθέντι
2907 783 3197 853 όφλήματι,
3230 783 3291 836 ού
3340 781 3445 852 μὴν
3491 778 3785 849 συγχωρῶν
3836 774 3927 829 καὶ

2383 871 2525 941 μέγα
2551 875 2783 942 φρονεῖν.
2817 870 2990 941 Χρέος
3016 868 3123 937 γὰρ
3150 863 3237 938 ἦν,
3261 868 3410 935 φησι,
3444 865 3513 918 τά
3540 862 3923 931 ἀποδιδόμενα,

2378 961 2439 1013 οὐ
2471 960 2637 1027 δῶρον
2659 960 2921 1024 ἑκούσιον,
2946 958 3040 1010 καὶ
3065 956 3156 1009 τὸν
3184 955 3467 1009 ἐκτίσαντα
3497 952 3638 1006 κατὰ
3673 949 3766 1003 τοῦ
3791 949 3926 1018 Χριτ·

2381 1052 2508 1104 στοῦ
2536 1051 2634 1119 οὐχ
2677 1051 2820 1102 ὅσιον
2862 1050 2935 1111 ὡς
2973 1046 3263 1117 εὐεργέτην
3300 1043 3616 1115 ἐπαίρεσθαι
3652 1040 3921 1111 μεγαλαυ-

2380 1141 2595 1212 χοῦντα,
2638 1140 2720 1192 ὅτι
2755 1137 3105 1205 εὐγνωμόνως
3131 1134 3407 1188 ἀπέδωκεν
3436 1134 3575 1201 ᾇπερ
3598 1127 3923 1199 ἀγνωμονῶν

2382 1230 2727 1287 ἀπαιτεῖσθαι
2760 1227 3174 1296 στρεϐλούμενος
3202 1223 3439 1291 ἔμελλεν.

2958 1336 3205 1389 ΚΕΦΑΛ.
3249 1336 3352 1387 IA'.

2457 1450 2514 1506 Ὀ
2543 1450 2598 1502 δὲ
2649 1449 2984 1511 Ἀπόστολος,
3009 1450 3067 1501 οὐ
3103 1449 3259 1517 μόνον
3289 1446 3354 1500 τὰ
3380 1445 3552 1498 ὀπίσω
3582 1442 3921 1512 παραδιδόναι

2381 1535 2517 1602 ληθῃ
2568 1533 2797 1593 κελεύει,
2843 1534 3060 1599 μνήμην
3112 1529 3291 1582 αὐτῶν
3341 1529 3465 1589 τοὺς
3513 1526 3752 1594 εὐχερεῖς
3796 1522 3921 1593 πρὸς

2387 1622 2697 1687 ἀλαζονείαν
2728 1621 2939 1689 βλέπειν
2970 1619 3141 1682 εἰδὼς,
3174 1616 3306 1671 ἀλλά
3344 1617 3438 1668 καὶ
3470 1615 3565 1676 τὰς
3596 1611 3923 1681 ἑκατέρωθεν

742 1702 832 1752 dat
855 1701 1124 1755 observari
1161 1702 1440 1771 diligenter
1468 1704 1716 1762 iusultus.
1736 1700 1946 1766 Quando
1963 1701 2117 1757 dicit:
2143 1722 2158 1753 ι
2184 1703 2283 1757 Per

2389 1714 2644 1785 ἐπηρείας
2672 1709 3025 1780 φυλάττεσθαι
3049 1708 3253 1761 κελεύει
3278 1706 3595 1768 σπουδαίως,
3617 1706 3747 1757 ὅταν
3769 1702 3919 1770 λέγῃ⁶

744 1791 890 1843 arm'a
937 1792 1157 1860 justitire
1213 1809 1242 1845 a
1288 1794 1491 1847 dextris
1527 1804 1581 1847 et
1628 1794 1894 1858 sinistris;
1938 1809 2029 1861 per
2064 1793 2285 1861 gloriam

746 1890 796 1933 et
834 1882 1214 1950 ignominiam;
1266 1897 1357 1951 per
1412 1882 1681 1935 infamiam
1721 1892 1773 1935 et
1820 1882 2009 1933 bonam
2061 1881 2283 1948 famam;

745 1972 897 2038 quasi
928 1972 1139 2025 fallaces
1182 1982 1233 2025 et
1254 1988 1465 2026 veraces
1494 1973 1559 2025 ⁸³.
1588 1992 1605 2022 ι
1627 1972 1736 2023 Non
1762 1972 1939 2024 minus
1976 1972 2116 2024 enim
2143 1987 2285 2035 eum,

744 2060 836 2127 qui
875 2063 937 2115 ad
978 2063 1354 2129 perfectionem
1398 2064 1697 2125 contendit,
1733 2062 2128 2129 laedunt,quam
2170 2063 2287 2116 lau-

744 2144 1300 2209 des‘tumefacientcs,
1340 2146 1628 2213 rituperia,
1660 2160 1778 2212 quae
1819 2146 1982 2196 animi
2016 2159 2169 2197 sensa
2198 2144 2290 2198 dc-

747 2233 982 2301 primunt
1014 2235 1237 2304 abjecte,
1267 2250 1325 2288 ac
1353 2236 1652 2288 dissdvnnl
1679 2235 1939 2303 quidquid
1970 2244 2052 2287 est
2082 2236 2289 2287 animo-

744 2333 864 2373 sum
926 2320 1248 2375 demissione
1305 2321 1469 2373 animi
1530 2336 1591 2373 ac
1644 2321 1883 2373 tristitia.
1927 2318 2288 2385 Quamobrem

746 2416 958 2477 oportet
1000 2423 1219 2461 currere
1256 2424 1349 2475 per
1394 2422 1612 2475 scolium
1658 2409 1724 2460 ad
1768 2409 2008 2460 bravium
2046 2422 2292 2473 supernae

746 2497 1126 2560 vocationis,et
1147 2497 1303 2566 digne
1322 2512 1560 2561 currere,
1597 2498 1861 2565 simulque
1896 2497 2036 2549 haud
2066 2497 2202 2550 elate
2223 2498 2288 2549 ⁸⁸.

744 2589 881 2645 lllud
932 2592 1108 2655 enim,
1161 2593 1301 2661 quod
1343 2592 1571 2644 dicitur:
1607 2610 1622 2639 ι
1662 2590 1751 2643 Sic
1798 2590 1996 2643 currite
2044 2599 2099 2643 ut
2142 2604 2290 2642 com-

747 2684 1089 2753 prehendatis
1121 2685 1165 2716 "
1198 2703 1243 2747 ι,
1277 2683 1521 2747 quamvis
1570 2696 1710 2739 sere,
1766 2681 1976 2733 tandem
2004 2678 2291 2747 aliquando

748 2771 963 2839 assequi
1005 2770 1323 2839 facit,‘quod
1359 2770 1620 2823 studetur.
1662 2767 1823 2822 Multa
1846 2776 1928 2821 est
1954 2767 2148 2834 quippe
2178 2767 2293 2819 lon-

750 2862 955 2933 gitudo,
987 2871 1039 2915 et
1060 2863 1246 2929 pennis
1276 2861 1464 2926 magis,
1496 2874 1655 2925 quam
1690 2859 1913 2925 pedibus
1942 2858 2191 2910 utendum
2231 2858 2293 2910 ad

751 2952 1304 3023 comprehensionem.
1335 2949 1423 3005 Sic
1449 2949 1647 3004 ctenim
1678 2949 1767 3018 qui
1796 2949 1898 3004 sibi
1925 2950 2024 3001 hoc
2056 2958 2297 3003 suaserat

2394 1824 2412 1857 ι
2452 1804 2551 1855 Διὰ
2578 1802 2684 1853 τῶν
2720 1801 2892 1853 ὃπλων
2925 1799 3024 1867 τῆς
3050 1793 3391 1862 δικαιοσύνης
3430 1794 3537 1845 τῶν
3572 1792 3797 1856 δεξιῶν,
3838 1791 3924 1843 καὶ

2388 1893 2708 1964 ἀριστερῶν,
2739 1889 2823 1941 διὰ
2862 1888 3034 1957 δόξης,
3076 1887 3167 1938 καὶ
3207 1886 3446 1953 ἀτιμίας,
3486 1882 3571 1935 διὰ
3603 1878 3925 1949 δυσφημίας,

2388 1982 2480 2037 καὶ
2512 1980 2804 2050 εὐφημίας,
2839 1978 2913 2040 ὡς
2946 1976 3156 2037 πλάνοι,
3186 1974 3275 2026 καὶ
3312 1973 3545 2042 ἀληθεῖς.
3590 1989 3607 2020 ι
3641 1970 3756 2020 Οὐκ
3784 1968 3927 2018 ἔλατ-

2386 2089 2476 2123 τον
2509 2070 2617 2139 γὰρ
2640 2069 2746 2120 τῶν
2772 2066 3105 2136 χαυνούντων
3127 2064 3359 2117 ἐπαίνων
3393 2063 3483 2113 τὸν
3510 2062 3602 2112 ἐπὶ
3628 2057 3927 2126 τελειότητα

2389 2161 2735 2228 ἐπειγόμενον
2760 2154 3031 2209 ἀδικοῦσιν
3068 2156 3113 2206 οἱ
3142 2153 3321 2222 ψόγοι,
3355 2148 3603 2203 ταπεινὸν
3640 2146 3928 2215 ἐργαζόμε-

2390 2268 2469 2303 νοι
2497 2249 2555 2303 τὸ
2574 2249 2857 2318 φρόνημα,
2892 2247 2982 2299 καὶ
3026 2245 3086 2297 τὺ
3115 2243 3388 2314 πρόθυμον
3421 2238 3701 2300 ἐκλύοντες
3731 2235 3927 2303 ἀθυμίᾳ

2390 2358 2447 2393 τε
2520 2340 2612 2392 καὶ
2638 2338 2801 2409 λύπῃ.
2836 2337 2923 2389 Διὸ
2954 2334 3094 2388 κατὰ
3126 2333 3321 2385 σκοπὸν
3350 2331 3454 2401 χρὴ
3481 2328 3690 2400 τρέχειν
3717 2325 3851 2396 πρὸς
3871 2322 3927 2376 τὸ

2395 2429 2640 2498 βραϐεῖον
2670 2427 2769 2494 τῆς
2797 2426 2906 2478 ἄνω
2954 2424 3211 2491 κλήσεως,
3245 2419 3340 2473 καὶ
3376 2418 3588 2486 τρέχειν
3630 2415 3818 2479 ἀξίως,
3848 2411 3927 2464 καὶ

2391 2518 2802 2588 ἀμετεωρίστως
2834 2514 2989 2584 όμοῦ.
3032 2514 3105 2565 Τὸ
3150 2512 3247 2582 μὲν
3270 2511 3375 2578 γὰρ
3403 2508 3543 2561 κατά
3573 2510 3664 2559 τὸν
3690 2505 3925 2572 λέγοντα,

2399 2628 2417 2660 ι
2473 2607 2627 2660 Οὕτω
2678 2606 2918 2675 τρέχετε,
2973 2602 3059 2654 ῖνα
3106 2598 3465 2669 καταλάϐητε,
3506 2597 3539 2648 ι’
3574 2596 3795 2664 φθάνειν
3838 2593 3926 2645 κᾶν

2394 2699 2487 2767 ὀψέ
2508 2716 2635 2750 ποτε
2661 2696 2751 2750 τοῦ
2779 2692 3211 2764 σπονδαζομένου
3235 2686 3635 2759 παρασκευάζει
3657 2685 3718 2736 τὸ
3747 2684 3921 2753 πέρας.

2393 2788 2531 2845 Πολὺ
2560 2792 2666 2857 γὰρ
2708 2788 2767 2839 τὸ
2807 2787 2999 2855 μῆκος,
3044 2783 3136 2837 καὶ
3180 2780 3393 2850 πτερῶν
3433 2777 3650 2848 μᾶλλον,
3695 2776 3728 2842 ἢ
3766 2771 3925 2826 ποδῶν

2395 2881 2592 2949 χρῇζον
2626 2878 2760 2946 πρὸς
2790 2875 2885 2945 τὴν
2917 2870 3233 2939 κατάληψιν.
3285 2866 3439 2920 Οὕτω
3475 2867 3584 2934 γὰρ
3609 2866 3639 2917 ό
3667 2863 3819 2915 τοῦτο
3846 2878 3927 2913 πε.

2396 2970 2682 3039 πεισμένος
2732 2968 2919 3032 ἔλεγε’
2958 2983 2975 3015 ι
3016 2963 3110 3023 Τίς
3150 2959 3309 3012 δώσει
3354 2974 3445 3028 μοι
3493 2954 3763 3024 πτέρυγας
3808 2950 3925 3005 ὡσεὶ

751 3029 995 3096 dicebat:
1031 3060 1049 3093 ι
1096 3042 1227 3106 Quis
1264 3041 1410 3095 dabit
1439 3039 1568 3093 mihi
1608 3053 1811 3109 pennas
1844 3039 1983 3091 sicut
2008 3038 2291 3103 columbae,

2401 3060 2745 3129 περιστερᾶς,
2785 3056 2875 3107 καὶ
2907 3051 3332 3118 πετασθήσομαι,
3368 3050 3459 3101 καλ⁸
3503 3043 3861 3105 καταπαύσω;
3905 3060 3920 3090 ι

752 3142 805 3188 rt
831 3130 1037 3195 volabo,
1070 3140 1121 3183 et
1147 3131 1474 3196 requiescam
1514 3128 1595 3181 9"l
1635 3147 1655 3179 ι
1695 3128 1825 3181 lllud
1852 3143 1979 3181 vero
2019 3128 2303 3196 vigilanter

756 3224 899 3287 hinc,
927 3232 980 3275 et
1022 3221 1145 3275 inde
1167 3221 1386 3288 subjicit
1439 3218 1737 3271 molestiam
1772 3218 2021 3271 exhibere
2055 3219 2300 3285 laqueos,

754 3313 1187 3380 quandoquidem
1251 3310 1405 3364 funes
1469 3308 1768 3361 extendunt
1825 3307 2045 3375 pedibus
2102 3308 2304 3361 inimici

756 3406 976 3469 dextris,
1020 3419 1072 3458 et
1130 3404 1364 3459 sinistris
1418 3402 1649 3455 restibus
1702 3400 2069 3455 machinantes
2114 3415 2305 3468 capere

762 3491 1007 3564 iilos,qui
1034 3497 1167 3549 bene
1194 3496 1354 3565 248
1367 3504 1621 3559 currunt;
1652 3494 1777 3547 hinc
1796 3493 2017 3562 gloriam
2040 3502 2091 3545 ct
2111 3492 2323 3546 bonam.

759 3585 992 3650 laruam;
1062 3586 1187 3639 inde
1234 3586 1579 3653 ignominiam
1636 3594 1688 3636 et
1738 3584 2032 3644 infamiam,
2078 3583 2305 3649 etquod

764 3684 842 3728 est.
866 3676 917 3727 in
943 3673 1139 3728 saeculo
1180 3675 1523 3741 reprobatum
1574 3681 1863 3732 struentes,
1891 3678 1969 3734 ut,
1997 3672 2307 3739 praeparatis

768 3766 1017 3835 utrinque
1048 3763 1277 3826 insidiis,
1309 3764 1351 3816 si
1384 3779 1485 3816 uua
1522 3762 1825 3830 praevaleat.
1858 3771 1948 3814 aut
1974 3762 2195 3823 omnino
2220 3775 2309 3812 ca-

768 3855 893 3908 dere
927 3854 1105 3933 faciat,
1147 3863 1239 3907 aut
1281 3854 1469 3906 saltem
1504 3868 1721 3904 cursum
1770 3851 2007 3904 inhibeat
2049 3851 2111 3902 ad
2151 3852 2308 3903 breve

767 3957 995 4011 letnpus,
1032 3952 1087 3996 ut
1126 3945 1375 4009 impediat
1410 3944 1593 3997 tandiu
1622 3958 1958 4012 progressum
1991 3941 2054 3993 ad
2086 3934 2329 4003 bonum,'

768 4047 925 4103 atque
988 4035 1031 4089 is
1089 4032 1450 4102 perfectione,
1509 4036 1572 4087 ad
1620 4050 1779 4103 quam
1831 4034 2066 4087 studiose
2120 4033 2305 4092 tendit,

768 4125 1073 4179 frustretur.
1110 4124 1244 4190 Quid
1278 4138 1399 4176 vero
1431 4124 1588 4175 etiam
1630 4124 1706 4175 sic
1758 4121 2134 4174 calumniantia
2176 4119 2309 4172 falso

768 4215 1087 4269 contristant
1129 4212 1546 4281 c0gitatiunem?
1592 4219 1681 4263 aut
1724 4211 1848 4278 quid
1879 4211 1943 4263 ad
1992 4210 2306 4261 miraculum

750 4300 884 4356 ram
919 4302 1189 4357 eﬂ'crcntia
1233 4301 1517 4365 delectant,
1566 4310 1723 4368 atque
1774 4298 1957 4351 inflant
1989 4298 2053 4351 ad
2084 4297 2309 4369 dissipa-

773 4394 1003 4446 tionem?

1376 4476 1598 4532 CAPUT
1628 4476 1718 4527 XII

842 4590 1127 4643 Enimvero
1164 4588 1209 4642 si
1244 4601 1305 4640 ex
1335 4588 1543 4640 calculo
1592 4586 1717 4638 hinc
1746 4586 2024 4653 desumpta
2056 4586 2195 4653 apud
2230 4586 2310 4639 in-

775 4689 1084 4747 corruptum
1116 4678 1346 4746 judicent
1388 4677 1793 4745 approbaretur,
1836 4674 2059 4744 pulchre
2087 4676 2316 4729 homini—

2338 4344 2385 4403 D

2401 3152 2473 3202 Τὸ
2522 3150 2577 3200 δὲ
2630 3144 2901 3215 νηφόνὲως
2929 3144 3031 3203 τὰς
3082 3141 3263 3204 ἔνθεν,
3311 3140 3403 3192 καὶ
3454 3136 3659 3190 ἐκεῖθεν
3710 3131 3925 3201 ἐνοχλεῖν

2402 3236 2711 3289 ὑποτίθεται
2755 3232 3002 3297 παγίδας,
3039 3229 3221 3297 ἐπειδὴ
3255 3228 3457 3295 σχοινία
3495 3224 3806 3278 διατείνουσι
3827 3223 3924 3279 τοῖς

2403 3328 2558 3381 ποσὶν
2592 3327 2637 3375 οξ
2667 3322 2849 3392 ἐχθροὶ
2874 3322 2986 3382 τοῖς
3022 3316 3231 3378 δεξιοῖς,
3268 3319 3356 3369 καὶ
3385 3318 3493 3376 τοῖς
3517 3313 3812 3381 ἀριστεροῖς
3840 3327 3927 3376 μη-

2404 3414 2701 3485 χανώμενοι
2739 3412 2948 3483 βρόχοις
2994 3408 3100 3461 τῶν
3150 3406 3326 3468 καλῶς
3353 3404 3648 3474 τρεχόντων
3690 3401 3783 3472 τὴν
3808 3399 3926 3453 ἀλω-

2406 3524 2507 3567 σιν,
2538 3504 2682 3557 ἔνθεν
2709 3502 2884 3566 δόξαν,
2913 3501 3003 3553 καὶ
3029 3496 3321 3566 εὐφημίαν,
3354 3493 3558 3546 ἐκεῖθεν
3583 3491 3817 3559 ἀτιμίαν,
3842 3489 3925 3540 καὶ

2405 3592 2732 3662 δυσφημίαν,
2767 3592 2857 3643 καὶ
2888 3590 2946 3642 τὸ
2991 3585 3452 3654 κατεγνωσμένων
3478 3581 3570 3640 τοῦ
3616 3582 3729 3651 βίου
3770 3579 3923 3649 πηξὼ

2410 3697 2587 3749 μενοι·
2628 3681 2701 3740 ὡς
2746 3679 2841 3747 τῆς
2889 3674 3224 3744 ἑκατέρωθεν
3257 3670 3499 3745 όπωσοῦν
3544 3669 3924 3735 ἐσκευασμένης

2407 3768 2697 3835 ἐπιϐουλῆς
2752 3765 3014 3838 ίσχύσασα
3058 3765 3185 3831 μία,
3236 3764 3268 3829 ἢ
3322 3763 3505 3813 πεσεῖν
3556 3754 3925 3826 παρασκευάσῃ

2406 3858 2639 3919 τελείως,
2678 3859 2707 3925 ἦ
2742 3855 2840 3907 κᾶν
2875 3854 3069 3922 ἐπίσχῃ
3110 3850 3203 3904 τοῦ
3237 3849 3432 3918 δρόμου
3477 3846 3611 3917 πρὸς
3646 3845 3833 3911 ὀλίγον,
3862 3841 3922 3900 fu;

2408 3945 2791 4015 ὲμποδισθῆναι
2814 3944 2949 4003 τέως
2975 3941 3071 4011 τὴν
3102 3942 3190 3992 ἐπὶ
3214 3938 3274 3991 τὸ
3304 3936 3503 4004 ἀγαθὸν
3534 3934 3824 4003 προκοπήν,
3847 3932 3923 3982 καὶ

2408 4035 2692 4097 ἀποτυχεῖν
2741 4032 2839 4099 τῆς
2891 4027 3326 4099 σπουδαζομένης
3378 4025 3725 4094 τελειότητος.
3779 4021 3836 4074 Τί
3877 4018 3923 4072 δὲ

2409 4126 2501 4175 καὶ
2530 4123 2669 4173 οὕτω
2702 4122 2857 4172 λυπεῖ
2890 4121 2958 4171 τὰ
3000 4119 3347 4171 διαϐάλλοντα
3382 4116 3586 4182 ψευδῶς
3623 4117 3719 4185 τὴν
3752 4112 3921 4180 ὑπόλη-

2413 4214 2540 4281 ψιν,
2575 4212 2681 4281 ἣτί
2707 4211 2769 4263 τὰ
2804 4208 2936 4277 πρὸς
2970 4207 3152 4274 θαῦμα
3180 4206 3381 4274 ταύτην
3415 4208 3706 4273 ἐπαίροντα
3738 4202 3921 4272 εὐφραί-

2412 4320 2513 4365 νει,
2549 4304 2639 4354 xui.
2673 4303 2858 4371 χαυνοῖ
2886 4298 3021 4368 πρὸς
3044 4296 3319 4366 διὰχυσιν;

2992 4475 3237 4527 ΚΕΦᾹΛ.
3280 4472 3355 4523 IB‘

2482 4593 2540 4642 Εἰ
2581 4591 2675 4657 μὲν
2732 4590 2835 4656 γὰρ
2882 4590 2945 4638 ὲκ
2989 4587 3084 4653 τῆς
3133 4583 3376 4636 ἐντεῦθεν
3416 4582 3595 4649 ψήφου
3648 4578 3921 4631 ἐόεϐαιοῦτο

2412 4678 2561 4747 παρὰ
2596 4679 2671 4744 τῷ
2712 4678 2985 4741 ἁδεκὰστῳ
3022 4664 3221 4743 κριτῇ,.
3254 4669 3430 4731 καλῶς
3479 4669 3728 4747 ἀρέσκειν
3754 4666 3921 4736 ἀνθρὼ-

776 4773 875 4843 llus
898 4770 1141 4839 placere:
1167 4767 1283 4833 quis
1307 4782 1487 4818 curam
1511 4767 1803 4827 adhiberet,
1833 4781 1955 4820 cum
1987 4765 2107 4819 inde
2139 4774 2296 4819 natan

2415 4746 2568 4831 ποις,
2589 4768 2670 4828 τίς
2701 4761 2813 4834 εἶχε
2860 4763 3110 4833 σπουδὴν,
3161 4761 3460 4831 μαρτυρίαν
3491 4746 3590 4827 τὴν
3629 4760 3770 4810 ἔνθεν
3794 4757 3922 4820 δόξαν

759 4847 998 4925 gloriam
1050 4854 1113 4908 ad
1158 4853 1314 4909 fidem
1352 4853 1513 4906 futuri
1552 4869 1645 4921 pro
1674 4856 1977 4906 testimonio
2010 4854 2314 4918 adduceret,

2414 4861 2491 4919 εἰς
2521 4857 2699 4908 πίστιν
2726 4854 2815 4908 τοῦ
2849 4854 3126 4923 μέλλοντος
3153 4853 3509 4920 ἐπαγόμενος,
3544 4852 3634 4902 καὶ
3672 4849 3920 4906 ἀνεύθυνος

779 4955 829 4996 ιιι
853 4945 1130 4997 reddenda:
1154 4940 1347 4995 rationi
1386 4942 1602 4993 minimc
1631 4939 1897 4992 obnoxius
1921 4942 2227 4994 ostenderet
2252 4957 2296 4994 οι

2413 4945 2917 5015 ἀποδειχθήσεσθαι,
2952 4944 3010 5008 ἐξ
3052 4939 3124 4996 ὢν
3169 4942 3398 5009 συνέστη
3443 4942 3589 5008 παρὰ
3630 4940 3734 4993 τῶν
3766 4935 3918 4991 ἐνθάδε

782 5036 885 5096 his,
906 5034 969 5085 de
1002 5032 1196 5100 quibus
1235 5030 1475 5088 constitit
1512 5029 1649 5098 apud
1673 5028 1898 5097 judices,
1932 5028 2021 5094 qui
2052 5029 2139 5082 hic
2169 5039 2313 5083 sunt.

2416 5034 2634 5103 κριτῶν,
2685 5035 2745 5085 El
2799 5033 2856 5084 δὲ
2900 5032 3142 5101 σχολάζοι
3183 5028 3385 5098 σχῆμα,
3435 5030 3527 5082 καὶ
3564 5030 3805 5099 ἁποδοχὴ,
3849 5026 3920 5079 καὶ

783 5122 878 5173 Sin
909 5134 1034 5172 vero
1086 5121 1283 5175 frustra
1330 5120 1492 5177 fuerit
1529 5119 1741 5175 habitus
1762 5157 1777 5179 ,
1810 5126 1863 5171 et
1898 5116 2233 5185 approbatio,
2264 5133 2294 5171 e

2416 5125 2539 5189 δόξα
2599 5122 2705 5174 τῶν
2753 5123 2809 5171 ἐν
2867 5120 2945 5188 τῷ
3007 5120 3227 5186 παρόντι
3278 5119 3655 5190 ψηφιζομένων
3712 5119 3775 5169 τὰ
3824 5114 3919 5168 καθ’

783 5208 946 5283 κίοι-ιο
992 5222 1198 5269 eorum,
1234 5200 1351 5277 quae
1383 5209 1620 5279 iudicata
1671 5221 1794 5261 sunt
1840 5208 1892 5260 in
1942 5206 2190 5275 praesenti
2221 5209 2319 5260 5:24-

782 5300 925 5360 culo,
957 5307 1011 5352 et
1058 5312 1175 5365 qua:
1203 5313 1363 5365 penes
1397 5315 1526 5365 nos;
1560 5298 1712 5353 nuda:
1746 5306 1922 5349 autem
1959 5298 2239 5361 factorum,
2269 5307 2321 5349 et

784 5390 1133 5457 cogitatorqu
1209 5400 1389 5449 astant
1442 5391 1727 5457 imagines,
1795 5398 2106 5457 argumenta
2179 5388 2317 5442 clara

753 5605 795 5627 -.
852 5572 897 5618 ν
934 5570 1060 5626 Luc.
1095 5586 1217 5633 χιιι,
1262 5572 1340 5625 ll).
1414 5571 1458 5601 ’³
1489 5567 1526 5622 ll
1559 5571 1679 5625 Cor.
1722 5589 1790 5633 τι,
1854 5571 1901 5626 'i.

2419 5217 2600 5282 ἡμᾶς,
2660 5212 2860 5280 γυμναὶ
2926 5210 2979 5260 δὲ
3047 5213 3100 5262 αῖ
3163 5210 3269 5275 τῶν
3344 5212 3776 5278 πεπραγμένων,
3849 5206 3919 5257 καὶ

2420 5304 2747 5372 νενοημένων
2822 5302 3173 5368 παρίστανται
3243 5302 3464 5361 εἰκόνες,
3518 5302 3706 5366 σαφεῖς
3748 5298 3921 5362 ἐλεγχω

2422 5394 2665 5464 φαύλων,
2705 5392 2795 5442 καὶ
2851 5390 3075 5441 ἀστείων
3112 5391 3473 5459 ἐνθυμήσεων,
3530 5392 3622 5440 καὶ
3656 5390 3813 5458 ἔργων
3852 5401 3916 5452 γι-

1980 5574 2023 5605 ⁹⁸
2066 5574 2293 5645 Philipp.
2337 5591 2419 5640 ιιι,
2458 5574 2535 5626 Η.
2614 5578 2655 5610 ’⁸
2704 5577 2875 5632 lCor.
2939 5594 3019 5640 tu,
3063 5575 3151 5629 24.
3227 5572 3270 5601 ⁹⁶
3328 5567 3468 5623 Psal.
3501 5584 3607 5636 Ltv,
3633 5569 3682 5627 7.
