4052 6336
115 366 204 427 985
243 405 246 412 -
857 363 954 423 DE
974 359 1454 423 VOLUNTABIA
1497 355 1978 415 l’AUPEilTATE
2015 355 2112 412 AD
2164 353 2498 412 MAGNAM.
3191 349 3295 412 986

115 470 345 536 νόμεναι,
399 465 493 519 καὶ
553 465 867 534 κρινόμεναι
929 467 1028 518 οὐκ
1077 467 1169 532 ἀφ’
1226 457 1300 516 ὦν
1343 462 1485 526 ἔδοξε
1530 461 1677 520 τοῖς⁴

1780 458 2127 525 ogitationum
2161 457 2366 520 vilium,
2411 465 2463 512 et
2505 453 2852 516 urbanarum,
2889 463 3043 520 atque
3070 467 3288 522 operum

115 555 326 620 πολλοῖς,
360 553 474 608 ἀλλ’
505 554 595 621 ἀφ’
619 546 693 607 ὧν
718 553 853 621 αὐτὴ
885 553 1192 620 συνίστησιν
1221 553 1254 620 ἡ
1284 550 1536 619 ἀλήθεια⁶
1565 550 1639 600 εί-

1780 547 1959 610 ίῐεοιξιι,
2001 557 2052 601 et
2077 547 2327 616 judicata:
2362 562 2464 600 non
2511 561 2574 599 cx
2607 545 2692 607 iis,
2736 560 2853 612 quae
2884 543 3150 612 plerisque
3180 545 3292 598 visa

115 645 248 700 καίόν
273 661 346 710 τι,
375 646 470 697 καὶ
502 645 724 713 μάταιον
758 643 969 711 ἀληθῶς
996 642 1331 710 ἐπιτήδευμα
1355 640 1412 690 τὸ
1435 637 1640 689 πείθειν

1780 648 1993 702 terunt,
2036 640 2126 691 sed
2179 647 2254 705 ex;
2293 638 2413 702 illis,
2463 651 2492 689 e
2534 635 2729 705 quibus
2771 635 3019 688 consistit
3058 635 3292 688 veritas:

115 732 318 794 τούτους
344 731 568 796 ιθέλειν,
598 731 744 792 ὅπως
777 730 874 801 ἔχη
911 733 976 783 τὰ
1008 731 1270 800 ἡμέτερα,
1304 723 1378 781 ὧν
1420 731 1451 797 ἠ
1503 727 1642 798 πλη-

1780 730 2074 784 emerat-ius
2118 741 2167 782 ct
2204 744 2377 782 vanus
2414 743 2536 780 vere
2605 739 2828 779 tonatus
2878 734 2958 779 est
2994 725 3127 778 velle
3167 725 3295 794 ipsis

117 821 322 890 ροφορία
369 820 521 874 οὐδὲν
567 822 713 890 ἡμᾶς
757 822 835 881 είς
863 820 958 888 τὴν
1005 821 1115 873 ἀνω
1163 818 1315 886 δίκην
1345 818 1550 890 ὀνίνησι
1576 819 1643 870 τὰ

1780 822 1989 881 uadere,
2045 820 2322 888 quomodo
2378 827 2558 871 uestra
2605 833 2722 870 sese
2778 817 3008 881 habent,
3065 830 3294 883 quorum

115 910 230 960 ὅντα
278 907 596 975 βλέπουσαν,
632 909 690 959 οὑ
721 910 831 968 τοῖς
875 905 1242 975 νομιζομένοις
1272 906 1643 976 παραγινομέ-

1780 913 1899 966 lena
1951 911 2082 965 ﬁdes
2131 910 2259 962 nihil
2315 923 2412 962 nos
2459 908 2598 977 apud
2653 923 2962 974 supremam
3009 906 3294 974 justitiam,

116 1020 203 1069 νην
221 1001 282 1052 τὰ
309 999 572 1067 γενόμενα
599 998 986 1066 γνωρίζουσαν,
1021 998 1080 1048 οὑ
1111 996 1496 1065 συντιθεμένην
1527 1012 1645 1047 συνο

1791 1018 1871 1055 uae
1900 1001 2045 1054 videt
2086 1016 2148 1054 ea
2183 1015 2300 1067 qua:
2332 1007 2480 1059 sunt,
2521 997 2754 1065 adjuvat,
2791 1012 2891 1050 nec
2921 995 3004 1049 his
3034 1010 3152 1064 qua:
3186 994 3301 1048 exi-

116 1091 301 1158 ηγορία
326 1088 433 1139 τῶν
459 1086 809 1158 πειρωμένων
839 1084 1077 1147 πιθανῶς
1105 1083 1272 1147 δεῖξαι
1299 1084 1488 1152 ψεῦδος
1521 1085 1647 1153 ἁλή-

1780 1091 2057 1152 timantur.
2113 1090 2435 1154 assentitur;
2492 1101 2821 1158 cegnoscens
2875 1100 2937 1139 ca
2982 1084 3142 1154 249
3187 1098 3302 1151 qua:

1750 1181 1887 1235 facta
1922 1191 2070 1242 sunt,
2107 1196 2278 1248 neque
2309 1194 2367 1233 se
2397 1179 2760 1232 accommodat
2793 1176 3089 1244 patrocinio
3119 1189 3303 1227 eorum

1751 1274 1839 1340 qui
1880 1279 2087 1324 tentant
2119 1271 2359 1339 apposite
2385 1269 2449 1322 ad
2481 1268 2904 1338 persuadendum
2940 1267 3308 1318 demonstrare

1755 1360 2092 1414 mendacium
2131 1361 2433 1422 veritatem,
2461 1369 2514 1412 ct
2543 1357 2778 1411 efﬁcacia
2823 1369 3132 1410 sermonum
3163 1353 3306 1404 frau-

1757 1452 1994 1505 :lu-lenler
2033 1451 2449 1516 excogitatorum
2495 1448 2818 1502 audientium
2865 1446 3182 1502 sententiam
3212 1443 3309 1509 (uti

1757 1540 1969 1610 volunt)
2011 1541 2323 1608 disponunt,
2351 1554 2472 1591 cum
2522 1554 2608 1592 res
2655 1539 2811 1592 aliter
2837 1553 2956 1592 sese
2997 1536 3227 1590 habeant
3258 1535 3311 1587 in

1758 1646 1832 1696 se,
1876 1631 2030 1685 aliter
2072 1639 2371 1698 appareant
2414 1630 2464 1683 in
2504 1630 2888 1697 imaginatione
2932 1629 3176 1696 decepta.
3209 1624 3311 1680 Ubi

1762 1735 1886 1774 vero
1926 1735 2034 1785 res,
2078 1734 2195 1789 qua:
2231 1734 2373 1773 nunc
2417 1718 2518 1772 sub
2560 1728 2831 1788 aspectum
2871 1715 3113 1770 deducta:
3165 1724 3308 1776 sunt,

1766 1809 2237 1872 transformamur,
2265 1809 2601 1876 itnag'inatio,
2629 1821 2748 1876 quae
2773 1805 2888 1860 heri
2922 1807 3063 1858 clare
3091 1818 3316 1872 appare-

1763 1901 1874 1966 bat,
1914 1916 2058 1955 nunc
2095 1900 2248 1968 quasi
2279 1900 2495 1953 latitans
2527 1907 2628 1960 est,
2680 1913 2784 1951 non
2835 1896 3010 1966 qualis
3046 1903 3316 1957 censetur,

120 1179 276 1243 θειαν,
300 1179 391 1231 καὶ
410 1178 674 1247 δεινότητι
702 1179 1099 1246 σεσοφισμένων
1121 1176 1290 1242 λόγων
1311 1176 1406 1244 τὴν
1429 1175 1648 1242 γνώμην

117 1269 217 1320 τῶν
259 1269 556 1321 ἀκουόντων
604 1268 949 1320 διατιθέντων
998 1267 1073 1329 ὡς
1126 1265 1433 1333 βούλονται·
1483 1266 1650 1328 ἄλλως

120 1359 218 1411 τῶν
247 1359 580 1428 πραγμάτων
616 1358 865 1426 ἐχόντων,
896 1357 1055 1427 ἄλλην
1082 1359 1229 1418 ὅπως
1262 1357 1369 1425 ἔχει
1412 1356 1477 1408 τὰ
1523 1373 1650 1423 φαι-

121 1449 304 1515 νόμενα
346 1447 643 1514 φαντασίαν
686 1447 1058 1514 ὴπατημένην.
1123 1445 1294 1496 Ὅπου
1343 1444 1398 1496 δὲ
1438 1445 1506 1494 τὰ
1562 1443 1654 1494 νῦν

124 1539 204 1589 ὑπ’
239 1536 356 1604 ὄψιν
388 1536 630 1604 ἀγόμενα
686 1535 981 1604 μορφοῦται
1029 1537 1095 1587 τὰ
1140 1535 1458 1604 πράγματα,
1494 1533 1655 1596 ἕωλος

121 1630 150 1694 ὴ
198 1627 565 1695 φανερουμένη
615 1625 819 1692 σαφῶς,
864 1627 949 1678 οἵα
992 1623 1323 1677 λανθάνουσα
1373 1622 1466 1674 νῦν
1520 1624 1653 1683 ἐστι,

123 1718 210 1768 καὶ
254 1717 346 1784 οὐχ
394 1716 481 1768 οἶα
516 1716 890 1781 λογοποιεῖται,
922 1716 1054 1784 πρὸς
1099 1715 1160 1768 τὸ
1203 1715 1443 1785 εὔφημον
1478 1716 1507 1783 ἢ
1543 1716 1659 1768 eni-

122 1807 278 1874 ψογον
322 1807 471 1874 παρὰ
509 1804 614 1856 τῶν
663 1805 869 1856 πολλῶν
915 1806 1335 1874 ψιθυριζομένη,
1388 1801 1466 1868 οἷς
1507 1805 1663 1874 ἡδονὴ

123 1895 351 1956 πάντως,
381 1895 475 1944 καὶ
509 1894 695 1962 τέρψις
717 1895 783 1944 τά
811 1894 1060 1963 ἀλλότρια
1090 1895 1544 1963 περιεργάζεσθαι
1572 1895 1664 1947 καλ⁹

122 1983 450 2036 ἀντιϐάλλειν
477 1983 535 2035 ὲν
567 1986 685 2044 ταῖς
715 1983 1036 2052 εὐκαιρίαις,
1060 1985 1190 2052 πρὸς,
1215 1985 1471 2053 ἀλλήλους
1494 1986 1662 2050 ἐστὶν,

125 2074 271 2140 ἔργον
301 2074 480 2141 έχουσι
509 2074 596 2127 διὰ
627 2075 824 2135 παντὸς
855 2076 914 2126 οὗ
956 2077 1220 2144 χρήσιμον
1251 2075 1425 2138 τοῦτο,
1454 2076 1540 2128 διὰ
1569 2076 1665 2145 τὴν

125 2164 180 2214 οὐ
209 2164 336 2215 πᾶσι
372 2163 751 2217 λυσιτελοῦσαν
778 2167 855 2225 εἰς
893 2164 1006 2216 δέον
1040 2165 1251 2235 σχολήν.

1767 1991 1834 2045 ad
1875 1992 2418 2054 commendationem,
2459 2000 2549 2044 aut
2591 1988 3060 2056 reprehensionem
3108 2001 3136 2037 a
3191 1999 3315 2052 per-

1766 2079 1951 2135 multis
1983 2085 2339 2144 tnsusurrata,
2365 2079 2558 2148 quibus
2592 2078 2837 2145 voluptas
2877 2086 2960 2130 est
2990 2076 3230 2136 omnino,
3260 2080 3314 2124 et

1767 2169 2069 2235 delectatio,
2097 2170 2271 2225 aliena
2315 2183 2571 2239 quaerere,
2612 2174 2666 2221 ct
2708 2165 3078 2221 contradicere
3117 2163 3219 2218 sibi
3254 2161 3319 2216 ad

127 2254 368 2319 invicem,
424 2263 585 2323 prout
648 2261 887 2323 tempora
952 2263 1076 2307 sunt
1146 2268 1472 2323 opportuna;
1515 2257 1918 2312 elaborantibus
1964 2262 2174 2327 penitus
2229 2276 2332 2312 non
2392 2258 2534 2328 quod
2594 2258 2718 2311 utile
2765 2264 2866 2320 est,
2915 2264 3127 2322 propter
3165 2267 3322 2305 vaca-

128 2353 317 2404 tionem
354 2362 456 2400 non
491 2347 739 2400 omnibus
770 2355 1146 2413 congruentem
1179 2351 1241 2400 ad
1277 2349 1326 2401 id
1359 2361 1437 2402 est
1479 2349 1620 2418 quod
1661 2358 1890 2418 oportet.

695 2460 923 2512 ΚΕΦΑΑ
966 2459 1062 2514 II“.

191 2573 347 2625 Ἀλλὰ
371 2575 593 2642 τριττῆς
624 2575 786 2644 οὔσης
811 2576 867 2626 ἐν
898 2572 973 2642 τῷ
1007 2572 1103 2641 βίῳ
1130 2559 1354 2643 ἀγωγῆς
1385 2574 1486 2642 τῆς
1502 2574 1676 2644 ἄκρας

129 2664 256 2733 ἁκτη
266 2665 519 2732 μοσύνης,
539 2665 628 2716 καὶ
643 2667 736 2733 τῆς
757 2668 946 2734 μέσης,
968 2666 1060 2716 καὶ
1080 2665 1177 2732 τῆς
1195 2666 1397 2729 ὲνύλου,
1418 2667 1508 2720 καὶ
1527 2667 1680 2719 πολυα

2351 2459 2573 2516 CAPUT
2609 2459 2742 2513 Xlll.

1844 2574 2038 2631 Verum
2083 2591 2204 2630 cum
2248 2575 2436 2643 triplex
2483 2574 2553 2628 sit
2583 2575 2666 2626 via
2713 2586 2940 2626 summa:
2984 2569 3036 2622 in
3081 2568 3327 2636 praesenti

1776 2669 1882 2722 vita
1918 2667 2246 2736 paupertatis
2267 2708 2282 2729 ,
2314 2665 2504 2720 mediae
2535 2664 2778 2726 scilicet,
2823 2670 2877 2715 et
2911 2658 3200 2712 materialis
3227 2698 3241 2720 ,
3281 2665 3333 2708 et

129 2754 413 2823 κτήμονοςθ
437 2754 532 2822 μία
557 2754 661 2824 γὰρ
679 2751 741 2824 ἦν
759 2755 814 2820 ἐξ
840 2755 1030 2823 ἀρχῆς,
1058 2755 1150 2807 καί
1182 2755 1528 2811 θεσπισθιῐσα
1543 2757 1677 2822 παρὸ

1780 2759 2004 2827 plurima
2040 2756 2367 2824 possidentis
2399 2757 2543 2819 (una
2569 2752 2766 2805 etenim
2801 2759 2916 2801 erat
2945 2749 3010 2800 ab
3041 2747 3194 2798 initio
3214 2783 3228 2806 ,
3281 2753 3335 2796 et

125 2843 210 2897 τοῦ
245 2845 608 2914 Δημιουργοῦ,
652 2847 746 2898 καὶ
797 2846 1189 2915 πολιτευομένη
1241 2848 1408 2898 πᾶσιν
1451 2847 1673 2915 ὁμοίως,

1778 2847 2029 2902 mandata
2078 2845 2331 2900 divinitus
2389 2843 2456 2895 ab
2502 2841 2647 2896 orbis
2697 2839 3016 2900 Conditore,
3057 2845 3109 2890 et
3140 2835 3336 2905 pariter

126 2933 436 3004 ἀμέριμνος,
455 2937 545 2989 καὶ
569 2937 905 2989 παντάπασιν
924 2937 1102 3000 ἄῦλος,
1134 2939 1198 3006 ἢν
1229 2937 1419 3006 ἔτεμον
1453 2937 1677 3008 ὕστερον

1785 2939 1852 2992 ab
1877 2936 2131 2991 omnibus
2158 2934 2461 2998 observata,
2497 2933 2701 3001 absque
2729 2928 3108 2991 sollicitudine,
3141 2938 3189 2979 et
3227 2942 3337 2980 om-

129 3026 200 3086 εἰς
220 3025 316 3086 τὰς
338 3026 598 3094 διαψοράς
635 3025 836 3086 ταύτας
857 3027 911 3077 αί
934 3027 1189 3087 ποικίλως
1207 3027 1340 3093 πρὸς
1363 3027 1504 3095 iipr
1524 3026 1679 3095 Εσχον

129 3113 408 3176 ὲπικλινῶς
437 3114 735 3184 σχισθεῐσαι
770 3115 981 3184 γνῶμαι
1019 3116 1123 3167 τῶν
1147 3115 1444 3182 ἀνθρώπων
1468 3132 1480 3145 ·
1511 3117 1676 3184 ἀναγ-

129 3203 275 3253 καῖον
330 3201 566 3270 ἑκάστης
617 3201 903 3264 διεξελθεῖν
953 3202 1012 3254 τὸ
1063 3202 1276 3270 ἰδίωμα.
1313 3202 1406 3253 καὶ
1433 3201 1511 3264 τίς
1534 3203 1676 3270 ὠφέ-

129 3292 240 3344 λεια
259 3294 370 3353 τοῖς
395 3292 689 3362 μετιοῦσιν,
712 3293 743 3361 ἢ
765 3293 939 3361 βλάϐη
959 3294 1021 3346 ἐκ
1041 3292 1245 3347 τούτων
1265 3294 1567 3356 ἀκολουθεῖ,
1588 3297 1675 3347 καὶ

132 3385 252 3439 ποῖα
295 3382 363 3435 τὰ
388 3384 650 3453 πρεσδεῖα
707 3384 960 3452 καθήκει,
1025 3386 1116 3438 καὶ
1160 3385 1367 3436 δέδοται
1410 3385 1557 3455 παρά
1585 3385 1678 3437 τοῦ

130 3474 577 3544 νομοθετήσαντος
605 3476 664 3539 εξ
695 3477 867 3546 ἀρχῆς
898 3478 1028 3544 ἡμῖν
1057 3475 1154 3543 τὴν
1175 3475 1398 3542 ἀγωγὴν
1415 3475 1506 3525 τοῦ
1529 3475 1642 3542 βίου
1665 3491 1678 3538 ;

134 3561 458 3630 Κριθήσεται
494 3564 599 3633 γὰρ
633 3564 770 3633 αὕτη
797 3564 1175 3634 προτιμωτέρα
1201 3564 1410 3626 πάντως
1445 3564 1552 3616 τῶν
1591 3565 1681 3615 ἆλ-

131 3647 251 3714 λων,
299 3653 391 3704 καὶ
426 3657 575 3721 παρὰ
619 3656 730 3715 τοῖς
773 3654 888 3704 λίαν
941 3653 1217 3719 ἀγνώμοσι
1261 3653 1682 3722 δυσωπουμένης

133 3739 221 3807 τῆς
260 3739 514 3810 ἀληθείας
543 3741 822 3809 ὁμολογεῖν
853 3742 914 3793 τὸ
952 3743 1187 3812 ἀξίωμα,
1219 3746 1322 3797 κᾶν
1356 3747 1465 3806 τοῖς
1501 3743 1682 3811 ἔργοις

134 3830 384 3892 ἐναντίως
418 3831 732 3885 διακέωνται
765 3832 1136 3903 δελεαζόμενοι
1158 3834 1234 3901 τῷ
1259 3834 1530 3905 ἐπαγωγῷ
1558 3835 1684 3898 τέρ-

139 3934 339 3984 ποντος,
366 3922 486 3991 οὐχὶ
514 3922 566 3976 δὲ
591 3923 832 3993 λογισμῷ
861 3925 1169 3993 ποιούμενοι
1207 3925 1305 3993 τὴν
1335 3926 1562 3990 ἐκλογὴν
1591 3925 1681 3975 τοῦ

138 4012 522 4079 συμφέροντος.
587 4014 680 4074 Τίς
729 4011 818 4065 οὖν
865 4015 1106 4080 ἐπετάγη
1154 4013 1228 4080 τῷ
1281 4014 1685 4082 πρωτοπλάστῳ

138 4098 278 4166 (toﬁ;
309 4101 480 4167 φαγῇ,
512 4100 759 4167 φησ“ι,τὸν
790 4102 977 4168 χόρτον
1004 4101 1095 4154 τοῦ
1130 4080 1334 4172 ἀγροῦ..
1360 4104 1466 4154 Καὶ
1499 4107 1570 4172 μή
1603 4080 1686 4165 τις

137 4187 420 4256 λογισμοὺς
463 4189 782 4242 ἀνακινείτιο
825 4192 954 4260 πρὸς
991 4192 1144 4244 τοῦτο
1182 4194 1273 4244 νῦν
1313 4194 1567 4257 πιθανοὺς
1596 4195 1688 4263 ζη-

136 4277 257 4338 τῶν,
290 4276 432 4346 εἰτῴ
465 4277 664 4347 λογικῷ
697 4278 819 4348 ζῴῳ
845 4284 875 4348 ὴ
899 4283 1175 4351 κτηνώδης
1201 4283 1438 4350 ἔπρεπεν
1471 4287 1542 4345 ως
1587 4286 1688 4335 οἴε-

139 4384 220 4419 ται
249 4367 458 4430 δίαιτας
487 4370 682 4421 κωλύει
717 4372 822 4438 γὰρ
854 4372 911 4420 τὺ
950 4374 1240 4440 περίεργον
1275 4375 1371 4440 τῆς
1402 4373 1625 4442 ἐρεύνης
1656 4377 1686 4442 ἡ

1789 3028 2035 3081 nil'ariatn
2067 3024 2476 3089 immaterialis,
2517 3038 2678 3092 quam
2729 3021 3004 3076 sciderunt
3049 3029 3232 3086 postea
3285 3016 3334 3067 in

1787 3119 1885 3170 has
1911 3116 2151 3168 diversas
2173 3157 2186 3179 ,
2220 3124 2374 3182 prout
2414 3113 2558 3167 varie
2589 3111 2655 3164 ad
2682 3126 2908 3180 quaeque
2951 3123 3214 3178 prOpense
3252 3106 3333 3158 itt-

1783 3206 2057 3259 clinabant
2100 3206 2285 3259 divisa:
2323 3204 2600 3258 hominum
2647 3202 2992 3269 sententia).
3049 3199 3336 3252 Necessum

1783 3307 1865 3352 cst
1902 3300 1968 3351 de
1992 3296 2410 3364 uniuscujusque
2441 3295 2763 3365 proprietate
2801 3295 3104 3354 disserere;
3143 3303 3203 3342 ac
3225 3303 3342 3355 qua:

1787 3391 1990 3442 utilitas
2031 3387 2416 3453 participibus,
2469 3396 2561 3438 aut
2611 3400 2749 3437 noxa
2784 3399 2844 3436 ex
2903 3382 3008 3434 illis
3039 3392 3339 3445 consequa-

1787 3483 1906 3537 tur;
1936 3482 1987 3526 et
2017 3487 2261 3540 quaenam
2287 3471 2561 3538 privilegia
2590 3471 2930 3530 conveniant,
2957 3477 3010 3521 et
3039 3467 3344 3520 tribuantur

1787 3561 1854 3613 ah
1892 3576 1992 3624 eo,
2025 3561 2117 3629 qui
2158 3561 2297 3628 leges
2336 3560 2619 3630 priestituit
2671 3574 2702 3611 a
2748 3554 3046 3624 principio,
3081 3553 3346 3622 nobisque

1787 3651 1910 3703 vitae
1935 3660 2133 3704 statum
2161 3651 2378 3720 posuit?
2405 3649 2741 3704 Judicahitur
2767 3648 2906 3702 enim
2942 3646 3056 3716 ipsa
3083 3659 3191 3715 prce
3227 3645 3345 3697 aliis

1792 3747 2011 3800 omnino
2046 3745 2356 3798 honoratior
2380 3785 2392 3807 ,
2436 3759 2497 3798 ac
2525 3744 2761 3796 veritatis
2789 3743 2949 3794 etiam
2990 3756 3019 3794 a
3059 3738 3208 3792 valde
3243 3738 3344 3789 itu-

1793 3837 1972 3906 probis
1999 3845 2232 3889 exorata}
2254 3835 2479 3904 dignita,
2517 3834 2619 3887 erit
2655 3834 2707 3885 in
2749 3831 2909 3899 250
2937 3827 3209 3890 confesso,
3243 3828 3342 3879 etsi

1791 3928 1993 3994 decepti
2018 3926 2386 3980 delectationis
2412 3926 2655 3977 illecebra
2675 3923 2724 3975 in
2742 3921 3068 3974 contrarium
3093 3933 3211 3974 sese
3239 3918 3349 3969 dis-

1763 4041 1775 4051 κ
1796 4019 1996 4072 oositos
2031 4017 2285 4083 operibus
2313 4015 2601 4067 exhibeant
2628 4055 2642 4079 ,
2691 4027 3029 4082 nequaquam
3063 4010 3348 4064 ratiocina-

1794 4129 1935 4170 nonc
1981 4113 2241 4166 delt-etum
2275 4110 2527 4164 facientes
2561 4109 2698 4179 ejus,
2738 4109 2881 4178 quod
2924 4107 3159 4176 prodest.
3190 4103 3349 4168 Qttato

1803 4223 1925 4260 nam
1978 4206 2139 4273 igitur
2176 4213 2440 4273 prmccpta
2494 4202 2592 4256 fuit
2639 4201 2840 4254 homini
2893 4201 3124 4266 pritntttn
3178 4197 3350 4248 t-ﬂit-to

1797 4301 1901 4350 \ita
1930 4297 1953 4349 ’ἓ
1987 4313 2003 4344 ι
2035 4294 2408 4354 Manducahis,
2436 4293 2624 4358 inquit,
2671 4291 2848 4341 letntm
2886 4287 2998 4357 agri
3029 4288 3096 4339 ⁹⁷.
3129 4307 3145 4338 ι
3185 4286 3246 4338 Et
3286 4303 3347 4338 ne

1796 4388 1917 4455 quis
1960 4383 2399 4438 ratiocinationes
2434 4381 2497 4433 ad
2535 4383 2634 4433 huc
2676 4395 2819 4433 nunc
2849 4381 3225 4450 persttasihiles
3266 4379 3347 4429 in-

141 4457 226 4507 τοῦ
266 4457 668 4522 προστάξαντος
716 4460 860 4520 ἀξία.
899 4461 1049 4526 Τάχα
1081 4462 1135 4512 δὲ
1172 4464 1262 4513 καὶ
1304 4458 1369 4530 ἦν
1407 4463 1677 4531 λυσιτελὴς

1791 4477 2053 4547 quirendo
2088 4481 2471 4538 commoveret,
2503 4481 2682 4524 utrum
2723 4471 2919 4524 animal
2958 4468 3222 4522 rationale
3260 4470 3349 4520 de-

141 4545 336 4610 μᾶλλον
384 4545 460 4614 τῷ
492 4547 780 4616 ἀνθρώπῳ,
823 4550 914 4600 καὶ
967 4551 1371 4620 ἐπιτηδειοτέρα
1405 4555 1540 4622 πρὸς
1594 4555 1690 4622 τὴν

143 4637 574 4707 σπουδαζομένην
627 4641 736 4700 τοῖς
802 4641 921 4691 κατ’
970 4642 1149 4693 εἰκόνα
1203 4644 1335 4695 Θεοῦ
1389 4646 1690 4715 γενομένοις

142 4725 414 4794 ἀγχίνοιαν
443 4729 504 4779 ὲκ
532 4729 627 4796 τῆς
678 4728 815 4795 ἄγαν
866 4732 1159 4802 ἁϐρότητος
1204 4733 1472 4802 βαροῦσαν
1507 4737 1562 4787 τὸ
1584 4737 1692 4788 δια-

145 4816 404 4880 νοητικὸν,
441 4818 533 4869 καὶ
569 4819 912 4878 σκοτίζουσαν
959 4821 1050 4873 τοῦ
1072 4822 1380 4887 λογιστικοῦ
1433 4826 1488 4874 το
1514 4827 1692 4889 διορα-

142 4905 284 4954 τικὸν
352 4907 444 4955 καὶ
491 4909 773 4973 νηφαλέον.
810 4911 929 4961 ’Ὁτι
993 4911 1099 4977 γὰρ
1175 4909 1286 4978 εἶχε
1333 4912 1496 4970 ταῦτα
1553 4914 1691 4964 οὕτω

145 4988 288 5057 πρὶν,
317 4990 375 5041 τὸ
409 4991 595 5042 δοκοῦν
628 4999 989 5066 σκοπήσωμεν
1022 4999 1257 5063 ὠλογον,
1301 5002 1560 5065 ἐγγυᾶται
1598 5003 1692 5071 τὴν

143 5079 406 5144 ἀπόδειξιν
441 5083 618 5134 καὶτὸ
673 5088 1023 5155 κηδεμονικὸν
1063 5091 1152 5141 τοῦ
1213 5093 1555 5160 Ποιήσαντος,
1607 5096 1691 5144 ἐπ’

144 5173 372 5245 ὠφελείᾳ
411 5175 503 5228 τοῦ
545 5182 835 5246 γενομένου
875 5188 1430 5255 πραγματευσαμένου
1463 5189 1566 5250 ἀεὶ,
1601 5191 1692 5241 καὶ

143 5262 233 5325 τὰς
266 5266 357 5316 ἐπὶ
379 5264 438 5318 τὸ
461 5267 636 5335 χεῖρον
657 5267 812 5334 ἡμῶν
848 5271 1017 5338 ῥοπὰς
1053 5275 1450 5340 συγκαταϐἀσει
1481 5275 1689 5328 διαθέν-

145 5368 227 5412 τος
258 5354 391 5422 πρὸς
417 5357 476 5406 τὸ
504 5357 790 5424 ὠφέλιμον.
830 5359 900 5409 Τὸ
935 5361 1038 5429 γὰρ
1070 5365 1204 5428 μετὰ
1237 5363 1567 5435 παράϐασιν,
1599 5368 1690 5418 καὶ

148 5446 425 5512 παρακοὴν
466 5446 538 5515 μὴ
575 5449 886 5500 καταλιπεῖν
920 5451 993 5511 ὡς
1025 5452 1438 5523 ἀπεγνωσμένον
1470 5455 1559 5506 τὸν
1591 5473 1690 5509 και

150 5533 480 5603 ταφρονητὴν
507 5536 858 5607 ἀπρονόητον,
890 5539 1112 5612 δευτέρᾳ
1131 5542 1186 5596 δὲ
1218 5545 1422 5616 μεθόδῳ
1451 5547 1510 5597 τὸ
1541 5549 1687 5618 πρῶ-

214 5688 261 5719 "
293 5686 435 5745 Gen.
468 5704 550 5758 ut,
580 5690 660 5744 lt).

1751 4578 1759 4597 “
1791 4578 1908 4623 ceat
1941 4567 2231 4629 belluinus,
2268 4573 2323 4618 ut
2351 4564 2561 4617 videtur
2583 4601 2596 4623 ,
2626 4560 2840 4613 vietus?
2885 4558 3134 4626 prohibet
3170 4560 3351 4612 curio-

1792 4660 2005 4712 sitatem
2047 4655 2412 4722 indagationis
2447 4651 2736 4703 auctoritas
2764 4650 2881 4716 ejus
2909 4687 2923 4711 ,
2954 4651 3045 4716 qui
3081 4651 3347 4718 praecepit.

1791 4749 1950 4802 Forte
1981 4761 2104 4799 vero
2131 4754 2181 4796 et
2208 4743 2376 4810 magis
2411 4755 2680 4809 congruos
2709 4738 2811 4793 fuit
2846 4740 3076 4805 homini,
3107 4751 3158 4792 et
3181 4742 3351 4807 magis

1795 4839 2019 4891 idoneus
2040 4877 2054 4898 ,
2090 4850 2252 4905 quam
2286 4849 2404 4902 quze
2432 4834 2498 4886 ab
2529 4832 2677 4896 aliis,
2714 4833 2805 4902 qui
2841 4833 3135 4887 secundum
3166 4833 3351 4900 imagi-

1796 4944 1916 4982 nem
1961 4926 2052 4981 Dei
2092 4926 2292 4981 conditi
2334 4934 2498 4989 sunt,
2540 4934 2868 4993 qutererctur
2913 4924 3155 4974 anxietas
3194 4937 3223 4975 e
3269 4926 3351 4976 ni-

1797 5020 1919 5075 miis
1946 5019 2154 5074 deliciis
2188 5032 2483 5088 aggravans
2512 5016 2857 5076 intellectum,
2889 5021 2941 5064 et
2969 5014 3346 5080 perspicaciatn

1795 5114 2023 5168 rationis
2057 5111 2418 5163 obtenebrans
2442 5118 2601 5175 atque
2632 5105 2985 5175 vigilantiam.
3021 5103 3171 5169 Quod
3206 5106 3346 5160 enim

1795 5206 1906 5259 hate
1937 5207 2008 5258 ita
2041 5219 2098 5256 sc
2126 5202 2411 5254 habuerint
2441 5210 2596 5253 antea
2625 5239 2638 5262 ,
2689 5198 3094 5252 consideremus
3147 5213 3210 5249 an
3232 5237 3244 5258 ,
3295 5210 3347 5249 ut

1793 5295 2022 5356 videtur,
2056 5292 2124 5344 sit
2154 5290 2470 5343 rationabile
2497 5305 2510 5352 ;
2547 5285 2806 5354 promittit
2837 5287 2978 5338 enim
3014 5288 3349 5338 demonstra-

1793 5388 1996 5440 tionem
2055 5384 2359 5437 Conditoris
2423 5379 2648 5432 sollicita
2700 5394 2824 5432 cura
2865 5419 2879 5442 ,
2947 5376 3039 5444 qui
3099 5374 3152 5426 in
3203 5375 3339 5428 utili-

1797 5490 1960 5533 tatem
1992 5491 2104 5531 suae
2132 5460 2392 5531 creatura;
2422 5488 2634 5541 semper
2657 5474 2834 5527 omnia
2864 5469 3019 5524 etIicit
3044 5509 3058 5533 ,
3090 5477 3142 5522 et
3176 5469 3346 5522 indul-

1795 5568 1969 5638 gentia
2018 5584 2113 5623 sua
2166 5575 2383 5621 naturas
2426 5575 2636 5622 ttostras
2679 5560 3054 5631 propensiores
3100 5562 3150 5616 in
3200 5558 3344 5630 pejus
