4052 6336
75 280 199 340 993.
879 288 973 346 DE
1009 289 1133 348 \‘OI
1156 285 1491 348 UNTARIA
1522 290 2009 350 PAUPERTATE
2051 294 2146 352 AD
2182 295 2523 358 MAGNANI.
3183 305 3292 369 994

74 388 170 452 την
217 381 346 452 γῆν
401 386 813 457 δωροφοροῦσαν
853 392 919 442 τὰ
961 394 1124 462 αὐτῆς
1153 394 1328 460 ἀγαθὰ
1366 395 1498 465 πρὸς
1531 395 1635 445 ἀπὸ

1728 445 1730 452 .
1765 407 1990 462 terrena,
2033 389 2340 469 terramque
2375 402 2568 457 habere
2599 419 2694 458 sua
2732 405 2866 458 bona
2901 409 3154 463 munifice
3192 412 3300 465 lar-

73 479 272 529 λαυσιν
326 479 652 552 σύμμετρον
675 498 688 510 ·
719 484 882 551 μηδὲν
915 486 1208 554 κεκτῆσθαι
1239 488 1293 535 ἐν
1325 485 1530 553 κόσμῳ,
1567 503 1635 537 κα

1758 488 1982 554 gientem
2035 490 2099 540 ad
2142 503 2624 547 eomntensuratam
2672 495 3017 550 fruiti0nem:
3063 501 3192 552 nihil
3243 503 3293 554 in
3385 486 3387 488 ’

74 567 195 634 μετ’
243 567 542 634 ἐξουσίας,
584 572 671 623 ὅτε
705 573 801 637 δεῖ,
844 575 1138 642 κεχρῆσθαι
1187 578 1296 636 τοῖς
1341 574 1528 626 τούτου
1565 593 1632 627 κα

1760 577 1858 630 hoc
1895 578 2094 633 mundo
2128 580 2426 647 possidere,
2455 593 2506 636 et
2535 598 2656 658 cum
2687 589 3021 646 auctoritate,
3052 589 3297 655 quando-

1759 685 1968 738 Cunque
2016 681 2259 739 Oportet,
2311 671 2451 725 illius
2495 673 2649 728 benis
2691 676 2801 740 uti;
2853 677 3051 729 servire
3089 679 3295 730 sincero

1755 762 2013 824 Creatori,
2046 771 2100 816 et
2125 774 2422 816 creaturam
2455 764 2518 815 ad
2551 776 2632 825 ea,
2668 765 2863 832 quibus
2890 781 3021 832 opus
3049 779 3128 818 est
3150 807 3164 831 ,
3200 782 3294 834 pro

1756 869 1855 906 usu
1887 854 2036 921 quasi
2065 853 2320 906 tributum
2349 854 2599 921 colligere
2623 895 2637 918 ,
2670 863 2727 907 ut
2760 856 2887 908 libet
2913 871 2926 906 :
2963 856 3052 908 hic
3083 857 3295 924 inquili-

1756 958 1882 996 num
1909 957 2060 1006 esse,
2105 952 2158 996 et
2191 943 2318 995 inibi
2356 942 2737 996 habitationem
2780 945 3005 1012 eligere,
3045 945 3133 998 ubi
3174 961 3294 999 “re

1753 1042 1837 1087 est
1865 1032 2122 1086 habitatio
2158 1051 2170 1084 :
2216 1032 2347 1084 nihil
2383 1033 2578 1086 ducere
2607 1033 2825 1100 dignum
2860 1034 3035 1087 studio
3062 1049 3248 1088 eorum
3275 1074 3290 1099 ,

1753 1136 1873 1189 quae
1903 1121 1991 1174 hic
2022 1130 2268 1182 manent;
2306 1134 2367 1172 ea
2399 1135 2524 1171 vero
2551 1107 2717 1197 pluris
2753 1119 2928 1172 facere
2959 1136 3293 1188 quaecunque

1752 1206 2067 1275 contingunt
2094 1206 2156 1257 ad
2193 1206 2339 1257 illum
2375 1206 2681 1257 terminum.
2720 1205 2867 1258 llanc
2893 1206 3076 1258 statuit
3110 1206 3291 1258 mundi

1752 1294 1924 1361 opifex
1975 1294 2283 1346 hominibus
2321 1292 2385 1345 ab
2441 1295 2593 1347 initio
2635 1296 2847 1348 vivendi
2893 1299 3153 1350 rationem
3181 1337 3196 1359 ,
3238 1309 3291 1348 et

1753 1384 1890 1435 hanc
1916 1384 2017 1451 ipsi
2041 1384 2348 1436 obedientes
2376 1383 2544 1436 sancti
2577 1398 2761 1436 omnes
2785 1399 3027 1452 egerunt,
3061 1400 3158 1438 nec
3191 1386 3289 1438 ha-

1751 1473 1981 1527 buerunt
2027 1483 2181 1526 terra:
2218 1473 2748 1540 quantulamcmtque
2781 1489 3084 1527 mensuram
3127 1491 3286 1542 quam

71 660 182 718 Σιοίς
203 672 218 682 ·
254 658 552 712 δουλεύειν
574 662 804 731 γνησίως
828 663 907 731 τῷ
928 664 1199 725 Κτίσαντι,
1234 664 1324 714 καὶ
1355 665 1453 733 τὴν
1482 665 1654 716 κτίσιν

67 745 465 816 δασμολογεῖν
493 751 630 820 πρὸς
651 753 709 803 τὸ
752 753 1023 820 χρειῶδες,
1055 753 1124 814 ὠς
1155 752 1394 821 βούλεται
1421 769 1434 784 ⁸
1470 771 1656 823 παροιο

70 840 186 887 κεῖν
217 839 504 902 ἐνταῦθα,
544 842 636 892 καὶ
669 840 764 912 τὴν
797 843 1077 893 ’κατοικίαν
1116 841 1381 912 αἱρεῖσθαι
1410 842 1534 894 ἔνθα
1564 845 1656 896 καὶ⁵

66 926 305 993 ἀληθῶς
347 932 600 982 κατοικία
626 932 784 983 ἐστί·
820 932 979 999 μηδὲν
1010 933 1255 1000 ἡγεῖσθαι
1279 933 1387 984 τῶν
1420 927 1523 985 ὧδε
1553 951 1650 1002 με-

68 1017 286 1069 νόντων
324 1021 642 1083 σπουδαῖον,
685 1021 851 1073 ταῦτα
887 1022 942 1073 δὲ
972 1023 1096 1092 περὶ
1130 1023 1320 1075 πολλοῦ
1369 1024 1650 1084 ποιεῖσθαι,

66 1106 168 1157 ὅσα
202 1109 522 1175 συμὸαίνει
555 1112 687 1180 πρὸς
715 1113 811 1174 τὴν
835 1112 988 1178 λῆξιν·
1017 1113 1248 1179 ἐκείνην.
1269 1114 1476 1184 Ταύτην
1503 1114 1653 1177 ἔταξε

68 1195 182 1255 τοῖς
226 1195 348 1247 ἀνθ
362 1197 611 1264 ρώποιςὲ
634 1201 964 1266 Δημιουργὸς
987 1199 1080 1266 τὴν
1103 1199 1243 1268 ζωὴν
1269 1199 1325 1262 ἐξ
1346 1201 1534 1270 ἀρχῆς,
1563 1204 1653 1253 καὶ

66 1285 293 1352 ταύτην
340 1286 494 1354 αὐτῷ
527 1286 854 1349 πεισθέντες,
905 1288 1131 1339 ἐϐίωσαν
1174 1292 1370 1349 πάντες
1407 1292 1454 1341 οἱ
1488 1292 1649 1356 ἆγιοι,

66 1374 167 1423 ob:
209 1369 384 1442 εἶχον
416 1376 518 1443 γῆς
547 1377 665 1427 οὐδὲ
714 1377 771 1426 τὸ
811 1377 970 1444 τυχὸν
1024 1378 1214 1445 μέτρον
1255 1380 1332 1440 εἰς
1372 1380 1652 1438 αύθεντίας

68 1463 234 1526 λόγον
279 1465 643 1531 αὖτόκτητον,
678 1465 770 1516 καὶ
806 1470 981 1518 πᾶσαν
1014 1467 1362 1536 ἐφορολόγουν
1402 1467 1497 1538 τὴν
1528 1469 1649 1536 γῆν,

65 1549 134 1601 τὰ
190 1549 456 1618 χρειώδη
521 1551 745 1620 ταύτης,
782 1551 909 1603 ἔνθα
947 1554 1011 1604 ἂν
1033 1552 1218 1621 ἔτυχεν
1239 1556 1542 1622 εὑρεθῆναι,
1578 1557 1636 1616 ὡς

1751 1563 1846 1631 ipsi
1880 1562 1982 1614 sub
2007 1561 2230 1614 dominii
2261 1560 2416 1614 titulo
2446 1560 2816 1627 possiderent;
2853 1569 2903 1613 et
2939 1577 3001 1613 ex
3037 1563 3286 1614 omnibus

68 1637 360 1688 δεσπόται
409 1639 796 1708 καρπούμενοι.
854 1632 1131 1708 Ούκῆσαν
1164 1643 1228 1694 ἐκ
1269 1643 1516 1705 πλούτου,
1561 1644 1636 1695 καλ

1753 1653 1908 1706 terris
1935 1652 2130 1705 tributa
2158 1649 2476 1718 colligebant
2506 1663 2589 1712 ea,
2622 1664 2740 1717 qua:
2781 1652 3082 1703 necessaria
3113 1663 3283 1713 erant,

66 1727 414 1789 δυναστείας
437 1733 542 1791 τοῖς
559 1731 857 1798 ἀνθρώποις
883 1732 1157 1799 ἐπίσημοι,
1191 1734 1280 1784 καὶ
1298 1733 1467 1802 θῆρας
1497 1735 1636 1785 ἐδυσ·

1751 1739 2058 1806 ubicunque
2083 1715 2316 1806 reperire
2337 1715 2666 1803 obtingebati,
2691 1737 2844 1804 quasi
2886 1738 3084 1792 domini
3119 1740 3287 1806 perci-

68 1814 265 1868 ὡπουν
312 1820 454 1888 πρὸς
502 1821 766 1890 ἐντροπὴν
818 1819 893 1887 τῷ
975 1822 1073 1888 τῆς
1121 1825 1316 1891 ἀρετῆς
1363 1823 1627 1891 ἀξιώματι

1745 1829 1969 1897 pientes.
2004 1828 2120 1881 Non
2153 1836 2306 1881 erant
2343 1837 2561 1895 propter
2595 1826 2837 1891 divitias,
2887 1837 2938 1880 et
2981 1836 3286 1894 potentatus

71 1909 185 1958 Οὐκ
228 1903 310 1976 ἦν
353 1909 536 1970 αὐτοῖς
566 1910 806 1980 οίκετικὴ
839 1911 1100 1980 θεραπεία
1145 1912 1203 1963 τὸ
1232 1912 1496 1981 βάναυσον
1527 1915 1636 1965 ἐπι-

1743 1919 1980 1985 insigues
2012 1917 2149 1983 apud
2184 1915 2453 1977 homines,
2486 1925 2540 1968 et
2568 1913 2710 1968 feras
2737 1913 3015 1968 ﬂectebant
3039 1917 3104 1968 ad
3136 1930 3286 1969 reve-

73 1994 356 2063 τρίϐουσα
410 1998 544 2063 πρὸς
600 1997 789 2066 θρύψιν
835 1999 928 2052 τοῦ
970 1998 1236 2068 σώματος,
1278 2002 1371 2054 καὶ
1414 2002 1636 2071 διηκόνει

1742 2009 1968 2060 rentiam
2034 2020 2143 2074 prae
2201 2005 2412 2057 virtutis
2477 2004 2762 2058 eminentis
2822 2005 3100 2073 dignitate.
3165 2008 3284 2059 Non

76 2085 210 2153 πρὸς
252 2086 325 2136 τὸ
367 2089 660 2154 ἀναγκαῖον
698 2089 878 2150 αὐτοῖς
914 2089 983 2141 τὰ
1010 2091 1148 2159 μέρη
1180 2094 1274 2160 τῆς
1299 2092 1542 2154 κτίσεως.
1571 2096 1636 2146 Οὐ

1740 2091 1897 2160 257
1920 2101 2037 2145 erat
2056 2083 2189 2158 ipsis
2218 2091 2413 2145 servile
2442 2090 2760 2143 famulitium
2784 2106 3037 2147 exercens
3059 2093 3287 2148 artificia

78 2174 269 2242 παρῆν
315 2176 638 2244 ἀχθοφόρων
687 2177 955 2246 ὑπηρεσία
996 2180 1203 2245 κτηνῶν
1250 2184 1329 2242 εἰς
1354 2199 1636 2250 μετακομι-

1746 2183 1808 2234 ad
1835 2180 2079 2249 corporis
2109 2180 2424 2241 mollitiem,
2460 2190 2511 2233 et
2542 2179 2918 2234 ministrabant
2946 2182 3010 2234 ad
3051 2184 3287 2237 necessi-

73 2263 164 2330 δὴν
218 2265 345 2316 τῶν
371 2268 687 2334 ἀγωγίμων,
731 2269 823 2319 καὶ
874 2269 1104 2338 κόρακες
1133 2270 1433 2339 διεκόμιζον
1469 2274 1636 2326 ταῦτα

1745 2281 1903 2326 tatem
1952 2271 2084 2339 ipsis
2123 2269 2272 2323 orbis
2301 2277 2565 2322 terrarum
2609 2269 2903 2336 portiones.
2943 2268 3287 2325 Non'aderat

74 2353 170 2420 τὴν
201 2355 442 2406 ἐκείνων
475 2355 661 2424 χρείαν
700 2357 1095 2426 ἐκπληροῦντες
1120 2360 1430 2430 ταχύτερον,

1742 2361 2098 2415 ministerium
2124 2359 2492 2428 iumentorum
2524 2371 2686 2412 onera
2716 2357 2996 2412 ferentium
3020 2360 3083 2413 ad
3108 2369 3285 2415 trans-

77 2445 356 2508 portanda
403 2461 463 2498 ea
494 2486 509 2510 ,
571 2461 691 2514 quze
735 2449 1076 2504 convehentla
1138 2462 1290 2505 erant
1330 2494 1346 2518 ,
1416 2463 1469 2509 et
1532 2456 1676 2511 corvi
1719 2471 1781 2512 ea
1844 2454 2193 2516 deferebant,
2240 2454 2482 2523 ipsorum
2530 2451 2684 2506 ocius
2719 2453 2991 2521 explentes
3042 2453 3285 2522 indigen-

76 2538 229 2590 tiam.

675 2651 918 2704 ΚΕΦΛΛ.
965 2650 1061 2704 ΙΘ’.

141 2755 302 2808 Φίλοι
330 2761 395 2827 τῇ
428 2757 755 2828 καθαρότητι
779 2761 871 2813 τοῦ
899 2761 1010 2830 βίου
1038 2764 1370 2815 ἐσπούδασαν
1387 2766 1633 2832 γενέσθαι

78 2846 347 2914 Χριστοῦ,
384 2850 476 2899 καὶ
503 2850 560 2899 ἐν
591 2852 703 2910 τοῖς
731 2849 821 2901 τοῦ
866 2852 1015 2918 φίλου
1045 2853 1301 2921 κτίσμασι
1332 2854 1636 2921 διετάξαντο
1693 2892 1703 2904 -

85 2937 221 3005 μετὰ
277 2939 592 3007 παρρησίας
638 2939 710 3000 ὡς
752 2941 1052 3010 ἠθέλησαν⁸
1112 2943 1372 3007 ἐπέταξαν
1426 2947 1632 3017 οὐρανῷ

86 3031 387 3095 παρασχεῖν
413 3031 522 3090 τοῖς
553 3028 820 3096 δεομένοις
847 3031 1067 3098 τροφὴν,
1105 3032 1195 3083 καὶ
1231 3031 1405 3100 μάννα
1431 3033 1633 3094 τούτοις

83 3113 155 3174 ὡς
186 3114 488 3182 ἐκελεύσθη
509 3119 865 3182 κατήνεγκενο
896 3118 1202 3179 ἐξέκλεισαν
1233 3120 1417 3173 ἄλλοτε
1449 3122 1633 3173 τοῦτον

83 3205 168 3253 ἐπὶ
196 3204 532 3271 ἀγνωμόνων
561 3203 772 3272 παιδεία
793 3243 806 3265 ,
841 3207 930 3256 καὶ
969 3207 1036 3259 τὰ
1070 3209 1272 3278 συνήθη
1310 3211 1632 3278 μαιμάσσων

82 3291 316 3362 ἐπέσχεν
350 3294 502 3345 ὑετὸν
538 3294 701 3360 τριῶν
730 3293 860 3344 ἐτῶν
891 3294 1189 3361 βαστάσας,
1221 3300 1313 3349 καὶ
1349 3298 1536 3367 μηνῶν
1575 3297 1632 3361 ἐξ

87 3378 246 3450 βάρος
277 3383 538 3451 συναχθὲν
584 3382 659 3450 τῷ
689 3385 859 3451 χρόνῳ
903 3385 1018 3434 κατ’
1055 3367 1229 3453 δλίγον
1275 3389 1352 3449 εἰς
1398 3388 1629 3439 ἄδυσσον

87 3473 351 3540 κυοφορον
373 3474 458 3524 διὰ
491 3475 612 3534 τοὺς
638 3472 1052 3541 προστάξαντας.
1094 3477 1370 3546 Ὠμερησε
1401 3477 1491 3529 καὶ
1521 3475 1643 3555 πῦρ⁷

89 3563 272 3624 νυκτός
301 3581 426 3614 ποτε
451 3565 800 3631 καταπρῆσαί
817 3581 964 3626 τινας
983 3565 1280 3634 ἀλάστορας
1304 3566 1623 3627 κελευσθεὶς,

87 3651 172 3701 καὶ
206 3652 449 3719 χάλαζαν
479 3654 861 3721 ἐσφενδόνησεν
887 3643 1071 3705 ἄλλοτε
1116 3655 1236 3705 καθ’
1284 3654 1481 3724 ἐτέρων
1508 3657 1626 3706 ἀνό-

91 3755 200 3802 μων
243 3741 522 3808 εὐστόχοις
556 3739 765 3807 βολαῖς,
802 3741 895 3793 καὶ
923 3741 1089 3792 πολὺν
1116 3743 1170 3791 ἐν
1203 3743 1412 3802 ἑαυτοῖς
1441 3743 1626 3811 εἰργά-

88 3844 210 3883 σατο
259 3830 489 3882 Θάνατον
516 3870 528 3893 ,
558 3830 714 3880 τοῦτο
749 3831 856 3880 τῶν
888 3830 1108 3880 δικαίων
1145 3829 1369 3913 ἐκείγων
1407 3830 1481 3898 τῷ
1509 3831 1625 3882 νεύ-

92 3936 208 3984 ματι
232 3921 520 3988 διδαχθείς.
565 3919 670 3986 Γῆν
697 3919 982 3987 διέστησαν
1010 3921 1247 3988 χάσματι
1274 3922 1507 3992 μεγάλῳ,
1535 3925 1625 3976 καί

89 4010 304 4074 σκηναῖς
338 4011 451 4075 ἅμα
475 4050 490 4072 ,
531 4009 624 4060 καὶ
653 4009 869 4077 κτήνεσι
915 4009 1186 4071 πολυζώου
1235 4012 1432 4082 ἀγέλης
1455 4052 1468 4076 ,
1499 4014 1623 4075 τοὺς

88 4097 392 4159 στασιώδεις
439 4100 745 4166 κατήγαγον
797 4101 926 4169 προς
978 4101 1357 4170 καταχθονίους
1400 4102 1619 4170 μυχούς.

90 4182 244 4235 Bob?»
289 4189 602 4253 ἡπείρωσαν
641 4190 718 4246 εἰς
757 4187 1024 4255 λεωφόρον
1060 4189 1207 4249 ὁδὸν,
1238 4189 1331 4239 καὶ
1365 4189 1464 4256 γῆν
1513 4190 1619 4240 ἐλί-

2240 2637 2249 2646 ’
2304 2645 2528 2701 CAPUT
2561 2645 2699 2702 XIX.

1803 2762 1972 2817 Amici
2021 2759 2218 2814 Christi
2261 2757 2393 2811 cliici
2432 2757 2661 2825 puritate
2691 2741 2813 2811 vitm
2863 2758 3204 2823 studuerunt,
3231 2767 3287 2813 et

1740 2855 1792 2908 in
1842 2852 2000 2907 amici
2048 2848 2482 2919 possessionibus
2531 2862 2628 2915 pro
2679 2846 2830 2900 libito
2883 2862 3006 2901 cum
3043 2847 3284 2902 libertate

1733 2945 2116 3013 disposuerunt
2140 2958 2153 2993 :
2179 2940 2508 3006 imperarunt
2528 2938 2682 3001 cmlo,
2700 2936 3283 2994 utexbiberetalimen-

1733 3047 1843 3089 tum
1884 3033 2185 3102 egentibus,
2233 3040 2284 3083 et
2326 3044 2523 3082 manna
2565 3028 2716 3097 ipsis,
2779 3027 2855 3082 uti
2891 3026 3062 3081 fuerat
3114 3027 3282 3096 impe-

1731 3135 1928 3187 ratum,
1958 3123 2160 3184 attulit;
2188 3123 2360 3188 ipsum
2395 3119 2528 3172 alias
2556 3119 2894 3172 occluserunt
2927 3117 2993 3171 ad
3024 3116 3282 3184 insipien-

1732 3216 1862 3268 tium
1896 3212 2218 3271 doctrinam,
2247 3219 2298 3262 et
2327 3210 2455 3262 illud
2487 3219 2742 3262 consueta
2765 3207 3079 3274 percupiens
3105 3207 3277 3259 tribus

1726 3297 1904 3358 annis.
1945 3306 1999 3349 et
2049 3309 2139 3348 sex
2177 3293 2452 3346 mensibus
2506 3291 2738 3360 pluviam
2779 3291 3017 3344 cohibuit
3056 3305 3277 3358 portans

1727 3402 1885 3457 grave
1943 3385 2149 3455 pondus
2206 3393 2443 3450 tempore
2517 3389 2828 3448 congestum
2904 3380 3159 3448 paulatim
3219 3381 3276 3436 in

1724 3476 1999 3545 abyssum,
2031 3472 2185 3542 quasi
2225 3481 2433 3524 uterum
2467 3469 2767 3539 gravidum,
2822 3479 3039 3538 propter
3069 3483 3161 3523 eos
3183 3468 3276 3538 qui

1727 3565 2073 3620 mandabant.
2116 3562 2256 3617 Pluit
2305 3575 2429 3614 vero
2476 3567 2530 3615 et
2576 3560 2704 3612 illud
2763 3558 3048 3638 aliquando
3079 3560 3274 3629 ignem,

1725 3668 1846 3707 cum
1879 3651 2088 3720 iussum
2126 3648 2314 3701 fuisset
2350 3646 2667 3699 comburere
2693 3647 2954 3713 quosdam
2974 3644 3206 3714 impios;
3222 3654 3275 3699 et

1723 3741 2036 3814 grandinem
2097 3749 2352 3807 tanquam
2429 3735 2592 3788 funda
2651 3735 2945 3802 jaculatum
3000 3742 3084 3788 est
3139 3735 3274 3788 alias

1725 3832 1982 3885 adversus
2011 3827 2146 3880 alios
2185 3825 2401 3891 iniquos
2425 3823 2489 3874 ad
2525 3835 2746 3887 scopum
2772 3820 2990 3873 directis
3014 3821 3270 3888 jactibns,

1723 3931 1776 3976 et
1817 3894 2100 3988 plurimam
2157 3915 2208 3967 in
2257 3912 2389 3981 ipsis
2446 3911 2862 3964 internecionem
2909 3911 3158 3977 patravit,
3218 3913 3268 3963 id

1725 4021 1851 4066 nutu
1891 4010 2154 4078 justorum
2207 4005 2419 4056 illorum
2466 4001 2740 4054 edocente.
2781 3998 2996 4052 Terram
3038 3999 3270 4054 discide-

1722 4107 1843 4156 runt
1876 4098 2078 4167 ingenti
2133 4096 2299 4157 hiatu,
2330 4101 2381 4146 et
2414 4094 2695 4147 seditiosos
2746 4092 2906 4145 simul
2936 4105 3057 4143 cum
3094 4099 3268 4144 tento-

1721 4194 1834 4255 riis,
1864 4198 1915 4244 et
1937 4188 2247 4242 animalium
2278 4185 2610 4239 multimodis
2635 4183 2880 4250 gregibus
2908 4183 2971 4234 ad
2996 4181 3270 4235 subterra-

91 4289 297 4336 μνωσαν
321 4275 543 4342 ἄνυδρον
566 4277 642 4334 είς
675 4275 897 4339 ἄφθονον
930 4275 1118 4339 χρῆσιν
1147 4275 1237 4325 τοῦ
1266 4277 1390 4339 πρὶν
1424 4278 1615 4328 σπανί-

1728 4293 1850 4332 neos
1887 4277 2222 4330 deduxerunt
2260 4287 2471 4340 specus.
2512 4269 2839 4323 Profundum
2879 4269 3093 4336 pelagus
3139 4269 3268 4322 ede-

89 4361 258 4425 ζοντος
292 4364 498 4425 ὓδατος.
551 4364 841 4430 Ποταμοὺς,
870 4363 1077 4428 διῆλθον
1103 4364 1312 4431 ἀϐρόχῳ
1344 4365 1489 4426 ποδὶ,
1520 4382 1608 4414 κα⁶

89 4453 212 4522 μξνῳ
243 4455 413 4523 πυρὸς
437 4455 934 4524 ἐμπεριεπάτησαν,
968 4455 1059 4503 καὶ
1088 4455 1252 4522 πυρὸς
1284 4455 1483 4524 βλάϐην
1518 4457 1616 4508 οὐκ

88 4538 350 4607 ἔγνωσαν,
407 4543 652 4609 καθάπερ
701 4539 849 4591 ὕδατι
895 4539 1083 4609 ψυχρῷ
1128 4543 1237 4601 τοῖς
1280 4543 1488 4610 σώμασι
1549 4546 1611 4612 τῇ

89 4629 231 4696 φλογὶ
254 4631 641 4700 μαχεσάμενοι,
676 4631 766 4681 καὶ
796 4631 854 4682 τὸ
888 4630 1203 4699 φθοροποιὸν
1228 4631 1303 4700 τῷ
1329 4633 1614 4702 εὐφθὰρτῳ

91 4723 412 4786 νικήσαντες.
453 4719 666 4787 Θηρίων
697 4719 885 4787 θυμοῖς
919 4722 995 4780 εἰς
1024 4721 1185 4787 βορὰν
1220 4722 1608 4791 παρεδόθησαν,

91 4808 170 4856 καὶ
221 4809 318 4876 τῆς
378 4808 579 4860 τούτων
635 4810 828 4876 ’πεῖραν
892 4809 986 4858 οὐκ
1034 4808 1220 4858 ἐλαῦον
1273 4810 1609 4880 ἀγριότητος,

92 4895 325 4962 καθάπερ
353 4896 527 4963 ἐπῳδῇ
557 4894 942 4964 τιθασσευοῦσῃ
967 4897 1096 4963 πρὸς
1119 4897 1424 4963 ἡμερότητα
1447 4912 1609 4964 προσ-

92 4989 205 5056 ευχῇ
237 4988 453 5046 τούτους
481 4985 836 5053 πραΰναντες.
867 4988 1058 5046 Σκότος
1080 4988 1314 5054 ἀφεγγὲς
1340 4985 1604 5052 κατηύγα-

95 5091 178 5126 σαν
195 5078 366 5147 στόλῳ
401 5077 568 5143 πυρός
586 5091 597 5102 ·
627 5077 988 5143 μεσημϐρινὸν
1011 5077 1317 5129 ἀνέστειλαν
1340 5075 1608 5135 καύσωνα,

97 5168 396 5228 σκιάσαντες
448 5170 557 5227 τοῖς
618 5165 950 5231 ὁδοιποροῦσι
1010 5166 1199 5233 νεφέλῃ
1258 5165 1318 5216 τὸ
1382 5164 1603 5232 αἴθριον.

96 5256 256 5327 ’Υδωρ
290 5257 506 5325 πικρὸν,
541 5255 631 5307 καὶ
662 5255 876 5320 ἀγονίας
913 5257 974 5320 τῇ
1007 5258 1072 5322 γῇ
1101 5257 1269 5307 αἴτιον
1299 5243 1421 5307 ἄλλο
1460 5254 1607 5305 πύτι-

101 5363 182 5411 μον
203 5350 311 5410 τοῖς
339 5346 528 5414 διψῶσι
553 5385 568 5411 ,
607 5347 698 5399 καὶ
740 5346 868 5415 πρὸς
915 5345 1120 5406 γένεσιν
1160 5345 1381 5413 καρπῶν
1423 5344 1610 5415 ἐπιτή-

97 5435 213 5490 δειον
249 5436 518 5505 παρέσχον
539 5438 650 5498 τοῖς
682 5439 990 5504 νεμομένοις
1024 5435 1119 5503 τὴν
1160 5435 1340 5502 χώραν
1375 5433 1604 5504 ἐκείνην.

99 5526 316 5600 Στείραις
366 5527 698 5596 ἐδωρήσαντο
743 5529 943 5578 τέκνων
987 5525 1166 5592 γονὴν,
1210 5523 1304 5574 καὶ
1349 5523 1607 5587 θανόντας

1714 4373 1901 4419 eerunt
1922 4361 2281 4415 continentem
2301 4365 2496 4410 terram
2520 4355 2584 4406 ad
2609 4356 2742 4406 vlam
2769 4354 2983 4423 Regiam
3014 4356 3229 4408 munien
3246 4384 3264 4394 -

1714 4453 1857 4514 dam,
1907 4458 1960 4501 et
1993 4457 2184 4500 terram
2233 4444 2348 4497 sine
2389 4456 2526 4508 aqua
2571 4449 2821 4510 stagnare
2871 4442 2934 4493 ad
2985 4442 3262 4509 copiosum

1714 4557 1871 4597 usum
1924 4540 2082 4608 ejus.
2130 4530 2222 4603 qui
2288 4543 2440 4586 antea
2499 4533 2721 4601 penuria
2753 4532 3032 4585 laborabat
3088 4544 3257 4596 aquae.

1715 4631 1930 4685 Fluvios
1983 4626 2312 4679 transierunt
2384 4622 2515 4692 pede
2572 4622 2878 4691 neutiquam
2940 4618 3255 4682 madefacto,

1712 4719 2054 4771 ambularunt
2085 4713 2136 4766 in
2173 4711 2314 4782 ignis
2344 4712 2576 4777 camino,
2608 4720 2660 4764 et
2693 4711 2828 4779 ignis
2851 4709 3099 4761 damnum
3151 4719 3256 4758 non

1711 4815 1928 4869 norunt,
1960 4802 2408 4874 quemadmodum
2437 4801 2608 4867 gelida
2631 4812 2766 4867 aqua
2795 4793 3107 4861 corporibus
3131 4807 3253 4845 cum

1711 4897 1871 4966 253
1893 4895 2102 4948 llainma
2125 4892 2276 4948 conﬂi
2286 4902 2486 4961 gentes,
2507 4897 2560 4943 et
2581 4902 2646 4942 eo
2673 4884 2810 4953 quod
2835 4881 2987 4934 facile
3008 4896 3252 4936 corrum-

1711 4988 1852 5054 pitur
1877 4974 2148 5038 vincentes
2179 4981 2251 5041 id,
2283 4979 2423 5048 quod
2451 4975 2710 5029 veraciter
2735 4971 3131 5038 corruptionem
3162 4971 3248 5024 in-

1710 5076 1811 5130 fert
1835 5095 1847 5130 :
1874 5075 2052 5129 traditi
2077 5080 2200 5125 sunt
2221 5067 2519 5123 furibundae
2546 5065 2636 5116 irae
2653 5062 2945 5117 belluarum
2966 5063 3028 5114 ad
3046 5075 3246 5121 escam,

1711 5183 1806 5222 nec
1858 5167 2020 5220 ullum
2071 5161 2492 5228 experimentum
2547 5169 2732 5208 earum
2765 5153 2988 5218 feritatis
3027 5162 3250 5216 accepe-

1709 5264 1849 5320 runt,
1879 5252 2117 5306 oratione
2133 5247 2287 5316 quasi
2306 5245 2546 5300 carmine
2568 5245 2840 5299 cieurante
2861 5243 2924 5293 ad
2947 5247 3250 5291 mansuetu-

1708 5347 1883 5398 dinem
1935 5345 2078 5409 ipsas
2115 5338 2397 5394 lenientes.
2450 5336 2718 5391 Tenebras
2765 5332 3020 5383 obscuras
3049 5327 3252 5380 illumi-

1709 5441 1900 5487 narunt
1941 5433 2186 5484 columna
2234 5429 2405 5498 ignis;
2440 5427 2788 5482 meridianum
2835 5419 3075 5474 atdorem
3108 5418 3248 5469 ὶιιίιίο

1706 5522 1970 5581 buerunt,
2037 5517 2286 5584 viamque
2343 5512 2678 5582 carpentibus
2721 5508 2860 5561 nube
2896 5509 2970 5558 uti
3019 5506 3248 5559 tentorio
