4052 6336
69 281 177 341 993
189 327 198 337 .

866 288 960 346 DE
997 289 1120 348 VOI
1143 285 1478 349 UNTARIA
1509 289 1997 349 ‘PAUPERTATE
2038 292 2134 349 AD
2169 293 2510 354 MAGNAM.

3169 299 3279 364 994

67 390 168 454 τὴν
217 385 342 454 γῆν
386 386 800 458 δωροφοροῦσαν
840 393 906 442 τὰ
948 394 1112 462 αὐτῆς
1141 395 1316 459 ἀγαθὰ
1353 395 1484 464 πρὸς
1519 394 1646 444 ἀπὸ-

1752 405 1978 460 terrena,
2022 407 2327 466 terramque
2363 400 2555 454 habere
2586 415 2682 454 sua
2719 401 2854 454 bona
2889 405 3141 459 munifice
3179 408 3288 460 lar-

68 480 276 530 λαυσιν
326 480 640 552 σύμμετρον
662 498 675 510 ⁶
707 484 869 551 μηδὲν
903 486 1196 554 κεκτῆσθαι
1226 487 1280 534 ἐν
1313 485 1518 552 κόσμιε),
1554 486 1643 535 καὶ

70 568 197 634 μετ’
246 569 529 634 ἐξουσίας,
572 572 658 624 ὅτε
693 573 789 637 δεῖ,
832 575 1125 643 κεχρῆσθαι
1175 577 1284 636 τοῖς
1329 574 1516 626 τούτου
1552 592 1646 625 κα-

67 661 182 719 λοῖς
204 673 219 684 ⁸
259 659 540 712 δουλεύειν
562 662 792 731 γνησίως
816 663 894 731 τῷ
915 664 1187 725 Κτίσαντι,
1222 663 1312 714 καὶ
1343 664 1441 732 τὴν
1469 664 1642 714 κτίσιν

63 747 452 818 δασμολογεῖν
481 752 618 821 πρὸς
640 753 697 804 τὸ
740 753 1010 820 χρειῶδες,
1043 753 1113 814 ὡς
1143 751 1382 820 βούλεται
1409 768 1422 783 °

63 928 310 994 ἀληθῶς
341 932 588 983 κατοικία
614 932 734 983 ἐστί
759 949 773 962 ο
808 931 968 999 μηδὲν
998 933 1244 1000 ἡγεῖσθαι
1267 932 1376 984 τῶν
1409 926 1508 984 ὦδε
1542 950 1638 1000 με-

67 1018 293 1070 νόντων
324 1021 630 1084 σπουδαῖον,
673 1022 840 1073 ταῦτα
875 1022 930 1074 δὲ
961 1023 1085 1092 περὶ
1119 1022 1308 1074 πολλοῦ
1357 1023 1639 1083 ποιεῖσθαι,

63 1107 171 1159 lca.
205 1109 511 1176 συμϐαίνει
544 1113 676 1180 πρὸς
703 1113 800 1175 τὴν
824 1112 977 1178 λῆξιν·
1005 1113 1237 1179 ἐκείνην.
1258 1113 1465 1182 Ταύτην
1491 1113 1642 1176 ἔταξε

65 1196 184 1256 τοῖς
231 1197 341 1248 ἀνθ
353 1197 600 1266 ρώποιςό
623 1201 952 1266 Δημιουργδς
977 1199 1069 1266 τὴν
1092 1199 1232 1268 ζωὴν
1257 1199 1314 1262 ἐξ
1335 1201 1524 1269 ἀρχῆς,
1552 1202 1643 1252 καὶ

66 1286 299 1353 ταύτην
335 1286 482 1355 αὐτῷ
514 1287 843 1349 πεισθέντες,
895 1288 1121 1338 ἐϐίωσαν
1163 1291 1359 1348 παντες
1397 1291 1443 1340 εἰ
1478 1291 1638 1354 ἆγιοι,

65 1375 170 1424 οὒκ
215 1371 372 1443 εἶχον
405 1376 506 1444 γῆς
537 1377 654 1428 οὐδὲ
703 1376 762 1427 τὸ
801 1377 959 1444 τυχὸν
1013 1377 1204 1445 μέτρον
1244 1379 1321 1439 εἰς
1361 1378 1641 1436 αὑθεντίας

68 1464 240 1528 λόγον
286 1465 633 1532 αὖτὸκτητον,
668 1466 760 1517 καὶ
796 1470 971 1517 πᾶσαν
1003 1467 1351 1535 ἐφορολόγουν
1391 1466 1486 1537 τὴν
1518 1467 1639 1535 γῆν,

67 1550 137 1604 τὰ
195 1550 446 1619 χρειώδη
510 1552 734 1620 ταύτης,
773 1551 900 1602 ἔνθα
937 1553 1000 1603 ἂν
1023 1552 1207 1621 ἔτυχεν
1229 1554 1532 1620 εὑρεθῆναι,
1569 1555 1641 1615 ὡς

68 1638 349 1689 δεσπόται
398 1639 786 1708 καρπούμενοι.
843 1632 1122 1708 Οὐκῆσαν
1154 1643 1217 1692 ἐκ
1258 1641 1506 1704 πλούτου,
1550 1643 1640 1693 καὶ

1458 770 1532 804 πα
1543 770 1644 822 ροι⁶

67 841 188 889 κεῖν
221 840 492 903 ἐνταῦθα,
532 843 624 892 καὶ
657 841 753 912 τὴν
786 843 1064 893 ’κατοικίαν
1104 841 1369 911 αἱρεῖσθαι
1398 841 1521 893 ἔνθα
1552 843 1644 894 καὶ

1745 485 1970 552 gicutetn
2022 487 2086 538 ad
2129 500 2612 544 comntcnsuratam
2659 491 3005 546 frnitionem:
3050 496 3178 547 nihil
3230 497 3280 549 in

1748 576 1845 628 hoc
1883 577 2082 631 mundo
2116 578 2414 644 possidere,
2443 589 2494 632 et
2522 594 2642 633 eum
2675 585 3008 642 auctoritate,
3040 585 3284 650 quando-

1746 684 1956 736 cunque
2004 679 2248 736 oportet,
2298 669 2439 722 illius
2483 667 2636 724 bonis
2679 672 2788 735 uti;
2841 672 3040 725 servire
3077 675 3283 725 sincero

1743 761 2002 822 Creatori,
2034 769 2088 813 ct
2113 771 2410 812 creaturam
2443 760 2506 812 ad
2539 774 2621 822 ea,
2655 761 2851 828 quibus
2878 777 3009 828 opus
3037 774 3116 814 est
3139 803 3152 826 ,
3189 777 3282 828 pro

1745 868 1842 904 usu
1875 851 2024 919 quasi
2053 851 2309 904 tributum
2339 851 2587 918 colligere
2610 892 2625 915 ,
2659 859 2715 903 ut
2749 852 2875 904 libet
2902 867 2914 902 :
2953 851 3040 904 hic
3071 853 3283 918 inquili-

1745 957 1870 995 num
1898 955 2049 1003 esse,
2094 949 2146 993 et
2180 941 2306 992 inibi
2344 939 2725 992 habitationem
2768 942 2994 1008 eligere,
3033 941 3121 993 ubi
3162 958 3204 991 τι
3228 955 3282 993 ro

1742 1041 1825 1084 est
1853 1030 2110 1083 habitatio
2147 1047 2158 1081 :
2204 1029 2336 1081 nihil
2371 1030 2566 1082 ducere
2596 1029 2814 1096 dignum
2848 1029 3024 1083 studio
3051 1044 3236 1083 eorum
3263 1068 3279 1093 ,

1742 1134 1861 1188 quae
1893 1119 1979 1171 hic
2010 1126 2257 1179 manent;
2296 1131 2356 1168 ea
2389 1132 2512 1168 vero
2540 1114 2706 1193 pluris
2741 1116 2916 1168 facere
2948 1132 3282 1183 quaecunque

1741 1204 2057 1272 contingunt
2083 1203 2145 1255 ad
2182 1203 2328 1254 illum
2364 1202 2669 1254 terminum.
2708 1201 2856 1254 lianc
2881 1201 3065 1254 statuit
3098 1201 3279 1253 mundi

1741 1291 1913 1359 opifex
1963 1291 2271 1343 hominibus
2309 1289 2375 1342 ab
2429 1291 2582 1343 initio
2624 1291 2836 1344 vivendi
2882 1293 3143 1345 rationem
3170 1331 3185 1354 ,
3227 1304 3280 1342 et

1742 1382 1879 1434 hanc
1906 1381 2005 1449 ipsi
2030 1381 2337 1433 obedientes
2365 1381 2533 1432 sancti
2566 1394 2750 1433 omnes
2774 1394 3016 1448 egerunt.
3050 1395 3147 1433 nec
3180 1381 3278 1433 ha-

1740 1471 1970 1526 buerunt
2017 1480 2170 1524 terra:
2209 1470 2737 1537 quantulamcunquc
2769 1485 3073 1522 mensuram
3117 1485 3275 1538 quam

1741 1561 1836 1629 ipsi
1870 1560 1971 1612 sub
1996 1559 2219 1612 dominii
2251 1557 2406 1610 titulo
2436 1557 2805 1624 possiderent;
2842 1564 2893 1609 et
2928 1572 2990 1608 ex
3027 1558 3276 1610 erunibus

1743 1651 1899 1704 terris
1924 1649 2120 1702 tributa
2148 1646 2467 1715 colligebant
2496 1660 2579 1708 ca,
2611 1660 2730 1713 qua:
2771 1647 3071 1699 necessaria
3103 1658 3273 1709 erant,

66 1728 404 1790 δυναστείας
426 1734 532 1791 τοῖς
549 1731 848 1799 ἀνθρώποις
873 1730 1148 1799 ἐπίσημοι,
1181 1734 1270 1784 καὶ
1287 1732 1457 1800 θῆρας
1486 1733 1636 1784 ἐδυσ-

1741 1737 2048 1804 ubieunque
2074 1713 2306 1803 reperire
2327 1733 2655 1800 obtingebat,
2680 1733 2834 1801 quasi
2875 1733 3074 1787 domini
3107 1735 3276 1802 perci-

69 1816 274 1870 ὡτωυν
312 1820 445 1890 πρὸς
492 1821 756 1890 ἐντροπὴν
808 1819 882 1888 τῷ
965 1821 1062 1888 τῆς
1111 1823 1307 1891 ἀρετῆς
1352 1821 1637 1890 ἀξιώματι.

72 1910 191 1960 Οὐκ
236 1905 310 1978 ἦν
343 1911 526 1971 αὐτοῖς
556 1911 797 1980 οῐκετικὴ
830 1911 1090 1980 θεραπεία
1134 1912 1193 1962 τὸ
1222 1911 1486 1980 βάναυσον
1516 1914 1636 1963 ἐπι-

71 1997 347 2065 τρίϐουσα
400 1999 534 2064 πρὸς
590 1997 780 2066 θρύψιν
826 1999 918 2052 τοῦ
960 1998 1227 2069 σώματος,
1269 2000 1362 2052 καὶ
1405 2001 1635 2070 διηκόνει

77 2087 216 2155 πρὸς
261 2088 321 2138 τὸ
357 2089 650 2154 ἀναγκαῖον
689 2089 869 2150 αὐτοῖς
905 2089 974 2141 τὰ
1001 2091 1138 2159 μέρη
1171 2093 1265 2159 τῆς
1289 2090 1532 2153 κτίσεως.
1562 2094 1633 2144 Οὐ

80 2175 276 2244 παρῆν
313 2177 629 2245 ἀχθοφόρων
677 2177 946 2246 ὑπηρεσία
986 2181 1194 2245 κτηνῶν
1241 2183 1320 2241 εἰς
1345 2198 1631 2248 μετακομι-

74 2265 168 2332 aqu
225 2266 336 2316 τῶν
362 2269 678 2335 ἀγωγίμων,
722 2269 814 2318 καὶ
865 2269 1095 2338 κόρακες
1123 2270 1424 2340 διεκόμιζον
1459 2273 1631 2325 ταῦτα

74 2355 176 2421 τὴν
207 2356 432 2407 ἐκείνων
466 2356 653 2425 χρείαν
691 2357 1086 2426 ἐκπληροῦντες
1111 2358 1421 2429 ταχύτερον.

1735 1826 1959 1895 pientes.
1994 1825 2110 1878 Non
2144 1832 2295 1878 erant
2332 1834 2551 1892 propter
2584 1822 2827 1887 divitias,
2877 1832 2929 1876 et
2971 1831 3276 1890 potentatus

1734 1916 1970 1983 insignes
2002 1913 2139 1981 apud
2175 1912 2444 1973 homines,
2477 1921 2530 1965 et
2558 1910 2700 1965 feras
2727 1910 3005 1964 ﬂectebant
3029 1913 3094 1964 ad
3127 1926 3277 1965 reve-

1732 2007 1958 2058 rcntiam
2025 2017 2133 2072 prae
2192 2003 2403 2054 virtutis
2467 2000 2752 2054 eminentis
2813 2001 3090 2069 dignitate.
3155 2003 3275 2055 Non

1731 2089 1887 2158 257
1911 2099 2027 2142 crat
2047 2081 2180 2156 ipsis
2208 2089 2403 2142 servile
2433 2087 2751 2139 famulitium
2775 2102 3028 2142 exercens
3050 2088 3277 2144 artificia

1737 2181 1798 2233 ad
1826 2177 2070 2247 corporis
2099 2177 2414 2237 mollitiem,
2451 2186 2501 2229 et
2532 2176 2908 2230 ministrabant
2937 2178 3000 2230 ad
3041 2179 3277 2232 necessi-

1736 2279 1894 2324 tatem
1943 2268 2075 2337 ipsis
2114 2266 2263 2321 orbis
2292 2273 2556 2319 tcrrarum
2599 2266 2894 2332 portiones.
2933 2264 3277 2320 Non'aderat

1734 2359 2089 2413 ministerium
2115 2357 2483 2425 iumentorum
2515 2367 2677 2409 onera
2707 2353 2986 2409 ferentium
3011 2355 3075 2409 ad
3099 2365 3277 2411 trans-

80 2446 347 2509 portanda
394 2461 454 2499 ea
486 2487 501 2510 ,
562 2461 682 2515 quae
727 2449 1067 2504 convehenda
1129 2461 1282 2504 erant
1321 2493 1337 2517 ,
1407 2462 1461 2508 et
1523 2455 1667 2509 corvi
1710 2470 1772 2510 ea
1836 2452 2184 2513 deferebant,
2231 2451 2473 2520 ipsorum
2522 2448 2674 2502 ocius
2711 2448 2982 2517 explentes
3033 2449 3307 2516 indigem.
3357 2462 3360 2463 '

79 2539 238 2592 tiam.

666 2651 910 2703 ΚΕΦΛΛ.
956 2650 1052 2704 ΙΘ’.

145 2757 298 2809 Φίλοι
322 2761 386 2828 τῇ
419 2758 747 2828 καθαρότητι
771 2761 863 2813 τοῦ
891 2761 1001 2830 βίου
1030 2763 1361 2814 ἐσπούδασαν
1379 2765 1626 2831 γενέσθαι

81 2848 340 2916 Χριστοῦ,
376 2851 468 2900 καὶ
495 2851 552 2899 ἐν
584 2852 694 2910 τοῖς
723 2850 813 2901 τοῦ
857 2852 1007 2918 φίλου
1037 2852 1293 2920 κτίσμασι
1323 2853 1628 2920 διετάξαντο
1685 2891 1696 2902 ς

87 2938 228 3006 μετὰ
279 2941 585 3008 παρρησίας
631 2940 703 2999 ὡς
743 2941 1043 3010 ἠθέλησαν’
1105 2942 1364 3007 ἐπέταξαν
1418 2945 1625 3016 οὐρανῷ

88 3031 380 3097 παρασχεῖν
406 3031 515 3090 τοῖς
546 3029 811 3096 δεομένοις
839 3030 1060 3098 τροφὴν,
1097 3032 1188 3082 καὶ
1223 3031 1396 3100 μάννα
1423 3032 1626 3093 τούτοις

86 3114 160 3176 ὡς
193 3114 481 3182 ἐκελεύσθη
501 3119 858 3182 κατήνεγκεν
888 3117 1195 3179 ἐξέκλεισαν
1225 3119 1410 3172 ἄλλοτε
1441 3121 1625 3171 τοῦτον

85 3206 173 3255 ἐπί
201 3205 524 3273 ἀγνωμόνων
554 3204 765 3272 παιδείᾳ
786 3243 798 3265 ,
834 3206 923 3256 καὶ
962 3207 1030 3258 τὰ
1063 3209 1264 3277 συνήθη
1303 3210 1625 3277 μαιμὰσσων

85 3293 310 3364 ἐπέσχεν
343 3295 496 3347 ὑετὸν
531 3294 694 3361 τριῶν
723 3293 853 3344 ἐτῶν
884 3293 1181 3361 βαστάσας,
1214 3299 1305 3348 καὶ
1342 3297 1530 3366 μηνῶν
1567 3296 1625 3360 ἒξ

90 3380 250 3451 βάρος
276 3384 531 3452 συναχθὲν
577 3383 652 3450 τῷ
683 3385 852 3452 χρόνῳ
896 3385 1011 3434 κατ’
1047 3366 1221 3452 δλίγον
1268 3388 1345 3448 εἰς
1392 3387 1622 3438 ἄϐυσσον

90 3474 344 3542 κυοφόρον
366 3475 451 3525 διὰ
484 3475 605 3535 τοὺς
631 3472 1045 3542 προστάξειν-τας.
1087 3476 1363 3546 Ὠμϐρησε
1394 3477 1485 3528 καὶ
1515 3474 1621 3544 πῦρ

91 3564 270 3626 νυκτός
295 3581 420 3615 ποτε
445 3565 794 3632 καταπρῆσαί
810 3581 957 3626 τινας
977 3565 1274 3634 ἀλάστορας
1297 3551 1636 3626 κελευσθεὶς,

90 3652 177 3702 καὶ
211 3653 443 3720 χάλαζαν
472 3653 855 3721 ἐσφενδόνησεν
881 3642 1064 3705 ἄλλοτε
1110 3655 1230 3705 καθ’
1277 3653 1475 3722 ἑτέρων
1502 3655 1620 3706 ἀνό-

93 3756 204 3804 μων
244 3742 516 3809 εὐστόχοις
550 3740 760 3808 βολαῖς,
796 3741 888 3793 καὶ
918 3741 1082 3791 πολὺν
1110 3743 1165 3790 ἐν
1197 3743 1406 3802 ἑαυτοῖς
1434 3743 1620 3810 εἰργά-

91 3845 214 3884 σατο
259 3831 483 3884 θάνατον
510 3871 522 3893 ,
552 3831 708 3881 τοῦτο
743 3831 850 3880 τῶν
882 3829 1102 3880 δικαίων
1139 3828 1363 3912 ἐκείγων
1402 3828 1475 3897 τῷ
1503 3829 1620 3881 νεύ-

93 3937 212 3985 ματι
235 3922 513 3989 διδαχθείς.
558 3920 664 3988 Γῆν
691 3919 977 3986 διέστησαν
1005 3921 1241 3988 χάσματι
1268 3921 1501 3991 μεγάλῳ,
1529 3923 1620 3974 καὶ

92 4012 299 4075 σκηναῖς
333 4013 445 4077 ἃμα
469 4051 485 4074 ,
525 4009 618 4061 καὶ
647 4010 864 4078 κτήνεσι
909 4010 1182 4071 πολυζώου
1229 4011 1427 4081 ἀγέλης
1450 4051 1462 4075 ,
1493 4013 1617 4074 τοὺς

90 4099 387 4160 στασιώδεις
433 4102 740 4167 κατήγαγον
791 4101 920 4169 πρὸς
973 4101 1352 4168 καταχθονίους
1395 4101 1614 4169 μυχούς.

92 4183 245 4236 Βυθδν
286 4190 597 4255 ἠπείρωσαν
636 4191 712 4247 εἰς
752 4188 1019 4256 λεωφόρον
1054 4189 1166 4238 ὁδὸν
1189 4226 1202 4249 ,
1234 4189 1327 4238 καὶ
1360 4188 1459 4255 γῆν
1508 4188 1614 4238 ἐλί-

2232 2634 2241 2644 ’
2296 2642 2520 2697 CAPUT
2553 2641 2690 2699 XIX.

1795 2760 1964 2815 Amici
2013 2757 2211 2812 Christi
2253 2754 2385 2809 cfiici
2423 2754 2653 2822 puritate
2683 2737 2805 2807 vitm
2854 2754 3196 2819 studuerunt,
3223 2763 3279 2808 et

1733 2853 1784 2907 in
1835 2850 1993 2904 amici
2041 2845 2475 2917 possessionibus
2523 2859 2620 2912 pro
2671 2843 2822 2896 libito
2876 2858 2998 2898 cum
3036 2843 3276 2897 libertate

1727 2944 2109 3011 disposuerunt
2133 2956 2145 2991 :
2172 2938 2500 3004 imperarunt
2520 2935 2675 2998 c0310,
2692 2933 3276 2989 utexhiberetalimen-

1726 3046 1835 3088 tum
1877 3031 2178 3100 egentibus,
2225 3037 2277 3080 et
2319 3041 2516 3079 manna
2557 3025 2709 3094 ipsis,
2772 3023 2848 3078 uti
2883 3022 3055 3076 fuerat
3107 3022 3274 3091 impe-

1724 3133 1922 3184 ratum,
1952 3120 2152 3182 attulit;
2180 3119 2352 3185 ipsum
2388 3117 2521 3169 alias
2548 3116 2887 3168 occluserunt
2921 3112 2986 3167 ad
3017 3111 3274 3179 insipien-

1725 3214 1855 3266 tium
1890 3210 2211 3268 doctrinam,
2241 3216 2291 3260 et
2319 3207 2448 3259 illud
2480 3216 2735 3259 consueta
2759 3203 3072 3271 percupiens
3098 3203 3270 3255 tribus

1721 3296 1897 3356 annis,
1938 3304 1992 3347 et
2043 3307 2132 3346 sex
2171 3290 2445 3344 mensibus
2499 3287 2731 3357 pluviam
2773 3287 3010 3340 cohibuit
3048 3299 3270 3354 portans

1721 3400 1879 3455 grave
1936 3383 2143 3452 pondus
2199 3391 2436 3448 tempore
2511 3385 2822 3444 congestum
2897 3376 3152 3444 paulatim
3212 3376 3270 3431 in

1718 3475 1993 3544 abyssum,
2024 3469 2179 3540 quasi
2219 3477 2426 3522 uterum
2461 3466 2760 3537 gravidum,
2816 3474 3033 3534 propter
3062 3478 3155 3518 eos
3177 3463 3270 3534 qui

1720 3563 2067 3619 mandabant.
2110 3559 2250 3614 Pluit
2298 3572 2423 3611 vero
2470 3565 2524 3611 et
2571 3556 2698 3609 illud
2756 3553 3041 3634 aliquando
3072 3555 3268 3624 ignem,

1718 3666 1840 3704 cum
1873 3650 2083 3718 iussum
2120 3645 2308 3698 fuisset
2344 3643 2661 3696 comburere
2687 3643 2949 3710 quosdam
2969 3641 3201 3709 impios;
3216 3649 3270 3694 et

1718 3740 2030 3812 grandinem
2091 3746 2346 3804 tanquam
2423 3731 2587 3785 funda
2645 3732 2939 3798 jaculatum
2995 3738 3078 3783 est
3133 3730 3268 3784 alias

1719 3830 1977 3884 adversus
2006 3825 2140 3877 alios
2179 3823 2396 3889 iniquos
2419 3819 2484 3871 ad
2519 3832 2740 3884 scepum
2767 3816 2984 3870 directis
3009 3817 3264 3883 iactibus,

1717 3930 1770 3975 et
1811 3892 2094 3986 plurimam
2151 3912 2203 3965 iu
2251 3909 2383 3978 ipsis
2440 3907 2857 3960 internecionem
2903 3907 3152 3972 patravit,
3213 3909 3264 3959 id

1719 4019 1846 4064 nutu
1885 4008 2148 4077 iustorum
2202 4002 2414 4053 illorum
2461 3998 2735 4050 edocente.
2775 3994 2991 4048 Terram
3033 3994 3265 4049 discnlc-

1718 4110 1838 4155 runt
1871 4096 2074 4165 ingenti
2128 4094 2294 4154 hiatu,
2325 4099 2376 4144 et
2408 4091 2691 4144 seditiosos
2741 4088 2900 4141 simul
2931 4101 3051 4139 cmn
3089 4095 3264 4139 tento-

1716 4193 1830 4254 riis,
1858 4197 1910 4242 et
1932 4185 2243 4239 animalium
2273 4181 2605 4236 multimodis
2631 4179 2875 4247 gregibus
2903 4179 2966 4230 ad
2992 4176 3265 4230 subterra-

93 4290 292 4336 μνωσαν
316 4277 537 4343 ἄνυδρον
561 4277 637 4335 εἰς
670 4276 892 4340 ἄερθονον
924 4275 1113 4339 χρῆσιν
1143 4274 1232 4324 τοῦ
1261 4276 1385 4339 πρὶν
1419 4277 1610 4326 σπανί-
1642 4293 1657 4347 ι

1725 4290 1844 4329 neos
1882 4275 2218 4327 deduxerunt
2254 4284 2465 4337 specus.
2507 4265 2835 4320 Profundum
2875 4266 3088 4332 pelagus
3134 4265 3264 4318 ene-

92 4363 257 4427 ξοντος
289 4366 493 4426 ὓδατος.
547 4365 836 4431 Ποταμοὺς,
865 4363 1072 4429 διῆλθον
1097 4364 1308 4431 ὰόρόχῳ
1339 4364 1485 4425 ποδὶ,
1515 4380 1604 4413 κα-

93 4455 216 4523 μίνῳ
245 4456 408 4525 πυρὸς
431 4456 929 4524 ἐμπεριεπάτησαν,
963 4455 1054 4503 καὶ
1083 4454 1248 4521 πυρὸς
1280 4454 1478 4523 βλάϐην
1513 4455 1610 4506 οὐκ

93 4539 347 4607 ἔγνωσαν,
401 4544 648 4610 καθάπερ
696 4541 844 4591 ὕδατι
891 4540 1078 4609 ψυχρῷ
1123 4542 1231 4601 τοῖς
1275 4542 1483 4610 σώμασι
1544 4545 1607 4611 τῇ

92 4630 234 4698 φλογὶ
256 4633 637 4700 μαχεσάμενοι,
672 4632 762 4682 καὶ
792 4632 850 4682 τὸ
883 4630 1198 4699 φθοροποιὸν
1223 4630 1298 4699 τῷ
1325 4632 1610 4700 εὐφθάρτῳ

94 4724 408 4788 νικήσαντες.
449 4720 662 4789 Θηρίων
692 4720 881 4787 θυμοῖς
915 4722 991 4780 εἰς
1020 4720 1181 4786 βορὰν
1216 4721 1604 4790 παρεδόθησαν,

94 4809 175 4858 καὶ
225 4810 316 4877 τῆς
373 4809 575 4860 τούτων
631 4811 825 4877 πεῖραν
888 4809 982 4858 οὐκ
1030 4808 1216 4858 ἒλαῦον
1269 4809 1605 4876 ἀγριότητος,

94 4896 322 4963 καθάπερ
349 4896 523 4964 ἐπῳδῇ
553 4895 938 4964 τιθασσευοῦση
963 4897 1091 4963 πρὸς
1115 4896 1420 4963 ἡμερότητα
1443 4911 1606 4962 προσ-

96 4990 209 5057 ευχῇ
240 4989 450 5047 τούτους
477 4985 832 5055 πραΰναντες.
864 4989 1054 5047 Σκότος
1076 4987 1310 5053 ἀφεγγὲς
1337 4984 1602 5050 κατηύγχ.

98 5091 183 5128 σαν
199 5078 362 5148 στύλῳ
396 5095 467 5129 πυ
479 5077 565 5145 ρός
582 5092 593 5103 ·
623 5077 985 5143 μεσημϐρινὸν
1007 5077 1313 5130 ἀνέστειλαν
1336 5074 1605 5134 καύσωνα,

101 5169 392 5230 σκιάσαντες
445 5171 554 5227 τοῖς
615 5166 946 5231 ὁδοιποροῦσι
1006 5166 1196 5232 νεφέλῃ
1255 5165 1314 5216 τὸ
1379 5163 1600 5230 αἴθριον.

101 5256 260 5327 Ὕδωρ
290 5257 502 5325 πικρὸν,
537 5257 628 5307 καὶ
659 5255 873 5320 ὰγονίας
910 5257 971 5320 τῇ
1005 5258 1070 5321 γῇ
1098 5256 1266 5306 αἴτιον
1295 5242 1418 5306 ἄλλο
1457 5253 1604 5304 πότι-

106 5365 186 5411 μον
209 5350 309 5410 τοῖς
335 5347 565 5415 διψῶσι,
604 5348 696 5399 καὶ
737 5346 865 5415 πρὸς
913 5344 1117 5404 γένεσιν
1157 5344 1378 5412 καρπῶν
1420 5343 1607 5413 ἐπιτή-

102 5436 218 5490 δειον
253 5437 514 5505 παρέσχον
536 5439 647 5499 τοῖς
679 5439 987 5504 νεμομένοις
1021 5434 1117 5503 τὴν
1158 5435 1338 5501 χώραν
1372 5432 1602 5503 ἐκείνην.

103 5527 314 5600 Στείραις
362 5528 696 5596 ἐδωρήσαντο
740 5529 940 5578 τέκνων
984 5525 1164 5591 γονὴν,
1208 5523 1301 5574 καὶ
1346 5522 1605 5585 θανόντας

1709 4370 1897 4417 cerunt
1917 4359 2277 4412 continentem
2297 4363 2491 4407 terram
2515 4351 2579 4403 ad
2604 4352 2737 4403 viam
2765 4350 2978 4419 Regiam
3010 4351 3225 4404 rhunien
3243 4380 3259 4389 -

1709 4451 1852 4512 dam,
1903 4456 1955 4499 et
1988 4455 2179 4498 terram
2228 4441 2344 4495 sine
2384 4453 2522 4506 aqua
2567 4446 2816 4507 stagnare
2867 4438 2930 4490 ad
2981 4438 3258 4504 copiosum

1710 4555 1867 4595 usum
1920 4538 2078 4606 ejus.
2126 4526 2217 4601 qui
2285 4540 2437 4583 antea
2495 4530 2716 4598 penuria
2749 4528 3028 4582 laborabat
3084 4540 3253 4592 aquae.

1711 4630 1926 4684 Fluvios
1980 4623 2307 4677 transierunt
2380 4619 2511 4689 pede
2568 4620 2874 4688 neutiquam
2935 4613 3251 4678 madefacto,

1708 4704 2050 4770 ambulartint
2081 4711 2132 4764 in
2169 4708 2310 4780 ignis
2340 4709 2572 4774 cattiiuo,
2605 4717 2656 4761 et
2690 4707 2825 4775 ignis
2847 4705 3095 4758 damnum
3147 4715 3252 4753 non

1708 4813 1924 4868 norunt,
1957 4800 2405 4872 quemadmodum
2434 4799 2605 4865 gelida
2628 4809 2763 4864 aqua
2791 4789 3103 4857 corporibus
3127 4803 3249 4841 cutn

1707 4895 1868 4966 253
1889 4894 2099 4947 [intuma
2121 4890 2483 4960 conliigentes,
2504 4894 2557 4940 et
2579 4899 2642 4939 eo
2670 4881 2808 4949 quod
2831 4877 2984 4931 facile
3005 4893 3249 4932 corrum-

1708 4987 1849 5053 pitur
1874 4973 2145 5036 vincentes
2175 4978 2248 5038 id,
2279 4977 2420 5046 quod
2449 4971 2708 5026 voracitcr
2733 4967 3128 5034 corruptionem
3159 4967 3244 5019 in-

1707 5075 1807 5128 fert
1831 5092 1844 5127 ;
1871 5073 2049 5127 traditi
2074 5078 2197 5123 sunt
2218 5065 2517 5121 furibunda:
2544 5062 2634 5113 irae
2650 5059 2942 5113 belluarum
2964 5059 3025 5110 ad
3043 5070 3242 5116 eseam,

1708 5181 1803 5220 nec
1855 5165 2018 5218 ullum
2068 5159 2490 5226 experimentum
2545 5166 2729 5205 carum
2762 5149 2985 5215 feritatis
3025 5157 3247 5211 accepe-

1706 5263 1846 5318 runt,
1876 5250 2115 5304 oratione
2131 5244 2284 5314 quasi
2304 5243 2543 5296 carmine
2566 5242 2837 5296 cicurante
2858 5239 2922 5289 ad
2944 5243 3247 5286 mansuetu-

1705 5345 1881 5397 dinem
1933 5343 2076 5406 ipsas
2113 5336 2395 5392 lenientes.
2448 5333 2716 5388 Tenebras
2763 5329 3016 5380 obscuras
3045 5323 3249 5375 illumi-

1706 5439 1898 5486 narunt
1939 5431 2184 5482 columua
2232 5426 2402 5495 ignis;
2438 5423 2787 5478 meridianum
2833 5415 3072 5469 ardorem
3105 5413 3246 5465 inbi-

1704 5521 1968 5579 buerttnt,
2034 5515 2284 5582 viamque
2340 5509 2676 5580 carpentibus
2720 5504 2858 5556 nube
2893 5504 2968 5553 uti
3017 5502 3245 5555 tentorio
