4052 6336
90 138 194 202 991

896 144 990 201 DE
1027 143 1509 204 \‘ULUNTARIA
1541 144 2031 218 PAUPER’I‘ATE
2063 146 2160 203 AD
2192 145 2531 205 MAGNAM.

3197 140 3295 201 998

91 264 184 298 και
234 244 349 297 οὐκ
387 245 531 297 ἐῶσα.
566 246 938 313 περιέλκεσθαι
969 254 1074 310 τοῖς
1118 251 1483 322 νομιζομένοις
1516 253 1651 323 αὐτῇ

1751 253 2000 306 sitniiiter
2042 251 2319 305 hominum
2351 253 2716 306 dexteritatem
2772 251 2822 304 in
2858 251 3088 315 seipsam
3122 249 3296 303 inver-

94 337 393 402 συνεργεῖν
420 336 557 404 πρὸς
588 336 684 405 τὴν
718 336 823 388 τῶν
845 338 1305 407 οἰκονομουμένων
1329 341 1647 407 ἀσφάλειαν.

104 422 246 476 Ἀλλ’
281 425 395 497 ἄρα
429 427 502 494 μὴ
537 428 600 495 τῇ
636 426 740 478 τῶν
767 427 936 489 ἁγίων
980 429 1213 497 διηνεκεῖ
1258 430 1381 498 περὶ
1427 430 1485 481 τὸ
1513 431 1652 484 θεῖον

88 510 331 579 ἀσχολίᾳ
365 515 459 580 τῆς
487 513 592 563 ἀπὸ
630 512 901 579 Ἀδελιρίου
932 513 1023 565 τοῦ
1066 518 1161 583 τῆς
1193 515 1378 585 Μέσης
1409 516 1513 569 τῶν
1554 535 1651 569 πο-

84 598 309 667 ταμῶν,
348 603 438 652 καὶ
476 600 817 670 Ἀλεξάνδρου
852 603 942 655 τοῦ
985 604 1119 673 πρὸς
1147 605 1320 672 ὀλίγον
1362 605 1461 677 τὴν
1501 606 1652 675 βατι-

86 690 399 758 λευομὲνην
458 691 1021 756 Κῳνσταντινούπολιν
1076 694 1407 767 θολὼο-αντος
1458 699 1652 765 ἀργίας

84 778 405 847 ἀνοίγωμεν
435 778 602 849 θύραν
648 781 1011 850 προκάλυμμα
1043 783 1141 849 τῆς
1186 785 1311 853 περὶ
1352 785 1449 854 τὴν
1501 788 1656 855 ἐργα-

84 868 206 918 σέαν
242 868 515 939 ὀκνηρίας
559 871 617 922 τὸ
656 871 739 924 διὰ
768 873 966 935 παντὸς
1012 874 1185 925 δοκεῖν
1227 882 1650 947 προσκαρτερεῖν

79 957 142 1021 τῇ
184 960 474 1025 προσευχῇ
530 960 951 1027 πεποιημένοις,
990 964 1080 1013 καὶ
1122 962 1260 1024 νέοις
1312 967 1499 1026 παισὶ,
1557 969 1649 1018 καὶ

83 1042 321 1111 ἀνδράσι
349 1046 645 1113 σφριγῶσιν
674 1047 751 1099 ἔτι
784 1049 921 1100 κατὰ
947 1050 1042 1119 τὴν
1068 1053 1219 1118 ἰσχὺν
1248 1054 1341 1111 τοῦ
1379 1053 1645 1122 σώματος,

82 1129 173 1179 καὶ
201 1130 421 1199 ταύτην
468 1133 680 1195 πολλοῖς
715 1136 989 1202 ,ὀφείλουσι
1019 1140 1315 1191 καταλῦσαι
1344 1143 1522 1205 πόνοις
1556 1162 1647 1195 νο·

87 1218 430 1288 μοθετήσασι
458 1222 519 1272 τὸ
542 1222 616 1292 μὴ
645 1226 967 1293 ἐργάζεσθαι
991 1229 1053 1297 τῇ
1080 1228 1258 1280 ἀνέσει
1288 1232 1379 1282 καὶ
1408 1231 1474 1283 τὰ
1502 1234 1644 1303 πάθη

84 1309 303 1370 αὐτοῖς’
338 1312 684 1380 ἐπεγείρασι,
736 1316 829 1366 καὶ
874 1316 947 1384 τῷ
996 1317 1236 1389 λογισμῷ
1276 1323 1648 1392 παρασχοῦσιν

83 1396 269 1449 Ξιόειεῑν
320 1401 440 1458 ταῖς
467 1401 669 1453 τούτων
694 1402 844 1467 ὕλαις
878 1407 1232 1476 ὲνευκαιρεῖν,
1266 1410 1367 1472 ἕως
1394 1410 1458 1462 ἂν
1494 1412 1527 1481 ὴ
1560 1411 1647 1463 δο-

84 1484 259 1537 κοῦσα
296 1486 570 1556 προσευχὴ
595 1526 610 1548 ,
635 1489 732 1542 οὐκ
773 1487 917 1547 οὖσαν
944 1493 1001 1545 δὲ
1041 1497 1216 1559 τοῦτο,
1247 1497 1382 1564 ὅπερ
1410 1496 1645 1564 λέγεται,

83 1575 266 1643 τυάντη
294 1577 586 1647 ἀπόληται.

658 1781 695 1829 Κ
710 1781 903 1833 ΕΦΛΝ.
945 1784 991 1834 Κ
1003 1784 1070 1833 [ι’.

151 1864 285 1917 Τῶν
316 1865 376 1917 δὲ
407 1868 686 1934 σαρκικῶν
732 1870 1037 1937 ἐπιθυμιῶν
1080 1873 1379 1942 ὑπόμνησις
1421 1878 1647 1947 ὀχληρὰ,

84 1953 141 2005 οὐ
180 1955 357 2022 μόνον
389 1958 451 2007 οὐ
481 1958 832 2028 συγχωροῦσα
864 1963 1209 2030 προσομιλεῖν
1231 1963 1308 2032 τῷ
1339 1967 1475 2035 Θεῷ,
1515 1968 1650 2021 ἀλλὰ

90 2044 179 2095 καὶ
235 2047 566 2110 φαντασίαις
608 2049 953 2118 ἐνθυμήσεων
1002 2054 1237 2123 αἰσχρῶν
1281 2056 1524 2125 ρυποῦσα
1560 2058 1649 2109 τὸν

85 2132 354 2187 δοκοῦντα
417 2136 809 2206 προσεύχεσθαι
871 2141 1010 2193 νοῦν.
1066 2145 1495 2215 Προσκαρτερεῖν
1554 2151 1649 2218 μὲν

91 2226 193 2296 γὰρ
217 2226 392 2278 καλὸν
415 2231 480 2297 τῇ
514 2233 807 2300 προσευχῇ,
838 2232 932 2283 καὶ
964 2234 1052 2285 τὸν
1082 2233 1205 2287 νοῦν
1238 2237 1535 2305 γυμνάζειν
1572 2240 1651 2300 εἰς

88 2315 307 2379 ὁμιλίαν
339 2316 497 2379 Θεοῦ,
524 2317 774 2371 τοσοῦτον
800 2319 854 2372 δὲ
878 2363 893 2384 ,
926 2322 1046 2375 ὅσον
1071 2324 1160 2375 τὸν
1190 2327 1287 2395 τῆς
1312 2306 1536 2403 εἰρήνης
1576 2333 1649 2402 μὴ

91 2405 322 2471 ποιῆσαι
354 2405 588 2474 πολέμου
623 2409 827 2478 καιρὸν,
866 2411 997 2479 μηδὲ
1026 2416 1090 2482 τῇ
1134 2416 1281 2483 παρὰ
1308 2417 1368 2466 τὸ
1400 2418 1516 2469 δέον
1555 2423 1648 2471 ἐκ-

92 2492 238 2543 τάσει
272 2493 373 2544 τοῦ
403 2495 613 2572 ⁸χρόνου
644 2494 825 2548 δοῦναι
857 2498 1206 2569 παρείσδυσιν
1233 2504 1343 2563 τοῖς
1372 2503 1646 2572 πολεμὲοις

95 2580 326 2634 πάθεσιν
373 2565 801 2653 ἡμαλωτεόειν
833 2586 951 2651 ἔθος
983 2589 1159 2658 ἔχουσι
1190 2593 1313 2653 τοὺς
1358 2592 1646 2663 λογισμοὺς

93 2671 225 2736 πρὸς
252 2675 491 2734 ἀτόπους
522 2677 727 2738 ἑννοίας
757 2677 1003 2748 καθάπερ
1039 2680 1182 2749 ίεροῦ
1222 2683 1645 2752 ἀποσπωμένους

94 2761 291 2813 ἀσῦλου
326 2765 423 2831 τῆς
458 2767 784 2836 προσευχῆς,
836 2771 929 2820 καὶ
972 2773 1304 2839 τυραννικῶς
1347 2775 1645 2843 ἀγομένους

94 2850 183 2902 ἐπὶ
210 2852 275 2903 τὸ
293 2855 627 2922 σωφρόνημα
662 2860 761 2926 τῆς
782 2858 1001 2928 σαρκὸς,
1030 2863 1209 2913 ἐκεῖνα
1237 2862 1418 2915 λοιπὸν
1443 2867 1644 2936 διεξερ-
1675 2885 1716 2938 C

94 2941 360 3007 χομένους
387 2946 495 3005 τοῖς
527 2944 805 3014 λογισμοῖς
829 2985 843 3009 ,
881 2951 1019 3018 ἆπερ
1048 2951 1224 3002 ἐκεῖνο
1259 2954 1491 3021 κρατοῦν
1533 2956 1649 3024 βιά-

100 3032 245 3090 ξεται
295 3031 493 3099 λέγειν.
527 3034 621 3098 Ίίίς
647 3032 737 3088 οὖν
773 3042 1076 3107 προσευχὴν
1106 3040 1215 3091 τῶν
1250 3043 1649 3111 εὐφρονούντων

97 3118 297 3189 ταύτην
333 3123 450 3192 ἐρεῖ
477 3123 573 3193 τὴν
600 3126 776 3196 μάχην
806 3128 910 3180 τῶν
940 3130 1195 3183 ἐναντίων
1230 3131 1479 3202 ἀλλήλοις
1501 3175 1515 3197 ,
1557 3139 1648 3189 καὶ

101 3211 460 3280 ἀμιρηρίστων
512 3215 828 3285 λογισμῶν,
875 3219 999 3270 ὅταν
1054 3213 1207 3280 οὗτος
1261 3222 1327 3273 τά
1392 3224 1648 3277 δοκοῦντα

100 3297 354 3370 ἀντιλέγῃ
382 3300 593 3370 ἐκείνῳ,
636 3305 882 3363 κάκεῖνος
921 3304 1210 3371 φιλονεικεί
1244 3308 1445 3361 πείθειν
1470 3309 1498 3360 ὃ
1530 3309 1650 3377 βού-

103 3383 243 3437 λεται
265 3427 279 3448 ,
316 3391 407 3440 καὶ
438 3391 665 3454 ἕκαστος
689 3392 789 3454 ἓως
818 3398 1053 3462 φανερᾶς
1092 3397 1242 3467 νίκης
1269 3399 1647 3470 ἀντιτάττηται

102 3474 172 3543 τῷ
196 3477 395 3547 ἑτέρῳ,
437 3480 529 3531 καὶ
564 3480 638 3549 μὴ
678 3483 919 3552 πυγμὴν,
950 3484 981 3554 ἢ
1020 3485 1253 3555 πόλεμον
1288 3490 1645 3557 παγκράτιον,

106 3566 193 3617 καὶ
231 3569 346 3622 εἴθε
384 3569 487 3620 κᾶν
535 3569 694 3633 οὕτω,
742 3571 918 3635 καλῶς
947 3575 1054 3641 γὰρ
1097 3572 1241 3642 εἶχεν
1273 3577 1521 3641 ἑστάναι,
1557 3579 1647 3629 καὶ

104 3656 277 3709 ἀθλεῖν
314 3659 449 3727 πρὸς
474 3658 540 3711 τὰ
566 3659 842 3727 ὀχλοῦντα,
904 3662 996 3713 καὶ
1040 3662 1113 3731 μὴ
1147 3663 1300 3731 δίκην
1331 3666 1619 3736 ἀργυρωνὴ

106 3761 209 3797 των
258 3747 512 3800 ἕλκεσθαι
566 3748 718 3801 οὐδὲν
770 3750 1166 3818 ἀντιλέγοντας.
1226 3754 1489 3818 Πολλάκις
1540 3756 1647 3825 γὰρ

106 3836 486 3906 ἀποσπώμενοι
533 3838 639 3889 τῶν
669 3839 839 3906 λόγων
883 3841 981 3908 τῆς
1031 3845 1373 3915 προσευχῆς,
1407 3847 1668 3915 ἑπόμεθα¹

106 3926 207 3987 τοῖς
239 3927 433 3995 ἄγουσι
476 3929 753 4001 λογισμοῖς
792 3933 889 3985 οὐκ
938 3933 1283 3997 ἀνανεύοντες
1310 3937 1429 3988 οὐδὲ
1458 3938 1643 4006 δυσχε-

111 4014 397 4081 ραίνοντες,
428 4020 563 4089 ὅπερ
584 4015 651 4087 ἧν
677 4019 899 4091 γνώμης
922 4024 982 4073 οὐ
1011 4024 1363 4091 συναινούσης
1387 4029 1498 4086 τοῖς
1521 4043 1649 4094 προσ

106 4107 455 4174 τρεπομένοις
504 4109 596 4158 ἐπὶ
652 4109 720 4160 τὰ
782 4109 858 4178 μὴ
911 4110 1236 4179 καθήκοντα,
1285 4114 1378 4163 καὶ
1427 4113 1488 4163 τὸ
1548 4114 1646 4182 μὲν

1749 351 1891 406 tens,
1924 357 2099 411 neque
2135 343 2322 396 sinens
2368 343 2712 397 circumtrahi
2757 342 2862 406 his,
2894 356 3012 410 qua:
3044 347 3298 408 putantur

1748 433 1852 499 ipsi
1894 434 2171 500 coeperari
2204 433 2268 486 ad
2303 435 2646 487 securitatem
2695 448 2898 491 rerum,
2930 448 3049 500 qum
3077 432 3296 498 dispen-

1749 526 1953 569 santnr.
1993 516 2187 568 Verum
2214 531 2308 584 age
2337 532 2401 570 ne
2425 528 2733 569 sanctorum
2758 517 3022 571 continuze
3044 518 3183 568 circa
3212 529 3298 567 res

1748 607 1957 661 divinas
1982 608 2341 674 occupationi,
2373 608 2600 662 inductze
2648 610 2715 660 ah
2749 606 3007 676 Adelphio
3056 606 3300 671 Mesopo-

1751 692 1946 754 tamize,
1977 701 2030 746 et
2057 692 2380 756 Alexandro,
2412 693 2502 762 qni
2536 695 2729 762 exiguo
2762 703 2999 761 tempore
3035 689 3296 759 regnatri-

1749 789 1865 834 cem
1900 782 2422 852 Constantinopolim
2464 785 2781 851 ittquinmit,
2825 784 3051 851 pigritia:
3090 790 3295 848 portam

1750 871 2056 938 aperiamus
2116 881 2429 939 prmtuxtum
2504 874 2743 941 segnitiei
2789 874 2854 925 ad
2913 873 3294 939 operandum:

1748 964 1947 1031 quippe
1978 964 2068 1032 qui
2110 963 2341 1017 ﬁxerunt
2371 974 2624 1032 perpetuo
2658 966 2822 1018 videri
2871 978 3214 1032 perseverare
3246 962 3298 1012 in

1747 1055 2028 1119 oratione;
2065 1063 2117 1107 et
2149 1055 2329 1120 pueris
2382 1056 2708 1117 recentibus,
2751 1063 2804 1106 et
2835 1054 2964 1107 viris
3004 1053 3298 1105 etiamnum

1747 1141 1924 1205 quoad
1946 1144 2189 1207 corporis
2224 1141 2387 1192 robur
2414 1141 2636 1208 vegetis,
2664 1140 2863 1208 quique
2893 1138 3015 1190 illud
3054 1137 3301 1205 plurimis

1748 1224 2021 1278 laboribus
2052 1224 2366 1278 debuissent.
2414 1226 2683 1285 edomare,
2718 1240 2813 1292 pro
2844 1225 2956 1292 lege
3001 1232 3302 1276 statuerunt

1747 1314 1879 1366 nihil
1926 1315 2135 1383 operari
2186 1332 2275 1381 per
2326 1316 2490 1367 animi
2541 1316 2933 1377 remissionem,
2980 1325 3029 1367 ct
3077 1316 3127 1365 in
3169 1313 3300 1379 ipsis

1749 1406 2027 1471 passiones
2080 1407 2453 1467 concitarunt,
2511 1407 2955 1472 prmlmcruntque
3012 1402 3300 1467 intellectui

1752 1492 2025 1545 licentiam
2053 1493 2289 1560 ipsarum
2313 1495 2546 1546 ntaterize
2563 1493 2880 1546 adhazrcndo
2901 1507 3088 1545 vacare
3104 1491 3298 1551 otiose,

1679 1573 1725 1629 Β
1752 1581 1924 1650 donec
1953 1597 2215 1649 apparens
2254 1572 2444 1645 oratio,
2494 1598 2616 1635 cum
2656 1598 2760 1635 non
2794 1593 2937 1636 esset
2980 1583 3120 1651 quod
3149 1581 3297 1635 dice-

1752 1670 1931 1736 batur,
1959 1673 2178 1726 omnino
2204 1674 2487 1740 deperiret.

2316 1783 2540 1837 CAPUT
2572 1785 2733 1840 XXII.

1820 1871 2127 1924 Carnalium
2156 1888 2280 1926 vero
2298 1874 2650 1941 cupiditatum
2681 1862 3301 1929 turbutentarccordatio

1750 1974 1856 2010 non
1890 1958 2062 2011 solum
2088 1959 2227 2012 haud
2259 1960 2521 2027 permittit
2548 1960 2776 2030 colloqui
2806 1977 2926 2015 cum
2968 1963 3093 2022 Deo,
3128 1961 3220 2015 sed
3249 1970 3303 2015 et

1751 2042 2131 2111 cogitationum
2186 2042 2450 2097 fcedarum
2523 2044 2998 2115 imaginationibus
3067 2054 3299 2097 mentem

1750 2128 2102 2191 contaminat,
2127 2142 2247 2195 qua:
2268 2128 2549 2182 videbatur
2565 2128 2633 2181 ad
2657 2128 2958 2183 orationem
2982 2129 3299 2196 compusita.

1751 2215 2113 2272 Pcrsevcrare
2185 2234 2417 2287 namque
2472 2219 2528 2273 in‘
2578 2219 2822 2275 oratione
2875 2219 3198 2288 pulchrum,
3250 2226 3305 2271 ct

1750 2314 1982 2356 mentem
2014 2318 2259 2358 exercere
2294 2304 2449 2374 361
2484 2304 2549 2358 a’d
2569 2305 2896 2372 colloquium
2928 2304 3038 2354 Dei.
3079 2304 3131 2355 Id
3174 2318 3302 2356 vero

1748 2403 1815 2442 eo
1853 2389 2031 2449 modo,
2058 2404 2165 2455 quo
2195 2397 2407 2457 tempus
2450 2392 2598 2458 pacis
2633 2403 2737 2443 non
2772 2387 2863 2441 ﬁat
2901 2388 3020 2441 belli
3068 2395 3299 2455 tempus,

1749 2490 1922 2544 neque
1949 2478 2291 2544 protensioue
2318 2479 2575 2545 temporis
2593 2478 2731 2530 ultra
2765 2479 2837 2541 id,
2862 2478 3002 2546 quod
3032 2478 3301 2542 convenit,

1746 2567 1902 2619 detur
1926 2567 2101 2619 aditus
2129 2567 2361 2620 inimicis
2383 2568 2723 2634 pa’ssionihus
2752 2569 3023 2622 consuetis
3049 2569 3101 2622 in
3135 2570 3306 2635 capti-

1750 2656 1961 2709 vitatem
2021 2658 2265 2725 redigere
2330 2658 2774 2729 ratiocinationes
2827 2659 2891 2712 ad
2956 2660 3307 2728 cogitationes

1748 2742 1985 2811 ineptas,
2019 2751 2271 2810 tanquam
2319 2756 2473 2795 sacro
2506 2744 2657 2811 asylo
2693 2745 2952 2798 orationis
2976 2745 3189 2798 avulsas
3212 2786 3224 2807 ,
3253 2755 3307 2798 ct

1749 2833 2025 2901 tyranniee
2054 2832 2310 2885 adductas
2339 2830 2419 2885 ad‘
2449 2834 2765 2903 sapientiam
2819 2834 3031 2901 carnis;
3062 2850 3123 2887 ea
3152 2846 3307 2889 caete-

1752 2939 1868 2975 rum
1905 2932 2293 2991 praecurrentes
2322 2918 2840 2989 ratiocinatimtibus,
2877 2941 2994 2992 quze
3016 2925 3104 2977 illa
3132 2925 3304 2980 domi-

1752 3029 1887 3067 nans
1934 3014 2111 3065 dicere
2140 3015 2299 3080 cogit.
2352 3012 2483 3076 Quis
2529 3028 2654 3081 ergo
2700 3014 3004 3081 hujusmodi
3065 3016 3301 3077 illorum,

1749 3104 1840 3169 qui
1865 3111 2007 3153 recte
2036 3105 2269 3170 sapiunt,
2305 3104 2499 3155 dixerit
2521 3117 2641 3155 esse
2676 3118 2907 3171 pugnum
2940 3104 3166 3158 invicem
3204 3106 3302 3157 ad-

1749 3190 2101 3249 versantium,
2144 3198 2196 3241 ct
2231 3189 2521 3256 ancipitum
2557 3191 3050 3256 ratiocinationum,
3088 3192 3305 3261 quando

1750 3281 1865 3334 haec
1909 3282 2231 3334 contradicit
2277 3282 2372 3343 illi,
2428 3293 2481 3334 et
2536 3282 2624 3334 illa
2660 3284 2932 3335 contendit
2983 3285 3306 3352 persuadere

1749 3367 2045 3434 quodlibet,
2078 3377 2131 3420 ct
2162 3382 2493 3435 unaquzeque
2526 3368 2592 3419 ad
2625 3365 2963 3421 nianifestam
3010 3384 3180 3438 usque
3228 3371 3307 3423 vi-

1750 3457 1970 3510 ctoriam
2000 3465 2187 3510 contra
2242 3458 2400 3509 aliam
2447 3473 2510 3511 ex
2570 3457 2795 3511 adverso
2833 3470 3053 3527 pugnat,
3094 3468 3148 3514 et
3198 3476 3302 3514 non

1749 3536 2065 3613 pugilatum,
2102 3556 2194 3597 aut
2239 3547 2576 3615 Quinquertii
2627 3546 2853 3611 bellum,
2891 3558 3053 3615 atque
3101 3550 3303 3603 utinam

1748 3632 2077 3694 saltem-sic;
2126 3633 2406 3685 honestum
2449 3633 2592 3685 enim
2641 3633 2927 3686 haberetur
2968 3635 3299 3701 consistere,

1747 3729 1800 3774 et
1822 3719 2076 3773 dimicare
2110 3721 2364 3773 adversus
2391 3735 2474 3782 ea,
2507 3736 2625 3788 qua:
2654 3722 2984 3789 perturbant,
3013 3737 3111 3777 nec
3140 3725 3306 3778 instar

1750 3825 2027 3864 servorum
2093 3810 2460 3878 cmptitiorum
2522 3811 2661 3863 trahi
2731 3810 2862 3862 nihil
2925 3820 3301 3880 repugnantes.

1751 3900 1953 3970 Saepius
1992 3901 2134 3955 enim
2169 3902 2423 3955 abstracti
2472 3915 2503 3955 a
2538 3900 2711 3954 verbis
2740 3901 2999 3955 orationis
3028 3902 3306 3969 sequimur

1748 3993 2098 4061 cogitationes
2152 3991 2508 4056 abducentes,
2562 4005 2736 4059 neque
2788 3990 3098 4055 renuimus,
3132 4007 3306 4063 neque

1746 4090 1888 4148 tcng
1912 4081 2153 4144 ferimus,
2182 4080 2324 4148 quod
2353 4080 2566 4147 quidem
2595 4091 2738 4134 esset
2760 4081 2954 4135 mentis
2987 4097 3093 4135 non
3120 4098 3306 4138 assen-

113 4168 283 4265 σχῆμα
326 4197 562 4249 δείκνυσι
593 4168 930 4269 προσευχέιςο
965 4168 1275 4262 κεκλικότες
1302 4202 1409 4271 γὰρ
1442 4168 1645 4256 ἐπὶ.τά

1760 4170 1956 4234 tientis,
1989 4168 2407 4238 prepcllentibus
2435 4172 2498 4222 ad
2536 4185 2620 4233 ea,
2659 4186 2780 4238 quae
2820 4186 2928 4225 non
2958 4175 3302 4239 conveniunt,

112 4285 321 4349 γόνατα,
364 4286 523 4340 τοῦτο
557 4292 666 4352 τοῖς
712 4289 879 4358 ὁρῶσι
913 4290 1247 4359 φαινόμεθα,
1278 4294 1341 4362 τῇ
1378 4292 1432 4345 δὲ
1473 4294 1650 4362 ἐννοίᾳ

113 4375 172 4431 τὰ
206 4379 477 4449 τέρποντα
517 4380 912 4451 φανταζόμεθα,
945 4380 1117 4449 φίλοις
1144 4382 1384 4451 εὐμενῶς
1410 4382 1649 4451 διαλεγό-

117 4483 276 4531 μενοι,
306 4471 519 4541 ἐχθροῖς
555 4473 670 4541 μετ’
710 4473 876 4542 ὀργῆς
920 4473 1346 4543 λοιδορούμενοι,
1383 4476 1647 4543 ἑστιωμέ-

116 4573 214 4621 νοις
257 4562 737 4631 συνευωχούμενοι,
782 4566 894 4625 τοῖς
923 4567 1285 4634 προσήκουσιν
1309 4564 1648 4632 οἰκοδομοῦν-

113 4662 233 4715 τες,
286 4652 640 4718 φυτεύοντες,
701 4654 1137 4722 ὁδοιποροῦντες,
1188 4655 1641 4723 ἐμπορευόμενοι,

118 4736 243 4804 πρὸς
287 4739 583 4808 ἱερωσύνην
631 4742 907 4812 ἑλκόμενοι
960 4743 1080 4814 βίᾳ,
1139 4744 1539 4812 οἰκονομοῦντες
1578 4744 1644 4796 τά

116 4825 215 4879 τῶν
259 4830 747 4897 ἐγκεχειρισμένων
808 4834 1137 4902 Ἐκκλησιῶν
1194 4835 1315 4904 μετ’
1367 4834 1644 4896 εὐλαϐείας

120 4915 301 4986 πολλῆς
326 4959 341 4983 ,
378 4919 470 4971 καὶ
494 4919 693 4971 τούτων
719 4920 1104 4991 διεξερχόμεθα
1135 4902 1349 4978 πλδειόνα
1382 4925 1645 4977 συνδιατι-

120 5005 317 5076 θέμενοι
350 5010 458 5064 τῶν
483 5012 783 5081 εἰρημένων
812 5014 1024 5083 ἑκάστῳ
1055 5017 1225 5079 οὕτως
1259 5018 1334 5080 ὼς
1371 5012 1475 5069 οἶδε
1508 5016 1641 5086 πρὸς

120 5096 324 5153 hector
352 5100 451 5167 τὴν
474 5101 696 5170 γνώμην
724 5102 1010 5155 διατιθέναι
1039 5105 1099 5165 τὸ
1126 5106 1314 5169 πάθος.

655 5344 902 5397 ΚΕΦΑΛ.
944 5343 1067 5399 Kl".

180 5431 451 5505 Προσωχὴ
512 5434 565 5488 δὲ
610 5436 667 5489 οὐ
715 5436 955 5505 βούλεται
998 5436 1185 5503 τοῦτο,
1237 5436 1348 5491 ἀλλ’
1394 5436 1504 5507 ἔχει
1549 5438 1639 5489 τὸν

1752 4263 1804 4309 et
1826 4255 2288 4322 spcciemquidem
2314 4255 2531 4309 exhibet
2552 4257 2851 4324 orationis;
2882 4258 3110 4313 acclives
3138 4263 3300 4320 enim,

1749 4345 2118 4413 provolutiqne
2150 4343 2202 4397 in
2236 4358 2433 4414 genua,
2464 4344 2514 4398 id
2544 4360 2703 4415 agere
2728 4346 3059 4401 intuentibus
3086 4362 3305 4415 appare-
3352 4375 3355 4378 ν

1748 4451 1887 4500 mus,
1913 4443 1968 4489 at
1994 4436 2308 4506 cegitationi
2336 4438 2701 4493 obversantur
2724 4440 2988 4510 imagines
3016 4440 3299 4502 deli'ciosze,

1744 4542 1865 4580 cum
1899 4527 2088 4581 amicis
2118 4528 2374 4584 benevole
2400 4529 2747 4593 disserimus,
2792 4526 3022 4584 inimicis
3048 4530 3305 4585 iracunde

1746 4618 1979 4670 convitia
2011 4618 2323 4687 ingerimus,
2360 4620 2706 4689 epulantibus
2760 4619 2897 4673 bene
2927 4618 3301 4683 convivantur,

1745 4712 1989 4778 cognatis
2019 4695 2207 4765 domos
2227 4710 2574 4776 aediﬁcamus,
2607 4712 2931 4779 plantamus.
2955 4710 3145 4763 itinera
3171 4713 3306 4765 faci-

1748 4815 1888 4865 mus,
1935 4801 2255 4854 c‘ommcrcia
2308 4814 2640 4863 exercemus,
2682 4798 2747 4853 ad
2804 4800 3162 4855 sacerdotium
3210 4817 3302 4870 per

1746 4890 1853 4943 vim
1912 4890 2099 4950 tracti,
2143 4889 2519 4954 dis'pensamus
2574 4902 2691 4957 quae
2736 4887 2804 4942 ad
2843 4889 3110 4945 Ecclesias
3167 4906 3300 4956 quas

1748 4980 2085 5047 suscepimus
2129 4978 2420 5046 regendas,
2483 4979 2753 5046 pertinent
2801 4996 2923 5035 cum
2976 4981 3139 5033 multa
3190 4980 3301 5032 cir-

1752 5069 2170 5139 cumspectione,
2218 5078 2271 5121 et
2302 5070 2491 5124 horum
2540 5071 2701 5142 262
2739 5073 2887 5141 plura
2937 5070 3303 5137 percurrimus

1754 5163 2083 5217 adhaerentes
2137 5148 2425 5232 unicuique
2465 5164 2752 5228 dictorum,
2800 5169 2956 5229 prout
2991 5161 3138 5214 novit
3168 5162 3302 5215 alle-

1746 5262 1868 5309 ctus
1899 5252 1962 5307 ad
2002 5256 2419 5325 unumquodque
2446 5257 2727 5325 disponere
2756 5262 3011 5308 mentem.

2297 5344 2525 5399 CAPUT
2559 5341 2738 5395 XXIII.
2834 5357 2842 5366 ‘
3076 5334 3081 5339 δ

1817 5431 2000 5496 Oratio
2048 5443 2225 5490 autem
2262 5436 2401 5491 istud
2428 5448 2531 5487 non
2572 5433 2712 5498 vult;
2764 5450 2945 5488 verum
2976 5435 3301 5492 intellectum
