4052 6336
149 321 255 399 1th

874 292 974 378 :DE
1010 316 1486 377 VOLUNTARIA
1535 266 2019 372 PLXUPERTATE
2054 311 2152 369 Al)
2191 308 2523 369 MAGNAM.

3157 304 3286 366 ωδε

147 440 250 510 μηδὲ
275 435 518 488 ἐσθιέτω.
537 434 827 503 ’Δκούομεν
849 435 957 502 γάρ
981 450 1128 496 τινας
1163 435 1220 483 ὲν
1252 433 1378 499 ὑμῖν
1401 431 1651 488 ἀτάκτως
1681 439 1723 487 Α

1759 425 1865 476 vult
1910 423 2156 492 operari,
2215 438 2387 492 neque
2434 421 2733 475 manducet.
2774 416 3086 470 Audivimus
3123 419 3285 479 enim,

145 507 560 598 περιπατοῦντας,
583 525 748 594 μηδὲν
772 507 1187 593 ἐργαζομένους,
1209 521 1342 574 ἀλλά
1369 535 1652 588 περιεργα-

1751 513 1887 582 apud
1921 527 2014 567 vos
2045 513 2306 581 quosdam
2364 511 2661 564 inordinate
2706 508 2977 562 ambulare
3005 507 3136 560 nihil
3162 522 3289 574 ope—

142 595 388 688 ξομένους.
447 619 578 680 Τοῖς.
617 617 676 669 δὲ
725 615 985 680 τοιούτοις
1042 612 1507 698 παραγγέλλομεν,
1562 609 1653 662 καὶ

1759 612 1948 667 rantes,
2001 605 2090 657 sed
2135 603 2348 657 curiose
2390 609 2630 670 agentes.
2666 599 2731 653 lis
2768 608 2972 661 autem,
3007 595 3097 664 q’ui
3143 597 3290 663 ejus-

145 704 531 777 παρακαλοῦμεν
589 705 678 758 διὰ
731 705 823 757 τοῦ
877 705 1077 774 Κυρίου
1140 701 1313 770 Ἰησοῦ
1377 698 1611 770 Χριστοῦ
1633 737 1650 762 ,

145 796 213 848 ίνα
253 793 384 863 μετὰ
423 795 646 865 ἡσυχίας
690 792 1038 864 ἐργαζόμενοι
1087 791 1180 844 τὸν
1233 788 1444 843 ἐαυτῶν
1493 788 1654 858 ἄρτον

141 881 352 937 ἐσθίωσι.
399 900 421 933 ι

669 991 918 1047 ΚΕΦΔΛ.
955 991 1084 1044 KE'.

194 1102 401 1167 Πολλοῖς
425 1103 741 1174 τεκμηρίοις
772 1102 1047 1171 αὐστηράν
1070 1099 1237 1154 ποιῶν
1270 1098 1368 1168 τὴν
1399 1097 1655 1168 ἐπιτίμη-

137 1208 235 1244 σιν·
263 1193 354 1245 aut
381 1193 491 1263 γὰρ
521 1192 741 1257 ἀταξίαν
765 1191 860 1262 τὴν
890 1190 1086 1260 ἀργίαν
1121 1187 1308 1252 εἰπὼν,
1333 1187 1428 1240 καὶ
1462 1189 1542 1251 τὸ,
1571 1188 1654 1257 Μὴ

134 1280 336 1333 ἐσθιέτω
389 1281 418 1332 ὁ
467 1282 542 1349 μὴ
571 1277 1275 1349 ἐργαζόμενοςππροσθεὶς,
1329 1277 1419 1330 καὶ
1471 1277 1656 1328 ἐαυτὸν

139 1369 324 1439 ὴμέρας
368 1359 462 1421 καὶ
507 1370 695 1431 νυκτὸς
735 1372 792 1421 ἐν
830 1368 909 1438 τῷ
955 1367 1102 1438 ἔργῳ
1148 1365 1446 1436 μοχθοῦντα
1489 1365 1656 1418 τύπον

150 1461 226 1512 καὶ
262 1459 617 1528 ὑπογραμμὸν
641 1457 920 1522 δεδωκὼς,
950 1457 1042 1510 καὶ
1083 1456 1143 1508 τὸ
1183 1455 1256 1524 μὴ
1303 1454 1482 1516 αὐτοῖς
1512 1454 1655 1506 ὲκεί-

142 1565 249 1610 νοις.
305 1547 415 1600 ἀλλ’
471 1547 675 1618 ἑτέροις
723 1546 864 1617 ὑπὲρ
903 1545 1080 1599 αὐτῶν
1127 1544 1396 1610 ἐγκαλεῖν,
1448 1544 1540 1594 καὶ
1598 1542 1659 1594 τὸ

145 1637 424 1691 στέλλεσθαι
453 1637 544 1689 ἀπ’
568 1636 747 1690 αὐτῶν
770 1641 899 1697 τοὺς
925 1634 1284 1702 ὑγιαίνοντας,
1311 1634 1385 1695 ὡς
1412 1631 1660 1700 λειμὼδει

122 1729 259 1796 νόσῳ
285 1726 740 1796 κεκρατημένους,
775 1723 1008 1794 πολλὴν,
1027 1723 1119 1774 καὶ
1146 1722 1535 1791 δυσανάσχετον
1570 1722 1659 1772 ὲν-

144 1815 284 1883 έφηνε
309 1814 400 1882 τὴν
428 1814 815 1882 ἀγανάκτησιν.
848 1814 957 1866 Καὶ
982 1812 1087 1881 γάρ
1122 1812 1265 1861 ἐστιν
1297 1809 1461 1868 ὅντως
1494 1806 1658 1874 ἀργία

145 1905 331 1966 πολλοῖς
364 1903 573 1955 πολλῶν
605 1903 752 1968 αἰτία
779 1902 981 1966 κακῶν,
1009 1903 1076 1970 τῇ
1109 1899 1268 1971 σχολῇ
1297 1897 1390 1949 καὶ
1428 1897 1494 1948 τὰ
1535 1913 1656 1948 συν-

143 1992 231 2060 ήθη
260 1990 483 2055 αὔξουσα
516 1991 714 2057 φαῦλα,
749 1991 840 2043 καὶ
874 1991 937 2042 τὰ
967 1989 1101 2049 τέως
1130 1986 1271 2055 ἀήθη
1295 1985 1618 2060 διδάσκουσα
1643 2000 1656 2015 ·

146 2080 435 2148 καινουργὸς
475 2080 582 2149 γάρ
611 2082 722 2132 ἐστι
747 2119 762 2144 ,
793 2079 884 2131 καὶ
930 2077 1066 2146 πρὸς
1097 2076 1164 2128 τὰ
1207 2075 1546 2143 καινοτομεῖν
1589 2075 1658 2126 τά

145 2171 326 2240 πονηρά
359 2170 556 2238 πολλὴν
583 2169 695 2238 ἔχει
715 2170 821 2238 ,τὴν
855 2168 1263 2236 ἐπιτηδειότητα
1288 2205 1303 2228 ,
1350 2165 1443 2216 καὶ
1483 2164 1656 2226 καλῶς

146 2259 289 2327 αὐτὴν
315 2259 402 2311 διὰ
428 2258 535 2310 τῶν
560 2259 860 2328 εἰρημένων
895 2260 922 2310 ὁ
965 2254 1190 2320 Παῦλος,
1225 2256 1318 2308 καὶ
1355 2255 1422 2307 δι’
1462 2255 1658 2322 ἐτέρων

145 2348 380 2401 πλειόνων
407 2349 773 2418 ἀποτρόπαιον
799 2347 1056 2413 δείκνυσι,
1088 2347 1180 2398 καὶ
1208 2347 1442 2413 φευκτὴν
1478 2360 1648 2413 παραο

146 2424 746 2510 γιλῶν,λῦργιςόμενος,
802 2438 1156 2506 λυπούμενος,
1212 2434 1500 2502 ἐπιτιμῶν.
1551 2434 1659 2484 Καὶ

147 2528 302 2580 πίσαν
344 2529 522 2598 σχέσιν
561 2528 890 2597 ἐπιτηδεύων)
918 2528 1052 2597 πρὸς
1084 2528 1144 2578 τὸ
1167 2525 1482 2593 δυσωπῆσαι
1511 2525 1655 2586 τοὺς,

144 2616 210 2679 ὡς
247 2619 396 2679 αὐτὸς
433 2617 558 2686 ἔφη,
597 2617 860 2678 ἀτάκτους
901 2615 1017 2682 μεθ’
1052 2615 1274 2684 ἡσυχίας
1311 2611 1654 2681 ἐργάζεσθαι,

148 2689 226 2755 καὶ
249 2705 376 2775 πρὸς
403 2706 527 2767 τοὺς
557 2705 659 2768 ἔξω
683 2703 1032 2772 εὐσχημόνως
1061 2718 1125 2752 πε
1137 2697 1658 2769 ριπατεῖν,ἄγκυραν

147 2789 280 2853 εἰδὼς
323 2792 418 2861 τῆς
466 2792 702 2853 διανοίας
746 2786 883 2842 εἶναι
934 2789 992 2841 τδ
1042 2788 1218 2857 ἔργον,
1267 2787 1438 2856 ὀρμᾷν
1486 2801 1658 2852 παρα-

149 2878 382 2942 σκευάζον
423 2880 589 2950 αὐτὴν
621 2878 890 2946 ἀσφαλῶς.
941 2876 1056 2929 Κᾶν
1099 2875 1355 2936 λαίλαπες
1398 2873 1658 2927 πάντοθεν

145 2967 504 3035 ἐπιπολάζωσι,
554 2968 648 3022 καὶ
691 2953 978 3037 στρόϐιλοι,
1034 2966 1304 3036 ραγδαίοις
1355 2962 1658 3038 πνεύμασιν

145 3055 465 3119 ἀπειλοῦντες
520 3057 812 3126 ναυάγιον,
834 3055 1063 3123 ἕστηκεν
1095 3052 1314 3121 ἀκλινὴς
1348 3049 1484 3119 αὕτη
1524 3067 1657 3103 κατ-

144 3147 373 3217 εχομένη,
408 3148 483 3210 ὡς
508 3147 722 3218 ἀγκύρᾳ
752 3146 825 3216 τῷ
847 3146 1010 3217 ἔργῳ,
1031 3145 1206 3211 ὀλίγον
1242 3142 1656 3213 μετεωρίζουσιν

143 3234 584 3303 ἐπικυματὶζουσα
630 3233 926 3304 λογισμοῖς,
984 3231 1095 3285 ἀλλ’
1139 3232 1238 3282 οὐκ
1286 3226 1654 3296 ἀποσπωμένη

143 3322 259 3388 πρὸς
315 3324 573 3389 κίνδυνον,
627 3323 811 3393 ἐπειδὴ
861 3322 966 3373 τῶν
1009 3320 1286 3373 ὠθούντων
1336 3314 1658 3383 πνευμάτων

143 3413 464 3483 lappa-$96,-
497 3417 642 3467 ἐστιν
669 3416 696 3467 ὁ
719 3411 931 3481 δεσμός·

1751 694 1893 747 modi
1931 703 2075 758 sunt,
2099 693 2495 762 dennntiamus,
2531 701 2585 747 et
2608 692 2953 746 obsecramus
2984 705 3076 758 per
3112 689 3291 773 pomi-

1753 799 1879 836 num
1912 793 2150 839 nostrqu
2178 783 2358 837 Jesum
2386 782 2681 846 Christum,
2703 792 2760 836 ut
2786 775 2907 837 cum
2934 781 3140 836 silentio
3168 797 3291 850 ope-
3315 777 3319 780 ’

1755 883 1932 928 rantes
1963 888 2118 927 suum
2157 888 2345 942 panem
2393 873 2716 928 manducent
2739 873 2782 928 ³.
2815 891 2834 926 ι

2319 982 2540 1051 CAPUT
2568 972 2732 1037 xxv."

1827 1092 2076 1150 Plurimis
2100 1096 2428 1165 argumentis
2447 1105 2732 1166 exaggerat
2752 1112 2995 1166 asperam
3016 1100 3298 1166 reprehen-

1755 1178 1994 1248 siouein;
2053 1185 2249 1237 etenim
2321 1185 2763 1240 inordinationem
2811 1187 3083 1256 appellans
3139 1190 3298 1257 pigri-

1756 1273 1926 1333 tiam,
1977 1283 2030 1326 et
2085 1283 2142 1328 ut
2199 1289 2264 1328 ne
2321 1274 2618 1338 manducet,
2656 1289 2987 1342 proponens,
3043 1276 3137 1344 qui
3193 1292 3296 1328 non

1759 1365 1966 1417 laborat
2011 1365 2311 1433 operando,
2361 1378 2522 1433 seque
2581 1364 2754 1433 ipsum
2793 1365 2876 1419 die
2921 1380 2983 1418 ae
3034 1374 3192 1419 nocte
3246 1368 3298 1419 iu

1759 1468 1918 1520 apere
1970 1454 2337 1522 defatigatum,
2391 1454 2442 1506 in
2514 1453 2740 1507 formam
2789 1465 2842 1507 et
2897 1455 3301 1510 delineationem

1760 1545 2112 1606 exeiuplarem
2144 1543 2424 1606 exhibens,
2455 1551 2507 1596 et
2562 1559 2665 1595 non
2714 1544 2833 1598 illos
2861 1544 3022 1613 ipsos,
3057 1550 3146 1600 sed
3170 1548 3301 1602 alios

1761 1629 1824 1680 de
1849 1628 2032 1680 iisdem
2061 1643 2314 1696 arguens,
2357 1636 2407 1678 et
2447 1627 2768 1680 subtrahens
2801 1628 2867 1680 ab
2899 1629 2975 1682 eis
3004 1632 3302 1685 valetudine

1764 1713 1910 1766 ﬁrma
1957 1711 2308 1781 pet-fruentes,
2358 1727 2420 1765 ac
2461 1713 2504 1766 si
2555 1713 2740 1764 morbo
2799 1713 3060 1780 pestilenti
3103 1717 3298 1768 detenti

1761 1812 1972 1868 essent;
2005 1804 2284 1872 plurimam
2347 1813 2398 1856 et
2447 1803 2831 1856 intoleramlam
2884 1807 3112 1859 ostendit
3162 1808 3298 1859 iudi-

1763 1890 2090 1957 gualioncm.
2134 1889 2414 1942 Enimvero
2467 1889 2647 1942 multis
2700 1890 2989 1942 multorum
3039 1893 3297 1944 malorum

1759 1990 1914 2028 caus:t
1959 1985 2038 2029 est
2087 1974 2317 2045 pigritia,
2384 1991 2502 2043 qua:
2556 1990 2661 2041 pra:
2709 1976 2817 2028 otio
2857 1988 3112 2033 consueta
3176 1979 3298 2031 vitia

1760 2063 1907 2115 valde
1961 2073 2135 2130 auget,
2173 2075 2225 2117 et
2267 2079 2383 2131 qua:
2435 2065 2690 2118 hactenus
2743 2065 2949 2119 insueta
2982 2077 3134 2120 erant
3171 2070 3299 2121 edo-

1757 2144 1857 2211 eut,
1921 2153 2220 2205 innovatrix
2271 2153 2466 2222 quippe
2512 2163 2610 2219 est,
2648 2155 2977 2223 multumque
3032 2155 3300 2211 facilitatis

1760 2240 1912 2294 habet
1948 2241 2010 2292 ad
2047 2241 2181 2292 mala
2213 2256 2348 2294 nova
2393 2242 2772 2311 excogitanda;
2804 2257 3028 2311 eamque
3055 2247 3300 2312 prmelare

1755 2327 1953 2382 Paulus
1981 2331 2030 2380 in
2068 2331 2358 2397 prmdictis,
2389 2339 2443 2385 et
2469 2331 2588 2386 aliis
2612 2331 2665 2384 in
2698 2333 3063 2400 compluribus
3086 2334 3302 2388 demon-

1757 2428 1888 2472 strat
1917 2420 2351 2486 abominandum,
2383 2433 2437 2475 et
2492 2420 2796 2491 fugiendam
2830 2423 3162 2486 exhortatur,
3195 2427 3302 2478 ira-

1758 2525 1932 2572 scens,
1983 2511 2192 2575 dolens,
2246 2513 2548 2582 increpans,
2603 2527 2922 2578 omnemque
2975 2515 3299 2571 contendens

1757 2603 1994 2654 studiose
2023 2602 2259 2667 modum,
2285 2614 2342 2655 ut
2367 2604 2542 2656 ﬂectat
2572 2605 2923 2667 inordinatos,
2957 2608 3296 2673 quemadmo-

1755 2686 1880 2738 dum
1908 2688 2018 2752 ipse
2042 2689 2198 2756 265
2228 2689 2481 2757 loquitur,
2507 2690 2585 2743 vel
2611 2691 2878 2758 inquietos
2897 2693 3114 2747 incusso
3131 2683 3297 2763 pudo-l

1757 2787 1834 2834 re,
1855 2786 1963 2838 quo
1983 2787 2102 2825 cum
2125 2774 2338 2827 silentio
2367 2776 2654 2844 tranquillo
2679 2777 2942 2845 laborent,
2968 2789 3020 2833 et
3042 2795 3162 2851 erga
3187 2796 3298 2847 eos,

1754 2863 1846 2932 qui
1880 2861 2010 2917 foris
2057 2872 2200 2929 sunt,
2245 2864 2495 2920 incedant
2537 2867 2826 2934 honeste‘;
2864 2871 3038 2926 sciens
3066 2872 3298 2927 laborem

1755 2969 1876 3008 esse
1914 2971 2164 3010 ancoram
2212 2959 2406 3014 mentis
2434 2959 2600 3028 ipsam
2631 2964 2975 3030 prmparando
2994 2974 3048 3017 ut
3074 2966 3299 3034 appellat

1758 3043 1822 3098 ad
1857 3052 2067 3113 portum
2102 3061 2308 3101 secure.
2343 3047 2598 3122 Quamvis
2646 3050 2882 3105 turbines
2939 3053 3170 3121 undique
3217 3054 3301 3107 in.

1758 3145 1898 3190 stent
1922 3138 2220 3206 procellosi,
2247 3149 2298 3193 et
2330 3140 2639 3207 impetuosa:
2673 3151 3030 3210 tempestates,
3062 3158 3123 3198 ac
3144 3146 3298 3198 vehe-

1761 3235 1963 3281 mentes
2002 3227 2139 3279 veuti
2184 3227 2398 3282 ﬂatibus
2444 3229 2688 3283 violentis
2733 3232 3038 3286 minitantes
3080 3231 3298 3286 naulra-

1759 3313 1936 3380 gium,
2005 3322 2110 3367 stat
2171 3314 2282 3382 ipsa
2349 3313 2540 3368 inﬂexa
2615 3316 2881 3371 inhaerens
2940 3321 3086 3386 operi
3145 3321 3300 3375 ‘velut

1760 3413 1969 3453 ancorae
1991 3441 2005 3465 ,
2045 3417 2340 3472 parumque
2382 3418 2438 3457 se
2485 3402 2826 3460 eﬂ‘ereutibus
2855 3404 3073 3462 ﬂuctuat
3103 3410 3301 3478 cogita-

144 3499 372 3568 tionibus,
402 3505 496 3559 sed
527 3519 630 3558 non
662 3503 727 3556 ad
795 3500 1090 3570 periculum
1149 3493 1493 3551 subeundum”
1520 3485 1726 3558 avulsa,
1763 3489 2196 3559 quandoquidem
2257 3491 2428 3547 \‘culis
2495 3495 2920 3552 coneutientibus
2980 3496 3169 3553 fortius
3219 3510 3302 3555 est

145 3591 418 3646 vinculum.

137 3660 144 3669 ’
671 3700 912 3755 unum.
969 3700 1112 3767 λς’.

199 3808 376 3874 Οῦτως
421 3810 472 3864 οἱ
520 3809 785 3881 προτάσει
833 3810 926 3862 τοῦ
982 3809 1091 3862 δεῖν
1132 3807 1553 3878 προσκαρτερεῖν
1595 3807 1660 3874 τῇ

141 3905 389 3974 προσευχῇ
417 3901 833 3970 παραιτούμενοι
873 3901 932 3952 τὸ
967 3900 1072 3954 τῶν
1102 3899 1298 3968 χειρῶν
1324 3899 1500 3966 ἔργον,
1543 3894 1662 3947 οὔτε

143 3995 525 4062 προσεύχονται,
556 3992 652 4061 τῆς
678 3991 908 4054 διανοίας
937 3991 996 4043 οὐ
1026 3991 1325 4060 δυναμένης
1364 3985 1660 4058 ἀμετεωρί-

141 4095 262 4144 στως
282 4083 534 4134 τετάσθαι
563 4083 694 4151 πρὸς
721 4082 779 4134 τὸ
800 4082 1144 4149 ποθούμενον,
1178 4078 1575 4147 περισπώμενοι
1607 4075 1662 4126 δὲ

143 4173 262 4238 μετά
293 4173 348 4225 τὸ
372 4175 564 4242 μέτρον
590 4173 687 4242 τῆς
715 4173 915 4233 οἰκείας
943 4172 1220 4239 δυνάμεως
1250 4186 1315 4220 πε
1327 4171 1377 4235 pi.
1413 4168 1580 4218 πολλὰ
1602 4166 1658 4216 οὐ

139 4264 444 4333 καθήκοντα,
476 4265 568 4316 καὶ
601 4265 658 4315 τὸ
695 4263 847 4330 σῶμα
875 4262 1155 4328 τρέφοντες
1199 4259 1397 4325 γαῦρον
1444 4258 1535 4307 καὶ
1571 4259 1662 4306 ἀν-

140 4353 418 4418 επιτήδειον
449 4350 655 4401 ποιοῦσι
684 4351 812 4417 πρὸς
836 4350 931 4414 τὴν
955 4345 1260 4414 προσευχὴν
1292 4343 1436 4410 αὐτῷ
1466 4345 1657 4409 τούτῳ,

139 4431 175 4500 ᾧ
197 4438 400 4493 δοκοῦσι
425 4441 489 4506 τῇ
517 4437 681 4506 ἀργίᾳ
707 4436 961 4504 παρέχειν
992 4436 1058 4506 τῇ
1085 4433 1226 4500 ψυχῇ
1250 4432 1309 4482 τὸ
1336 4431 1656 4499 ἀμέριμνον,

139 4525 478 4592 ἐμπλέκοντες
528 4525 695 4593 αὐτὴν
737 4521 1041 4592 λαϐυρίνθῳ
1095 4520 1470 4583 ἀδιεξοδεύτων
1518 4519 1658 4584 λογι-

140 4616 293 4681 σμῶν.
329 4617 399 4667 Τὸ
433 4617 528 4685 μὲν
557 4615 663 4686 γάρ
700 4615 854 4684 σῶμα
880 4613 954 4681 τῷ
987 4613 1131 4682 ἔργῳ
1171 4611 1499 4679 κοπούμενον
1533 4627 1660 4661 κατ-

136 4703 234 4771 έχει
285 4708 416 4776 πρὸς
479 4706 635 4758 ἑαυτὸ
678 4705 773 4773 τὴν
828 4703 1061 4756 διάνοιαν
1099 4702 1205 4753 τῶν
1234 4700 1521 4770 ὀφθαλμῶν
1561 4701 1659 4751 οὑκ

136 4793 330 4846 ἔλαττον
361 4800 606 4866 παρεῖναι
635 4796 710 4865 τῷ
743 4795 1154 4863 σπουδαζομένῳ
1191 4793 1528 4858 ὀφείλουσαν,
1569 4791 1657 4841 καὶ

139 4887 396 4952 συνεργεῖν
427 4887 799 4956 τούτοις-,πρὸς
827 4885 886 4936 τὸ
916 4885 1011 4956 τῆς
1038 4883 1312 4951 ἐνεργείας
1341 4880 1651 4942 ἄπταιστον,

132 4968 394 5036 ἀνιέμενον
419 4967 789 5038 δέρέμὸἒσθαι
817 4973 952 5040 αὐτῇ
976 4970 1184 5022 δίδωσιν
1212 4967 1410 5030 ἄδειαν,
1444 4969 1654 5032 ἐπεγει-

136 5059 356 5126 ρομένων
384 5061 440 5109 ἐν
470 5062 533 5127 τῇ
563 5059 739 5112 ἀνέσει
768 5062 872 5113 τῶν
912 5060 1113 5124 παθῶν,
1142 5058 1233 5112 καὶ¹
1265 5058 1394 5127 πρὸς
1423 5058 1653 5122 ἑκάστην

135 5149 413 5219 ὺπὸμγῃσιν
444 5149 731 5217 ἐπιθυμίας
769 5151 1165 5218 περισυρόντων
1195 5149 1361 5218 αὐτὴν
1391 5162 1650 5217 κεχειρω-

136 5217 502 5309 μένηνῖὦσπερ
525 5239 881 5307 αἰχμάλωτον.

203 5561 219 5589 ³
243 5563 280 5617 il
309 5562 496 5619 Thess.
537 5579 616 5623 Ill,
645 5562 793 5615 64:2.
869 5562 888 5593 ⁸
923 5565 938 5614 l
980 5563 1166 5617 Thess.
1202 5580 1271 5626 iv,
1307 5564 1390 5616 ll.

446 5686 480 5741 l’
498 5699 700 5741 \'l‘i‘.tti..
756 5686 866 5738 tiu.
934 5684 1029 5740 LX
1050 5682 1214 5740 XIX.

2427 3578 2450 3606 δ

2300 3686 2525 3744 CAPUT
2564 3688 2750 3744 XXVI.

1831 3799 1918 3853 Sic
1947 3799 2036 3867 qui
2075 3799 2174 3853 sub
2203 3809 2480 3867 praetextu,
2525 3801 2668 3868 quod
2699 3808 2939 3867 oporteat
2968 3800 3020 3853 in
3055 3802 3299 3857 oratione
3382 3809 3384 3811 ’

1761 3888 2131 3953 perseverare,
2155 3903 2157 3905 ί
2185 3885 2470 3952 repudiaut
2509 3900 2644 3954 opus
2697 3888 2962 3953 manuale,
3007 3904 3111 3942 non
3140 3892 3295 3946 modo

1761 3992 1866 4029 non
1891 3983 2074 4037 erant,
2110 3989 2227 4026 cum
2261 3984 2489 4043 nequeat
2518 3975 2819 4031 intellectus
2846 3977 2909 4031 ad
2937 3978 3008 4043 id,
3033 3981 3176 4048 quod
3203 3981 3300 4037 ﬂa-

1762 4074 1973 4133 granter
2003 4062 2288 4126 desiderat,
2322 4064 2438 4118 sine
2468 4065 2841 4121 incertitudine
2879 4082 2936 4121 se
2980 4073 3297 4134 extendere;

1762 4167 1942 4204 verum
1986 4151 2143 4204 etiam
2196 4151 2436 4205 distracti
2493 4167 2653 4222 supra
2699 4157 2917 4209 modum
2964 4162 3296 4228 propriarum

1760 4239 1952 4292 virium
1991 4239 2135 4292 circa
2177 4240 2329 4307 plura
2381 4241 2600 4295 minime
2647 4245 3040 4313 cenvenientia,
3080 4238 3300 4318 corpus-

1758 4345 1861 4397 que
1901 4330 2231 4385 insolescens
2305 4333 2639 4388 enutrientes
2685 4350 2940 4404 perquam
2988 4340 3148 4404 laute,
3193 4343 3296 4394 ί·Πὶ-

1697 4462 1734 4512 D
1762 4421 1910 4472 ciunt
1955 4419 2188 4475 inhabile
2222 4421 2287 4474 ad
2327 4423 2624 4477 orationem
2666 4440 2758 4492 per
2800 4427 2898 4479 hoc
2927 4428 3120 4495 ipsum,
3159 4432 3297 4495 quod

1763 4517 1950 4575 putant
1977 4509 2087 4562 otio
2126 4511 2316 4564 anima:
2344 4513 2576 4579 praebere
2612 4516 2972 4580 securitatem,
3002 4518 3299 4582 ἱειινΙίιιειηιιξ

1762 4599 1930 4664 ipsum
1984 4601 2286 4668 labyrintho
2316 4603 2718 4670 cogitationum,
2762 4620 2790 4657 e
2817 4607 3011 4672 quibus
3055 4607 3299 4671 expedire

1765 4700 1820 4734 se
1847 4693 2138 4750 nequeant.
2185 4685 2393 4754 Corpus
2423 4689 2620 4758 quippe
2657 4691 2840 4744 labore
2873 4685 3119 4754 fraetum,
3167 4693 3296 4747 reti~

1763 4783 1850 4826 uct
1891 4775 1956 4826 ad
2010 4790 2066 4829 se
2111 4776 2459 4841 intellectum,
2503 4779 2592 4846 qui
2629 4780 2813 4833 debeat
2889 4795 2992 4829 non
3038 4793 3191 4832 secus
3236 4796 3301 4835 ac

1762 4862 1922 4927 oculi,
1957 4846 2158 4918 intente
2199 4857 2432 4933 praesens
2462 4882 2580 4921 esse
2624 4869 2719 4928 rei,
2753 4868 2835 4918 cui
2878 4868 3076 4927 studet,
3110 4879 3160 4922 ct
3192 4872 3300 4923 illis

1763 4953 2042 5019 cooperari
2071 4953 2136 5006 ad
2172 4956 2523 5018 eﬂ'eclionem,
2555 4964 2611 5007 ut
2640 4955 2690 5007 iu
2720 4970 2781 5006 eo
2811 4970 2910 5005 non
2949 4956 3182 5012 oﬂ'cudat
3209 4974 3295 5011 er-

1763 5039 2035 5094 rabundus
2065 5057 2079 5092 :
2113 5040 2194 5092 sin
2243 5056 2369 5094 vero
2418 5041 2487 5092 sit
2537 5039 2692 5092 molle
2731 5054 2793 5092 ac
2842 5044 3159 5107 remissum,
3207 5047 3296 5099 dat

1762 5125 1859 5192 ipsi
1907 5126 2211 5181 facultatem
2269 5137 2326 5179 ut
2375 5127 2768 5197 circumagatur
2811 5129 3089 5190 aﬂ‘ectibus
3125 5146 3181 5183 ea
3233 5134 3291 5185 in

1761 5216 2074 5269 remissione
2123 5215 2414 5278 suscitatis,
2450 5225 2503 5268 et
2545 5217 2718 5286 ipsum
2752 5222 2816 5274 ad
2864 5233 3292 5289 unamquamque

1761 5305 2154 5373 suggestionem
2236 5307 2680 5374 concupiscentiae
2758 5309 3290 5370 circumtraltcntibus

1761 5399 2058 5460 subactum,
2111 5406 2164 5449 et
2209 5399 2499 5466 captivum.
3136 5415 3138 5417 ’
