4052 6336
697 332 827 398 1007

2255 334 2442 392 ’Νυιῐ

3752 326 3879 386 1008

681 455 787 497 aut
817 442 883 495 ab
920 442 1004 494 his
1039 440 1130 509 qui
1165 439 1452 495 identidem
1492 438 1819 504 subsistunt,
1859 437 2116 509 paulatim
2148 454 2229 495 sc-

2343 442 2475 503 5).οις
2515 440 2763 493 κοινωνία
2824 440 2955 509 πρὶς
2986 438 3490 506 τοὺς“ἀκτὴμονας;
3527 437 3619 504 Τίς
3653 436 3706 488 δὲ
3752 457 3880 503 συί».-

695 538 970 599 parantur.
1002 527 1134 581 Nam
1175 542 1309 596 quae;
1333 526 1645 580 communio
1688 526 1794 592 his,
1819 526 1908 593 qui
1935 526 2126 595 opibus
2156 526 2237 580 ai-

634 644 639 647 -
694 622 883 684 fluunt,
904 617 971 673 ad
1006 633 1122 681 eos,
1150 619 1242 687 qui
1266 617 1399 670 nihil
1430 615 1741 685 possident?
1770 614 1898 681 Quae
1932 630 2237 670 consonan-

695 711 763 762 tia
806 710 908 774 his,
946 709 1039 778 qui
1068 709 1285 776 sapiunt
1328 722 1411 768 ea,
1446 722 1566 776 qua:
1608 717 1733 761 sunt
1772 708 1969 769 carnis,
2000 721 2120 761 cum
2150 706 2235 762 bis

691 799 783 867 qui
823 799 1042 867 sapiunt
1066 812 1167 861 ea,
1197 811 1317 866 qua:
1351 806 1476 849 sunt
1510 795 1773 865 spiritus?
1806 794 1936 861 Quae
1974 811 2099 865 pars
2129 798 2233 862 his,

693 892 783 958 qui
811 891 865 944 in
894 890 1122 959 negotiis
1150 887 1413 943 confusim
1442 888 1680 956 permisti
1718 897 1863 951 sunt,
1898 904 2020 942 cum
2060 888 2236 940 famu-

674 979 929 1040 lantibus
970 980 1084 1056 Deo
1127 978 1516 1047 absque,curis
1556 978 1774 1031 saeculi?
1814 977 1902 1031 Isti
1951 979 2239 1045 apostoliec

692 1067 1110 1135 dcreliquerunt,
1177 1066 1523 1135 quantumvis
1602 1064 1777 1119 forent
1834 1065 2065 1133 exigua,
2120 1082 2241 1135 qua:

694 1156 1055 1226 possidebant,
1115 1157 1191 1209 ilii
1225 1166 1280 1210 et
1319 1171 1402 1222 ea,
1448 1170 1566 1224 quae
1608 1170 1713 1209 non
1764 1155 2049 1221 habebant,
2082 1158 2242 1227 270

695 1247 1080 1316 acquisierunt.
1134 1245 1198 1299 Hi
1242 1246 1456 1316 quidem
1506 1247 1667 1300 silent
1713 1245 1881 1320 quieti
1912 1247 2239 1305 modestiam

697 1336 839 1389 intus
885 1346 1167 1400 curantes,
1218 1344 1378 1404 atque
1424 1336 1771 1404 gravitatem;
1806 1334 1919 1393 ,isti
1973 1350 2099 1389 vero
2139 1352 2240 1406 pu-

698 1436 921 1493 gnantes
953 1427 1114 1497 veluti
1143 1427 1489 1495 quinquertio
1521 1426 1858 1479 im-alescunt
1895 1439 2053 1495 super
2080 1442 2242 1496 pecu-

700 1518 801 1569 niis
845 1525 899 1570 et
960 1517 1409 1584 possessionibus.
1444 1515 1519 1569 lli
1558 1515 1772 1584 quidem
1814 1514 1884 1569 de
1929 1518 2240 1575 coelestibus

697 1608 853 1661 bonis
897 1607 1152 1662 adversus
1207 1607 1506 1674 spiritualia
1551 1607 1802 1677 nequitiae
1847 1608 2084 1679 legitime
2127 1625 2244 1665 ecr-

700 1706 832 1761 tant,
858 1697 931 1750 uti
958 1697 1279 1759 luctatores;
1312 1697 1397 1749 isti
1428 1705 1607 1749 autem
1632 1700 1694 1753 de
1724 1702 1948 1756 terrenis
1975 1717 2096 1756 cum
2122 1716 2244 1770 pos-

2340 533 2507 603 ιίωνία
2533 537 2642 596 τοῖς
2669 533 2736 585 τά
2774 532 2873 603 τῆς
2902 532 3097 602 σαρκὸς
3125 531 3378 602 φρονοῦσι
3418 529 3553 601 πρὸς
3593 530 3719 592 τοὺς
3756 546 3881 598 φρο-

2339 624 2558 687 νοῦντας
2592 626 2658 677 τὰ
2689 624 2778 676 τοῦ
2819 626 3152 691 πνεύματος;
3187 621 3281 683 Τίς
3325 621 3475 691 μερὶς
3522 622 3633 682 τοῖς
3684 620 3884 687 ἀναφυέ

2344 716 2587 787 ρομένοις
2630 717 2691 767 ’ἐν
2721 716 3002 785 πράγμασι
3059 711 3195 780 μετὰ
3236 711 3343 763 τῶν
3399 709 3715 779 ἀμερίμνως
3772 709 3886 761 δου-

2342 808 2601 859 λευόντων
2643 806 2718 874 τῷ
2757 804 2894 873 Θεῷ;
2956 797 3112 855 Οὗτοι
3157 800 3443 855 κατέλιπον
3500 800 3885 861 ἀποστολικῶς,

2342 897 2442 949 κᾶν
2472 894 2672 965 βραχέα
2708 890 2775 964 ἦν
2815 894 2849 947 a
2891 894 3197 960 ἐκέκτηντο,
3227 891 3419 943 ἐκεῖνοι
3449 888 3542 941 καὶ
3570 887 3606 940 ἀ
3646 888 3716 957 μὴ
3746 884 3890 957 εἶχεν

2344 987 2657 1054 ἐκτήσαντο.
2688 986 2750 1036 Oi
2779 985 2876 1051 μὲν
2898 980 3254 1052 ἡσυχάζουσιν
3287 979 3432 1031 ἔνδον
3457 979 3751 1040 ἐπιεικείας
3776 982 3890 1030 επι-

2346 1074 2680 1144 μελούμενοι,
2720 1073 2812 1125 καὶ
2850 1073 3195 1139 σεμνότητος·
3234 1070 3282 1120 οί
3313 1068 3368 1120 δὲ
3399 1068 3887 1135 παγκρατιάζουσιν

2344 1166 2481 1235 ὑπὲρ
2524 1163 2839 1233 χρημάτων,
2874 1161 2967 1213 καὶ
3003 1160 3292 1229 κτημάτων
3346 1158 3657 1226 μαχόμενοι.
3701 1158 3761 1208 Οί
3795 1158 3885 1225 μὲν

2344 1256 2470 1324 περὶ
2492 1251 2892 1321 τῶν-οὐρανίων
2917 1249 3131 1316 ἀγαθῶν
3162 1248 3296 1317 πρὸς
3326 1246 3394 1297 τὰ
3426 1245 3765 1313 πνευματικὰ
3796 1246 3885 1311 τῆς

2344 1345 2606 1414 πονηρίας
2635 1338 2877 1411 νομίμως
2905 1338 3235 1400 παλαίουσιν,
3257 1338 3305 1389 el
3334 1337 3386 1389 δὲ
3413 1338 3539 1406 περὶ
3563 1336 3668 1388 τῶν
3696 1337 3884 1403 γηΐνων

2343 1438 2452 1496 τοῖς
2485 1432 2938 1500 συγκεκτημένοις
2970 1428 3296 1497 πολεμοῦσιν
3335 1426 3532 1493 ὁμοίως
3562 1426 3689 1494 παρ’
3714 1427 3882 1476 αὐτῶν

2346 1524 2769 1594 πολεμούμενοι·
2800 1523 2911 1584 τοῖς
2941 1518 3040 1589 μὲν
3071 1519 3099 1569 ὁ
3126 1508 3312 1587 χρόνος
3344 1507 3643 1569 δαπανᾶται
3686 1518 3761 1577 είς
3804 1518 3885 1584 μὲ-

2347 1630 2542 1685 ριμναν
2585 1611 2851 1680 σωτηρίας
2896 1607 3100 1677 ψυχῶν,
3146 1608 3258 1666 τοῖς
3286 1605 3343 1656 δὲ
3386 1606 3489 1666 πᾶς
3534 1605 3563 1655 ό
3602 1602 3713 1672 βίος
3744 1603 3883 1670 μόλις

2347 1704 2505 1774 ἀρκεῖ
2557 1703 2632 1763 είς
2683 1699 2777 1759 τὰς
2811 1695 3175 1766 πολυτρόπους
3215 1693 3466 1763 ἀσχολίας
3506 1693 3600 1744 τοῦ
3648 1691 3883 1761 σώματος

697 1792 995 1845 sessionum
1038 1790 1383 1842 consortibus
1434 1790 1629 1853 bellum
1684 1801 1876 1861 gerunt
1925 1794 2125 1863 pariter
2174 1796 2242 1847 ab

2350 1766 2719 1862 μεριζόμενος.
2742 1787 2803 1839 Οἱ
2839 1783 2936 1853 μὲν
2966 1784 3300 1852 εὐχαριστεῖν
3327 1781 3696 1849 ἀπραγμόνως
3722 1778 3883 1847 βιοῦν-

692 1881 827 1960 ⁸ῑρςίς
865 1881 1001 1934 bello
1050 1880 1289 1949 appetiti.
1332 1877 1423 1933 llis
1455 1880 1701 1949 equidem
1744 1892 1951 1951 tempus
1983 1884 2243 1953 impendi-

695 1980 783 2023 tur
812 1972 875 2023 ad
907 1984 1088 2023 curam
1120 1969 1305 2023 salutis
1340 1970 1671 2035 animarum;
1702 1981 1756 2024 at
1800 1973 1915 2025 istis
1941 1973 2027 2026 vix
2068 1976 2243 2029 omnis

699 2062 801 2111 vita
853 2059 1049 2112 sufficit
1088 2059 1151 2111 ad
1198 2058 1539 2112 multimodas
1584 2062 1961 2124 occupationes
2004 2066 2243 2131 corporis

2344 1899 2434 1946 τες
2482 1882 2605 1943 τοὺς
2642 1878 2876 1948 ὁρῶντας
2909 1871 3442 1943 παρασκευάζουσιν·
3480 1874 3527 1922 οἱ
3572 1872 3628 1923 δὲ
3659 1871 3885 1939 βλασφη-

2351 1975 2476 2045 μίας
2506 1972 2664 2027 αἴτιοι
2687 1969 2893 2029 τούτοις
2932 1965 3295 2029 καθίστανται,
3324 1962 3471 2014 οὐδὲν
3505 1961 3597 2013 τοῦ
3633 1960 3883 2027 ὲπαγγέλο

2352 2080 2516 2135 ματος
2541 2061 2867 2130 πράττοντες
2894 2056 3060 2120 ἄξιον.

698 2151 995 2205 distributa.
1052 2150 1115 2201 lli
1158 2148 1395 2216 profecto
1440 2149 1623 2214 procul
1672 2151 1901 2217 negotiis
1940 2152 2246 2212 victitantes
2283 2176 2397 2224 eos,
2458 2153 2548 2223 qui
2589 2152 2883 2211 intuentur,
2924 2146 3217 2213 disponunt
3253 2143 3317 2196 ad
3351 2141 3554 2212 gratias
3592 2140 3882 2208 agendas:

699 2255 883 2293 verum
934 2238 1019 2294 isti
1071 2238 1527 2321 blasphemiarum
1586 2250 1835 2297 anetorcs
1890 2244 2242 2303 adversantur
2280 2252 2387 2305 illis
2415 2246 2548 2303 nihil
2579 2244 2801 2313 dignum
2870 2236 3123 2292 mandato
3157 2236 3339 2289 divino
3400 2231 3752 2302 perficieutcs.

1228 2346 1452 2401 CAPUT
1493 2347 1701 2403 XXX".

766 2460 861 2515 llis
894 2461 1108 2529 quidem
1137 2457 1265 2511 dicit
1299 2456 1519 2523 Paulus,
1563 2478 1581 2509 ι
1615 2459 1833 2515 Lucetis
1872 2472 1928 2517 ut
1955 2463 2239 2521 luminaria

694 2556 748 2604 in
792 2552 1082 2615 mundo",
1117 2568 1135 2601 ο
1187 2548 1525 2616 splendentes
1574 2565 1795 2621 prorsus
1838 2556 2246 2609 conversatione

698 2641 911 2709 insigni,
959 2649 1011 2693 ct
1050 2637 1403 2692 a‘mulationis
1450 2639 1603 2691 bona:
1655 2642 2024 2708 spectantibus
2072 2643 2245 2698 effecti

693 2731 927 2797 pararii;
972 2737 1025 2781 at
1070 2729 1232 2782 istis:
1268 2745 1285 2777 ι
1320 2727 1421 2781 Per
1463 2742 1559 2781 vos
1603 2728 2005 2797 blasphematur
2049 2748 2244 2786 nomen

696 2820 954 2885 meum“,
990 2836 1007 2867 ι
1059 2832 1181 2870 cum
1228 2817 1433 2871 scilicet
1467 2817 1789 2869 institutioni
1822 2820 2088 2873 contraria
2123 2835 2245 2890 per-

694 2909 929 2978 petrctis,
977 2915 1030 2961 et
1071 2906 1312 2960 habitum
1362 2904 1752 2958 circumferatis
1790 2907 2237 2961 contradicentcm

2926 2351 3183 2402 KE'PAA;
3206 2350 3325 2403 AB'.

2409 2469 2533 2530 Τοῖς
2559 2466 2653 2536 μέν
2685 2476 2846 2531 φησιν
2865 2464 2893 2511 ό
2923 2462 3146 2522 Παῦλος
3185 2477 3201 2509 ι
3230 2457 3483 2509 Φαίνεσθε
3513 2458 3585 2519 ὡς
3617 2459 3887 2524 (ἓως-ἴλης

2342 2562 2400 2612 ὲν
2423 2558 2630 2625 κόσμῳ,
2656 2574 2674 2605 ι
2699 2554 2996 2637 λάμποντες
3016 2551 3225 2609 πάντως
3252 2548 3326 2617 τῷ
3350 2549 3603 2616 ἐπισήμῳ
3630 2548 3725 2615 τῆς
3752 2549 3886 2597 πολι-

2342 2646 2509 2709 τείας,
2550 2644 2643 2695 καὶ
2687 2632 2849 2711 ζῆλρυ
2901 2642 3010 2699 τοῖς
3060 2636 3343 2704 βλέπουσιν
3381 2636 3583 2717 ἀγαθοῦ
3628 2632 3889 2703 γινόμενοι

2348 2735 2613 2803 πρόξενοιο
2682 2732 2792 2792 τοῖς
2847 2729 2934 2791 δὲ,
2985 2746 3001 2776 ι
3052 2728 3129 2778 Δι’
3185 2727 3324 2793 ὑμᾶς
3384 2725 3774 2793 βλασφημεῖται
3833 2724 3888 2775 τὸ

2342 2825 2509 2893 ὅνομά
2554 2839 2675 2891 μου,
2719 2839 2736 2870 ι
2779 2819 2856 2887 τῷ
2911 2814 3292 2885 ἐπιτηδεύματι
3344 2814 3582 2882 δηλονότι
3636 2814 3886 2882 πράττον-

2346 2931 2441 2975 τας
2504 2912 2738 2970 ὲναντία,
2807 2909 2898 2962 καὶ
2960 2908 3019 2957 τὸ
3076 2907 3259 2973 σχῆμα
3324 2904 3713 2973 περιφέροντας
3753 2905 3887 2955 ἀντι-

694 2998 966 3063 cperibus.
1010 2994 1159 3049 Unde
1204 2993 1583 3048 convenienter
1634 2994 1693 3045 hi
1732 2995 2124 3061 suspiciuntur,
2165 2996 2239 3047 illi

2348 2999 2713 3071 φθεγγόμενον
2737 2999 2848 3058 τοῖς
2872 2996 3067 3065 ἔργοις.
3103 2992 3262 3046 Ὅθεν
3292 2986 3512 3053 εἰκότως
3544 2992 3592 3043 oi
3644 2991 3741 3059 μὲν
3774 2992 3888 3042 Dao-

694 3101 819 3169 νοιζο
848 3086 1215 3153 despiciuntur
1252 3092 1306 3137 et
1352 3083 1718 3151 despuuntur;
1766 3084 1820 3136 hi
1868 3084 2006 3137 beati
2052 3085 2244 3153 pracdi-

694 3186 903 3243 cantur,
942 3176 1018 3230 illi
1051 3185 1228 3229 autem
1265 3174 1447 3226 miseri
1493 3173 1875 3241 drplorantur;
1926 3175 1979 3226 hi
2013 3176 2245 3243 diligun-

697 3279 781 3320 Iur
806 3268 927 3335 jure
962 3266 1173 3329 merito,
1206 3264 1282 3317 illi
1318 3272 1495 3321 autem
1532 3278 1636 3314 non
1668 3261 1862 3329 injuria
1890 3263 2014 3315 odio
2038 3263 2244 3317 baben-

698 3368 800 3411 tur.
852 3356 984 3421 Quis
1036 3370 1223 3421 nempe
1281 3368 1385 3407 non
1442 3352 1645 3406 amabit
1694 3353 1887 3405 merito
1938 3367 2102 3416 cum,
2153 3354 2243 3420 qui

696 3445 917 3499 omnino
964 3446 1298 3497 abalienatus
1338 3452 1420 3496 est
1470 3458 1499 3495 a
1548 3442 1866 3495 tumultibus
1898 3443 2153 3505 externis,
2194 3451 2249 3495 et

694 3538 856 3589 vitam
903 3536 1241 3604 amplectitur
1282 3533 1553 3603 quietam,
1614 3542 1667 3585 ct
1721 3532 1922 3599 absque
1986 3532 2259 3600 negotiis?

696 3622 826 3687 Quis
868 3635 973 3674 non
1008 3621 1187 3688 diliget
1219 3622 1606 3687 obstupescens
1644 3631 1891 3670 aversum
1937 3630 1966 3669 a
2015 3625 2247 3671 conten-

698 3708 847 3761 tiosis
871 3706 1037 3760 lucris
1077 3705 1129 3757 in
1162 3706 1415 3757 societate
1441 3702 1740 3771 acquisitis,
1787 3716 1849 3755 ac
1875 3702 2033 3767 odiis,
2064 3707 2116 3755 et
2156 3716 2246 3770 ag-

696 3799 1059 3869 gressionibus
1089 3796 1331 3851 eamdem
1366 3804 1532 3848 artem
1565 3793 1950 3863 profitentium,
1978 3806 2149 3860 usque
2174 3792 2243 3846 ad

700 3892 838 3942 intra
891 3888 1109 3940 domum
1155 3885 1501 3940 solitudinem
1551 3892 1938 3953 prsecaventem
1996 3884 2123 3937 item
2179 3896 2246 3937 ne

699 3980 861 4033 faciat
880 3977 1043 4046 271
1080 3976 1202 4043 quid
1244 3976 1628 4043 perniciosum,
1668 3982 1761 4027 aut
1793 3973 2038 4028 similiter
2073 3973 2243 4041 patia.

702 4079 818 4133 tur;
847 4083 953 4122 non
979 4066 1305 4127 turbantem,
1355 4077 1528 4130 neque
1560 4063 1866 4125 turbatum;
1893 4076 2000 4114 non
2043 4062 2249 4128 injuste

699 4166 1017 4227 patrantem,
1065 4170 1165 4210 nec
1210 4153 1407 4223 injusta
1455 4161 1669 4221 patrare
1711 4150 1995 4217 volentem,
2051 4160 2105 4205 et
2159 4153 2243 4207 cui

700 4263 796 4304 nec
827 4246 1019 4314 injuria
1050 4252 1225 4315 potest
1271 4243 1455 4298 inferri
1487 4261 1500 4298 :
1534 4243 1763 4297 alterum
1798 4242 1964 4306 enim,
1996 4243 2243 4310 quamvis

2348 3092 2624 3161 μάζονται,
2652 3090 2700 3141 oi
2729 3088 2785 3141 δὲ
2810 3086 3184 3141 διαπτὸονται·
3211 3086 3258 3135 οἱ
3288 3083 3383 3153 μὲν
3416 3082 3817 3151 μακαρίζειν-ται,
3842 3082 3888 3132 οἱ

2343 3180 2399 3233 δὲ
2416 3178 2814 3240 ταλανίζονται·
2848 3178 2895 3228 οἱ
2927 3176 3021 3243 μὲν
3045 3173 3359 3239 ἀγαπῶνται
3388 3173 3628 3235 δικαίως,
3662 3174 3711 3224 ol
3737 3173 3789 3223 δὲ
3815 3188 3887 3239 μι-

2345 3267 2559 3321 σοῦνται
2598 3270 2750 3337 μῖσος
2778 3266 2875 3317 οὐκ
2906 3264 3105 3315 ἄδικον.
3146 3264 3241 3323 Τίς
3288 3264 3395 3331 γὰρ
3424 3263 3520 3314 οὐκ
3560 3263 3887 3329 ἀγαπήσειεν

2344 3359 2563 3418 εἰκῖτως
2591 3357 2681 3408 τὸν
2714 3353 2987 3415 παντελῶς
3014 3353 3448 3419 ἀποτεταγμένον
3476 3354 3587 3414 τοῖς
3610 3352 3714 3415 ἔξω
3746 3351 3886 3421 θορύ·

2346 3448 2479 3511 εοις,
2540 3447 2634 3498 καὶ
2689 3445 2779 3497 τὸν
2844 3444 3167 3513 ἀπράγμονα
3228 3444 3320 3493 καὶ
3379 3442 3598 3511 ἡσύχιον
3651 3442 3886 3511 ἑλόμενον

2346 3538 2491 3607 βίον;
2512 3536 2595 3598 τίς
2620 3536 2717 3587 οὐκ
2742 3534 2805 3587 ἂν
2836 3535 3136 3603 ἀγαπήσειε
3166 3531 3415 3602 τεθηπὼς
3447 3533 3535 3585 τὸν
3566 3534 3883 3603 ἐκτρεπόμε-

2345 3645 2431 3681 νον
2484 3625 2583 3687 τᾶς
2613 3624 2888 3699 ἐρωτικὰς
2916 3625 3022 3677 τῶν
3074 3624 3419 3693 συγκτήσεων
3450 3623 3543 3676 καὶ
3579 3624 3684 3677 τῶν
3712 3625 3885 3693 ὁμοτέ-

2344 3732 2483 3786 χνων
2529 3714 2776 3782 ἀφορμὰς
2828 3713 2921 3764 καὶ
2968 3716 3033 3782 τῇ
3083 3714 3199 3765 κατ’
3230 3710 3377 3765 οἶκον
3406 3714 3628 3781 ἐρημίᾳ,
3673 3710 3883 3765 καὶτοῦ

2344 3805 2538 3873 δρᾶσαί
2566 3821 2617 3856 τι
2650 3804 2756 3855 τῶν
2788 3802 3121 3871 ἀνηκέστων,
3149 3804 3241 3854 καλ⁵
3271 3802 3363 3854 τοῦ
3387 3803 3575 3853 παθεῖν
3595 3803 3788 3870 ὁμοίως
3807 3805 3885 3867 ἑξ-

2348 3895 2649 3965 ιστάμενον,
2684 3894 2773 3947 τὸν
2810 3893 2907 3964 μὲν
2930 3890 3050 3945 οὔτε
3080 3890 3352 3960 ὀχλοῦντα,
3394 3891 3515 3943 οὔτε
3548 3891 3880 3961 ὀχλούμενον,

2343 3984 2465 4035 οὔτε
2495 3984 2800 4047 ἀδικοῦντα,
2825 3982 2947 4035 οὔτε
2973 3982 3177 4036 ἀδικεῖν
3205 3982 3542 4052 βουλόμενον,
3563 3981 3685 4037 οὔτε
3710 3982 3879 4055 ἀδικη-

2345 4071 2501 4139 θῆναι
2538 4071 2859 4139 δυνάμενονο
2906 4072 2967 4122 τὸ
3022 4072 3119 4138 μὲν
3142 4072 3247 4140 γὰρ
3298 4074 3394 4140 οὐχ
3433 4074 3662 4141 αἱρεῖται
3700 4072 3879 4140 γνώμη

2345 4159 2447 4211 κᾶν
2476 4160 2718 4228 δύνηται,
2746 4158 2805 4210 τὸ
2834 4159 2886 4209 δὲ
2910 4159 3005 4226 οὐχ
3042 4160 3323 4225 ὑφίσταται
3349 4162 3408 4211 οὐ
3438 4180 3525 4229 ποι
3552 4162 3711 4230 θύρης
3740 4162 3877 4230 ὕλης,

2345 4251 2422 4311 είς
2454 4250 2521 4319 ἢν
2554 4249 2975 4318 ἁδικηθὴσεται;

704 4346 906 4409 posset,
948 4338 1111 4391 animi
1158 4335 1421 4390 sententia
1452 4350 1559 4389 non
1582 4334 1974 4414 amplectitur;
2006 4335 2239 4392 alterum
2278 4355 2405 4396 vero
2439 4358 2541 4398 non
2578 4342 2842 4407 subsistit,
2916 4356 3023 4395 non
3072 4351 3360 4411 apparcnlc
3391 4341 3637 4406 materia,
3672 4344 3722 4396 in
3779 4355 3878 4412 qua

698 4430 747 4483 ei
772 4428 1030 4482 damnosa
1055 4425 1325 4495 infligatur
1356 4424 1585 4492 injuria?

1213 4532 1437 4588 CAPUT
1479 4530 1719 4586 XXXlll.

726 4625 732 4633 I
766 4652 897 4719 Quis
934 4664 1060 4703 vero
1093 4662 1270 4704 sermo
1312 4660 1418 4700 non
1453 4644 1700 4715 odiosum
1732 4642 1932 4699 efﬁciat
1959 4655 2104 4710 eum,
2148 4645 2239 4712 qui

698 4749 825 4801 dicit
854 4759 912 4799 se
954 4751 1190 4796 mutasse
1221 4742 1411 4803 vitam,
1439 4750 1493 4794 et
1523 4748 1699 4817 tamen
1736 4738 1906 4807 ipsius
1931 4736 2240 4792 distractio-

698 4836 856 4887 nibus
895 4828 1233 4901 implicatur?
1263 4826 1536 4917 Gloriatur
1579 4842 1637 4880 se
1664 4826 2053 4894 contempsisse
2084 4840 2240 4878 mun-

697 4912 845 4983 dum,
874 4929 925 4974 et
952 4928 1129 4974 tamen
1168 4917 1233 4971 ad
1267 4912 1502 4968 furorem
1539 4928 1710 4981 usque
1738 4914 1918 4978 rebus,
1950 4928 2070 4983 quae
2096 4913 2148 4966 in
2176 4928 2240 4968 eo

698 5020 841 5072 sunt,
862 5010 1141 5065 adhaeret?
1174 5007 1457 5063 Denuntiat
1503 5018 1561 5059 se
1590 5012 1800 5061 terrena
1827 5004 2118 5071 despicere,
2156 5013 2239 5058 at-

698 5117 804 5172 que
836 5102 1081 5168 nperibus
1117 5099 1523 5169 promissionem
1568 5092 1891 5149 ementitur?
1940 5093 2132 5156 Habet,
2184 5103 2242 5148 ut

698 5196 793 5257 ait,
819 5191 1073 5253 ludibrio,
1098 5206 1215 5258 qua:
1254 5190 1393 5258 apud
1421 5188 1672 5243 homines
1696 5183 1980 5255 elegantia,
2015 5192 2067 5236 et
2092 5198 2243 5236 com-

698 5298 789 5350 pta
824 5290 1147 5346 censentur;
1176 5287 1229 5333 et
1258 5279 1345 5332 his
1378 5276 1692 5342 studiosius,
1732 5291 1891 5345 quam
1933 5273 2020 5327 alii
2058 5273 2242 5327 homi-

701 5387 815 5436 nes,
863 5370 1164 5426 incumbit?
1194 5366 1324 5422 Vale
1370 5369 1505 5421 dixit
1551 5368 1795 5432 vanitati,
1854 5381 1975 5421 cum
2028 5365 2095 5418 ab
2140 5365 2234 5418 illa

699 5463 1002 5517 nullatenus
1054 5462 1126 5515 sit
1173 5460 1484 5531 separatus?
1535 5459 1817 5513 Proﬁtetur
1871 5471 2125 5527 crucem,
2187 5464 2239 5509 et

772 5640 804 5669 ⁸³
843 5637 1067 5705 Philipp.
1111 5652 1165 5695 ll,
1214 5636 1292 5689 l5.
1370 5640 1412 5669 "
1449 5636 1549 5690 lsa.
1585 5650 1675 5699 ιιι,
1707 5634 1775 5703 5;
1825 5636 1976 5686 Rom.
2010 5652 2065 5699 ιι,
2104 5635 2191 5685 ΞΔ.

2906 4502 3152 4593 non.
3191 4538 3310 4592 Al".

2414 4650 2506 4713 Τίς
2527 4650 2583 4703 δὲ
2608 4652 2667 4703 οὒ
2698 4651 3005 4716 στυγνάσειε
3021 4649 3173 4715 λόγον
3200 4648 3289 4699 τὸν
3311 4647 3646 4717 ἀπηλλάχθαι
3668 4648 3878 4713 λέγοντα

2344 4741 2436 4795 τοῦ
2468 4742 2603 4813 βίου,
2644 4741 2736 4793 καὶ
2761 4742 2870 4802 τοῖς
2900 4737 3087 4799 τούτου
3116 4728 3515 4805 περισπασμοῖς
3546 4738 3873 4807 ἐμπλεκόμε-

2344 4849 2464 4897 νον;
2511 4829 3045 4898 καταπεφρονηκέναι
3101 4829 3192 4880 τοῦ
3248 4828 3453 4897 κόσμου
3517 4830 3870 4898 καυχώμενον,

2344 4920 2437 4971 καὶ
2469 4920 2574 4971 τῶν
2608 4922 2666 4971 ἐν
2692 4918 2837 4987 αὐτῷ
2865 4916 3201 4987 πραγμάτων
3236 4916 3476 4982 μανικῶς
3501 4918 3869 4988 ἀντεχόμενον;

2344 5009 2612 5078 ὑπερορᾷν
2649 5008 2753 5059 τῶν
2784 5008 2981 5074 γηΐνων
3020 5005 3499 5074 ἐπαγγελλόμενον,
3537 5009 3632 5060 καὶ
3660 5012 3766 5071 τοῖς
3787 5009 3870 5077 ερο

2338 5080 2453 5166 Tot;
2473 5096 2795 5167 ψευδόμενον
2816 5096 2912 5164 τὴν
2940 5096 3228 5163 ὑπόσχεσιν
3248 5113 3261 5161 ;
3291 5096 3485 5167 χλεύην
3505 5098 3573 5150 τὰ
3606 5101 3663 5151 ὲν
3686 5099 3874 5168 ἀνθρώ·

2338 5206 2459 5251 ποις
2504 5188 2804 5254 τιθέμενον,
2858 5186 2930 5247 ὣς
2985 5203 3133 5257 φησι,
3187 5188 3374 5241 δοκοῦν
3429 5172 3497 5240 τὰ
3546 5189 3871 5256 κομψά,.καὶ

2338 5278 2700 5339 σπουδάζοντα
2722 5276 2829 5327 τῶν
2856 5276 3030 5330 ἄλλων
3059 5277 3357 5347 ἀνθρώπων
3387 5264 3547 5329 πλέον
3573 5280 3739 5345 αὐτός
3765 5278 3873 5347 χαί-

2341 5387 2450 5438 ρειν
2496 5370 2712 5423 εἰπόντα
2765 5371 2829 5436 τῇ
2876 5371 3212 5437 ματαιότητι,
3250 5368 3343 5419 καὶ
3389 5367 3448 5419 οὐ
3483 5370 3869 5439 κεχωρισμένον

2346 5456 2541 5529 αῗδτῆςζ
2589 5458 2814 5528 σταυρὸν
2859 5459 2947 5510 καὶ
2983 5450 3209 5511 θάνατον
3238 5456 3336 5525 τὴν
3376 5458 3653 5525 ἀποταγὴν
3689 5455 3866 5525 ὁμολο-
