4052 6336
833 434 965 498 1019

2274 440 2335 502 S.
2374 442 2535 500 NILI

3840 440 3985 500 ΞΟΞο

826 545 931 597 hoc
964 542 1205 611 exemplo
1239 542 1472 597 formicae
1513 542 1658 611 piger
1696 544 2083 602 verecundatus
2125 549 2207 600 est
2241 546 2308 610 ⁸³,
2358 555 2418 599 ut
2454 555 2686 601 moveret
2731 562 2941 613 manus,
2994 557 3057 607 et,
3098 548 3462 618 ignominiosae
3507 548 3723 603 desidia:
3768 545 3985 615 pudore

828 632 1236 689 sull'underetur.

1394 766 1616 822 CAPUT
1650 766 1782 820 XLI.

897 875 1118 932 Difficile
1151 890 1340 945 nempe
1368 878 1629 947 deponere
1686 892 1843 945 quam
1895 878 2061 931 multo
2116 886 2352 945 tempore

830 966 1183 1033 possederunt
1209 968 1539 1037 passionem,
1568 974 1620 1020 et
1651 966 1885 1020 habitum
1918 966 2209 1040 dissolvere
2232 979 2355 1033 pro-

835 1054 1052 1108 telatum
1085 1054 1243 1123 longa
1272 1053 1669 1117 consuetudine,
1701 1054 1805 1108 illis
1852 1055 1943 1123 qui
1973 1069 2083 1107 non
2136 1061 2359 1107 utuntur

816 1143 1272 1210 plurimo-studio
1296 1142 1362 1197 ad
1396 1142 1734 1211 moi-ispravi
1766 1143 2172 1204 correctionem,
2204 1150 2256 1195 et
2276 1143 2358 1195 in-

835 1220 1035 1285 haerent
1063 1232 1163 1300 ipsi
1200 1232 1659 1300 quemadmodum
1714 1232 1936 1286 vinculis
1988 1231 2360 1286 insolubilibus

834 1320 1054 1384 detenti,
1084 1322 1327 1386 quamvis
1356 1320 1479 1373 inde
1510 1320 1723 1388 digredi
1752 1320 1992 1389 possint;
2036 1323 2168 1374 adeo
2200 1329 2256 1373 ut
2279 1321 2360 1373 in-

839 1411 1047 1460 terdum
1077 1411 1443 1471 necessumsit
1489 1409 1626 1461 trahi
1660 1397 1800 1462 retro
1831 1409 1904 1462 uti
1927 1410 2099 1463 adhuc
2134 1410 2357 1473 deditos,

836 1510 1021 1547 eorum
1056 1496 1435 1559 reccrdationi,
1471 1495 1861 1564 pendentesque
1890 1512 1953 1549 ex
2006 1496 2108 1560 his,
2140 1497 2190 1550 in
2245 1496 2363 1564 qni-

838 1585 939 1639 bus
993 1584 1212 1639 fuerunt
1239 1586 1397 1652 paulo
1434 1595 1579 1650 ante,
1629 1595 1682 1639 et
1732 1586 1856 1639 licet
1914 1587 2110 1641 invitos
2163 1586 2364 1641 referre

839 1674 1053 1740 pedem,
1084 1673 1401 1741 assidueque
1431 1674 1666 1728 converti
1722 1675 1787 1728 ad
1828 1689 1909 1735 ea,
1945 1690 1975 1729 a
2023 1671 2218 1744 quibus
2257 1666 2364 1728 dif-

840 1763 1019 1832 fugere
1052 1765 1398 1818 contendunt.
1429 1764 1606 1829 Quare
1656 1765 1804 1832 pigro
1830 1764 2078 1819 Salomon
2118 1764 2367 1818 inclamat

839 1852 983 1905 clara
1010 1865 1177 1905 voce:
1214 1870 1232 1902 ι
1272 1851 1416 1905 Vade
1448 1855 1513 1908 ad
1546 1852 1845 1914 formicam,
1874 1866 1907 1906 0
1927 1852 2089 1920 piger.
2123 1861 2174 1905 et
2200 1867 2366 1905 aemu-

839 1939 983 2005 lare,
1022 1940 1205 1993 videns
1238 1942 1351 2008 ejus
1376 1937 1968 2007 vias".)Rrotitentibus
2000 1948 2174 1995 autem
2204 1941 2364 2008 vitam

2995 764 3234 828 ΚΕΦΑΛ.
3276 774 3407 826 Μεν.

2520 882 2760 937 Χαλεπὸν
2794 883 2900 953 γάρ
2942 882 3231 936 ἀποθέσθαι
3270 879 3442 949 πολλῷ
3473 881 3643 949 χρόνῳ
3687 877 3987 947 νεμόμενον

2453 972 2657 1038 πάθος,
2705 973 2797 1025 καὶ
2838 972 3139 1043 παραλῦσαι
3186 969 3298 1033 ἕξιν
3354 968 3744 1039 μακρυνθεϊσαν
3791 966 3987 1036 μακρᾷ

2456 1064 2707 1135 συνηθείᾳ
2728 1107 2741 1129 ,
2781 1065 2853 1133 μὴ
2876 1064 3045 1133 πολλῇ
3083 1064 3280 1131 σπουδῇ
3306 1063 3675 1130 χρησαμένους
3709 1058 3841 1127 πρὸς
3884 1056 3984 1124 τὴν

2454 1152 2728 1221 διόρθωσιν
2753 1153 2845 1205 τοῦ
2868 1152 3097 1221 πονηροῦ
3130 1151 3300 1213 ἔθους,
3318 1150 3441 1212 τοὺς
3466 1148 3805 1216 ἐνεχομένους
3830 1144 3985 1211 αὐτῷ

2455 1241 2699 1310 καθάπερ
2726 1241 2938 1309 δεσμοῖς
2973 1239 3182 1301 ἀλύτοις
3215 1234 3602 1306 κατεχομένους
3643 1235 3741 1287 κᾶν
3768 1232 3985 1286 διεκδῦ-

2455 1346 2542 1382 ναι
2569 1329 2752 1382 τούτου
2780 1328 3091 1397 δυνηθῶσιν,
3127 1330 3272 1390 ὅπως
3311 1326 3436 1379 ποτὲ
3465 1326 3539 1387 ὼς
3562 1324 3640 1376 ἔτι
3675 1339 3845 1391 προση
3858 1338 3988 1390 ρτη-

2462 1419 2652 1485 μένους
2678 1418 2923 1471 ἕλκεσθαι
2952 1417 3157 1485 ἀνάγκη
3178 1416 3352 1468 ὀπίσω
3378 1416 3441 1483 τῇ
3480 1414 3660 1481 μνήμῃ
3689 1412 3795 1491 τῷν
3819 1412 3881 1461 ἐν
3908 1403 3988 1468 οἷς

2458 1507 2594 1577 ἦσαν
2619 1507 2841 1576 ἔναγχος
2861 1544 2877 1571 ,
2911 1496 3387 1573 ἀναποδιζομένους
3408 1542 3422 1565 ,
3458 1502 3547 1554 καὶ⁸
3575 1500 3798 1559 ἄκοντας
3824 1539 3839 1563 ,
3894 1497 3987 1548 καὶ

2461 1596 2691 1666 συνεχῶς
2717 1593 3202 1663 ἐπιστρεφομένους
3233 1591 3363 1660 πρὸς
3390 1589 3455 1641 τά
3484 1588 3572 1656 ἀφ’
3603 1580 3673 1640 ὧν
3703 1584 3989 1652 ὑποδιδρά·

2462 1702 2610 1739 σκειν
2638 1684 2960 1750 ἐπείγονται.
3009 1683 3126 1736 Kal:
3157 1680 3232 1750 τῷ
3272 1676 3485 1747 ὀκνηρῷ
3531 1675 3637 1743 γὰρ
3678 1676 3706 1727 ὁ
3740 1672 3988 1740 Σολομὼν

2463 1775 2630 1844 ἐμϐοᾷ
2677 1773 3009 1841 διαπρύσιον,
3061 1790 3078 1822 ι
3118 1770 3217 1822 Ἴθι
3268 1768 3401 1834 πρὸς
3446 1766 3534 1819 τὸν
3588 1764 3880 1835 μύρμηκα,
3948 1759 3990 1811 ὦ

2461 1864 2677 1933 ὀκνηρὲ.
2710 1858 3082 1932 καὶ’ζήλωσον
3127 1858 3249 1911 ἰδὼν
3275 1856 3372 1919 τὰς
3402 1856 3553 1926 ὀδοὺς
3592 1851 3775 1906 αὐτοῦ.
3816 1869 3835 1901 ι
3879 1849 3991 1902 Kal.

2463 1957 2572 2017 τοῖς
2594 1951 3069 2020 ἐπαγγελλομένοις
3100 1947 3197 2018 μὲν
3223 1947 3311 1999 τὸν
3339 1946 3541 2013 μονήρη
3565 1942 3699 2012 βίον,
3725 1940 3992 2009 ἐμπλεκο-

841 2030 1218 2095 monasticam,
1253 2030 1524 2098 implicitis
1580 2044 1708 2084 vero
1750 2030 2019 2085 saecularis
2059 2030 2178 2084 vitae
2225 2031 2369 2085 euris

2472 2044 2648 2113 μένοις
2701 2042 2757 2093 δὲ
2794 2043 2906 2113 ταῖς
2948 2037 3192 2106 τοῦ·βίου
3238 2034 3420 2096 ῦλαις,
3471 2030 3633 2100 φησὶν
3678 2030 3706 2081 ὀ
3757 2025 3989 2095 Κύριος,

747 2131 750 2134 '
840 2133 905 2172 ac
963 2119 1383 2187 sordibus,dieit
1415 2120 1707 2175 Dominus:
1744 2138 1762 2171 t
1804 2120 2082 2188 Respieite
2131 2119 2363 2173 volatilia

2470 2150 2487 2182 ι
2530 2130 2858 2201 Ἐμϐλὲψατε
2901 2131 2981 2188 είς
3024 2127 3091 2179 τά
3136 2124 3356 2177 πετεινά
3404 2120 3496 2173 τοῦ
3537 2116 3780 2188 οὐρανοῦ,
3810 2118 3895 2169 ὅτι
3933 2117 3989 2167 οὗ

841 2208 986 2271 coeli,
1018 2210 1287 2276 quomodo
1317 2225 1422 2263 non
1471 2212 1754 2274 sentinam,
1805 2224 1975 2278 neque
2004 2216 2230 2272 metunt,
2269 2225 2365 2262 ne-

2466 2221 2793 2287 σπείρουσιν,
2840 2218 2955 2270 οὐδὲ
2990 2201 3338 2285 θερίζουσιν,
3384 2211 3501 2263 οὐδὲ
3550 2209 3867 2274 συνάγουσιν
3917 2204 3992 2264 είς

841 2292 945 2362 Que
975 2307 1301 2367 congregant
1334 2302 1382 2352 in
1407 2300 1688 2359 horrca,et
1715 2298 1870 2352 Pater
1917 2306 2089 2351 vester
2140 2298 2367 2368 celestis

2466 2306 2763 2374 ἀποθήκας,
2799 2307 2889 2358 καὶ
2915 2306 2941 2357 ὀ
2966 2304 3149 2372 Πατὴρ
3177 2302 3326 2372 ὑμῶν
3355 2302 3381 2351 ὀ
3414 2299 3655 2367 οὐράνιος
3680 2297 3869 2365 τρέφει
3896 2294 3989 2347 αὖ·

842 2386 1011 2456 nutrit
1043 2386 1155 2455 ipsa
1201 2390 1266 2441 ".
1302 2387 1408 2441 Nec
1435 2390 1485 2441 hi
1517 2390 1593 2442 sic
1628 2390 1698 2440 uti
1720 2388 1854 2456 jnssi
1881 2398 2026 2448 sunt,
2055 2387 2374 2441 dimiserunt

2465 2398 2550 2449 τά.
2586 2415 2603 2447 ι
2637 2396 2746 2448 Καὶ
2773 2394 2889 2446 οὐδὲ
2924 2387 3065 2446 οὗτοι
3107 2392 3182 2454 ὡς
3226 2388 3612 2455 ἐκελεύσθησαν
3643 2386 3861 2453 ἀφῆκαν
3898 2385 3992 2449 τὴν

846 2453 1001 2526 terras
1024 2489 1249 2539 curam;
1280 2490 1377 2529 nec
1407 2476 1493 2528 ille
1519 2491 1709 2528 manus
1730 2491 1758 2528 e
1786 2475 1904 2528 sinu
1938 2475 2179 2542 protulit,
2232 2491 2367 2542 prte-

845 2562 1023 2615 lerens
1050 2563 1327 2628 satietatis,
1359 2579 1477 2631 quas
1527 2565 1736 2616 brevem
1772 2564 2002 2616 laborem
2048 2562 2224 2626 habet,
2289 2562 2371 2614 in-

842 2649 1128 2717 digentiam
1160 2652 1481 2719 languidam.
1501 2653 1574 2705 lla
1603 2653 1664 2717 is,
1697 2653 1781 2706 cui
1812 2650 2012 2705 diutina
2043 2650 2370 2704 consuetudo
2420 2673 2423 2677 ν

842 2740 1171 2801 dominatur.
1204 2740 1268 2793 ad
1304 2742 1374 2803 id,
1409 2742 1551 2809 quod
1593 2741 1859 2795 insuetum
1889 2748 1990 2803 est,
2036 2739 2371 2807 impervcrti-

844 2827 966 2879 bilis
998 2828 1174 2880 evadit
1201 2829 1331 2882 satis
1360 2828 1558 2883 ducens
1610 2844 1728 2882 esse
1783 2829 1836 2882 in
1864 2844 1948 2891 eo,
2000 2828 2053 2882 in
2104 2844 2211 2897 quo
2270 2837 2370 2891 est,

845 2911 967 2966 licet
984 2916 1035 2967 in
1064 2914 1309 2971 confesso
1340 2918 1429 2981 sit,
1454 2918 1591 2988 quod
1622 2918 1745 2970 illud
1773 2932 1875 2970 non
1906 2918 2184 2978 conducat,
2215 2932 2374 2985 quam

780 3001 797 3019 '
846 3004 1071 3056 transire
1101 3003 1167 3056 ad
1202 3005 1495 3069 insolitum,
1528 3006 1685 3074 282
1736 3006 1978 3073 quamvis
2025 3004 2360 3059 manifestam

844 3100 898 3147 et
944 3092 1236 3147 evidentem
1267 3093 1532 3147 contineat
1561 3096 1859 3152 utilitatem.

1367 3198 1618 3279 'CAPUT
1651 3225 1807 3303 χιιι.

916 3332 1022 3388 Vos
1050 3349 1194 3399 vero,
1226 3351 1258 3389 ο
1284 3336 1441 3389 amici
1490 3337 1707 3403 Christi,
1744 3338 1995 3392 custodes
2036 3335 2153 3405 ejus
2198 3336 2370 3405 legum
2402 3344 2445 3405 ο

847 3424 1146 3493 diligentes,
1200 3426 1292 3494 qui
1361 3427 1608 3481 denarios
1665 3427 2035 3481 mandatorum
2078 3426 2372 3495 duplicatos

850 3515 1072 3567 Domino
1124 3516 1406 3583 pra-fertis,
1436 3523 1490 3570 et
1539 3516 1820 3585 plusquam
1873 3518 2051 3571 debito
2105 3516 2371 3571 constitu-

849 3610 1021 3655 torum
1041 3603 1425 3659 satisfacientes
1449 3612 1531 3667 ea,
1582 3621 1698 3675 quas
1757 3614 1881 3659 sunt
1927 3606 2157 3669 consilii,
2211 3620 2366 3675 agere

850 3702 1041 3755 magno
1066 3690 1262 3751 studio,
1291 3690 1578 3759 libentiqne
1629 3692 1809 3744 animo
1836 3691 2178 3751 contenditis.
2226 3697 2279 3744 et
2306 3691 2371 3744 li-

850 3777 977 3831 bero
1009 3780 1232 3834 arbitrio
1260 3784 1452 3835 mentis
1472 3782 1799 3848 supergressi
1828 3780 1975 3842 estis,
2012 3795 2131 3848 qum
2160 3779 2375 3833 fuerunt

851 3869 1139 3922 constituta
1195 3872 1364 3925 servis
1405 3872 1471 3926 ad
1522 3872 1882 3939 operationem
1936 3868 2371 3925 iuexcusabilem.

851 3955 951 4021 Qui
1000 3961 1292 4014 convenitis
1317 3976 1435 4015 eum
1480 3961 1694 4016 Christo
1726 3961 1777 4015 in
1807 3962 1923 4015 vitae
1953 3975 2164 4030 genere,
2200 3970 2254 4024 et
2278 3974 2375 4014 su-

850 4061 943 4114 pra
1013 4055 1270 4112 montem,
1323 4050 1566 4104 sublimis
1617 4050 1958 4119 philosophia:
2000 4050 2193 4103 initiati
2244 4049 2375 4102 estis

852 4133 1211 4201 dogmatibus,
1243 4145 1297 4189 et
1325 4138 1603 4189 ostenditis
1632 4137 1880 4201 operibus
1925 4119 2239 4189 traditarum
2293 4150 2378 4188 re-

854 4237 970 4276 rum
1018 4224 1413 4278 certitudinem.
1448 4210 1547 4289 Qui
1581 4223 1873 4295 apostolica
1909 4223 2075 4277 secuti
2132 4224 2375 4289 vestigia,

855 4310 923 4362 ita
949 4314 1262 4379 operamini,
1295 4326 1350 4369 ut
1382 4329 1446 4367 ne
1476 4314 1723 4382 cuiquam
1753 4314 1871 4367 sitis
1896 4326 2099 4381 graves,
2132 4320 2183 4365 et
2205 4312 2375 4378 oneri,

856 4402 1057 4449 tantum
1112 4412 1238 4451 vero
1261 4399 1401 4453 circa
1444 4400 1543 4453 hoc
1579 4399 1840 4467 occupati,
1902 4406 1957 4451 ut
2000 4398 2207 4467 tempus
2246 4414 2371 4451 ma-

856 4481 938 4548 gis
963 4488 1250 4541 necessarii
1303 4489 1480 4557 operis
1513 4489 1650 4541 circa
1685 4488 1972 4541 minutiora
2028 4489 2243 4543 minime
2292 4488 2377 4539 iu-

858 4573 1100 4637 sumatis,
1128 4576 1379 4641 praeclare
1424 4586 1631 4646 tempus
1669 4578 2041 4645 dispertientes
2096 4579 2148 4629 in
2208 4578 2380 4630 modi-

2469 2484 2777 2553 ἐπιμέλειαν
2820 2486 2918 2551 τῆς
2946 2481 3049 2547 γῆς
3073 2518 3088 2543 ,
3136 2478 3252 2531 οὐδὲ
3293 2473 3628 2536 ἐκεῖνος-τὰς
3667 2477 3851 2542 χεῖρας
3902 2469 3989 2520 τοῦ

2469 2572 2665 2623 κόλπου
2706 2570 3034 2640 προήνεγκεν
3083 2566 3282 2619 ἔνδειαν
3332 2562 3613 2631 ἀνειμένην
3658 2562 3992 2640 προτιμήσας

2470 2656 2640 2728 κόρου.
2669 2658 2868 2727 βραχὺν
2902 2658 3057 2710 πόνον
3086 2655 3314 2724 ἔχοντος.
3346 2654 3495 2707 Οὕτω
3517 2655 3544 2705 ὀ
3566 2650 3642 2721 τῷ
3672 2650 3883 2718 ἐθισμῷ
3909 2664 3991 2700 κε⁴

2470 2746 2803 2817 κρατημένος
2850 2744 2982 2814 πρὸς
3030 2742 3088 2795 τὺ
3141 2742 3303 2811 ἄηθές
3350 2742 3463 2793 ἐστι
3520 2736 3989 2807 δυσμετάϐλητος,

2470 2835 2696 2903 ἀγαπῶν
2745 2836 2802 2887 ὲν
2842 2828 2884 2901 ᾧ
2928 2836 3070 2885 ἐστιν
3117 2829 3281 2892 εἶναι,
3305 2830 3405 2883 κᾶν
3444 2825 3882 2897 ὁμολογουμένως
3912 2822 3988 2889 εἴη

2470 2914 2808 2991 ἀσύμφορόν,
2856 2922 2888 2990 ἢ
2939 2920 3228 2990 μεταϐῆναι
3271 2918 3404 2987 πρὸς
3430 2917 3503 2971 ,τδ
3546 2914 3849 2983 ἀσύνηθες,
3898 2913 3991 2965 κᾶν

2468 3012 2567 3082 ἔχῃ
2602 3010 2858 3080 πρόδηλον
2904 3009 2998 3062 καὶ
3027 3005 3295 3092 προφμνὲς
3329 3005 3388 3058 τὸ
3414 3003 3721 3073 ὠφέλημον.

3021 3225 3264 3279 ΚΕΦΔΛ.
3302 3222 3434 3277 ΜΒ’.

2566 3336 2752 3404 Ὑμεῖς
2776 3335 2849 3399 δὲ,
2870 3329 2927 3387 ὦ
2959 3334 3098 3402 φίλοι
3128 3331 3378 3405 Χριστοῦ,
3409 3332 3499 3383 καὶ
3525 3331 3754 3399 φύλακες
3774 3329 3885 3382 τῶν
3902 3329 3990 3389 ¹αὖε

2474 3426 2566 3480 τοῦ
2592 3426 2769 3494 νόμων
2792 3424 3083 3494 ἐπιμελεῖς,
3112 3424 3159 3475 οἱ
3188 3422 3256 3474 τὰ
3281 3422 3504 3490 δηνάρια
3520 3422 3625 3473 τῶν
3652 3419 3880 3472 ἐντολῶν
3916 3421 3981 3471 δι·

2476 3513 2866 3567 πλασιασθέντα
2916 3511 2993 3580 τῷ
3049 3511 3232 3580 Κυρίῳ
3285 3508 3672 3578 προσφέροντες
3702 3546 3718 3571 ,
3782 3508 3883 3559 καὶ
3932 3510 3986 3575 τῇ

2475 3604 2656 3673 ὀφειλῇ
2680 3603 2785 3657 τῶν
2811 3601 3236 3671 διατεταγμένων
3260 3600 3326 3652 τὰ
3358 3601 3419 3651 ἐκ
3450 3597 3816 3667 προαιρέσεως
3846 3612 3988 3666 προσ-

2477 3690 2951 3760 φιλοτιμησάμενοι
2995 3688 3251 3751 ἑκουσίως
3274 3726 3286 3750 ,
3324 3688 3416 3740 καὶ
3462 3683 3737 3755 ἐλευθερίᾳ
3776 3687 3987 3754 γνώμης

2479 3778 2883 3847 ὑπερϐαίνοντες
2921 3773 2988 3826 τὰ
3037 3776 3477 3842 προστεταγμένα
3514 3772 3713 3833 δούλοις
3747 3773 3887 3839 πρὸς
3916 3772 3989 3839 ἑρ-

2476 3867 2671 3935 γασίαν
2704 3856 3178 3936 ἀπαραίτητονοόῑ
3217 3862 3619 3923 συνανελθόντες
3650 3862 3715 3927 τῇ
3757 3860 3987 3927 πολιτεία

2477 3955 2713 4025 Χριστῷ,
2743 3955 2835 4007 καὶ
2866 3954 2957 4006 ἐπὶ
2981 3953 3073 4004 τοῦ
3102 3950 3259 4019 ὅρους
3296 3950 3363 4003 τὰ
3417 3951 3512 4019 τῆς
3555 3949 3760 4017 ὑψηλῆς
3789 3948 3990 4015 φιλοσοο

2480 4044 2604 4111 φίας
2650 4043 2937 4111 μυηθέντες
2972 4042 3229 4109 δόγματα,
3248 4039 3467 4100 καὶτοῖς
3493 4039 3668 4108 ἔργοις
3701 4036 3988 4089 ἐπιδεικνύ-

2484 4146 2630 4200 μενοι
2659 4130 2755 4197 τὴν
2779 4129 2885 4179 τῶν
2918 4128 3354 4196 παραδεδομένων
3394 4125 3747 4191 ἀξιοπιστίαν.
3788 4125 3858 4176 Οἱ
3899 4126 3989 4181 τοῖς

2482 4219 2848 4279 ἀποστολικοϊς
2874 4216 3325 4285 ἀκολουθήσαντες
3354 4215 3547 4283 ἴχνεσι,
3578 4214 3673 4266 καὶ
3706 4215 3986 4283 ἐργαζόμε-

2481 4326 2559 4362 νοι
2580 4309 2653 4371 ὠς
2677 4308 2750 4379 μὴ
2781 4304 3105 4376 ἐπιϐαρῆσαί
3134 4321 3269 4367 τινα,
3316 4303 3567 4356 τοσοῦτον
3590 4303 3648 4356 δὲ
3671 4304 3986 4372 ἀσχολούμε·

2480 4415 2559 4451 νοι
2602 4399 2733 4466 περὶ
2776 4396 2930 4449 τοῦτο
2952 4434 2966 4460 ,
3001 4394 3073 4463 μὴ
3104 4392 3192 4445 τὸν
3224 4391 3412 4462 καιρὸν
3444 4390 3541 4459 τῆς
3583 4392 3985 4457 ἀναγκαιοτέρας

2482 4486 2739 4558 ἐργασίας
2772 4483 3140 4551 δαπανηθῆναι
3181 4481 3306 4551 περὶ
3337 4480 3402 4532 τά
3430 4478 3699 4539 ἐλάττονα,
3740 4475 3915 4539 καλῶς
3945 4476 3987 4525 δὲ

2481 4577 2571 4628 τὸν
2604 4569 2789 4644 χρόνον
2820 4572 3135 4641 μερίσαντες
3165 4572 3243 4632 εἰς
3281 4568 3510 4638 μερικὴν
3553 4567 3735 4636 χρείαν
3780 4563 3985 4624 103.6(3-

856 4675 977 4714 cum
1008 4663 1251 4729 corporis
1281 4679 1460 4728 usum,
1491 4668 1607 4719 etin
1633 4667 1915 4735 plurimam
1946 4681 2128 4719 curam
2162 4666 2374 4719 animae.

2484 4676 2649 4731 ματος
2689 4659 2781 4711 καὶ
2808 4660 2882 4719 εἷς
2915 4657 3108 4726 πολλὴν
3137 4657 3233 4723 τῆς
3265 4656 3439 4723 ψυχῆς
3474 4652 3807 4719 ἐπιμέλειαν.
3843 4652 3987 4704 Τοῦτο

856 4749 979 4805 llaec
1006 4759 1087 4804 est
1108 4750 1253 4805 enim
1278 4767 1401 4806 vere
1432 4757 1749 4810 conveniens
1797 4754 2018 4825 justitize
2051 4755 2377 4818 distributio,

856 4854 964 4892 non
993 4840 1245 4901 omnibus
1295 4848 1471 4907 partes
1532 4845 1782 4909 aequales,
1840 4845 1929 4898 sed
1980 4860 2075 4913 pro
2126 4845 2380 4911 dignitate

860 4927 1146 4995 unicuique
1171 4928 1446 4997 praebere;
1486 4936 1539 4981 et
1564 4938 2072 4993 commensuratum,
2132 4935 2383 5001 quodque

861 5013 1125 5069 suﬂiciens
1154 5026 1254 5079 est,
1306 5017 1577 5085 porrigere
1631 5016 1835 5069 ancillae
1893 5018 2151 5081 debitum,
2213 5028 2380 5073 totum

863 5114 989 5151 vero
1042 5103 1331 5157 attribuere
1386 5104 1547 5167 herae,
1591 5116 1708 5171 quas
1751 5118 1869 5155 vere
1906 5103 2119 5155 domina
2150 5106 2377 5167 exsistit,

863 5203 1092 5255 quaeque
1117 5193 1281 5244 multo
1315 5194 1469 5245 debet
1499 5194 1699 5247 honore.
1729 5192 1949 5260 perfrui.
1995 5191 2095 5255 Qui
2134 5207 2385 5259 generose

863 5288 916 5331 ct
972 5280 1305 5347 magnanime
1353 5282 1564 5337 Christo
1618 5284 1856 5337 utilitatis
1893 5296 2226 5351 nequaquam
2287 5296 2384 5334 διε-

864 5372 1059 5424 cularis
1112 5372 1231 5424 vitae
1284 5374 1730 5438 negotiationibus
1771 5374 2038 5443 impliriti,
2072 5380 2127 5426 ut
2152 5370 2384 5437 compla-

866 5462 1030 5515 cratis
1062 5462 1322 5516 exercitus
1350 5462 1673 5530 imperatori,
1730 5465 2061 5532 legitimoque
2102 5466 2387 5524 ecrtantes,

938 5652 980 5680 “
1012 5654 1142 5706 l’mv
1192 5672 1257 5710 γι.
1303 5662 1332 5707 li
1434 5659 1476 5690 ²⁶
1507 5651 1683 5706 Matth.
1718 5654 1893 5717 \'I,E‘.6.

2478 4749 2585 4819 γὰρ
2613 4747 2824 4817 ἀληθῶς
2864 4746 3170 4811 δικαιοσύνη
3206 4744 3484 4812 πρέπουσα
3504 4780 3518 4803 ,
3554 4740 3883 4807 διανέμουσα
3914 4739 3985 4789 οὒκ

2484 4835 2766 4906 ίσομοίρως
2804 4837 2987 4894 πᾶσιν,
3025 4832 3159 4885 ἀλλὰ
3221 4831 3355 4901 πρὸς
3395 4828 3547 4893 ἀξίαν
3589 4827 3844 4898 παρέχειν
3886 4829 3984 4880 ἑκάς

2484 4942 2611 4994 στῳ,
2643 4924 2735 4977 καὶ
2775 4924 3079 4998 σύμμετρον
3113 4922 3227 4991 μὲν,
3268 4920 3361 4973 καὶ
3402 4920 3645 4990 αὐτάρκη
3686 4919 3901 4988 ὀρέγειν
3938 4917 3982 4981 τῇ

2484 5016 2736 5085 παιδίσκῃ
2762 5012 2856 5082 τὴν
2879 5013 3114 5081 ὀφειλὴν,
3165 5010 3225 5061 τὸ
3253 5009 3308 5061 δὲ
3354 5010 3460 5063 πᾶν
3493 5009 3785 5079 ἀπονέμειν
3814 5011 3887 5076 τῇ
3912 5024 3983 5057 κυ-

2487 5106 2575 5177 ρία
2606 5106 2697 5159 καὶ
2737 5104 2899 5164 ὅντως
2932 5102 3063 5170 οῦσῃ
3092 5100 3336 5170 δεσποίνῃ
3360 5101 3451 5153 καὶ
3482 5099 3677 5167 πολλῆς
3705 5096 3970 5163 ὀφειλοῦσῃ

2486 5196 2778 5259 ἀπολαῦσαι
2822 5194 2997 5260 τιμῆς.
3042 5191 3102 5243 Οἱ
3145 5191 3399 5259 γενναίως
3454 5188 3866 5259 στρατευόμενοι
3908 5181 3975 5232 καὶ

2490 5282 2865 5354 μεγαλοψύχως
2909 5281 3147 5350 Χριστῷ,
3176 5281 3425 5339 narrat;
3458 5276 3549 5328 τοῦ
3596 5274 3708 5343 βίου
3759 5286 3983 5341 πραγμαο

2442 5394 2453 5407 ·
2489 5375 2654 5434 τείαις
2684 5373 2779 5423 οὐκ
2824 5369 3208 5437 ἐμπλεκόμενοι
3242 5366 3327 5418 διὰ
3355 5365 3455 5431 τὴν
3498 5360 3628 5428 πρὸς
3670 5359 3759 5410 τὸν
3792 5373 3984 5427 στρατο-

2444 5462 2451 5469 ’
2494 5461 2792 5529 λογήσαντα
2836 5457 3150 5527 ἀρέσκειαν·
3200 5456 3245 5507 οἱ
3288 5454 3523 5522 νομίμως
3570 5448 3877 5510 ἀθλοῦντες,
3918 5445 3983 5497 καὶ
