4052 6336
208 300 352 365 1041
985 308 1078 367 DE
1131 309 1608 369 YOLUNTARIA
1636 311 1739 368 PA‘

1841 311 2123 369 ERTATE
2163 314 2261 370 AD
2300 313 2633 372 MAGNAM.
3254 309 3385 371 1012
3434 264 3437 270 ἡ

203 413 430 478 ζεσθαι,
460 413 584 466 οὔτε
616 414 758 484 χαρὰ
787 415 842 466 ἐν
869 415 1061 484 Κυρίῳ
1089 417 1415 480 συνίσταται,
1444 416 1517 479 ὡς
1545 419 1572 469 ό
1604 417 1739 469 αὐτὰ

1861 418 2224 485 paenitentiam
2251 420 2457 487 operari
2487 420 2651 486 possit
2680 420 2730 472 in
2779 418 3031 482 salutem;
3070 409 3382 485 neqne‘lxoc

201 503 498 556 ἐπίσταται
522 503 730 564 Παῦλος
749 521 761 536 ·
786 507 896 565 τοῖς
919 505 1014 573 μὲν
1035 506 1140 574 γὰρ
1162 507 1245 556 ἐπ’
1265 505 1438 574 ἀγαθῇ
1463 505 1732 574 συνειδήσε

1853 507 2105 576 gaudium
2142 509 2194 558 in
2243 507 2464 567 Domino
2493 509 2784 570 stabilitur,
2825 516 2881 560 ut
2911 507 3020 574 ipse
3051 508 3384 561 animadver-

203 592 657 661 εὐφραινομένοις
692 593 1118 663 παρακελεύεται
1148 593 1316 660 λέγων
1335 613 1353 670 οη
1391 614 1408 645 ι
1438 595 1665 665 Χαίρετε
1697 595 1739 647 ἐι

1854 597 1915 650 tit
1931 595 2155 662 Paulus;
2176 597 2291 651 illos
2306 599 2470 661 enim,
2489 613 2624 666 quos
2646 599 2781 670 bona
2797 599 3021 651 delectat
3036 599 3377 660 conscientia,

204 681 405 751 Κυρίῳ
441 682 689 735 πάντοτε.
741 701 760 732 ι
808 682 967 736 Ἀλλά
1004 701 1086 746 τις
1113 683 1245 736 οὖσα
1271 685 1525 752 τυγχάνει
1552 684 1754 754 ψυχικὴ

201 768 570 837 δαιμονιώδης
620 769 992 838 προσπάθεια,
1048 770 1251 832 οὐδενὸς
1307 772 1584 841 ἠρτημένη
1648 773 1754 824 τῶν

203 858 445 911 αίωνίων
490 858 699 924 καλῶν,
738 858 866 927 ὕλης
913 858 967 910 δὲ
1003 859 1359 929 φθειρομένης
1391 861 1484 912 καὶ
1507 861 1602 930 τὴν
1636 862 1754 913 ἐπι-

204 946 412 1014 θυμίαν
438 947 755 1016 ἐλεγχούσης
778 947 1026 1018 ἀνόνητον
1046 964 1058 976 ·
1081 949 1136 1001 ⁴ιί
1155 949 1258 1017 γὰρ
1277 949 1475 1000 είποιεν
1494 950 1558 1002 ἄν
1580 965 1748 1014 τινες;

215 1035 510 1088 Ἐπέλιπον
536 1037 592 1088 at
614 1036 939 1106 καθήκουσαι
962 1035 1249 1107 φροντίδες,
1268 1037 1352 1089 ἵνα
1381 1039 1489 1100 τοῖς
1509 1038 1750 1106 ματαίοις

202 1126 488 1194 λογισμοῖς
522 1122 1040 1195 προσασχολὴσωμεν
1079 1125 1174 1194 τὴν
1201 1124 1457 1190 διάνοιαν,
1498 1124 1748 1192 πλοῦτον,

205 1212 304 1264 καὶ
333 1212 665 1285 δυναστείαν,
695 1213 786 1265 καὶ
810 1212 983 1277 δόξαν,
1014 1213 1103 1264 ποι)⁵
1138 1212 1234 1282 τὴν
1263 1212 1410 1280 παρὰ
1435 1212 1642 1274 πολλοῖς
1667 1230 1748 1264 νου

208 1301 511 1372 μιζομένην
543 1301 827 1371 εὐκληρίαν
868 1301 1294 1370 φανταζόμενοι,
1351 1300 1648 1372 διώρθωται
1685 1301 1750 1353 τὰ

204 1391 340 1458 ἡθη,
395 1392 752 1458 ὑποτέτακται
799 1391 865 1443 τὰ
911 1389 1103 1460 πάθη,
1135 1390 1282 1441 οὐδὲν
1335 1389 1663 1458 πλημμελῶς
1717 1392 1748 1459 ἡ

204 1481 462 1550 αἴσθησις
509 1482 740 1550 ἐνεργεῖ,
795 1480 1152 1548 ὲξωμάλισται
1213 1478 1280 1530 τὰ
1314 1478 1424 1550 ’τῆς
1473 1479 1749 1547 προκοπῆς

205 1569 353 1637 πρὸς
395 1570 453 1621 τὸ
486 1568 722 1630 εὔκολον,
771 1568 883 1631 ἕξις
913 1569 1040 1637 ἡμίν
1066 1570 1098 1636 ἡ
1149 1567 1376 1636 ἄσκησις
1403 1566 1640 1633 γέγονεν,
1675 1569 1748 1617 είς

207 1663 384 1727 ρήνην
410 1658 527 1725 ἄγει
555 1660 588 1727 ἡ
624 1657 818 1726 καρδία
847 1656 1050 1724 βαθεῖα,
1100 1659 1366 1721 πέπαυται
1405 1656 1471 1708 τὰ
1509 1655 1607 1724 τῆς
1643 1656 1746 1723 μά-

1852 685 2112 748 hortatur,
2135 685 2349 738 dicens:
2384 702 2402 735 ι
2435 684 2668 741 Gaudete
2695 686 2749 739 in
2771 685 2994 738 Domino
3029 699 3234 753 semper
3255 684 3321 738 ⁷³.
3358 703 3373 733 ι

1854 759 2048 827 Verum
2081 775 2325 828 animalis
2373 783 2454 828 est
2496 775 2738 842 quaedam
2782 774 3008 845 ail'ectio,
3054 773 3379 827 daemonibus

1851 863 2028 932 potius
2053 864 2393 929 conveniens,
2430 878 2550 930 quae
2582 862 2782 916 nullam
2831 878 2894 918 ex
2926 863 3136 917 aeternis
3188 862 3382 928 depen-

1849 952 2084 1005 dentiam
2126 952 2310 1015 habet,
2341 967 2460 1022 cum
2493 953 2905 1020 corrumpantur
2952 951 3252 1004 materiales
3283 950 3381 1001 ltu-

1850 1059 2020 1097 manae
2038 1044 2242 1108 sordes,
2268 1052 2321 1098 ct
2352 1043 2689 1112 cupiditatem
2712 1043 3077 1096 demonstrent
3106 1041 3376 1104 inutilem;

1849 1133 2035 1200 ecquid
2059 1133 2199 1186 enim
2247 1132 2418 1201 aliqui
2462 1131 2696 1187 dicerent
2737 1150 2749 1185 :
2793 1130 3111 1185 Defecerunt
3153 1129 3378 1197 (forsan)

1848 1220 2016 1272 nostri
2067 1220 2304 1273 muneris
2355 1234 2522 1281 curae,
2574 1219 2735 1272 itaut
2783 1218 3193 1286 cogitationibus
3231 1217 3379 1270 vanis

1849 1308 2140 1362 debeamus
2181 1315 2407 1378 mentem
2437 1321 2715 1375 occupare,
2763 1307 3140 1376 imaginatione
3181 1307 3382 1360 scilicet

1846 1395 2210 1462 pervolventcs
2245 1393 2474 1457 divitias,
2511 1394 2859 1458 dominatum,
2897 1395 3118 1463 gloriam
3148 1403 3201 1449 et
3225 1395 3379 1462 quid-

1845 1481 1969 1548 quid
2005 1481 2157 1534 multi
2197 1497 2499 1550 prosperam
2534 1483 2800 1535 fortunam
2831 1483 3166 1536 existimant?
3194 1483 3377 1537 Emen-

1851 1570 1958 1624 dati
1989 1579 2113 1623 sunt
2147 1571 2346 1640 (igitur)
2375 1585 2572 1634 mores,
2619 1571 2868 1624 concitati
2918 1571 3135 1625 aﬂ‘ectus
3173 1573 3374 1625 subacti

1845 1665 1991 1721 sunt,
2024 1657 2096 1710 nil
2124 1672 2310 1710 sensus
2340 1657 2446 1724 agit
2478 1657 2844 1725 incomposite,
2879 1659 3224 1723 complanatae
3254 1669 3377 1712 sunt

201 1763 309 1816 χης
338 1749 488 1816 ἡμῖν,
518 1749 550 1815 ἡ
588 1747 720 1816 πρὸς
745 1746 840 1808 τὰς
863 1746 1052 1815 ἀρχὰς,
1079 1747 1171 1797 καὶ
1198 1747 1294 1806 τὰς
1319 1744 1560 1808 ἐξουσίας
1589 1750 1739 1796 κατα-

1850 1737 1945 1798 νίω
1963 1760 2278 1814 progressus
2311 1745 2374 1798 ad
2398 1745 2731 1812 faciltatem;
2764 1747 3011 1799 diuturna
3041 1746 3194 1815 302
3223 1732 3374 1799 exer-

200 1836 424 1889 λέλυται
447 1837 588 1906 πάλη
613 1853 626 1865 ·
661 1835 890 1896 σπονδὰς
920 1834 1066 1886 ἔθετο
1088 1833 1219 1902 πρὸς
1247 1833 1304 1884 τὴ
1331 1833 1542 1900 πνεῦμα
1572 1835 1603 1902 ἡ
1629 1834 1746 1884 κατ’

199 1925 375 1983 αὐτοῦ
406 1924 679 1993 δυσμενῶς
710 1922 1017 1992 διακειμένη
1051 1920 1201 1990 σὰρξ,
1219 1921 1316 1972 οὐκ
1344 1921 1422 1993 {tt
1455 1920 1744 1989 στρατεύε-

197 2027 289 2064 ται
351 2011 490 2080 αὕτη
520 2010 658 2062 κατὰ
689 2009 780 2062 τοῦ
813 2008 1139 2078 πνεύματος,
1162 2008 1296 2069 ὅλως
1319 1983 1612 2075 νὲνίκηται,
1654 2008 1746 2059 καὶ

196 2101 300 2169 τὴν
319 2095 487 2170 ἧτταν
512 2099 756 2169 ὁμολογεῖ
778 2097 1103 2158 δουλεύσασα
1134 2097 1210 2160 ῶς
1240 2096 1592 2166 αίχμάλωτος.
1623 2097 1746 2149 Συν-

195 2191 436 2259 εκόψατε
463 2191 558 2253 τὰς
600 2189 868 2260 μαχαίρας
901 2189 978 2250 είς
1018 2187 1246 2258 ἄροτρα,
1281 2188 1374 2239 καὶ
1401 2187 1496 2250 τὰς
1525 2186 1745 2250 ζιὸύνας

196 2283 277 2344 είς
303 2271 564 2352 δρέπανα,
581 2279 650 2332 τὰ
668 2297 730 2332 πι
770 2282 932 2350 τμικςξ
952 2279 1084 2349 ἔργα
1103 2279 1418 2348 ποιήσαντες
1444 2278 1528 2332 διὰ
1551 2276 1744 2347 πολλὴν

183 2370 424 2441 ἐἰρήνην
475 2369 639 2439 σκεύη
670 2366 983 2438 γεωργικά·
1034 2365 1416 2435 ἀναπαυόμεθα
1465 2366 1604 2419 κατὰ
1648 2366 1743 2434 τὴν

195 2462 353 2514 θείαν
381 2462 666 2530 ὑπόσχεσιν
698 2460 923 2522 ἕκαστος
970 2457 1072 2511 ὑπὸ
1117 2458 1264 2511 κάτω
1308 2457 1547 2526 ἀμπέλου
1580 2456 1741 2509 αὑτοῦ

195 2552 610 2620 εὐφραινόμενοι
644 2551 733 2601 ἐπὶ
754 2552 864 2609 τοῖς
891 2547 1070 2616 ἔργοις
1096 2546 1202 2599 τῶν
1227 2546 1423 2615 χειρῶν
1450 2548 1481 2614 ἡ
1492 2545 1622 2614 μῶν,
1649 2547 1748 2598 καὶ·

196 2641 290 2693 ἐπὶ
334 2641 442 2692 τῶν
467 2639 660 2691 κοιτῶν
702 2635 1113 2705 ἀγαλλιώμενοι,
1162 2635 1395 2695 οὐδενὸς,
1445 2632 1738 2701 οὐδαμόθεν

193 2728 496 2798 όχλοῦντος,
547 2728 606 2780 οὐ
654 2726 875 2789 πάθους,
928 2728 987 2776 οὺ
1037 2723 1340 2792 πνεύματος
1371 2722 1468 2790 τῆς
1509 2724 1738 2773 ἀντικει-

199 2819 370 2889 μένης
402 2817 675 2886 δυνάμεως
715 2818 812 2886 τῆς
840 2814 1131 2882 ἐπιθυμίας
1169 2812 1556 2880 ἀναφλέγοντος
1602 2809 1738 2878 πρὸς

193 2909 262 2961 τὰ
289 2911 418 2978 ἡμῖν
449 2907 691 2976 οὐδαμῶς
725 2906 1038 2976 ἡρμοσμένα
1085 2904 1401 2971 πράγματα.
1443 2902 1505 2953 Et
1535 2901 1588 2952 δὲ
1623 2900 1734 2964 καὶ,

194 2996 269 3056 ὠς
302 2997 533 3065 είρηται,
563 2994 730 3055 οὕτως
758 2990 868 3062 εἶχε
913 2993 988 3044 τὰ·
1016 2991 1136 3043 καθ’
1179 2991 1325 3060 ἡμᾶς
1369 2988 1610 3054 ἀπαθῶς,
1645 2990 1736 3042 καὶ

197 3085 435 3154 γαλήνην
479 3083 692 3153 εἴχομεν
720 3083 827 3135 τῶν
864 3081 1143 3151 ταράττειν
1173 3080 1434 3132 εἰωθότων
1472 3079 1559 3132 τὸν
1592 3079 1734 3145 νοῦν,

105 3174 108 3178 λ
197 3176 291 3225 καὶ
325 3174 522 3242 πάσης,
551 3173 692 3224 κατὰ
718 3171 842 3233 τοὺς
873 3169 1038 3223 πάλαι
1068 3164 1441 3237 ἁγίους,μῆμεν
1475 3167 1734 3235 ἀνώτεροι

197 3263 466 3332 κοσμικῆς
492 3262 804 3330 ἐπιθυμίας,
851 3260 949 3312 ποῦ
981 3262 1242 3330 χρήσιμος
1269 3260 1396 3327 ἡμῖν
1423 3259 1456 3325 ἡ
1491 3258 1595 3309 τῶν
1634 3274 1736 3325 μα-

195 3352 369 3404 ταίων
411 3351 648 3421 φροντὶς,
693 3351 786 3402 καὶ
816 3346 1191 3418 περισπασμὸς
1219 3347 1351 3398 οὖσα
1382 3349 1602 3408 είκαῖος,
1643 3347 1735 3398 καὶ⁴

194 3440 261 3494 τὰ
292 3440 694 3509 σπουδαζόμενα
722 3442 820 3492 οὐκ
857 3438 1115 3500 ἀνύουσα;
1159 3435 1340 3510 (Οὐδὲν
1362 3435 1468 3506 γὰρ
1494 3435 1599 3505 τῶν
1632 3435 1732 3508 οὐκ

193 3528 279 3597 ἐφ’
300 3532 428 3599 ἡμῖν
448 3528 685 3598 ἡμετέρᾳ
703 3529 906 3594 γίνεται
929 3524 1326 3596 ὲντρεχείᾳ,κᾶν
1351 3523 1735 3593 ὐπερταθῶμεν

193 3619 328 3688 πρὸς
356 3620 452 3690 τὴν
477 3619 664 3688 κτῆσιν
691 3617 851 3678 αὑτοῦ
880 3620 944 3687 τῇ
998 3616 1313 3686 προθυμίᾳ.)
1357 3615 1611 3687 Προνοίας
1639 3615 1735 3681 τῆς

193 3708 258 3761 τὰ
288 3709 410 3762 καθ’
443 3711 586 3779 ἡμᾶς
611 3709 992 3777 οίκονομούσης
1016 3707 1138 3760 ὄντα
1169 3707 1481 3775 δωρήματα,
1511 3707 1603 3757 καὶ
1625 3705 1722 3756 οὐκ

193 3798 534 3867 ἀνθρωπίνης
566 3798 700 3867 ἔργα
731 3798 981 3866 σπουδῆς.

1844 1835 2023 1887 cilalio
2053 1837 2211 1904 quasi
2257 1834 2472 1889 habitus
2520 1836 2572 1887 in
2617 1836 2766 1888 nobis
2795 1835 2994 1897 evasit;
3026 1850 3116 1888 cor
3157 1834 3377 1902 profun-

1845 1924 1970 1976 dum
2004 1923 2194 1976 fruitur
2230 1940 2382 1990 pace;
2416 1935 2597 1992 pacata
2629 1935 2749 1977 sunt
2775 1940 2890 1992 qua:
2917 1939 3014 1977 nos
3048 1925 3110 1976 ad
3137 1937 3373 1991 pugnam

1843 2013 2083 2077 ciebant;
2116 2021 2379 2065 certamen
2426 2013 2578 2065 lucta:
2618 2021 2800 2066 contra
2833 2013 3156 2082 principatus
3184 2022 3236 2065 et
3279 2026 3375 2080 po-

1848 2109 2066 2154 testates
2100 2101 2419 2154 dissolutum
2472 2110 2585 2166 est;
2631 2101 2871 2155 inducias
2918 2102 3213 2168 composuit
3253 2115 3374 2154 cum

1844 2187 2032 2255 spiritu
2087 2203 2206 2256 quae
2254 2197 2434 2242 contra
2490 2196 2664 2258 ipsum
2717 2187 3077 2242 inhumaniter
3123 2190 3375 2257 disposita

1840 2286 2115 2351 erat‘caro
2143 2296 2155 2331 :
2189 2291 2294 2331 non
2325 2279 2552 2347 amplius
2580 2279 2836 2333 adversus
2867 2274 3201 2347 spiritum-ea
3233 2277 3374 2330 milia

1840 2373 1936 2431 tat,
1971 2364 2067 2419 fuit
2103 2367 2317 2419 omnino
2342 2367 2565 2432 devicta,
2594 2370 2933 2434 serviensque
2958 2368 3118 2421 veluti
3147 2365 3372 2433 captiva,

1839 2452 2034 2507 fatetur
2066 2470 2122 2509 se
2161 2455 2502 2510 succubuisse
2540 2474 2552 2507 :
2597 2455 2914 2510 Concidistis
2962 2455 3165 2522 gladios
3197 2454 3248 2506 in
3283 2468 3368 2507 vo-

1841 2559 2033 2606 meres,
2069 2553 2118 2598 et
2149 2545 2436 2611 lanceaein
2466 2545 2629 2600 falces
2655 2545 2725 2608 ",
2772 2553 2985 2614 propter
3027 2558 3208 2612 pacem
3241 2542 3375 2594 tnul-
3453 2544 3455 2546 ’

1840 2641 1948 2684 tam
1973 2633 2158 2690 bellica
2177 2648 2334 2701 opera
2350 2618 2547 2686 feci-istis
2569 2633 2917 2685 instrumenta
2935 2630 3271 2701 agriculturze
3357 2646 3372 2683 :

1843 2719 2250 2786 requiescimus,
2282 2719 2428 2788 juxta
2456 2718 2689 2772 divinam
2737 2718 3164 2787 promissionem,
3211 2733 3387 2770 unus-.
3470 2791 3472 2793 ἡ

1834 2811 2059 2878 quisque
2084 2809 2182 2862 sub
2215 2811 2313 2861 Ιὶιιι
2349 2823 2445 2861 sua
2468 2847 2482 2871 ,
2514 2817 2566 2861 et
2607 2807 2707 2862 sub
2751 2808 2855 2862 vite
2870 2811 3034 2877 sua",
3051 2807 3291 2862 delectati
3321 2807 3382 2859 in

1835 2912 2088 2950 manuum
2121 2905 2422 2960 nostrarum
2464 2896 2732 2964 operibus,
2777 2891 2911 2950 etin
2949 2896 3212 2950 cubilibus
3245 2911 3373 2964 gau-

1836 2986 2021 3040 dentes
2048 2986 2113 3050 ⁷⁸,
2144 2984 2354 3038 nemine
2399 2985 2663 3038 ullatenus
2700 2971 3064 3054 perturbante,
3101 2973 3205 3037 nan
3253 2998 3374 3051 pas-

1839 3075 2012 3139 sione,
2044 3089 2149 3127 non
2181 3074 2371 3142 spiritu
2403 3075 2649 3142 potentiae
2695 3075 2978 3128 contrariae
3010 3073 3369 3126 inﬂammante

1834 3179 2022 3218 rursus
2051 3165 2115 3216 ad
2145 3178 2204 3216 ea
2247 3153 2475 3230 negotia,
2503 3177 2621 3232 quae
2659 3162 2814 3216 nobis
2860 3162 3005 3216 nullo
3055 3161 3211 3214 modo
3245 3171 3370 3214 sunt
3430 3194 3436 3201 -

1834 3267 1972 3324 apta.
2005 3256 2059 3310 Si
2089 3271 2232 3319 vero,
2256 3257 2329 3308 uti
2357 3257 2552 3309 dictum
2585 3263 2686 3319 est,
2718 3270 2802 3308 res
2835 3263 3030 3308 nostrae
3059 3253 3370 3321 impassibi-

1833 3346 1951 3399 liter
1967 3361 2024 3399 se
2040 3345 2318 3410 habebant,
2341 3345 2826 3414 tranquillitateque
2843 3343 3149 3408 [ruebamur
3163 3357 3368 3406 eorum,

1835 3450 1954 3504 qua:
1990 3435 2227 3488 solebant
2263 3436 2577 3504 perturbare.
2599 3435 2947 3500 intellectum,
2975 3443 3027 3488 et
3055 3433 3369 3503 (secundum

1834 3525 2144 3579 institutum,
2171 3533 2404 3582 veterum
2452 3522 2778 3596 sanctorum)
2818 3539 3032 3583 eramus
3083 3522 3370 3578 omni-liu-

1836 3627 1991 3664 mana
2020 3612 2452 3680 concupiscentia
2486 3612 2811 3680 superiores,
2846 3612 2911 3665 ad
2941 3611 3070 3680 quid
3103 3611 3255 3663 nobis
3285 3607 3370 3661 fu-

1835 3702 2004 3755 tilium
2033 3716 2210 3768 rerum
2240 3715 2364 3766 cura
2397 3701 2499 3754 erit
2538 3701 2703 3769 utilis,
2737 3716 2857 3769 quae
2893 3716 3030 3754 vana
3067 3707 3150 3753 est
3176 3699 3375 3752 abstra-

1835 3794 1967 3852 ctio,
2008 3799 2065 3842 et
2097 3805 2215 3856 qua:
2244 3790 2481 3842 studiose
2521 3797 2862 3855 appetuntur,
2889 3804 2993 3841 non
3027 3788 3231 3856 perﬁcit
3270 3786 3371 3848 (ni-

196 3888 268 3940 hil
300 3889 447 3942 enim
477 3880 660 3945 eorum
693 3886 808 3952 qua
853 3899 955 3936 non
990 3891 1112 3936 sunt
1145 3882 1203 3934 in,
1243 3889 1422 3944 nostra
1459 3886 1735 3946 potestate,
1777 3879 1987 3948 propria
2046 3877 2267 3930 ellicitur
2290 3876 2569 3940 industria,
2601 3885 2654 3930 et
2685 3876 2730 3928 si
2760 3877 2825 3929 ad
2852 3876 2900 3928 id
2953 3873 3362 3943 comparandum

194 3991 354 4043 supra
377 3974 596 4028 modum
626 3972 790 4024 animi
812 3971 1196 4024 contendamus
1226 3969 1520 4040 alacritate)
1545 3970 1568 4023 ?
1595 3970 1726 4025 Cum
1765 3983 1828 4022 ea
1852 3968 1958 4022 sint
2018 3965 2364 4019 Providentia:
2393 3965 2528 4035 dona
2563 3963 2629 4018 ad
2669 3979 2767 4018 nos
2833 3965 3130 4031 spectantia
3172 3964 3372 4031 guber-

195 4064 394 4126 nantis.
424 4071 477 4118 et
503 4077 610 4115 non
642 4060 1051 4128 humaniOpera
1078 4061 1260 4115 studii.
1349 4119 1352 4122 ,

228 4167 231 4169 '
750 4168 994 4223 ΚΕΦΔΛ.
1027 4169 1166 4234 Νφ.

261 4283 372 4337 Καὶ
396 4279 482 4333 διὰ
514 4279 676 4332 τοῦτο
703 4247 836 4345 πρὸς
871 4277 996 4338 τοὺς
1033 4276 1236 4338 εἰδότας
1273 4275 1447 4339 καλῶς
1489 4275 1724 4340 ἀκούειν,

193 4373 221 4425 δ
239 4370 436 4441 Κύριός
457 4385 604 4437 φησι·
629 4386 647 4418 ι
675 4368 768 4429 Τίς
788 4365 844 4429 ἔξ
865 4367 892 4417 ὑ
902 4365 1012 4434 μῶν
1041 4365 1314 4434 μεριμνῶν
1328 4365 1541 4418 δύναται
1565 4382 1728 4436 προσο

2403 4153 2625 4209 CAPUT
2660 4152 2790 4207 LVI.

1901 4269 1965 4323 Et
1996 4283 2112 4322 eam
2143 4267 2211 4320 ob
2244 4281 2352 4319 rem
2384 4264 2447 4318 ad
2490 4279 2600 4328 eos,
2634 4267 2725 4334 qui
2766 4257 2894 4320 bene
2932 4268 3230 4322 auscultare
3268 4261 3384 4323 no?
3416 4257 3420 4274 ”

1832 4370 1957 4414 runt
1995 4357 2247 4412 Dominus
2278 4342 2449 4432 dicit):
2482 4372 2500 4405 ι
2527 4353 2745 4420 Quis‘ex
2768 4356 2919 4411 vobis
2943 4357 3098 4440 303
3130 4347 3364 4428 cogitans

195 4459 359 4512 θεῖναι
392 4458 482 4511 ἐπὶ
509 4457 603 4526 τὴν
635 4455 844 4525 ἡλικίαν
880 4453 1040 4507 αὑτοῦ
1071 4455 1259 4523 πῆχυν·
1286 4454 1446 4517 Eva,»
1493 4454 1570 4524 τῷ
1598 4459 1726 4526 ἀνη-

1841 4457 1994 4519 potest
2011 4446 2237 4516 adjicere
2261 4444 2324 4498 ad
2345 4452 2602 4498 staturam
2624 4461 2774 4499 suam
2799 4446 3030 4514 palmum
3053 4449 3311 4502 unum"?
3343 4469 3359 4501 ι

154 4610 158 4611 ν
195 4549 331 4618 νύτῳ
365 4552 459 4618 τῆς
489 4547 751 4618 μερίμνης
775 4547 975 4613 ταύτης
1004 4546 1178 4598 πᾶσαν
1210 4545 1472 4615 μέριμναν
1498 4545 1726 4610 δεικνὺς,

193 4639 307 4706 ἡτις
333 4636 406 4708 μὴ
428 4641 492 4708 τῇ
522 4637 758 4708 ἡμετέρᾳ
784 4637 951 4707 πέρας
977 4636 1234 4708 λαμϐάνει
1256 4636 1474 4705 στωυδῇ,
1502 4635 1729 4704 ματαίαν

194 4728 287 4779 καὶ
315 4727 482 4789 ὅντως
525 4730 799 4796 ἀνήνυτον,
847 4725 1272 4795 μετεωρίζουσαν
1304 4724 1483 4787 ἁπλῶς
1522 4724 1728 4783 1:va-

196 4813 405 4882 γισμὸν,
437 4814 532 4875 καὶ
562 4815 658 4882 τῆς
682 4814 908 4884 ἀληθοῦς
940 4812 1401 4865 ἁποὸουκολοῦσαν
1434 4813 1726 4881 φροντίδος,

194 4897 339 4950 οὐδὲν
383 4897 438 4949 δὲ
464 4898 587 4956 ᾒτῶν
633 4899 1146 4970 ὀνειροπολουμένων
1198 4899 1539 4970 περιποιῆσαι
1571 4899 1727 4962 δυναξ

200 4987 360 5057 μένην
389 4985 935 5055 τινὶ,ὅνειρώττουσαν
966 4990 1022 5041 ἐν
1049 4990 1160 5050 τοῖς
1190 4988 1547 5057 φαιδροῖς,καὶ
1583 4986 1727 5056 ὖπαρ

197 5077 353 5146 κενὴν
393 5075 500 5128 τῶν
553 5073 854 5142 φαντασιῶν
879 5075 991 5141 ¹τὴν
1044 5077 1229 5130 ἐλπίδα
1275 5077 1594 5145 ὲλέγχουσαν
1641 5075 1729 5126 ἀεὶ

196 5173 319 5234 τοῖς
341 5168 580 5238 ματαίοις
608 5150 879 5236 ὲνθυμίοις
905 5156 1340 5236 ὲνευκαιροῦσαν,
1379 5169 1471 5222 καὶ
1496 5168 1637 5237 ἔργῳ
1661 5167 1729 5221 τὰ
1765 5211 1771 5218 ,

199 5255 419 5324 ἑνθύμια
449 5256 744 5331 βλέπουσαν
774 5255 1199 5320 οὐδέποτε,κατὰ
1244 5257 1340 5328 τὴν
1380 5256 1472 5309 τοῦ
1505 5256 1728 5308 Ἡσαΐου

198 5345 498 5416 παραϐολὴν
517 5349 580 5400 ,ὲν
610 5340 645 5417 ᾖ
672 5363 832 5417 φησιν
850 5362 862 5376 ·
903 5364 921 5397 ι
953 5347 1046 5397 Ὃν
1073 5339 1272 5414 ’τρόπον
1300 5344 1670 5430 ἐνυπνιάζεται
1697 5349 1724 5399 ὀ

196 5433 376 5503 διψῶν,
403 5433 477 5495 ὡς
500 5433 685 5499 πίνων,
712 5438 801 5488 καὶ
831 5434 1119 5502 ἐξαναστὰς
1149 5434 1227 5487 ἔτι
1243 5434 1375 5504 ’διψᾷ
1400 5452 1414 5467 ο
1444 5437 1475 5504 ἡ
1503 5433 1558 5485 δὲ
1582 5434 1722 5504 ψυχὴ

1840 4538 2129 4593 ostendens
2155 4574 2177 4599 ,_
2219 4532 2363 4603 quod
2410 4533 2566 4587 sicuti
2622 4534 2872 4605 cogitatio
2908 4524 3228 4590 ltzec’inanis
3264 4541 3362 4601 est,

1838 4644 1957 4697 qua:
1985 4627 2186 4680 nullum
2215 4624 2372 4678 habet
2417 4634 2604 4691 nostro
2635 4625 2811 4688 studio
2851 4627 3032 4689 tinem,
3069 4626 3146 4684 sic
3190 4625 3364 4679 omnis

1835 4734 1964 4773 cura
1995 4733 2128 4771 vana
2159 4725 2260 4780 est,
2291 4731 2353 4770 ac
2389 4731 2514 4780 vere
2537 4709 2940 4788 inemcax,.quae
2965 4731 3174 4789 sursum
3197 4717 3362 4783 extol-

1836 4809 1892 4862 lit
1924 4807 2408 4868 ratiocinationem,
2444 4791 2810 4883 abducitquea
2832 4819 2952 4858 vera
2975 4800 3357 4876 sollicitudine;

1835 4897 1927 4950 sed
1968 4912 2067 4950 nec
2097 4903 2271 4964 potest
2316 4894 2473 4946 alicui
2514 4892 2814 4969 quidquamT
2849 4885 3035 4945 eorum
3066 4893 3377 4961 acquirere,

1831 5003 1949 5055 qua:
1975 4987 2252 5042 somniarit
2283 4986 2393 5052 ipse
2423 5001 2435 5036 :
2460 4984 2658 5051 quippe
2684 4975 2803 5051 qua
2840 4998 3029 5037 somno
3059 4985 3271 5052 quidem
3303 4985 3355 5037 in

1829 5077 2221 5132 delectabilibus
2252 5083 2508 5136 versatur,
2533 5084 2587 5126 at
2614 5087 2746 5126 vera
2778 5073 2980 5154 visione
3008 5091 3196 5154 vanam
3219 5079 3363 5134 comi

1837 5171 1974 5238 perit
2013 5183 2157 5235 spem
2200 5165 2658 5233 imaginationum,
2694 5163 2948 5218 continuo
2996 5162 3231 5218 futilibus
3262 5161 3353 5212 v'a-

1829 5271 1913 5312 cat
1934 5255 2366 5325 cogitationibus,
2410 5255 2615 5321 istaque
2640 5255 2869 5323 cogitata
2899 5265 3167 5344 nunqttam
3197 5243 3354 5316 opere

1827 5348 1965 5400 videt
1992 5346 2226 5399 absoluta
2256 5344 2419 5412 (juxta
2449 5343 2590 5398 Isaiae
2620 5343 3025 5413 parabolam)in
3048 5338 3151 5408 q'ua
3179 5338 3310 5391 dicit
3336 5356 3349 5390 :

1833 5457 1851 5488 ι
1874 5437 1936 5488 Ει
1967 5436 2103 5490 sicut
2134 5433 2362 5488 somniat
2393 5434 2599 5499 sitiens,
2629 5432 2778 5502 quasi
2807 5431 2969 5493 bibat,
2992 5439 3042 5484 et
3072 5438 3352 5498 postquam

193 5552 195 5554 η
260 5585 547 5655 "Philipp.
585 5602 656 5649 tv,
688 5588 739 5641 4.‘
815 5590 858 5619 τι
908 5588 1005 5641 lsa.
1035 5604 1091 5650 ιι,
1133 5587 1184 5640 μί.
1259 5588 1300 5617 ⁷⁸
1331 5585 1396 5640 Ill
1429 5584 1553 5656 Reg.
1590 5603 1658 5652 tv,
1691 5589 1739 5640 ἓξ

1853 5574 2260 5654 θορδειωκιικ,
2303 5547 2352 5641 5.
2428 5589 2475 5627 ττ.
2502 5585 2681 5639 Matth.
2712 5599 2781 5644 τι,
2812 5581 3078 5647 a7;Luc-.-
3109 5588 3205 5650 xu,
3263 5583 3329 5639 es
