4052 6336
629 262 651 310 θ
730 276 863 341 tata

2174 291 2232 349 S.
2269 293 2427 352 NIIJ

3755 302 3892 366 1044

731 384 887 438 fuerit
936 384 1361 454 expergefactus,
1412 389 1586 460 lassus
1612 388 1787 443 adhuc
1816 389 1943 477 sitit,
1996 372 2232 460 etianim:

2359 397 2518 451 αὐτοῦ
2550 401 2627 462 είς
2656 401 2807 469 κενὸν
2848 393 3059 471 ἤλπισε.
3108 423 3147 456 ι’
3185 405 3439 462 Τοιοῦτον.
3460 407 3564 479 γάρ
3651 412 3756 464 τῶν
3781 429 3896 482 μα-

725 472 840 543 ejus
877 488 1041 526 vacua
1083 483 1196 539 est;
1231 477 1460 545 speravit
1497 477 1549 530 in
1589 492 1780 531 vanum
1815 472 1880 533 '3'.
1912 475 1940 530 ι’
1987 479 2073 534 Sic
2112 485 2232 536 enin

2353 488 2514 540 ταίων
2541 489 2712 567 ἐλπὶς,
2741 490 2897 560 ἡδονή
2921 491 3002 552 τίς
3048 495 3162 545 ἐστι
3205 472 3516 575 νυκτερινῆς
3533 472 3796 565 εὐωχίας.
3817 503 3888 569 τῇ

727 577 984 628 vanorum
1031 578 1150 632 spes
1187 566 1429 632 voluptas
1472 567 1712 634 quzcdam
1743 578 1824 622 est
1854 570 2095 622 nocturni
2127 586 2256 625 cou-

726 651 873 718 vivii,
897 652 1409 726 deceptionesomnii
1428 649 1715 718 obiectans,
1743 665 1796 710 et
1822 673 2091 726 nunquam
2122 674 2248 725 prae—

725 733 1256 804 bens'deleétationis
1292 744 1605 798 existimata
1650 746 1811 798 ullam
1845 746 2248 814 experientiam.

723 827 830 881 (Zur
867 830 1026 897 igitur
1063 844 1180 898 quae
1205 839 1382 884 nostra
1404 824 1662 888 nou‘sunt
1691 836 1902 888 assidue
1936 836 2249 905 cogitamus,

722 918 940 984 perinde
988 933 1050 972 ac
1097 928 1298 983 nostra,
1331 930 1384 974 et
1427 922 1596 974 aliena
1651 923 1725 975 uti
1760 925 1970 992 propria
2018 927 2253 979 studiose

723 1007 1119 1075 prosequimur,
1155 1016 1366 1084 tempus
1399 1010 1743 1078 inspectiouis
1776 1025 1954 1066 rerum
2007 1029 2253 1068 necessa-

725 1096 928 1148 riarum
959 1099 1105 1150 vanis
1123 1098 1451 1154 insumentes
1488 1101 1539 1154 in
1559 1102 1969 1170 cogitationibus
1991 1105 2015 1155 ?
2036 1104 2252 1173 Oportet

720 1195 867 1249 ergo,
914 1183 958 1235 si
989 1177 1265 1238 cessarunt
1295 1186 1392 1255 (uti
1421 1190 1721 1258 censemus)
1751 1192 2044 1258 passiones,
2084 1195 2250 1247 clam-

719 1284 820 1336 que
849 1283 1184 1326 recesserunt
1209 1277 1431 1342 spiritus
1461 1279 1696 1342 malitiae,
1721 1281 1812 1348 qui
1840 1281 2247 1350 insidiabantur,

717 1360 912 1423 gratias
940 1361 994 1433 in
1035 1363 1367 1427 orationibus
1393 1380 1547 1434 agere
1593 1367 1806 1422 assidua
1845 1373 2098 1426 memoria
2142 1372 2247 1428 Do-

718 1451 865 1524 mino
907 1451 1138 1520 Christo,
1175 1457 1265 1522 qui
1313 1471 1411 1510 nos
1452 1460 1517 1511 ad
1559 1460 1700 1533 hunc
1738 1472 1930 1540 statum
1970 1465 2245 1532 perduxit;

720 1539 802 1589 vix
830 1540 967 1591 enim
1000 1541 1150 1595 nobis
1178 1551 1343 1597 totum
1373 1533 1580 1614 tempus
1608 1533 1855 1616 suﬂiciet,‘
1884 1567 2002 1604 cum
2044 1553 2109 1605 ad
2148 1555 2250 1609 hoc

717 1629 784 1681 sit
811 1641 1091 1700 angustant
1113 1642 1164 1685 et
1193 1634 1371 1697 breve,
1396 1638 1460 1691 ad
1487 1637 1888 1712 retributionem
1937 1642 2143 1697 scilicet
2185 1645 2249 1698 il-

2351 579 2531 649 ἀπάτῃ
2553 577 2645 630 τοῦ
2666 578 2870 649 ὀνείρου
2890 582 3270 650 εὐφραίνουσα,
3296 586 3390 635 καὶ
3411 588 3604 656 πεῖραν
3624 587 3683 638 οὐ
3708 583 3887 639 ποιοῦο

2353 667 2419 717 σά
2446 682 2572 718 ποτε
2600 668 2697 736 τῆς
2719 668 3070 749 νομιζομένης
3093 671 3448 749 εὐφροσύνης.
3479 675 3542 726 Τί
3571 671 3662 727 οῦν
3689 676 3752 728 τά
3786 677 3887 744 οὐχ

2350 757 2589 834 ἡμέτερα
2621 746 2964 827 μεριμνῶμεν
2992 759 3077 812 διὰ
3108 761 3301 825 παντὸς
3326 746 3400 824 ὡς
3422 764 3679 834 ἡμέτερα,
3706 765 3800 831 καὶ
3818 767 3886 817 τὰ

2350 833 2596 922 ἀλλότρια
2622 847 2695 919 ὡς
2721 850 2887 902 οἰκεῖα
2913 851 3273 921 σπουδάζομεν
3305 852 3393 904 τὸν
3636 859 3730 923 τῆς
3759 857 3887 930 σκέ-

2349 936 2490 1001 ψεως
2511 938 2616 991 τῶν
2645 940 2952 1006 ἀναγκαίων
2976 941 3449 1009 προσδαπανῶντες
3473 949 3582 1019 τοῖς
3601 936 3885 1009 more“-

2351 1024 2591 1092 θυμίοις;
2644 1027 2811 1097 Είπερ
2841 1027 3133 1098 έλώφηόεν,
3179 1030 3253 1092 ὡς
3281 1031 3572 1105 ἡγούμεθα,
3613 1033 3682 1086 τά
3711 1034 3882 1103 πάθη,

2349 1115 2441 1189 καὶ
2469 1116 2535 1173 τὰ
2575 1115 2675 1183 τῆς
2721 1117 2978 1187 πονηρίας
3023 1117 3376 1190 ὑπεχώρησαν
3424 1121 3677 1174 ἐπίϐουλα
3715 1123 3882 1176 πνεύ-

2351 1187 2492 1269 ματα
2521 1203 2853 1272 εὐχαριστεῖν
2882 1206 2937 1256 ὲν
2965 1187 3286 1276 προσευχαῖς
3321 1208 3504 1280 μνήμῃ
3530 1208 3761 1277 διηνεκεῖ
3803 1210 3884 1279 τῷ

2349 1291 2480 1358 πρὸς
2511 1291 2606 1356 τὴν
2640 1292 2890 1362 τοιαύτην
2923 1295 3245 1349 κατάστασιν
3283 1297 3429 1364 ἡμᾶς
3478 1297 3732 1363 ἀγαγόντι
3777 1300 3882 1349 Δε-

2351 1379 2519 1451 σπότῃ
2536 1382 2578 1432 Χ
2588 1381 2769 1450 ριστῷ’
2793 1382 2940 1450 μόλις
2966 1383 3071 1452 γάρ
3099 1383 3163 1435 ἀν
3196 1383 3337 1445 ἅπας
3362 1385 3489 1453 ἡμῖν
3519 1386 3548 1436 ό
3572 1386 3754 1464 χρόνος
3778 1386 3884 1454 ἀρ-

2348 1468 2492 1520 κέσει
2525 1470 2658 1538 πρὸς
2684 1469 2840 1522 τοῦτο
2869 1471 3049 1533 στενὸς
3073 1469 3166 1532 ὢν,
3199 1471 3290 1524 καὶ
3316 1471 3516 1540 βραχὺς
3540 1474 3618 1534 είς
3646 1473 3881 1542 ἀμοιϐὴν

2344 1550 2419 1608 ὧν
2465 1557 2863 1626 ἀπελαύσαμεν,
2914 1559 3006 1611 καὶ
3050 1553 3125 1612 ὧν
3169 1560 3509 1630 ἀπολαύομεν
3553 1562 3881 1629 εὐεργεσιῶν

2346 1646 2629 1714 ὁσημέραι,
2661 1632 2758 1698 τοῦ
2779 1647 2884 1699 τῶν
2917 1647 3198 1700 θλιϐόντων
3226 1649 3349 1710 τοὺς
3369 1649 3606 1730 πολλοὺς
3628 1649 3881 1717 ύψηλοτέ.

717 1720 910 1782 lorum,
942 1737 1058 1789 qua:
1080 1724 1395 1804 recipimus,
1427 1727 1805 1789 beneﬁciorum
1830 1735 2098 1800 quotidie;
2122 1754 2232 1791 cum

2345 1752 2469 1804 ρους
2494 1737 2642 1804 ἡμᾶς
2667 1737 3115 1805 καταστήσαντος.
3147 1739 3208 1790 Et
3228 1738 3333 1808 γὰρ
3357 1717 3608 1805 ἑκάτερον
3629 1737 3718 1789 τοῦ
3745 1754 3882 1807 χρο-

715 1823 811 1860 nos
835 1807 899 1861 iis
933 1811 1091 1863 rebus
1127 1813 1449 1869 excelsiores
1483 1813 1741 1884 ’eﬁecerit,
1793 1835 1912 1892 qua:
1953 1826 2243 1895 permultos

712 1895 990 1950 aﬂlictant.
1030 1898 1160 1952 Nam
1197 1903 1240 1955 si
1279 1918 1372 1972 per
1413 1903 1697 1975 utrum'que
1745 1911 1898 1980 spatii
1936 1916 2243 1981 temporarii

709 1987 1014 2051 terminum,
1049 1989 1184 2043 diem
1227 1993 1441 2061 inquam
1486 2005 1539 2048 et
1589 2006 1796 2051 noctem
1843 1998 2006 2053 David
2048 2016 2240 2070 percu-

710 2078 784 2140 pit
810 2076 872 2138 η,
913 2087 969 2130 ut
992 2078 1123 2146 legis
1162 2083 1376 2137 assidue
1405 2085 1563 2155 305.
1592 2087 1914 2143 meditationi
1960 2090 2236 2144 incumba-

710 2180 849 2224 mus.
882 2176 935 2218 et
973 2167 1259 2247 legislator,
1280 2181 1336 2225 ut
1366 2172 1418 2226 id
1446 2175 1618 2242 ipsum
1650 2175 1937 2232 faciamus:
1972 2199 1990 2230 ‹
2019 2179 2236 2234 Medita-

709 2253 847 2306 l-eris
869 2255 921 2306 in
941 2270 1000 2309 ea
1028 2258 1219 2327 (aiens)
1237 2262 1384 2336 domi
1411 2265 1620 2328 sedens,
1660 2277 1710 2318 et
1741 2268 1792 2320 in
1817 2269 1898 2321 via
1926 2272 2234 2336 procedens,

709 2342 760 2392 in
812 2343 946 2422 lecto
983 2343 1324 2415 accumbens,
1359 2363 1412 2406 et
1433 2367 1723 2422 exsurgens
1756 2356 1832 2419 ⁸ο,
1868 2375 1887 2405 ι
1934 2359 2137 2411 nullum
2170 2362 2235 2414 ad

705 2432 878 2484 otium
925 2436 1076 2499 nobis
1111 2438 1540 2515 derelinquentes
1581 2453 1823 2511 tempus;
1863 2455 1917 2499 et
1941 2447 2080 2502 alius
2106 2489 2121 2514 ,
2177 2458 2235 2503 ut

702 2520 1078 2580 benedicamus
1107 2527 1159 2580 in
1179 2530 1323 2582 omni
1349 2538 1587 2599 tempore
1616 2533 1894 2612 Dominum
1915 2539 2128 2591 mandat
2149 2540 2192 2570 '"
2217 2557 2232 2606 ;

700 2622 752 2664 ct
784 2614 979 2670 Paulus
1016 2620 1164 2690 jubet
1196 2622 1240 2653 ”
1270 2623 1386 2677 sine
1415 2625 1816 2682 intermissione
1847 2644 2001 2687 orare
2029 2646 2234 2700 :quan-

700 2714 808 2755 tum
846 2714 1053 2775 tempus
1073 2713 1330 2766 remansit
1352 2713 1419 2766 ad
1451 2717 1747 2770 vacandum
1797 2718 2112 2788 dispectioni
2143 2736 2233 2775 eo-

696 2805 838 2871 rum.
878 2809 994 2861 quze
1025 2800 1194 2852 nostri
1243 2814 1350 2855 non
1401 2812 1543 2876 sunt.
1571 2804 1808 2860 muneris
1832 2845 1847 2871 ,
1882 2822 2004 2861 cum
2033 2824 2230 2864 unum-

2343 1827 2490 1880 νικοῦ
2516 1828 2876 1896 διαστήματος
2907 1829 3049 1898 ὅρον,
3082 1829 3304 1898 ἡμέραν.
3335 1828 3477 1895 λέγω
3506 1829 3602 1882 καὶ
3629 1827 3813 1892 νύκτα,
3850 1829 3881 1880 ό

2343 1914 2441 1984 μὲν
2485 1915 2646 1967 Δαϐὶδ
2691 1915 3067 1985 προσεδρεύειν
3100 1919 3244 1987 ἡμᾶς
3290 1917 3535 1984 βούλεται
3574 1920 3643 1985 τῇ
3675 1916 3878 1986 μελέτῃ

2337 2004 2430 2064 τοῦ
2451 1987 2630 2074 νόμου,
2652 2004 2743 2058 καὶ
2763 2006 2791 2056 ὁ
2811 2005 3098 2074 νομοθέτης
3115 2005 3244 2058 αὐτὸ
3263 2005 3417 2064 τοῦτο
3437 2006 3604 2059 ποιεῖν
3621 2045 3637 2070 ,
3665 2024 3684 2056 ι
3702 2004 3892 2083 Mela-7

2340 2098 2520 2165 τήσεις
2571 2098 2629 2147 έν
2675 2094 2854 2171 αὐτῷ,
2901 2095 3091 2163 λέγων,
3137 2094 3541 2165 καθήμενος¹ὲν
3583 2095 3737 2163 οἴκῳ,
3777 2093 3880 2145 καὶ
3913 2146 3926 2162 ,ε

2339 2185 2693 2254 πορευόμενος
2741 2186 2799 2236 έν
2848 2183 2971 2254 ὀδῷ,
3019 2174 3414 2251 κοιταζόμενος,
3470 2183 3564 2235 καὶ
3603 2183 3880 2234 διανιστά-

2341 2293 2518 2346 μενος,
2552 2293 2572 2326 ι
2615 2273 2800 2327 οὐδένα
2832 2273 2964 2341 πρὸς
2993 2273 3184 2343 ἀργίαν
3205 2272 3692 2341 καταλιμπάνοντες
3739 2273 3880 2350 ἡμῖν

2340 2366 2544 2433 καιρόν.
2563 2365 2670 2416 Καὶ
2703 2363 2857 2424 ἀλλος
2882 2363 3118 2430 εὐλογεῖν
3140 2363 3198 2413 ὲν
3224 2361 3383 2413 παντὶ
3403 2360 3578 2430 καιρῷ
3603 2360 3878 2430 προστάτ-

2339 2471 2419 2507 τει
2451 2453 2540 2505 τὸν
2588 2434 2808 2522 Κύριον,
2859 2433 2951 2504 καῖ
3007 2448 3215 2512 Παῦλος
3261 2447 3469 2502 κελεύει
3519 2445 3877 2507 ἀδιαλείπτως

2282 2572 2288 2576 -
2336 2541 2740 2612 προσεύχεσθαι·
2764 2542 2912 2602 ποῖος
2934 2539 3114 2610 καιρὸς
3141 2533 3514 2591 ὑπολέλειπται
3538 2535 3671 2606 πρὸς
3691 2535 3879 2587 ἄδειαν

2335 2632 2575 2701 σκέψεως
2593 2631 2698 2684 τῶν
2725 2632 2783 2684 οὐ
2815 2630 3156 2699 καθηκόντων
3187 2627 3336 2701 ἡμῖν,
3367 2628 3594 2681 ἑκάστου
3622 2625 3729 2678 τῶν
3750 2625 3878 2676 ὲπι-

2332 2723 2673 2788 τεταγμένων
2704 2719 2819 2772 ὅλον
2846 2718 3195 2794 ἀπαιτοῦντος
3218 2718 3308 2770 τὸν
3338 2717 3544 2786 χρόνον,
3573 2714 3666 2767 καὶ
3689 2729 3889 2784 παρα·-

2333 2811 2628 2880 χωροῦντος
2651 2811 2762 2872 τοῖς
2788 2808 2965 2871 ἀλλοις
3002 2808 3182 2871 οὐδένῖ

700 2868 948 2964 quedque
990 2884 1200 2952 horum,
1244 2871 1641 2965 quae‘mandata
1710 2868 1841 2948 sunt
1899 2896 2075 2961 nobis,
2116 2868 2429 2969 universum.
2482 2868 3012 2967 requirat'tempus,
3059 2893 3369 2961 nullumque
3439 2890 3698 2972 concedat
3749 2889 3879 2945 aliis

697 2962 925 3037 negotiis
947 2975 969 3025 ?

1226 3094 1453 3152 CAPUT
1504 3096 1657 3152 LVII.

762 3197 1044 3264 Quomodo
1091 3204 1230 3258 enim
1286 3207 1402 3262 sine
1442 3207 1841 3267 intermissione
1885 3211 2098 3279 orabit,
2138 3215 2227 3282 qui

692 3304 796 3341 non
829 3292 1114 3344 meditatur
1165 3295 1214 3346 in
1248 3295 1360 3363 lege
1392 3297 1603 3352 Domini
1651 3301 1738 3354 die
1779 3315 1843 3355 ac
1871 3303 2058 3356 nocte?
2086 3301 2229 3368 Quo-

691 3367 852 3430 modo
902 3396 1024 3433 vero
1059 3384 1287 3449 perfecte
1319 3385 1602 3442 Dominum
1659 3389 1937 3445 benedicet
1986 3391 2093 3457 ille,
2135 3394 2225 3461 qui

692 3464 999 3535 aggredituf
1025 3486 1186 3525 unum
1229 3475 1428 3541 aliquid
1458 3491 1668 3540 eorum,
1721 3494 1840 3545 quae
1885 3480 2025 3533 dicta
2077 3493 2224 3547 sunt,

691 3571 811 3609 cum
839 3559 923 3611 vix
956 3570 1164 3629 tempus
1197 3562 1422 3617 suﬁiciat
1450 3567 1681 3620 navandi
1725 3581 2227 3636 operamaccuratae

609 3715 613 3720 '
660 3643 970 3716 vaiilig'cntiae
1003 3650 1232 3719 cujusvis
1268 3665 1451 3705 eorum
1483 3695 1496 3716 ,
1530 3669 1648 3723 quae
1694 3658 1928 3711 virtuose
1965 3673 2227 3729 peragun-

690 3734 818 3786 tur?
846 3734 1045 3789 ldcirco
1082 3740 1383 3806 Scriptura,
1420 3743 1647 3810 plurium
1697 3745 1969 3801 hominum
2001 3764 2225 3806 noscens

689 3822 1098 3890 negligentiam,
1144 3827 1435 3894 majoribus
1496 3835 1654 3885 etiam
1705 3845 1887 3890 nostra
1934 3848 2223 3905 potestate.

687 3924 786 3962 nos
812 3913 1037 3965 arctavit
1074 3916 1379 3983 praeceptis,
1409 3928 1467 3972 ut
1495 3923 1728 3975 studium
1769 3927 2018 3979 extendat
2057 3928 2121 3981 ad
2152 3929 2224 3992 id,

689 3998 831 4062 quod
890 4011 971 4053 est
1012 4003 1286 4070 possibile,
1333 4016 1386 4060 et
1429 4008 1749 4065 inﬁrmitatis
1785 4023 2070 4082 praeteritus
2103 4031 2225 4071 suc-

685 4083 857 4147 cidat;
899 4100 1015 4137 cum
1061 4090 1150 4155 qui
1196 4091 1392 4146 bonum
1445 4106 1716 4164 operatur,
1784 4101 2110 4156 moderatum
2175 4112 2228 4158 et

685 4187 898 4240 :equum
951 4186 1067 4227 sese
1114 4178 1288 4242 potius
1333 4184 1582 4247 praebeat,
1632 4189 1773 4254 quod
1817 4205 1879 4244 ea
1930 4190 2104 4246 facere
2131 4208 2222 4247 ne-

686 4261 822 4328 quit,
873 4270 931 4315 ut
978 4262 1078 4316 sibi
1135 4263 1234 4318 fuit
1273 4266 1516 4334 jussum,
1556 4288 1714 4338 quam
1773 4275 2030 4344 inﬂatum,
2081 4283 2223 4349 quod

2912 3096 3157 3159 ΚΕΦΑΔ.
3189 3095 3317 3148 MZ'.
3349 3125 3351 3127 -

2396 3208 2517 3272 Πῶς
2547 3208 2655 3280 γὰρ
2682 3206 3032 3269 ἀδιαλείπτως
3092 3205 3443 3275 προσεύξεται
3470 3204 3498 3254 ὁ
3529 3204 3601 3272 μὴ
3633 3204 3875 3272 μελετῶν

2327 3301 2383 3354 έν
2415 3287 2560 3369 νόμῳ
2586 3299 2786 3369 Κυρίου
2816 3297 3024 3368 ἡμέρας
3075 3297 3171 3348 καὶ
3194 3293 3420 3363 νυκτόςς
3464 3294 3586 3354 Πῶς
3608 3294 3661 3373 δέ
3691 3295 3873 3346 διόλου

2326 3391 2602 3460 εὐλογήσει
2635 3389 2722 3441 τδν
2750 3387 2969 3456 Κύριον,
2997 3388 3024 3439 ὁ
3050 3386 3108 3439 ἓν
3133 3402 3184 3438 τι
3210 3383 3317 3436 τῶν
3347 3383 3646 3455 εἰρημένων
3675 3385 3873 3444 ποιῶν,

2328 3482 2472 3558 μόλις
2499 3480 2588 3532 τοῦ
2621 3476 3119 3547 καιροῦνφθάνοντος
3150 3475 3487 3558 ὑπουργῆσαι
3515 3477 3581 3544 τῇ
3611 3474 3875 3543 ἀκριϐείᾳ.

2325 3550 2624 3620 ούτινοσοῦν
2675 3568 2779 3617 τῶν
2831 3567 2946 3617 κατ’
2996 3565 3191 3636 ἀρετὴν
3239 3555 3564 3634 γινομένων;
3618 3563 3714 3615 Διὰ
3757 3561 3874 3629 γὰρ

2325 3655 2480 3709 τοῦτο
2505 3656 2535 3725 ἡ
2568 3655 2752 3726 Γραφῆ
2784 3655 2842 3707 τὸ
2870 3655 3102 3725 ῥᾴθυμον
3129 3655 3235 3706 τῶν
3269 3653 3474 3706 πολλῶν
3504 3649 3870 3720 ἐπισταμένη,

2325 3745 2416 3799 καὶ
2456 3745 2661 3815 μείζοσι
2712 3746 2808 3814 τῆς
2833 3742 3102 3813 ἡμετέρας
3128 3741 3402 3808 δυνάμεως
3426 3739 3568 3808 ἡμᾶς
3600 3736 3872 3788 ὲστένωσε

2326 3837 2751 3904 προστάγμασιν,
2786 3833 2869 3885 ἵνα
2897 3833 2986 3884 καὶ
3011 3831 3107 3902 τὴν
3137 3830 3366 3916 σπουδὴν
3389 3827 3522 3902 πρὸς
3561 3825 3620 3879 τὸ
3642 3825 3873 3916 δυνατδν

2322 3924 2562 3993 ἐπιτείνῃ
2600 3923 2692 3974 καὶ
2717 3923 2814 3983 τὰς
2847 3922 2944 3989 τῆς
2974 3915 3246 3982 ἀσθενείας
3284 3917 3614 3986 ύποτέμηται
3643 3915 3862 3984 προφά-

2326 4030 2455 4074 σεις,
2491 4010 2682 4080 μᾶλλον
2719 4007 3088 4078 μετριάζοντος
3120 4008 3211 4059 τοῦ
3240 4005 3596 4073 ἐργαζομένου
3631 4004 3690 4054 τὸ
3725 4005 3871 4069 ἀγα-

2324 4104 2412 4157 θδν
2440 4097 2630 4172 ἐφ’-οἷς
2670 4100 2743 4164 ὡς
2786 4097 3071 4166 ἐκελεύσθη
3108 4098 3168 4150 οὐ
3209 4097 3395 4165 φθάνει
3421 4095 3573 4146 τοῦτο
3601 4096 3794 4155 ποιεῖν,
3829 4095 3867 4163 ἢ

2325 4195 2641 4263 φυσωμένου
2675 4193 2755 4244 ὅτι
2787 4190 2948 4261 μέρος
2991 4188 3097 4246 τῶν
3145 4186 3368 4241 ἐντολῶν
3414 4183 3720 4252 ἐπλήρωσεν
3765 4184 3869 4252 οὐχ

2323 4283 2491 4343 οὓτως
2519 4282 2659 4354 ὑπὲρ
2685 4274 2757 4332 ὧν
2780 4279 2919 4343 ἔδοξε
2942 4275 3232 4349 κατορθοῦν
3253 4272 3711 4344 ἐπαινεθήσεσθαι,
3738 4270 3871 4323 ὅσον

683 4362 883 4418 partem
925 4356 1267 4424 compleverit
1305 4371 1718 4428 praeceptorum,
1760 4379 1980 4432 sperans
2011 4385 2068 4423 se
2113 4386 2218 4425 non

2332 4369 2439 4423 ἀνθ’
2471 4361 2542 4421 ὧν
2574 4367 2836 4435 ὲνέλειῴεν
2863 4367 2936 4429 ὡς
2969 4365 3239 4434 ἀμελήσας
3270 4358 3872 4450 μεμφθήσεσθαι-προσ-

685 4436 817 4488 adeo
843 4437 1164 4494 laudandum
1195 4457 1290 4511 pro
1307 4445 1546 4516 his,quaa
1562 4448 1662 4502 sibi
1692 4450 1838 4505 visus
1857 4461 1938 4505 est
1971 4467 2222 4523 prospere

2332 4458 2493 4510 δοκῶν
2515 4472 2529 4485 ·
2582 4457 2700 4506 ἐπεὶ
2747 4454 2909 4524 μηδὲν
2941 4454 3119 4513 ἀτελὲς
3150 4453 3305 4522 ἔργον
3335 4449 3639 4522 παρρησίαν
3676 4447 3870 4496 δίδωσι

684 4534 962 4592 patrasse,
1007 4539 1261 4594 quantum
1318 4536 1717 4604 vituperandum
1768 4556 1863 4609 pro
1917 4542 2052 4605 illis.
2107 4561 2226 4614 qua:

686 4617 955 4683 negligens
1004 4617 1625 4689 omisit:imperfectum
1680 4630 1874 4692 etenim
1923 4646 2064 4698 opus
2115 4651 2219 4689 non

682 4706 877 4770 praebet
911 4705 1156 4761 ﬁduciam
1189 4713 1446 4777 operanti,
1483 4715 1592 4767 imo
1619 4716 1774 4771 eliicit
1816 4729 1874 4789 ut
1914 4723 2218 4789 erubescat,

681 4793 834 4860 quasi
875 4793 1181 4852 detnectarit
1206 4797 1271 4850 ad
1310 4798 1466 4864 ﬁnem
1505 4816 1687 4855 eorum
1729 4804 2019 4865 laborando
2059 4810 2215 4878 305

682 4883 994 4952 pertingere,
1027 4904 1145 4955 qua:
1191 4891 1289 4943 fuit
1315 4892 1554 4958 studiose
1602 4906 1868 4964 sectatus;
1915 4909 1966 4953 et
2002 4903 2211 4969 quidem

682 4971 854 5041 aliqua
908 4976 1167 5031 artiﬁcum
1198 4975 1355 5048 Opera
1385 4985 1668 5038 terminum
1722 4989 1936 5053 habent,
1968 4999 2126 5059 atque
2158 4992 2215 5044 ﬁ-

683 5071 799 5118 nem
819 5097 832 5120 ,
869 5059 932 5111 ad
962 5074 1117 5128 quem
1154 5067 1397 5121 collineat
1425 5070 1834 5138 aggrediendum
1865 5090 2077 5144 scopus,
2103 5076 2212 5139 feli-

682 5144 834 5211 ciqne
862 5164 1112 5212 successu
1161 5161 1580 5229 unumquodque
1619 5160 1853 5229 ipsorum
1905 5181 2010 5220 non
2049 5180 2212 5236 parvo

682 5234 955 5300 perﬁcitur
990 5250 1256 5309 tempore;
1285 5245 1478 5313 quippe
1509 5251 1651 5318 quod
1701 5251 1752 5303 in
1783 5255 2018 5311 materiis
2043 5234 2206 5310 cilici-

2320 4547 2396 4618 τῷ
2421 4545 2790 4616 ἐργασαμένῳ,
2828 4543 3077 4613 ἐρυθριᾷν
3115 4541 3171 4591 δὲ
3207 4537 3605 4607 παρασκευάζει
3627 4536 3698 4596 ὡς
3745 4537 3886 4617 ἀτί».

2319 4639 2543 4704 νήσαντι
2571 4629 2643 4688 ὧν
2671 4631 2989 4705 ἐπετήδευσε
3035 4630 3165 4700 πρὸς
3210 4629 3270 4680 τὸ
3300 4628 3488 4696 ’πέρας
3533 4626 3723 4689 ἐλθεῖν,
3752 4627 3868 4693 ,καὶ

2317 4725 2434 4780 τινὰ
2469 4726 2566 4794 μὲν
2596 4724 2698 4777 τῶν
2729 4722 2994 4792 τεχνητῶν
3023 4720 3194 4790 έργων
3223 4719 3343 4787 ὅρον
3371 4717 3480 4792 ἔχει
3530 4718 3620 4774 καὶ
3659 4716 3866 4784 πέρας,

2319 4815 2452 4884 πρὸς
2491 4814 2602 4876 ave
2636 4814 2833 4874 σκοπὸς
2876 4811 2980 4864 τῶν
3013 4809 3320 4895 ἀρχομένων
3369 4808 3515 4896 ὁρᾷζ
3534 4809 3624 4859 καὶ
3659 4823 3868 4896 xerop-

2321 4903 2500 4956 θοῦται
2531 4901 2727 4962 τούτων
2754 4901 2977 4953 ἕκαστον
3010 4900 3065 4960 ὲν
3094 4898 3152 4949 οὐ
3188 4897 3361 4967 πολλῷ
3405 4895 3579 4979 χρόνῳ
3615 4897 3671 4947 έν
3697 4895 3865 4959 ὕλαις

2318 4993 2721 5060 ὲνεργούμενον,
2765 4990 2856 5042 καὶ
2899 4989 2958 5039 τὸ
2985 4987 3131 5049 τέλος
3158 4988 3276 5056 ἔχον
3316 4985 3503 5048 ἑστὼς,
3553 4983 3644 5034 καὶ
3691 5001 3864 5054 περι-

2319 5083 2472 5150 μένον
2503 5081 2591 5132 τὸν
2618 5078 3007 5145 περικόπτοντα
3027 5093 3040 5107 ⁸
3083 5079 3115 5147 ἡ
3141 5078 3196 5129 δὲ
3221 5076 3386 5144 ἀρετὴ
3420 5073 3623 5142 μακρὸν
3653 5073 3770 5142 ἔχει
3795 5077 3862 5125 τὸ

2317 5172 2504 5241 μῆκος,
2535 5170 2626 5248 καὶ
2654 5168 2790 5246 τάχα
2822 5168 3114 5238 ἀπέραντον
3143 5167 3237 5235 τὴν
3267 5164 3486 5232 δύναμιν
3513 5163 3603 5215 τοῦ
3659 5180 3862 5248 persp.-

2313 5256 2538 5323 χομένου
2563 5245 2738 5323 ἀὐτὴν
2762 5254 3008 5320 κενοῦσα,
3042 5256 3134 5306 καὶ
3164 5253 3241 5304 έτι
3269 5251 3552 5316 ἀφεστῶσα
3573 5253 3667 5320 τῆς
3689 5245 3858 5304 καταέ

684 5326 791 5378 tur.
826 5320 1088 5390 ﬁnemque
1131 5328 1291 5384 habet
1340 5344 1671 5399 przeseutcm,
1705 5346 1756 5390 et
1799 5337 1968 5391 solum
2019 5355 2206 5409 exspe-

2332 5320 2552 5412 rﬁd’ewg,
2601 5320 2910 5411 ὲρεθίζουσα
2957 5345 3044 5396 τὸν
3092 5341 3249 5394 πόθον
3296 5342 3390 5394 τοῦ
3445 5341 3664 5412 πλησίον
3708 5337 3860 5404 εἶναι

757 5511 803 5554 υ
840 5513 939 5568 lsa.
974 5533 1119 5583 uix,
1153 5521 1201 5574 8.
1280 5525 1321 5555 ⁷³
1360 5524 1496 5578 Psal.
1537 5542 1571 5593 ι,
1598 5527 1649 5579 2.
1725 5532 1768 5569 ιθ
1800 5531 1950 5585 Deut;
1977 5531 2051 5598 xi,
2079 5533 2162 5589 i9.

2332 5541 2451 5594 ἐπι.
2491 5556 2680 5605 xum,
2714 5543 2768 5595 2.
2845 5543 2889 5573 θ’
2923 5545 2936 5595 l
2979 5543 3190 5606 Thcss.,
3228 5558 3281 5606 ν,
3309 5541 3388 5596 l7.
