4052 6336
185 309 305 374 1045

913 307 1007 364 DE
1040 305 1515 365 VOLUNTARIA
1551 302 2031 362 PAUPERTATE
2061 305 2159 363 AD
2190 304 2525 392 MAGNAM.

3175 307 3301 369 1046

181 422 351 481 δοκεῖν,
395 416 489 470 καὶ
518 416 640 479 τοὺς
666 417 1110 485 προσεγγίζοντας
1143 417 1518 484 ὑποφεύγουσα
1556 432 1678 467 τοσ-
1712 420 1730 473 1

1787 423 1924 478 etat,
1970 430 1998 475 a
2033 430 2141 484 quo
2176 417 2521 472 circumcirca
2574 428 2871 484 resecetur;
2915 421 3079 474 virtus
3127 437 3299 476 autem

180 507 484 570 οὖτον,δσον
514 506 607 558 καὶ
637 507 807 556 κενεῖν
849 495 1269 573 τὴνπροθυμίαν
1296 505 1368 567 ώς
1400 504 1561 556 οὖσαν
1600 506 1689 568 ἐγ-

179 598 287 659 γὺς,
316 593 405 645 καὶ
428 579 519 644 τοῦ
562 592 953 661 προκόπτοντος
986 592 1230 643 κλέπτειν
1277 592 1365 642 τὸν
1400 592 1556 643 πόνον
1611 590 1687 659 τῷ

179 681 304 731 κατά
332 679 518 748 μικρὸν
542 678 835 746 λεληθότως
864 680 1179 747 ὑποχωρεῖν.
1218 677 1324 728 Καὶ
1345 662 1501 729 τούτό
1522 679 1685 741 ἐστιν,

178 770 248 829 ὡς
270 768 419 829 ἔοικε,
448 767 508 819 τὸ
534 769 659 834 περὶ
700 768 793 819 τοῦ
822 768 1149 835 πατριάρχου
1197 768 1374 827 καλῶς
1403 767 1686 834 είρημένον

191 856 437 923 Ἀϐραὰμ,
485 857 566 907 ὅτι
592 852 749 926 ἦλθεν
777 858 854 917 εἰς
895 855 984 908 τὸν
1012 855 1188 917 τόπον,
1220 854 1277 906 δν
1302 853 1453 907 εῖπεν
1493 854 1636 922 αύτῷ
1658 856 1687 907 ὁ

177 944 315 1005 Θεὸς.
358 945 449 995 καὶ
490 943 693 1010 ἐπάρας
738 944 862 1004 τοὺς
903 941 1204 1011 ὀφθαλμοὺς
1248 941 1408 994 αὐτοῦ
1446 942 1687 1009 Ἀϐραὰμ

177 1026 274 1082 εἶδε
299 1031 383 1082 τὸν
405 1030 566 1082 τόπον
594 1030 992 1099 ἀπομακρόθεν,
1026 1030 1118 1081 καὶ
1148 1029 1355 1096 φθάσας
1395 1031 1481 1080 ἐπ’
1507 1030 1681 1093 αὑτὸν,
1724 1034 1727 1035 ⁷

174 1118 245 1185 τῷ
274 1118 460 1181 δοκεῖν,
510 1118 601 1169 ἰπὶ
644 1119 711 1189 τὸ.
752 1118 1201 1188 παραμυθηθῆναι
1241 1119 1338 1187 τὴν
1370 1118 1482 1171 -τοῦ
1530 1118 1685 1171 πόνου

171 1208 490 1278 δυσχέρειαν,
528 1207 619 1260 καὶ
645 1205 827 1276 μαθὼν
856 1206 932 1275 τῷ
971 1207 1103 1269 τέως
1147 1208 1438 1276 ἀφεστάναι
1483 1207 1556 1269 ὡς
1596 1208 1687 1260 ού-

172 1296 308 1349 δέπω
335 1296 672 1364 κατείληφεν,
721 1297 809 1348 ἵνα
840 1295 912 1365 μὴ
938 1295 998 1347 τὸ
1037 1296 1307 1365 πρόθυμον
1334 1298 1570 1364 ἀναπέσῃ
1614 1296 1688 1356 ὡς

172 1384 459 1451 ἠνυσμένου
493 1383 586 1436 τοῦ
616 1384 989 1454 προκειμένου.
1019 1385 1344 1454 ὲπιτείνηται
1371 1384 1425 1436 δὲ
1453 1386 1533 1436 ἀεὶ
1554 1386 1687 1450 πρὸς

174 1471 664 1541 τὺισπουδαιότερον
705 1471 875 1524 ἑλπίδι
918 1470 1010 1523 τοῦ
1044 1472 1157 1539 μετ’
1187 1474 1247 1524 ού
1294 1472 1423 1524 πολὺ
1470 1471 1684 1524 ἔσεσθαι

177 1561 300 1625 πρὸς
328 1560 459 1632 ὅπερ
497 1560 765 1628 ἠπείγετο.

177 1648 319 1715 longe
342 1650 541 1713 aberat,
565 1650 807 1716 cognovit
844 1664 901 1704 se
937 1650 1167 1703 nondum
1207 1648 1667 1718 comprehendisse

1762 501 2104 569 .praalongam
2138 504 2421 570 quamdam
2454 505 2610 558 habet
2647 506 3019 573 prolixitatem,
3047 517 3098 561 et
3127 508 3300 563 forsan

1786 588 2175 644 interminatam
2199 631 2214 656 ,
2255 608 2372 661 qua:
2391 606 2591 667 nempe,
2609 596 2855 649 sectantis
2881 611 2996 649 eam
3024 599 3158 650 vires
3188 602 3303 651 red-

1786 676 1862 730 dit
1888 677 2091 741 inanes,
2132 680 2392 748 longeque
2425 682 2592 745 abest,
2636 685 2762 751 quin
2797 686 3298 752 comprehendatur;

1786 767 2005 835 proritat
2033 768 2353 823 desiderium
2374 770 2507 838 ejus,
2553 774 2643 841 qui
2676 774 2999 841 propinquus
3017 789 3134 828 esse
3157 775 3299 828 vide-

1788 861 1892 913 tur,
1935 864 1988 908 et
2018 858 2443 923 approximantes
2468 860 2537 912 ita
2568 862 2901 930 subterfugit,
2935 872 2987 915 nt
3014 864 3168 915 animi
3196 865 3303 915 ala-

1787 944 2023 997 critatem
2044 960 2260 1000 vacuam
2281 946 2484 1011 reddat,
2510 952 2950 1017 utpote-quaajam
2979 949 3263 1019 propeerat
3287 970 3299 1013 ;

1788 1032 2128 1101 laboremque
2164 1036 2543 1105 progredientis
2572 1038 2859 1092 suifuretur
2889 1042 3141 1103 latenter,
3191 1056 3304 1094 sen—

1789 1124 1887 1176 sim
1920 1125 2033 1178 sine
2061 1140 2215 1179 sensu
2258 1128 2543 1181 evadendo.
2572 1129 2742 1196 Atque
2768 1130 2989 1194 idipsum
3025 1139 3123 1195 est,
3143 1139 3200 1182 ut
3225 1130 3301 1181 vi-

1787 1213 1961 1277 detur,
1997 1215 2138 1281 quod
2177 1216 2240 1268 de
2274 1217 2571 1283 patriarcha
2601 1216 2865 1269 Abraham
2918 1219 3166 1283 praeclare
3208 1216 3304 1269 fuit

1781 1299 1999 1365 dictum,
2030 1301 2171 1366 quod
2205 1304 2343 1355 venit
2372 1305 2424 1355 in
2467 1305 2660 1367 locum,
2692 1319 2846 1371 quem
2881 1304 3014 1357 dixit
3038 1306 3138 1373 ipsi
3163 1304 3298 1357 Deus

1778 1398 1832 1440 ct
1859 1388 2077 1443 elevatis
2099 1393 2267 1446 oculis
2297 1394 2407 1447 suis
2426 1394 2688 1445 Abraham
2720 1394 2849 1444 vidit
2872 1394 3083 1463 locuma
3101 1395 3314 1462 longe",

1778 1478 2083 1545 appulitqne
2137 1481 2389 1549 adipsum
2434 1480 2526 1550 (ut
2574 1482 2877 1550 videbatur)
2908 1482 2971 1535 ad
3003 1484 3179 1549 aliquo
3222 1497 3301 1550 so-

1778 1561 1904 1615 latio
1928 1557 2121 1620 laboris
2147 1568 2357 1621 taedium
2380 1570 2745 1634 mitigandum,
2788 1576 2836 1620 ct
2858 1584 2917 1621 ex
2950 1583 3057 1636 quo
3090 1567 3297 1621 interitu

1743 1665 1759 1712 ;
1801 1664 1863 1703 ne
1888 1652 2047 1706 animi
2079 1656 2324 1709 alacritas
2354 1657 2673 1718 concideret,
2704 1656 2852 1721 quasi
2876 1654 3197 1723 propositum
3215 1668 3303 1705 es-

175 1744 253 1788 set
282 1735 586 1804 perfectum,
619 1738 987 1791 extenderetur
1028 1754 1154 1791 vero
1193 1738 1406 1792 assidue
1440 1738 1505 1791 ad
1545 1735 1715 1803 majus
1758 1739 2010 1804 Studium,
2072 1745 2331 1810 sperando
2375 1759 2432 1799 se
2476 1761 2579 1797 non
2630 1746 2793 1797 multo
2826 1754 2943 1812 post
3002 1745 3063 1796 ad
3096 1743 3145 1795 id
3186 1756 3304 1808 per-

175 1835 445 1880 venturum
476 1827 542 1880 ad
578 1826 717 1893 quod
755 1826 914 1879 citato
950 1829 1113 1897 gradu
1142 1828 1473 1896 properabat.

725 1935 969 1988 ΚΕΦΑΛ.
997 1936 1125 1987 NH’.

241 2039 413 2094 Ταῦτα
452 2041 556 2112 γὰρ
582 2041 678 2112 τῆς
717 2044 912 2114 ἀρετῆς
944 2045 1327 2115 χαρακτηρίζει
1353 2044 1449 2114 τὴν
1478 2044 1687 2113 μέθοδον

174 2132 298 2199 πρὸς
338 2132 436 2200 τὴν
477 2132 822 2201 ἐνδεχομένην
878 2134 1151 2203 προκοπὴν
1198 2134 1546 2203 σοφιζομένης
1601 2136 1687 2187 τὸν

172 2220 450 2289 γνώριμον,
480 2220 600 2294 οὔτε
655 2221 784 2273 πολὺ
840 2221 1068 2289 μήκοθεν
1118 2224 1458 2292 φαινομένην,
1495 2224 1576 2274 ἵνα
1616 2223 1697 2292 μὴ

170 2311 318 2360 δκνον
349 2308 472 2380 δόξῃ
507 2311 672 2361 ποιεῖν
711 2308 790 2378 τῷ
816 2308 988 2376 πολλῷ
1023 2310 1362 2377 διαστήματι,
1391 2309 1507 2361 οὕτε
1535 2326 1690 2377 περι-

176 2396 430 2465 μενούσης
452 2396 554 2458 ἕως
575 2395 639 2449 ἂν
666 2396 975 2465 καταληφθῇ
1005 2398 1150 2465 παρά
1172 2396 1263 2449 τοῦ
1287 2397 1581 2457 διώκοντος,
1605 2398 1688 2448 ἵνα

177 2485 248 2552 μὴ
281 2485 382 2553 πρὸ
413 2484 502 2551 τοῦ
534 2485 753 2539 θανάνου
796 2486 975 2556 παύσῃ
996 2487 1092 2552 τὴν
1127 2487 1444 2555 προθυμίαν,
1472 2487 1615 2556 πάσῃ
1635 2486 1689 2537 δὲ

174 2578 238 2644 τῇ
272 2574 379 2645 ζωῇ
399 2574 495 2645 τὴν
511 2575 741 2643 σπουδὴν
772 2575 1093 2646 παρεκτείηι
1118 2576 1290 2629 διόλου
1324 2576 1687 2645 ἀκμάζουσαν,

174 2669 448 2735 ἀνέφικτον
478 2664 666 2733 ἔχουσα
698 2666 757 2717 τὸ
786 2666 950 2727 τέλος,
973 2666 1065 2718 καὶ
1093 2666 1167 2733 τῷ
1189 2666 1273 2732 διὰ
1304 2668 1495 2727 παντὸς
1526 2683 1691 2735 παραο

2326 1932 2547 1986 CAPUT
2586 1932 2760 1985 LVIII.

1856 2020 1957 2073 Ista
2004 2035 2230 2089 namque
2266 2004 2476 2073 virtutis
2520 2021 2748 2088 figurant
2799 2016 3101 2070 methodum
3129 2055 3141 2077 ,
3186 2030 3303 2081 quae

1789 2107 2023 2176 (scilicet
2055 2108 2249 2177 virtus)
2299 2108 2609 2161 familiarem
2659 2120 2812 2159 suum
2860 2105 3043 2157 edocet
3091 2104 3301 2170 sapien-

1789 2196 1914 2247 tiam
1964 2195 2029 2248 ad
2070 2195 2463 2263 suscipiendum
2487 2207 2882 2263 progressum,
2940 2203 3107 2256 neque
3153 2188 3302 2240 valde

1789 2284 1975 2352 procul
2006 2293 2240 2352 apparet,
2276 2297 2343 2337 ne
2375 2284 2652 2352 segnitiem
2688 2281 2926 2333 videatur
2954 2279 3203 2333 inducere
3236 2277 3301 2329 ob

1788 2378 2132 2447 longinquum
2178 2378 2542 2440 intervallum,
2581 2375 2739 2445 306
2774 2389 2869 2426 nee
2903 2387 3064 2440 prope
3101 2384 3303 2432 perma-

1791 2476 1912 2529 net,
1943 2468 2112 2522 donec
2134 2484 2160 2519 a
2186 2476 2530 2537 persequente
2565 2463 3059 2531 comprehendatur,
3087 2475 3151 2512 ne
3183 2467 3305 2511 ante

1790 2564 2009 2609 mortem
2052 2570 2263 2609 cessare
2311 2553 2467 2607 faciat
2517 2552 2678 2605 animi
2712 2550 3088 2618 propositum,
3138 2555 3300 2599 totum

1787 2657 1914 2699 vero
1962 2659 2057 2713 per
2104 2643 2223 2696 vitse
2264 2651 2471 2709 tempus
2510 2639 2738 2694 studium
2784 2652 2877 2707 per
2916 2636 3091 2691 omnia
3125 2636 3304 2705 vigens

1788 2734 2081 2802 protendat,
2118 2719 2322 2801 lquippc
2358 2745 2473 2797 qua:
2505 2729 2663 2784 finem
2696 2728 3059 2807 liabet,.quem
3094 2726 3306 2793 assequi

174 2754 446 2819 φαίνεσθαι
485 2755 703 2824 πλησίον
752 2756 882 2824 πρὸς
921 2756 979 2807 τὸ
1028 2757 1241 2822 ἐφικτόν
1287 2756 1689 2826 προτρεπομένη

174 2843 265 2890 τὴν
291 2844 538 2890 δύναμινί
562 2845 694 2890 πρὸς
732 2846 859 2890 ὅσην
894 2844 1169 2890 προκοπὴν
1200 2845 1497 2890 ἐπιδίδωσιν
1526 2848 1555 2890 ἦ
1593 2844 1691 2890 ωὑ-

1788 2754 2081 2802 ρῑοιρηυῑιι,
2128 2754 2322 2801 qurppc
2358 2754 2473 2797 qua:
2505 2754 2663 2784 UIIL'III
2700 2754 3059 2807 lliIUCI,.qUUIII
3094 2754 3306 2793 Ηδδυιμιι

1789 2838 1892 2876 non
1943 2837 2267 2890 possumus,
2323 2833 2553 2886 cumque
2602 2816 3029 2884 frequentissime
3065 2822 3308 2883 appareat

174 2843 265 2911 τὴν
291 2844 538 2912 δύναμιν,·
562 2845 694 2913 πρὸς
732 2846 859 2913 ὅσην
894 2844 1169 2913 προκοπὴν
1200 2845 1497 2897 ἐπιδίδωσιν
1526 2848 1556 2912 ἠ
1593 2844 1691 2912 φύ-

174 2903 254 2991 σις
283 2903 706 2997 προκαλουμένη,
729 2903 827 2982 καὶ.
852 2903 986 2998 μετὰ
1021 2903 1239 2993 πολλοὺς
1273 2933 1461 2993 πόνους
1502 2903 1693 2994 ἱκανῶς
1725 2926 1730 2938 ’

1790 2910 2096 2979 praeteriens
2131 2922 2315 2976 prope,
2366 2907 2551 2960 incitat
2599 2904 2739 2957 vires
2774 2904 2835 2956 ad
2895 2904 3068 2971 ipsum
3116 2903 3304 2963 finem,

173 2991 452 3087 ἀφεστῶσα
493 2991 589 3081 της
632 2991 998 3084 καταλήῷεως.
1038 3015 1131 3076 Τίς
1172 2991 1277 3083 γάρ
1324 2991 1519 3084 ταύτην
1557 2991 1693 3071 οὓτῶ

1790 2998 1881 3066 qui
1934 2996 2156 3065 pertingi
2210 3001 2416 3062 potest,
2474 3007 2767 3063 provocans
2816 2991 2879 3043 ad
2936 3003 3306 3059 progressum,

176 3077 519 3170 κατώρθωσεν
538 3077 609 3166 ώς
644 3105 806 3173 μηδὲν
823 3077 1029 3155 ’λείπειν
1053 3077 1196 3172 αύτῷ
1208 3077 1355 3172 ,πρὸς
1380 3077 1693 3175 τῆν’τελειόο

1792 3102 1947 3155 quem
1991 3094 2181 3138 natura
2235 3084 2551 3151 impertitur,
2591 3098 2653 3136 ac
2693 3080 2901 3133 tandem
2950 3087 3068 3146 post
3116 3077 3311 3131 multos

174 3166 341 3258 τηταξ
409 3192 491 3253 τίς
534 3192 609 3254 δὲ,
645 3166 744 3244 ⁷καὶ
786 3194 929 3262 πάσῃ
967 3166 1298 3262 χρησάμενος
1347 3166 1545 3263 σπουδῇ
1591 3195 1730 3254 τῶν(

1794 3176 2000 3229 labores
2021 3173 2171 3226 valde
2194 3172 2478 3224 admodum
2499 3170 2648 3223 abest
2671 3169 2797 3235 quin
2816 3166 3306 3233 comprehendatur.

173 3280 370 3347 ταύτης
408 3281 544 3349 ὅρων
594 3282 913 3349 κατελείφθη
948 3280 1195 3349 μακράν;
1243 3280 1349 3332 Καὶ
1394 3281 1476 3331 ἵνα
1516 3280 1690 3349 δειχθῇ

172 3369 324 3421 τούτο
353 3372 655 3439 προφανῶς,
683 3370 1040 3437 ἀληθεστάτης
1067 3368 1279 3437 ἀγάπης
1304 3369 1581 3420 ἀκόλουθον
1618 3372 1693 3419 εί-

176 3461 291 3509 πεῖν
343 3458 619 3526 ἰδιώματα,
665 3459 844 3525 ἐπειδὴ
900 3458 1164 3526 πλήρωμα
1198 3458 1380 3525 νόμου,
1421 3459 1511 3508 καὶ
1555 3457 1693 3510 ἔστιν

174 3547 330 3614 αὕτη.
368 3549 455 3598 καὶ
484 3539 694 3612 λέγεται
726 3547 943 3609 δικαίως
974 3547 1119 3615 παρά
1156 3548 1251 3615 τῆς
1282 3547 1427 3608 θείας
1460 3548 1691 3615 Γραφῆς,

174 3638 345 3686 πάντα
383 3634 842 3703 περιλαμϐάνουσα
864 3635 926 3686 τὰ
948 3635 1083 3705 μέρη
1118 3635 1221 3687 τῶν
1257 3634 1353 3703 τῆς
1386 3635 1694 3703 νομοθεσίας

174 3724 367 3787 καλῶν,
400 3725 698 3792 εὐεργετεῖν
727 3723 1038 3776 διδάσκουσα
1074 3724 1138 3774 τδ
1157 3723 1439 3792 ὁμόφυλον,
1464 3724 1553 3775 καὶ
1585 3723 1696 3775 ἁδι-

174 3816 284 3863 κεῖν
315 3814 409 3863 οὐκ
434 3813 814 3881 ἐπιτρέπουσα,
836 3813 953 3863 οὐδέ
982 3830 1034 3863 τι
1066 3812 1320 3879 πράττειν
1350 3815 1427 3873 είς
1458 3810 1585 3862 αὐτὸ
1615 3812 1696 3861 ὲν-

173 3899 367 3960 αντίον,
407 3900 603 3951 ἑκοῦσά
639 3916 698 3950 τε
730 3902 1023 3967 συγχωρεῖν
1066 3900 1125 3952 τὸ
1156 3902 1337 3953 κακόν.
1376 3900 1465 3960 Τίς
1492 3895 1580 3951 οὖν
1609 3898 1695 3950 τὸν

174 3968 395 4056 πλησίον
416 3990 691 4059 ἠγάπησεν
720 3990 907 4052 οὕτως,
950 3990 1022 4051 ὡς
1052 3989 1206 4042 ἄλλον
1236 3990 1422 4042 ἑαυτὸν
1453 3992 1509 4041 ὲν
1536 3992 1695 4041 πᾶσιν

173 4081 374 4130 ἐκεῖνον
399 4079 728 4148 ἡγήσασθαι;
754 4081 849 4140 Τίς
863 4082 978 4141 ταῖς
1004 4081 1060 4129 ὲν
1083 4080 1159 4148 τῷ
1185 4080 1368 4149 ἀγαθῷ
1400 4080 1697 4149 προκοπαῖς

171 4166 262 4217 τοῦ
290 4166 511 4233 ἀδελφοῦ
544 4168 617 4228 ὡς
644 4168 867 4226 οἰκείαις
906 4169 1336 4235 ἐπευφραίνεται,
1368 4168 1460 4218 καὶ
1496 4168 1555 4217 οὐ
1584 4166 1696 4216 κνί⁶

171 4255 321 4316 (sta:
351 4259 567 4317 ταύταις
596 4256 819 4321 ἀλόγως,
853 4257 943 4306 καὶ
980 4257 1111 4323 πρὸς
1137 4256 1326 4321 φθόνον
1356 4246 1557 4318 ἀδοξεῖν
1597 4254 1691 4304 αύ-

172 4344 259 4403 τὸς
283 4343 616 4410 λογιζόμενος
634 4345 688 4394 ὲν
719 4339 795 4403 οἷς
826 4343 1290 4411 παρευδοκιμεῖται
1314 4334 1457 4411 παρά
1483 4341 1575 4393 τοῦ
1600 4343 1694 4393 πέ-

173 4444 298 4493 Aac;
332 4430 423 4490 Τίς
458 4430 554 4498 τὴν
584 4432 738 4484 ἄλλου
776 4433 859 4496 ἐφ’
889 4428 966 4493 οἷς
1005 4430 1071 4484 ἂν
1098 4432 1231 4502 τύχῃ
1264 4431 1439 4500 τιμὴν,
1481 4431 1539 4483 οὐ
1572 4431 1693 4498 κρί-

1794 3265 1923 3329 Quis
1956 3264 2095 3315 enim
2144 3262 2311 3327 ipsam
2361 3262 2431 3311 ita
2473 3260 2603 3311 bene
2644 3267 2724 3310 est
2764 3263 3058 3314 assecutus,
3094 3260 3150 3304 ut
3181 3251 3311 3302 nihil

1792 3355 1839 3406 ci
1877 3351 2103 3405 defuerit
2137 3351 2199 3402 ad
2232 3347 2647 3417 perfectionem?
2677 3344 2807 3405 Quis
2835 3358 2977 3408 vero,
3008 3342 3151 3395 omni
3180 3353 3311 3406 quo-

1793 3454 1895 3507 que
1924 3438 2099 3493 studio
2130 3452 2278 3500 usus,
2312 3451 2417 3489 non
2446 3435 2626 3501 procul
2663 3434 2728 3485 ab
2775 3430 2914 3484 iliius
2942 3427 3181 3482 terminis
3219 3426 3311 3479 fuit

1794 3528 2119 3583 derelictus?
2152 3525 2323 3593 thue
2356 3524 2405 3576 id
2442 3521 2721 3576 manifeste
2744 3521 3152 3579 demonstretur,
3186 3530 3312 3568 con-

1796 3626 2096 3672 sectaneum
2140 3622 2219 3668 est
2262 3606 2553 3665 verissiime
2613 3609 2908 3675 dilectionis
2969 3607 3154 3667 dicere,
3196 3618 3315 3671 pro-

1797 3706 2077 3773 prietates;
2114 3700 2546 3770 quandoquidem
2593 3699 2705 3763 ipsa
2749 3706 2829 3749 est
2875 3694 3311 3760 complementum

1795 3795 1943 3861 legis,
1971 3793 2217 3859 justeque
2246 3788 2324 3841 sic
2357 3787 2550 3840 dicitur
2591 3798 2619 3835 a
2658 3784 2838 3835 divina
2882 3782 3184 3846 Scriptura;
3230 3789 3315 3830 ut-

1794 3890 1915 3951 pote
1952 3894 2068 3947 quze
2104 3891 2287 3930 omnes
2331 3873 2700 3940 complectitur
2742 3879 2916 3936 partes
2972 3867 3315 3946 legislationis

1795 3974 2079 4031 bonorum,
2120 3966 2306 4019 edocet
2340 3964 2473 4015 bene
2514 3959 2691 4013 facere
2734 3956 3054 4018 contribuli,
3109 3964 3159 4007 ct
3209 3969 3313 4006 non

1793 4060 2055 4131 permittit
2099 4055 2240 4124 quod
2270 4054 2317 4105 ei
2352 4049 2607 4104 inferatur
2656 4045 2869 4113 injuria,
2900 4058 2996 4096 nec
3034 4044 3227 4111 aliquid
3263 4043 3312 4094 in

1795 4137 2091 4217 ipsumrllat
2125 4141 2473 4199 contrarium,
2506 4138 2616 4189 vult
2665 4146 2835 4187 autem
2869 4143 2925 4184 ut
2965 4133 3158 4185 malum
3189 4146 3317 4183 con-

1793 4238 2036 4291 donetur.
2090 4231 2222 4295 Quis
2271 4220 2431 4296 igitur
2485 4226 2785 4293 proximum
2835 4222 2967 4275 adeo
3010 4221 3222 4283 dilexit,
3262 4233 3318 4274 ut
3392 4272 3395 4275 .

1794 4326 1955 4377 alium
1990 4321 2224 4387 seipsum
2259 4317 2310 4369 in
2344 4313 2592 4367 omnibus
2626 4313 2771 4364 illum
2798 4310 3157 4363 existimarit?
3190 4308 3318 4373 Quis

1793 4419 1857 4471 de
1909 4410 2275 4482 progressibus
2327 4405 2509 4458 fratris
2548 4403 2602 4456 in
2640 4403 2779 4455 bono
2804 4441 2817 4462 ,
2870 4402 2948 4453 uti
2984 4402 3049 4454 de
3094 4400 3317 4468 propriis

172 4533 248 4567 νει
283 4492 568 4569 κατάλυσιν
597 4516 693 4583 τῆς
738 4492 870 4577 [δίας
900 4492 1086 4585 τιμῆςς
1260 4492 1330 4568 ἐν,
1474 4492 1696 4585 προκρι-
1722 4508 1730 4565 1

1795 4508 2107 4582 delectatur,
2143 4512 2315 4567 neque
2361 4495 2796 4550 irrationabiliter
2840 4492 2986 4546 hisce
3016 4492 3313 4549 .vellicatur,

172 4601 318 4657 θέντι
346 4606 403 4657 ἐν
465 4607 760 4675 ὁτῳδήποτε
812 4606 915 4657 τῶν
967 4607 1258 4675 εὐδοκίμων
1305 4608 1363 4659 ού
1405 4608 1698 4659 κατέπεσεν

172 4694 398 4763 ἀθυμίᾳ,
426 4694 484 4746 τὸ
509 4695 835 4765 δευτερεύειν
872 4698 927 4745 ὲν
959 4696 1174 4763 ἀτιμίας
1204 4696 1354 4764 μέρει
1393 4696 1695 4763 τιθέμενος;

173 4782 268 4842 Τίς
315 4770 420 4843 τοῖς
457 4784 689 4844 ἐπαίνοις
726 4783 817 4834 τοῦ
850 4784 1228 4852 συμμετιόντος
1254 4785 1311 4835 τὸ
1332 4784 1499 4852 ’ἔργον
1524 4785 1579 4836 ού
1611 4783 1699 4835 δά-

174 4886 379 4931 κνεται,
407 4871 482 4930 ὡς
512 4871 601 4922 ἐπὶ
628 4872 810 4939 ψόγοις
838 4874 1085 4936 οίκείοις;
1117 4874 1209 4934 Τίς
1259 4873 1526 4941 σφάλματί
1563 4888 1699 4934 τινος

172 4952 569 5023 ὲπὲστύγνασεν
588 4959 661 5019 ὡς
684 4961 747 5011 ἂν
773 4963 854 5027 ἐφ’
892 4961 1065 5030 ἑαυτῷ
1093 4962 1338 5028 σφαλέντι
1370 4961 1522 5012 τοῦτο
1545 4960 1697 5029 ἡγού-

174 5062 372 5114 μενοςς
402 5046 494 5106 Τίς
527 5049 873 5115 ἀστοχήσαντι
902 5053 973 5114 ὡς
1006 5052 1179 5120 ἑαυτῷ
1213 5050 1571 5119 συνεπάθησε;
1604 5049 1696 5113 Τίς

171 5133 357 5204 ἀδοξίᾳ
374 5133 464 5185 τοῦ
490 5135 733 5201 τυχόντος
752 5139 848 5191 οὑκ
869 5140 1156 5206 ἐπεγέλασε
1178 5140 1302 5206 ;Τίς
1329 5141 1574 5207 πτώματι
1600 5140 1698 5192 οὐκ

172 5224 413 5291 ἐπεχάρη
443 5223 641 5293 ἐτέρου,
688 5226 779 5277 καὶ
812 5226 908 5277 οὐκ
938 5230 1147 5299 ἐπήρθη
1178 5231 1267 5281 ἐπὶ
1305 5230 1381 5297 τῷ
1418 5228 1696 5280 ὑποσκελίο·

172 5330 338 5380 σματι
366 5314 569 5379 τούτου,
619 5316 754 5387 μέγα
784 5318 854 5377 ὡς
888 5318 1051 5378 ἑστὼς
1079 5321 1169 5372 ἐπὶ
1201 5320 1275 5389 τῷ
1311 5320 1518 5372 πεσόντι
1567 5336 1703 5389 φροα-

172 5405 373 5473 νήσας
422 5402 513 5464 Τίς
548 5404 766 5478 ’ἐλέγχῳ
818 5407 1270 5476 πλημμελήματος
1332 5408 1593 5476 ἐρυθριῶν
1638 5426 1693 5460 τε

164 5558 167 5561 ’
240 5553 289 5582 ⁸³
318 5550 448 5601 Gen.
488 5567 611 5612 “tt,
642 5553 693 5602 4.

1793 4605 1846 4651 et
1889 4579 2168 4654 invidiose,
2216 4596 2409 4658 putans
2444 4603 2500 4640 se
2546 4585 2829 4653 inglorium
2882 4584 2932 4633 in
2974 4582 3053 4634 his
3101 4593 3231 4641 esse,
3266 4579 3313 4628 in

1793 4686 1984 4756 quibus
2019 4682 2161 4736 fama
2204 4679 2523 4750 prmcellitur
2552 4692 2582 4730 a
2614 4674 2888 4744 proximo?
2931 4671 3059 4740 Quis
3104 4667 3317 4721 alterius

1795 4780 2052 4831 honorem
2090 4774 2141 4825 in
2171 4768 2451 4839 quibusvis
2486 4782 2589 4819 non
2623 4763 2826 4839 judicat
2854 4759 3178 4814 eversionem
3222 4756 3317 4808 lto—

1795 4866 1941 4921 noris
1984 4861 2225 4932 proprii?
2258 4842 2410 4923 Quis,
2445 4846 2569 4909 dum
2598 4854 2729 4904 alter
2765 4845 3100 4917 anteponitur
3133 4844 3228 4897 sibi
3264 4844 3314 4894 in

1797 4960 1973 5027 aliqua
2008 4956 2374 5027 (quaecunque
2403 4948 2491 4999 illa
2522 4942 2711 5008 fuerit)
2742 4938 3066 4995 celebritate,
3097 4952 3195 5027 non
3228 4936 3314 4988 de-

1794 5051 1935 5118 jecto
1965 5044 2195 5101 concidit
2227 5040 2425 5098 animo,
2457 5031 2746 5087 secundum
2797 5035 2973 5081 tenere
2999 5028 3193 5087 locum,
3222 5027 3315 5075 de-

1796 5113 2002 5193 decoris
2031 5130 2228 5198 aliquid
2269 5139 2385 5179 esse
2409 5119 2737 5175 arbitratus?
2762 5117 2892 5181 Quis
2919 5132 3022 5170 non
3049 5113 3316 5166 mordetur

1798 5227 2061 5284 laudibus,
2098 5219 2292 5286 quibus
2328 5211 2483 5281 307
2514 5208 2739 5263 afﬁcitur
2770 5207 2883 5269 ille,
2935 5202 3024 5270 qui
3071 5199 3133 5252 ad
3178 5199 3312 5251 idem

1798 5330 1930 5384 Opus
1956 5290 2348 5378 assequendum
2380 5300 2692 5359 collaborat,
2721 5312 2781 5349 ac
2807 5298 2849 5346 si
2892 5290 3098 5358 propria
3126 5302 3303 5384 essent

1800 5377 2098 5467 vituperia?
2141 5392 2273 5458 Quis
2317 5392 2383 5445 ob
2422 5398 2665 5443 'crrorem
2711 5380 2932 5447 alicujus
2978 5377 3313 5430 contristatns
