4052 6336
3550 282 3583 305 κ

735 325 867 387 1047
1586 368 1593 375 ς
1691 336 1701 347 ’
2190 332 2247 389 S.
2287 333 2463 391 NILI'

729 433 852 497 fuit,
872 435 1186 490 existimans
1216 436 1596 507 ltoctanquam
1622 454 1651 492 a
1678 454 1852 508 seipse
1879 451 2236 512 perpetratum

2381 445 2825 515 συνηρυθρίασεν,
2865 445 2981 514 ούχὶ
3021 447 3074 497 δὲ
3103 446 3195 515 τὴν
3225 446 3428 499 ἐκείνου
3467 446 3758 519 διατροπὴν
3780 452 3900 517 παῤ-

727 526 858 589 Quis
886 526 1155 580 aberranti
1187 541 1216 581 a
1247 542 1411 596 scapo
1441 528 1516 581 uti
1542 529 1643 582 sibi
1676 529 1775 598 ipsi
1810 534 2252 600 compassusestf

2369 535 2561 605 ρηαίαν
2583 535 2755 587 ἀὑτοῦ
2784 538 3043 605 ἡγήσατο,
3070 537 3160 589 ὲπί
3197 538 3379 605 μεῖζον
3402 537 3499 606 τὴν
3526 538 3736 589 οίκείαν
3761 538 3907 602 δόξαν

709 613 857 681 .Quis
895 616 1126 671 dedecus
1161 620 1395 687 vulgaris
1444 618 1678 674 hominis
1730 635 1833 673 non
1880 621 2089 675 irrisit?
2133 621 2252 689 Quit

2367 622 2683 691 ἐπαίρεσθαι
2726 624 2893 675 δοκῶν
2947 626 3005 675 ὲν
3058 618 3139 685 οἷς
3181 623 3525 677 ἐλαττοῦσθαι
3575 625 3671 684 τὴν
3717 626 3907 697 ἑτέρων

724 704 788 755 de
816 704 1036 760 alterius
1059 720 1189 761 casu
1220 722 1327 769 non
1358 715 1443 762 est
1479 709 1713 776 gavisus,
1748 724 1921 779 neque
1958 712 2135 766 elatus
2180 719 2252 766 est

2367 709 2689 779 συμϐαίνεις
2742 715 2846 766 Καὶ
2882 714 2983 777 τίς,
3025 712 3163 766 κατά
3208 712 3298 766 τὸν
3358 712 3583 777 Παῦλον,
3636 716 3907 784 συντόμως

724 793 793 842 ob
818 794 934 861 ejus
970 809 1032 847 ex
1064 796 1497 864 supplantatione
1539 797 1766 866 lapsum,
1812 799 1919 852 alte
1952 800 2019 853 de
2069 815 2129 855 se
2171 815 2252 854 sa-

2363 801 2561 866 εἰπεῖν,
2611 802 2787 871 χαίρει
2844 802 2980 873 μετά
3018 802 3335 873 χαιρόντων,
3390 804 3480 859 καὶ
3538 803 3709 856 κλαίει
3777 804 3905 874 μετά

724 880 875 945 piens
899 920 913 944 ,
957 883 1099 951 quod
1148 883 1264 953 ipse
1309 886 1533 949 steterit,
1579 901 1641 940 eo
1672 886 1939 942 cadente?
1976 888 2109 953 Quis
2137 904 2258 944 cum

723 972 1073 1033 erubescente
1095 1013 1113 1040 ,
1158 974 1286 1040 dum
1325 977 1566 1046 arguitur
1589 960 1788 1042 delicti,
1822 979 1979 1032 simul
2008 980 2222 1035 erubuit
2248 1021 2252 1043 ε

2369 981 2650 1050 διάκειται,
2686 987 2741 1037 ὲν
2775 960 3021 1056 φαιδροῖς
3080 986 3112 1055 ἢ
3162 971 3500 1054 σκυθρωποῖς
3537 960 3903 1055 ἐξεταζόμενος

616 1094 622 1101 .
724 1063 776 1106 ct
820 1073 923 1109 non
970 1072 1000 1111 e
1044 1068 1263 1125 contra,
1311 1061 1455 1117 illius
1504 1064 1874 1118 confusionem
1917 1067 2126 1121 censuit
2182 1072 2252 1122 su;

2371 1072 2651 1141 πράγμασι
2678 1090 2693 1139 ;
3434 1102 3437 1104 ·
3754 1148 3757 1149 ν

728 1145 1123 1209 conﬁdentiam,
1157 1157 1335 1217 ratus,
1373 1152 1651 1220 pr0prium
1715 1153 1881 1207 decus
1941 1156 2005 1209 ad
2037 1156 2210 1225 majus
2236 1156 2347 1212 fore
2383 1163 2751 1227 attollendum,
2776 1165 2899 1219 dum
2921 1165 3201 1237 contingit,
3222 1169 3448 1223 aliorum
3480 1166 3607 1221 illud
3630 1148 3903 1218 imminui?

729 1232 791 1282 lit
824 1235 945 1299 quis
984 1234 1077 1298 (ut
1107 1237 1342 1292 breviter
1380 1240 1802 1312 perstringam),
1843 1244 2136 1299 secundum
2164 1243 2387 1302 Paulum
2413 1250 2481 1315 ",
2509 1254 2704 1322 gaudet
2730 1246 2851 1309 cum
2888 1232 3261 1326 gaudentibus,
3314 1258 3404 1312 ﬂet
3461 1272 3582 1312 cum
3634 1256 3897 1318 ﬂentibus,

728 1324 796 1374 ilzt
838 1337 956 1376 sese
1017 1327 1432 1383 accommodans
1504 1330 1814 1405 unicuique,
1863 1342 2021 1404 prout
2070 1334 2187 1406 ipse
2231 1351 2349 1393 sese
2397 1343 2714 1398 examinans
2763 1341 2833 1397 in
2896 1324 3063 1401 rebus
3124 1346 3384 1403 hilaribus
3436 1340 3520 1402 vel
3573 1346 3772 1400 tetricis
3825 1353 3902 1398 est

724 1412 1065 1479 dispositus?
1394 1424 1396 1427 ’
2068 1433 2071 1437 ’

1292 1525 1514 1581 CAPUT
1555 1496 1684 1584 th.
2298 1522 2342 1580 Β
2934 1546 3177 1599 nam.
3214 1546 3339 1601 NG'.

2368 893 2681 960 κλαιόντων,
2708 897 3165 967 συνδιατιθέμενος
3191 896 3362 958 οὕτως
3392 895 3602 974 ἑκάστῳ
3633 895 3709 957 ὼς
3750 897 3904 959 αὐτὸς
3985 944 3989 949 .

797 1630 898 1681 ista
958 1639 1038 1684 est
1091 1633 1287 1701 quippe
1336 1636 1615 1693 citaritatis
1659 1626 2035 1709 prmrogativa.
2064 1644 2259 1697 eximia

727 1714 953 1783 cllit'ere,
992 1729 1048 1773 ut
1087 1736 1276 1790 nempe
1318 1734 1508 1791 status,
1552 1741 1644 1780 seu
1693 1729 1974 1796 dispositio
2022 1734 2257 1785 omnium

726 1808 798 1858 sit
827 1808 983 1860 veluti
1034 1825 1176 1875 una,
1229 1827 1553 1882 unoquoque
1594 1816 1862 1885 gaudente
1902 1834 2023 1873 cum
2054 1821 2255 1883 altero,

696 1896 806 1948 -vcl
837 1897 1079 1950 similiter
1105 1898 1319 1954 dolente
1356 1902 1528 1958 instar,
1554 1905 2105 1963 membrorum'unius
2132 1925 2255 1962 cor-

722 1984 869 2052 poris
901 1984 1269 2051 colligatorum
1291 2027 1306 2054 ,
1347 1997 1399 2041 et
1431 1986 1807 2056 commissura,
1861 2008 1953 2047 seu
2003 2008 2257 2063 compage

721 2072 949 2125 invicem
1004 2072 1104 2127 sibi
1156 2078 1539 2145 compatienter
1590 2082 2146 2152 communicantium,
2194 2100 2271 2141 ac.

720 2170 935 2218 mutuas
976 2165 1389 2235 'snscipientium
1443 2168 1741 2239 passiones.
1802 2170 1985 2240 itaque
2047 2173 2093 2228 si
2157 2189 2258 2229 nec

720 2266 880 2329 omne
915 2262 1124 2323 tempus
1169 2255 1366 2313 suﬂicit
1410 2258 1476 2311 ad
1516 2261 1729 2315 virtutis
1765 2261 1999 2316 studium
2033 2276 2258 2319 accura-

719 2351 867 2404 tum,
924 2351 975 2395 et
1027 2357 1159 2411 opus
1207 2352 1287 2398 est
1331 2348 1498 2401 multa
1546 2349 1818 2417 vigilantia
1859 2347 2254 2407 decertantibus

718 2428 977 2483 adversus
1029 2429 1299 2506 damionas
1346 2434 1760 2502 impugnantes,
1812 2438 2122 2504 quomodo,
2170 2426 2255 2494 vel

716 2515 1013 2581 poterimus
1038 2516 1295 2585 perﬁcere
1325 2514 1491 2585 via'm,
1531 2536 1649 2590 qua:
1685 2522 1849 2585 multa
1877 2534 1980 2589 est,
2025 2539 2148 2580 cum
2178 2528 2253 2581 si-

718 2622 839 2660 mus
897 2606 1188 2662 oscitantes
1256 2623 1319 2662 ac
1368 2609 1638 2676 distracti;
1692 2613 1772 2666 vel
1823 2614 2251 2670 adversariorum

718 2710 910 2749 cavere
943 2696 1184 2761 insidias,
1219 2698 1314 2767 qui
1352 2700 1505 2754 multi
1533 2710 1679 2764 sunt,
1709 2711 1762 2755 et
1801 2702 2251 2770 invisibiles,.no-

718 2785 949 2854 strisque
983 2786 1343 2854 passionibus,
1374 2788 1443 2843 et
1490 2792 1738 2846 sensibus
1769 2800 1842 2845 ‘ut
1874 2794 2038 2849 armis
2066 2802 2251 2849 contra

714 2890 817 2929 nos
849 2884 1089 2943 utuntur,
1116 2888 1168 2932 et
1212 2878 1348 2947 ipsis
1377 2894 1478 2935 nos
1507 2879 1729 2947 feriunt,
1779 2883 1977 2951 quibus
2026 2893 2084 2938 ut
2121 2900 2250 2954 pro-

715 2967 1053 3034 pulsantibus
1083 2967 1246 3037 308
1284 2954 1496 3022 auxiliis
1532 2981 1721 3047 natura
1760 2987 1860 3026 nos
1901 2974 2129 3039 armavit
2161 2975 2254 3028 ad-

720 3060 906 3111 versus
934 3057 1093 3124 illos;
1124 3059 1315 3111 oculus
1349 3057 1481 3127 ipsis
1512 3059 1735 3114 inservit
1776 3062 1842 3114 ad
1869 3064 2252 3131 concupiscen-

720 3148 845 3200 tiam
865 3162 1049 3203 earum
1070 3162 1250 3224 rerum
1277 3163 1395 3216 quae
1417 3150 1613 3218 saepius
1630 3150 1898 3223 videntur,
1925 3152 2250 3207 desiderium

719 3238 934 3305 pariens
964 3235 1278 3308 quoru'mvis
1304 3240 1657 3294 materialium
1689 3241 2118 3309 splendidorum;
2156 3259 2251 3298 au-

717 3329 862 3381 ditus
896 3329 963 3382 ob
1000 3330 1189 3383 nuntia
1231 3331 1403 3386 tristia
1430 3331 1668 3388 dolorem
1705 3335 1983 3397 consuevit
2023 3333 2251 3401 inferre,

716 3426 768 3468 et
795 3418 863 3469 ob
895 3432 957 3471 ea
993 3428 1273 3494 qu:e_sunt
1305 3421 1469 3475 veluti
1510 3421 1691 3476 animo
1730 3430 1878 3491 grata
1924 3410 2249 3494 voluptatem

683 3544 690 3556 .
716 3521 1084 3572 commovere;
1116 3492 1393 3562 iracundia
1415 3525 1445 3563 e
1476 3519 1734 3578 praetextu
1773 3522 2089 3568 occurrente
2126 3529 2251 3568 suc-

715 3599 960 3651 cenditur
1002 3594 1397 3663 eﬂbrvescens,
1448 3609 1500 3653 et
1554 3601 1880 3657 tumultuose
1937 3604 2252 3659 concutiens

715 3705 909 3757 corpus
945 3690 1276 3752 universum,
1310 3691 1739 3762 perturbansque
1762 3693 2252 3763 ratiocinationem,

670 3828 673 3831 .
714 3788 767 3830 rt
792 3781 910 3847 ejus
941 3779 1224 3848 puritatem
1256 3783 1564 3850 inquinans,
1586 3778 2251 3852 sicutpellucidam‘l‘ontis
2300 3812 2305 3819 -

718 3884 934 3935 aquam,
964 3868 1037 3921 ita
1063 3879 1121 3923 ut
1148 3886 1254 3925 non
1285 3872 1460 3926 videat
1484 3873 1761 3941 perspicue
1784 3874 2008 3945 vestigia
2038 3890 2246 3941 eorum,

714 3973 831 4025 qum
859 3959 1038 4010 animo
1079 3958 1467 4025 obversantur;
1502 3977 1639 4015 vana
1676 3964 1845 4030 gloria
1880 3978 2015 4031 opus
2049 3965 2102 4017 in
2148 3980 2248 4032 pu—

714 4048 909 4101 blicum
963 4046 1159 4103 eﬂ‘erre
1205 4049 1514 4116 compellit,
1583 4051 1751 4117 magis
1803 4052 2011 4117 placere
2067 4054 2249 4106 volens

2434 1657 2601 1710 Τοῦτο
2630 1657 2737 1726 γάρ
2758 1658 2857 1726 τῆς
2881 1659 3099 1728 ἀγάπης
3128 1658 3401 1729 ἐξαίρετον
3432 1658 3821 1727 πλεονέκτημα,
3843 1658 3898 1711 τὸ

2362 1744 2458 1815 τὴν
2486 1744 2719 1798 διάθεσιν
2748 1746 3138 1799 τῶνὰπάντων
3159 1746 3480 1816 ἐργάζεσθαι
3508 1747 3652 1816 μίαν,
3678 1748 3895 1799 ἑκάστου

2363 1832 2641 1902 χαίροντος
2686 1833 2823 1901 μειά
2849 1834 2941 1886 τοῦ
2963 1835 3168 1903 ἑτέρου,
3206 1837 3296 1888 καὶ
3324 1836 3659 1909 λυπουμένου
3683 1836 3895 1903 ὁμοίως,

2365 1922 2540 1989 μελῶν
2594 1922 2711 1983 ἑνὸς
2775 1923 3022 1990 σώματος
3072 1925 3226 1993 δίκην
3264 1925 3669 1994 συνδεδεμένων,
3709 1925 3800 1976 καὶ
3834 1927 3895 1993 τῇ

2362 2005 2594 2080 ἁρμονία
2628 2012 2925 2081 συμπαθῶς
2956 2014 3341 2081 μεταδιδόντων
3388 2000 3655 2082 ἀλλήλοις,
3692 2015 3785 2067 καὶ
3816 2014 3895 2064 δε-

2360 2101 2596 2169 χομένων
2627 2098 2754 2169 παρ’
2778 2098 3018 2167 ἀλλήλων
3056 2098 3123 2151 τά
3157 2099 3323 2168 πάθη.
3356 2100 3418 2151 Εἰ
3445 2099 3620 2150 τοίνυν
3651 2097 3771 2150 οὕτε
3795 2098 3895 2157 πᾶς

2358 2190 2385 2240 ὁ
2407 2189 2591 2257 χρόνος
2618 2190 2778 2257 ἀρκεῖ
2806 2189 2939 2257 πρὸς
2966 2188 3063 2256 τὴν
3091 2189 3185 2256 τῆς
3219 2188 3417 2258 ἀρετῆς
3447 2187 3777 2255 ἐπιμέλειαν,
3808 2186 3895 2237 καὶ

2358 2259 2558 2345 πολλῆς
2587 2280 2697 2339 τοῖς
2718 2276 3131 2345 ἀγωνιζομένοις
3150 2276 3236 2328 διά
3258 2277 3381 2339 τοὺς
3405 2276 3895 2345 ἀνταγωνισμένους

2357 2366 2610 2434 δαίμονας
2663 2364 2957 2436 χρείατῆς
2997 2366 3231 2435 νὴψεως,
3283 2366 3401 2427 πῶς
3444 2366 3735 2433 κεχηνότας
3803 2364 3893 2440 καλ

2360 2455 2868 2526 μετεωριζομένους,
2911 2455 2943 2523 ἢ
2986 2454 3084 2523 τὴν
3128 2453 3245 2506 ὁδὸν
3293 2453 3552 2506 δύσϐατον
3583 2450 3745 2506 οὖσαν
3804 2454 3894 2506 καὶ

2358 2544 2557 2622 πολλὴν
2593 2544 2740 2597 ἔστιν
2771 2543 2985 2607 ἀνῦσαι,
3014 2544 3046 2612 ἢ
3075 2542 3185 2595 τῶν
3221 2542 3527 2595 ἀντιπάλων
3564 2542 3894 2622 φυλάξασθαι

2353 2631 2451 2693 τάς
2484 2620 2768 2694 ἐπιϐουλάς
2796 2630 3003 2682 πολλῶν
3029 2630 3218 2694 ὄντων,
3247 2630 3341 2682 καὶ
3367 2629 3633 2698 ἀοράτων,
3663 2620 3752 2681 καὶ
3791 2630 3893 2681 πά-

2355 2722 2500 2782 θεσιν
2533 2721 2817 2791 ἡμετέροις
2874 2720 2967 2772 καὶ
2999 2719 3314 2788 αἰσθήσεσιν
3365 2718 3548 2781 ὅπλοις
3586 2718 3706 2770 καθ’
3742 2718 3891 2786 ἡμῶν

2354 2808 2724 2877 κεχρημένων,
2761 2807 2856 2858 καὶ
2883 2805 3093 2866 τούτοις
3132 2806 3431 2873 βαλλόντων
3464 2806 3629 2873 ἡμᾶς,
3663 2800 3742 2866 οἷς
3774 2807 3888 2857 κατ’

2353 2896 2528 2949 αὐτῶν
2555 2895 2903 2964 ἀμυντηρίοις
2935 2896 2968 2962 ἡ
2999 2882 3159 2961 φύσις
3188 2895 3335 2962 ἡμᾶς
3357 2891 3591 2945 ὥπλισεν
3616 2910 3631 2958 ;
3672 2893 3889 2959 ὐφθαλο

2355 2982 2452 3052 μλς
2482 2982 2657 3045 αὐτοῖς
2682 2981 2939 3052 ὑπηρετεί
2976 2980 3109 3049 πρὸς
3135 2979 3427 3048 ἐπιθυμίαν
3463 2980 3568 3031 τῶν
3610 2979 3889 3048 ὁρωμένων

2351 3063 2625 3134 πολλάκις,
2666 3073 2843 3140 πάσης
2875 3071 3127 3139 λαμπρᾶς
3163 3068 3294 3139 ὕλης
3320 3069 3678 3139 ἐργαζόμενον
3710 3068 3882 3130 πόθον,

2349 3159 2486 3230 ἀκοὴ
2514 3160 2687 3228 λύπην
2710 3160 2802 3211 ἐπὶ
2824 3161 2953 3231 ’ταῖς
2976 3159 3324 3227 σκυθρωπαῖς
3351 3159 3654 3225 ἀγγελίαις.
3677 3160 3783 3211 Καὶ
3804 3159 3897 3209 ἐπὶ

2349 3253 2458 3313 τοῖς
2482 3249 2556 3312 ὡς
2586 3248 2937 3316 καταθυμίοις
2978 3250 3142 3299 κινεῖν
3195 3248 3433 3313 πέφυκεν
3476 3248 3688 3316 ἡδονήνο
3731 3247 3890 3315 θυμὸς

2349 3340 2413 3393 ἐκ
2460 3338 2557 3408 τῆς
2601 3326 2869 3408 τυχούσης
2899 3337 3193 3390 ἀνάπτεται
3240 3339 3579 3407 προφάσεως,
3618 3338 3886 3407 βράσσων,

2351 3433 2441 3483 καλ⁵
2470 3429 2668 3483 κλονῶν
2701 3430 2819 3482 ὅλον
2848 3429 2908 3481 τὸ
2934 3428 3119 3497 σῶμα,
3159 3429 3251 3480 καὶ
3289 3429 3378 3482 τὸν
3408 3427 3887 3494 λογισμὺνταράτ-

2348 3536 2476 3582 των,
2508 3510 2601 3572 καὶ
2635 3518 2800 3570 θολῶν
2837 3518 2897 3570 τὸ
2925 3517 3162 3587 καθαρὸν
3192 3518 3398 3578 τούτου,
3435 3517 3682 3585 καθάπερ
3716 3515 3888 3583 πηγῆς

2349 3607 2565 3673 διαυγὲς
2595 3605 2905 3675 ὓδωρ,πρδς
2932 3606 2991 3656 τὸ
3025 3605 3097 3674 μὴ
3123 3606 3332 3672 τρανῶς
3352 3605 3578 3675 ὁρᾶσθαι
3609 3604 3717 3656 τῶν
3740 3603 3887 3656 ἐνθυ-

2355 3696 2491 3763 μίων
2540 3696 2664 3756 τοὺς
2702 3692 2923 3755 τύπους’
2954 3694 3221 3757 κενοδοξία
3256 3694 3595 3775 δημοσιεύειν
3637 3694 3698 3745 τὸ
3735 3694 3883 3763 ἔργον

2353 3781 2615 3851 βιάζεται,
2650 3780 2845 3849 μᾶλλον
2870 3779 3173 3849 ἀνθρώποις
3199 3780 3449 3849 ἀρέσκειν
3479 3780 3723 3843 θέλουσα,
3754 3780 3786 3846 ἦ
3816 3778 3886 3847 τῷ

2349 3870 2485 3938 Θεῷ,
2516 3870 2757 3933 καὶτοὺς
2794 3870 2986 3931 πόνους
3029 3869 3318 3940 ἁχρειοῦσα
3361 3869 3440 3937 (ού
3475 3868 3581 3939 γάρ
3619 3859 3887 3937 ἀκολουθεῖ

2330 3958 2426 4025 ίτῷ
2463 3958 2790 4025 πλημμελῶς
2835 3958 3100 4027 γινομένῳ
3147 3960 3176 4010 ό
3226 3957 3433 4027 μισθὸς,
3469 3959 3589 4009 ἐπεὶ
3638 3959 3711 4027 μὴ
3758 3958 3887 4027 πρὸς

2351 4046 2639 4113 ἀρέσκειαν
2682 4045 2771 4095 τοῦ
2802 4046 3121 4113 ἀμείϐεσθαι
3152 4046 3467 4113 δυναμένου,
3510 4048 3641 4116 πρὸς
3678 4047 3885 4099 ἔπαινον

715 4138 1020 4193 hominibus
1057 4152 1216 4206 quam
1250 4137 1386 4202 Deo,
1418 4149 1471 4191 et
1500 4138 1709 4192 labores
1739 4140 1953 4195 inutiles
1981 4141 2245 4208 reddens;

2352 4133 2406 4186 δὲ
2428 4133 2531 4184 τῶν
2559 4131 2800 4201 ὁρώντων
2825 4133 2851 4183 ὁ
2877 4132 3073 4193 σκοπὸς
3098 4131 3321 4217 ἔϐλεπεν
3349 4132 3522 4201 ὅλως)ο
3553 4133 3884 4202 ὑπερηφανία

712 4240 810 4278 nec
855 4227 996 4279 enim
1041 4227 1115 4290 id,
1166 4226 1307 4295 quod
1343 4242 1617 4296 perperam
1654 4227 1850 4283 factum
1896 4240 2004 4294 est,
2045 4246 2247 4286 merces

716 4314 820 4366 ulla
870 4318 1233 4385 consequitur,
1292 4320 1505 4385 quando
1549 4334 1653 4373 non
1700 4322 1762 4373 ad
1804 4318 2117 4389 placendum
2161 4321 2243 4388 ei,

714 4401 805 4469 qui
830 4410 1003 4470 potest
1027 4407 1242 4471 praamia
1265 4408 1775 4473 rependere,.verum
1799 4410 1863 4463 ad
1889 4406 2244 4479 speetatorum

714 4494 924 4545 tandem
978 4506 1198 4561 scopus.
1233 4496 1451 4549 omnino
1495 4497 1834 4565 respiciebat;
1883 4502 2134 4571 superbia
2180 4504 2246 4557 ad

714 4583 978 4637 tumidum
1019 4580 1455 4637 fastum-attollit
1504 4599 1681 4651 sensa,
1724 4601 2042 4661 omnemque
2072 4593 2247 4645 homi-

715 4687 836 4726 nem
865 4679 1209 4750 contemnere
1238 4669 1415 4735 docet,
1448 4682 1500 4725 et
1526 4672 1684 4727 simul
1705 4675 2244 4748 despuere‘tanquam

715 4762 845 4814 viles
866 4775 1219 4830 quoscunque
1251 4759 1491 4829 ejusdem
1523 4765 1731 4831 generis
1751 4802 1766 4826 ,
1812 4766 1863 4819 in
1908 4768 2134 4821 sublime
2164 4778 2246 4822 at-

718 4847 854 4899 tollit
888 4854 1115 4901 mentem
1144 4846 1209 4901 ad
1239 4848 1548 4911 amentiam,
1580 4857 1632 4903 et
1655 4851 1941 4919 persuadet
1968 4861 2028 4905 ut
2060 4854 2247 4923 imagi-

715 4937 1287 5004 nenturazquatitatem
1325 4952 1447 4992 cum
1479 4936 1621 5005 Deo;
1655 4938 2037 5009 providentiam
2072 4951 2124 4993 et
2150 4958 2247 5010 gu-

710 5024 1079 5079 bernationem
1135 5026 1409 5092 melioris,
1466 5041 1559 5081 seu
1607 5026 1854 5082 Numinis
1908 5042 2015 5081 non
2058 5031 2245 5095 novit;

713 5112 929 5183 quando
978 5111 1163 5180 gratiis
1202 5113 1519 5181 perfruitur,
1567 5127 1776 5187 reputat
1835 5133 1956 5184 sese
2012 5118 2249 5187 recipere

714 5203 855 5271 quod
891 5200 1143 5270 operibus
1170 5199 1427 5270 debetur;
1469 5206 1559 5261 Dei
1597 5210 2021 5276 cooperationem
2060 5208 2114 5261 in
2168 5208 2248 5262 bis

714 5286 1007 5359 Qtl3.fa¢lt,
1028 5295 1091 5342 et
1120 5296 1267 5342 recte
1292 5292 1445 5369 gerit,
1476 5308 1580 5347 non
1610 5299 1721 5349 vult
1749 5312 2058 5367 agnoscere.
2092 5295 2247 5351 suill-

716 5380 942 5435 cientem
990 5395 1048 5435 se
1098 5378 1166 5433 ad
1215 5379 1382 5433 omne
1428 5378 1621 5437 bonum
1673 5396 1851 5441 censet
1896 5401 1925 5441 e
1963 5386 2245 5454 semetipsa

784 5571 829 5603 “
845 5572 997 5628 Rom.
1034 5577 1252 5642 1",,15.

2353 4225 2491 4295 πρὸς
2511 4224 2671 4291 ὗγκον
2696 4226 2908 4294 ἐπαίρει
2938 4224 2995 4275 τὸ
3026 4223 3292 4292 φρόνημα,
3316 4226 3671 4293 καταφρονεῖν
3701 4223 3882 4284 παντὸς

2352 4313 2637 4383 ἀνθρώπου
2665 4314 2920 4378 διδάσκει,
2951 4315 3046 4366 καὶ
3073 4313 3347 4367 διαπτύειν
3395 4314 3467 4375 ὼς
3496 4313 3706 4375 εὐτελὲς
3749 4312 3883 4367 ᾶπαν

2352 4403 2486 4472 ὁμοῦ
2545 4403 2605 4455 τὸ
2652 4403 2939 4472 ὁμόφυλον,
2987 4401 3299 4471 μετεωρίςει
3341 4402 3431 4453 τὸν
3470 4400 3726 4469 λογισμὸν
3752 4399 3883 4467 ,πρὸς

2353 4494 2635 4557 ἀπόνοιαν,
2680 4493 2910 4545 ίσοθεΐαν
2966 4492 3141 4543 πείθει
3182 4490 3567 4559 φαντάζεσθαι,
3641 4490 3881 4557 πρόνοιαν

2352 4583 2445 4635 καὶ
2474 4581 2791 4649 κηδεμονίαν
2821 4579 2912 4631 τοῦ
2943 4580 3258 4648 Κρείττονος
3285 4578 3383 4630 οὐκ
3412 4579 3716 4637 ἐπίσταται,
3741 4576 3879 4641 όφει·

2351 4669 2447 4739 λὴν
2476 4668 2651 4738 ἔργων
2676 4665 3076 4733 ἀπολαμϐάνειν
3102 4664 3369 4731 λογίζεται
3396 4658 3468 4717 ὧν
3498 4661 3752 4725 ἀπολαύει
3797 4681 3883 4730 χα-

2356 4759 2536 4829 ρίτων,
2573 4755 2857 4825 συνεργίαν
2886 4753 3017 4805 Θεοῦ
3052 4754 3107 4806 ὲν
3139 4748 3217 4815 οἷς
3250 4754 3473 4822 πράττει
3520 4754 3612 4805 καὶ
3647 4752 3883 4831 κατορθοῖ

2352 4847 2547 4901 ειδέναι
2579 4845 2638 4897 οὐ
2674 4843 2937 4912 βούλεται,
2964 4841 3239 4911 αὐτάρκης
3266 4843 3428 4911 ἑαυτῇ
3461 4842 3595 4911 πρὸς
3622 4844 3727 4895 πᾶν
3757 4846 3880 4907 ἀγα-

2352 4940 2442 5005 θὸν
2485 4933 2623 4990 εἶναι
2658 4934 2883 5003 νομίζει,
2928 4932 3101 4985 πάντα
3148 4934 3212 4999 τῇ
3267 4931 3437 4999 οἰήσει
3478 4931 3681 5000 ἰσχύειν
3725 4932 3877 4989 δοκεῖ.

2351 5028 2499 5082 οὐδὲν
2532 5024 2784 5095 ἰσχύουσα
2813 5021 2965 5085 ὅλως,
2996 5018 3271 5087 πομφόλυξ
3303 5020 3415 5071 ἐστὶ
3448 5019 3877 5088 ύπερωγκωμὲνη

2316 5099 2613 5185 ίύπολήψει
2658 5102 2877 5182 ματαία,
2925 5105 2991 5181 ἦς
3038 5108 3499 5177 διαπνευσθείσης,
3560 5108 3708 5159 οὐδὲν
3759 5104 3880 5159 οὖσα

2352 5205 2647 5275 ἐλέγχεται.
2692 5200 2982 5269 Πνεύματα
3011 5197 3217 5267 πονηρά
3258 5198 3325 5248 τὰ
3366 5197 3461 5266 μὲν
3500 5197 3733 5266 ἐχόμενα
3770 5193 3878 5265 τρί-

2354 5296 2466 5365 βου.
2512 5295 2689 5361 τίθησι
2735 5288 2995 5342 σκάνδαλα
3048 5291 3161 5350 τοῖς
3200 5286 3444 5339 δοκοῦσιν
3491 5285 3748 5355 εὐλόγοις,
3786 5284 3878 5359 τῆς

2351 5381 2601 5450 ἀληθείας
2631 5378 2927 5445 ἀπάγοντα,
2963 5375 3125 5445 ἔτερα
3158 5372 3401 5441 καθάπερ
3428 5376 3675 5440 πετηνοῖς
3718 5376 3772 5424 ὲν
3808 5370 3877 5446 τῷ
