4052 6336
187 325 306 386 Ῑθὶθ
922 324 1016 381 DE
1057 324 1528 382 VOLUNTARIA
1567 321 2054 382 P'AUPERTATE
2084 325 2180 381 AD
2205 319 2556 381 'MAGNMI.
3198 317 3330 380 1050
3361 367 3363 369 .

179 435 283 500 ἀέρι
324 432 724 484 διαπετάννυσιν
761 431 966 492 δὶκτυα.
1009 436 1132 495 τοὺς
1159 436 1334 501 ὀλίγον
1360 435 1466 487 τῶν
1493 435 1678 502 γηΐνωι

1795 448 1912 487 esse
1938 452 1952 498 ;
1987 434 2084 486 sibi
2115 433 2318 497 ridetur
2346 433 2519 483 omnia
2549 445 2724 498 posse,
2755 431 2916 482 nimia
2941 431 3331 484 existimatione

177 522 462 590 ὑψωθὲντας
499 522 704 589 βρόχων
741 523 851 582 τοῖς
892 522 1241 590 ὑπερέχουσιν
1278 526 1354 586 εἰς
1381 523 1678 586 ἀλαζονείαε.

1780 524 1881 584 sui,
1915 538 2036 576 cum
2069 522 2200 574 nihil
2229 521 2448 574 omnino
2475 522 2676 583 valeat;
2708 521 2848 572 bulla
2873 530 2956 574 est
3002 521 3161 573 nimia
3189 523 3329 573 mule

174 611 407 678 ἀγρεύειν
429 609 761 680 πειρώμενα.
1447 599 1449 602 ἀ

1780 612 1983 681 turgida
2029 625 2123 664 sua
2179 625 2242 662 ex
2304 609 2552 676 opinione
2612 608 2799 670 stulta,
2854 623 2970 676 qua:
3016 611 3328 668 exsulllata,

172 702 318 772 309
349 701 480 754 nihil
505 716 624 755 esse
649 703 906 771 arguitur.
949 702 1068 755 Mali
1098 703 1312 771 quidem
1347 704 1568 771 spiritus
1616 704 1690 757 illi
1728 704 1781 756 in
1848 702 2035 754 semita
2103 708 2498 754 commorautes
2529 705 2734 767 ponunt
2764 700 3073 752 ol‘l‘cndicula
3107 700 3206 761 bis,
3237 703 3327 768 qui

171 792 262 845 sibi
293 790 539 842 videntur
564 791 927 854 rationabiles,
975 799 1033 844 ut
1067 805 1161 844 eos
1187 806 1220 873 ρ
1270 793 1489 845 veritate
1514 791 1815 850 abducant,
1845 789 1935 840 alii
2001 787 2156 841 sicuti
2217 785 2543 848 volucribus,
2575 783 2635 838 in.
2688 801 2809 839 aere
2848 787 2979 839 retia
3003 788 3327 854 expandunt,

169 884 424 934 tentantes
456 879 614 946 paulo
642 893 670 930 a
700 879 924 932 terrenis
952 877 1211 932 exaltatos
1251 877 1455 946 laqueis
1483 876 2003 947 supereminentibus
2031 874 2096 927 ad
2127 874 2437 942 iactantiam
2467 874 2746 941 aucupari.

747 984 996 1046 ΚΕφΑΛ.
1033 982 1107 1036 Ξῖ.

238 1080 395 1148 Ἀλλα
429 1097 554 1157 τοὺς
591 1093 936 1164 ἐπουρανίους
951 1094 1314 1147 καταλαϐόντα
1364 1094 1578 1158 τόπους,
1615 1093 1689 1156 ὥς

172 1202 319 1253 φησιν
347 1184 373 1233 6
393 1182 695 1245 Παῦλος,τὰ
726 1182 1064 1247 πνευματικά
1084 1183 1180 1250 τῆς
1205 1181 1462 1250 πονηρίας
1497 1185 1552 1234 ὲν
1579 1185 1687 1244 τοῖς

168 1276 519 1344 ἐπουρανίοις,
550 1274 675 1334 τοὺς
700 1273 758 1324 τὸ
788 1272 1079 1342 πολίτευμα
1123 1271 1340 1342 ἔχοντας
1369 1275 1424 1325 ὲν
1455 1273 1682 1343 οὐρανῷ,

167 1367 274 1418 ἐκεῖ
298 1364 398 1416 τῶν
427 1368 521 1432 τῆς
564 1362 931 1431 ὑπερηφανίας
969 1361 1113 1424 ἐντὸς
1146 1361 1358 1427 ἀρκύων
1400 1361 1685 1430 πειρῶνται

166 1456 356 1507 λαϐεῖν·
396 1448 439 1521 ᾧ
488 1454 648 1507 πάθει
688 1454 776 1505 τὸν
817 1454 1026 1522 πρῶτον
1059 1452 1420 1519 ἀπονοηθέντα
1446 1449 1686 1502 διάϐολον

167 1544 445 1597 κατέϐαλον
472 1547 550 1606 εἰς
583 1545 680 1612 τὴν
711 1546 831 1612 γῆν,
863 1543 1032 1612 τούτῳ
1055 1543 1178 1604 τοὺς
1203 1540 1582 1603 ἀναϐαίνοντας
1609 1537 1685 1607 τῷ

167 1631 261 1700 βίῳ
287 1633 347 1682 ἐκ
384 1633 480 1699 τῆς
508 1632 680 1700 ἄκρας
721 1631 1000 1699 περιωπῆς
1030 1626 1394 1695 καταστρέψαι
1429 1639 1683 1694 πραγμα-

2369 979 2592 1035 CAPUT
2635 980 2742 1033 LX.

1860 1095 1963 1147 Alii
2012 1094 2250 1163 (scilicet
2297 1092 2547 1160 spiritus)
2601 1094 2836 1147 coelestia
2886 1098 2998 1150 loca
3037 1098 3328 1166 invadenda

1792 1184 1949 1251 (cum
1981 1185 2122 1246 sint,
2157 1194 2215 1236 ut
2246 1184 2318 1236 ait
2360 1181 2595 1245 Paulus,
2645 1182 2941 1248 spiritualia
2984 1188 3229 1253 nequitia:
3275 1189 3326 1239 in

1790 1274 2096 1327 cml‘estibus
2122 1274 2167 1304 ⁸⁸
2191 1273 2229 1340 ),
2275 1287 2367 1326 eos
2407 1274 2500 1340 qui
2536 1274 2998 1326 conversationem
3049 1277 3244 1328 habent
3274 1277 3325 1328 in

1789 1363 1939 1417 caelis
1963 1363 2030 1426 ⁸⁸,
2065 1362 2136 1416 ibi
2181 1362 2317 1414 intra
2346 1362 2608 1432 superbia:
2635 1364 2854 1415 reticula
2900 1379 3086 1431 capere
3126 1380 3327 1416 conan-

1790 1462 1914 1519 tur;
1965 1457 2069 1522 qua
2103 1454 2355 1521 passione
2384 1453 2744 1507 demeutatutn
2783 1455 3009 1523 primum
3053 1455 3322 1507 diabolum

1789 1542 2114 1613 prmcipitem
2171 1543 2476 1609 dejeeerunt
2539 1545 2590 1596 in
2645 1552 2859 1605 terram,
2918 1546 3015 1596 bac
3067 1559 3181 1607 eos,
3233 1544 3324 1610 qui

1789 1632 2086 1684 ascendunt
2113 1629 2239 1684 illtte
2262 1634 2384 1684 vita:
2411 1632 2563 1685 istius
2587 1646 2794 1699 genere,
2825 1647 2853 1684 c
2883 1647 3089 1684 summa
3114 1633 3324 1698 specula

151 1720 579 1789 ’τευόμενα.”οσα
592 1720 646 1771 δὲ
663 1720 902 1787 πολεμεῖ,
921 1718 1012 1770 καὶ
1029 1717 1299 1777 πυκτεύει,
1326 1715 1416 1767 καὶ
1439 1715 1678 1783 μάχεται,

1790 1729 1847 1772 ttt
1887 1721 2138 1773 deorsum
2193 1734 2407 1774 eversos
2456 1721 2754 1787 projiciaut,
2806 1721 3149 1773 contendunt.
3185 1720 3324 1785 Quot

166 1808 551 1879 παγκρατιάζει
591 1825 670 1869 τε,
714 1809 806 1860 καὶ
845 1807 1078 1866 παλαίει,
1125 1807 1216 1858 καὶ
1259 1804 1534 1873 συντρέχει
1568 1799 1684 1863 ’τοῖς

162 1897 448 1966 τρέχουσιν,
475 1897 572 1965 οὐχ
594 1897 678 1948 ἵνα
709 1897 822 1964 μετ’
843 1895 1018 1947 αὐτῶν
1046 1896 1135 1946 ἐπὶ
1155 1894 1214 1944 τὸ
1238 1891 1481 1961 βραϐεῖον
1507 1889 1681 1958 φθάσῃ

162 1991 256 2056 τῆς
277 1988 515 2048 κλίσεως,
547 1985 659 2036 ἀλλ’
695 1987 837 2045 ὅπως
876 1981 1297 2036 ὑποσκελίσαντα
1323 1979 1581 2049 ὲμποδίσῃ
1608 1977 1682 2046 τῷ

161 2075 351 2144 δρόμῳ,
380 2070 548 2123 πολλὰ
572 2070 718 2132 ὅντα,
746 2069 819 2131 ὡς
847 2069 937 2120 καὶ
959 2069 986 2119 6
1013 2067 1213 2126 Παῦλός
1242 2081 1392 2133 φησι,
1419 2063 1510 2114 καὶ
1535 2059 1686 2129 ποιῆ-

165 2179 246 2214 σαι
271 2162 345 2231 τῷ
367 2161 507 2229 λόγῳ
543 2160 712 2229 μῆκος
735 2159 1020 2224 δυνάμενα,
1053 2155 1277 2223 χαλεπὸν
1306 2151 1684 2221 ἀπαριθμήσα-

163 2251 274 2308 σθαι
302 2250 392 2302 καὶ
428 2251 487 2302 οὐ
519 2249 714 2319 ρᾴδιον,
748 2243 825 2307 οἷς
852 2248 898 2297 οἱ
927 2244 1213 2313 μαχόμενοι
1237 2240 1418 2309 καιρὸν
1440 2237 1682 2306 οὐδαμῶς

162 2333 388 2407 ἴσχουσιν
449 2338 694 2405 ἀσχολεῖν
735 2336 868 2405 πρὸς
906 2335 1064 2402 ἕτερα
1100 2332 1196 2400 τὴν
1220 2330 1447 2382 διάνοιαν
1469 2327 1679 2394 τῆςτυ-

158 2429 344 2497 χούσης
372 2426 690 2494 ἀπαγωγῆς,
715 2423 919 2481 τούτοις
944 2423 1038 2490 μὲν
1059 2422 1242 2488 ἥττης,
1273 2421 1381 2474 τοῖς
1402 2417 1456 2468 δὲ
1477 2415 1682 2484 ἐχθροῖς

159 2518 297 2582 νίκης
330 2517 615 2585 γινομένης
632 2515 823 2574 αίτίας.
857 2510 1072 2570 Τούτοις
1092 2505 1181 2560 οὖν
1210 2507 1490 2576 προσέχειν
1517 2508 1681 2570 ἀναγ-

160 2605 318 2665 καῖον,
353 2603 443 2655 καὶ
477 2601 550 2671 μὴ
616 2597 977 2668 περισπᾶσθαι
1020 2597 1152 2665 πρὸς
1202 2596 1268 2647 τὰ
1328 2591 1679 2660 συνεργοῦντα

159 2693 268 2744 καθ’
293 2691 446 2760 ἡμῶν
475 2692 588 2750 τοῖς
623 2683 949 2751 ἀντιπάλοις.
989 2685 1050 2736 '0
1100 2682 1204 2752 γὰρ
1234 2682 1297 2734 ἄν
1339 2698 1420 2742 τις
1465 2678 1679 2745 λογίση-

155 2795 239 2830 ται
286 2777 390 2832 τῶν
427 2778 502 2846 μὴ
533 2775 919 2828 συντελούντων
952 2773 1082 2841 πρὸς
1111 2772 1208 2838 τὴν
1245 2769 1541 2838 γυμνασίαν
1584 2767 1679 2834 τῆς

156 2867 411 2936 ἡμετέρας
441 2865 734 2934 ἀθλήσεως,
765 2862 921 2916 τοῦτο
949 2862 1084 2930 λαϐὴ
1122 2863 1229 2921 τοῖς
1258 2859 1517 2919 ἐναντίοις
1545 2857 1678 2919 ἐστὶ,

159 2950 578 3019 μεσολαϐούντων
615 2952 778 3018 ἡμᾶς,
810 2949 902 3001 καὶ
946 2949 1045 3014 ἔξω
1071 2948 1365 3016 βαλλόντων
1397 2945 1484 2996 τοῦ
1515 2944 1682 3011 σκάμ⁴

1786 1821 1909 1861 vero
1937 1808 2284 1877 belligerant,
2312 1818 2364 1862 et
2394 1818 2649 1877 pugnant,
2682 1820 2732 1861 ct
2757 1809 3048 1871 decertant,
3085 1818 3138 1861 et
3176 1825 3324 1862 excr-

1784 1906 1906 1951 ecnt
1929 1913 1985 1952 se
2007 1899 2151 1951 omni
2177 1898 2487 1961 certamine,
2512 1909 2564 1951 et
2591 1900 2880 1962 luctantur,
2911 1908 2964 1951 et
2989 1907 3322 1952 concurrunt

1785 2001 1909 2040 eum
1937 1987 2297 2048 currentibus,
2335 2003 2439 2041 non
2476 1997 2531 2039 tit
2561 2003 2680 2041 cum
2709 1987 2840 2055 ipsis
2867 1989 3146 2055 praemium
3179 1988 3319 2040 obti-

1785 2081 1946 2125 neant
1996 2071 2326 2138 vocationis,
2379 2075 2469 2127 sed
2505 2083 2561 2126 ttt
2591 2089 2681 2127 eos
2713 2076 3104 2142 supplantando
3153 2077 3321 2142 impe-

1781 2161 1930 2218 diant
1958 2176 1986 2212 a
2020 2176 2210 2226 cursu;
2247 2177 2366 2215 cum
2399 2162 2548 2214 multi
2583 2162 2840 2215 exsistant
2871 2163 2975 2231 (uti
3028 2173 3080 2215 et
3123 2161 3320 2217 Paulus

1781 2249 1858 2301 ait
1881 2249 1954 2316 ⁸⁷)
1985 2258 2041 2302 et
2069 2251 2334 2316 prolixum
2371 2264 2672 2302 sermonem
2701 2250 2912 2316 exigere
2942 2250 3167 2316 possint,
3201 2263 3319 2300 mo-

1783 2336 1977 2391 lestum
2011 2348 2118 2400 cst,
2151 2355 2246 2392 nec
2271 2339 2390 2392 illos
2416 2339 2568 2392 facile
2592 2339 2950 2401 dinumerare,
2983 2354 3102 2391 eum
3128 2337 3319 2404 quibus

1781 2438 2082 2497 pugnantes
2115 2445 2448 2498 nequaquam
2493 2429 2666 2481 valent
2698 2443 2958 2496 occupare
2991 2435 3218 2479 mentem
3263 2425 3321 2478 in

1781 2517 1904 2571 aliis
1934 2519 2116 2580 rebus,
2151 2535 2284 2586 quas
2312 2520 2428 2570 talis
2460 2517 2750 2585 requireret
2779 2501 3062 2586 tibductio;
3097 2527 3212 2580 (tua:
3237 2512 3318 2563 bis

1782 2608 1997 2674 quidem
2026 2624 2188 2661 causa
2219 2607 2356 2661 foret
2383 2602 2568 2667 cladis,
2599 2604 2827 2657 inimicis
2857 2597 3032 2655 autem
3062 2601 3313 2665 vieto-rint.

1778 2694 1857 2747 Ad
1904 2696 2016 2748 haec
2051 2695 2213 2762 igitur
2243 2698 2513 2748 attendere
2545 2691 2819 2745 ncet-ssum
2859 2700 2958 2754 est,
2999 2706 3167 2756 neque
3209 2690 3318 2741 dis-

1780 2780 1924 2852 trahi
1947 2781 2011 2834 ad
2044 2797 2127 2846 ea,
2161 2798 2280 2849 qua:
2308 2789 2491 2835 contra
2531 2796 2630 2842 nos
2682 2779 3002 2832 adversariis
3032 2792 3319 2845 coeperant-

1781 2877 1901 2934 tur;
1930 2872 2068 2939 quod
2094 2872 2234 2924 enim
2264 2881 2450 2925 censet
2481 2870 2673 2937 aliquis
2706 2883 2823 2922 esse
2846 2884 2908 2920 ex
2939 2867 3025 2930 iis,
3054 2882 3169 2934 qua:
3190 2865 3318 2918 nihil

1783 2959 2070 3012 conferunt
2101 2961 2166 3014 ad
2199 2962 2630 3014 exercitationem
2657 2959 2825 3012 nostri
2855 2957 3180 3019 certaminis,
3217 2955 3317 3008 hoc

157 3055 329 3106 ματος,
365 3040 501 3104 ὅπερ
535 3041 624 3090 καὶ
662 3040 810 3101 αὐτὸ,
851 3040 897 3090 εί
930 3039 1020 3090 καὶ
1051 3035 1126 3106 μὴ
1155 3036 1367 3102 πτῶμα,
1402 3031 1512 3085 ἀλλ’
1538 3035 1678 3101 ὅμως

1787 3048 1850 3099 ad
1887 3047 2293 3112 prchettsionctu
2327 3048 2570 3101 hostibus
2600 3057 2680 3100 est
2710 3057 2890 3114 aptum
2913 3085 2928 3109 ,
2966 3060 3071 3112 quo
3117 3058 3219 3097 nos
3261 3043 3315 3095 in

152 3121 283 3196 ἦττά
312 3128 924 3197 ὲστι,παρασαλευθῆναι
954 3124 1052 3196 τῆς
1082 3123 1438 3193 βεϐαιότητος,
1472 3123 1561 3174 καὶ
1586 3123 1674 3188 ἀφ’

153 3210 226 3270 ὧν
260 3218 358 3269 ἔδει
396 3217 695 3286 φροντίζειν
721 3217 984 3284 ἐξωθῆναι
1020 3215 1110 3266 ἐπὶ
1147 3214 1214 3265 τά
1235 3213 1498 3281 ’μηδαμῶς
1530 3229 1676 3280 μερι-

156 3307 378 3374 μνᾶσθαι
398 3307 695 3372 ὀφείλοντα·
729 3304 934 3371 ἐπειδὴ,
959 3300 1276 3369 δικαζοΰσης
1307 3299 1577 3367 ἀληθείας,
1603 3300 1674 3362 ὼς

151 3393 209 3445 ὲν
238 3391 380 3455 ὕλαις
409 3395 442 3461 ἡ
473 3394 731 3462 ἐνέργεια,
758 3391 926 3451 οὕτως
948 3391 1002 3440 έν
1034 3388 1246 3457 βουλαῖς
1272 3391 1298 3440 ὁ
1326 3394 1399 3462 μὴ
1426 3387 1674 3454 καθήκων
1703 3465 1710 3469 ἱ

151 3481 391 3550 λογισμὸς
418 3477 555 3552 ἧττα
612 3481 706 3531 καὶ
734 3478 929 3546 πτῶμά
954 3480 1086 3530 ἐστι.
1112 3479 1204 3528 Διά
1235 3478 1405 3542 τοῦτο,
1433 3478 1674 3544 λογισμοὶ

141 3568 358 3622 δικαίων
377 3569 636 3637 κρίματω
666 3568 964 3636 κυϐερνῶσι
998 3567 1051 3619 δὲ
1086 3568 1170 3618 καὶ
1198 3567 1412 3628 ἀσεϐεῖς
1442 3566 1619 3627 δόλους
1658 3582 1669 3594 ο

150 3661 195 3711 oi
235 3661 327 3728 μὲν
358 3658 648 3729 βεϐηκότες
708 3660 763 3710 ἐν
805 3658 879 3726 τῷ
919 3657 1104 3726 ἁγαθῷ
1148 3657 1499 3725 κεκριμένως,
1529 3658 1576 3707 οἱ
1620 3657 1674 3708 δὲ

152 3751 278 3818 πρὸς
305 3748 363 3801 τὸ
387 3749 554 3801 κακὸν
581 3749 824 3810 εὐκόπως
857 3748 1210 3814 οἰακιζόμενοι
1245 3747 1392 3816 παρὰ
1427 3745 1518 3799 τοῦ
1545 3749 1677 3814 πρὸς

149 3839 204 3890 τὸ
233 3838 587 3908 προκείμενον
606 3839 880 3898 ποικίλαις
913 3836 1150 3905 μεθόδοις
1186 3836 1549 3904 κυϐερνῶντος
1589 3835 1676 3889 τὸν

146 3925 304 3988 δόλον,
337 3926 412 3992 πῆ
448 3924 546 3992 μὲν
574 3918 694 3994 ὦᾷε,
727 3923 880 3992 eqs:
910 3924 1102 3984 ἐκεῖσε,
1133 3922 1366 3990 συνεχῶς
1392 3923 1676 3990 τρέποντος

147 4013 209 4064 τὰ
237 4011 841 4080 βουλεύματαικαθάπερ
873 4011 1041 4061 ἱστίου
1075 4009 1388 4078 μεταϐολαῖς
1414 4010 1677 4072 ίθύνοντος

146 4096 241 4154 τοῦ
261 4101 443 4154 πλοίου
479 4100 568 4151 τὸν
609 4101 804 4169 δρόμον
857 4099 989 4169 πρὸς
1020 4097 1110 4161 οὓς
1141 4098 1382 4168 ἐξορμῶν
1424 4097 1676 4168 προέθετο

145 4185 378 4254 λιμένας.
405 4172 502 4240 Διά
529 4186 682 4238 τοῦτο
707 4188 734 4238 6
763 4188 858 4255 μέν
888 4202 1037 4253 φησιι
1077 4205 1093 4236 ι
1137 4186 1343 4254 Καρδία
1378 4185 1565 4254 ἀνδρὸς
1591 4186 1676 4237 λο-

147 4275 372 4342 γιζέσθω
395 4276 599 4344 ρξκαια,
632 4277 716 4327 ἵνα
743 4267 845 4328 ὑπὸ
873 4274 1002 4326 Θεοῦ
1028 4274 1287 4342 διορθωθῇ
1320 4274 1388 4325 τὰ
1409 4273 1675 4341 διαϐήμα-

1788 3133 1963 3185 medio
1997 3148 2155 3188 cursu
2190 3134 2548 3202 intercipiant,
2582 3142 2638 3199 et.
2665 3143 2810 3193 extra
2844 3132 3041 3204 iussam
3070 3146 3162 3185 seu
3192 3144 3315 3194 Kra-

1776 3224 1897 3274 tfu-n
1946 3221 2225 3289 dejiciant;
2270 3225 2412 3291 quod
2447 3224 2688 3290 equidem
2730 3221 2887 3289 310
2924 3221 3168 3287 quamvis
3210 3233 3313 3270 non

1781 3310 1847 3361 sit
1883 3310 2082 3376 lapsus,
2116 3321 2346 3363 attamen
2381 3309 2664 3362 inferiores
2694 3318 2818 3362 sunt
2843 3301 3037 3376 partes,
3069 3308 3315 3374 aliquan-

1777 3395 1888 3449 tum
1929 3397 2134 3452 scilicet
2161 3400 2374 3451 concuti
2421 3413 2447 3450 a
2494 3399 2661 3465 prima
2705 3396 2988 3456 ﬁrmitate.
3024 3406 3077 3448 et
3121 3397 3187 3448 ab
3229 3397 3313 3455 iis,

1775 3504 1895 3556 qum
1925 3503 2112 3542 curare
2161 3487 2533 3540 debuissemus
2579 3485 2808 3546 extrudi,
2849 3492 2904 3537 et
2941 3483 3097 3550 dejici
3133 3484 3195 3535 ad
3229 3498 3312 3543 ea,

1773 3579 1838 3632 de
1896 3579 2090 3645 quibus
2137 3578 2292 3632 nobis
2347 3577 2490 3630 nulla
2537 3575 2691 3628 debet
2746 3589 2863 3627 esse
2957 3571 3291 3632 sollicitudo;

1778 3666 2235 3734 quandoquidem,
2276 3667 2318 3718 si
2348 3663 2771 3720 controversiam
2809 3661 3002 3714 veritas
3033 3661 3312 3727 disceptet,

1775 3753 1914 3806 sicut.
1947 3753 1997 3802 in
2030 3752 2264 3805 materiis
2297 3752 2568 3818 Operatio,
2615 3750 2686 3800 ita
2733 3748 2785 3798 in
2827 3746 3189 3798 voluntatibus
3233 3745 3315 3795 in-

1775 3838 2103 3890 conveniens
2149 3837 2404 3904 cogitatio
2449 3846 2533 3889 est
2565 3834 2849 3886 diminutio
2883 3840 2932 3885 et
2971 3847 3150 3886 casus.
3195 3831 3312 3884 Iden

1775 3925 2131 3995 cegitalioncs
2161 3924 2423 3991 iustorum
2465 3922 2664 3990 judicia
2703 3919 2939 3987 dirigunt
2970 3939 2980 3973 :
3014 3921 3313 3987 gubernant

1775 4028 1902 4066 vero
1932 4022 1983 4066 et
2015 4014 2163 4080 impii
2195 4013 2345 4066 dolos
2375 4012 2440 4064 ⁸⁸.
2488 4009 2650 4062 Primi
2678 4010 2890 4077 quidem
2922 4009 3010 4061 ubi
3039 4023 3314 4077 processe-

1775 4103 1884 4154 rint
1916 4102 2152 4155 adhibito
2176 4101 2382 4168 judicio
2416 4101 2468 4152 in
2500 4099 2677 4160 bono;
2713 4095 2932 4149 secundi
2958 4110 3084 4150 vero
3111 4097 3173 4148 ad
3199 4113 3314 4148 ma-

1776 4194 1885 4245 lum
1919 4190 2107 4250 facile,
2147 4191 2298 4258 quasi
2335 4187 2694 4256 gubernaculo
2723 4187 2972 4250 admoto,
3025 4186 3212 4238 directi
3247 4188 3313 4239 ab

1774 4288 1868 4337 eo,
1922 4276 2012 4343 qui
2040 4275 2329 4328 secundum
2370 4274 2594 4328 subiecti
2645 4273 2916 4325 materiam
2947 4274 3111 4326 variis
3145 4275 3314 4326 modis

145 4379 205 4414 τα
223 4361 383 4414 αὑτοῦ
411 4376 425 4392 ⁸
458 4381 475 4411 ι
510 4363 537 4414 6
566 4362 642 4422 δὲ,
681 4381 699 4412 ι
731 4362 795 4412 El
819 4379 901 4423 τις
940 4362 1126 4430 ἀρετὴ,
1155 4363 1247 4413 καὶ
1273 4362 1325 4411 at
1355 4378 1437 4423 τις
1460 4362 1674 4425 ἔπαινος

1780 4367 1959 4424 dolum
1985 4373 2198 4418 struens
2230 4372 2470 4430 apparat,
2505 4372 2558 4416 et
2580 4363 2919 4430 aliquatenus
2947 4364 3161 4431 quidem
3188 4363 3311 4422 huc,

147 4452 308 4524 ταῦτα
341 4451 635 4519 λογίζεσθε.
677 4470 693 4501 ι

1780 4456 2115 4522 aliquatenus
2141 4453 2265 4516 alio,
2300 4451 2515 4506 assidue
2543 4463 2720 4505 autem
2767 4453 2992 4507 consilia
3035 4453 3213 4514 vertit,
3246 4452 3309 4502 ad

148 4542 308 4596 ithIar
334 4542 433 4596 veli
488 4542 762 4610 dirigentis
802 4556 1015 4594 cursum
1070 4542 1265 4608 navigii
1295 4530 1426 4611 ‘pro
1490 4543 1878 4598 mutatioaibus
1935 4543 1999 4595 ad
2061 4556 2174 4606 eos,
2215 4557 2349 4610 quos
2391 4542 2604 4596 solvens
2647 4556 2678 4595 e
2714 4543 2943 4596 statione
2988 4541 3084 4596 sibl
3118 4553 3310 4608 prapo—

147 4635 343 4699 suerit,
389 4639 612 4702 portus;
668 4633 784 4686 ideo
814 4632 960 4695 dicit,
993 4633 1200 4702 primus
1226 4632 1478 4700 quidem:
1519 4652 1535 4684 ι
1570 4633 1676 4687 Cor
1713 4633 1942 4685 hominis
1967 4631 2108 4698 justa
2140 4632 2334 4697 cegitct
2359 4669 2372 4693 ,
2414 4642 2475 4685 ut
2518 4647 2545 4684 a
2575 4625 2696 4685 'Deo
2760 4635 2971 4701 gressus
3034 4628 3149 4697 ejus
3179 4626 3320 4680 diri-

148 4729 330 4788 gantur
358 4722 443 4787 ⁸’;
486 4738 505 4770 ι
545 4721 680 4773 alter
711 4733 874 4773 vero:
912 4737 929 4769 ι
962 4719 1018 4774 Si
1048 4736 1149 4788 qua
1185 4722 1371 4783 virtus,
1407 4731 1459 4774 et
1488 4721 1532 4774 si
1562 4736 1666 4789 qua
1701 4721 1817 4772 laus
1841 4717 2157 4785 disciplima,
2191 4720 2289 4772 ista
2319 4721 2546 4789 cogitate
2571 4722 2636 4774 °°.
2674 4739 2691 4770 ι
2720 4765 2723 4767 .

711 4831 955 4884 ΚΕΦΑΛ.
988 4831 1105 4883 ΞΑ⁹.

207 4914 300 4980 οἷς
325 4919 389 4986 δὴ
415 4919 690 4987 λογισμοῖς
727 4919 1021 4988 κεχρῆσθαι
1060 4919 1396 4984 διδάσκοντες
1421 4911 1552 4983 ’τοὺς
1582 4920 1670 4974 εὖ·

144 5022 330 5061 τακτον
357 5005 500 5074 ἔχειν
532 5004 880 5074 βουλομένους
905 5006 1011 5059 τῶν
1036 5007 1301 5076 ὲνθυμίων
1342 5010 1428 5062 τὸν
1453 5010 1664 5078 δρόμον·

144 5096 309 5159 οὕτως·
355 5097 384 5147 6
410 5094 590 5147 Δαϐὶδ
627 5097 753 5147 ποτὲ
795 5097 891 5164 μὲν
923 5098 1126 5165 ἔλεγεν,
1161 5117 1178 5147 ι
1214 5100 1277 5152 Ἠ
1330 5085 1524 5168 μέλέτη
1573 5097 1668 5165 τῆς

145 5186 358 5258 καρδίας
386 5201 492 5256 μου
526 5184 754 5245 σύνεσιςο
784 5204 802 5236 ›
834 5187 960 5238 ποτὲ
985 5188 1061 5250 δὲ,
1104 5205 1122 5238 ι
1161 5189 1450 5258 Μελετήσω
1477 5190 1534 5238 ἐν
1559 5192 1669 5258 τοῖς

144 5272 459 5343 δικαιώμασί
489 5289 580 5325 σου
611 5273 696 5326 διὰ
721 5272 934 5333 παντός·
976 5291 994 5324 ι
1038 5275 1130 5327 καὶ
1160 5276 1336 5339 πάλιν,
1377 5292 1394 5324 ι
1427 5274 1662 5342 Μελετή.

140 5382 216 5418 σω
248 5365 300 5415 ὲν
324 5365 456 5416 πᾶσι
480 5366 592 5426 τοῖς
614 5363 788 5433 ἔργοις
806 5380 909 5414 σου
941 5366 1032 5426 καὶ
1058 5367 1114 5416 ἐν
1143 5367 1251 5426 τοῖς
1282 5363 1666 5432 ἐπιτηδεύμασί

2327 4829 2550 4886 CAPUT
2595 4828 2725 4882 LXI.

1829 4911 1936 4973 'Ilis
1969 4920 2146 4988 itaque
2172 4908 2584 4990 cogitationibus
2614 4919 2813 4970 docent.
2838 4915 2912 4968 uti
2946 4915 3140 4968 debere
3169 4915 3303 4978 illos,

1773 5009 1863 5078 qui
1892 5026 2111 5064 cursum
2142 5009 2560 5063 iutellectionum
2596 5008 2730 5058 bene
2780 5003 3082 5057 ordinatum
3132 5013 3307 5058 tenere

1770 5101 1985 5166 volunt;
2027 5099 2110 5155 sic
2148 5099 2311 5151 David
2346 5109 2724 5163 nonnunquam
2750 5085 3016 5164 equidem
3061 5095 3261 5148 dicebat
3292 5112 3304 5146 τ

1779 5205 1798 5238 ι
1845 5187 2115 5242 Mcdilalio
2163 5186 2341 5239 cordis
2383 5184 2483 5236 mei
2532 5186 2812 5252 prudentia
2839 5186 2924 5248 ’1;
2969 5201 2986 5230 I
3039 5181 3301 5233 interdum

1773 5294 1899 5332 vero
1941 5296 1961 5330 ι.
1988 5296 2005 5327 ι
2066 5274 2363 5328 Meditabor
2409 5273 2461 5326 in
2510 5275 2977 5342 justiﬁeationibus
3019 5271 3123 5324 tuis
3168 5287 3296 5324 sein-

1772 5384 1865 5437 per
1889 5370 1971 5431 ";
2014 5385 2030 5416 ι
2076 5378 2236 5434 atque
2276 5380 2503 5420 rursus:
2552 5384 2568 5417 ι
2621 5365 2914 5419 Meditabor
2955 5362 3006 5414 in
3057 5362 3305 5418 omnibus

207 5517 253 5548 ⁸⁸
279 5514 468 5582 Ephes.
501 5531 570 5579 Vl,
607 5516 690 5569 l2.
765 5517 809 5547 ³⁸
838 5515 1063 5584 Philipp.
1100 5530 1176 5576 Ill,
1208 5515 1294 5568 20.
1369 5514 1411 5546 ⁸⁷
1454 5516 1492 5570 11
1523 5518 1657 5574 'l'im.

1786 5518 1865 5577 l6.
1902 5518 1984 5569 l7.
2062 5518 2104 5548 ⁸⁸
2143 5517 2298 5571 Prov.
2335 5535 2394 5584 tt,
2431 5519 2576 5574 5-l5.
2653 5516 2695 5547 ⁸³
2731 5514 2885 5568 Prov.
2920 5531 3000 5578 ιιι,
3025 5513 3224 5580 ὅςιγι,
3253 5514 3303 5571 9.

147 5589 186 5622 ιι
223 5584 448 5649 philipo,
485 5600 554 5660 ιντ
584 5585 635 5638 8,
710 5585 749 5614 ἰ
781 5583 919 5636 Psal.
958 5598 1136 5640 3mm.
1163 5589 1194 5641 4
1225 5602 1236 5648 ;
1274 5584 1408 5638 l’sal.
1450 5604 1595 5642 ιιι-ιιι.
1628 5591 1710 5642 15.

1788 5590 1830 5619 ν’
1867 5586 2004 5639 Psal.
2037 5601 2216 5646 eum,
2255 5587 2333 5640 ιϐ.
