4052 6336
177 249 420 352 ιθιδῃ

912 290 1008 353 DE
1035 292 1515 354 VOLUNTARIA
1545 292 2030 353 PAUPERTATE
2059 241 2158 353 AD
2189 265 2550 360 ΜίλωνιΜέ

3184 290 3317 356 1054

175 421 199 452 ε
225 401 303 472 Μὴ
335 400 433 475 ἐμὲ
457 394 548 454 οὖν
567 384 949 474 φοϐηθήσισοε,
974 405 1113 474 λέγει
1138 407 1355 478 Κύριος,
1390 409 1423 478 ἢ
1471 409 1564 482 καί
1591 407 1694 460 ἀπὸ

1785 406 1863 460 ’ὃά
1907 407 2300 475 reprimendum
2347 401 2532 461 eorum
2599 404 3036 469 intumescentem
3074 403 3314 479 fastum,

166 489 260 545 τοῦ
282 489 569 560 προσώπου
597 507 696 560 μου
728 493 826 546 οὐκ
853 494 1300 566 εὐλαϐηθήσεσθε,
1331 497 1422 551 τὸν
1450 497 1687 560 τάξαντα

166 582 340 648 ἄμμον
360 580 504 648 ὅριον
521 581 587 648 τῇ
614 580 852 652 θαλάσσῃ
872 585 1191 654 πρόσταγμα
1212 586 1440 650 αίώνιον,
1478 587 1570 638 καὶ
1592 587 1686 654 οὐχ

167 666 522 736 ὑπερϐήσεται
543 667 705 751 abre};
734 669 811 738 τῷ
839 671 894 722 δὲ
919 661 1028 740 λαῷ
1048 672 1219 742 τούτῳ
1238 675 1465 749 ἐγενήθη
1494 673 1687 743 καρδία

153 757 401 826 ἀνήκοος,
427 758 522 809 καὶ
545 746 790 839 ὰιέτιιιθής⁸
828 777 847 810 ι
885 761 960 829 τῷ
996 763 1120 831 περὶ
1151 746 1563 834 τδπρόσταγμα
1591 763 1686 831 (pd-

165 844 247 914 σῳ
269 843 357 896 τοῦ
377 844 874 917 ἀψύχουζστοιχείου
901 848 1137 910 εὐλαϐεῖς
1157 850 1322 906 ποιῶν
1345 851 1538 912 αὐτοὺς
1567 850 1687 921 περὶ

163 933 262 1002 τὴν
291 933 529 1003 φυλακήν
559 934 666 987 τῶν
693 936 935 997 ἐντολῶν,
975 938 1069 989 οἴνα
1095 938 1168 999 ὡς
1204 938 1264 989 τδ
1291 939 1502 992 πόντιον
1541 938 1686 1007 κῦμα

160 1023 230 1074 ὲκ
258 1021 514 1088 πελάγους
544 1021 849 1090 ὠθούμενον
879 1027 944 1093 τῇ
985 1023 1078 1092 βίᾳ
1109 1023 1201 1075 τοῦ
1238 1023 1560 1093 πνεύματος,
1595 1027 1688 1076 καὶ

163 1106 301 1158 κατὰ
329 1107 515 1176 μικρὸν
535 1108 886 1177 ἀνιστάμενον
911 1108 1046 1177 πρὸς
1066 1109 1125 1160 τὸ
1153 1108 1379 1178 μέγεθος
1407 1108 1572 1179 ὀρέων
1596 1111 1688 1176 ἑφ-

161 1195 379 1264 άμιλλον
425 1194 540 1262 ἅμα
586 1194 664 1262 τῷ
699 1194 986 1264 πλησιάσαι
1018 1197 1084 1264 τῇ
1126 1197 1397 1265 αίγιαλείᾳ
1451 1195 1682 1264 ψάμμῳ,

161 1283 244 1342 είς
262 1281 491 1332 τούπίσω
519 1281 677 1334 πάλιν
699 1271 1076 1359 ἀνακλώμενον
1110 1284 1431 1353 ὑποστρέφει
1463 1286 1550 1335 τὸν
1568 1286 1688 1354 ὅρον

160 1369 468 1435 αἰδούμενον
517 1370 610 1422 τοῦ
655 1369 1004 1440 πεδήσαντρξ,
1034 1372 1173 1425 οὕτω
1204 1359 1379 1426 πᾶσαν
1430 1375 1687 1442 ὲπέχωσιν

159 1457 340 1509 ἄδικον
363 1456 534 1527 ὁρμὴν
580 1459 630 1509 oi
673 1457 895 1525 λογικοὶ,
935 1459 1028 1511 καὶ
1072 1458 1212 1527 λόγῳ
1237 1461 1688 1528 προστεταγμένοι

160 1547 337 1597 πᾶσαν
365 1545 608 1608 κολάζειν
649 1537 940 1614 ὲνθύμὴσιν
981 1547 1310 1617 παράνομον,
1337 1548 1427 1599 καὶ
1462 1548 1690 1616 μάλιστα

136 1633 324 1702 ’ςύφον
352 1635 627 1706 πεπαίνειν
680 1635 884 1703 ἀλόγως
913 1635 1260 1704 σηκούμενον,
1304 1637 1528 1705 μιμήσει
1561 1635 1689 1703 γοῦν

1784 492 1907 546 dum
1965 495 2158 548 asserit
2206 511 2220 546 :
2266 510 2285 544 ι
2334 493 2412 548 Me
2463 493 2624 562 igitur
2672 507 2774 547 non
2820 492 3072 546 timebitis
3116 488 3319 562 (inquit

1735 578 1738 582 λ
1785 582 2081 652 Dominus)
2112 591 2206 637 aut
2231 582 2425 637 faciem
2456 597 2625 636 meam
2662 595 2768 635 non
2803 582 3190 644 reverebimini,
3221 582 3313 650 qui

1785 671 2023 723 ordinavi
2054 685 2271 726 arenam
2305 672 2591 725 terminum
2632 671 2798 725 maris
2826 669 3140 739 praeept'um
3175 685 3319 725 scm-

1784 760 2070 826 piternum,
2109 767 2160 813 et
2189 776 2292 814 non
2330 761 2757 828 supergredietur
2780 760 2965 813 illum?
2989 758 3188 827 Populo
3214 773 3314 811 au-

1785 858 1888 903 tem
1914 850 2002 903 isti
2029 849 2225 904 factum
2245 859 2323 904 est
2339 865 2428 903 cor
2453 849 2759 903 inobediens
2779 858 2832 902 et
2855 848 3185 904 ineredulum
3197 847 3262 913 ";
3288 866 3310 898 ι

1790 936 1868 989 sic
1905 945 2051 989 metu
2084 935 2360 989 inanimati
2402 941 2760 1007 exyraaeepto
2796 930 3044 985 elementi
3094 930 3316 984 reddens

1788 1040 1880 1079 eos
1921 1035 2110 1079 cautos
2141 1025 2282 1078 circa
2330 1024 2758 1098 observationem
2799 1015 3202 1083 mandatorum,
3256 1025 3318 1072 ut

1786 1112 2230 1180 quemadmodum
2264 1114 2456 1166 ﬂuctus
2492 1111 2731 1164 marinus
2772 1124 2802 1162 e
2844 1108 3028 1177 pelago
3055 1106 3317 1175 impulsus
3418 1178 3421 1181 _

1791 1200 2039 1272 violentia
2063 1201 2312 1268 spiritus,
2353 1210 2408 1255 et
2437 1201 2692 1269 paulatim
2723 1208 2931 1254 erectus
2954 1199 3021 1267 ad
3047 1197 3317 1267 magnitu-

1786 1289 1960 1342 dinem
1979 1292 2236 1344 montium
2259 1290 2633 1356 aemulatricem
2650 1330 2665 1354 ,
2687 1289 2841 1358 313
2863 1286 3020 1342 simul
3041 1301 3102 1340 ac
3127 1300 3318 1354 appro-

1790 1375 2018 1447 Pi'lqhat
2041 1393 2214 1432 arena:
2237 1380 2461 1434 littureaa
2497 1393 2844 1452 repercussus
2871 1376 3196 1432 convertitur
3221 1375 3318 1426 de-

1787 1482 1894 1520 nuo
1939 1476 2082 1520 retro
2125 1469 2383 1530 reveritus
2409 1469 2525 1535 ejus
2563 1477 2781 1530 metam,
2819 1482 2849 1519 a
2879 1480 2991 1531 quo
3015 1463 3166 1533 quasi
3195 1474 3318 1517 cum

1787 1557 2134 1622 compedibus
2182 1555 2284 1610 fuit
2329 1557 2582 1610 astrictus
2625 1574 2640 1609 :
2676 1557 2771 1608 ita.
2805 1568 3016 1605 omnem
3064 1552 3318 1620 iniustum

1789 1646 2088 1714 reprimant
2110 1645 2364 1713 impetum
2393 1643 2719 1712 qui—ratione
2750 1650 2993 1705 utuntur,
3020 1650 3073 1692 et
3098 1640 3195 1705 illi,
3225 1640 3318 1707 qui

159 1722 271 1775 τῶν
286 1724 615 1793 ἀναισθήτων
633 1725 786 1776 τοῦτο
814 1724 1152 1793 πράττοντες,
1185 1726 1315 1795 ὅπερ
1341 1726 1451 1799 ’καὶ
1474 1725 1686 1793 νομοθε-

1794 1751 1821 1790 a
1850 1737 2057 1791 ratione
2083 1736 2435 1805 imperantur,
2476 1749 2690 1802 pravam
2712 1747 2917 1786 omnem
2943 1731 3314 1798 cogitationem

160 1812 282 1875 σίας
322 1813 474 1877 ἐκτὸς
528 1812 939 1886 ὤφειλονι(αὐτδ
984 1814 1311 1884 λογιζόμενοι
1364 1817 1422 1868 τὸ
1465 1815 1688 1883 δίκαιον)

163 1902 414 1972 πράττειν
473 1902 774 1973 αὐθαιρέτῳ
829 1905 1024 1973 κρίσει,
1079 1905 1214 1972 ὅπερ
1279 1899 1346 1972 ἦν
1408 1903 1688 1974 ἐλευθέρου

158 1990 349 2061 δεῖγμα
409 1994 767 2062 φρονήματος,
833 1993 1227 2061 αὐτοκελεύστῳ
1283 1992 1473 2073 γνώμῃ
1537 2010 1689 2062 κινη-

1789 1827 2071 1891 castigare.
2114 1826 2347 1879 maxime
2390 1824 2584 1879 fastum
2615 1837 2854 1892 premere
2884 1819 3318 1874 irrationabiliter
3403 1818 3410 1822 ’

1788 1913 2007 1975 elatum,
2044 1913 2440 1966 insensibilium
2472 1912 2658 1964 saltem
2687 1909 2983 1969 imitatione
3003 1908 3054 1974 id
3078 1915 3313 1976 agentes,

1786 2003 1930 2081 quod
1952 2002 2112 2055 etiam
2142 2010 2332 2070 praeter
2357 2001 2742 2070 legislationem
2764 1998 3073 2052 debuissent
3095 1995 3315 2065 (justum

159 2083 336 2147 θέντος
388 2085 522 2157 πρὸς
572 2087 704 2155 ὅπερ
753 2081 1171 2156 ἔμελλενᾞγειν
1213 2086 1421 2156 ἀνάγκη
1466 2085 1558 2139 τοῦ
1603 2081 1691 2143 νό-

1785 2091 1903 2147 fore
1932 2090 2136 2147 ratione
2155 2094 2508 2160 dijudicantes
2522 2091 2569 2160 ),
2588 2100 2876 2159 spontaneo
2899 2087 3101 2156 judicio
3120 2086 3314 2151 facere,

163 2187 284 2238 μου.

725 2508 970 2562 ΚΕΦΑΛ.
1019 2508 1132 2562 ΞΡ.

224 2660 330 2714 Καὶ
357 2662 464 2712 τῶν
497 2662 791 2730 φωστήρων
823 2661 880 2740 δέ
902 2662 1132 2714 διδάσκει
1170 2663 1221 2714 τί
1250 2663 1512 2732 χρήσιμον
1533 2658 1687 2733 ’ὁρῶ-

159 2766 314 2818 μενος
332 2751 554 2813 ἕκαστος
574 2767 587 2781 ·
620 2751 764 2820 ἥλιος
790 2752 888 2820 μὲν
911 2751 985 2820 τῷ
1015 2752 1397 2820 ἀπαυγάσματι
1430 2753 1689 2806 συναῖδιον

133 2835 232 2907 .τῷ
261 2840 430 2909 Πατρὶ
460 2838 551 2891 τὸν
578 2839 704 2890 Υίον
734 2839 1106 2907 ὑποτιθέμενος
1159 2841 1316 2899 νοεῖν,
1368 2841 1458 2891 καὶ
1501 2841 1686 2892 τούτου

154 2927 405 2997 μάρτυρα
437 2929 527 2979 τὸν
560 2927 765 2980 Παῦλον
794 2928 941 2980 καλῶ
965 2929 1203 2992 λέγοντα,
1241 2947 1258 2978 ι
1294 2929 1384 2989 Ὃς
1411 2927 1484 2981 ὢν
1515 2929 1688 2981 ἀπαύο

1786 2185 1983 2252 quippe
2019 2183 2161 2251 quod
2200 2182 2454 2235 indicium
2497 2190 2642 2234 esset
2685 2180 2927 2233 libertate
2964 2177 3189 2231 frucntis
3229 2177 3318 2231 in-

1789 2273 2030 2327 tellectus
2063 2288 2127 2326 ex
2156 2272 2238 2327 sui
2270 2273 2371 2326 sibi
2397 2271 2619 2340 iubente
2649 2271 2875 2325 consilio
2914 2269 3044 2322 moti
3090 2268 3155 2321 ad
3194 2267 3296 2320 hoc

1788 2363 1854 2417 ad
1886 2363 2047 2433 quod
2066 2377 2188 2416 eum
2215 2362 2507 2417 deductura
2535 2368 2653 2416 erat
2678 2361 2811 2429 legis
2838 2357 3148 2413 necessitas.

2282 2543 2286 2546 ·
2329 2513 2548 2570 CAPUT
2582 2513 2762 2566 LXI".

1856 2665 1993 2730 Quin
2031 2673 2085 2730 et
2122 2663 2538 2734 unumquodque
2575 2659 2917 2715 luminarium
2951 2658 3122 2710 risum
3163 2655 3322 2708 debet

1785 2754 1910 2823 quid
1946 2753 2072 2806 utile
2106 2753 2210 2825 sit;
2253 2752 2341 2805 ‘sol
2370 2750 2582 2819 quidem
2615 2747 2906 2802 relucentia
2937 2744 3130 2797 Filium
3172 2742 3337 2804 Patri,

1784 2854 2104 2898 comternum
2131 2845 2457 2896 demonstrat
2477 2838 2894 2910 intelligendum,
2923 2843 2977 2888 et
3005 2834 3226 2901 hujusce
3244 2831 3319 2884 rei

1785 2941 1974 2987 testem
2002 2930 2224 2985 Paulum
2276 2930 2479 2984 advoco
2520 2929 2783 2983 dicentem
2834 2943 2848 2980 :
2888 2943 2905 2977 ι
2940 2923 3040 2989 Qui
3091 2937 3211 2974 cum
3252 2923 3321 2974 sit

147 3019 339 3087 ’γασμα
367 3021 480 3086 τῆς,
506 3017 680 3084 δόξης.
734 3018 824 3068 καὶ
878 3017 1156 3085 χαρακτὴρ
1206 3016 1306 3085 τῆς
1346 3016 1686 3082 ὑποστάσεως

1786 3018 2035 3089 Splendor
2066 3019 2267 3086 gloria),
2293 3026 2345 3070 et
2377 3016 2542 3085 figura
2576 3016 2885 3079 substantia:
2912 3014 3051 3080 .ejus
3081 3013 3149 3076 ’³,
3186 3030 3202 3061 ι
3236 3009 3322 3061 ille

154 3108 337 3162 αὑτοῦ(
377 3127 396 3158 ι
425 3103 578 3169 οὗτος
614 3107 721 3174 γὰρ
760 3102 900 3176 ὅπερ
923 3101 1059 3161 εἶδεν
1102 3107 1440 3175 bducam-rb;
1473 3109 1687 3179 ἡφύσις

1787 3125 2038 3180 namque,
2069 3109 2208 3178 quod
2234 3105 2373 3162 vidit
2394 3106 2650 3162 intellexit
2676 3109 2758 3176 (ut
2785 3116 2970 3160 natura
2995 3103 3092 3156 visi
3119 3099 3320 3166 docuit)

154 3196 245 3249 τοῦ
276 3197 546 3264 ὁρωμένου
576 3194 820 3265 ἐδίδαξε),
852 3194 1037 3250 τοῦτον
1061 3200 1124 3266 τῇ
1160 3188 1462 3267 κατασκευῇ
1493 3200 1584 3261 τὸν
1609 3200 1690 3252 λό-

1785 3209 1839 3254 et
1878 3197 2168 3269 perspicaci
2218 3198 2414 3250 anima:
2473 3184 2628 3250 oculo
2683 3195 2734 3250 in
2775 3192 2984 3262 opificio
3032 3189 3321 3256 repositum

155 3301 246 3348 γον
266 3284 673 3352 ὲναποκείμενον
698 3283 972 3352 ὀξυδορκεῖ
990 3285 1084 3353 τῆς
1105 3284 1276 3352 ψυχῆς
1304 3285 1584 3352 διαθρῆσαι
1613 3288 1688 3356 τῷ

1784 3287 2172 3355 dispiciendum
2198 3285 2299 3337 hoc
2329 3283 2569 3345 verbum,
2595 3282 2737 3350 quod
2761 3273 3324 3349 symbolice'deposuit

153 3371 376 3439 θμματι,
409 3373 467 3423 ὃν
506 3372 836 3441 συμϐολικῶς
879 3372 1165 3424 ἐναπέθετο
1202 3374 1228 3423 ὁ
1265 3375 1594 3443 Δημιουργδς
1626 3379 1687 3427 ὲκ

1784 3374 1992 3444 Opifex,
2020 3375 2252 3443 dirigens
2282 3372 2605 3426 intellectum
2637 3368 3031 3440 inspicientium
3066 3381 3129 3419 ex
3163 3363 3321 3416 insita

153 3461 250 3527 τῆς
277 3456 677 3531 ἐνυπαρχούσης
708 3459 784 3527 τῷ
815 3460 994 3528 ἄστρῳ
1027 3459 1254 3526 θεωρίας
1305 3460 1397 3514 ἐπὶ
1421 3459 1517 3529 τὴν
1553 3462 1685 3530 πρὸς

152 3549 342 3601 ἑαυτὸν
390 3547 482 3602 τοῦ
537 3546 666 3599 Υίοῦ
712 3549 1040 3616 συνάναρχον
1077 3547 1256 3617 σχέσιν
1295 3549 1401 3600 τῶν
1441 3550 1685 3618 ὁρώντων

152 3638 358 3706 ὁδηγῶν
389 3636 486 3708 τὴν
512 3636 764 3690 διάνοιαν.
793 3638 988 3706 Σελήνη
1022 3637 1076 3688 δὲ
1114 3638 1397 3707 αὐξομένη,
1460 3641 1554 3691 καὶ
1597 3634 1687 3709 λή-

151 3740 342 3789 γουσα,
379 3724 438 3776 τὸ
472 3722 866 3793 εὐμετάὸλητον
897 3723 1003 3776 τῶν
1035 3725 1313 3792 ἡμετέρων
1355 3726 1686 3794 πραγμάτων

149 3813 317 3882 δηλοῖ,
371 3811 646 3885 καὶτοῦτο
671 3814 797 3885 ταῖς.
831 3812 1217 3883 ἀγχιστρὸφοις’
1249 3811 1353 3862 τῶν
1398 3814 1685 3880 σχημάτων

151 3898 509 3966 ’μεταλλαγαίς
539 3884 806 3967 παραινεῖ,
838 3897 912 3958 ὼς
940 3896 1060 3949 οὔτε
1090 3897 1352 3968 εὑημερία
1376 3899 1454 3951 δεῖ
1477 3901 1684 3969 χαίρειν

148 3984 222 4046 ὡς
252 3985 566 4053 παραμόνῳ,
615 3983 737 4038 οὕτε
798 3984 1125 4056 δυσημερίαν
1167 3988 1410 4059 ἡγεῖσθαι
1440 3981 1684 4058 λυπηρὰν

145 4073 510 4159 ὡς’έσομένην
536 4076 771 4145 χρονίαν·
803 4077 966 4140 ὀξέως
993 4078 1099 4147 γὰρ
1124 4073 1278 4131 αὗται
1306 4080 1684 4148 ὲπαμείϐονται

147 4164 404 4232 ἀλλήλαις
427 4166 500 4226 ὡς
540 4167 614 4234 μὴ
635 4168 805 4224 ποιεῖν
855 4164 1100 4235 αἴσθησιν
1137 4167 1234 4235 τῆς
1272 4171 1565 4237 παρουσίας
1607 4171 1684 4238 τῷ

1785 3466 1947 3519 stellm
1997 3461 2323 3529 spectatione
2378 3461 2442 3513 ad
2493 3468 2812 3513 comternam
2847 3455 2963 3507 Filii
3021 3450 3320 3506 naturalem

1785 3552 2204 3608 convenientiam
2244 3563 2364 3601 cum
2400 3548 2596 3614 seipse.
2654 3545 2799 3597 Luna
2833 3557 2960 3596 vero
2994 3555 3239 3593 crescens
3268 3544 3324 3590 et

1785 3641 2032 3696 deficiens
2062 3653 2239 3692 rerum
2270 3643 2574 3690 nostrarum
2601 3633 2808 3688 facilem
2842 3627 3319 3699 ostentatmutabi-

1783 3728 2008 3785 litarem,
2033 3725 2330 3791 subitisque
2352 3723 2642 3790 figurarum
2673 3719 3057 3772 mutationibus
3074 3715 3320 3768 admonet

1785 3817 1904 3872 hoc.
1934 3815 2073 3882 quod
2096 3802 2323 3883 scilicet
2349 3825 2522 3878 neque
2549 3809 2820 3870 felicitate,
2849 3805 3009 3875 315.
3046 3811 3320 3871 prepterea

1784 3912 2025 3973 opm-teat
2057 3901 2307 3970 gaudere,
2340 3899 2493 3967 quasi
2545 3911 2916 3966 permansura,
2968 3909 3067 3949 nec
3091 3891 3319 3946 infelici-

1785 4003 1943 4048 tatem
1969 3994 2162 4046 ducere
2193 3989 2497 4050 molestam,
2530 3987 2748 4056 perinde
2781 3999 2845 4040 ac
2877 3984 2923 4039 si
2969 3981 3148 4037 futura
3182 3987 3319 4035 esset

1782 4087 2033 4150 diuturna
2063 4100 2076 4135 :
2104 4083 2253 4135 ocius
2293 4080 2436 4134 enim
2462 4079 2576 4131 istae
2605 4076 2706 4131 sibi
2736 4063 2964 4130 invicem
3003 4072 3318 4133 succedunt,

1788 4175 1860 4227 ita
1892 4185 1948 4226 ut
1969 4189 2079 4228 non.
2097 4157 2329 4225 alliciant
2353 4183 2568 4222 sensum
2597 4182 2693 4219 sua
2717 4163 3016 4233 praesentia,
3039 4175 3147 4230 pra:
3174 4159 3317 4213 cele-

145 4255 300 4333 rdxst
340 4255 435 4322 τῆς
465 4253 880 4333 ὑποχωρήσεως,
911 4255 1074 4323 ἄλλης
1106 4256 1492 4325 ἐφεδρευούσης
1528 4259 1678 4328 ἄλλῃ,

1784 4265 1937 4316 ritate
1987 4262 2295 4322 discessus,
2355 4271 2474 4309 cum
2537 4256 2702 4308 altera
2765 4251 2993 4307 insideat
3044 4249 3232 4312 alteri,
3264 4257 3318 4302 et

117 4390 119 4392 .
147 4341 366 4411 καινήν
386 4341 688 4410 ἡγουμένην
712 4342 1086 4412 διαδεχομένης
1127 4344 1222 4412 τῆς
1257 4348 1528 4414 προσεχῶς
1557 4349 1680 4400 ἑπο-

149 4431 316 4502 μένης
348 4431 484 4484 κατά
512 4430 762 4500 τοὺς-τῆς
801 4431 1025 4500 σελήνης
1061 4436 1680 4507 συνεχεῖςμετασχημα-

143 4523 384 4590 τισμοὺς,
429 4521 763 4576 οἶτοσοῦτον
818 4522 1226 4591 παραχωροῦσιν
1261 4524 1523 4596 ἀλλήλοις,
1559 4528 1678 4580 ὅσον

145 4614 239 4663 καὶ
264 4613 359 4680 τὴν
391 4613 674 4680 συνήθειαν
702 4607 947 4678 γενέσθαι
979 4613 1071 4681 τῆς
1094 4612 1348 4681 βιώσεως,
1387 4616 1477 4667 καὶ
1504 4617 1677 4669 ἐπιδό-

143 4715 278 4760 σεως
321 4701 522 4768 τροπὴν
568 4699 660 4752 τοῦ
686 4700 877 4767 φωτὸς,
913 4702 1002 4751 καὶ
1035 4701 1129 4770 τήν
1164 4694 1513 4773 παραλλαγὴν
1551 4707 1673 4757 τού-

141 4799 251 4838 των
274 4780 408 4842 εἶναι
440 4780 959 4857 δυσπαρατήρητον,
1003 4789 1120 4842 κατ’
1142 4790 1316 4856 ὀλίγον
1363 4795 1673 4863 προσθήκης

143 4872 238 4928 καὶ
262 4871 608 4939 ὑφαιρέσεως
622 4872 982 4944 λανθανούσης
1019 4875 1238 4937 είκὸτως
1277 4876 1372 4946 τὴν
1404 4878 1670 4947 αἴσθησιν.

151 4961 304 5015 Ἐπεὶ
345 4961 432 5011 καὶ
471 4960 636 5011 πολλὰ
677 4962 782 5013 τῶν
813 4962 951 5017 οὕτω
993 4948 1378 5034 αὐξομένων,ἢ
1428 4970 1675 5036 μειουμέ-

145 5069 268 5109 νων,
297 5050 488 5120 ἄδηλον
516 5049 624 5118 ἔχει
646 5052 743 5118 τὴν
774 5053 1157 5124 καθημερινὴν,
1186 5058 1267 5124 ἐφ’
1297 5050 1442 5126 ᾧπερ
1472 5058 1537 5110 ἂν
1574 5059 1668 5111 τύ-

143 5154 212 5209 χῃ
260 5139 623 5209 παραλλαγὴν,
654 5139 858 5202 οὐδενὸς
904 5145 1099 5205 γνῶναι
1142 5146 1436 5216 δυναμένου
1478 5149 1671 5218 ῥᾳδίως

142 5226 262 5275 ’ὅσον
293 5226 416 5289 καθ’
451 5226 681 5294 εκάστην
711 5228 741 5294 ή
774 5226 878 5277 τῶν
906 5229 1207 5297 αὐξομένων
1240 5235 1417 5306 ἡλικία
1451 5236 1668 5306 προστί-

138 5312 264 5385 θησι
293 5315 665 5380 προκύπτουσα
704 5315 890 5380 διόλου,
912 5317 1016 5367 ’καὶ
1052 5322 1148 5386 τῆς
1190 5318 1462 5392 προκοπῆς
1489 5323 1545 5376 τὸ
1574 5327 1667 5396 μέ.

207 5530 255 5563 ⁸⁷
281 5529 476 5586 Jercm.
509 5547 560 5594 v,
585 5532 674 5596 22,
726 5533 812 5585 2'5.
888 5533 930 5564 "
979 5530 1136 5588 llebr.
1165 5550 1201 5597 ι,
1230 5517 1280 5590 3.

1784 4351 2036 4421 praecunti
2065 4350 2334 4411 succedat,
2357 4363 2476 4418 quae
2491 4347 2743 4401 continuo
2759 4344 3104 4415 subsequitur
3119 4357 3316 4421 .secunf

1745 4488 1747 4491 .
1781 4420 1908 4495 dum
1931 4437 2213 4493 continuas
2244 4438 2386 4490 lunae
2425 4434 2941 4514 transﬁgurationes,
2967 4447 3083 4498 qua:
3111 4431 3181 4482 ita
3213 4420 3314 4488 sib'l

1781 4531 2005 4584 invicem
2058 4527 2271 4590 cedunt,
2333 4535 2390 4578 ut
2422 4527 2541 4582 vitae
2569 4522 2896 4582 consuetudo
2929 4527 3231 4596 peragatur,
3263 4526 3316 4569 et

1783 4617 2009 4670 mutatio
2033 4614 2126 4666 fiat
2146 4605 2368 4666 luminis
2397 4612 2805 4674 incrementum,
2842 4605 3312 4676 liarumquediﬂe-

1781 4705 1956 4759 rentia
2005 4703 2076 4758 sit
2122 4700 2349 4762 diﬁlcilis
2401 4703 2724 4765 observatu,
2777 4713 2897 4754 cum
2963 4697 3159 4750 additio
3230 4694 3312 4751 vel
3368 4710 3370 4713 ‘

1779 4797 1977 4851 ablatio
2008 4799 2199 4864 exigua
2232 4810 2447 4855 sensum
2489 4794 2679 4847 merito
2709 4791 2943 4844 lateant:
2979 4786 3312 4855 quandoqnie

1777 4885 1896 4940 dem
1909 4895 1957 4940 et
1987 4887 2151 4939 multa
2172 4900 2354 4939 eorum
2375 4899 2493 4952 qua:
2518 4884 2596 4938 sic
2618 4889 2878 4950 augentur
2897 4885 2950 4930 et
2975 4877 3307 4939 minuuntur,

1776 4976 2099 5045 incognitam
2127 4975 2178 5027 in
2209 4975 2398 5042 quovis
2416 4989 2543 5038 casu
2572 4967 3152 5044 liabentdili’erentiam,
3178 4980 3309 5032 quo-

1777 5041 2054 5126 tidianam,
2089 5075 2208 5113 cum
2234 5041 2398 5114 nemo
2433 5060 2585 5112 facile
2613 5059 2924 5125 dignoscere
2955 5041 3111 5121 queat
3136 5066 3305 5115 quan-

1776 5159 1885 5206 tum
1922 5164 2108 5203 eorum
2160 5166 2278 5219 qua:
2331 5156 2593 5217 augentur
2644 5153 2868 5213 statura,
2919 5141 3150 5212 quotidie
3179 5153 3299 5207 pro-

1774 5238 2017 5312 grediens
2076 5253 2168 5307 per
2217 5247 2407 5301 totum,
2462 5245 2515 5290 et
2567 5228 2882 5306 progressus
2933 5229 3144 5283 modum
3199 5240 3304 5280 non

1773 5326 2119 5383 manifestans
2180 5328 2423 5402 adjiciat,
2471 5327 2654 5380 donec
2706 5325 2757 5377 id
2810 5322 3028 5377 edoceat
3079 5327 3297 5390 tempus,
