4052 6336
650 254 820 352 ’1063

2144 288 2207 345 S.
2232 278 2399 347 NILI‘

3716 286 3880 350 1064

679 411 791 465 pra:
812 409 1036 462 corpore
1062 394 1257 447 habere
1285 393 1428 445 nullo
1457 392 1616 445 modo
1664 393 1996 459 inquinatum
2033 391 2205 454 decet,

2319 393 2412 463 πρὸ
2433 390 2523 444 τοῦ
2556 373 2796 460 σώματος
2824 390 2961 459 ἔχειν
2997 392 3297 460 ἁμόλυντον.
3321 394 3422 463 χρὴ
3464 393 3597 463 πρὸς
3629 392 3691 445 τὸ
3728 393 3873 461 ἀρέ-

681 485 746 537 ad
780 485 1089 552 placentium
1120 483 1245 546 Deo,
1270 482 1360 548 qui
1396 482 1497 533 tale
1529 481 1640 533 vult
1665 481 1835 547 ipsum
1862 480 2061 542 videre,
2085 480 2209 547 quia
2242 550 2243 553 η

682 588 869 639 nempe
894 560 1030 625 lianc
1053 572 1172 640 ejus
1207 571 1489 639 puritatem
1525 570 1765 637 sequitur
1784 577 1835 621 ct
1868 554 2067 636 put-itas
2089 583 2210 623 eor-

680 662 854 729 poris;
912 660 1224 728 neutiquam
1278 673 1403 711 vero
1458 658 1758 711 neccssario
1808 657 1994 711 eodem
2052 658 2211 711 modo

682 752 1023 819 componitur
1060 749 1251 802 animze
1296 749 1575 814 άίεμοεὶιὶο
1631 764 1693 802 ac
1740 748 1985 815 corporis
2033 756 2207 800 tento-

680 844 845 892 rium.
896 838 1113 891 Accidit
1151 839 1342 905 quippe
1370 836 1463 907 ‘(ut
1498 838 1572 890 ait
1610 835 1866 889 Dominus
1895 834 2070 904 Jcsns)
2104 836 2211 889 ali-

681 944 841 998 quem
888 929 1190 995 sepulcrum
1225 941 1344 980 esse
1375 926 1719 989 dealbatam,
1743 927 1956 993 plenum
1999 926 2210 980 ossibus
2244 916 2251 933 ’

681 1017 977 1068 demortuis
1006 1017 1047 1079 ⁸,
1093 1025 1145 1068 et
1182 1018 1327 1067 omni
1370 1014 1706 1066 immuntlitia
1732 1054 1747 1079 ,
1786 1030 1892 1068 non
1926 1015 2209 1068 habentem

682 1104 960 1155 veritatem
993 1104 1297 1156 interiorem
1335 1113 1716 1157 consonantem
1751 1105 1834 1167 ei,
1880 1106 2019 1171 quod
2051 1120 2212 1173 appa-

685 1200 792 1255 ret;
837 1200 924 1243 sed
954 1202 1016 1242 ast
1051 1191 1503 1261 comparationem
1538 1206 1642 1245 non
1697 1193 1836 1244 hunc
1884 1202 2039 1244 vocat
2076 1192 2212 1243 ratio

683 1295 892 1343 eorum,
922 1296 1040 1347 qua:
1065 1281 1206 1333 dicta
1259 1290 1403 1344 sunt,
1456 1281 1683 1332 accersit
1724 1288 1900 1332 autem
1940 1295 2080 1341 cum,
2125 1282 2212 1348 qui

685 1371 977 1422 secundum
1026 1372 1311 1437 practicam
1346 1371 1505 1421 vitam
1560 1383 1654 1438 par
1690 1378 1774 1422 cst
1821 1370 1973 1435 ipsis,
2018 1370 2215 1437 quique

686 1474 807 1513 sese
862 1461 914 1510 in
956 1459 1240 1511 virtutibus
1282 1459 1575 1511 moralibus
1614 1459 1853 1511 exercuit
1897 1459 2115 1526 perinde
2152 1476 2215 1511 ac

685 1548 762 1600 illi
792 1547 929 1615 ipsi;
965 1546 1158 1600 etenim
1193 1547 1563 1615 hujuscemodi
1614 1548 1782 1600 virum
1826 1549 2213 1615 comperiemus

688 1637 860 1688 multo
892 1636 1064 1703 spatio
1095 1635 1226 1702 ipsis
1251 1622 1581 1699 inferiorem,
1609 1636 2001 1703 distantemqne
2036 1637 2101 1688 ab
2132 1638 2216 1689 in-

685 1727 874 1778 stituto
903 1725 1197 1778 scientilico
1220 1727 1449 1790 tantum,
1492 1734 1748 1793 quantum
1779 1740 1808 1777 a
1840 1725 2101 1777 medicina
2135 1741 2215 1776 rc-

685 1822 784 1866 cta:
812 1814 1050 1866 mctliodi
1074 1812 1250 1867 differt
1282 1826 1364 1877 ea,
1395 1828 1515 1881 quae
1541 1814 1713 1867 solum
1748 1816 1812 1867 ad
1837 1830 2050 1866 manum
2085 1830 2212 1883 ope-

684 1913 853 1967 ratur,
875 1917 994 1969 qua:
1026 1917 1123 1955 nec
1144 1903 1660 1957 causasmorborum
1690 1905 1829 1963 seit,’
1853 1918 2027 1971 neque
2055 1904 2216 1979 3'79

684 1992 1019 2060 passionum,
1068 1992 1356 2060 quomodo,
1400 2004 1492 2043 aut
1523 1992 1662 2044 unde
1708 2000 2017 2054 nascantur,
2064 1992 2215 2043 diﬂ‘e-

686 2081 889 2133 rentias
909 2082 1119 2133 curiose
1146 2078 1531 2148 perscrutalur,
1564 2080 1934 2132 tantummodo
1966 2094 2089 2132 vero
2111 2091 2215 2132 stat

688 2169 741 2221 in
776 2170 984 2231 morbo,
1020 2179 1073 2220 et
1099 2169 1247 2220 illutn
1278 2176 1450 2229 curat,
1480 2181 1637 2235 quem
1674 2166 1819 2219 novit
1844 2166 2086 2220 celeriter
2114 2166 2218 2219 ite-

686 2274 804 2310 rum
850 2260 1171 2322 rediturum,
1207 2272 1326 2311 cum
1384 2273 1485 2310 non
1516 2250 1721 2310 Sublata
1764 2254 2155 2329 fueritjt-ausa,
2185 2270 2217 2309 e

687 2362 792 2414 qua
817 2346 1047 2414 sumpsit
1086 2346 1340 2412 initium;
1377 2346 1516 2399 sicut
1553 2360 1786 2413 namque
1829 2344 2210 2409 distensiones,

688 2443 742 2487 et
782 2433 1232 2490 inflammationes
1280 2434 1698 2503 praecordiorum
1724 2473 1740 2498 ,
1777 2443 1831 2488 et
1878 2434 2217 2502 intemperies

688 2523 974 2576 bumorum
1020 2523 1235 2590 pariunt
1276 2524 1420 2576 mille
1460 2523 1787 2588 nominibus,
1828 2532 1880 2577 et
1907 2523 2217 2594 dispositio-

687 2612 848 2665 nibus
884 2610 1123 2665 diversas
1150 2610 1364 2675 febres;
1397 2611 1495 2664 ltas
1536 2625 1643 2665 uno
1670 2611 1755 2665 die
1787 2611 2215 2677 intermittentes,

688 2700 825 2753 alias
865 2708 1063 2767 septem
1100 2699 1308 2762 diebus,
1334 2707 1384 2751 et
1414 2700 1508 2751 ‘bis
1546 2709 1745 2767 septem
1768 2738 1783 2762 ,
1815 2699 2068 2767 capitales
2089 2738 2103 2762 ,
2134 2700 2218 2754 vel

689 2790 992 2853 diuturnas,
1028 2788 1385 2857 ltecticasque,
1421 2797 1473 2842 et
1501 2789 1745 2852 diurnas,
1794 2789 1891 2853 bas
1933 2790 2149 2857 quidem
2188 2805 2218 2845 e

687 2878 845 2941 flava,
895 2879 1014 2931 illas
1059 2884 1235 2931 autem
1261 2892 1291 2931 e
1322 2879 1469 2947 nigra
1516 2863 1808 2943 b‘ilc,lalias
1842 2893 1873 2933 e
1901 2879 2087 2948 pituita
2116 2894 2219 2948 pu-

2311 499 2435 535 σκον
2462 482 2539 551 τῷ
2567 481 2813 551 τοιαύτην
2845 483 2976 553 ὀρᾷν
3018 483 3184 553 αὐτὴν
3228 482 3527 553 βουλομένῳ
3556 466 3699 553 Θεῷ.
3731 485 3869 536 Ὅτι

2309 574 2372 639 τῇ
2405 571 2604 640 ταύτης
2632 570 2909 623 ἀκολουθεῖ
2932 570 3258 641 καθαρότητι
3309 572 3451 641 καὶὴ
3479 571 3571 625 τοῦ
3593 571 3869 640 σώματος

2309 661 2629 729 καθαρότης,
2648 660 2826 712 οὐκέτι
2841 662 2895 713 δὲ
2912 661 3000 712 καὶ
3019 665 3084 730 τῇ
3104 664 3270 730 σκηνῇ
3289 661 3381 713 τοῦ
3405 661 3652 731 σώματος
3677 658 3859 727 any.

2310 748 2473 811 καίως
2493 748 2852 801 συνδιάκειται
2869 750 2965 819 τῆς
2987 749 3160 819 ψυχῆς
3184 752 3215 820 ἠ
3236 751 3491 820 διάθεσις,
3519 752 3677 803 Ἔστι
3717 750 3864 819 γὰρ,

2310 837 2384 897 ὥς
2409 853 2570 906 φησιν
2596 838 2624 888 ό
2659 837 2855 906 Κύριος
2890 839 3113 908 Ἰησοῦς,
3143 840 3234 892 καὶ
3256 840 3422 907 τάφον
3444 836 3580 891 εἷναί
3607 856 3739 891 τινα
3773 854 3867 891 κε-

2310 927 2621 995 κονιαμένον
2653 928 2843 995 μεστὸν
2868 928 3066 980 ὀστέων
3082 916 3287 996 νεκρῶν
3298 929 3389 980 καὶ
3403 929 3579 997 πάσης
3600 928 3834 997 ἀκαθαρ
3846 954 3867 966 ο

2311 1014 2447 1077 σίας,
2473 1015 2549 1082 τῷ
2575 1015 2873 1083 φαινομένῳ
2905 1016 3242 1083 συνςξιδουσαν⁴
3271 1016 3369 1067 οὐκ
3412 1016 3600 1084 ἔχοντα
3628 1015 3733 1084 τὴν
3768 1014 3864 1066 έν-

2310 1103 2395 1154 δον
2415 1092 2684 1170 ἀλήθειαν,
2703 1103 2814 1154 ἀλλ’
2837 1104 2896 1154 ού
2918 1102 3103 1155 τοῦτον
3122 1104 3198 1164 είς
3221 1102 3503 1170 σύγκρισιν
3517 1105 3546 1155 ὁ
3567 1103 3729 1169 λόγος
3743 1102 3863 1154 τῶν

2310 1190 2607 1257 εἰρημένων
2652 1189 2837 1240 καλεῖ·
2871 1189 2961 1241 τὸν
2985 1189 3044 1241 δὲ
3090 1190 3229 1241 κατὰ
3270 1188 3367 1259 τὴν
3392 1176 3700 1258 πρακτικὴν
3738 1188 3865 1239 ἴσον

2312 1276 2557 1336 ἐκείνοις,
2585 1276 2676 1327 καί⁵
2722 1276 2817 1337 τὰς
2859 1276 3052 1344 ἠθικὰς
3078 1276 3276 1347 ἀρετὰς
3302 1277 3607 1346 ἠσκημένον
3643 1275 3864 1344 ὁμοίως

2309 1350 2659 1423 ἀὐτοῖςοηκαὶ
2712 1364 2895 1416 τοῦτον
2953 1364 3059 1433 γὰρ
3112 1366 3409 1434 εὑρήσομεν
3466 1363 3861 1433 ἀπολιμπανό-

2317 1466 2470 1518 μενον
2498 1451 2644 1518 αὐτῷ
2668 1450 2842 1520 πολλῷ
2864 1450 3206 1521 διαστήματι,
3240 1453 3333 1504 καὶ
3370 1452 3470 1520 τῆς
3495 1453 3862 1520 ὶπιστημονι-

2315 1539 2414 1601 xi;
2439 1527 2724 1607 ἀφεστῶτα
2748 1540 2967 1609 ἀγωγῆς
2990 1541 3256 1605 τοσοῦτον,
3290 1541 3411 1593 ὅσον
3436 1542 3534 1609 τῆς
3555 1540 3861 1609 εὐμεοόδου

2248 1682 2289 1733 Β
2318 1634 2552 1700 ἰατρικῆς
2578 1633 2609 1699 ἡ
2634 1633 2769 1683 κατᾶ
2796 1634 2950 1701 χεῖρα
2972 1633 3127 1701 μόνον
3163 1632 3521 1706 ἐνεργουμένη
3541 1632 3858 1700 διέστηκεν,

2313 1723 2431 1774 οὔτε
2483 1725 2794 1792 νοσημάτων
2850 1726 3025 1788 αἰτίας
3078 1726 3431 1793 ἐπισταμένη,
3464 1724 3586 1777 οὔτε
3638 1725 3861 1788 παθῶν,

2314 1815 2455 1875 ὅπως
2502 1813 2534 1882 ἢ
2561 1813 2677 1865 ὅθεν
2723 1814 2989 1865 τίκτονται
3017 1851 3032 1876 ,
3068 1814 3322 1883 διαφορὰς
3354 1813 3859 1884 περιεργαζομένη,

2318 1903 2473 1970 μόνον
2494 1901 2549 1953 δὲ
2590 1902 2722 1971 πρὸς
2748 1902 2808 1953 τὸ
2836 1902 3039 1969 κάμνον
3079 1904 3359 1972 ἱσταμένη,
3385 1904 3478 1955 καὶ
3500 1902 3657 1955 τοῦτο
3687 1901 3863 1971 θερα-

2315 1988 2616 2050 creticus-1,6
2649 1989 2806 2041 πάλιν
2831 1990 3185 2059 ὑποστρέφειν
3215 1987 3349 2043 οἶδεν
3381 1991 3565 2055 ὀξέως,
3598 1991 3700 2059 τῆς
3732 1990 3863 2044 ὅθεν

2314 2076 2512 2145 ἤρξατο
2559 2076 2733 2137 αἰτίας
2761 2077 2859 2128 οὐκ
2905 2079 3246 2146 ἀνῃρημένης
3275 2095 3287 2105 ·
3320 2079 3393 2140 ὡς
3422 2079 3528 2146 γὰρ
3556 2078 3862 2142 διατάσεις,

2317 2165 2408 2215 καὶ
2463 2164 2755 2233 φλεγμοναὶ
2786 2160 3124 2233 σπλάγχνων,
3177 2167 3268 2216 καὶ
3297 2165 3610 2235 δυσκρασίαι
3639 2166 3862 2235 χυμῶν,

2315 2254 2449 2313 τοὺς.
2473 2254 2713 2321 μυρίους,
2750 2254 2841 2305 καὶ
2865 2256 2971 2315 τοῖς
2999 2254 3241 2321 ὀνόμασι,
3270 2256 3362 2306 καὶ
3405 2257 3523 2315 ταῖς
3548 2254 3863 2317 διαθέσεσιν

2318 2328 2662 2393 ἀποτίκτουσι
2706 2343 2985 2411 πυρετοὺς,
3047 2344 3426 2411 ὲφημερινοὺς,
3466 2342 3863 2411 έϐδοματικοὺς

2318 2428 2410 2481 καὶ
2440 2428 2795 2497 δισεόδόμους,
2836 2430 3183 2501 ὲπικάρρους,
3218 2431 3249 2498 ἢ
3286 2431 3547 2499 χρονίους,
3577 2416 3859 2496 έκτικοὺς,

2318 2519 2411 2570 καὶ
2440 2518 2762 2587 ἐφημέρους,
2786 2518 2909 2580 τοὺς
2934 2520 3028 2586 μὲν
3056 2520 3146 2571 ἐπὶ
3171 2518 3354 2590 ξανθῇ,
3385 2522 3508 2582 τοὺς
3533 2520 3589 2573 δὲ
3619 2522 3715 2572 ἐπὶ
3752 2504 3855 2587 με·

2318 2609 2471 2679 λαίνῃ
2493 2609 2643 2678 χολῇ,
2672 2608 2860 2670 ἄλλους
2889 2604 2980 2660 ὲπλ.
3012 2608 3287 2677 φλέγματι
3321 2611 3603 2679 σεσηπότι,
3630 2612 3726 2663 καὶ⁵
3762 2611 3861 2665 ἄλ-

2320 2700 2441 2761 λους
2466 2699 2547 2766 ἐφ’
2562 2698 2788 2765 αἵματος
2808 2698 3126 2766 πλεονασμῷ
3151 2699 3586 2766 συνισταμένους,
3602 2701 3730 2761 τοὺς
3757 2699 3862 2768 μὲν

2320 2788 2493 2858 ησυχῆ
2520 2787 2613 2840 καὶ
2643 2788 2872 2856 ἁμηνυτὶ
2929 2788 3247 2856 προσιόντας
3278 2824 3292 2849 ,
3352 2788 3475 2850 τοὺς
3502 2788 3557 2840 δὲ
3588 2788 3694 2859 πρὸ
3722 2788 3859 2841 πολ-

2320 2877 2414 2930 λοῦ
2442 2876 2777 2946 κεκραγότας
2819 2876 2919 2946 τὴν
2950 2880 3245 2945 παρουσίαν
3274 2876 3618 2945 μαλακισμῶ,
3651 2879 3747 2930 καὶ
3772 2877 3861 2947 ξη-

687 2968 846 3033 trida,
870 2976 925 3022 et
948 2969 1081 3022 alias
1103 2982 1131 3021 e
1157 2970 1432 3038 sanguinis
1462 2969 1781 3024 abundantia
1806 2969 2092 3034 conﬂatas;
2120 2973 2216 3024 tias

2321 2969 2521 3039 ρότητι,
2546 2968 2639 3020 καὶ
2668 2966 2817 3037 ὕπνῳ
2856 2968 3087 3036 συνεχῶς
3123 2967 3526 3036 διακοπτομένῳ
3573 2966 3669 3036 τὴν
3702 2966 3859 3020 νόσον

688 3059 903 3125 quidem
953 3059 1139 3123 tacite,
1191 3065 1245 3111 et
1291 3058 1775 3126 impercrptibilitcr
1845 3061 2209 3121 advenientes,

2320 3059 2689 3127 σημαίνοντας.

689 3145 822 3199 istas
858 3161 984 3198 vero
1022 3147 1193 3198 multo
1233 3158 1387 3199 antea
1430 3146 1775 3200 inclamantes
1815 3146 2121 3211 adventum,
2160 3140 2420 3216 languore
2465 3153 2624 3214 atque
2661 3145 2899 3199 siccitate
2932 3160 2995 3199 ac
3035 3159 3224 3199 somno
3257 3144 3511 3199 continuo
3556 3145 3860 3214 interrupto

688 3237 1060 3310 aegritudinem
1082 3239 1457 3308 significantes.

1272 3409 1495 3464 CAPUT
1540 3411 1625 3463 Ill.

761 3514 836 3573 Ita
875 3534 1069 3573 sensus
1096 3518 1348 3586 impulsio
1382 3519 1683 3595 inordinata
1731 3518 2012 3572 consuevit
2053 3532 2213 3587 gene-

692 3625 811 3663 rare
863 3608 1239 3675 cogitationem
1291 3609 1528 3676 passioni
1574 3608 1863 3661 obnoxiam’
1892 3645 1907 3671 ,
1960 3608 2215 3675 concupi-

693 3697 952 3750 scentiam
1001 3706 1229 3764 turpem,
1277 3697 1392 3765 ipsa
1439 3696 1884 3759 delectationem,
1927 3702 1981 3749 et
2030 3711 2219 3749 rursus

695 3796 1039 3844 consensum,
1091 3777 1247 3847 cujus
1276 3797 1475 3849 sequax
1519 3790 1602 3835 est
1660 3780 1869 3834 actuale
1919 3787 2218 3848 peccatum,

694 3872 858 3940 quod,
889 3870 1114 3943 quando,
1130 3870 1360 3923 desumit
1391 3872 1623 3936 initium,
1643 3880 1849 3939 oportet
1870 3884 1936 3923 ex
1961 3870 2052 3922 illo
2078 3869 2223 3934 prin-

694 3962 838 4028 cipio
890 3962 1203 4027 reprimere,
1276 3948 1565 4019 avertendo
1623 3974 1841 4012 sensum
1900 3959 2048 4010 visus
2087 3958 2225 4010 serie

694 4050 923 4119 quadam
949 4057 1390 4114 commoventem,
1432 4062 1552 4117 qua:
1573 4048 1876 4110 dictasunt,
1904 4048 2221 4117 priusquam

696 4141 824 4194 illud
848 4138 1085 4201 accedat,
1113 4154 1174 4192 ac
1200 4140 1480 4193 dilliculter
1502 4138 1624 4193 inde
1657 4138 1991 4191 retrocedere
2019 4136 2222 4204 possit;

698 4229 838 4296 quod
871 4229 1013 4281 enim
1055 4242 1161 4280 non
1196 4227 1518 4296 imprimitur
1544 4244 1637 4295 per
1676 4229 1960 4291 visionem,
1999 4227 2224 4279 forsitan

700 4319 921 4370 minime
954 4317 1115 4373 infert
1142 4318 1503 4373 dillicultatem
1554 4317 1867 4379 intellectui,
1901 4332 1999 4370 nec
2031 4318 2225 4369 malam

696 4406 747 4460 ei
802 4406 1025 4475 porrigit
1089 4409 1507 4463 meditationem.
1562 4405 1714 4472 Quod
1748 4412 1933 4459 autem
1983 4420 2088 4458 non
2132 4405 2231 4457 fuit

700 4498 1034 4558 meditatum,
1071 4511 1178 4549 non
1218 4499 1454 4565 procedit
1482 4498 1547 4553 ad
1578 4512 1735 4567 opus,
1781 4509 1879 4549 nec
1913 4494 2089 4548 locum
2132 4492 2231 4545 ba-

699 4587 809 4649 bet,
845 4594 905 4638 ut
944 4584 1089 4638 foras
1132 4585 1427 4653 expellatur
1472 4586 1656 4654 aliquo
1700 4587 1936 4640 iudicio:
1978 4598 2081 4637 non
2106 4596 2233 4651 νιος-

704 4676 806 4729 fert
828 4676 1128 4731 convicium
1158 4676 1358 4744 lingua,
1382 4676 1596 4745 quando
1628 4677 1706 4728 ira
1732 4676 2021 4744 consopita
2047 4676 2117 4728 sit
2145 4673 2230 4726 in-

703 4776 829 4831 tus;
866 4782 969 4818 non
1015 4764 1159 4818 videt
1202 4764 1364 4835 380
1392 4765 1583 4819 oculus
1621 4764 1982 4825 meretricius,
2019 4763 2061 4815 si
2091 4761 2231 4823 ratio

702 4854 849 4909 illum
884 4853 1113 4907 refrenet
1133 4869 1195 4907 ac
1220 4855 1540 4919 moderetur,
1570 4861 1625 4908 et
1646 4869 1750 4907 non
1778 4853 2052 4907 decentem
2077 4866 2233 4918 aspe-

705 4954 844 4997 ctum
873 4944 1134 5010 inhibeat;
1162 4960 1266 4997 non
1290 4946 1514 5015 suscipit
1544 4946 1760 4999 auditus
1785 4957 2089 4998 sermonem
2114 4950 2233 4994 tur-

705 5049 847 5103 pem,
884 5032 1010 5084 dum
1059 5049 1209 5088 mens
1258 5034 1622 5103 hujuscemodi
1669 5048 1886 5090 sensum
1919 5031 2232 5086 custodiat:
2284 5044 2287 5045 '

708 5124 910 5175 nullum
938 5122 1232 5174 membrum
1267 5133 1707 5192 pravenperatur,
1729 5125 1953 5178 interius
1983 5121 2237 5190 vigilante

710 5215 1081 5283 gubernatore,
1105 5214 1195 5283 qui
1231 5226 1379 5281 regat
1411 5217 1690 5277 interiores
1718 5215 2092 5283 cngitationcs,
2113 5211 2237 5279 qui-

711 5320 815 5373 que
852 5304 1057 5359 fortiter
1090 5306 1314 5359 retineat
1353 5305 1556 5360 initium
1595 5306 1714 5369 loci,
1750 5321 1778 5359 e
1820 5306 1928 5386 quo
1968 5306 2237 5375 prodeunt

784 5508 804 5540 ⁹
837 5503 1024 5558 Matth.
1064 5518 1230 5565 mu,
1259 5503 1350 5557 27.

2262 4633 2308 4693 D

2898 3410 3144 3465 ΚΕΦΔΛ.
3194 3410 3268 3463 Γ’.

2388 3520 2566 3583 Οὕτως
2626 3519 2923 3586 αἰσθήσεως
2962 3520 3189 3585 ἄτακτος
3206 3519 3346 3589 ὁρμὴ
3387 3522 3556 3573 ποιεῖν
3584 3518 3744 3574 εἴωθε
3764 3516 3856 3573 λδ-

2327 3609 2516 3677 γισμδν
2559 3608 2794 3677 ἐμπαθῆ,
2846 3607 3131 3677 ἐπιθυμίαν
3183 3612 3428 3679 αἰσχρὰν,
3455 3609 3622 3680 ἀὕτη
3642 3610 3852 3681 τέρψιν,

2328 3699 2418 3750 καὶ
2465 3698 2623 3751 πάλιν
2673 3698 2987 3762 συναίνεσιν,
3040 3694 3108 3769 ἦς
3149 3700 3401 3769 όπαδδςή
3431 3698 3552 3752 κατ’
3580 3700 3871 3769 ἐνέργειαν·

2323 3792 2562 3863 ἁμαρτία
2598 3790 2762 3855 ἐστὶν,
2796 3793 2873 3860 ἢν,
2904 3789 3391 3859 προοιμιαζομένην
3436 3791 3499 3841 ὲκ
3530 3787 3753 3858 πρώτης
3779 3789 3857 3840 δεῖ

2323 3883 2510 3934 παύειν
2563 3882 2758 3943 αἰτίας,
2790 3882 2898 3948 ’τὴν
2943 3881 3062 3947 ὃψιν
3099 3878 3618 3949 ἀποστρεφομένους,
3647 3877 3749 3946 τὴν
3774 3894 3856 3928 κι-

2323 3968 2515 4019 νοῦσαν
2535 3966 2705 4033 εἰρμῷ
2720 3966 2784 4016 τὰ
2802 3968 3085 4033 εἰρημένα,
3108 3966 3233 4034 πρὶν
3250 3965 3415 4034 αὐτὴν
3432 3963 3853 4033 παραγενέσθαι,

2313 4057 2425 4108 καὶ
2474 4055 2694 4123 ποιῆσαι
2744 4053 2975 4121 δυσχερῆ
3017 4052 3113 4120 τὴν
3134 4052 3405 4113 ἀνάδυσιν,
3428 4052 3490 4104 τὺ
3517 4052 3626 4121 γὰρ
3656 4051 3733 4119 μὴ
3764 4068 3875 4121 ’τυ-η

2327 4144 2503 4198 πωοὲν
2526 4145 2611 4197 διὰ
2642 4145 2738 4213 τῆς
2764 4145 3024 4210 ὁράσεως,
3073 4140 3199 4202 ἴσως
3226 4141 3286 4192 οὑ
3316 4139 3524 4191 δίδωσιν
3549 4138 3728 4207 ἔργον,
3768 4138 3859 4191 καὶ

2331 4236 2556 4304 μελέτην
2596 4237 2661 4302 τῇ
2705 4231 2910 4302 διανοίᾳ
2938 4230 3131 4300 κακὴν,
3174 4228 3236 4282 τὸ
3259 4228 3315 4281 δὲ
3342 4227 3416 4298 μὴ
3452 4226 3857 4297 μελετηθέν,είς

2328 4328 2484 4396 ἔργον
2511 4325 2571 4376 οὐ
2601 4322 2864 4392 πρόεισιν,
2890 4321 3008 4373 οὐδὲ
3033 4320 3145 4388 ἔχει
3170 4317 3350 4388 χώραν
3366 4312 3632 4385 eameam
3653 4331 3858 4384 τεκμη-

2333 4416 2429 4485 ρίῳ
2455 4415 2579 4468 τινί·
2611 4414 2669 4465 ού
2695 4407 3290 4481 προφέρεταιλοιδορίας
3304 4405 3540 4474 γλῶσσα,
3558 4404 3709 4456 ἔνδον
3732 4418 3858 4454 κατ-

2330 4502 2672 4563 ευνασθέντος
2724 4499 2892 4567 θυμοῦ
2918 4516 2933 4529 ⁸
2983 4498 3079 4565 οὐχ
3127 4497 3228 4563 δρᾷ
3266 4493 3517 4563 πορνικδς
3557 4490 3858 4559 ὀφθαλμὸς,

2331 4591 2585 4664 λογισμοῦ
2630 4589 2813 4642 τοῦτον
2849 4586 3201 4656 ἡνιοχοῦντος,
3233 4584 3327 4636 καὶ
3360 4583 3459 4651 τῆς
3492 4579 3565 4650 μὴ
3594 4578 3859 4650 καθηκού-

2338 4702 2434 4757 σης
2461 4684 2729 4754 εῐργοντος
2760 4680 2885 4740 θέας
2903 4689 2918 4705 ⁸
2951 4678 3010 4729 οὐ
3032 4673 3240 4746 δέχεται
3262 4672 3414 4739 λόγον
3452 4671 3677 4741 αἰσχρὸν
3706 4669 3859 4739 ἀκοὴ,

2336 4772 2427 4825 τοῦ
2460 4771 2549 4824 νοῦ
2575 4770 2774 4837 ταύτην
2792 4764 3149 4837 φρουροῦντος
3174 4762 3271 4831 τὴν
3296 4759 3563 4829 αἴσθησιν,
3591 4759 3743 4811 οὐδὲν
3763 4757 3861 4809 τῶν

2342 4861 2514 4931 μελῶν
2566 4856 2893 4927 πλημμελῶς
2942 4854 3169 4922 ἐνεργεῖ,
3224 4855 3481 4919 νήφοντος
3514 4849 3622 4901 ἔσω
3652 4848 3746 4900 τεῦ
3770 4855 3869 4897 κυ-“

2342 4946 2633 5019 ϐερνῶντος
2656 4945 2723 4997 τὰ
2761 4944 3004 5012 ὲνθύμια,
3035 4941 3129 4991 καὶ
3169 4936 3266 5008 τὴν
3298 4937 3519 5006 βαλὸίδα
3554 4935 3862 5002 κατέχοντος

2340 5039 2505 5107 αὐτὴν
2534 5035 2626 5088 τοῦ
2662 5032 2988 5104 όρμητηρίου
3039 5028 3143 5080 τῶν
3183 5026 3365 5080 παθῶν
3416 5023 3683 5093 ἰσχυρῶς*
3716 5023 3863 5091 νήφει

2343 5129 2399 5181 δὲ
2425 5129 2517 5181 καὶ
2571 5126 2663 5179 καὶ
2700 5124 2996 5190 ἐγρήγορεν
3022 5114 3173 5181 οὗτος
3216 5115 3617 5183 ἀποταξάμενος
3648 5116 3761 5175 τοῖς
3790 5115 3864 5164 ἐκ·

2343 5220 2452 5281 τὸς,
2502 5216 2593 5268 καὶ
2650 5213 2852 5280 βλέπων
2882 5211 2956 5271 ὡς
3004 5211 3060 5261 ἐν
3109 5206 3310 5275 αἰθρία,
3369 5203 3578 5267 οὐδενὸς
3614 5206 3864 5272 ἐπιπροσ-

2347 5306 2578 5367 θοῦντοθ
2611 5300 2819 5370 καθαρὰ
2844 5301 2909 5351 τὰ
2952 5292 3304 5367 βουλεύματα.
