4052 6336
654 414 661 415 ί
686 346 818 405 1033

2134 354 2191 408 Β.
2237 352 2387 409 Nl”

3719 344 3864 405 inst

687 455 855 506 multo
898 461 1042 515 sunt,
1094 454 1430 523 indigentque
1484 454 1805 506 diuturniori
1861 466 2115 520 tempore,
2164 463 2221 507 ut

2320 453 2569 521 δεομένας
2606 454 2734 521 πρδς
2782 453 2840 503 τὸ
2871 451 3158 519 ἀνυσθῆναι
3206 454 3441 516 πλείονος
3490 455 3701 523 χρόνου.
3746 457 3865 507 Καὶ

682 539 1053 593 conficiantur.
1093 540 1155 593 Et
1182 555 1284 607 qua
1320 541 1522 592 ratione
1558 542 1660 602 via,
1707 555 1825 607 quae
1859 542 2132 593 ardua'est
2162 549 2214 593 et

685 628 768 678 \ix
816 627 1127 693 pertransiri
1176 635 1363 693 potest,
1410 644 1528 693 quae
1558 628 1725 695 ‘longa
1769 636 1819 680 et
1895 628 2211 695 periculosa,

683 729 801 778 quze
847 713 1083 767 ferarum
1141 714 1331 766 ictibus
1366 714 1621 780 subjecta.
1673 730 1736 766 ac
1776 715 2080 781 praalonum
2133 724 2216 768 est

685 805 859 866 altrix,
892 814 945 855 et
977 805 1195 870 laqueos
1239 804 1413 865 habet,
1467 812 1519 854 et
1555 804 1828 866 scandala,
1871 818 1925 857 et
1956 804 2211 866 insuttus,

688 900 735 943 et
774 890 1014 953 insidias,
1070 898 1124 942 et
1166 891 1474 943 detrimenta
1531 893 1712 955 multa,
1758 893 2031 961 judicatur
2074 908 2213 962 pra!-

683 981 909 1031 slantior
940 994 1001 1032 ea
1042 994 1159 1045 qua:
1218 980 1501 1033 tolerabilis
1544 996 1658 1045 est,
1698 990 1857 1049 atque
1912 982 2126 1037 concisa
2165 994 2215 1037 et

688 1067 878 1132 plana?
930 1066 1004 1118 lhi
1043 1066 1279 1119 mulieris
1320 1076 1563 1134 aspectus
1606 1069 1844 1135 preritat,
1884 1068 2108 1133 divitiae,
2163 1080 2217 1123 et

687 1162 1011 1218 potentatus,
1034 1164 1086 1208 et
1116 1155 1281 1222 gloria
1304 1166 1639 1208 commovent
1666 1159 2089 1223 aemulationem;
2112 1159 2216 1212 alia

687 1241 1014 1295 iracundiam
1070 1244 1350 1307 vellicant;
1405 1246 1503 1297 alia
1555 1248 2037 1313 concupiscentiam
2092 1262 2216 1301 suc-

684 1328 950 1385 cendunt;
998 1329 1101 1380 alia
1139 1328 1695 1384 dilfuslonemcordis
1733 1346 1839 1398 prae
1875 1333 2076 1395 latitia,
2117 1333 2216 1386 alia

687 1430 811 1469 vero
852 1417 1015 1467 animi
1056 1412 1433 1470 demissioncm
1467 1417 1733 1483 inferunt;
1762 1421 1862 1472 alia
1890 1422 2093 1473 vultum
2128 1426 2219 1473 de-

687 1506 949 1566 missum,
990 1519 1082 1557 seu
1131 1506 1381 1573 pudorem
1430 1522 1549 1561 cum
1589 1498 1812 1562 mmrore
1843 1518 1895 1563 et
1948 1510 2219 1565 confusio-

689 1607 806 1645 nem
832 1609 846 1654 ;
875 1592 977 1645 alia
1016 1594 1294 1661 gaudium,
1334 1596 1755 1665 hilaritatemque
1807 1598 2071 1663 efliciunt;
2116 1602 2218 1652 alia

685 1681 1112 1741 oblectationem.
1169 1691 1223 1735 et
1276 1684 1380 1736 alia
1438 1685 1683 1748 taedium;
1743 1686 1924 1753 sicque
1986 1688 2221 1754 quotidie

2314 542 2429 603 πῶς
2458 544 2491 609 ή
2538 541 2859 609 προσάντης,
2910 542 2999 592 καὶ
3038 539 3407 608 δυσπόρευτος,
3457 543 3489 611 ἡ
3527 544 3713 613 μακρά
3762 546 3867 594 καὶ

2315 629 2661 691 ἐπικίνδυνος,
2692 630 2724 697 ή
2760 626 3201 696 θηροϐολουμένη,
3224 628 3316 681 καὶ
3347 630 3722 698 λῃστοτρόφος,
3764 631 3865 681 καὶ

2324 717 2545 785 βρόχους
2574 717 2783 785 ἔχουσα,
2812 717 2904 768 καὶ
2935 716 3216 781 σκάνδαλα,
3242 718 3333 769 καὶ
3356 717 3589 788 ἐνέδρας,
3612 720 3704 771 καὶ
3721 721 3879 785 ἐπη-

2320 806 2469 875 ρείας
2506 806 2700 868 πολλὰς
2725 807 2819 873 τῆς
2846 806 3090 871 ἀνεκτῆς,
3106 806 3197 857 καὶ
3215 807 3476 874 συντόμου
3493 807 3584 859 καὶ
3610 807 3863 872 πεδινῆς,

2320 894 2559 963 κρίνεται
2579 894 2937 961 προτιμοτέρα
2960 913 2974 958 ;
3012 894 3167 960 Ὀιζιις
3187 894 3300 945 ἐκεῖ
3325 895 3574 959 γυναικὸς
3598 879 3863 962 ἐρεθίζει,

2317 980 2558 1042 πλοῦτος,
2594 982 2682 1032 καὶ
2708 980 2832 1031 δυνα
2842 980 3004 1037 ars-Ia.
3028 980 3117 1030 καὶ
3139 978 3265 1044 δόξα
3296 981 3433 1031 κινεῖ
3456 978 3511 1031 τδ
3533 978 3867 1047 ζηλότυπον,

2317 1070 2447 1121 ἄλλα
2483 1070 2573 1119 τὸν
2603 1068 2768 1136 θυμὸν
2800 1064 3088 1128 ἐπικνίζει·
3119 1066 3252 1120 ἄλλα
3296 1066 3395 1135 τὴν
3434 1066 3730 1135 ἐπιθυμίαν
3772 1067 3871 1118 ἀνα

2317 1156 2495 1215 ἀπτει,
2528 1156 2618 1207 καὶ
2664 1155 2819 1221 ἔτερα
2840 1154 3097 1222 διάχυσιν,
3120 1154 3211 1206 καὶ
3240 1154 3401 1221 ἐτερα
3433 1157 3572 1208 ποιεῖ
3598 1155 3868 1207 ταπεινό-

2316 1260 2473 1311 τητα,
2498 1243 2629 1295 ἄλλα
2657 1244 2971 1310 κατήφειαν,
2996 1242 3085 1293 καὶ
3109 1241 3385 1317 σύγχυσιν,
3408 1242 3733 1311 ἀλλαχαρὰν
3768 1244 3869 1294 καὶ

2315 1329 2610 1384 εὐπάθειαν
2636 1330 2949 1400 ἐργάζεται·
2980 1329 3111 1381 ἄλλα
3153 1329 3361 1396 τέρψιν,
3394 1330 3486 1382 καὶ
3517 1331 3676 1397 ἐτερα
3721 1333 3865 1382 δυσ-

2316 1418 2635 1488 αρέστησιν,
2660 1419 2750 1471 καὶ
2792 1419 2911 1470 καθ’
2944 1419 3175 1488 ἑκάστην
3211 1420 3267 1470 ἐν
3291 1420 3397 1481 τοῖς
3443 1406 3733 1487 ὁρωμένοις
3766 1418 3868 1469 καὶ

2317 1508 2661 1576 ἀκουομένοις
2724 1507 2862 1559 οὕτω
2914 1506 3217 1574 τυφόμενα,
3272 1507 3366 1558 καὶ
3409 1506 3732 1576 ριπιζόμενα
3795 1506 3868 1557 τὰ

2319 1595 2484 1661 πάθη,
2517 1594 2630 1655 πῶς
2655 1595 2734 1656 είς
2774 1593 3028 1662 λαμπράν
3063 1594 3161 1646 οὐκ
3188 1595 3541 1661 ἀναστήσεται
3567 1595 3867 1663 ὁτεδήποτε

2321 1684 2509 1749 φλόγα,
2538 1686 2628 1735 καὶ
2668 1686 2731 1751 τῇ
2779 1685 2986 1751 συνεχεῖ
3025 1683 3294 1751 γυμνασίᾳ
3332 1681 3523 1750 φθάσει
3558 1681 3691 1749 πρὺς
3731 1682 3868 1733 δυσ-

686 1770 771 1821 bis
834 1784 954 1836 qua:
1009 1770 1258 1822 videntur
1310 1778 1362 1823 et
1415 1772 1704 1825 audiuntur
1773 1773 2109 1827 inﬂammatae
2170 1785 2221 1828 et

2320 1773 2614 1824 κατάλυτον
2642 1772 2772 1835 ἕξιν,
2804 1771 2897 1823 καὶ
2928 1773 3024 1837 τὴν
3051 1770 3365 1839 μεταϐολὴν,
3417 1769 3450 1838 ἢ
3502 1771 3781 1832 ἐπίπονον,
3829 1772 3864 1836 ἧ

686 1859 979 1922 eventilata;
1008 1859 1301 1924 passiones,
1330 1860 1599 1926 quomodo
1628 1862 1679 1915 in
1711 1863 2038 1929 splendidam
2070 1863 2220 1917 ﬂam-

687 1962 826 1998 mam
856 1946 1067 1999 tandem
1101 1947 1386 2015 aliquaudo
1412 1965 1515 2001 non
1547 1960 1851 2018 exsurgent.
1884 1961 1937 2006 et
1964 1953 2216 2006 continua

687 2028 1064 2086 exercitatione
1108 2048 1212 2087 non
1258 2036 1555 2103 pertingent
1601 2039 1664 2088 ad
1719 2039 1954 2090 habitum
2003 2039 2221 2093 dissolvi

688 2121 977 2184 difficilem,
1004 2136 1065 2176 ac
1089 2124 1603 2185 trausmutationem,
1628 2133 1722 2178 aut
1752 2124 2094 2188 laboriosam,
2126 2138 2217 2182 aut

692 2208 932 2265 fortassis
974 2211 1352 2278 impossibilem
1396 2226 1501 2265 nou
1536 2212 1806 2267 efﬁcient?
1840 2213 2046 2284 Etenim
2090 2230 2222 2269 cou-

691 2300 918 2351 suetudo
952 2314 1056 2352 non
1098 2302 1276 2354 minus
1304 2316 1462 2368 quam
1500 2303 1765 2356 vinculum
1801 2304 2062 2368 detinens,
2115 2320 2222 2359 non

694 2383 948 2451 permittit
991 2399 1281 2449 recessum,
1334 2389 1529 2455 quippe
1586 2404 1703 2453 qua:
1755 2392 2026 2455 paululum
2078 2392 2221 2444 cedit

691 2472 943 2540 itnpulsui
987 2476 1242 2534 moventi,
1295 2483 1351 2526 at
1397 2490 1584 2528 rursus
1627 2478 1785 2529 trahit
1822 2476 1889 2529 ad
1936 2493 1995 2531 se
2051 2479 2218 2546 ipsam

691 2577 835 2624 etim,
868 2562 958 2629 qui
1006 2570 1232 2616 conatur
1274 2564 1577 2618 abscedere.
1633 2565 1847 2627 Verum.
1893 2568 1982 2636 qui
2035 2570 2102 2621 ah
2132 2570 2226 2623 hu-

686 2651 838 2718 jusce
864 2652 986 2705 vita:
1018 2654 1239 2720 negotiis
1275 2663 1549 2721 separatus
1576 2664 1677 2716 est,
1700 2663 1754 2708 et
1797 2672 1988 2711 sensus
2035 2659 2226 2711 avertit

690 2752 720 2791 ιι
764 2738 935 2792 rebus
971 2740 1332 2801 sensibilibus,
1376 2749 1536 2808 atque
1583 2744 1720 2808 apud
1772 2743 2003 2810 seipsum
2048 2746 2225 2813 quiete

691 2826 831 2895 agit,
857 2827 900 2880 si
934 2828 1219 2881 memorias
1248 2828 1439 2881 habeat
1483 2830 1820 2897 passionibus
1848 2832 2094 2897 percitos,
2136 2848 2225 2887 ce-

691 2906 852 2979 lerius
879 2913 1073 2967 delebit
1097 2928 1210 2976 eas,
1236 2922 1489 2982 tempore,
1522 2916 1685 2985 398
1716 2919 1865 2985 quod
1888 2919 2068 2972 omnia
2107 2935 2224 2988 per-

676 3002 947 3069 ‘antiqual,
994 3000 1185 3054 horum
1225 3017 1435 3070 quoque
1474 3005 1722 3070 paulatim
1786 3005 2102 3060 oblivionem
2150 3008 2224 3060 in-

2322 1860 2459 1930 τάχα
2490 1862 2702 1927 ποιήσει
2744 1862 2837 1912 καὶ
2869 1860 3154 1923 ἀδύνατον;
3200 1856 3408 1926 Δεσμοῦ
3446 1858 3551 1927 γὰρ
3573 1859 3673 1911 οὐκ
3702 1857 3863 1910 ἐλατ-

2322 1966 2411 2001 τον
2464 1948 2756 2015 κατέχουσα
2816 1950 2848 2014 ἡ
2901 1947 3169 2014 συνήθεια,
3217 1948 3317 2013 τὴν
3364 1947 3705 2015 ἀναχώρησιν
3759 1948 3865 1998 οὐκ

2324 2037 2553 2105 ἐφίησιν,
2578 2037 2752 2101 ὀλίγον
2784 2036 3047 2087 ἐνδιδοῦσα
3069 2037 3133 2104 τῇ
3155 2038 3317 2104 ὁρμῇ.
3343 2036 3436 2088 καὶ
3458 2033 3608 2099 αὖθις
3628 2036 3867 2102 ἕλκουσα

2327 2123 2460 2191 πρὸς
2504 2123 2697 2191 ἑαυτὴν
2740 2122 2830 2174 τὸν
2884 2122 3243 2190 ἀποφοιτῆσαι
3293 2123 3641 2192 πειρώμενον.
3696 2123 3760 2173 ὐ
3807 2123 3868 2173 δέ

2320 2210 2427 2262 τῶν
2479 2209 2740 2277 βιωτικῶν
2791 2206 3185 2279 κεχωρισμένος
3236 2213 3589 2279 πραγμάτιον,
3636 2210 3869 2272 καὶτὰς

2322 2297 2599 2366 αἰσθήσεις
2635 2299 2947 2366 ἀποστήσας
2983 2296 3090 2348 τῶν
3130 2298 3419 2366 αἰσθητῶν,
3464 2300 3559 2350 καὶ
3583 2298 3704 2350 καθ’
3735 2300 3871 2350 ἐαυ-

2320 2386 2411 2439 τὸν
2438 2386 2676 2453 ἠρεμῶν,
2723 2385 2788 2437 ἂν
2822 2385 2918 2453 μὲν
2954 2384 3051 2455 ἔχῃ
3085 2387 3297 2453 μνήμας
3340 2385 3620 2454 ἐμπαθεῖς,
3649 2386 3869 2454 ταχέως

2321 2473 2568 2541 ἀφανίσει
2612 2472 2830 2535 ταύτας.
2882 2472 2975 2523 τοῦ
3031 2474 3205 2525 πάντα
3254 2473 3599 2536 παλαιοῦντος
3641 2474 3866 2542 χρόνον,

2321 2559 2487 2629 λήθην
2512 2559 2603 2611 καὶ
2645 2557 2843 2610 τούτων
2873 2556 3009 2610 κατά
3040 2557 3236 2627 μικρὸν
3261 2558 3620 2626 ἐργαζομένου
3644 2574 3659 2587 °
3691 2556 3788 2607 ἐὰν
3809 2556 3868 2608 δὲ

2326 2649 2490 2719 μηδὲν
2521 2648 2737 2711 ἐδέξατο
2758 2646 2865 2699 τῶν
2896 2646 3187 2699 ποιούντων
3222 2648 3396 2714 μάχην
3441 2644 3691 2708 εἰδώλων,
3724 2646 3869 2713 πρὸς

2276 2761 2282 2767 ·
2322 2738 2420 2800 τάς
2453 2736 2684 2802 φυσικὰς
2711 2736 3041 2802 ὑπομνήσεις
3067 2734 3224 2813 ψιλὰς
3258 2733 3368 2801 ἔχει
3403 2733 3502 2802 τὴν
3548 2733 3722 2802 πάλην
3767 2735 3866 2785 εὑ-

2324 2823 2751 2891 καταγωνίστους
2795 2823 2959 2886 οὕσας
3008 2820 3450 2893 εύπαραγώγους,
3477 2822 3572 2890 τῆς
3622 2821 3868 2881 διανοίας

2322 2913 2553 2973 εὐκόλως
2586 2912 3001 2981 μετατιθεμένης
3029 2912 3215 2973 αύτάς,
3245 2911 3341 2963 καὶ
3382 2906 3869 2980 ἀποστρεφομένης

2323 3002 2577 3070 εὐχερῶς,
2618 3004 2743 3055 ὅταν
2774 3002 2958 3071 μηδενὶ
2986 3001 3090 3054 τῶν
3126 3000 3323 3066 ἔξωθεν
3347 3000 3539 3070 λίχνων
3584 2998 3860 3060 δελεάζειν

689 3089 949 3151 ducente;
1020 3086 1104 3140 sin
1146 3100 1269 3140 vero
1325 3087 1518 3140 nullam
1554 3090 1844 3156 susceperit
1868 3088 2094 3158 efﬁgiem
2145 3106 2221 3144 eo-

2329 3091 2547 3158 δύνηται
2580 3094 2608 3143 ό
2636 3091 2820 3161 ἐχθρός

690 3192 809 3231 rum
852 3188 972 3243 qua:
1024 3187 1253 3241 pugnam
1305 3174 1465 3236 cient,
1512 3175 1709 3229 luctam
1760 3176 1918 3229 habet
1958 3177 2213 3231 adversus
2250 3178 2518 3247 simplices
2571 3180 2990 3234 reminiscentias
3035 3180 3321 3242 naturales,
3355 3195 3474 3249 quae
3528 3179 3710 3234 faciles
3733 3186 3866 3231 sunt

689 3274 1012 3339 expugnato,
1044 3274 1097 3319 et
1125 3266 1314 3320 abduci
1348 3265 1492 3320 nullo
1576 3268 1789 3336 negotio
1859 3276 2084 3335 queunt,
2114 3277 2289 3322 mente
2327 3269 2680 3324 transferente
2721 3271 2970 3325 facillime
3011 3272 3174 3339 ipsas,
3215 3278 3266 3323 ct
3306 3279 3583 3326 aversante
3611 3270 3729 3324 sine
3772 3268 3864 3323 la-

688 3354 835 3418 bore,
870 3356 1086 3424 quando
1124 3356 1372 3409 inimicus
1398 3355 1540 3407 nulla
1568 3355 1735 3422 possit
1758 3357 2079 3410 exteriorum
2117 3357 2461 3423 cupxdiarnm
2493 3359 2723 3415 allicere.

1259 3482 1479 3536 CAPUT
1518 3482 1634 3535 XX.

756 3593 913 3649 llisce
951 3594 1150 3661 quippe
1196 3592 1470 3644 consuevit
1522 3592 1739 3661 (hostis)
1787 3594 2061 3661 passiones
2114 3594 2218 3647 illi-

691 3697 835 3741 nere,
869 3697 932 3735 ae
968 3681 1180 3735 efficere
1224 3680 1537 3734 luctationes
1571 3695 1824 3750 operosos
1854 3691 1906 3736 et
1934 3683 2225 3737 laboriosas

689 3770 1083 3823 decertantibus
1118 3788 1132 3821 :
1163 3784 1261 3823 nec
1296 3770 1435 3823 enim
1477 3779 1684 3825 tantum
1740 3781 1914 3840 potest
1963 3775 2223 3841 concupi-

691 3858 891 3910 scentia
933 3855 1049 3909 sine
1077 3856 1312 3911 materia.
1347 3872 1604 3926 quantum
1636 3860 1796 3923 valet,
1822 3875 1943 3913 cum
1985 3864 2035 3914 ei
2080 3862 2226 3924 adja-

690 3952 812 3995 cent
835 3941 1104 4011 proposita
1139 3942 1595 4008 concupiscibilia,
1625 3960 1722 3997 nec
1765 3961 1953 3997 rursus
1976 3946 2222 3996 domina-

693 4039 778 4080 tur
822 4029 921 4089 ira,
968 4044 1088 4081 cum
1140 4044 1243 4081 non
1294 4028 1435 4082 adsit
1477 4028 1566 4095 qui
1602 4031 1830 4083 concitet
1873 4032 2039 4083 illam.
2073 4030 2224 4083 Volu-

692 4128 807 4182 ptas
843 4129 968 4168 vero
1017 4127 1139 4167 tunc
1177 4119 1460 4182 excitatur,
1504 4120 1717 4187 quando
1757 4120 1807 4172 id
1847 4121 1990 4188 quod
2029 4122 2220 4189 placet,

693 4215 904 4272 aspectu
932 4204 1155 4273 proritat
1188 4207 1495 4271 appetitum.
1529 4208 1858 4261 Suntantem
1891 4211 2081 4262 horum
2107 4226 2221 4264 mo-

694 4304 777 4344 tus
817 4293 1037 4355 infirmi,
1093 4306 1154 4345 ac
1189 4293 1415 4353 remissi,
1455 4310 1558 4346 non
1601 4298 1915 4350 obturbante
1949 4300 2222 4367 imagina—

692 4381 855 4441 tione,
890 4395 1006 4445 quae
1045 4381 1523 4435 considerationem
1562 4383 1703 4436 velut
1740 4400 1769 4435 e
1797 4400 1986 4437 somno
2007 4391 2219 4449 excitat,

690 4467 841 4534 quasi
877 4468 1220 4532 obdormiret,
1247 4481 1299 4525 et
1347 4472 1720 4541 cogitationem
1768 4474 1820 4526 in
1855 4490 1911 4528 se
1942 4475 2055 4542 ipsa
2098 4476 2221 4527 reli-

692 4566 778 4607 net
810 4554 1042 4623 vigilem,
1076 4571 1138 4609 ac
1180 4569 1594 4623 permanentem.
1627 4562 1864 4633 Exempli
1902 4568 2106 4633 gratia;
2145 4566 2243 4633 ri-r

691 4654 799 4701 sus,
830 4641 943 4707 qui,
976 4639 1227 4693 blan'dutn
1255 4642 1453 4710 aliquid
1478 4647 1704 4701 amicum
1733 4652 1975 4711 reddens,
2007 4652 2220 4704 cohibet

693 4726 1115 4782 iuconuiventem
1152 4729 1399 4783 intuitum
1437 4734 1579 4786 oculi
1612 4736 1833 4790 nimium
1869 4741 2109 4807 corporis
2134 4742 2217 4795 sui

694 4816 936 4877 studiosi,
967 4827 1018 4871 et
1038 4821 1339 4874 nullatenus
1357 4834 1477 4873 eum
1505 4822 1867 4890 circumagere
1886 4828 2214 4892 permittens,

697 4918 791 4955 nec
818 4904 1019 4970 siuens,
1054 4914 1111 4959 ut
1137 4910 1203 4962 ad
1240 4910 1436 4977 aliquid
1466 4910 1609 4963 aliud
1650 4910 1933 4965 transferat.
1973 4915 2214 4969 volunta-

697 4997 797 5041 tem
850 4990 968 5057 (etsi
1006 4995 1126 5059 quis
1172 4993 1288 5050 velit
1338 4999 1745 5069 constringere),
1789 5003 1955 5056 vincit
1995 5004 2216 5056 delet-ta-

698 5076 834 5130 tione
875 5077 1135 5144 pertinax,
1178 5098 1532 5154 magnumque
1567 5088 1800 5141 studium
1843 5090 2214 5144 contendentis
2263 5134 2269 5139 .

698 5163 904 5214 oculum
928 5174 1183 5219 avertere.
1210 5164 1400 5221 Verum
1427 5188 1530 5225 uou
1560 5175 1638 5228 sic
1668 5178 1932 5244 contingit
1965 5178 2034 5244 ei,
2060 5179 2150 5246 qui
2185 5194 2214 5231 a

698 5249 823 5303 solis
842 5255 1295 5310 recordationibus
1317 5263 1663 5329 perturbatur,
1692 5268 1778 5318 cui
1813 5267 2055 5322 liberatio
2086 5269 2215 5323 faei-

697 5333 760 5389 lis
794 5345 896 5401 est,
920 5340 1078 5406 btque
1113 5344 1259 5401 valde
1297 5356 1534 5415 prompta
1565 5354 1804 5419 migratio
1832 5375 1845 5409 :
1875 5359 2215 5413 meditatione

700 5437 941 5513 namque,
994 5442 1057 5480 ac
1099 5434 1346 5487 exercitio
1390 5452 1693 5492 sermonum
1745 5446 2123 5513 spiritualium,
2161 5460 2213 5503 et

698 5508 899 5567 intonsa
950 5519 1189 5573 oratione
1233 5538 1378 5579 meus
1415 5530 1647 5585 abscedit
1675 5508 1834 5603 399
1854 5537 1919 5590 ab
1958 5539 2060 5605 his,
2096 5508 2212 5609 quae

2910 3491 3151 3546 ΚΕΦΑΛ.
3192 3495 3275 3546 κ’.

2394 3598 2610 3660 Τούτοις
2638 3599 2742 3667 γὰρ
2774 3598 3007 3665 ἀλείφειν
3041 3601 3248 3667 πέφυκε
3275 3603 3343 3656 τά
3374 3604 3537 3672 πάθη,
3571 3606 3663 3657 καὶ
3690 3607 3865 3657 ποιεῖν

2324 3688 2435 3746 τοῖς
2480 3685 2892 3753 ἀγωνιζομένοις
2940 3687 3167 3756 ἐργώδη,
3227 3689 3320 3740 καὶ
3365 3689 3593 3741 ἐπίπονα
3640 3690 3704 3741 τά
3753 3707 3866 3743 πα-

2324 3775 2588 3842 λαίσματα
2606 3792 2619 3804 ·
2649 3776 2742 3844 οὐχ
2779 3775 2918 3828 οὕτω
2946 3776 3051 3846 γὰρ
3082 3775 3249 3845 ἰσχύει
3278 3776 3403 3829 ἀνευ
3426 3776 3555 3846 ὕλης
3576 3778 3862 3845 ἐπιθυμία,

2322 3864 2396 3923 ὼς
2427 3863 2595 3929 ίσχύει
2623 3865 2727 3915 τῶν
2757 3863 3101 3933 ἐπιθυμητῶν
3131 3865 3567 3935 παρακειμένων,
3598 3864 3723 3917 οὔτε
3750 3867 3862 3919 πά-

2323 3949 2404 3999 λιν
2445 3950 2748 4001 δυναστεύει
2781 3949 2965 4018 θυμὸς,
3003 3954 3074 4019 μὴ
3104 3955 3364 4021 παρόντος
3396 3954 3488 4007 τοῦ
3535 3954 3860 4025 παροξύνονσ

2323 4038 2630 4105 τος.ἹΙδονή
2664 4054 2720 4089 τε
2745 4038 3239 4104 τότελδιανίσταται,
3271 4043 3357 4093 ὅτε
3389 4044 3447 4093 τὸ
3470 4038 3594 4111 ἦδος
3627 4046 3861 4114 ἐρεθίζει

2322 4130 2385 4197 τῇ
2421 4128 2535 4193 ὄψει
2569 4126 2665 4197 τὴν
2717 4127 2918 4195 ἔφεσιν.
2964 4128 3227 4192 ’Λσθενεῖς
3276 4132 3331 4184 δὲ
3376 4133 3573 4186 τούτων
3614 4136 3670 4187 αἱ
3712 4141 3862 4205 xuii;-

2328 4234 2459 4279 σεις,
2498 4220 2589 4269 καὶ
2634 4219 2806 4271 ἀτονοι
2853 4219 2926 4289 μὴ
2960 4220 3385 4291 παρενοχλούσης
3424 4224 3717 4294 φαντασίας
3760 4227 3859 4294 τῆιῑ

2284 4305 2703 4376 ’διυπνιξούσης
2759 4306 2942 4375 ῶσπερ
2994 4308 3347 4362 καθεύδουσαν
3394 4311 3489 4379 τὴν
3541 4312 3856 4381 ἐνθύμησιν,

2329 4395 2421 4445 καὶ
2462 4395 2553 4446 τὸν
2593 4396 2847 4465 λογισμὸν
2881 4397 3013 4465 πρὸς
3050 4398 3239 4468 ἑαυτὴν
3273 4401 3601 4469 κατεχούσης
3630 4403 3860 4470 ἐγρηγο-

2327 4482 2455 4547 ρότα
2509 4485 2601 4534 καὶ
2635 4486 3029 4553 παραμένοντα.
3097 4488 3181 4548 Ὠς
3222 4489 3347 4539 ὅταν
3393 4489 3666 4557 ὀφθαλμοῦ
3713 4491 3860 4557 φιλο.

2324 4568 2576 4635 σωμάτου
2623 4570 2836 4638 κατέχει
2876 4572 2995 4639 (Aps;
3040 4574 3338 4640 ἀρέσκουσα
3378 4574 3455 4643 τῷ
3496 4577 3767 4646 ἐπαγωγῷ
3799 4579 3859 4631 τὸ

2322 4655 2523 4720 ἀτενὲς,
2568 4655 2799 4724 οὐδαμοῦ
2834 4657 3112 4725 περιάγειν
3142 4660 3519 4728 ἐπιτρέπουσα,
3570 4663 3688 4716 ούδέ
3724 4667 3853 4733 πρὸς

2321 4743 2501 4812 ’ἐτερόν
2527 4760 2578 4795 τι
2623 4748 2961 4812 μετενεγκεῖν
2989 4746 3081 4815 τὴν
3115 4746 3304 4816 βουλὴν
3342 4751 3711 4821 συγχωροῦσα,
3755 4754 3854 4807 κᾶν

2321 4832 2508 4900 ἄγχειν
2534 4849 2617 4895 τις
2649 4834 2839 4896 ἐθέλοι,
2875 4834 3079 4888 νικῶσα
3118 4839 3183 4904 τῇ
3216 4836 3399 4906 τέρψει
3427 4841 3517 4892 τοῦ
3551 4830 3852 4911 ἀποστῆσαι

2318 4924 2379 4975 τὸ
2407 4923 2556 4991 ὄμμα
2603 4921 2919 4991 βιαζομένου
2970 4925 3028 4975 τὸ
3073 4926 3383 4992 φιλόνεικον.
3424 4930 3564 4981 ’Δλϊ
3607 4930 3723 4983 ἐστι
3773 4933 3853 5001 τῷ

2322 5012 2419 5078 μὲν
2450 5015 2566 5073 ταῖς
2592 5011 2827 5081 μνήμαις
2858 5013 3213 5083 ἐνοχλουμένῳ
3242 5016 3457 5079 εὔκολος
3485 5020 3517 5087 ή
3542 5019 3847 5089 ἀπαλλαγὴ,

2319 5103 2408 5152 καὶ
2455 5102 2571 5153 λίαν
2618 5099 2857 5169 εὐμαρὴς
2905 5102 3263 5168 ἁπανάστασις
3291 5122 3307 5137 ⁸
3344 5107 3538 5177 μελέτῃ
3604 5107 3711 5175 γὰρ
3758 5112 3849 5162 καὶ

2319 5190 2586 5260 γυμνασίᾳ
2622 5188 2789 5255 λόγων
2821 5193 3217 5257 πνευματικῶν.
3249 5196 3338 5245 καὶ
3365 5199 3632 5266 προσευχῇ
3664 5214 3845 5249 συντε-

2318 5278 2521 5348 ταμένῃ
2553 5278 2835 5344 ἀφίσταται
2878 5280 2983 5332 τῶν
3030 5281 3102 5351 μὴ
3154 5282 3487 5350 ἀρεσκόντων
3530 5284 3605 5359 τῷ
3650 5284 3770 5354 Θεῷ
3818 5287 3849 5337 δ’

2321 5365 2459 5427 νοῦς,
2507 5371 2599 5420 καὶ
2629 5368 2937 5438 μεθίστατάι
2972 5372 3103 5439 πρὸς
3144 5371 3211 5422 τά
3256 5372 3651 5441 σπουδαζόμενα
3704 5374 3843 5427 κατὰ

2319 5453 2466 5518 Θεὸν,
2494 5458 2694 5520 τούτοις
2723 5459 3066 5523 ἐνευῑιαιοῶν,
3098 5461 3355 5517 κακείνων
3383 5461 3551 5531 λήθην
3582 5460 3843 5527 ποιούμε-

2316 5559 2420 5606 νος.
2451 5543 2749 5613 Καμμῦσαι
2778 5547 2833 5599 δὲ
2869 5549 3000 5617 «pb;
3045 5549 3111 5602 τά
3151 5549 3393 5620 ὁρώμενα
3432 5553 3518 5604 τον
3569 5552 3839 5635 ὀρθαλμδν
