4052 6336
196 375 320 438 1093

1275 331 1703 447 Tnama‘rus
1745 361 1838 417 AD
1877 355 2285 415 summum.

3220 338 3348 402 109i

146 492 149 493 '
191 477 566 545 διαθέσειπρὸς
587 474 822 535 τούτους.
855 471 1132 537 κάκείνου-ς
1166 456 1717 537 μεριζόμενος,ἁγαν-
1748 515 1750 521 ,

1826 460 1949 512 tium
1978 498 1990 521 ,
2016 467 2073 523 et
2111 456 2467 509 fraudatotum
2497 492 2507 513 ,
2543 451 2679 500 \ittct
2700 488 2712 510 ,
2746 447 2954 514 inquam
2975 489 2991 507 ,
3019 446 3239 498 omnino
3258 484 3271 506 ,
3300 459 3352 497 et

194 566 360 618 ακτῶν
392 564 522 633 πρὸς
556 562 675 622 τοὺς
723 556 1147 617 καταπονοῦντας
1178 556 1269 607 καὶ
1308 555 1430 614 τοὺς
1463 566 1700 603 καταπο-

191 641 478 719 νουμένους
530 648 912 715 οίκτιζόμενος,
964 644 1135 714 θυμοῦ
1191 641 1555 711 πληρούμενος
1615 638 1709 688 καὶ

191 743 317 811 πρὸς
344 740 489 792 ἔλεον
516 739 913 807 καμπτόμενος,
936 732 1359 804 παροξυνόμενος
1386 732 1481 781 καὶ
1513 727 1714 794 σπλαγ-

188 847 287 899 χνα
324 828 780 896 τιτρωσκόμενος,
837 824 927 877 καὶ
970 824 1044 892 τῷ
1091 819 1476 891 ὲφησυχάζοντι
1509 818 1713 879 τούτοις

186 917 301 987 Θεῷ
332 918 430 985 τῆς
472 909 850 985 μακροθυμίας
895 912 1002 964 ἐσθ’
1035 913 1120 963 ὅτε
1154 908 1519 979 μεμφόμενος.
1549 906 1717 958 Τοῦτο

187 1008 293 1084 γὰρ
329 1006 358 1057 ό
405 1005 682 1075 προφήτης
732 1002 859 1055 ποτε
903 1001 1083 1053 παθὼν
1117 999 1422 1065 Ἀὁακοὺμ,
1458 996 1713 1055 δείκνυσι,

189 1080 281 1141 καὶ
318 1091 429 1150 τοῖς
465 1088 755 1157 πάσχουσιν
778 1089 913 1157 ὅπερ
939 1085 1155 1144 ἔπαθεν,
1186 1102 1205 1135 ι
1239 1084 1352 1136 Ἵνα
1384 1082 1434 1134 τί
1469 1098 1591 1150 μοι,
1626 1080 1716 1131 λέ-

188 1194 317 1243 γων,
343 1176 545 1242 ἔδειξας
572 1176 769 1238 κόπους
814 1178 906 1227 καὶ
932 1174 1151 1235 «dvo-4;;
1179 1174 1257 1224 ὅτι
1278 1174 1305 1223 ό
1331 1169 1527 1239 ἀσεϐὴς
1554 1184 1717 1221 κατα-

188 1264 497 1317 δυναστεύει
522 1264 610 1315 τὸν
633 1244 856 1324 δίκαιον,
874 1262 959 1313 καλ
986 1262 1105 1321 τοὺς
1130 1258 1442 1328 ἀνθρώπους
1461 1255 1719 1323 ἐποίησας

186 1353 263 1416 ὡς
294 1354 479 1421 ἰχθύας
506 1352 602 1416 τῆς
628 1352 897 1420 θαλάσσης
933 1348 1391 1415 καταπινομένους
1434 1346 1648 1407 αὐτοὺς,
1692 1363 1710 1395 ι

187 1444 288 1511 τὴν
323 1444 520 1514 ἀνοχὴν
560 1442 779 1510 ταύτην,
812 1441 906 1493 καὶ
951 1440 1308 1509 συγχώρησιν,
1350 1439 1424 1499 ὡς
1463 1436 1721 1504 ἀναρχίαν

189 1531 336 1601 ζήλῳ
374 1533 475 1603 μὲν
506 1532 911 1602 πεπυρωμένῳ,
937 1530 1071 1587 ἀλλὰ
1107 1530 1349 1599 θρασέως
1374 1526 1615 1593 ἐγκαλῶν
1642 1524 1720 1592 τῷ

348 1622 469 1701 Καὶ
497 1622 579 1684 τίς
607 1621 818 1692 ἀνάγκη
856 1619 1095 1690 βιάζεται
1140 1622 1389 1688 παρεῖναι
1419 1618 1528 1679 τοῖς
1552 1616 1721 1668 ἄλλων

141 1712 156 1727 ⁸
189 1713 379 1772 κακοῖς
409 1708 571 1779 μηδὲν
592 1706 901 1779 δυνάμενον,
922 1710 1013 1760 καὶ
1038 1706 1580 1777 προσαμαρτανοντα;
1605 1704 1722 1756 Κᾶν

191 1800 358 1867 μηδὲν
392 1800 535 1868 μέγα
562 1798 621 1851 et
650 1798 779 1865 γοῦν
812 1798 895 1865 ἐφ’
925 1792 1004 1861 οἷς
1032 1798 1179 1850 ἄλλοι
1227 1799 1516 1865 πράττουσι
1545 1793 1723 1854 κακῶς

189 1888 549 1956 ταράττεσθαι
574 1928 601 1952 ,,
631 1888 927 1957 εἰρηνεύειν
972 1888 1067 1955 τῆς
1113 1875 1345 1947 διανοίας
1383 1884 1720 1951 ὀφειλούσης,

186 1968 330 2026 οὕτω
352 1974 759 2044 πλημμελοῦσιν
788 1977 843 2027 ὲν
866 1975 941 2044 τῷ
970 1973 1159 2043 πλήθει
1186 1973 1260 2042 μὴ
1286 1958 1725 2039 πλημμελοῦντες

188 2062 242 2111 oi
265 2062 658 2129 κεχωρισμένοι
683 2060 773 2113 τοῦ
808 2061 1041 2130 πλήθους
1061 2099 1076 2125 ,
1118 2062 1210 2111 καὶ
1242 2058 1557 2127 ζημιοῦνται
1587 2060 1633 2110 οἱ
1668 2060 1724 2109 ὲν

189 2146 265 2213 τῷ
292 2146 487 2215 πλήθει
518 2148 737 2215 μισθοὺς
765 2149 958 2212 πόνων,
983 2148 1132 2216 δόξης
1153 2146 1334 2199 ἕνεκεν
1363 2146 1722 2215 ἀνθρωπίνης.

191 2234 307 2287 Κᾶν
338 2234 447 2305 γὰρ
488 2236 745 2315 μυριάκις
774 2238 821 2288 ot
854 2236 1009 2287 πλέον
1048 2238 1264 2298 τούτους
1294 2235 1399 2286 τῶν
1430 2234 1725 2303 ἡσυχαζόν-

189 2337 302 2373 των
330 2321 693 2391 θαυμάζοντες
718 2323 943 2390 λέγωσιν
968 2325 1029 2374 ἐκ
1050 2321 1139 2373 τοῦ
1160 2325 1390 2373 συνεῖναι
1408 2320 1483 2389 τῷ
1515 2320 1723 2390 πλήθει,

191 2409 341 2479 δῆλοι
373 2410 664 2480 διαρρήδην
692 2411 797 2462 sici.
834 2410 1005 2476 τούτῳ
1038 2409 1112 2477 τῷ
1142 2408 1321 2477 δεσμῷ
1356 2408 1725 2481 κατεχόμενοι,

192 2496 447 2567 αὐτῷ.τῷ
474 2499 746 2568 αἱρεῖσθαι
792 2500 917 2561 τοὺς
965 2498 1289 2568 ζημιοῦντας
1330 2496 1520 2557 τόπους
1562 2497 1728 2547 οἰκεῖν

192 2586 400 2648 τούτοις
430 2586 550 2639 καθ’
581 2587 807 2647 ἑαυτῶν,
841 2586 932 2638 καλ⁸
960 2586 1086 2638 ἄνευ
1110 2585 1407 2655 κατηγόρου
1431 2583 1729 2651 διαπρυσίῳ

192 2675 533 2743 κεκραγότας
560 2676 710 2741 φωνῇ
735 2674 809 2734 ὡς
840 2673 907 2724 ab
948 2674 1104 2725 πάλιν
1134 2674 1181 2723 οἱ
1204 2672 1588 2741 κεχωρισμένοι
1621 2670 1731 2721 τῶν

194 2760 578 2824 ἐπαινούντων,
609 2760 686 2827 τῷ
708 2759 851 2828 ἔργῳ
873 2758 1052 2825 σαφῶς
1078 2757 1408 2825 μαρτυροῦσι
1438 2757 1530 2807 καὶ
1554 2756 1726 2817 αὐτοὶ,

194 2848 275 2899 ὅτι
306 2848 405 2914 τὴν
432 2831 711 2918 παράτοζς
739 2846 947 2906 πολλοῖς
977 2843 1386 2912 θαυμαζομένην
1416 2841 1569 2903 δόξαν
1598 2843 1730 2892 ἑπά-

194 2951 375 3003 τησανε
404 2937 465 2988 ού
492 2936 707 3004 νηστεία
738 2935 941 2998 τούτοις
974 2935 1277 2996 διαπίπτει,
1323 2933 1420 2983 οὐκ
1462 2930 1731 2999 ἀγρυπνία

193 3022 520 3082 ἀπόλλυται,
544 3024 603 3073 οὐ
638 3022 909 3091 προσευχὴ
931 3008 1168 3088 ναυαγεῖ,
1198 3020 1258 3071 ού
1291 3018 1512 3070 συλᾶται
1536 3033 1728 3086 καρτε-

1829 545 2149 613 patientibus
2176 542 2515 608 compatitnr,
2565 536 2838 588 aﬂ‘ectione
2888 535 2937 585 in
2988 534 3083 585 ltus
3141 540 3193 584 et
3236 532 3352 581 illns

1821 634 2043 697 divisus,
2076 632 2356 698 indignans
2387 629 2639 680 adversus
2663 624 3045 691 opprintenles,
3080 632 3131 673 et
3161 623 3353 672 miscr-

1824 732 1907 776 tus
1953 734 2367 788 oppressorum,
2418 717 2605 784 plenus
2647 714 2823 766 animo
2855 710 3114 762 iracundo
3140 748 3155 770 ,
3204 717 3255 759 et
3289 709 3377 764 :nl

1821 809 2238 863 misericordiam
2291 805 2553 865 inﬂexus,
2586 801 2882 856 concitatus
2910 838 2923 861 ,
2970 807 3021 848 et
3060 794 3387 867 \lSCCI'lblth'

1820 897 2131 958 sauciatus,
2177 909 2241 946 ac
2283 895 2347 947 de
2396 893 2584 945 silente
2633 888 2739 941 Deo
2790 888 2859 938 ob
2906 884 3355 950 lmiganimitatem

1820 986 2138 1054 quandoque
2184 994 2539 1051 conquerens.
2602 976 2747 1029 Istud
2805 988 3031 1040 namque
3093 970 3356 1021 interdum

1821 1074 2023 1141 patiens
2052 1071 2325 1123 llabacum
2371 1071 2619 1136 propheta
2666 1064 2982 1132 patientibus
3021 1072 3230 1126 qunque
3270 1057 3360 1106 de-

1829 1167 2122 1221 monstrat,
2170 1156 2307 1225 quod
2378 1156 2488 1223 ipse
2534 1154 2847 1222 patiebatur.
2909 1169 2924 1197 ι
2986 1149 3175 1214 [ῖιῳιίι]
3232 1142 3356 1197 ιιιὶιιί

1826 1246 2079 1312 (dicens)
2119 1243 2399 1297 ostendisti
2434 1242 2669 1303 labores,
2698 1247 2748 1291 et
2779 1235 3082 1291 an'utnnas?
3115 1234 3237 1300 quia
3274 1237 3363 1282 im-

1822 1334 1942 1401 pius
1972 1332 2118 1398 justo
2156 1332 2459 1384 dominatur
2502 1329 2727 1395 superbe
2752 1366 2766 1388 ,
2806 1334 2858 1377 et
2897 1324 3139 1375 homines
3187 1320 3357 1371 fecisti

1823 1422 1978 1490 quasi
2018 1422 2191 1488 pisces
2246 1419 2445 1481 maris,
2506 1418 2599 1484 qui
2667 1417 2867 1481 seipsos
2914 1409 3297 1473 al;sorbent";
3343 1428 3359 1456 ι

1825 1511 1890 1563 de
1935 1509 2301 1577 hujuscemodi
2330 1507 2606 1560 tolerantia
2638 1546 2653 1569 ,
2702 1519 2764 1555 ac
2811 1502 3181 1570 pettnissiune,
3214 1495 3363 1564 quasi

1825 1600 1891 1653 de
1937 1600 2171 1652 carentia
2227 1597 2627 1660 Domiuatoris,
2681 1595 2792 1647 zelo
2816 1593 3028 1661 quidem
3070 1589 3227 1659 407
3278 1602 3365 1639 ar-

1825 1686 1998 1750 dente,
2028 1688 2131 1741 Sed
2157 1687 2414 1744 audacius
2435 1725 2450 1750 ,
2484 1684 2591 1735 Deo
2618 1683 2759 1734 litem
2794 1683 3093 1734 intendens.
3128 1679 3190 1729 lit
3222 1692 3366 1743 qmr-
3406 1678 3409 1680 ’

1828 1791 1949 1829 nam
1981 1775 2266 1828 necessitas
2299 1773 2567 1840 compellit
2606 1772 2792 1824 adesse
2827 1768 3013 1819 alienis
3062 1766 3213 1818 malis
3242 1779 3361 1815 eum

1754 1854 1797 1914 Β
1824 1867 1915 1935 qui
1944 1864 2141 1917 nullam
2167 1878 2317 1929 opem
2342 1863 2480 1914 ferre
2509 1861 2665 1935 valet.
2705 1859 2794 1911 sed
2825 1855 2875 1911 et
2900 1857 3117 1923 insuper
3148 1854 3367 1933 peccat?

1824 1955 2099 2019 Quamvis.
2126 1953 2225 2004 hoc
2263 1967 2342 2005 cet
2360 1961 2409 2004 te
2450 1951 2580 2002 nihil
2612 1964 2855 2017 magnum
2894 1948 3002 2008 sit,
3046 1945 3268 1996 nimium
3294 1941 3363 1991 ob

1823 2059 1881 2097 ea
1906 2084 1921 2109 ,
1940 2052 2066 2112 qua:
2088 2043 2175 2093 alii
2206 2041 2343 2093 male
2367 2047 2657 2106 operantur
2675 2076 2689 2099 ,
2730 2036 2930 2089 turbari
2957 2073 2971 2096 ,
3004 2048 3123 2088 cum
3151 2030 3367 2082 deberet

1825 2147 1974 2187 mens
2003 2140 2185 2199 pacate
2209 2114 2362 2201 agere
2391 2146 2405 2180 :
2434 2130 2510 2181 sic
2540 2128 2611 2179 illi
2628 2126 2930 2192 delinquunt
2956 2124 3092 2173 inter
3120 2119 3362 2171 multitu-

1824 2225 2023 2285 dinem,
2053 2236 2173 2275 eum
2199 2219 2248 2290 (e
2267 2218 2495 2285 diverso)
2527 2233 2631 2269 nun
2656 2216 2986 2282 delinquant,
3013 2211 3104 2277 qui
3131 2209 3362 2276 separati

1827 2319 1952 2366 sunt
1984 2326 2011 2362 a
2035 2309 2389 2372 multitudine,
2432 2322 2493 2360 ac
2514 2307 2671 2358 ctiam
2697 2304 2784 2372 qui
2815 2304 2946 2355 inter
2969 2302 3149 2353 turbas
3174 2295 3371 2366 degunt

1828 2403 2126 2455 mercedum
2169 2400 2237 2451 ob
2267 2398 2475 2450 labores
2514 2396 2833 2447 detrimento
2860 2429 2875 2453 ,
2916 2397 3131 2458 pmpter
3171 2387 3364 2438 huma-

1829 2508 1949 2547 nam
1973 2492 2192 2561 gloriam
2229 2489 2526 2542 aﬂiciuntur
2556 2503 2571 2536 :
2600 2487 2697 2540 etsi
2717 2484 2857 2537 enim
2895 2480 3082 2534 millies
3110 2480 3239 2532 istos
3263 2491 3369 2545 pra:

1830 2583 1944 2644 bis,
1980 2582 2071 2650 qui
2100 2581 2259 2633 vitam
2294 2578 2524 2647 quietam
2572 2582 2754 2643 agunt,
2812 2571 3161 2629 admirantes,
3194 2567 3368 2619 dicant
3409 2609 3412 2612 .

1830 2671 1967 2725 hanc
1998 2672 2247 2725 nimirum
2267 2668 2667 2725 admirationem
2688 2664 2816 2735 ipsns
2835 2659 3011 2712 deberi
3028 2697 3041 2718 ,
3062 2672 3122 2710 ex
3145 2671 3207 2708 eo
3226 2656 3369 2721 quod

1828 2774 1949 2812 cum
1979 2760 2132 2811 turba
2172 2763 2573 2816 eonversentur,
2617 2754 2748 2803 [inut
2775 2759 2950 2801 tamen
2992 2744 3225 2799 dilucide
3257 2759 3368 2795 tna-

1829 2846 2026 2907 nil'esli,
2040 2846 2179 2913 quod
2196 2845 2377 2921 eodem
2400 2844 2698 2896 detinentur
2717 2840 2950 2900 vinculo,
2973 2838 3137 2890 hocce
3162 2850 3369 2902 nempe.

1830 2934 1968 3001 quod
1990 2933 2241 3001 elegerint
2261 2931 2389 2984 locis
2414 2930 2710 2982 inhabitare
2726 2928 2979 2981 damnum
2998 2922 3374 2984 inferentibus,

1830 3039 1947 3092 quae
1973 3024 2118 3077 hisce
2140 3031 2321 3075 contra
2354 3020 2524 3088 scipsa
2560 3019 2700 3071 clara
2745 3031 2891 3074 voce,
2916 3025 2967 3067 ct
2992 3015 3188 3080 absque
3213 3026 3375 3063 accu-

197 3109 288 3177 ρία
313 3149 331 3172 ,
360 3110 459 3177 οὐχ
488 3112 519 3177 ἠ
553 3109 683 3178 ἄλλη
732 3111 877 3161 πᾶσα
926 3107 1237 3181 λῃστεύεται
1270 3106 1469 3175 ἀρετή·
1520 3104 1580 3157 ού
1628 3107 1731 3175 γὰρ

1833 3121 2009 3168 satore
2032 3113 2336 3172 inclamant,
2370 3112 2527 3172 sicut,
2559 3124 2620 3162 ex
2658 3109 2757 3160 alia
2793 3115 2959 3174 parte,
2994 3106 3081 3171 qui
3115 3102 3299 3170 procul
3342 3115 3373 3153 α

198 3200 463 3268 πάρεστιν
490 3198 727 3267 εὐφημία
768 3197 1136 3265 λωποδυτῆσαι
1178 3198 1444 3267 δυναμένη
1487 3200 1609 3260 τοὺς
1635 3200 1734 3250 πό·

197 3306 343 3351 νους.
378 3288 507 3351 Θεὸς
539 3289 645 3357 ,ὁρᾷ
678 3287 831 3356 μόνος
856 3326 871 3350 ,
915 3289 944 3339 ὁ
990 3287 1195 3348 τούτοις
1240 3285 1462 3357 παρὼν,
1505 3289 1615 3339 καὶ-
1636 3287 1733 3354 τὴν

197 3376 507 3447 προθυμίαν
535 3376 767 3443 ἀλείφων
798 3377 931 3445 πρὸς
977 3375 1225 3444 μείζονας
1254 3375 1445 3438 ἄθλους
1466 3417 1478 3439 ,
1510 3368 1613 3427 και
1646 3392 1735 3445 μι-

200 3467 383 3528 σθοὺς,
426 3466 520 3517 καὶ
547 3465 639 3517 νῦν
679 3465 928 3534 παρέχων
971 3465 1067 3533 τὴν
1116 3465 1450 3534 συνεργείαν,
1484 3468 1575 3516 καὶ
1605 3466 1739 3533 μετὰ

200 3560 306 3625 τὴν
350 3556 644 3609 ἁποὸίωσιν
692 3555 834 3624 ζωὴν
876 3554 971 3623 τεὴν
1001 3554 1214 3607 αίὼνιον
1259 3554 1343 3606 διὰ
1386 3553 1734 3623 τοῦ’Κυρίου
1759 3560 1784 3578 ‘

201 3647 361 3715 ἡμῶν
406 3645 575 3715 Ἰησοῦ
608 3643 857 3712 Χριστοῦ,
888 3636 930 3709 ᾧ
958 3644 990 3711 ἡ
1021 3643 1143 3708 δόξα
1190 3645 1279 3695 καὶ
1321 3645 1379 3695 τὸ
1422 3644 1618 3713 κράτος
1662 3644 1739 3704 εἰς

198 3732 329 3792 τοὺς
360 3732 557 3792 αἰῶνας
586 3730 692 3782 τῶν
717 3728 944 3782 αἰώνων.
989 3730 1180 3798 Ἀμήν.

1837 3202 2232 3256 dilaudantibus
2252 3203 2480 3270 separati
2503 3212 2646 3260 sunt,
2673 3212 2830 3266 opere
2852 3196 3147 3249 luculenter
3175 3201 3374 3244 testan-

1834 3304 1942 3358 tur,
1970 3296 2105 3363 quod
2137 3296 2381 3364 gloriam,
2401 3308 2518 3361 quae
2540 3294 2721 3344 multis
2750 3288 3087 3342 admirationi
3114 3294 3214 3348 est,
3241 3298 3372 3338 con-

1838 3387 2155 3439 culi-amnt:
2205 3401 2306 3437 non
2340 3385 2467 3452 ipsis
2501 3382 2693 3435 excidit
2720 3380 3018 3446 jejunium,
3052 3375 3223 3444 vigilia
3269 3390 3377 3425 non

1832 3472 2075 3547 deperit,
2118 3473 2289 3523 oratio
2321 3486 2425 3522 nnn
2460 3469 2582 3521 facit
2609 3468 2874 3535 jacturatn
2903 3506 2915 3527 ,
2966 3478 3068 3516 non
3115 3462 3376 3529 spoliatur

1834 3556 2225 3623 perseverantia
2251 3597 2264 3619 ,
2311 3570 2406 3607 nec
2438 3556 2538 3605 ulla
2586 3555 2685 3605 alia
2730 3554 2897 3603 virtus
2938 3550 3073 3601 furto
3108 3547 3376 3614 subtrahi—

1835 3656 1951 3711 tur;
1989 3662 2091 3698 non
2139 3648 2279 3699 enim
2324 3646 2472 3698 adest
2518 3644 2803 3711 applausus
2850 3638 3376 3697 concelelnantium,

1835 3735 1925 3801 qui
1965 3736 2134 3787 valeat
2168 3735 2402 3801 expilare
2434 3735 2675 3797 labores;
2728 3733 2862 3784 Deus
2909 3730 3052 3781 solus
3081 3728 3216 3779 \itlet
3244 3764 3258 3786 ,
3290 3727 3378 3790 qni
3456 3780 3461 3784 ,

196 3823 412 3878 assistit
442 3824 587 3890 ipsis,
618 3830 773 3890 atque
798 3822 861 3875 ad
883 3822 1084 3891 majora
1107 3822 1423 3887 certamina,
1449 3832 1501 3876 et
1526 3823 1741 3890 praemia
1775 3824 1980 3887 incitat,
2020 3827 2267 3891 acuitque
2315 3827 2476 3877 animi
2514 3826 2837 3877 alacritatem
2859 3864 2871 3885 ,
2908 3831 3015 3871 tum
3050 3816 3383 3884 conparatio-

196 3930 328 3966 netu
366 3912 523 3965 modo
547 3950 561 3973 ,
602 3921 711 3963 tum
764 3918 879 3978 post
912 3911 1187 3962 decessum
1219 3910 1378 3960 vitam
1416 3910 1653 3976 praebens
1682 3918 1974 3974 aeternam,
2008 3926 2100 3976 per
2153 3910 2430 3962 Dominum
2476 3920 2716 3962 nostrum
2749 3910 2925 3960 .lesum
2950 3906 3247 3963 Clu-istum,
3291 3902 3381 3953 cui

199 4002 379 4073 gloria
412 4010 464 4053 et
486 3998 773 4052 dominatio
800 3999 850 4049 iu
880 3998 1070 4050 saecula
1100 3997 1433 4051 saeculorum.
1468 3997 1657 4049 Amen.

274 4112 324 4141 ³⁷
356 4109 553 4162 Habac.
593 4123 632 4168 ι.
664 4107 747 4163 l5.
783 4105 865 4181 llr.

204 4242 3378 4286 Μ

1328 4408 1623 4523 ΤΟΥ
1723 4406 2197 4521 ΑΥΤΟΥ

1685 4616 1897 4667 ΛΟΓΟΣ

1010 4782 1293 4868 ΠΡΟΣ
1345 4716 1898 4867 ΕΥΛΟΓΙΟΝ
1983 4778 2567 4869 MONAXON.

1487 5022 2105 5135 EJUSDEM

646 5254 1303 5342 TRACTATUS
1346 5254 1485 5339 AD
1546 5246 2160 5337 EULOGIUM
2245 5243 2904 5332 MONACHUM

767 5436 1009 5499 ΚΕΦΑΔ,
1049 5437 1128 5485 Αν.

290 5544 352 5597 Ol
388 5544 474 5595 τδν
504 5544 746 5610 οὐράνιον
788 5543 959 5610 χῶρον
1002 5545 1282 5611 νεμόμενοι
1316 5548 1422 5605 τοῖς
1461 5545 1659 5611 πόνοις,
1689 5546 1744 5598 οὐ

210 5637 289 5700 τῇ
341 5632 567 5699 γαστρὶ,
594 5630 709 5681 οὐδὲ
752 5633 815 5699 τῇ
857 5632 1091 5700 μερίμνῃ
1137 5632 1234 5683 τῶι.
1286 5632 1534 5699 φθαρτῶν
1579 5634 1747 5684 ἀτενίο

2323 5428 2485 5498 408
2518 5430 2739 5486 CAPUT
2790 5432 2826 5482 ι.

1920 5541 2017 5603 Qui
2048 5540 2249 5593 C(elesti
2292 5542 2625 5593 tlirersantur
2660 5544 2707 5592 in
2750 5543 2892 5600 loco,
2929 5540 3234 5606 laboribus,
3273 5559 3380 5597 nun

1855 5633 2022 5687 \‘Cntti
2054 5669 2066 5691 ,
2115 5648 2282 5699 neque
2323 5633 2659 5686 Sltlllt‘lllltlllll
2732 5648 2903 5683 rerum
2952 5636 3259 5701 ciit'rttptildl
3290 5652 3381 5687 nm
