4052 6336
142 316 250 375 llOl

1144 325 1570 388 TRACTA'I‘US
1605 335 1699 389 AD
1733 329 2141 392 EULOGIUM.

3116 335 3249 397 lin!

139 425 213 474 τὸν
243 420 620 494 θρασυκάρδιον
663 423 934 491 βαστάζων
967 426 1150 480 ἕνεκεν
1197 430 1432 496 εἰρήνης,
1482 422 1629 486 οὗτος
1662 436 1698 485 Α

1746 445 1962 496 tamque
1992 433 2218 484 debellat.
2262 435 2544 488 iracundia:
2595 439 2705 514 ille.
2732 439 2820 508 qui
2859 451 3010 509 pacat
3051 443 3248 505 iratos;

137 510 417 572 ἐκϐιάζεται
447 506 690 574 γενέσθαι
729 513 822 581 τῆς
863 517 1077 585 εἰρήνης
1115 517 1254 576 υἱός⁹
1280 517 1391 568 ἀλλ’
1421 517 1517 567 οὐκ
1549 514 1630 566 ἐπ’

139 599 409 667 ἀνθρώπων
440 600 597 667 μόνον
623 599 876 669 ζητητέος
901 605 928 653 ό
954 606 1048 672 τῆς
1074 605 1288 672 εἰρήνης
1315 602 1599 670 σύνδεσμος
1618 639 1634 660 ,

137 687 254 739 ἀλλὰ
278 688 364 737 καὶ
389 689 448 738 ἐν
471 687 546 755 τῷ
573 687 776 756 σώματί
802 707 912 756 σου,
945 693 1035 743 καὶ
1057 684 1115 743 ὲν
1140 689 1215 758 τῷ
1244 688 1507 757 πνεύματί
1525 705 1636 750 σου,

141 776 219 827 καὶ
237 777 286 826 ἐν
312 779 375 846 τῇ
391 777 556 847 ψυχῇ.

1735 513 1993 567 irascetur
2045 529 2215 571 autem
2273 521 2378 585 isti,
2427 513 2766 589 cognatorum
2819 527 3147 581 iracundiam
3199 529 3250 580 in

1736 595 1881 654 illum
1913 606 2162 659 audacem
2194 607 2436 672 reddens,
2456 611 2574 677 quia
2605 611 2764 682 414
2790 615 3148 682 proximorum
3171 631 3235 682 pu

1736 692 1977 756 gummiu
2001 695 2234 760 seipsqu
2261 699 2490 764 suscepit
2515 716 2527 749 :
2556 700 2643 766 qui
2661 702 2885 753 sustinet
2900 703 3066 753 virum
3089 704 3254 754 auda-

1737 775 1783 827 ci
1806 778 2075 841 praeditum
2109 781 2285 845 ".ordc,
2308 784 2524 837 enititur
2550 801 2669 839 esse
2690 787 2827 840 ﬁlius
2859 790 3035 855 picis;
3076 805 3254 840 verum

140 879 233 918 non
264 867 392 932 apud
413 866 657 920 homines
683 876 884 921 tantum
901 868 1238 936 qumrendum
1266 869 1416 937 pacis
1442 864 1731 928 vinculum,
1755 865 1912 918 sedet
1943 865 1995 918 in
2025 881 2244 937 corpore
2261 879 2370 932 tuo,
2394 881 2446 924 et
2469 873 2520 924 in
2544 884 2634 926 tuo
2664 876 2873 943 spiritu,
2906 884 2957 928 et
2990 878 3039 929 in
3061 882 3252 941 anima,

678 958 924 1011 ΚΕΦΔΛ.
967 956 1056 1024 ς’.

195 1066 348 1118 Ὅταν
374 1065 482 1135 γὰρ
507 1068 604 1135 τῆς
635 1069 732 1136 σῆς
763 1070 960 1138 ταύτης
988 1070 1196 1137 τριάδος
1233 1069 1321 1120 τὸν
1353 1068 1637 1134 σύνδεσμον

131 1153 318 1222 ὲνὼσῃς
346 1157 408 1223 τῇ
440 1156 646 1225 εἰρήνῃ,
673 1157 789 1209 τότε
818 1158 890 1220 ὡς
917 1159 1012 1224 τῆς
1035 1157 1182 1218 θείας
1206 1156 1431 1225 Τριάδος
1459 1155 1636 1221 ἐντολῇ

135 1240 331 1301 mea;
349 1242 580 1302 ἀκούεις·
619 1263 635 1292 ι
655 1245 918 1312 Μακάριοι
944 1247 988 1295 οἱ
1018 1245 1357 1314 εἰρηνοποιοί,
1387 1240 1466 1294 ὅτί
1491 1242 1640 1292 αὐτοὶ

135 1328 228 1378 uici
252 1328 375 1380 Θεοῦ
405 1329 775 1399 κληθήσονται.
808 1350 826 1380 ι
878 1333 982 1383 Καὶ
1011 1333 1115 1398 γὰρ
1145 1330 1208 1382 ἂν
1237 1330 1331 1398 τὴν
1358 1327 1638 1379 ἀντεπιθυ-

137 1432 224 1482 μον
249 1416 334 1468 τοῦ
374 1416 676 1488 πνεύματος
708 1420 883 1486 σάρκα
927 1418 1239 1488 εἰρηνεύσης
1288 1421 1397 1478 τοῖς
1445 1416 1637 1477 πόνοις,

134 1503 274 1565 κλέος
299 1503 434 1566 ἓξεις
460 1504 568 1557 τῶν
595 1487 948 1576 μνακαρισμῶν
979 1507 1228 1559 ἐπέκεινα
1258 1506 1466 1564 αἰωνος,
1496 1505 1642 1571 νική-

136 1609 219 1653 σας
252 1592 475 1661 πόλεμον
516 1594 606 1646 τὸν
635 1596 692 1646 ὲν
724 1595 799 1664 τῷ
844 1595 1052 1664 σώματί
1095 1613 1187 1647 σου
1232 1595 1321 1646 τὸν
1362 1596 1641 1660 ἀντιστρα-

132 1683 398 1749 τευόμενον
441 1681 514 1750 τῷ
558 1683 705 1752 νόμῳ
744 1683 834 1735 τοῦ
869 1685 983 1745 νοός
1031 1701 1142 1747 σου,
1197 1683 1289 1734 καὶ
1322 1680 1641 1749 αἰχμαλωτί-

132 1771 280 1831 ζοντά
322 1787 377 1821 σε
424 1769 498 1838 τῷ
530 1770 675 1839 νόμῳ
705 1772 799 1839 τῆς
833 1773 1098 1842 ἁμαρτίας
1125 1771 1201 1839 τῷ
1231 1773 1286 1822 ἐν
1318 1774 1429 1841 τοῖς
1463 1769 1642 1838 μέλεσι

137 1875 240 1909 σου.
271 1859 450 1925 Μέγας
474 1860 502 1908 ὁ
529 1861 621 1926 τῆς
647 1861 863 1929 εἰρήνης
887 1861 1171 1928 σύνδεσμος
1200 1861 1254 1910 ὲν
1276 1854 1424 1927 ᾧπερ
1449 1859 1643 1926 ἥνωται

137 1949 222 1998 καὶ
248 1951 277 2016 ἡ
310 1949 450 2017 χαρὰ
478 1949 778 2014 φωτίζουσα
805 1948 863 2000 τὸ
889 1948 1040 2016 ὃμμα
1067 1949 1161 2016 τῆς
1188 1947 1416 2007 διανοίας
1449 1948 1524 2006 εἰς
1555 1946 1648 2013 τὴν

135 2035 232 2085 τῶν
263 2036 574 2103 κρειττόνων
618 2035 862 2102 θεωρίαν,
907 2037 1060 2104 εἴπερ
1104 2035 1196 2087 οὖν
1234 2033 1647 2102 ἐπικτησώμεθα

137 2122 222 2189 τήν
248 2123 514 2191 εἰρηνικὴν
550 2125 606 2175 ὲν
636 2125 745 2183 τοῖς
779 2111 956 2184 πόνοις
984 2122 1176 2190 χαρὰν,
1216 2119 1284 2173 τὰ
1310 2121 1525 2172 ἐπιόντα
1553 2136 1647 2186 χα-

135 2211 260 2262 λεπὰ
288 2213 608 2280 εὐχαρίστως
640 2212 705 2264 δι’
737 2213 901 2280 αὐτῆς
937 2209 1400 2280 ἁποκρουσόμεθα,
1439 2212 1530 2260 καὶ
1560 2210 1648 2260 τὸν

135 2303 223 2368 τῆς
266 2300 434 2369 λύπης
480 2301 700 2370 δαίμονα
767 2300 1078 2369 μυκώμενον
1147 2301 1243 2351 οὐκ
1288 2297 1646 2366 είσδεξόμεθα,

135 2392 291 2454 ὅστις,
344 2389 758 2460 ἀκρωτηριάζων
808 2390 865 2440 ὲν
893 2390 1004 2449 ταῖς
1051 2388 1255 2455 ouem:
1297 2387 1542 2456 μάλιστα,
1583 2387 1647 2453 τῇ

137 2478 265 2546 ψυχῇ
290 2479 586 2544 ὲφάλλεται,
617 2481 708 2530 καὶ
725 2476 799 2546 τῷ
828 2477 1091 2545 πνεύματι
1117 2475 1211 2545 τῆς
1231 2475 1450 2540 ἀκηδίας
1474 2473 1651 2542 χώραν

139 2569 463 2634 ἑτοιμάζεται
513 2568 656 2627 ὅπως
688 2566 796 2634 ,τήν
842 2564 1014 2634 ψυχὴν
1054 2564 1357 2625 σκοτίσωσι,
1404 2564 1497 2615 καὶ
1539 2563 1650 2628 ἅμα

138 2655 248 2714 τοὺς
278 2655 465 2716 πόνους
512 2653 853 2716 ἀναλὲξωσιν.
907 2653 1079 2704 Ἔστω
1105 2652 1279 2702 τοίνυν
1311 2653 1466 2718 νόμος
1499 2651 1651 2718 ἡμῶν

138 2743 224 2811 τῆς
248 2739 464 2813 καρδίας
492 2743 756 2810 ἔγγραφος
789 2744 822 2810 ή
851 2742 944 2810 τῆς
981 2742 1196 2810 εἰρήνης
1229 2740 1388 2808 χαρὰ,
1425 2739 1515 2789 καὶ
1559 2737 1650 2805 τὴν

139 2831 300 2900 λύπην
347 2831 805 2894 καταποντίζουσα
845 2831 934 2881 καὶ
973 2830 1033 2881 τὸ
1064 2831 1212 2897 μῖσος
1264 2823 1649 2887 ἀπελαύνουσα,

141 2921 220 2972 καὶ
261 2923 355 2990 τὴν
403 2922 560 2990 μῆνιν
580 2918 940 2987 ἀφανίζουσα,
985 2921 1076 2970 καὶ
1101 2918 1197 2986 τὴν
1227 2917 1447 2986 ἀκηδίαν
1487 2933 1652 2969 κατα-

2329 959 2549 1012 CAPUT
2591 961 2675 1013 \‘I.

1806 1063 2029 1128 Quando
2077 1083 2303 1136 namque
2342 1069 2562 1136 hujusce
2591 1073 2844 1126 tet-nienis
2878 1076 2950 1127 tui
2993 1075 3256 1130 vinculum

1738 1167 1865 1218 pace
1889 1156 2224 1221 coadunaris,
2258 1167 2401 1222 tunc,
2433 1169 2610 1226 utpote
2645 1177 2903 1228 praecepto
2928 1166 3114 1218 divinae
3144 1166 3254 1217 Tui.

1738 1242 1918 1296 uitatis
1945 1245 2142 1305 unitus,
2173 1247 2389 1299 audies:
2423 1267 2438 1297 ι
2471 1249 2611 1301 Beati
2642 1251 2865 1318 paciliri,
2893 1256 3140 1319 quoniam
3168 1257 3260 1322 ipsi

1744 1327 1832 1380 lilii
1866 1331 1954 1384 Dei
1988 1334 2315 1387 vocabuntur
2342 1335 2386 1365 “
2412 1356 2458 1392 ,ι
2503 1336 2708 1390 Etenim
2743 1340 2787 1393 si
2835 1357 3042 1394 carnem
3082 1352 3261 1397 contra

1742 1419 1984 1484 spiritum
2018 1424 2476 1488 concupiscentem
2503 1425 2774 1480 laboribus
2803 1428 2867 1479 ad
2903 1444 3082 1495 parem
3117 1433 3264 1483 rede-

1742 1502 1897 1568 geris,
1943 1506 2163 1572 gloriam
2207 1508 2586 1562 beatitttdinnm
2639 1511 2772 1563 ultra
2821 1514 3069 1566 saxulum
3121 1531 3265 1568 assm-

1743 1589 1952 1655 queris,
1983 1605 2045 1643 eo
2074 1594 2212 1659 quad
2247 1594 2438 1647 vii-eris
2481 1596 2669 1647 bellant
2698 1597 2749 1647 itt
2781 1608 2875 1650 tuo
2903 1614 3124 1666 corpore
3148 1615 3264 1652 tno-

1745 1685 1872 1734 tum.
1903 1678 2104 1753 legique
2135 1683 2322 1732 mentis
2347 1692 2449 1734 tua:
2476 1697 2802 1750 repugnans,
2843 1695 2972 1737 acte
2995 1690 3258 1753 captivum

1744 1763 2030 1828 subiiciens
2056 1746 2152 1833 legi
2189 1768 2412 1831 peccati,
2448 1783 2565 1834 quae
2593 1778 2674 1821 est
2710 1769 2760 1821 in
2792 1773 3044 1826 membris
3077 1775 3178 1827 tuis
3202 1776 3263 1828 “.

1745 1849 1988 1916 Magnum
2046 1863 2124 1904 est
2179 1854 2324 1920 pacis
2357 1856 2645 1921 vinculum,
2688 1858 2738 1909 in
2783 1874 2890 1924 quo
2923 1860 3080 1912 simul
3111 1863 3264 1913 etiam

1747 1940 1924 1990 unitur
1976 1943 2222 2006 gaudium
2276 1943 2579 1997 illuminans
2621 1945 2830 1998 oculum
2880 1947 3174 2003 ittlcllet-tus
3205 1951 3267 2002 ad

1748 2041 1924 2078 rerum
1957 2030 2233 2081 meliorum
2264 2033 2757 2099 contemplationem
2789 2050 2799 2084 :
2830 2034 2872 2086 si
2903 2035 3058 2103 igitur
3091 2041 3270 2105 acqui~

1747 2134 1920 2172 ramus
1947 2121 2218 2187 paciﬁcum
2258 2123 2504 2190 gaudium
2551 2124 2605 2175 in
2635 2125 2924 2189 laboribus,
2965 2128 3271 2184 insultantia

1745 2220 1963 2272 qumque
1996 2194 2236 2271 molesta,
2269 2211 2465 2275 gratias
2496 2213 2706 2277 agendo
2737 2229 2820 2277 per
2859 2214 3022 2278 ipsam
3055 2218 3272 2282 propul--

1746 2295 1998 2356 sabimus,
2027 2297 2356 2350 etmmstitize
2380 2299 2667 2351 (immunem
2708 2302 3024 2368 mugientem
3059 2321 3161 2357 non
3188 2309 3268 2359 in-

1746 2381 2120 2446 tromittemus,
2148 2387 2235 2452 qul
2258 2387 2503 2440 minuens
2535 2389 2659 2449 vim,
2692 2393 2921 2444 maxime
2953 2393 3001 2443 in
3032 2394 3114 2446 alii
3139 2397 3262 2448 ctio-

1750 2470 1922 2532 nibus,
1959 2472 2008 2524 in
2052 2473 2280 2526 animam
2315 2476 2488 2541 irruit,
2519 2488 2571 2530 et
2614 2479 2819 2546 spiritui
2855 2481 3070 2549 pigritize
3100 2485 3271 2538 locum

1749 2570 2024 2627 praeparat,
2081 2573 2138 2615 ut
2184 2565 2410 2628 (scilicet
2447 2568 2605 2620 ambo
2649 2571 2868 2636 spiritus
2912 2574 3192 2638 mmstititr,
3224 2585 3276 2627 el.

1751 2648 1993 2715 pigritiae)
2023 2653 2252 2703 animam
2301 2653 2603 2716 obseurent,
2649 2657 2965 2724 laboresque
3000 2659 3154 2711 simul
3182 2677 3274 2713 ex-

1698 2775 1706 2783 .
1749 2748 1985 2802 cerpant.
2017 2736 2096 2790 Sit
2133 2740 2294 2806 igitur
2322 2742 2404 2792 lex
2455 2743 2505 2793 iu
2547 2757 2783 2796 nosuum
2815 2747 2971 2800 corde
3005 2748 3272 2818 inscripta,

1747 2827 1895 2891 pacis
1935 2824 2204 2893 gaudium,
2257 2832 2394 2896 quod
2431 2839 2538 2882 tum
2592 2834 2910 2888 exterminat
2969 2839 3276 2891 mmstitiam

1752 2927 1804 2967 et
1829 2916 2151 2968 iracundiam
2188 2919 2237 2969 in
2273 2934 2418 2973 mare
2461 2919 2736 2990 demergit,
2767 2933 2874 2976 tum
2907 2926 3085 2980 odium
3113 2930 3280 2995 repel-

137 3007 342 3072 λύουσα,
383 3011 468 3061 καὶ
515 3010 609 3077 τὴν
641 3008 813 3076 λύπην
856 3008 1169 3075 ἀμείὸουσα.
1214 3007 1299 3056 Ἐν
1339 3005 1444 3074 γὰρ
1473 3008 1536 3073 τῇ
1578 3007 1703 3086 εἰ-(

1751 2999 1831 3061 lit,
1867 3009 1975 3052 tum
2022 3001 2435 3069 indignationem
2487 3008 2683 3070 abolet,
2731 3017 2839 3062 tum
2891 3011 3152 3078 pigritiam
3189 3017 3279 3066 dc-

142 3098 320 3165 ρηνικῇ
365 3095 706 3164 μακροθυμίᾳ
753 3093 1150 3162 ἐμφωλεύουσα.
1199 3094 1292 3145 καὶ
1329 3094 1393 3161 τῇ
1436 3095 1650 3162 εὐχαρι-

140 3185 270 3256 στίᾳ,
301 3187 390 3236 καὶ
420 3188 484 3254 τῇ
532 3185 770 3253 ὑπομονῇ
801 3184 1202 3253 ἐλλιμνάζουσα,
1244 3183 1471 3249 πέλαγός
1512 3185 1654 3235 ἐστιν

139 3275 336 3343 ἀρετῶν
363 3276 459 3344 τὴν
495 3274 913 3344 ἀντιπαράταξιν
940 3275 1031 3325 τοῦ
1057 3268 1298 3325 διαδόλου
1338 3268 1412 3341 τῷ
1440 3273 1652 3341 σταυρῷ

140 3364 600 3425 καταποντίζουσα.
627 3363 752 3415 Νόει
784 3363 838 3413 δέ
873 3381 959 3432 μοι
984 3362 1080 3430 τὴν
1112 3362 1355 3412 ἐναντίαν
1374 3363 1546 3430 χαρὰν
1571 3378 1654 3413 τε-

139 3453 466 3519 ταραγμένην
499 3451 832 3518 ἐφίστασθαι,
883 3453 954 3519 μή
1001 3468 1114 3512 πως
1145 3450 1306 3519 ἄλλην
1349 3453 1460 3502 ἀντ’
1494 3451 1652 3517 ἄλλης

143 3535 397 3596 σκιασθεὶς
425 3536 702 3605 ἀπατηθῇς
739 3537 1002 3604 κατέχειν.
1037 3535 1521 3604 Συσχηματίζονται
1549 3536 1654 3602 γὰρ

141 3621 222 3670 καὶ
248 3621 355 3681 τοῖς
381 3625 757 3687 πνευματικοῖς
788 3621 1115 3691 χαρίσμασιν
1138 3623 1186 3673 οἱ
1210 3618 1452 3689 δαίμονες
1475 3623 1555 3672 ἵνα
1579 3623 1653 3691 τῷ

141 3711 565 3779 παρασκιάσματι
597 3713 684 3762 τὸν
713 3709 831 3763 νοῦν
867 3712 1357 3780 ἀποπλανήσαντες,
1391 3713 1494 3763 τῶν
1523 3729 1650 3781 φρε-

142 3797 233 3848 νῶν
254 3801 619 3868 ἀποστήσωσιν
644 3816 656 3828 ·
692 3798 968 3868 ἐφίσταται
1010 3800 1114 3868 γὰρ
1143 3801 1282 3867 χαρὰ
1319 3799 1653 3866 πνευματικὴ

141 3889 320 3957 καρδίᾳ
359 3887 562 3949 οὐδενὸς
607 3891 978 3955 προκειμένου,
1026 3889 1104 3937 ὅτι
1146 3887 1233 3937 τὶν
1275 3887 1514 3954 ἡγεμόνα
1558 3890 1654 3954 τῆς

142 3977 266 4026 κατὰ
290 3975 415 4025 Θεὸν
446 3970 616 4041 λύπης
649 3975 911 4043 μετέωρον
947 3974 1203 4042 εὑρίσκει,
1235 3974 1420 4026 ἔπειτα
1452 3975 1525 4037 δὲ,
1561 3975 1654 4025 καὶ

141 4061 206 4126 τῷ
255 4061 521 4131 Πνεύματι
565 4064 661 4132 τῆς
709 4062 879 4131 λύπης
926 4063 1022 4132 τήν
1063 4062 1235 4132 ψυχήν
1279 4064 1653 4133 παραδίδωσιν,

140 4149 211 4199 ὅτι
268 4150 363 4219 τῆς
423 4151 793 4222 πνευματικῆς
858 4152 1026 4222 αὐτὴν
1087 4155 1257 4222 χαρᾶς
1321 4154 1654 4220 αἰχμάλωτον

142 4240 367 4296 ἐποίησε.

712 4525 953 4576 ΚΕΦΛΛ.
995 4524 1066 4575 Ζ’.

204 4610 346 4683 Φημὶ
373 4611 428 4665 δὲ
460 4614 551 4675 καὶ
581 4613 754 4675 τοῦτο,
783 4614 854 4676 ὼς
889 4613 1219 4683 ὑπηγόρευσέ
1248 4629 1349 4668 τινι
1378 4615 1483 4666 τῶν
1509 4616 1659 4668 ἀδελ-

147 4701 250 4766 ςιῶν
268 4706 300 4771 ή
327 4707 485 4774 πεῖρα
519 4704 624 4756 τῶν
654 4703 1010 4772 ζητουμένων,
1036 4705 1116 4756 ὅτι
1144 4706 1262 4757 ἀντὶ
1294 4705 1390 4773 μὲν
1418 4704 1509 4755 τοῦ
1543 4707 1658 4773 χαί-

148 4807 246 4856 ρειν
270 4797 326 4845 ὲν
355 4795 555 4864 Κυρίῳ,
577 4798 744 4864 χαρὰν
776 4795 974 4845 οἰκείαν
1005 4796 1032 4844 ὁ
1064 4794 1306 4862 ἀλάστωρ
1335 4795 1653 4860 ἀντεισάγει.

157 4880 284 4932 ’Δντὶ
315 4882 366 4932 δὲ
393 4884 486 4949 τῆς
514 4885 804 4935 κατὰτθεδν
835 4883 1025 4952 λύπης,
1069 4885 1166 4950 τήν
1198 4884 1439 4936 ἐναντίαν
1477 4885 1549 4952 τῷ
1583 4885 1655 4950 νῷ

146 4972 542 5036 παρα-πειράζει,
573 4974 656 5024 ἵνα
683 4977 798 5033 ταῖς
833 4973 1198 5041 ἀντιστρόφοις
1228 4973 1539 5041 μεταϐολαῖς
1561 4973 1654 5037 τῆς
1696 5021 1703 5025 ..

146 5057 238 5105 τῶν
267 5059 580 5126 κρειττόνων
607 5063 817 5122 ἀκτῖνος
847 5064 1132 5131 μερίμναις
1159 5063 1253 5130 τὴν
1285 5063 1455 5128 ψυχήν
1483 5063 1657 5126 ἀμαυ-

148 5145 298 5216 ρὼσῃ,
348 5148 527 5198 Διτταὶ
572 5151 887 5216 τῆςκακίας
926 5153 980 5201 αἰ
1006 5152 1167 5202 λύπαι
1208 5151 1552 5218 τυγχάνουσιν
1598 5152 1652 5202 ὲν

144 5233 331 5306 ἑκάστῃ
375 5237 596 5306 ἐργασίᾳ
635 5237 1031 5304 ἑπιξευγμέναι,
1063 5242 1154 5292 καὶ
1187 5244 1218 5309 ή
1251 5241 1346 5308 μὲν
1372 5240 1651 5306 ἐφίσταται

147 5324 321 5394 καρδίᾳ
353 5325 594 5393 λυπηρᾶς
633 5325 806 5384 αἰτίας
844 5327 900 5375 οὐ
936 5326 1296 5398 βλεπομένης,
1333 5327 1445 5395 ήδὲ
1476 5329 1649 5403 τίκτε-

148 5428 222 5464 ται
253 5415 307 5478 ἐξ
338 5414 629 5468 ἀλλοκότων
674 5414 857 5464 αἰτιῶν
903 5413 1211 5483 ὡθουμὲνη,
1263 5419 1294 5482 ή
1343 5417 1476 5469 κατὰ
1525 5417 1652 5470 Θεὸν

211 5548 251 5579 ⁸³
277 5549 457 5601 Matth.
494 5566 541 5601 v.
569 5550 618 5603 9.
696 5549 735 5578 ""
770 5547 918 5599 Rom.
951 5563 1043 5605 \‘tt,
1078 5549 1165 5600 9.5.

1751 3084 1934 3146 struit,
1992 3093 2101 3137 ttttu
2167 3086 2398 3156 denique
2451 3104 2731 3145 mmrorcm
2793 3095 3029 3149 demutat
3063 3114 3075 3148 :
3109 3099 3277 3164 ipsum

1752 3185 1976 3236 namque
2037 3171 2089 3223 in
2136 3173 2358 3239 paciﬁca
2397 3175 2713 3231 delitescens
2767 3180 3182 3248 longanimitate,
3231 3197 3279 3236 et

1747 3259 1903 3329 $15
1929 3262 2213 3328 gratiarum
2233 3266 2460 3328 actione,
2488 3273 2645 3333 atque
2670 3270 2920 3334 patientia
2937 3281 3278 3340 restagnans;

1751 3365 1894 3400 tuare
1931 3350 2178 3403 virtutum
2210 3358 2307 3411 est,
2337 3362 2516 3404 contra
2551 3369 2607 3404 se
2639 3355 2951 3409 instructam
2983 3361 3147 3412 aciem
3175 3363 3281 3413 dia-

1752 3438 1874 3500 boli,
1927 3451 2082 3489 cru-ce
2111 3438 2470 3504 subntergeus.
2499 3441 2734 3509 Intelligo
2779 3458 2923 3505 vero,
2980 3448 3118 3513 quod
3157 3464 3283 3503 cnn-

1751 3522 1971 3574 trarium
2002 3523 2246 3592 gaudium
2277 3527 2580 3592 supervenit
2610 3529 2896 3594 turbatum,
2943 3547 3005 3585 ne
3033 3533 3169 3585 forte
3199 3537 3278 3586 in-

1747 3612 2027 3665 umbratus
2069 3613 2366 3680 decipiaris,
2411 3616 2479 3667 ita
2523 3625 2581 3669 ut
2614 3627 2794 3672 teneas
2837 3622 2976 3674 aliud
3016 3637 3109 3688 pro
3141 3625 3276 3676 alio:

1750 3703 2153 3770 conligurantur
2185 3707 2324 3755 enim
2371 3705 2728 3772 spiritualilms
2779 3709 2962 3771 gratiis
2995 3709 3275 3766 dmiiiottes.

1753 3804 1836 3853 ut,
1889 3808 2006 3844 eum
2056 3792 2351 3844 inumbrata
2411 3794 2640 3856 caligine
2689 3802 2917 3845 tuent'm
2977 3794 3275 3862 fefelli-rint,

1751 3894 1864 3930 eam
1898 3895 1926 3930 a
1954 3881 2196 3945 prudenti
2225 3880 2487 3930 abducant
2515 3879 2718 3946 judicio
2745 3898 2756 3933 :
2801 3886 3100 3949 supervenit
3129 3901 3280 3936 nam-

1751 3981 1853 4036 que
1893 3969 2038 4020 cordi
2095 3968 2363 4034 spirituale
2401 3968 2646 4034 gaudium
2704 3971 2844 4021 nulla
2901 3987 2957 4023 re
2992 3975 3277 4038 proposita,

1753 4059 1872 4124 quia
1906 4058 2089 4111 ducem
2119 4057 2362 4121 tristitiae,
2386 4072 2502 4126 quae
2526 4055 2811 4112 scentulum
2841 4059 3002 4111 Deum
3036 4075 3133 4125 est,
3162 4079 3276 4117 ere-

1752 4156 1911 4209 ctum,
1974 4163 2063 4198 seu
2099 4161 2412 4213 suspensum
2466 4148 2642 4198 animo
2697 4147 2928 4212 invenit,
2981 4163 3042 4203 ac
3097 4153 3281 4204 deittdc

1754 4237 1956 4301 spiritui
2007 4251 2216 4302 quoque
2271 4236 2535 4287 maestitia:
2564 4235 2706 4303 (qua:
2748 4238 2947 4305 pariter
2991 4246 3276 4296 Secundum

1682 4327 1920 4396 DDeum
1975 4331 2075 4379 esti
2114 4327 2343 4379 animam
2399 4328 2582 4392 tradit,
2635 4330 2755 4397 quia
2806 4333 3060 4398 captivam
3110 4336 3281 4388 cﬂ‘eeit

1755 4418 1917 4484 ipsam
1949 4417 2240 4484 Spiritualis
2272 4418 2485 4472 laztitite.

2332 4530 2552 4584 CAPUT
2595 4530 2700 4582 VII.

1824 4618 1948 4673 Dico
1986 4632 2158 4672 autem
2188 4633 2237 4672 et
2269 4623 2385 4680 hoc,
2415 4628 2469 4671 ut
2499 4618 2707 4672 cuidam
2755 4619 2905 4674 fratri
2939 4625 3276 4690 quaesitarum

1755 4726 1926 4762 rerum
1989 4710 2307 4775 experientia
2357 4709 2602 4772 dictavit,
2649 4715 2789 4778 quod
2845 4715 3112 4775 nimirum,
3164 4715 3279 4768 loco

1753 4790 2010 4859 gaudendi
2035 4793 2084 4842 in
2116 4792 2358 4856 Domino,
2381 4792 2588 4846 damon
2622 4793 2864 4854 infestus,
2891 4795 2977 4860 qui
3013 4797 3144 4847 mala
3172 4813 3277 4850 non

1753 4878 2108 4932 obliviscenda
2156 4889 2437 4945 perpetrat,
2486 4888 2697 4932 econtra
2760 4879 3022 4946 propriam
3081 4881 3278 4934 inducit

1756 4971 2020 5033 laetitiam;
2052 4986 2145 5037 pro
2187 4971 2398 5023 tristitia
2438 4985 2578 5028 vero,
2615 4983 2730 5032 qua:
2777 4969 3067 5020 setmtdum
3113 4969 3274 5023 Deum
3365 4980 3367 4982 ’

1753 5071 1852 5123 est,
1885 5071 2110 5111 mentem
2143 5060 2205 5111 ad
2242 5058 2563 5110 contrariam
2599 5065 2781 5118 tentat,
2821 5058 3152 5112 sollicitando
3201 5069 3276 5118 ut,

1758 5149 2010 5218 oppositis
2066 5147 2465 5204 mutationibus,
2509 5146 2738 5197 animam
2767 5161 2858 5214 per
2903 5148 3279 5201 sollicitudines

1757 5237 2108 5298 obseurando,
2136 5251 2307 5288 rerum
2339 5236 2492 5288 orbet.
2515 5233 2664 5287 radio
2703 5237 2996 5290 meliorum.
3033 5232 3276 5299 Dupliees

1759 5326 2108 5394 improbitatis
2149 5334 2273 5377 sunt
2318 5326 2580 5378 Intestlia:
2620 5326 2670 5377 in
2707 5324 2937 5389 qualibet
2981 5319 3277 5389 conjuncta:

1757 5415 2060 5482 ()pt‘l'ttllmlc
2087 5431 2099 5475 ;
2133 5428 2233 5465 una
2266 5410 2479 5480 quidem
2526 5412 2825 5478 supervenit
2855 5410 3023 5474 cordi,
3056 5411 3275 5463 molesta
