4052 6336
774 269 795 328 i
814 270 906 332 i0?

2216 294 2277 353 S.
2316 295 2475 355 NlLl

3781 299 3913 362 1108

772 375 822 428 in
851 382 1105 437 elrmtatc
1142 403 1402 456 gressum,
1455 394 1622 462 magis
1651 396 1723 449 ilii
1761 400 1985 463 attende,
2031 415 2190 469 quam
2239 414 2287 454 te

2387 406 2471 471 τῇ,
2495 404 2553 455 τὸ
2571 405 2623 456 δέ
2650 405 2727 466 ὡς.
2747 404 3118 475 ριλανθρὼπιει,
3156 409 3243 459 καὶ
3274 410 3474 476 τροφεῖ·
3506 409 3533 460 ὁ
3565 409 3658 477 τῆς
3688 408 3911 473 ἀγάπης

772 470 1051 528 oli‘eudenti
1083 497 1095 531 :
1133 481 1320 535 timore
1362 494 1414 537 et
1433 486 1692 541 charitate
1719 489 1973 545 famulare
2002 491 2146 559 Deo;
2177 495 2284 563 pri-

712 608 726 615 .,
773 573 912 612 mum
939 564 1171 630 quidem.
1215 569 1288 622 uti
1330 571 1551 626 Domino
1615 585 1666 629 et
1696 577 1880 643 iudici,
1908 579 2128 633 alterunt
2165 597 2287 635 κειό

773 648 844 699 uti
879 651 1106 720 benigno
1134 671 1254 724 erga
1295 659 1554 725 homines,
1585 674 1634 717 et
1665 667 1816 719 altori
1851 686 1865 720 :
1893 671 1983 737 qui
2011 671 2287 724 cltaritatis

775 735 992 792 Virtutes
1035 746 1336 810 acquisivit,
1373 765 1563 816 pravas
1603 752 1654 804 in
1703 735 2058 823 captivitatem
2096 761 2285 828 redigit

773 821 1074 886 passiones;
1108 836 1156 878 et
1198 831 1283 895 qui
1311 846 1336 881 a
1372 842 1552 888 sancta
1583 821 1835 892 Trinitate
1875 842 1971 895 tria
2016 844 2114 897 ista
2159 821 2288 898 oliti-

773 911 879 963 net,
929 905 1101 971 tidem,
1136 926 1278 978 spem
1334 927 1387 967 et.
1420 919 1760 984 cbaritalem,
1796 928 1896 979 erit
1925 930 2049 982 urbs
2098 932 2284 999 triplici

771 989 1093 1048 rircumdata
1119 1016 1285 1065 muro,
1313 1013 1365 1058 et
1397 1008 1696 1072 virtutibus,
1733 1015 1804 1064 uti
1839 1017 2070 1072 turribus
2109 1020 2284 1072 muni-

774 1083 843 1126 la.
889 1077 998 1134 Non
1029 1087 1197 1138 solum
1235 1090 1285 1141 in
1322 1106 1403 1156 eo,
1433 1095 1572 1161 quod
1601 1111 1705 1149 non
1737 1102 1962 1169 accipias
1998 1106 2064 1157 ab
2092 1107 2275 1168 altero,

771 1161 1022 1219 charitate
1073 1174 1317 1235 praeditus
1363 1161 2069 1249 demonstraberis;verum
2123 1203 2172 1244 et
2229 1194 2280 1245 in

770 1246 944 1301 dando
974 1258 1181 1317 profuse
1211 1267 1536 1318 renuntiatur
1567 1272 1744 1322 mundi
1777 1274 2098 1336 dignosceris
2125 1297 2135 1330 :
2161 1280 2282 1336 dum

771 1334 929 1434 429
968 1346 1236 1399 materiam
1292 1352 1546 1418 praebeas,
1590 1334 1842 1412 contende
1876 1377 1998 1428 puta
2025 1334 2284 1434 projicere

2383 493 2577 559 ἀρετὰς
2600 493 2948 561 κτησάμενος,
2979 509 3044 545 τα
3073 493 3214 564 πάθη
3244 494 3348 547 τῶν
3381 495 3591 563 φαύλων
3625 494 3907 562 αἰχμαλω-

2384 581 2536 642 τίζει,
2561 582 2649 632 καὶ
2681 582 2709 631 ὁ
2743 581 2888 650 παρά
2917 583 3011 650 τῆς
3041 581 3193 648 ἁγίας
3223 582 3444 650 Τριάδος
3473 582 3604 650 ἔχων
3637 582 3816 634 ταῦτα
3843 587 3913 632 τὰ.

2383 667 2526 734 τρία,
2559 666 2752 728 πίστιν,
2778 667 2980 730 ἐλπίδα,
3021 668 3257 735 ἀγάπην,
3287 668 3544 736 τρίτειχος
3577 669 3729 719 ἔσται
3758 666 3909 726 πόλις

2383 757 2496 815 ταῖς
2531 755 2746 822 ἀρεταῖς
2773 755 3135 821 πυργωθείσα.
3161 756 3274 814 Οὐκ,
3309 757 3366 806 ἐν
3399 755 3473 822 τῷ
3511 756 3582 824 μὴ
3609 755 3912 822 λαμϐάνειν

2387 840 2540 907 μόνον
2573 841 2698 907 παρ’
2735 841 2915 908 ἐτέρου
2942 841 3272 908 ἀγαπητικδς
3299 841 3672 911 ἀναδειχθήσῃ,
3703 841 3821 892 ἀλλ’
3849 843 3905 890 ὲν

2383 927 2458 993 τῷ
2487 927 2676 979 etaim
2699 929 2926 993 ἀφειδῶς
2952 931 3305 991 ἀπυτακτικδς
3332 931 3728 1001 ἐπιγνωσθήσῃ,
3755 933 3810 981 ἐν
3835 931 3906 996 τῷ

2381 1015 2578 1066 διδόναι
2608 1032 2664 1066 σε
2698 1017 2793 1085 τὴν
2829 1016 2958 1086 ὓλην
2993 1018 3253 1084 ἀγωνίζου
3284 1021 3352 1071 τὰ
3381 1020 3662 1088 σπέρματα
3693 1019 3908 1086 καθ-ιιρά

2387 1103 2615 1171 βάλλειν,
2650 1105 2734 1157 ἵνα
2770 1108 2842 1176 μὴ
2872 1108 2987 1159 ἀντὶ
3023 1107 3209 1176 πυροῦ,
3242 1108 3428 1179 ἐξέλθῃ
3463 1127 3541 1162 σοι
3572 1110 3742 1178 κνίδη.
3773 1111 3904 1160 Θεοῦ

2389 1196 2443 1245 ἐν
2472 1188 2549 1256 οἷς
2582 1195 2830 1263 παρέχεις
2863 1198 3175 1266 μνημόνευε,
3198 1201 3288 1251 καὶ
3311 1201 3481 1258 δότου,
3509 1202 3596 1253 καὶ
3620 1202 3906 1269 λήπτορος,

2389 1282 2533 1343 ὅπως
2573 1299 2651 1333 σοι
2687 1283 2800 1348 μετ’
2829 1283 3113 1352 ἐγκωμίων
3140 1285 3409 1355 λογίσηται
3441 1287 3562 1349 τοὺς
3583 1288 3678 1354 τῆς
3704 1289 3908 1339 ἀποτά-

2385 1370 2517 1434 ξεως
2547 1371 2783 1439 μισθούς.

772 1425 991 1490 semina,
1033 1447 1106 1499 ne
1138 1435 1228 1487 tibi
1269 1454 1362 1505 pro
1395 1441 1659 1499 frumento
1700 1425 1946 1519 exsurgat
1996 1425 2180 1509 urtica.
2229 1459 2280 1511 In
2312 1461 2396 1516 itis
2432 1425 2559 1529 qua;
2612 1462 2832 1529 przebes,
2890 1478 3090 1522 memor
3116 1473 3231 1519 esto
3265 1463 3374 1528 Dei,
3410 1469 3500 1544 qui
3529 1469 3680 1521 dator
3711 1476 3826 1528 est,
3855 1474 3910 1520 et

770 1525 1031 1582 acceptor,
1062 1533 1118 1574 ut
1145 1525 1235 1578 tibi
1268 1533 1673 1590 renuntiationis
1697 1541 1874 1593 mundi
1894 1545 2158 1600 mercedes
2216 1525 2462 1617 imputet-
2496 1525 2624 1604 cum-
2676 1551 2937 1611 laudibus.

1336 1639 1558 1696 CAPUT
1593 1643 1686 1706 XI.

835 1730 932 1794 Qui
965 1735 1091 1787 nihil
1127 1743 1376 1807 possidet,
1415 1763 1540 1800 cura
1566 1765 1781 1804 vacuam
1809 1756 1926 1808 vita:
1956 1759 2170 1827 percipit
2201 1777 2286 1815 vo-

770 1818 1020 1885 luptatem
1047 1843 1060 1888 ;
1087 1837 1138 1879 at
1170 1832 1257 1895 qui
1301 1838 1664 1899 possessiones
1708 1843 1942 1908 adamat,
1975 1847 2284 1902 sollicitudi-

769 1924 886 1962 nem
931 1913 1087 1967 habet
1135 1921 1424 1982 crueiatum
1461 1927 1763 1982 divitiarum
1805 1936 2073 1989 assiduum
2109 1957 2121 1991 :
2161 1947 2286 1994 tunc

768 2009 961 2053 cretum
992 2007 1364 2073 cogitationum
1396 2019 1658 2082 captivum
1701 2022 1898 2092 abiges,
1934 2030 2145 2092 quando
2189 2044 2284 2087 cu-

766 2085 1244 2148 rismundanarmn
1292 2102 1791 2161 sordiumntinime
1835 2107 2122 2177 praebueris
2159 2133 2279 2182 cor;

771 2181 1001 2241 tuncque
1050 2196 1256 2234 crucem
1305 2189 1420 2240 sine
1473 2192 1576 2242 ulla
1625 2198 1859 2260 portabis
1905 2181 2280 2268 distractione,

770 2265 980 2327 quando
1013 2269 1308 2332 possidendi
1341 2280 1601 2332 recusaris
1642 2285 1977 2350 cupiditatem
1992 2273 2015 2353 ’;ν
2041 2265 2283 2357 quiuimo

772 2351 1164 2407 mundanarum
1189 2361 1421 2414 sordium
1458 2367 1702 2434 cogitatio
1727 2351 2047 2428 Senectutem
2084 2380 2174 2431 tibi
2196 2397 2284 2434 va-

769 2437 1033 2504 ticinatur,
1070 2459 1131 2496 ac
1172 2449 1408 2512 morbos,
1453 2453 1521 2506 ita
1564 2465 1616 2508 ut
1651 2467 1791 2512 tuam
1834 2462 1884 2514 in
1935 2462 2094 2518 Deum
2136 2482 2281 2535 spem

767 2540 885 2577 cum
939 2529 1130 2596 opibus
1159 2536 1431 2606 partiatur.
1469 2541 1566 2605 Qui
1618 2548 1796 2600 mundi
1843 2529 2281 2616 renuntiationem

764 2628 1012 2670 exercere
1038 2619 1135 2672 sibi
1165 2628 1452 2692 proposuit,
1485 2630 1586 2683 fide
1610 2642 1853 2704 tanquam
1879 2656 2029 2695 muro
2055 2644 2282 2696 circum-

766 2700 1014 2762 valletur,
1045 2713 1097 2756 et-
1116 2707 1372 2763 charitate
1391 2700 1784 2782 corroboretur,
1813 2732 1865 2775 et
1885 2741 1975 2790 spe
2002 2731 2281 2783 conlirme-

768 2803 888 2841 tur:
925 2801 1006 2842 est
1037 2808 1265 2861 namque
1306 2799 1453 2862 ﬁdes,
1487 2818 1589 2856 non
1623 2809 1844 2869 relictio,
1876 2814 1965 2864 sed
2003 2817 2278 2869 meliorum

2954 1660 3196 1714 ΚΕΦΑΛ.
3228 1665 3330 1718 IA".

2463 1766 2520 1815 '0
2545 1767 2800 1835 ἀκτήμων
2824 1769 3116 1837 ἀμέριμνον
3148 1770 3256 1838 ἔχει
3285 1770 3376 1822 τοῦ
3403 1771 3515 1839 βίου
3562 1771 3658 1839 τὴν
3690 1772 3901 1840 ἡδονὴν.

2380 1853 2408 1902 ὁ
2457 1853 2511 1904 δὲ
2561 1853 2900 1922 φιλοκτήμων
2953 1857 3216 1924 μέριμναν
3266 1858 3374 1926 ἔχει
3425 1860 3520 1925 τὴν
3567 1859 3756 1926 ὸῖύνην
3812 1861 3902 1910 τοῦ

2381 1943 2602 1998 πλούτου
2629 1944 2716 1996 διὰ
2742 1947 2952 2007 παντός·
2989 1947 3104 1998 τότε
3137 1947 3302 2015 δῆμον
3326 1949 3590 2015 λογισμῶν
3629 1949 3903 2018 αἰχμάλω-

2379 2048 2469 2084 τον
2499 2033 2723 2094 ἐλάσεις,
2758 2036 2884 2086 ὅταν
2914 2039 3029 2096 ταῖς
3065 2037 3306 2104 φροντίσι
3341 2037 3445 2088 τῶν
3475 2038 3613 2090 ὑλῶν
3643 2038 3742 2106 τὴν
3776 2055 3903 2105 καρ-

2379 2119 2491 2171 δίαν
2519 2119 2592 2188 μὴ
2612 2120 2733 2187 δῷςο
2753 2122 2868 2173 τότε
2897 2124 2985 2175 καὶ
3011 2123 3099 2184 τὸν
3125 2123 3349 2192 σταυρὸν
3372 2125 3785 2192 ἀπερισπάστως
3812 2125 3903 2192 βα-

2381 2207 2615 2268 στάσεις,
2642 2208 2766 2259 ὅταν
2812 2208 2903 2260 τοῦ
2957 2211 3181 2263 κτᾶσθαι
3225 2212 3321 2278 τὴν
3349 2212 3637 2281 ἐπιθυμίαν
3669 2214 3901 2284 ἀρνήσῃ,

2379 2294 2491 2346 ἀλλ’
2515 2296 2543 2345 δ
2562 2297 2657 2362 τῆς
2691 2294 2820 2363 ὕλης
2844 2298 3093 2365 λογισμὸς
3121 2300 3292 2366 γῆράς
3322 2317 3402 2351 σοι
3436 2301 3775 2368 μαντεύεται”
3811 2301 3903 2354 καὶ

2379 2383 2580 2443 νόσους,
2603 2381 2683 2433 ἵνα
2705 2399 2796 2434 σου
2824 2384 2918 2452 τὴν
2951 2386 3026 2445 είς
3057 2385 3183 2446 Θεὸν
3203 2385 3385 2437 ἐλπίδα
3407 2390 3514 2448 τοῖς
3534 2389 3775 2456 χρήμασι
3808 2404 3902 2456 με-

2381 2469 2522 2539 ρίσῃ.
2563 2469 2619 2522 Ὁ
2643 2469 2738 2536 τὴν
2781 2471 3052 2540 ἀποταγὴν
3079 2473 3262 2524 ἀσκεῖν
3300 2475 3695 2544 προῃρημένος,
3722 2476 3900 2528 πίστει

2378 2558 2709 2626 τειχιζέσθω,
2730 2557 2821 2610 καὶ
2843 2559 3024 2628 ἀγάπῃ
3058 2560 3446 2628 κραταιούσθω,
3482 2563 3574 2612 καὶ
3608 2562 3782 2613 ἐλπίδι
3815 2563 3901 2626 βε-

2381 2645 2663 2701 ϐαιοῦσθω.
2692 2647 2840 2697 Ἔστι
2884 2647 2992 2714 γάρ
3042 2649 3074 2714 ἡ
3123 2648 3320 2708 πίστις,
3362 2649 3458 2700 οῦκ
3499 2650 3896 2718 ἐγκατάλειψις,

2380 2727 2511 2776 άλλά
2543 2727 2646 2776 τῶν
2684 2727 2996 2794 κρειττόνων
3039 2727 3326 2790 ὑπόστασις
3365 2731 3420 2780 ἐν
3456 2731 3624 2781 ἐλπίδι
3655 2736 3748 2798 τῆς
3771 2733 3900 2783 ὑπο-

2384 2816 2565 2880 μονῆς,
2596 2815 2687 2864 καὶ
2707 2818 2771 2881 τῇ
2804 2814 2989 2885 ἀγάπῃ
3012 2815 3107 2882 τῆς
3128 2816 3290 2883 ζωῆς.
3328 2817 3491 2877 Ὅταν
3522 2818 3761 2887 ἀποτάξῃ
3787 2822 3898 2879 ταῖς

767 2892 939 2928 rerum
969 2880 1310 2938 subsistentia
1352 2887 1404 2938 in
1455 2904 1546 2956 spe
1584 2895 1866 2958 patientiae,
1916 2909 1967 2950 et
1999 2901 2115 2953 vitae
2152 2903 2280 2954 elia-

2382 2888 2572 2964 ἔξωθεν
2611 2880 3030 2964 ὖλαιςάπάσαις,
3064 2880 3288 2973 πρόσεάε
3320 2908 3439 2967 τοὺς
3479 2905 3730 2974 ζοφεροὺς
3765 2908 3900 2972 λογι-

767 2966 940 3018 ritate.
967 2967 1187 3031 Quando
1215 2976 1458 3030 omnibus
1487 2984 1718 3034 externis
1750 2987 2068 3041 renuntiat-is
2107 2992 2275 3042 sordi-

766 3053 885 3115 bus,
919 3057 1127 3109 attende
1150 3075 1176 3110 a
1217 3062 1624 3136 cogitationibus
1659 3072 1969 3136 tenebrosis,
2009 3087 2280 3144 pauperta-

765 3152 866 3193 tem
902 3146 1341 3210 exprobrantibus
1398 3153 1507 3212 tibi,
1557 3166 1609 3208 et
1653 3169 1956 3224 egestatem,
2020 3173 2072 3217 ct
2106 3167 2276 3220 vilita—

766 3238 887 3285 tem.
927 3240 978 3281 et
1014 3232 1240 3288 dedecus
1280 3238 1369 3290 tibi
1407 3240 1812 3310 profet'eutibus,
1841 3257 1895 3298 ut
1930 3250 2138 3303 vittutis
2179 3253 2277 3307 ltu—

765 3316 1080 3378 jusiliuSIris
1113 3323 1161 3372 in
1186 3332 1233 3374 te
1257 3328 1613 3389 pmnitentiam
1637 3332 1814 3384 dolosa
1841 3336 2111 3391 homicidae
2137 3356 2277 3393 men-

766 3413 818 3454 te
843 3416 1156 3468 operentur:
1189 3411 1237 3460 si
1279 3426 1404 3476 ergo
1447 3415 1736 3478 prudentia
1766 3423 2007 3474 attendas
2038 3429 2279 3478 certami-

771 3493 872 3551 nis,
909 3493 1032 3543 illud
1065 3496 1242 3561 potius
1268 3501 1578 3565 comperies.
1607 3503 1875 3568 nimirum,
1906 3511 2043 3574 quod
2091 3520 2182 3577 per
2221 3528 2280 3564 ea

769 3594 961 3630 corona
992 3582 1235 3642 plectitur
1274 3585 1384 3646 tibi,
1428 3603 1521 3653 per
1553 3605 1669 3656 qua:
1709 3601 1758 3644 te
1800 3594 1894 3660 ipsi
1951 3598 2108 3664 vitupi
2131 3611 2279 3663 rant;

770 3669 1264 3735 renuntianst-nim,
1303 3681 1514 3740 propter
1564 3694 1622 3730 ea
1659 3683 1924 3735 renuntias
1972 3688 2282 3751 certamina,

768 3768 979 3824 propter
1021 3777 1135 3825 qua:
1189 3763 1410 3816 afﬁceris
1459 3767 1769 3832 opprobriis.
1825 3768 1896 3823 Ne
1942 3773 2097 3837 igitur
2134 3781 2284 3830 Ιιι(·ιιε

774 3847 1078 3898 interiorum
1113 3852 1489 3916 cogitationum
1515 3855 1689 3917 cedas,
1723 3858 1841 3921 quia
1874 3873 1975 3909 non
2007 3860 2055 3909 itt
2090 3862 2283 3926 princi-

771 3932 856 3997 pio
883 3933 1036 4002 421
1087 3939 1492 3992 renuntiationis
1523 3943 1922 3995 commendatur
1966 3946 2100 4011 finis,
2145 3959 2196 4000 at
2234 3951 2284 4002 in

772 4023 872 4074 line
911 4024 1168 4088 patientia:
1205 4027 1459 4093 principia
1498 4040 1834 4092 coronantur,
1889 4049 1984 4085 nec
2019 4036 2069 4087 in
2102 4052 2286 4105 corpo-

2379 2993 2541 3058 σμοὺς
2595 2989 2689 3057 τὴν
2733 2990 2916 3041 πενίαν
2949 2992 3362 3054 ἐπονειδίςοντάς
3405 3010 3503 3055 σοι,
3539 2994 3632 3046 καὶ
3675 2994 3895 3055 ἔνδειαν,

2376 3079 2467 3130 καὶ
2509 3077 2796 3139 εὐτέλειαν,
2838 3079 2928 3127 καὶ
2971 3077 3178 3140 ἀδοξίαν
3223 3097 3301 3132 σοι
3355 3083 3773 3150 προσφέροντας,
3817 3085 3894 3135 ἴνα

2376 3165 2743 3233 τῆςιτοιαύτης
2776 3165 3028 3234 λαμπρᾶς
3064 3167 3259 3234 ἀρετῆς
3294 3169 3625 3236 μετάγνωσιν
3657 3173 3703 3221 ot
3732 3171 3896 3236 φόνιοι

2375 3253 2697 3322 δολοφρόνως
2754 3255 3103 3322 ἐργάσωνται.
3150 3254 3273 3306 Ἐὰν
3304 3251 3394 3308 οὖν
3433 3259 3497 3324 τῇ
3551 3258 3759 3308 συνέσει
3805 3259 3896 3324 τῆς

2376 3342 2646 3410 ἀθλήσεως
2689 3343 2947 3410 πρόσχῃς,
2981 3342 3174 3410 μᾶλλον
3205 3345 3375 3394 ἐκεῖνο
3416 3345 3682 3413 εὑρήσεις,
3718 3347 3798 3397 ὅτι
3834 3346 3898 3397 δι’

2377 3422 2450 3478 ῶν
2497 3444 2553 3479 σε
2593 3429 2923 3491 ὀνειδίζουσι,
2955 3430 3018 3480 δι’
3048 3431 3222 3482 αὐτῶν
3261 3433 3288 3482 ὁ
3312 3433 3566 3497 στέφανός
3603 3449 3680 3484 σοι
3713 3433 3896 3483 πλέκε-

2377 3532 2484 3566 ται·
2526 3516 2614 3568 καί
2651 3517 2755 3584 γὰρ
2783 3520 3234 3586 ἀποτασσόμενος,
3264 3522 3329 3572 δι’
3355 3523 3586 3583 ἐκείνους
3626 3523 3895 3591 ἀποτάσσῃ

2372 3602 2442 3653 ’δι’
2471 3596 2542 3655 ὧν
2567 3603 2737 3662 ἀθλων
2760 3605 3006 3674 ὀνειδίζῃ.
3037 3607 3122 3674 Μὴ
3145 3605 3233 3670 οὖν
3253 3612 3318 3677 τῇ
3350 3611 3488 3678 πάλῃ
3512 3612 3616 3662 τῶν
3647 3611 3791 3672 ἐντὸς
3816 3610 3895 3661 λο-

2383 3693 2589 3758 γισμῶν
2611 3694 2859 3765 ὲνδώσῃς,
2887 3696 2965 3746 δτι
2997 3697 3092 3747 οὐκ
3121 3699 3178 3748 ἐν
3215 3699 3352 3767 ἀρχῇ
3391 3699 3488 3766 τῆς
3534 3700 3806 3766 ἀποταγῆς
3837 3701 3893 3749 τδ

2381 3781 2525 3840 τέλος
2551 3781 2890 3849 εὑφημεῖται,
2917 3784 3028 3834 ἀλλ’
3064 3786 3121 3836 ἐν
3149 3785 3392 3853 τῷ-τέλει
3428 3787 3522 3853 τῆς
3551 3787 3816 3855 ὑπομονῆς
3842 3785 3892 3838 αἱ

2384 3867 2543 3932 ἀρχαὶ
2586 3870 2982 3933 στεφανοῦνται,
3029 3872 3143 3923 οὐδὲ
3179 3875 3234 3923 ἐν
3273 3876 3336 3941 τῇ
3381 3878 3652 3942 σωματικῇ
3694 3891 3890 3941 γυμνα-

2386 3951 2474 4021 σίᾳ
2525 3956 2678 4020 μόνον
2722 3957 2768 4006 oi
2812 3956 3015 4022 ἀγῶνες
3069 3961 3498 4026 συγκροτοῦνται,
3539 3962 3670 4013 ἀλλά
3707 3962 3795 4013 καὶ
3840 3963 3891 4012 ἐν

2389 4043 2453 4109 τῇ
2482 4040 2588 4092 τῶν
2609 4041 2875 4108 λογισμῶν
2899 4043 3036 4112 πάλῃ
3059 4046 3117 4095 τὸ
3145 4046 3267 4114 περὶ
3295 4048 3548 4112 στεφάνου
3573 4048 3825 4116 ζητεῖται.

773 4127 860 4160 reo
890 4112 1057 4163 solum
1098 4114 1348 4166 exercitio
1373 4116 1642 4183 plausibus
1669 4119 2003 4173 dilandantnr
2035 4128 2347 4190 certamina,
2381 4131 2469 4182 sed
2505 4129 2560 4182 in
2594 4130 2732 4184 lucta
2763 4131 3161 4198 cogitationum,
3194 4134 3332 4202 quod
3369 4135 3432 4188 ad
3456 4150 3703 4188 coronam
3732 4137 3889 4205 perti-

772 4205 877 4258 net,
911 4199 1205 4263 requirit-ur.

1346 4311 1565 4368 CAPUT
1600 4313 1706 4370 ΧΠ.

842 4411 1023 4470 Judica
1061 4415 1473 4478 cogitationesin
1507 4424 1752 4477 tribunali
1793 4427 1986 4489 cordis,
2020 4435 2098 4488 ut,
2128 4429 2286 4480 latro—

776 4507 932 4560 nibus
976 4505 1284 4566 interfectis,
1320 4509 1578 4562 latronum
1629 4514 1868 4581 princeps
1913 4517 2284 4582 pertimescat;

775 4597 966 4649 etenim
997 4595 1084 4662 qui
1110 4607 1387 4647 accuratus
1419 4605 1498 4649 est
1531 4600 1901 4663 cogitationum
1939 4604 2285 4666 examinator,

777 4692 1156 4751 praceptorum
1191 4683 1347 4737 etiam
1380 4693 1459 4737 est
1490 4701 1647 4738 verus
1679 4699 1877 4745 amator
1905 4707 1919 4741 :
1950 4690 2159 4756 quando
2191 4691 2286 4758 igi-

778 4783 861 4823 tur
885 4772 1128 4837 cogitatio
1173 4772 1382 4831 inventu
1434 4771 1656 4824 diﬂit-ilis
1701 4787 1791 4827 cor
1821 4781 1965 4824 tuum
2018 4773 2285 4838 invaserit,

782 4870 904 4911 tunc
929 4861 1092 4926 magis
1112 4864 1374 4929 magisque
1396 4877 1554 4928 super
1598 4863 1762 4928 ipsam
1797 4864 2130 4915 vehementes
2165 4878 2288 4924 suc-

778 4947 942 5000 cende
977 4947 1222 5010 labores;
1263 4960 1350 5008 aut
1388 4952 1525 5009 enim
1569 4952 1817 5012 calidum,
1859 4952 1927 5009 uti
1970 4952 2292 5003 contrarium

781 5037 996 5090 minime
1031 5035 1220 5094 forulis.
1252 5038 1498 5106 attingiet,
1545 5050 1633 5098 aut
1663 5041 1832 5107 ipsum
1868 5040 2124 5099 tolerabit,
2154 5039 2288 5090 velut

780 5141 838 5178 ea
866 5141 981 5192 quze
1009 5123 1124 5174 talis
1161 5132 1239 5175 est
1265 5135 1402 5176 recte
1436 5129 1528 5178 viae
1565 5128 1854 5180 familiaris.
1888 5128 2019 5196 Quin
2047 5137 2097 5180 et
2127 5143 2291 5194 quau-

781 5214 951 5280 doque
1003 5213 1195 5264 accidit
1234 5220 1288 5262 ut
1321 5212 1602 5275 (Iactttottes,
1643 5217 1830 5269 bonam
1876 5217 2108 5269 videlicet
2143 5217 2285 5279 δοκῇ.

784 5304 1028 5354 talionem
1065 5312 1152 5353 ttto
1192 5312 1528 5368 suggerentes
1561 5305 1719 5365 cordi,
1773 5308 2050 5374 statimth
2079 5306 2289 5358 transii-

784 5393 972 5454 gurati,
1021 5393 1117 5460 ipsi
1151 5393 1400 5444 simulent
1447 5390 1748 5457 Cogitationi
1789 5395 2072 5458 adversati,
2125 5404 2180 5446 ut
2228 5409 2289 5446 ex

793 5482 1152 5533 contrarietate
1197 5492 1344 5542 putes
1371 5520 1383 5538 .
1425 5495 1513 5534 eos
1562 5481 1714 5532 etiam
1751 5482 1900 5544 scire,
1955 5498 2084 5549 quas
2135 5484 2288 5536 corde

2951 4327 3193 4384 ΚΕΦΔΛ.
3229 4325 3323 4378 ΙΒ¹.

2451 4436 2640 4492 Δίκαζε
2667 4434 2790 4494 τοὺς
2814 4433 3096 4501 λογισμοὺς
3126 4435 3181 4483 ἐν
3208 4434 3281 4501 τῷ
3314 4433 3510 4500 βήματι
3536 4436 3629 4501 τῆς
3659 4436 3887 4504 καρδίας,

2386 4523 2468 4571 ἵνα
2493 4519 2595 4569 τῶν
2629 4519 2835 4586 λῃστῶν
2859 4520 3270 4586 ἀναιρουμένων,
3317 4523 3345 4570 ὁ
3380 4521 3702 4591 ἀρχιλῃστὴς
3737 4523 3888 4591 φοϐη-

2385 4606 2469 4675 θῇ·
2503 4607 2590 4657 καὶ
2623 4606 2728 4673 γὰρ
2756 4607 2781 4656 ὁ
2805 4605 2877 4655 ῶν
2907 4605 3131 4673 ἀκριδὴς
3161 4606 3265 4656 τῶν
3297 4605 3562 4673 λογισμῶν
3592 4608 3886 4678 ἐξεταστὴς,

2385 4695 2494 4746 ἐστι
2548 4695 2638 4745 καὶ
2671 4692 2863 4760 ἀληθὴς
2917 4693 3019 4744 τῶν
3051 4692 3270 4744 ἐντολῶν
3302 4694 3549 4763 ἐραστής.
3601 4696 3762 4748 Ἐπάν
3805 4695 3886 4750 οὖν

2386 4781 2632 4849 λογισμὸς
2666 4782 2854 4848 ἐπιστῇ
2888 4797 2976 4842 σου
3008 4781 3071 4848 τῇ
3107 4781 3294 4850 καρδίᾳ
3310 4781 3638 4852 δυσεύρετος,
3669 4786 3781 4836 τότε
3806 4787 3886 4837 ἐπὶ

2386 4871 2563 4931 πλεῖον
2619 4868 2895 4930 συντόνους
2948 4867 3136 4930 πόνους
3186 4870 3270 4920 ἐπ’
3307 4873 3464 4923 αὐτὸν
3493 4873 3883 4940 ἐκπύρωσον·ῆ

2386 4958 2486 5028 γὰρ
2517 4958 2612 5025 τὴν
2642 4957 2843 5024 θέρμην
2891 4955 2963 5018 ὼς
3004 4958 3243 5010 ἐναντίαν
3284 4961 3341 5012 οὑ
3380 4960 3554 5028 φέρων
3597 4961 3812 5028 ἀποδρᾷ,
3855 4963 3881 5026 ἢ

2386 5046 2581 5111 ταύτην
2628 5043 2876 5111 ὑπομένει
2923 5043 2993 5104 ὡς
3028 5047 3219 5105 οἰκεῖος
3260 5043 3333 5095 ὢν
3364 5045 3460 5112 τῆς
3509 5044 3714 5105 εὐθείας
3751 5045 3878 5100 ὁδοῦ.

2391 5138 2537 5186 Ἐστι
2568 5133 2608 5185 δ’
2642 5134 2764 5193 ὅταν
2793 5134 2838 5184 oi
2859 5133 3098 5202 δαίμονες
3119 5134 3367 5201 λογισμὸν
3396 5134 3550 5200 δῆθεν
3583 5135 3738 5186 καλὴν
3766 5137 3883 5186 ὐπο-

2389 5222 2659 5283 δάλλοντες
2691 5225 2754 5291 τῇ
2787 5222 2994 5290 καρδίᾳ,
3024 5223 3116 5288 καὶ
3138 5221 3373 5287 παρευθὺ
3403 5222 3880 5291 μεταμορφούμενοι

2389 5307 2743 5360 ἐναντιοῦσθαι
2777 5308 2942 5375 τούτῳ
2971 5307 3399 5377 προσποιοῦνται,
3436 5307 3519 5358 ἵνα
3551 5311 3610 5358 ἐκ
3631 5307 3723 5374 τῆς
3747 5311 3880 5358 tvmv-

2387 5396 2640 5460 τιώσεως,
2668 5398 2883 5468 νομίσῃς
2929 5399 3116 5458 αὐτοὺς
3174 5397 3261 5447 καὶ
3312 5395 3404 5456 τὰς
3446 5396 3750 5464 ἐνθυμήσεις
3794 5396 3879 5461 τῆς

2391 5485 2603 5547 καρδίας
2626 5504 2713 5538 σου
2743 5489 2944 5540 εἰδέναι·
2975 5488 3032 5539 οὐ
3070 5487 3224 5554 μόνον
3246 5485 3318 5548 δὲ,
3337 5483 3445 5536 ἀλλ’
3475 5485 3554 5536 ἶνα
3584 5484 3877 5546 δικάζωνται
