4052 6336
158 251 273 312 um
1193 239 1617 306 TRACTATL'S
1654 239 1750 295 AD
1790 229 2196 292 EUIDGIUM.
3135 227 3267 289 mg

153 355 243 418 τὴν
285 350 582 418 συνείδησίν
626 366 718 401 σου
773 349 990 417 κρίνειν,
1023 348 1094 409 ὡς
1123 351 1196 425 τῇ
1228 345 1527 398 ὲναντιώσει
1557 343 1648 394 τοῦ

1755 340 2010 408 pervolris
2057 339 2435 408 cogitationes;
2475 351 2640 404 neque
2686 350 2810 389 vero
2858 334 2908 389 id
2935 337 3138 398 solum,
3174 339 3267 390 scd

150 437 302 489 κακοῦ
332 437 646 504 ἡττηθέντος
677 437 754 504 τῷ
783 435 944 502 καλῷ·
980 435 1090 487 ἐστι
1135 422 1194 485 δέ
1234 435 1389 485 πάλιν
1429 422 1524 482 ὅτε
1551 431 1648 499 τὴν

1755 439 1803 482 ut
1848 429 2069 494 litigent,
2111 428 2174 480 ad
2212 425 2453 479 effectum
2494 436 2634 479 luam
2686 425 2949 491 iudicandi
2988 426 3264 479 conscieu-

149 527 332 576 οἰκείαν
360 526 654 594 σκευωρίαν
686 525 1074 592 ὑπεμφαίνουσί
1109 541 1186 573 σοι
1211 524 1290 573 ἵνα
1328 528 1476 590 παρὰ
1495 536 1648 571 σεαυ-

1755 518 1894 579 liam,
1933 516 2082 583 quasi
2108 514 2244 566 malo
2268 514 2476 566 devicto
2495 528 2560 566 ex
2598 512 2967 566 contrarietate
3001 512 3134 564 facta
3171 513 3265 564 bo-
3321 542 3327 554 ι

148 614 218 680 τῷ
245 614 388 682 δόξῃς
417 614 668 680 φρόνιμος
701 607 858 664 εἶναι.
894 613 1056 662 Ὅταν
1103 609 1346 676 λογισμοὶ
1393 607 1650 674 μεταστή-

1755 619 1814 658 no
1860 618 2192 670 :rursusque
2219 600 2493 667 contingit.
2530 601 2669 668 quod
2713 614 3090 666 nonnunquam
3142 616 3261 665 pro-

151 698 269 747 σωσὶ
324 713 381 746 σε
443 700 520 757 εἰς
563 697 621 747 ὃν
681 697 937 749 ὑπέϐαλον
993 697 1117 763 ὲρᾷν
1153 697 1294 762 ἡμᾶς
1328 693 1505 753 τόπον,
1532 691 1650 741 τότε

1755 693 1921 760 priam
1953 691 2046 743 tibi
2080 699 2222 742 tuam
2256 690 2500 742 solertem
2536 689 2604 741 ob
2634 688 2818 742 oculos
2850 699 3046 757 ponant
3081 689 3268 742 obser-

151 785 548 853 μεταμελείσθαι
591 785 748 836 πάλιν
806 783 1041 836 ποιοῦσιν
1094 784 1177 834 ἵνα
1218 781 1474 840 ἀστάτους
1510 781 1652 848 ἡμᾶς

1755 781 2034 842 rationem,
2089 786 2145 831 ιιι
2168 778 2302 845 apud
2348 779 2570 844 teipsum
2599 777 2826 831 videaris
2858 777 3083 845 prudens
3129 790 3265 829 esse.

147 876 394 940 ποιήσωσι
431 873 776 940 πανταχόθεν,
818 874 909 924 καὶ
935 873 1227 939 ἀκάρπους.
1263 871 1349 920 Διὸ
1382 868 1455 936 μὴ
1487 870 1652 919 πετά-

1755 866 1973 931 Quando
2008 874 2060 920 te
2109 866 2450 934 cogitationes
2483 863 2809 917 transferunt
2843 880 2962 918 eum
2995 867 3044 918 in
3074 866 3268 925 locum,

150 960 312 1023 Cmyev
343 961 562 1021 ἑαυτοὺς
584 961 685 1012 ἀπὸ
709 961 880 1012 τόπων
905 963 980 1021 εἰς
1004 961 1212 1020 τόπους,
1244 959 1374 1009 ἀλλὰ
1401 955 1655 1024 καμπτὼ-

1755 965 1909 1017 quem
1943 965 2038 1002 nos
2065 964 2242 1002 amare
2269 965 2594 1018 suggessere,
2642 960 2768 1004 tunc
2795 951 2970 1003 denuo
3021 954 3270 1016 pmtritcre

149 1049 279 1113 μεθα
324 1049 519 1115 μᾶλλον
550 1049 625 1109 εις
656 1049 898 1117 ἡσυχίαν,
937 1048 1024 1099 καὶ
1073 1047 1286 1106 κόπους,
1336 1045 1414 1095 ὅτι
1458 1048 1519 1096 ὲκ
1558 1043 1654 1111 τῆς

1755 1039 1968 1100 faciunt,
2016 1046 2072 1089 ut
2126 1037 2361 1104 undique
2392 1052 2490 1090 nos
2537 1037 2806 1090 instabiles
2846 1039 3061 1091 reddant
3099 1056 3159 1090 ac
3195 1041 3276 1091 in-

149 1132 402 1198 ήμετέρας
431 1131 694 1198 ῥᾳθυμίας
720 1131 1070 1198 λαμϐάνουσιν
1100 1130 1216 1182 καθ’
1247 1129 1396 1197 ἡμῶν
1431 1129 1477 1179 οἱ
1507 1128 1654 1194 λογι-

1755 1123 2078 1178 fructuosos.
2128 1121 2249 1177 idco
2284 1140 2384 1176 non
2428 1124 2787 1180 extendamus
2829 1127 3180 1192 nosmetipsos
3209 1127 3273 1179 de

150 1223 267 1287 σμοὶ
298 1222 388 1290 τὴν
417 1223 652 1290 δύναμιν.
691 1224 750 1273 '0
772 1223 826 1274 δὲ
849 1221 995 1283 εἰδὼς
1023 1219 1274 1288 λογισμοῦ
1305 1222 1490 1287 πεῖραν
1525 1219 1582 1269 ἰν
1612 1211 1654 1282 ᾧ

1755 1209 1881 1263 locis
1921 1211 1973 1263 in
2024 1211 2160 1274 loca,
2208 1212 2298 1265 sed
2347 1212 2522 1280 potius
2586 1213 2649 1264 ad
2696 1213 2924 1279 quietem
2961 1214 3272 1266 taciturnant

144 1308 285 1373 τόπῳ
309 1308 526 1377 ἐκλήθη,
555 1312 614 1362 ἐν
641 1309 810 1376 τούτῳ
839 1309 1037 1377 μενέτω
1082 1309 1226 1376 παρά
1257 1305 1391 1373 Θεῷ,
1429 1308 1456 1356 ό
1493 1305 1546 1356 δὲ
1583 1305 1655 1371 μὴ

1758 1311 2036 1364 vet-gamus
2087 1306 2138 1350 et
2165 1300 2228 1351 ad
2276 1299 2506 1362 labores,
2551 1300 2674 1366 quia
2702 1315 2730 1352 e
2761 1310 2942 1353 nostra
2970 1301 3083 1369 ipsa
3115 1302 3273 1370 pigri-

145 1394 311 1457 εἰδὼς,
343 1397 400 1446 ἐν
443 1397 605 1463 ἀγῶνι
639 1395 716 1447 ἔτι
742 1397 959 1465 βαδίζει.
997 1397 1058 1446 Ἦ
1092 1395 1196 1446 τῶν
1229 1394 1400 1445 τόπων
1432 1392 1656 1460 μετάθε-

1757 1387 1825 1439 tia
1852 1386 2107 1440 adversus
2130 1386 2288 1456 422
2307 1401 2403 1441 nos
2431 1388 2591 1441 robur
2614 1390 3273 1459 assumunteogitationes.

147 1497 246 1543 σις,
295 1483 404 1548 ητω
449 1484 525 1542 είς
571 1483 635 1533 τά
688 1480 1180 1550 πνευματικώτερα,
1229 1479 1321 1530 καὶ
1370 1478 1442 1546 μὴ
1476 1477 1552 1539 εἰς
1592 1475 1660 1528 τά

1757 1474 1820 1526 At
1856 1474 1963 1534 ille.
1999 1474 2090 1542 qui
2141 1475 2273 1528 bene
2301 1475 2446 1529 novit
2487 1477 2823 1545 cogitationis
2862 1479 3234 1546 experientiam
3259 1519 3276 1543 ,

145 1568 668 1638 ἀναπαυστικώτερα·
709 1569 944 1638 ὑπομονὴ
987 1568 1108 1636 γάρ.
1157 1567 1250 1620 καὶ
1297 1565 1656 1634 μακροθυμία,

1759 1563 1811 1614 in
1834 1577 1939 1630 quo
1965 1572 2182 1617 vocatus
2209 1563 2306 1617 fuit
2328 1565 2469 1628 loco,
2498 1564 2550 1617 in
2581 1565 2694 1633 ipse
2714 1566 2862 1642 apud.
2884 1566 3046 1620 Deum
3067 1581 3268 1636 perma-

145 1653 236 1708 ut
258 1656 457 1725 ἀγάπη,
499 1658 554 1710 ἐν
581 1621 705 1719 ταῖς
731 1621 966 1723 θλίίζαεσιν
995 1621 1316 1726 εὑὶίιριστεῐἰ
1358 1621 1553 1722 ἀκηδίά
1583 1621 1658 1716 at,

1758 1661 1907 1717 neat;
1938 1655 2028 1722 qui
2071 1669 2197 1707 vero
2229 1654 2425 1715 nescit,
2457 1655 2625 1708 adhuc
2668 1656 2720 1708 id
2757 1638 3044 1712 certamine
3067 1621 3287 1725 progre-

145 1742 235 1794 καὶ
263 1743 506 1812 ἐλαφρία,
533 1747 622 1796 καὶ
647 1745 912 1813 φιλαυτία,
944 1749 998 1796 ἐν
1029 1748 1144 1805 ταῖς
1185 1742 1512 1796 ἀναπαύσεσι
1544 1741 1661 1808 χαί-

144 1844 248 1895 ρει.
284 1831 566 1899 ’Δνήσυχος
607 1833 692 1884 διὰ
739 1833 845 1883 τῶν
904 1833 1027 1902 περὶ
1060 1832 1155 1893 τὰς
1178 1831 1322 1897 ὄψεις
1364 1828 1662 1893 αἰσθήσεων

145 1911 241 1978 τὴν
259 1911 428 1982 ψυχὴν
456 1917 782 1982 πολεμεῖται,
811 1919 838 1968 ό
863 1917 916 1968 δὲ
947 1916 1249 1984 φιλήσυχος,
1278 1915 1373 1974 τὰς
1395 1915 1669 1981 αἰσθήσεις

146 2000 441 2067 φυλάσσων,
464 2005 588 2066 τοὺς
623 2006 905 2074 λογισμοὺς
937 2007 1170 2074 πολεμεῖ.

1759 1741 1920 1793 ditur.
1950 1741 2211 1816 Locorum
2244 1741 2518 1794 translatio
2541 1741 2609 1795 sit
2628 1742 2691 1795 ad
2720 1758 2803 1807 ea,
2835 1759 2953 1812 qua:
2996 1744 3159 1811 magis
3191 1745 3276 1796 ha-

1762 1828 1952 1880 bentur
1981 1829 2295 1895 spiritualia,
2330 1839 2380 1883 et
2418 1845 2521 1881 non
2563 1830 2623 1882 ad
2653 1845 2735 1894 ea,
2782 1846 2901 1900 quae
2944 1832 3007 1886 ad
3050 1832 3279 1898 requiem

1763 1926 1884 1967 sunt
1929 1917 2132 1984 aptiora
2167 1935 2179 1969 :
2209 1918 2458 1984 patientia
2491 1933 2734 1986 namque,
2766 1928 2821 1973 et
2869 1919 3238 1989 longanimitas
3259 1959 3277 1984 ,

1763 2014 1816 2057 et
1848 2008 2080 2061 cliaritas
2120 2009 2170 2060 in
2205 2008 2453 2062 aerumnis
2483 2010 2679 2076 gratias
2717 2011 2855 2077 agit;
2894 2009 3097 2078 pigritia
3129 2025 3276 2075 ,vero.

143 2094 194 2138 et
231 2087 430 2154 levitas,
463 2096 515 2142 et
556 2092 752 2145 nimius
791 2093 873 2144 sui
935 2091 1100 2158 ipsius
1160 2105 1307 2143 amor
1369 2089 1557 2157 gaudet
1616 2088 1666 2140 iu
1706 2093 2136 2146 recreationibus.
2183 2093 2279 2157 Qui
2329 2109 2431 2146 non
2480 2095 2712 2149 modeste
2762 2096 3009 2164 quiescit.
3041 2111 3132 2164 per
3162 2110 3284 2149 sen-

145 2189 297 2226 suum
324 2176 552 2230 risiones
577 2189 906 2247 Oppugnatur
959 2179 1010 2230 in
1043 2179 1253 2242 anima;
1306 2177 1470 2244 atqui
1509 2174 1798 2231 modestam
1852 2180 2062 2234 adamat
2117 2183 2367 2248 quirti‘ttt,
2393 2198 2581 2235 sensus
2609 2182 2931 2245 custodiens,
2954 2185 3064 2251 ipse
3089 2195 3286 2251 pugnat

147 2264 394 2320 adversus
428 2268 790 2336 cogitationes.

717 2375 957 2428 ΚΕΦΔΛ.
1001 2373 1072 2427 ιΓν

212 2481 255 2531 Τ
257 2479 300 2547 ᾧ
322 2476 412 2534 οὖν
438 2481 753 2549 διατάγματι
783 2481 874 2532 τοῦ
913 2482 1072 2548 νόμου
1108 2482 1212 2532 τῶν
1240 2483 1531 2549 αίσθήσεων
1570 2485 1664 2551 τὴν

145 2567 288 2630 τάξιν
327 2569 355 2619 ό
396 2567 612 2636 ἡγεμών
640 2585 727 2620 σου
757 2570 1113 2635 συναγαγὲτω,
1143 2569 1227 2619 ἵνα
1269 2569 1340 2637 μὴ
1380 2569 1659 2637 βλέμματι,

148 2657 234 2707 καὶ
261 2656 415 2724 ἀκοῇ,
451 2656 709 2723 μάστιγας
738 2657 914 2709 κακῶν
948 2660 1010 2726 τῇ
1037 2658 1175 2725 ψυχῇ
1207 2673 1294 2707 σου
1325 2657 1574 2726 ταράξῃς·
1605 2659 1660 2708 ὲν

143 2743 286 2794 δυσὶν
312 2745 512 2806 οὐσίαις
548 2745 818 2814 ὑπάρχων,
850 2747 1046 2814 ἑκάστῃ
1079 2746 1338 2815 διανέμειν
1388 2747 1481 2816 τὴν
1509 2747 1654 2813 τάξιν
1682 2747 1723 2804 C

151 2833 426 2898 φυλάττου,
464 2823 608 2903 ἴναή
648 2835 744 2901 μὲν
767 2836 1040 2904 άριστεύῃ,
1073 2837 1104 2902 ἡ
1136 2835 1188 2886 δὲ
1220 2834 1291 2904 μὴ
1321 2835 1533 2905 ἀντερῇ,
1568 2837 1659 2888 καὶ

144 2921 216 2986 τῷ
244 2923 482 2989 τυράννῳ
528 2925 591 2974 τὰ
638 2909 973 2993 ἐπιτάγματα
1008 2924 1080 2994 μὴ
1101 2924 1257 2984 δίδου,
1289 2925 1368 2976 ὅτι
1419 2924 1494 2994 τῷ
1531 2925 1660 2994 πυρὶ

144 3007 318 3057 τούτου
362 3009 614 3070 δοθέντος,
648 3012 737 3062 καὶ
775 3011 863 3062 τὸν
904 3009 1119 3079 ἔσχατον
1154 3011 1412 3080 κοδράτην
1452 3011 1658 3064 ἀποδώ-

148 3112 269 3155 σεις.
303 3096 466 3146 Ὅταν
495 3099 558 3148 τὰ
588 3098 730 3150 αἴτια
772 3088 874 3150 τῶν
921 3099 1100 3151 παθῶν
1136 3098 1499 3167 ἀντιπολεμῶν
1541 3114 1660 3166 τροο

147 3182 354 3244 ποῦσαι,
412 3182 502 3252 μὴ’
527 3185 867 3253 σε’λογισμὸς
905 3186 1238 3253 μεγαλυνὲτω
1286 3185 1534 3253 πονηρὸς,
1586 3185 1657 3250 μή

145 3285 253 3332 πως
284 3271 547 3338 πνεύματι
594 3274 792 3340 πλάνης
839 3273 1139 3332 πιστεύσας,
1199 3272 1288 3322 καὶ
1319 3271 1423 3322 τῶν
1456 3271 1658 3337 φρενῶν

145 3359 432 3425 ἑκπλαγῇς’
466 3360 703 3427 ἐπιζήτει
726 3361 777 3411 δὲ
799 3357 1117 3423 λογιστεύειν
1147 3357 1240 3419 τὰς
1270 3351 1458 3431 ὲφξοῖς
1485 3360 1660 3416 πονεῖς

147 3445 458 3510 ὑπερὼλάς,
490 3447 632 3506 ὅπως
679 3446 743 3498 τὰ
796 3447 916 3514 τέλη
966 3447 1069 3497 τῶν
1119 3446 1539 3515 κατορθωμάτων
1578 3447 1663 3497 διά

141 3532 242 3583 τῶν
271 3534 412 3585 ἔνδον
445 3535 515 3602 μὴ
543 3535 765 3603 κλαπῇς.
813 3537 960 3598 Τινὲς
994 3538 1083 3589 ἐπὶ
1121 3537 1524 3605 κατορθώμασιν
1574 3539 1662 3589 εὑ-

144 3622 516 3688 φημισθέντες,
546 3623 619 3691 τῷ
647 3625 818 3692 χρόνῳ
849 3626 968 3685 τοὺς
999 3626 1184 3686 πόνους
1226 3625 1535 3691 ὴκηδὶασαν,
1573 3627 1663 3675 καὶ

122 3711 170 3772 -ή
201 3710 296 3774 μὲν
332 3711 568 3779 εὐφημία
599 3710 894 3771 διώδευσεν,
925 3713 968 3760 οἱ
998 3711 1052 3760 δὲ
1088 3713 1229 3760 πόνοι
1256 3710 1532 3778 ἐλύθησαν.
1575 3713 1661 3762 Τι-

143 3795 224 3855 νὲς
253 3796 319 3846 δι’
341 3797 496 3860 ὄγκον
527 3797 700 3848 καλῶν
721 3795 1216 3863 σκληρουχούμενοι,
1240 3799 1455 3864 μεγάλοι
1485 3801 1660 3866 ἐνομί-

144 3880 342 3947 σθησαν
372 3881 460 3930 καὶ
489 3883 582 3947 τῆς
610 3883 702 3948 μὲν
740 3884 910 3950 ψυχῆς
944 3884 1000 3935 τὸ
1029 3886 1254 3944 συνειδὸς
1295 3885 1538 3953 ήλκοῦτο,
1569 3887 1663 3954 τῆς

141 3967 191 4018 δὲ
215 3968 482 4034 εὐφημίας
513 3971 541 4036 ἡ
575 3970 722 4031 νόσος
754 3972 1075 4039 ἐνευρύνετο,
1111 3975 1156 4022 oi
1195 3974 1248 4024 δὲ
1293 3973 1529 4040 λογισμοὶ
1559 3975 1662 4025 τῶν

140 4057 458 4125 τραυμάτων
489 4061 580 4126 τὴν
606 4059 778 4127 ψυχὴν
810 4060 1212 4120 ἀποπλανῶντες
1251 4063 1306 4111 ἐν
1338 4063 1453 4117 ταῖς
1499 4063 1660 4126 εὐφη-

144 4145 286 4210 μίαις
335 4146 455 4206 τοὺς
501 4147 688 4209 πόνους
737 4149 1017 4217 ἀπέφερον.
1056 4147 1314 4214 Ὀπηνίκα
1361 4151 1474 4208 ταῖς
1514 4148 1662 4216 παρά

138 4232 432 4301 ἀνθρώπων
479 4238 655 4302 τιμαῖς
707 4237 754 4286 οἱ
802 4235 1146 4288 πονικώτατοι
1191 4237 1560 4303 πλουτήσουσι,
1603 4237 1660 4288 τὸ

133 4325 428 4391 τηνικαῦτα
458 4325 544 4378 καὶ
582 4327 675 4386 τὰς
701 4326 915 4393 ἀτιμίας
949 4328 994 4376 οί
1024 4327 1265 4391 δαίμονες
1308 4327 1657 4387 σκευάσαντες

134 4413 438 4479 ἐπάγουσιν,
471 4415 572 4474 ἵνα,
609 4414 711 4466 ἀπὸ
745 4413 849 4466 τῶν
897 4415 1068 4482 τιμῶν
1108 4415 1271 4475 ὄντες,
1296 4415 1390 4477 τὰς
1442 4414 1656 4481 ἀτιμίας

136 4500 206 4566 μὴ
251 4501 476 4568 φέρωσι,
515 4503 606 4553 καὶ
646 4503 741 4564 τὰς
783 4502 959 4570 ὕϐρεις
996 4502 1066 4569 μὴ
1103 4503 1448 4569 βαστάσωσιν.
1493 4503 1654 4555 Ὀταν

132 4585 212 4649 ίῳ
233 4588 519 4654 ἁμαρτίαις
550 4590 783 4656 μεγάλην
808 4591 1080 4657 μετάνοιαν
1099 4590 1270 4656 διδῷς,
1297 4591 1412 4641 τότε
1433 4591 1482 4640 οἱ
1513 4591 1671 4656 λογιοι

133 4675 252 4738 σμοὶ
280 4677 405 4734 τοὺς
424 4677 632 4740 ἀγῶνας
655 4677 755 4728 τῶν
784 4679 953 4730 πόνων
986 4679 1361 4745 μεγαλύνοντες
1381 4680 1646 4746 ἁμαρτίας

120 4755 525 4835 ’σμικρύνουσιη
555 4761 645 4811 καὶ
672 4762 916 4824 πολλάκις
940 4766 1002 4831 τῇ
1035 4763 1165 4831 λήθῃ
1208 4764 1579 4824 καλύπτουσιν,
1612 4764 1644 4832 ἢ

131 4844 217 4894 καὶ
260 4845 697 4912 συγκεχωρῆσθαι
735 4851 929 4912 ταύτας
970 4853 1330 4918 σημαίνουσιν,
1375 4853 1456 4903 ἵνα
1488 4854 1645 4903 ὑπεν-

131 4929 244 4989 Bob;
274 4932 384 4990 τοῖς
409 4931 603 4992 πόνοις,
636 4933 707 5000 μὴ
738 4936 1020 5006 ἀναλογίζῃ
1043 4941 1143 4990 τῶν
1168 4941 1505 5007 πταισμάτων
1529 4941 1648 5001 τοὺς

132 5015 354 5084 θρήνους
379 5018 498 5078 τοὺς
526 5019 638 5069 κατ’
663 5017 833 5072 αὐτῶν
857 5023 1118 5091 ὠρύεσθαι
1149 5027 1416 5088 πλειόνως.
1492 5082 1498 5086 _

2340 2373 2562 2427 cum
2594 2373 2722 2454 χιιι.

1829 2483 2175 2550 lgitur,juxta
2216 2484 2343 2550 legis
2385 2484 2731 2542 sanctionem,
2780 2480 2887 2533 dux
2919 2479 2993 2531 tui
3025 2492 3276 2530 sensuum

1756 2571 1962 2638 colligat
1991 2571 2250 2628 ordinem.
2277 2580 2334 2623 ut
2364 2586 2455 2622 nec
2477 2571 2682 2632 obtutu,
2709 2583 2804 2622 nec
2824 2569 3030 2630 auditu,
3054 2568 3283 2621 animam

1753 2667 1896 2710 tuam
1924 2656 2166 2710 vitiorum
2185 2657 2434 2710 obturbes
2462 2655 2678 2725 ﬂagellis
2711 2675 2720 2708 :
2754 2670 2876 2708 cum
2908 2655 2959 2707 in
2987 2654 3190 2708 duabus
3212 2667 3292 2708 es-

1755 2746 1935 2800 sentiis
1952 2745 2232 2809 subsistas,
2253 2746 2475 2799 observa
2533 2755 2588 2798 ut
2620 2744 2906 2813 unicuique
2939 2759 3092 2798 suum
3117 2743 3297 2798 distri-

1756 2837 1887 2890 buas
1913 2835 2170 2898 ordinem,
2202 2836 2275 2889 ita
2303 2845 2361 2888 ut
2380 2850 2479 2886 uua
2498 2836 2710 2903 quidem
2734 2833 3024 2888 fortissime
3051 2832 3283 2892 dimicet.

1756 2924 1916 2977 altera
1965 2938 2085 2978 vero
2122 2939 2226 2978 non
2259 2925 2606 2988 contradicat,
2645 2932 2697 2977 et
2737 2938 2802 2977 ne
2850 2923 3030 2990 iniquo
3062 2921 3284 2989 principi

1760 3013 2001 3064 mandata
2032 3011 2313 3074 concedas,
2353 3013 2497 3078 quia,
2539 3026 2602 3064 eo
2652 3012 2760 3081 igni
2793 3011 3008 3075 tradito,
3044 3011 3283 3064 ultimum

1756 3092 1914 3149 etiam
1947 3098 2130 3150 reddes
2158 3097 2524 3163 quadrantem.
2554 3097 2774 3165 Quando
2806 3097 3060 3152 adversus
3087 3097 3288 3164 passio-

1759 3199 1883 3236 num
1915 3196 2102 3236 causas
2128 3183 2456 3249 belligerans,
2488 3198 2579 3236 eas
2609 3184 2659 3235 in
2689 3183 2864 3251 fugam
2891 3182 3063 3236 vertas
3091 3198 3148 3236 ac
3173 3183 3288 3235 vitt-

1759 3285 1868 3330 cas,
1895 3285 1956 3321 ne
1979 3280 2026 3322 te
2047 3270 2272 3336 maligna
2289 3269 2351 3321 ad
2377 3271 2789 3337 magnitudinem
2812 3271 2992 3325 evehat
3013 3271 3282 3339 cogizatio,

1760 3374 1823 3409 ne
1852 3358 2003 3421 forte,
2029 3357 2235 3426 spiritui
2264 3358 2462 3411 erroris
2487 3358 2639 3412 fidem
2661 3359 2936 3423 adhibens,
2962 3369 3132 3413 mente
3156 3375 3279 3426 quo-

1760 3462 1861 3514 que
1896 3447 2244 3514 obstupescas
2267 3465 2279 3511 ;
2306 3461 2501 3500 conare
2527 3458 2724 3509 autem,
2745 3463 2838 3502 eas
2861 3463 3058 3510 rerum,
3087 3449 3136 3500 in
3167 3451 3282 3515 qni-

1764 3536 1860 3586 bns
1895 3534 2121 3596 laboras,
2167 3535 2562 3601 cxsuperantias
2591 3547 2919 3601 computare,
2962 3552 3046 3599 ne,
3090 3552 3177 3603 per
3205 3537 3284 3590 in:-

1764 3624 1978 3682 teriora,
2011 3622 2302 3674 facinorum
2342 3633 2482 3674 recte
2505 3633 2770 3690 gestorum
2804 3625 2907 3676 fine
2931 3623 3280 3676 defrauderis.

1761 3710 1982 3778 Quidam
2015 3711 2083 3761 ob
2113 3725 2199 3762 res
2223 3710 2355 3761 bene
2382 3717 2615 3775 patratas
2639 3710 2884 3762 laudibus
2912 3712 3281 3771 concelebrati.

1762 3798 2076 3866 procedente
2098 3805 2196 3848 tem
2206 3808 2348 3863 pore,
2382 3796 2588 3850 labores
2607 3797 2948 3866 neglexerunt
2964 3814 2976 3863 ;
2991 3805 3051 3858 et
3074 3799 3282 3865 applau-

1761 3901 1851 3938 sus
1885 3885 2096 3953 quidem
2129 3884 2321 3937 laudun
2373 3899 2490 3939 eum
2523 3885 2697 3939 sonitu
2738 3885 2886 3946 abiit,
2923 3885 3128 3940 labores
3157 3901 3282 3939 vero

1763 3972 2004 4025 dissoluti
2045 3973 2334 4039 perierunt.
2371 3974 2546 4040 aliqui
2599 3975 2668 4027 ob
2719 3984 2982 4027 tumorem
3029 3974 3277 4029 vitiorum

1763 4055 2027 4115 obdurati,
2057 4053 2212 4123 423
2243 4059 2416 4123 magni
2449 4059 2986 4124 fueruntexistimati,
3012 4069 3063 4113 et
3091 4062 3282 4115 anima:

1759 4143 1972 4207 quidem
2011 4143 2313 4195 exulcerata
2364 4152 2478 4197 erat
2508 4146 2851 4211 conscientia,
2875 4148 3113 4203 ,morbus
3155 4166 3280 4204 vero

1760 4230 1947 4281 fausta:
1994 4230 2392 4284 acclamationis
2434 4231 2790 4298 dilatabatur;
2830 4235 2960 4303 quin
2997 4245 3052 4290 et
3084 4239 3281 4306 cogita.

1758 4319 1927 4370 tiones
1965 4317 2202 4374 animant
2245 4334 2275 4373 c
2320 4321 2628 4376 vulneribus
2665 4323 2913 4378 aberrare
2945 4325 3194 4381 facientes
3224 4327 3275 4380 in

1759 4405 1949 4460 faustis
1969 4407 2241 4460 ominibus
2261 4407 2596 4478 diripuerunt
2614 4412 2839 4468 labores.
2870 4415 2988 4479 Ubi,
3016 4417 3105 4484 qui
3128 4417 3274 4468 labo-

1757 4495 2033 4548 riosissimi
2058 4505 2199 4556 sunt,
2228 4496 2515 4553 honoribus
2537 4501 2602 4552 ab
2633 4501 2936 4557 hominibus
2963 4504 3274 4571 provenien-

1753 4583 1892 4634 tibus
1917 4583 2064 4636 ditati
2096 4582 2308 4645 fuerint,
2339 4594 2462 4640 tunc
2491 4597 2540 4640 et
2566 4588 2830 4643 daemones
2858 4597 3166 4656 apparentes
3193 4589 3272 4639 in-

1753 4670 1928 4724 fcruut
1945 4673 2247 4740 opprobria,
2269 4684 2342 4737 ut,
2361 4675 2648 4729 honoribus
2660 4675 2870 4744 deiecti,
2891 4675 3144 4726 dedecora
3164 4690 3266 4727 non

1750 4759 2022 4821 sufferant,
2051 4770 2103 4813 et
2130 4761 2474 4813 contumelias
2505 4777 2608 4814 non
2639 4767 3000 4826 comportant.
3042 4758 3268 4823 Quando

1696 4910 1699 4914 _
1751 4857 1960 4914 propter
2002 4857 2218 4915 peccata
2263 4863 2505 4915 magnam
2554 4848 2668 4915 agis
2708 4847 3107 4914 pmnitentiam,
3143 4855 3264 4903 tunc

1753 4937 2099 5005 c0gitationcs
2150 4935 2323 5000 magni
2365 4933 2614 4987 facientes
2662 4939 2964 5001 certamina
2994 4939 3260 4999 laborum,

1752 5033 1960 5091 peccata
1987 5031 2304 5084 extenuant,
2351 5037 2411 5075 ac
2445 5025 2636 5088 saepius
2679 5025 2943 5080 oblivione
2989 5028 3259 5094 ebtcgunt,

128 5117 214 5158 aut
268 5107 425 5159 etiam
470 5110 565 5161 ista
624 5111 785 5164 fuisse
815 5113 1030 5167 dimissa
1081 5120 1396 5186 signiﬁcant,
1462 5130 1532 5178 nt,
1587 5121 1835 5187 paulatim
1887 5114 2076 5167 cedens
2108 5114 2373 5168 laboribus
2415 5132 2516 5169 non
2556 5120 2805 5182 aestimes,
2853 5117 2991 5185 quod
3034 5119 3258 5187 lamenta

127 5191 586 5262 debeantzmplius
611 5198 661 5248 in
690 5198 914 5263 ejulatus
937 5216 1209 5270 erumpere
1255 5186 1634 5274 adversusipsa
1675 5207 1884 5259 delicta.
2739 5262 2742 5265 _
2871 5259 2875 5265 .
2988 5228 2992 5230 ‘
3045 5186 3052 5191 -

702 5309 937 5360 ΚΕΦΛΛ.
973 5311 1076 5360 ΙΔᾈ

199 5404 260 5463 Ὀ
290 5407 345 5460 δί
387 5409 452 5461 τὰ
491 5415 849 5479 προσπεσόντα
897 5417 1030 5479 πάθη
1075 5419 1345 5467 πυκτεύων
1392 5419 1630 5483 iui-#1:,

2306 5311 2527 5365 CAPUT
2564 5311 2694 5364 XIV.

1807 5417 1902 5479 Qui
1937 5432 2081 5483 vero,
2107 5429 2159 5470 ut
2189 5421 2460 5486 passiones
2489 5419 2819 5473 incursantes
2853 5420 3144 5483 cxsciudat,
3179 5420 3255 5475 ro-
