4052 6336
188 271 325 332 1117

1244 279 1670 342 ΤΠΛΟΤᾹΤυδ
1707 289 1800 344 AD
1841 286 2249 347 EUIDUIUM.

3210 285 3340 351 1118

184 375 260 445 τῷ
296 379 476 445 κακῷ,
511 380 643 450 ὅπερ
668 382 760 450 τῆς
786 380 1098 446 ικπτὼσεως
1135 387 1225 438 τοῦ
1251 389 1490 442 διαϐόλου
1519 392 1725 459 πρῶτον

1827 394 1876 445 in
1903 393 2096 445 malum
2121 392 2405 460 inciderit;
2443 392 2581 461 quod
2613 390 2753 446 idem
2785 391 2944 445 etiam
2975 405 3105 458 opus
3131 401 3213 445 est
3235 392 3341 458 pti-

184 469 279 517 καὶ
317 467 478 519 τοῦτο
524 469 681 537 ἔργον
717 472 881 524 ἐστίν.
931 473 1106 524 Ἔστω
1150 476 1206 526 δὲ
1260 478 1720 546 μεταμελοῦμενος

183 551 271 616 ἐφ’
293 547 384 614 οἷς
400 553 616 623 ἀτρποις
640 556 866 625 ἔπραξεν
891 558 1087 626 ἔργοιςο
1107 561 1193 612 τὸν
1212 563 1312 631 τῆς
1333 564 1504 632 λύπης
1532 566 1719 635 θρῆνον

183 642 312 692 κατ’
361 643 534 694 αὐτῶν
574 646 956 710 ἐπιγινώσκων,
988 651 1340 704 ἐπισπάσεται
1391 653 1445 704 δὲ
1495 657 1584 706 καὶ
1626 655 1719 723 τὴν

184 734 567 795 πρωτοστάτιν
605 735 709 786 τῶν
757 737 924 789 πόνων
960 741 1196 807 ἡσυχίαν,
1244 743 1532 808 φαίνουσαν
1579 745 1721 814 αὐτῷ

183 815 289 882 τὴν
326 817 699 886 πολυόμματον
725 821 827 872 τῶν
854 824 1053 891 ἀρετῶν
1077 826 1317 897 θεωρίαν.
1359 829 1415 880 'l)
1445 831 1722 898 ἡσυχάζων

183 906 253 972 τῇ
290 905 528 977 γλώττῃ.
565 910 702 960 κατά
739 911 844 962 τῶν
866 913 1131 982 λογισμῶν
1160 917 1513 986 άνδριζέσθω⁶
1553 923 1584 986 ὴ
1618 921 1723 989 γὰρ

184 991 294 1056 τῆς
333 994 504 1062 ψυχῆς
525 997 736 1066 ἀνδρεία
765 1001 860 1051 οὐκ
887 1003 944 1053 ὲν
971 1005 1033 1070 τῇ
1063 1004 1253 1073 ἡσυχία
1278 1005 1541 1058 δείκνυται
1574 1007 1726 1075 μόνον

184 1080 287 1133 τοῦ
331 1084 611 1151 στόματος,
650 1087 778 1140 ἀλλά
817 1091 904 1140 καὶ
934 1093 988 1142 ἐν
1025 1095 1086 1159 τῇ
1111 1093 1215 1143 τῶν
1247 1093 1514 1162 λογισμῶν
1536 1099 1726 1165 ἀνδρα-

187 1169 380 1240 γαθίᾳ.
415 1173 505 1223 καὶ
543 1176 606 1241 τῇ
652 1173 755 1225 τῶν
795 1175 1016 1243 ὕϐρεων,
1049 1178 1139 1230 καὶ
1171 1180 1388 1232 ἀδικιῶν
1427 1183 1724 1251 εὐσταθεῖς

185 1257 446 1310 ἐντεῦθεν
471 1260 578 1326 γάρ
624 1263 676 1312 al
707 1263 870 1314 δειναὶ
902 1266 1154 1333 μάστιγες
1192 1268 1279 1320 τοῦ
1308 1271 1547 1323 διαϐόλου
1575 1288 1724 1340 περι-

185 1345 533 1399 τινάσσονται
557 1350 612 1400 ἐν
644 1353 759 1413 ταῖς
791 1355 1112 1423 συντυχίαις.

773 1555 1011 1609 ΚΕΦΑᾹ.
1058 1556 1155 1608 ΙΘ’.

263 1655 356 1723 Μὴ
379 1657 550 1725 στόμα
580 1660 756 1727 μόνον,
790 1663 917 1715 ἀλλά
958 1667 1047 1716 καὶ
1083 1668 1272 1735 καρδία
1298 1667 1578 1736 τηρείσοω,
1614 1671 1726 1722 τοτε⁹

184 1742 304 1812 γὰρ
320 1745 653 1815 ἀμαυροῦται
683 1751 777 1817 τῆς
793 1752 966 1820 ψυχῆς
994 1753 1051 1803 τὸ
1067 1754 1215 1821 ὄμμα
1236 1756 1310 1823 τῷ
1329 1758 1424 1824 τῆς
1445 1758 1725 1823 ἀρεσκείας

184 1831 419 1900 δμματι.
472 1835 564 1887 τοῦ
617 1837 703 1889 νοῦ
750 1841 1105 1906 παυσομένου.
1139 1843 1314 1894 Ἔστω
1347 1860 1434 1894 σου
1483 1845 1652 1913 πηρδς
1701 1848 1728 1897 ὁ

186 1918 317 1978 νοῦς
349 1920 476 1986 περὶ
498 1923 562 1971 τὰ
582 1923 844 1989 αἴσχιστα,
878 1925 1072 1992 Κύριος
1099 1926 1202 1995 γὰρ
1226 1931 1376 1993 σοφοί
1405 1928 1528 1988 τοὺς
1556 1926 1726 1978 τοιού-

186 2023 318 2068 τους
335 2010 600 2074 τυφλοὺς,
642 2011 937 2080 διορατικδς
972 2014 1025 2065 δὲ
1052 2014 1174 2081 περὶ
1220 2015 1286 2066 τά
1336 2015 1607 2079 κάλλιστα,
1643 2017 1726 2067 Wa.

185 2093 543 2165 ὲκτυφλὼττῃ
572 2098 692 2165 περὶ
725 2098 791 2148 τὰ
819 2099 1064 2152 κάκιστα.
1099 2099 1223 2152 Νόει
1249 2101 1304 2152 δέ
1340 2118 1445 2169 μοι,
1477 2104 1725 2172 πορνείας

187 2175 332 2231 εἶναι
368 2181 459 2234 δύο
481 2184 534 2233 ὲν
564 2183 1194 2254 διαιρέσειὲζυγωμένας,
1218 2188 1312 2257 τὴν
1343 2189 1433 2241 τοῦ
1463 2190 1724 2257 σώματος,

188 2271 289 2318 καὶ
323 2269 419 2337 τὴν
445 2269 536 2321 τοῦ
580 2273 896 2340 πνεύματος·
925 2274 1049 2324 ὅταν
1083 2275 1332 2344 λογισμὸς
1372 2278 1620 2346 πορνείας
1653 2277 1726 2346 τῷ

197 2355 466 2425 πνεύματί
517 2375 606 2409 σευ
643 2360 907 2427 μίγνυται,
941 2363 1056 2414 τότε
1083 2364 1425 2432 ὲκτυπώματι
1466 2365 1724 2435 πλάνηςὴ

188 2443 336 2512 ψυχή
371 2461 463 2495 σου
498 2447 824 2511 συγγίνεται.
861 2449 1134 2518 Προσὼπῳ
1159 2451 1370 2520 Θηλείας
1403 2442 1726 2521 σχηματίζε-

189 2544 284 2581 ται
332 2530 556 2597 δαίμων,
610 2533 691 2584 ἵνα
743 2535 995 2603 φαρμάξῃ
1047 2537 1142 2603 τὴν
1188 2538 1359 2605 ψυχὴν
1407 2540 1520 2605 μετ’
1565 2541 1723 2590 αὐτοῦ

191 2620 553 2687 συμμιγῆναυ
585 2623 792 2690 μορφῆς
818 2623 1036 2692 γλύμμα
1070 2629 1221 2693 φορεῖ
1261 2626 1492 2697 ἄσαρκος
1524 2628 1724 2696 δαίμων

193 2705 276 2757 τνο
315 2705 554 2775 λογισμῷ
599 2710 873 2778 ἀκολάστῳ
911 2712 1006 2778 τὴν
1038 2710 1207 2779 ψυχὴν
1251 2714 1601 2784 ἐκπορνευσῃ.
1631 2716 1718 2786 Μὴ
1753 2718 1759 2732 ’

1824 498 1968 534 mum
2011 483 2204 535 diaboli
2235 495 2423 546 casus;
2478 481 2547 534 sit
2583 494 2704 532 vero
2742 479 3002 547 pmuitens
3027 479 3078 530 in
3108 478 3190 532 his
3226 493 3345 546 qua:

1822 571 2108 635 commisit,
2167 569 2660 624 inconvenientibus
2700 567 2970 636 operibus,
3025 566 3224 619 doloris
3261 565 3344 624 lue-

1823 670 1964 712 ctmn
2000 660 2253 712 adversus
2289 674 2349 711 ea
2383 659 2732 726 recognoscit,
2782 663 3112 708 consectetur
3143 663 3341 716 autem,

1823 754 1876 796 et
1937 746 2173 796 laborum
2215 745 2487 810 pra‘sidetn
2546 743 2799 811 quietem,
2853 741 3180 793 exhibentem
3242 737 3342 804 ipsi

1824 833 2074 884 virtutum
2123 831 2619 896 contemplationem
2662 830 3023 896 multipliciter
3059 829 3340 880 oculatam.

1826 918 1925 983 Qui
1967 919 2195 986 linguam
2231 918 2438 970 silentio
2473 919 2810 978 moderatur,
2845 916 3050 967 virilem
3091 915 3344 965 adversus

1828 1009 2171 1074 cogitationes
2207 1007 2392 1059 induat
2423 1005 2657 1058 animum
2685 1020 2700 1068 ;
2741 1006 2933 1056 animm
2961 1004 3153 1069 quippe
3196 1002 3344 1053 forti-

1829 1101 1952 1148 tudo
1983 1111 2083 1149 non
2112 1100 2280 1149 solum
2321 1095 2616 1147 ostenditur
2648 1095 2698 1145 in
2729 1094 2838 1145 oris
2863 1093 3147 1158 tranquillo
3185 1092 3344 1153 silen-

1827 1185 1919 1246 tio,
1945 1184 2035 1235 sed
2062 1193 2112 1236 et
2139 1184 2188 1234 in
2214 1183 2587 1248 cogitationum
2622 1181 2953 1238 strenuitate,
2984 1187 3030 1228 et
3069 1188 3344 1230 contume-

1824 1273 2010 1325 liarum
2071 1280 2228 1335 atque
2271 1271 2581 1336 injuriarum
2621 1269 2906 1336 patientia;
2949 1267 3069 1318 inde
3123 1280 3346 1330 ttatnque

1827 1361 2098 1413 horribilia
2127 1360 2328 1427 ﬂagella
2365 1358 2558 1410 diaboli
2593 1356 3102 1422 eircmnquatimttur
3140 1354 3192 1406 in
3223 1366 3348 1405 con-

1825 1448 2230 1502 versationibus.

2379 1550 2599 1605 CAPUT
2635 1549 2771 1602 XIX.

1891 1661 2003 1715 Non
2027 1677 2087 1715 os
2115 1640 2467 1723 solummodo,
2494 1674 2670 1711 verum
2689 1658 2845 1710 etiam
2867 1671 2958 1710 cor
2983 1655 3342 1719 custodiatur;

1825 1757 1949 1802 tunc
1981 1750 2121 1800 enim
2154 1749 2340 1800 oculus
2370 1747 2558 1799 animae
2591 1744 2898 1798 obfuscatur
2922 1744 2987 1796 ab
3012 1743 3171 1795 oculo
3201 1741 3344 1802 lepo-

1825 1835 1922 1892 ris,
1951 1848 2042 1885 seu
2074 1831 2273 1883 facetia:
2303 1833 2355 1882 in
2385 1846 2646 1893 sermone,
2674 1845 2793 1882 cum
2845 1844 2991 1882 tuens
3011 1814 3346 1894 'acquieverit

1823 1934 1884 1971 ac
1917 1919 2133 1970 cessarit
2163 1934 2176 1969 :
2211 1932 2360 1970 mens
2390 1927 2474 1969 tua
2507 1915 2664 1984 430
2688 1925 2837 1982 capta
2871 1916 2939 1969 sit
2967 1915 3135 1968 oculis
3157 1915 3220 1967 ad
3261 1928 3346 1967 res

1824 2007 2156 2073 turpissimas
2193 2004 2346 2073 (tales
2369 2006 2507 2056 enim
2555 2020 2724 2057 ca-cos
2763 2003 3019 2056 Dominus
3052 2002 3222 2054 reddit
3259 2017 3346 2053 sa-

1825 2097 2067 2160 pientes),
2092 2095 2361 2162 perspicax
2396 2109 2518 2146 vero
2547 2094 2611 2146 ad
2637 2109 2722 2146 res
2747 2092 3168 2154 honestissimas,
3197 2092 3266 2142 ita
3292 2102 3346 2142 ut

1824 2189 1901 2238 sis
1923 2186 1985 2236 ad
2014 2185 2272 2253 pessimas
2305 2191 2618 2236 excaecatus.
2655 2182 2885 2250 Intellige
2921 2195 3045 2234 vero
3067 2182 3197 2232 duas
3227 2194 3345 2231 esse

1824 2274 2174 2329 sem-lationes
2224 2288 2342 2326 cum
2393 2272 2731 2326 distinctione
2786 2271 3132 2336 coniunctas,
3185 2281 3343 2322 unam

1825 2365 2084 2431 corporis,
2138 2372 2190 2415 et
2246 2363 2465 2414 alteram
2522 2361 2742 2429 spiritus
2785 2378 2796 2412 :
2835 2360 3047 2426 quando
3097 2357 3346 2421 cogitatio

1826 2453 2164 2507 scortationis
2211 2461 2302 2504 tuo
2339 2451 2655 2522 admiscetur
2695 2447 2902 2516 spiritui
2933 2485 2948 2510 ,
2985 2458 3111 2498 tunc
3170 2445 3345 2496 anima

1827 2549 1912 2591 tua
1941 2555 2063 2591 cum
2093 2539 2261 2605 elligie
2297 2536 2627 2603 deceptionis
2656 2535 2926 2589 coalescit.
2973 2533 3182 2585 Dznmon
3216 2533 3345 2601 figu-

1824 2636 1970 2677 ratur
1993 2624 2044 2676 in
2076 2639 2297 2690 persona
2327 2623 2556 2687 feminae,
2583 2633 2635 2674 ut
2659 2623 2809 2689 quasi
2836 2621 3088 2674 veneficio
3112 2621 3343 2673 animant

1826 2720 1969 2765 tuam
2002 2711 2184 2763 illiciat
2215 2720 2272 2763 ut
2293 2726 2474 2765 secum
2504 2710 2914 2764 contmisceatur
2946 2728 2958 2761 :
2993 2709 3217 2771 daemon,
3251 2708 3344 2774 qui

191 2793 289 2846 οὖν
327 2796 694 2860 τυγκαλύπτου
712 2797 954 2866 είδωλείῳ
984 2800 1324 2868 ἀνυπάρκτῳ,
1350 2801 1433 2852 ἵνα
1455 2803 1526 2871 μὴ
1550 2804 1637 2855 καὶ
1662 2807 1725 2874 τῇ

1828 2813 2040 2853 carnem
2090 2815 2194 2852 non
2243 2801 2418 2861 habet,
2471 2800 2795 2867 seulpturam
2839 2798 3009 2851 induit
3045 2797 3248 2859 fon-inm,
3293 2806 3346 2847 ut

195 2881 440 2949 σαρκιτὸ
470 2883 648 2948 ὅμοιον
668 2883 892 2954 δράσῃς,
920 2885 1179 2953 πνεύματι
1215 2888 1463 2955 πορνείας
1495 2891 1728 2960 ἐπλανή-

199 2974 372 3036 θησαν
395 2971 442 3021 οἱ
472 2970 693 3022 τοιοίτοι
715 2972 762 3023 ol
792 2972 885 3032 τάς
912 2972 1054 3027 ἔνδον
1086 2976 1324 3043 μοιχείας
1351 2975 1455 3028 τῶν
1488 2978 1727 3044 πνευμά-

194 3075 305 3120 των
329 3076 408 3126 τῳ
431 3060 640 3130 σταυρῷ
667 3062 738 3130 μὴ
767 3061 1056 3124 σοσοῦντες.
1089 3065 1270 3128 Δίκιζε
1303 3067 1422 3127 τοὺς
1444 3067 1730 3135 λογισμοὺς

195 3149 382 3218 ἀσιτίᾳ
412 3148 727 3218 βρωμάτων,
767 3152 850 3202 ἵνα
892 3153 963 3223 μὴ
1001 3157 1241 3223 πορνεία,
1288 3155 1418 3208 ἀλλά
1463 3157 1614 3224 πείνῃ
1639 3157 1729 3208 λα-

195 3231 379 3289 λῶσιν·
399 3238 560 3306 εὐνῆς
588 3239 851 3308 ἀγρυπνίᾳ
878 3245 1064 3311 στῆσον
1110 3243 1355 3310 δάκρυον,
1380 3245 1459 3295 ἵνα
1486 3244 1727 3312 βοήθειαν

194 3322 368 3393 λάϐῃς
419 3341 506 3376 του
550 3327 807 3394 παρόντος
856 3326 1103 3392 πολέμου.
1164 3328 1248 3378 Ἐν
1296 3328 1466 3396 καιρῷ
1499 3329 1590 3380 τοῦ
1636 3331 1728 3397 τῆς

197 3410 453 3475 πορνείας
491 3409 720 3474 πολέμου
751 3409 844 3469 τὰς
863 3408 1072 3474 κλήσεις
1099 3409 1201 3459 τῶν
1234 3411 1550 3478 ἑστιατόρων
1593 3428 1728 3478 παρ-

196 3494 436 3564 αίτησαι,
487 3497 578 3545 καὶ
628 3495 714 3545 τὸν
792 3496 886 3562 μὲν
933 3495 1072 3559 ξένον
1112 3499 1401 3550 ἐπιστάντα
1448 3499 1727 3568 ὑπηρετῶν

195 3583 545 3648 ἀναπαύσεις,
585 3585 802 3636 σεαυτὸν
851 3586 904 3637 δὲ
954 3586 1510 3656 περικεκαλυμμὲνως,
1553 3589 1729 3654 ἀσιτίᾳ

195 3672 564 3743 περιφράξεις.
598 3673 820 3737 Διπλοῦς
842 3675 976 3728 ἔστω
1000 3692 1077 3726 σοι
1098 3675 1202 3726 τῶν
1225 3657 1538 3743 ἀμφοτέρων
1557 3677 1728 3744 ἔργων

191 3763 222 3813 ὁ
255 3762 443 3831 μισθδς
462 3762 540 3812 ἑνὶ
564 3763 771 3826 ἑκάστῳ
808 3762 864 3812 τὸ
902 3761 1194 3828 πρακτικὸν
1225 3761 1289 3811 δι’
1315 3763 1509 3829 ἀρετὴν
1536 3762 1727 3812 ἀπονέ-

194 3844 372 3919 μοντι·
401 3850 474 3916 μὴ
497 3849 674 3898 ἕνεκεν
703 3850 929 3917 γαστρὸς
959 3850 1196 3902 συνέσθιε
1236 3850 1310 3920 τῷ
1342 3850 1578 3919 ἀδελφῷ,
1617 3851 1725 3903 ἀλλ’

192 3937 381 3989 ῑνεκεν
409 3935 639 4009 Χριστοῦ
673 3937 977 4000 συναυλίζου
1011 3942 1072 4007 τῇ
1102 3940 1304 4009 ἀγάπῃ.
1349 3940 1518 4008 Κόρος
1549 3940 1728 3991 σιτίων

191 4024 486 4095 λογισμοὺς
519 4025 728 4089 σιτίζει,
764 4027 851 4078 καὶ
878 4028 1101 4102 μέθυσος
1123 4029 1284 4080 ὕπνον
1316 4030 1605 4095 φαντασίας
1632 4046 1726 4080 πο-

1826 2887 2087 2955 itnpudica
2142 2888 2458 2954 cogitatione
2515 2887 2732 2940 scortari
2777 2886 2934 2941 faciat
2976 2885 3224 2938 animam.
3272 2881 3347 2936 Ne

1828 2977 1983 3051 igitur
2013 2992 2041 3029 a
2068 2977 2373 3041 simulacro,
2408 2978 2545 3045 quod
2584 2977 2978 3029 subsistentiam
3027 2987 3129 3025 non
3162 2973 3342 3034 habet,

1826 3066 2150 3134 contegaris,
2195 3081 2259 3118 ue
2302 3079 2464 3118 carne
2488 3066 2643 3116 etiam
2672 3064 2794 3129 quid
2831 3060 3002 3115 simile
3034 3070 3300 3129 perpetres
3329 3079 3342 3115 :

1824 3171 1853 3209 a
1897 3157 2086 3222 spiritu
2137 3155 2477 3207 scortatimds
2513 3152 2714 3218 decepti
2763 3151 2908 3203 fuere
2955 3151 3012 3211 ii,
3055 3151 3140 3217 qui
3189 3163 3346 3202 cruce

1826 3256 1928 3294 non
1959 3242 2261 3307 repulerunt
2293 3239 2572 3306 spirituum
2611 3239 2882 3290 adulteria.
2924 3238 3114 3291 Crucia
3147 3239 3346 3305 cogita-

1826 3330 1995 3382 tiones
2039 3330 2278 3381 ciborutn
2337 3327 2575 3394 penuria,
2628 3335 2823 3380 utnon
2863 3328 3208 3386 scortatioue,
3251 3326 3342 3378 sed

1824 3419 2000 3470 esurie
2036 3418 2348 3486 loquantur;
2378 3417 2555 3486 vigilia
2593 3416 2854 3468 orationis
2890 3416 3176 3484 lacrymam
3212 3429 3345 3467 con-

1827 3524 2083 3573 crescere,
2105 3523 2165 3561 ae
2185 3509 2383 3560 stillare
2410 3505 2592 3568 facito,
2617 3514 2674 3557 ut
2703 3505 2948 3558 instantis
2972 3505 3089 3557 belli
3116 3504 3346 3571 accipias

1829 3596 2104 3647 auxilium.
2147 3580 2200 3646 lu
2232 3603 2465 3662 tempore
2488 3593 2769 3646 meretricii
2805 3592 2924 3663 belli
2955 3591 3342 3645 convivantium

1827 3683 2164 3734 iuvitationes
2202 3695 2426 3742 recusa;
2472 3688 2523 3731 et
2555 3678 2746 3745 hospiti
2785 3677 2996 3745 quidem
3027 3677 3214 3729 astanti
3251 3675 3346 3727 ad-

1826 3769 2156 3828 ministrans,
2189 3767 2358 3833 ipsum
2388 3765 2718 3832 requiescere
2756 3763 2943 3827 facias,
2973 3772 3024 3816 te
3053 3778 3177 3815 vero
3205 3765 3342 3815 clam

1827 3856 2249 3911 circumvallabis
2303 3853 2525 3922 jejunio.
2575 3850 2859 3919 Utriusque
2910 3851 3083 3919 aperis
3148 3853 3331 3916 duplex

1827 3948 2030 3999 merces
2064 3947 2134 3998 sit
2164 3945 2256 3998 tibi
2295 3943 2544 3997 tribueuti
2592 3942 2877 4008 unicuique
2915 3941 3122 3994 virtutis
3157 3957 3341 4004 causa,

1828 4038 1964 4104 quod
1988 4039 2051 4091 ad
2085 4047 2257 4090 aetum
2293 4038 2516 4103 pertinet
2546 4053 2559 4088 :
2595 4049 2696 4086 non
2723 4031 2929 4096 ventris,
2949 4030 3116 4101 gratia
3158 4033 3338 4086 cibum

193 4110 356 4174 τίζει.
390 4111 623 4190 Τέίξνηκε
657 4116 788 4182 μετά
815 4100 916 4165 τὸν.
936 4117 1186 4183 φάραγγα
1213 4117 1307 4183 τῆς
1333 4117 1538 4183 τρυφῆς
1571 4114 1722 4183 ἡδονὴ

1825 4100 2004 4178 sumas
2043 4141 2159 4178 cum
2195 4100 2372 4187 fratre,
2413 4124 2503 4177 sed
2537 4132 2750 4190 propter
2777 4100 3045 4173 Christum
3079 4121 3340 4173 charitatc

194 4200 290 4252 καὶ
339 4202 459 4251 πνεῖ
481 4181 558 4252 ’ἐν
588 4181 665 4268 τῷ
692 4201 842 4268 τάφῳ
867 4201 934 4252 τὰ
972 4181 1069 4267 τῆς
1106 4181 1336 4269 γαστρὸς
1366 4181 1718 4269 λαγνεύματα.

193 4289 260 4340 Ol
289 4289 436 4340 πόνοι
466 4288 562 4356 τῆς
586 4288 905 4357 κληρουχίας
942 4288 1251 4340 τελευτῶσιν
1282 4291 1358 4350 είς
1406 4290 1721 4350 ἀνάπαυσιν,

192 4377 245 4427 οἱ
267 4376 324 4430 δὲ
361 4375 544 4444 τρόποι
574 4377 670 4448 τῆς
693 4378 897 4445 τρυφῆς
924 4377 1238 4431 τελευτῶσιν
1264 4378 1341 4439 είς
1371 4379 1717 4448 κατάκαυσιν.

205 4466 268 4517 '0
296 4466 392 4533 τῆς
424 4465 618 4535 σαρκὸς
639 4453 718 4518 ’τὺ
755 4466 907 4529 ἄνθος
946 4470 1011 4535 τῇ
1041 4469 1262 4536 ἀσκήσει
1304 4468 1572 4535 μαραίνων
1606 4466 1723 4517 καθ’

195 4558 407 4626 ἡμέραν
452 4559 508 4610 ὲν
551 4561 616 4628 τῇ
673 4560 833 4628 σαρκὶ
865 4559 1060 4628 μελετᾲ
1103 4545 1200 4629 τὴν
1230 4558 1418 4611 ἑαυτοῦ
1450 4558 1721 4626 τελευτήν.

195 4644 434 4711 Καρδίας
453 4645 718 4712 λογιστεία
742 4646 798 4698 τὺ
828 4647 980 4715 σῶμα
1002 4663 1208 4720 συμμετ
1219 4647 1396 4714 ρείτω,
1418 4648 1500 4698 ἵνα
1527 4645 1599 4716 μὴ
1615 4642 1727 4696 τοὺ-

193 4746 291 4782 του
320 4732 628 4798 πληγέντος,
673 4734 764 4786 καὶ
808 4733 942 4802 αὕτη
987 4737 1235 4804 κοπιάσῃο
1276 4734 1540 4803 ἀρκείσθω
1587 4734 1722 4801 σαρξ

196 4817 266 4870 τά
292 4818 492 4884 φυσικά
534 4822 908 4889 περικόπτεινο
948 4824 1285 4891 ήσωματική
1329 4839 1417 4873 σου
1459 4822 1722 4890 γυμνασία

199 4905 257 4957 ἰν
277 4910 385 4967 τοῖς
404 4907 583 4975 ἤθεσιν
597 4910 994 4978 οίιιονομεῐσθω,
1012 4913 1094 4963 ἵνα
1120 4912 1289 4982 μάθῃς
1311 4911 1498 4982 καρδία
1522 4913 1719 4974 πονεῖν,

202 5007 295 5058 καὶ
323 5007 462 5078 ψυχῇ
488 5013 793 5078 συμπονεῖν.
1333 5001 1337 5004 ”
1631 5001 1633 5003 ’

203 5109 336 5162 quas
365 5094 464 5148 fert
499 5104 715 5158 natura,
752 5096 979 5149 recidere
1013 5117 1025 5150 :

204 5188 414 5249 borare,
437 5195 487 5238 et
510 5187 682 5247 anima
709 5186 1054 5249 collaborare.

777 5297 1022 5348 ΚΕΦΑΛ.
1059 5299 1139 5350 K'-.

271 5381 334 5432 Ul
358 5379 446 5431 τοῦ
483 5379 758 5449 προσώπου
795 5381 890 5447 τὴν
921 5382 1145 5448 ὠχρείαν
1172 5384 1226 5431 ἐν
1250 5384 1311 5448 τῇ
1345 5383 1564 5452 ἀσκήσει
1586 5383 1715 5450 λάμ-

1822 4215 1923 4281 lpsi
1952 4214 2216 4276 cohabita,
2238 4221 2291 4265 et
2311 4208 2886 4266 conversare.Satietas
2903 4225 3144 4263 eSearum
3172 4214 3342 4278 pascit

1822 4302 2187 4371 cogitationes,
2230 4309 2281 4355 et
2313 4299 2492 4354 ebrius
2521 4314 2764 4353 somnum
2800 4307 3043 4368 perpotat
3083 4300 3340 4369 imagina-

1822 4389 2004 4443 tionis.
2055 4388 2290 4443 Decessit
2320 4399 2440 4456 post
2477 4395 2655 4455 guttur
2692 4387 2848 4440 luxus
2885 4388 3144 4456 voluptas,
3199 4397 3247 4438 et
3286 4388 3340 4438 in

1823 4478 2067 4545 sepulcro
2103 4469 2380 4546 exspirant
2402 4479 2599 4530 ventris
2627 4477 2945 4530 salacitates.
2983 4475 3213 4528 Labores
3243 4490 3342 4525 ειυς

1822 4565 2073 4621 steritatis
2091 4567 2342 4621 desinunt
2363 4567 2414 4619 in
2438 4566 2663 4633 quietem
2689 4582 2703 4627 ;
2731 4564 2868 4616 modi
2889 4578 3011 4615 vero
3031 4561 3341 4619 deliciarum

1823 4657 2013 4710 llniunt
2039 4656 2092 4709 in
2123 4652 2554 4722 lncendium,qui
2587 4647 3123 4715 exercitationeﬁl
3153 4647 3342 4709 liorem

1825 4748 2000 4802 carnis
2045 4746 2216 4801 reddit
2253 4743 2548 4806 flaccidum,
2603 4743 2656 4793 in
2710 4754 2867 4793 carne
2909 4737 3142 4802 quotidie
3181 4751 3338 4788 suam

1825 4838 2106 4891 meditatur
2150 4845 2394 4888 mortem.
2437 4833 2568 4884 Pars
2610 4830 2801 4888 cordis,
2845 4825 2898 4876 in
2926 4839 3028 4892 qua
3062 4833 3141 4877 est
3177 4824 3336 4890 ratio,

1824 4936 1980 4994 atque
2005 4923 2304 4984 consilium,
2333 4935 2521 4986 corpus
2554 4923 2967 4974 cuminensuret.
3008 4929 3073 4967 ne
3101 4915 3199 4966 isto
3225 4915 3334 4964 vah.

1826 5023 2024 5074 uerato,
2043 5020 2092 5062 et
2118 5011 2287 5077 ipsum
2312 5023 2402 5060 cor
2422 5008 2619 5058 laboret
2643 5012 2932 5081 :contcnta
2962 5003 3029 5055 sit
3056 5016 3196 5061 caro,
3227 5017 3331 5066 res,

1091 5097 1362 5168 corporale
1399 5109 1544 5153 tuum
1588 5101 1896 5162 exercitium
1970 5099 2021 5152 in
2059 5097 2292 5149 moribus
2359 5096 2713 5164 gubernetur.
2751 5101 2808 5146 ut
2865 5094 3034 5144 discas
3071 5086 3228 5139 corde
3254 5086 3331 5136 la-

2383 5287 2604 5343 CAPUT
2640 5283 2752 5336 XX.

1886 5375 1986 5441 Qui
2045 5375 2194 5428 faciei
2247 5376 2445 5444 pallore
2477 5374 2559 5448 .iu
2615 5367 2990 5438 exercitatione
3045 5364 3341 5448 refulgent,

208 5484 390 5537 παντες
421 5470 506 5521 τὸν
548 5469 688 5536 παρά
736 5471 836 5520 τῶν
865 5470 1151 5537 ἀνθρώπων
1204 5468 1412 5521 ἔπαινον
1459 5473 1544 5523 καὶ
1596 5472 1713 5536 πρὶν

1824 5468 2055 5532 laudem,
2092 5481 2208 5536 qua:
2237 5464 2469 5536 procedit
2533 5463 2606 5514 ab
2636 5457 2972 5522 hominibus,
3017 5455 3323 5527 priusquam
