4052 6336
713 360 844 424 1319

2125 375 2184 434 S.
2212 374 2372 434 NILI

3740 378 3761 437 1
3777 376 3875 438 120

699 480 940 537 accedat,
976 473 1283 542 projiciant,
1328 490 1451 529 cum
1482 490 1598 529 eam
1628 477 1875 548 cogitati.)
1907 479 2065 534 etiam
2110 493 2230 534 ante

2332 481 2499 535 ἐλθεῖν
2550 479 2900 552 ῥιπτέξωςαν,
2948 485 3129 537 τοῦτον
3170 485 3258 539 τοῦ
3306 486 3584 554 imponet},
3639 488 3729 539 καὶ
3769 488 3875 557 πρὸ

706 566 1161 617 cenversationem
1209 565 1546 620 intromittat.
1588 566 1813 631 Quando
1857 569 2060 624 diutino
2097 584 2230 624 tem-

708 668 834 719 pore
862 653 1135 707 duraveris
1162 656 1439 710 abstinens
1465 658 1607 721 vino,
1635 669 1688 711 et
1708 659 1845 722 oleo,
1869 670 2027 728 atque
2048 674 2233 729 super-

705 742 825 795 “'lis
855 744 1194 809 quibuslibet.
1228 755 1352 799 tunc
1388 762 1555 801 annos
1606 762 1667 801 ac
1702 758 1937 816 tempora
1969 763 2092 805 cum
2118 752 2231 803 latt—

704 833 861 885 dibns
885 844 1193 900 computant
1215 834 1584 901 cOgitationcs,
1620 844 1676 888 ut
1708 838 1947 905 corporis
1982 853 2142 893 causa
2177 850 2230 892 tu

706 922 861 973 cedas
893 921 973 981 iis,
998 922 1087 988 qui
1119 932 1168 974 te
1200 934 1463 987 exercent,
1491 926 1780 979 laboribus.
1813 927 1940 979 Jure
1969 928 2131 995 igitur
2166 944 2229 983 ex

706 1009 928 1061 adverso
973 1010 1224 1078 improbis
1267 1014 1581 1071 vociferabis
1622 1021 2058 1087 supputatorihus
2086 1036 2231 1089 qum-

706 1117 915 1169 cnnqre
944 1107 1006 1153 aet
1030 1120 1213 1157 eorum
1244 1107 1454 1175 ineptiae
1482 1110 1882 1166 subversioncm
1914 1121 2040 1166 sunt
2064 1128 2231 1182 oppo-

707 1192 827 1243 sita.
864 1192 1086 1255 Quidam
1134 1197 1352 1249 fratrum
1399 1199 1607 1253 labores
1639 1209 1823 1255 contra
1865 1203 2131 1259 daemones
2166 1206 2233 1258 ab

712 1280 1053 1334 interioribus
1071 1286 1395 1351 approbatus
1415 1288 1669 1355 psallebat
1693 1306 1707 1343 :
1736 1309 1753 1341 ι
1785 1291 2105 1346 Avertantur
2128 1304 2234 1348 sta-

711 1369 804 1420 tim
839 1370 1064 1433 confusi,
1097 1374 1185 1440 qui
1211 1376 1393 1429 dicunt
1419 1377 1546 1429 mihi
1574 1394 1589 1430 :
1617 1377 1793 1447 Euge!
1825 1396 1959 1450 euge
1982 1383 2059 1435 "t
2101 1402 2116 1433 ι
2157 1382 2233 1437 Ne

707 1459 929 1512 sulTuras
982 1463 1378 1528 cogitationem,
1437 1481 1556 1533 qua:
1605 1468 1673 1521 sit
1724 1485 1786 1523 ex
1820 1470 1918 1534 eis,
1970 1486 2090 1540 quae
2136 1474 2229 1527 tibi

708 1550 995 1601 multorum
1045 1566 1306 1605 annorum
1369 1555 1623 1610 circulum
1678 1558 1730 1611 in
1760 1560 1883 1633 “rita
1942 1564 2231 1618 monastica

709 1640 973 1692 mansisse
1008 1649 1314 1709 suggerunt.
1364 1659 1429 1697 nc
1467 1661 1530 1698 ex
1571 1648 1725 1700 annis
1767 1651 1993 1717 pendere
2036 1651 2232 1706 faciant

708 1730 913 1784 labores
940 1741 1087 1807 tuos;
1127 1749 1224 1787 nec
1250 1735 1301 1787 in
1334 1736 1640 1791 solitudinis
1674 1741 1945 1805 patientia,
1980 1743 2231 1810 jactantia

708 1821 954 1886 capiatis,
988 1823 1078 1875 scd
1120 1824 1170 1875 in
1212 1825 1493 1893 tolerantia
1526 1829 1796 1883 tenuitatis
1833 1840 1956 1893 tute,
1992 1833 2233 1887 inutilem

707 1911 958 1963 nimirum
981 1928 1097 1965 esse
1125 1928 1334 1966 servum
1380 1917 1705 1970 memineris.
1736 1918 2026 1983 Quemdam
2055 1938 2233 1977 senem

707 2000 1001 2052 solitarium
1041 2016 1070 2055 e
1123 2006 1491 2060 constantibus
1538 2008 1607 2060 ob
1641 2020 1963 2064 senectutem
2013 2012 2237 2080 profun-

707 2088 827 2139 dam
852 2104 912 2142 ex
946 2106 1125 2143 eremo
1157 2093 1341 2146 tollere
1372 2096 1669 2151 conabatur
1699 2099 1934 2167 aliquis;
1972 2102 2083 2169 ipse
2110 2118 2235 2156 vero

709 2176 771 2227 ad
803 2176 970 2243 ipsum
998 2197 1010 2230 :
1038 2178 1245 2245 Desine,
1270 2183 1504 2251 inquit,a
1523 2186 1801 2253 violentia;
1836 2194 2066 2243 nondum
2093 2194 2232 2253 enim

708 2264 772 2315 ab
793 2264 980 2317 exsilio
1004 2267 1311 2321 malefactor
1330 2284 1427 2337 ego
1451 2283 1729 2327 revocatus
1746 2255 1896 2328 sum.
1929 2277 2084 2347 5,32
2106 2280 2229 2333 Mihi

708 2365 834 2403 vero
868 2352 1157 2418 inquirenti
1190 2355 1333 2408 hunc
1357 2357 1613 2411 doctrinm
1645 2375 1942 2415 sermonem
1972 2367 2230 2429 ediscere,

710 2440 784 2499 ait
832 2458 845 2491 :
882 2440 1070 2503 Qu:cre
1108 2443 1335 2508 primum
1382 2445 1648 2499 laboriose
1692 2450 1936 2503 timorem
1994 2453 2232 2515 insitum,

712 2537 942 2595 tuncque
1005 2528 1146 2583 intus
1196 2547 1295 2583 usu
1350 2534 1571 2600 peritum
1626 2535 1860 2588 invenies
1914 2553 2233 2603 sermonem,

709 2618 797 2685 qui
843 2619 997 2669 docet
1040 2618 1302 2672 hominem
1353 2621 1652 2674 scientiam.
1702 2624 1889 2677 Adhuc
1934 2638 2103 2677 autem
2152 2627 2236 2679 ille

710 2706 844 2757 idrm
886 2707 1244 2777 interrogatus
1284 2710 1347 2762 de
1383 2711 1602 2773 timore,
1642 2711 1720 2764 sic
1772 2714 2041 2779 respondit
2082 2732 2094 2765 :
2135 2714 2232 2779 Qui

710 2794 939 2845 sollicite
992 2794 1180 2845 mortis
1210 2787 1560 2858 recordatur,
1618 2797 1825 2849 ducitur
1875 2798 2033 2850 etiam
2081 2801 2235 2866 quasi
2282 2792 2285 2793 ν

709 2891 848 2933 recta
877 2882 952 2932 \‘ia
994 2884 1055 2933 ad
1091 2885 1327 2936 timorem
1367 2886 1574 2952 judicii.
1623 2885 1833 2939 Timore
1873 2888 2110 2955 quotidie
2155 2889 2235 2941 l'a-

711 2969 935 3021 tuiliaris
987 2970 1283 3024 divinarum
1343 2974 1737 3041 Scripturarntn
1787 2977 1983 3041 evade;
2050 2992 2234 3030 earum

711 3062 911 3127 ottimie
946 3063 1213 3114 consortio
1245 3064 1625 3134 cogitationum
1663 3065 1970 3132 exportabis
2008 3082 2237 3120 consue-
2263 3088 2304 3143 (ι

711 3152 936 3203 tudines.
966 3152 1063 3214 Qui
1098 3153 1433 3206 meditatione
1459 3169 1640 3208 sacras
1658 3153 1962 3223 Scripturas
1995 3157 2046 3209 in
2080 3157 2240 3210 corde

709 3241 867 3292 \a-lnti
902 3242 1207 3295 thesaurum
1240 3246 1500 3307 recondit,
1535 3245 1680 3312 ejicit.
1707 3262 1771 3299 ex
1802 3246 1892 3299 illo
1924 3246 2075 3300 facile
2098 3247 2239 3314 cogi-

712 3326 958 3378 tationes.
989 3327 1271 3381 Nocturna'
1298 3330 1522 3384 lectione
1561 3332 1613 3385 in
1656 3331 1851 3401 vigiliis
1888 3333 2096 3387 divinas
2141 3350 2236 3387 au-

711 3414 912 3469 dientes
940 3417 1261 3485 Scripturas.
1283 3436 1348 3472 ne
1369 3437 1555 3475 somno
1587 3423 1963 3478 mortiﬁccmus
2010 3440 2127 3492 qurc
2146 3439 2240 3478 att-

712 3503 962 3568 divimus,
1010 3523 1179 3574 neque
1232 3510 1609 3575 cogitationum
1664 3513 1952 3579 captivitati
2006 3516 2236 3568 animam

715 3593 1006 3655 tradamus,
1042 3596 1130 3647 sed
1182 3612 1273 3647 eor
1310 3612 1582 3650 sacrarum
1620 3599 2010 3665 Scripturarutn
2056 3603 2241 3656 aculeo

714 3696 1152 3747 compnngamus,
1188 3692 1243 3734 ιιι
1273 3685 1676 3751 compunctionc
1705 3685 1989 3754 diligentia:
2032 3698 2241 3741 contra-

717 3770 847 3822 riam
878 3772 1201 3826 disscccmus
1232 3774 1622 3841 negligentiam.
1679 3772 1681 3775 ’

1278 3884 1499 3941 CAPUT
1536 3885 1671 3940 XXI.

790 3990 962 4059 Aliqui
987 4000 1200 4060 propter
1229 3993 1444 4058 lamam,
1475 4005 1525 4048 et
1554 4011 1656 4049 non
1692 4007 1904 4065 propter
1935 3998 2237 4067 diligentem

718 4080 906 4133 animze
944 4096 1123 4135 curam
1163 4082 1298 4135 ﬁunt
1340 4084 1603 4151 religiosis
1640 4086 1821 4146 amici.
1870 4096 1926 4139 nt
1971 4087 2071 4140 sibi
2111 4088 2240 4155 ipsis

718 4173 875 4226 decus
904 4183 1213 4243 comparent
1249 4177 1447 4244 absque
1486 4177 1698 4239 labore;
1730 4178 1819 4244 qui
1862 4191 1983 4231 vero
2017 4193 2108 4245 per
2136 4193 2242 4231 mc-
2285 4210 2287 4212 -

722 4265 938 4316 moriam
994 4280 1167 4318 rerum
1224 4266 1520 4319 cadestinm
1574 4267 1834 4320 charitatc
1884 4267 2239 4324 inﬂammatus

719 4360 819 4411 est,
852 4352 1172 4406 intellectum
1204 4364 1461 4423 expurgat
1493 4370 1518 4406 a
1546 4364 1877 4417 terrenorum
1900 4359 2233 4426 complaccn-
2269 4381 2310 4433 ι)

723 4440 813 4489 tia.
857 4438 1239 4494 Conscientiam
1274 4453 1411 4494 tuam
1444 4444 1536 4495 tibi
1569 4453 1751 4497 testem
1776 4484 1791 4505 .
1833 4461 1897 4498 ne
1931 4450 2237 4515 cogitationi

721 4528 882 4580 dedas
906 4527 1234 4593 dcspiricnti,
1267 4545 1328 4582 ac
1360 4532 1602 4583 dulcibus
1641 4534 1883 4586 tractanti
1914 4537 2086 4589 verbis
2119 4552 2237 4603 pec-

722 4628 932 4682 catum;
984 4631 1049 4669 ne
1083 4620 1409 4672 converscris
1447 4634 1566 4671 eum
1600 4634 1661 4673 eo
1711 4622 1801 4687 qui
1849 4632 1991 4676 amat
2027 4635 2243 4678 conten-

722 4708 867 4767 (lere,
912 4715 967 4760 ut
1012 4707 1260 4774 passione
1302 4708 1598 4774 passionem
1643 4709 1781 4763 bello
1812 4712 2087 4777 invadens,
2136 4731 2240 4768 non

724 4797 935 4848 decilas
962 4811 990 4849 a
1025 4795 1249 4857 virtute;
1289 4810 1353 4847 ne
1387 4797 1610 4863 superba
1654 4813 1772 4851 cum
1800 4802 2122 4867 cogitatione
2151 4819 2245 4856 ex-

726 4883 926 4937 tollaris
966 4882 1029 4936 ad
1070 4884 1323 4943 afﬂatum,
1366 4883 1455 4951 qui
1489 4894 1700 4937 ventum
1733 4900 1762 4939 e
1790 4886 2005 4952 regione
2033 4890 2246 4952 excitat,

727 4987 787 5024 ex
816 4974 914 5024 alia
944 4982 1090 5041 parte
1112 4975 1341 5029 vicissim
1368 4975 1589 5027 amante.
1616 4974 1764 5028 Nulla
1800 4976 1915 5030 laus
1933 4987 2012 5030 est
2038 4979 2245 5045 linguae,

726 5078 845 5129 qua:
887 5071 1013 5114 rota:
1052 5064 1219 5116 instar
1266 5066 1421 5118 verba
1450 5064 1605 5135 533
1638 5065 1833 5119 cursim
1874 5067 2123 5131 devolvit,
2158 5069 2247 5122 sed

730 5152 892 5218 gloria
928 5160 1105 5203 manet
1133 5152 1288 5207 labiis
1324 5164 1647 5218 constanter,
1675 5164 1894 5225 tutoque
1917 5158 2197 5217 commotis
2233 5176 2246 5210 :

732 5256 851 5293 cum
897 5239 1131 5292 mulieris
1174 5254 1467 5306 sermones,
1510 5245 1775 5315 interroga
1820 5255 2047 5300 mentem
2080 5255 2246 5309 tuam,

732 5338 944 5397 tumque
992 5329 1288 5397 dijudicans
1332 5333 1639 5385 sententiam
1696 5335 2062 5401 pronuntiabis
2107 5353 2120 5389 :
2163 5350 2247 5397 ne,

733 5417 862 5473 falsa
901 5421 1357 5488 argumentatione
1387 5426 1557 5485 utens,
1590 5428 1732 5476 tuam
1761 5423 1993 5493 decipias
2020 5434 2247 5481 mentem

810 5586 855 5618 δ’
894 5586 1025 5642 Psal.
1065 5606 1207 5650 uix.
1241 5590 1287 5642 xl.

2330 572 2426 639 τῆς
2472 573 2752 640 συντυχὶας
2806 573 2949 625 ἔνδον
2999 574 3366 642 ἐμϐάλλοντος.
3407 575 3572 628 Ὅταν
3620 574 3875 643 χρονίσῃς

2331 661 2657 729 ἀπεχόμενος
2712 661 2875 726 οἴνου,
2923 665 3016 717 καὶ
3063 663 3257 728 ἐλαίου,
3300 665 3392 717 καὶ
3435 663 3542 717 τῶν
3582 663 3871 732 περιττῶν,

2331 750 2447 801 τότε
2497 750 2545 801 οί
2586 749 2828 820 λογισμοὶ
2865 752 2989 814 τοὺς
3035 753 3254 822 χρόνους
3301 769 3382 805 σοι
3424 752 3537 821 μετ’
3581 752 3874 820 ἐγκωμίων

2329 840 2649 907 ψηφίζουσιν
2686 841 2998 894 ὑπεκιδοῦναί
3043 859 3099 893 σε
3136 846 3245 904 τοῖς
3286 843 3461 903 πόνοις
3492 842 3577 895 διὰ
3605 844 3667 895 τι
3712 842 3871 909 σῶμα

2331 930 2676 997 γυμνάζουσι.
2723 930 2959 990 Εἰκότως
3005 926 3094 983 οὖν
3125 934 3233 992 τοῖς
3282 930 3685 999 κακογνὼμοσιν
3717 933 3869 984 ἀντι-

2331 1018 2531 1090 φθέγξῃ
2559 1019 2954 1087 διαψηφισταῖς,
2989 1021 3087 1073 ὅσα
3114 1021 3247 1089 πρδς
3273 1019 3576 1089 ἀνατροπὴν
3607 1019 3706 1089 τῆς
3727 1019 3868 1071 ἐκεί-

2329 1124 2433 1160 νων
2478 1110 2770 1178 σκαιωρίας
2800 1110 3139 1162 άντίκεινται.
3183 1111 3276 1171 Τίς
3307 1110 3413 1160 τῶν
3453 1108 3695 1175 ἀδελφῶν
3742 1106 3867 1169 τοὺς

2331 1197 2521 1261 πόνους
2549 1199 2687 1251 κατὰ
2716 1198 3002 1267 δαιμόνων,
3034 1199 3135 1251 ὑπὸ
3169 1199 3273 1252 τῶν
3311 1198 3454 1251 ἔνδον
3484 1198 3869 1277 ἐπαινούμενος

2330 1285 2572 1354 ἔψαλλεν.
2603 1306 2621 1339 ‹
2667 1289 3183 1356 ’Δποστραφήτωσαν
3222 1288 3526 1355 παραυτίκα
3553 1286 3871 1356 αἰσχυνόμε-

2330 1392 2407 1428 νοι
2435 1377 2484 1428 oi
2520 1376 2762 1443 λέγοντές
2799 1394 2883 1447 μοι
2906 1393 2921 1408 ’
2947 1373 3117 1444 Εὖγει
3151 1375 3309 1442 εὖγεί
3343 1395 3362 1426 ι
3386 1375 3475 1444 Μὴ
3501 1376 3589 1427 τὸν
3612 1375 3869 1443 λογισμὸν

2329 1464 2534 1534 ἀνάσχῃ
2559 1466 2784 1534 πολυετῆ
2807 1482 2888 1517 σοι
2910 1464 3100 1518 κύκλον
3130 1467 3187 1518 ἐν
3209 1463 3282 1533 τῷ
3311 1467 3527 1533 μονήρει
3556 1464 3654 1532 βίῳ
3679 1464 3868 1532 φερόν-

2329 1570 2455 1615 των,
2488 1555 2571 1607 ἵνα
2597 1558 2669 1624 μή
2701 1572 2791 1608 σου
2818 1556 2941 1617 τοὺς
2965 1556 3152 1617 πόνους
3173 1557 3281 1618 τοῖς
3300 1553 3506 1624 χρόνοις
3525 1553 3866 1623 κρεμάσωσι,

2334 1643 2466 1712 μηδὲ
2504 1644 2560 1694 ἐν
2605 1645 2669 1711 τῇ
2700 1642 2937 1711 ὑπομονῇ
2968 1641 3067 1711 τῆς
3094 1642 3322 1713 ἐρημίας
3356 1643 3614 1711 καυχήσει
3652 1640 3868 1709 ζωγρη-

2336 1729 2453 1797 θῇς·
2499 1729 2610 1781 ἀλλ’
2652 1732 2707 1781 ἐν
2756 1733 2817 1798 τῇ
2869 1732 3108 1800 ὑπομονῇ
3136 1731 3231 1798 τῆς
3270 1730 3506 1791 εὐτελίας
3557 1728 3648 1782 τοῦ
3684 1727 3869 1790 δοῦλος

2338 1819 2548 1887 ἀχρεῖος
2597 1814 3052 1888 εἷναι’μνήσθητι.
3102 1818 3198 1871 Διά
3229 1820 3400 1887 γῆρας
3433 1817 3563 1887 βαθύ
3607 1834 3726 1869 τινα
3761 1817 3867 1869 τῶν

2335 1906 2666 1977 καρτερικῶν
2697 1908 3059 1977 μονηρεμίτην
3087 1906 3390 1976 πρεσϐύτην
3419 1909 3478 1959 ἐκ
3507 1907 3604 1973 τῆς
3632 1905 3866 1975 ἐρημίας

2333 1996 2505 2063 αἴρειν
2522 1996 2759 2060 ἐϐιάζετο
2789 2014 2888 2059 τις.
2930 1994 2987 2049 '0
3009 1996 3063 2048 δὲ
3088 1996 3219 2065 πρὸς
3251 1996 3426 2048 αὑτόν·
3462 1994 3685 2059 Παῦσαι,
3710 1997 3862 2061 φησὶ,

2335 2077 2468 2154 βίας,
2506 2085 2653 2138 οὔπω
2684 2087 2789 2155 γὰρ
2824 2086 2921 2154 τῆς
2951 2085 3158 2154 ἐξορίας
3185 2087 3211 2137 ὁ
3243 2085 3537 2155 κακοῦργος
3568 2083 3867 2152 ἀνακεκλη-

2335 2193 2449 2243 μαι.
2479 2174 2766 2246 Ζητοῦντος
2788 2174 2843 2228 δέ
2875 2191 2971 2243 μου
3005 2172 3187 2227 τοῦτον
3221 2173 3319 2243 τῆς
3346 2170 3685 2237 διδασκαλίας
3712 2173 3867 2241 λόγον

2335 2264 2540 2334 μαθεῖν,
2588 2264 2709 2332 ἔφη·
2755 2266 2931 2333 Ζήτει,
2978 2264 3183 2334 πρῶτον
3223 2264 3471 2332 ἐμπόνως
3497 2261 3587 2316 τὸν
3630 2263 3867 2333 ἔμφυτον

2302 2356 2511 2422 λγφόϐον,
2544 2356 2633 2407 καὶ
2661 2355 2779 2406 τότε
2809 2354 2953 2407 ἔνδον
2992 2356 3238 2422 εὑρήσεις
3282 2354 3372 2406 τὸν
3399 2353 3658 2423 ἔμπειρον
3678 2354 3859 2421 λόγον,

2332 2444 2421 2495 τὸν
2446 2443 2755 2496 διδάσκοντα
2780 2442 3056 2512 ἄνθρωπον
3090 2443 3301 2509 γνῶσιν.
3336 2443 3393 2494 '0
3413 2442 3456 2494 δ’
3474 2444 3630 2505 αὐτὸς
3661 2446 3867 2513 ἐπερωο

2334 2529 2443 2591 θεὶς
2470 2531 2559 2581 καὶ
2586 2531 2711 2596 περὶ
2733 2529 2914 2596 φόϐου,
2943 2528 3109 2592 οὕτως
3128 2528 3470 2597 ἀπεκρίνατοο
3513 2529 3570 2580 Ὀ
3597 2531 3865 2599 μέριμναν

2334 2619 2469 2687 ἔχων
2521 2620 2611 2670 τοῦ
2662 2618 2886 2673 Θανάτου
2925 2620 3019 2688 τὴν
3065 2620 3277 2689 μνήμην
3302 2660 3315 2682 ,
3354 2618 3617 2688 όδηγεῑται
3662 2622 3756 2671 καὶ
3789 2624 3864 2683 είς

2331 2708 2419 2758 τὸν
2445 2708 2536 2775 τῆς
2566 2708 2793 2775 κρίσεως
2814 2707 2990 2773 φόϐον.
3017 2707 3165 2776 Φόϐῳ
3190 2707 3295 2759 τῶν
3318 2707 3472 2760 θείων
3499 2709 3726 2778 Γραφῶν
3745 2710 3863 2762 καθ’

2333 2796 2559 2863 ἑκάστην
2606 2795 2884 2863 συνόμιλος
2908 2795 3052 2862 γίνου
3078 2811 3093 2825 ο
3125 2798 3188 2864 τῇ
3233 2795 3336 2862 γάρ
3373 2794 3584 2869 τούτων,
3615 2796 3865 2865 συνουσίᾳ.

2333 2882 2599 2949 λογισμῶν
2644 2880 2867 2944 ἐξοίσεις
2914 2881 3143 2949 ὁμιλίας.
3198 2881 3255 2931 ’0
3313 2879 3507 2951 μελέτῃ
3556 2881 3655 2943 τάς
3718 2881 3863 2941 Θείας

2334 2972 2551 3039 Γραφάς
2588 2970 2923 3040 θησαυρίζων
2964 2972 3020 3022 ἐν
3058 2973 3120 3038 τῇ
3165 2970 3385 3049 καρδίᾳ,
3424 2972 3547 3033 τοὺς
3577 2970 3863 3049 λογισμοὺς

2335 3061 2396 3112 ἐκ
2422 3060 2620 3129 ταύτης
2654 3061 2843 3130 ῥᾳδίως
2864 3060 3125 3113 ἐκϐάλλει.
3150 3060 3471 3125 ’Δναγνώσει
3503 3063 3782 3129 νυκτερινῇ
3809 3062 3863 3112 ἐν

2334 3153 2453 3211 ταῖς
2500 3151 2825 3219 ἀγρυπνίαις
2871 3150 2976 3202 τῶν
3030 3148 3183 3201 θείων
3238 3147 3588 3217 ἀκροώμενοι,
3644 3148 3716 3218 μὴ
3771 3149 3865 3210 τὰς

2335 3242 2499 3303 ἀκοὰς
2532 3240 2605 3308 τῷ
2635 3240 2783 3309 ὑπνῳ
2807 3239 3182 3308 νεκρώσωμεν,
3217 3238 3347 3306 μηδέ
3373 3240 3439 3307 τῇ
3460 3238 3569 3290 τῶν
3595 3238 3862 3306 λογισμῶν

2335 3333 2672 3402 αίχμαλωσίᾳ
2702 3332 2797 3401 τὴν
2831 3331 3004 3401 ψυχὴν
3044 3329 3428 3400 προδώσωμεν,
3473 3327 3608 3381 ἀλλά
3639 3328 3715 3396 τῷ
3744 3328 3864 3381 κέν-

2333 3440 2445 3493 τρῳ
2464 3422 2569 3474 τῶν
2590 3421 2815 3490 Γραφῶν
2841 3422 2937 3490 τὴν
2961 3419 3181 3489 καρδίαν
3205 3418 3598 3485 κατανύξωμεν,
3624 3420 3771 3479 ὅπως
3798 3419 3859 3487 τῇ

2335 3510 2426 3577 τῆς
2455 3509 2762 3577 ἐπιμελείας
2791 3509 3068 3575 κατανύξει
3088 3508 3182 3577 τὴν
3209 3507 3486 3575 ἀντίζυγον
3514 3504 3769 3575 ἀμέλειαν
3785 3503 3860 3557 δι-

2336 3597 2709 3664 χοτμήσωμεν.

2887 3882 3133 3935 ΚΕΦΑΛ.
3185 3880 3312 3933 KA’.

2405 3993 2557 4053 Τινὲς
2583 3989 2670 4043 διὰ
2698 3994 2902 4060 φήμην,
2935 3992 3027 4044 καὶ
3056 3993 3150 4044 οὐκ
3189 3989 3502 4061 ἐπιμέλειαν
3522 3991 3718 4060 ψυχῆς,
3756 3993 3859 4054 τοῖς

2339 4081 2586 4134 εὐλαϐἑσι
2617 4079 2935 4146 φιλιοῠνται,
2971 4080 3054 4131 ἵνα
3088 4082 3293 4142 ἑαυτοῖς
3342 4080 3539 4149 κόσμον
3581 4087 3860 4150 περιποιη-

2341 4189 2498 4225 σωσιν
2536 4171 2743 4231 ἀπόνως
2767 4187 2779 4201 ’
2812 4172 2838 4222 ό
2862 4169 2913 4220 δὲ
2940 4171 3023 4221 διὰ
3052 4171 3264 4237 μνήμην
3286 4169 3392 4221 τῶν
3421 4172 3775 4239 ἐπουρανίων,
3800 4170 3861 4222 δι’

2338 4262 2553 4329 ἀγάπην
2601 4257 2954 4329 πυρούμενος,
2998 4256 3094 4326 τὴν
3143 4256 3424 4324 ἀρέσκειαν
3477 4257 3582 4309 τῶν
3615 4259 3862 4325 ἐπιγείων

2340 4354 2401 4404 ἐκ
2430 4355 2525 4420 τῆς
2565 4351 2766 4410 ἐννοίας
2805 4346 3201 4417 ἐκκαθαίρεται.
3245 4346 3314 4399 Τὸ
3349 4346 3747 4416 διαμαρτυροῦν
3787 4365 3861 4399 σοι

2341 4442 2569 4503 συνειδὸς
2617 4435 2689 4510 μῆ
2736 4440 3097 4509 παραπέμπου
3138 4437 3375 4507 λογισμῷ
3424 4438 3857 4507 καταφρονοῦντι,

2340 4532 2431 4585 καὶ
2482 4528 2884 4597 γλυκολογοῦντι
2932 4528 2990 4579 τὸ
3041 4529 3294 4595 πταῖσμα,
3345 4526 3423 4595 τῷ
3482 4525 3859 4593 φιλονεικοῦντι

2344 4622 2415 4688 μὴ
2472 4618 2845 4677 συνδιατείνου,
2895 4618 2981 4668 ἵνα
3040 4617 3110 4683 μὴ
3148 4614 3305 4666 πάθει
3339 4614 3504 4675 πάθος
3534 4612 3857 4681 στρατεύσας

2338 4711 2435 4775 τῆς
2466 4704 2661 4774 ἀρετῆς
2690 4703 2945 4771 ἡττηθῇς,
2979 4703 3053 4769 τῷ
3093 4701 3415 4769 ὑπερηφάνῳ
3450 4700 3522 4767 μὴ
3546 4700 3856 4768 συνεπαίρου

2341 4792 2578 4860 λογισμῷ
2618 4790 2969 4857 ἀντιφυσῶντι
3012 4790 3088 4850 είς
3135 4789 3423 4856 ἀντάνεμον
3472 4788 3708 4855 πνεῦμα.
3757 4789 3858 4841 Οὑκ

2340 4879 2483 4943 αἶνος
2528 4879 2742 4948 γλώσσῃ
2790 4877 3061 4948 τροχαλῶς
3110 4876 3463 4944 φθεγγομένη,
3501 4875 3634 4927 ἀλλὰ
3664 4876 3855 4945 χείλεσι

2341 4974 2462 5036 δόξα
2514 4969 2782 5029 εὐσταθῶς
2853 4967 3222 5034 κινουμένοις·
3264 4965 3605 5034 ἀκροώμενος
3671 4967 3853 5033 λόγων,

2343 5065 2515 5134 ἐρώτα
2533 5064 2619 5115 τὸν
2632 5063 2752 5116 νοῦν
2770 5078 2861 5112 σου
2892 5060 2985 5111 καὶ
3008 5059 3122 5110 τότε
3138 5057 3413 5126 διακρίνας
3430 5058 3487 5111 τὸ
3498 5058 3756 5127 ψήφισμα
3770 5056 3856 5108 δώ·

2344 5169 2470 5215 σεις·
2505 5155 2575 5221 μὴ
2599 5149 2953 5219 παραλογίζου
2983 5149 3069 5200 τὸν
3091 5147 3207 5200 νοῦν
3233 5165 3321 5201 σου
3339 5147 3557 5215 ἀϐουλίᾳ
3586 5148 3852 5216 ῥημάτων,

2344 5243 2425 5295 ἵνα
2458 5245 2529 5312 μὴ
2544 5240 2913 5311 κρημνησθείη
2946 5239 3265 5307 ἡχανανιτίς
3297 5256 3385 5290 σου
3417 5237 3655 5304 γλῶσσα.
3679 5237 3763 5303 Μή
3802 5250 3852 5286 σε

2346 5331 2551 5399 πνεῦμα
2577 5330 2916 5399 πολυρῤἧμον
2943 5328 3201 5399 πλανήσῃ,
3230 5330 3285 5379 ἐν
3308 5326 3455 5395 αὑτῷ
3486 5325 3592 5394 γὰρ
3622 5325 3851 5391 φωλεύει

2344 5420 2403 5472 τὸ
2447 5420 2613 5474 δόλιον
2653 5419 2864 5490 ψεῦδος.
2905 5420 2959 5471 Ὀ
2992 5422 3106 5481 ταῖς
3166 5417 3294 5486 παρ’
3327 5415 3525 5486 ἐτέρων
3572 5413 3852 5483 λοιδορίαις
