4052 6336
605 245 607 247 ’
651 251 772 312 “:23
2009 249 2066 307 S.
2105 248 2178 305 NI

3631 247 3769 308 1124

637 360 1024 428 iii-aginatieni,
1061 359 1220 425 ignita
1265 359 1355 411 tibi
1395 357 1617 410 fallaciae
1660 355 1944 410 simulacra
1999 354 2154 407 ell’or-

2258 354 2566 422 ἑγκρατείας
2599 355 2950 415 πταισάντων,
2984 358 3072 407 καὶ
3110 358 3261 410 πάλιν
3285 359 3758 426 μετανοησάντων·

638 456 871 510 mantes;
898 445 1252 512 postmodum,
1273 460 1392 497 cum
1426 456 1479 496 et
1505 441 1944 495 vehementiorem
1961 448 2146 492 assium

2258 440 2336 492 ἵνα
2384 440 2446 491 ἐκ
2481 439 2681 490 τούτων
2721 439 3161 510 πιθανοποιήσωσι
3185 443 3280 510 τῆς
3322 442 3523 497 ἑαυτῶν
3551 445 3768 512 ἀπάτης

637 537 687 585 in
710 549 868 587 carne
898 534 1283 596 succenderint,
1332 534 1556 587 interius
1598 533 1796 600 peccati
1830 531 1942 600 lege
1965 531 2143 585 consi-

2258 529 2344 595 τὴν
2365 528 2665 597 συμϐουλήν
2687 545 2701 558 ·
2743 528 2884 590 ὅπως
2923 533 2988 598 τῇ
3031 532 3361 600 ἀντιστρόφῳ
3397 533 3647 602 μετανοίᾳ
3661 533 3758 601 ψυ-

635 620 760 671 Iium
806 620 1082 686 perhibent
1137 619 1259 678 tibi,
1311 617 1451 686 quod
1501 617 1752 670 nimirum
1795 627 1993 669 naturai
2035 616 2138 668 vim

2258 618 2341 685 (ἢν
2371 617 2810 680 ἀνακαλέσαντες,
2846 618 2935 668 τὸν
2979 618 3100 670 ναὸν
3141 621 3234 686 τῆς
3264 620 3604 690 σωφροσύνης
3627 638 3768 689 πορ-

633 709 902 761 continere
934 709 1151 760 minime
1196 707 1395 774 possis;
1443 706 1593 774 sique
1638 707 1707 759 oh
1748 707 2138 769 necessitatem,

2258 707 2381 755 θεῖον
2411 707 2720 774 ποιήσωσιν.
2752 704 2933 765 Οὕτως
2960 705 3365 774 ὑποσυρίζουσιν
3413 710 3458 760 of
3487 709 3768 774 δίγλωττοι

635 797 866 858 pecu-aris
913 797 1090 858 hodie,
1133 811 1252 848 cras
1285 804 1456 848 tamen
1506 795 1862 862 pcenitentiam
1893 809 2034 863 ages,
2074 795 2146 864 ob

2258 792 2333 844 τὸν
2393 794 2644 861 λογισμὸν
2690 794 2835 861 δφεις
2889 795 2945 845 έν
2973 793 3048 845 τῶ
3083 795 3372 863 κινουμένῳ
3412 798 3504 864 τῆς
3542 798 3766 866 καρδίας

635 889 984 949 praeceptum;
1017 881 1096 932 lex
1119 882 1257 932 cnim
1286 880 1521 933 abundat
1556 895 1681 946 erga
1714 881 1954 934 homines
1988 880 2146 932 bene-

2258 883 2380 948 ὲργα
2387 897 2479 947 ατη
2489 882 2604 949 ρίῳ.

639 970 889 1030 volentia,
929 976 1246 1036 peccataque
1283 969 1546 1020 condonat
1574 967 1970 1034 prenitentibus.
2013 967 2158 1020 Unde
2220 969 2445 1020 atl't-runt
2484 970 2574 1022 tibi
2605 970 2860 1037 quimdam
2921 986 3125 1035 eorum,
3153 972 3240 1040 qui
3285 987 3404 1025 cum
3438 975 3764 1027 continentia

637 1057 766 1124 lapsi
801 1066 942 1121 sunt,
991 1071 1278 1124 rursusque
1327 1056 1688 1123 pmuitentiam
1733 1061 1970 1122 egerunt,
2035 1063 2093 1106 ut
2129 1069 2192 1106 ex
2233 1057 2348 1110 istis
2408 1057 2728 1124 deceptionis
2776 1073 2884 1111 sua:
2926 1052 3203 1112 consilium
3242 1061 3603 1127 persuadeant,
3632 1077 3766 1130 quo,

640 1148 869 1198 animam
911 1147 1215 1214 pmnitentia
1253 1146 1516 1198 ohvcrsim
1575 1145 1922 1210 respondente
1955 1154 2342 1210 .rcstaurantes,
2402 1162 2465 1200 ac
2529 1147 2813 1201 sarcientcs
2842 1149 3195 1216 temperantia:
3232 1149 3477 1216 templum
3540 1151 3772 1218 lupanar

637 1226 861 1289 efficiant
921 1236 1383 1303 et'prostibulum.
1421 1234 1476 1285 In
1517 1233 1695 1286 mobili
1737 1233 1915 1286 cordis
1973 1233 2182 1287 officina
2219 1235 2373 1288 talem
2435 1237 2799 1305 cogitationem
2834 1238 3094 1306 bilingues
3115 1238 3441 1292 ‘subsibilan—t
3470 1247 3767 1307 serpentes.

1170 1423 1389 1478 CAPUT
1439 1422 1619 1475 XXIII.

709 1551 785 1606 Tu
826 1566 985 1614 vero,
1023 1566 1053 1603 ο
1089 1549 1420 1604 continentiae
1465 1551 1649 1614 homo,
1673 1565 1738 1602 ne
1768 1559 2018 1619 praetextu
2042 1565 2154 1617 pce-

2796 1436 3038 1489 ΚΕΦΔΛ.
3097 1438 3219 1492 KF'.

2323 1569 2393 1622 Eb
2423 1568 2500 1632 δὲ,
2529 1563 2573 1621 ὦ
2601 1568 2694 1636 τῆς
2729 1569 3049 1638 ἐγκρατείας
3077 1569 3346 1640 ἄνθρωπε,
3391 1562 3464 1640 μὴ
3507 1571 3775 1640 προφάσει

641 1640 871 1691 nitentia:
924 1639 1138 1692 incertis
1181 1638 1354 1690 dCIIIIO
1409 1637 1687 1704 decipiaris
1735 1639 1956 1704 spebus;
2005 1639 2153 1691 multi

2258 1657 2409 1709 πάλιν
2449 1631 2730 1723 μετανοίας
2769 1631 3015 1720 δελεάζου
3071 1631 3279 1710 ἐλπίσιν
3320 1631 3561 1728 ἀδηλοις,
3589 1631 3778 1711 πολλοὶ

541 1745 544 1752 ι
641 1729 776 1792 enim
822 1727 982 1794 lapsi,
1037 1725 1313 1778 eninfcstim
1364 1725 1595 1790 subrepti
1646 1733 1803 1787 sunt;
1837 1726 1924 1776 alii
1976 1735 2151 1778 autem

641 1828 911 1881 resurgere
962 1826 1289 1879 nequaquam
1326 1812 1622 1874 valuerunt,
1664 1814 1983 1880 voluptalum
2028 1825 2182 1874 co‘ng

639 1903 942 1964 suetudine,
993 1903 1142 1969 quasi
1180 1902 1278 1953 sub
1321 1901 1432 1968 lege
1470 1900 1716 1954 devincti.
1756 1901 1890 1966 Quid
1930 1917 2156 1970 namque

641 1992 764 2051 scis,
792 1989 966 2049 homo,
990 1989 1034 2040 si
1066 1989 1226 2052 vives,
1255 1995 1310 2038 ut
1338 1987 1698 2055 paenitentiam
1724 2000 1870 2056 agas,
1896 2000 2016 2042 cum
2035 1991 2154 2043 vita!

641 2092 808 2129 annos
839 2077 929 2129 tibi
957 2076 1292 2129 sitbscribas?
1313 2075 1375 2126 Et
1403 2075 1489 2127 hic
1523 2090 1744 2142 peccans
1771 2075 1916 2128 carni
1942 2085 2043 2128 tum
2073 2076 2156 2129 in—

641 2165 853 2234 dulges;
903 2163 1069 2230 magis
1115 2173 1378 2231 oporteret
1400 2165 1488 2216 tibi
1555 2164 1652 2230 ipsi
1704 2163 1888 2217 mortis
1947 2160 2167 2233 elargiri

641 2254 965 2314 memoriam,
993 2261 1054 2304 ut
1079 2252 1131 2303 in
1164 2253 1322 2304 corde
1362 2263 1450 2304 tuo
1480 2254 1763 2306 timendam
1791 2253 1947 2305 etiam
1972 2253 2154 2320 iudicii

640 2342 884 2408 depingat
914 2340 1203 2405 justitiam,
1244 2339 1286 2392 si
1327 2341 1460 2393 forte
1487 2350 1792 2394 aestuantem
1830 2343 2004 2395 carnis
2037 2357 2156 2395 sen-

641 2443 756 2480 sum
794 2442 973 2494 posses
1011 2429 1364 2496 restinguere;
1411 2443 1506 2482 nec
1533 2428 1670 2481 enim
1703 2430 1852 2482 aliter
1885 2431 2155 2496 passiones

639 2517 964 2583 exstingues,
1004 2527 1284 2583 antequam
1325 2528 1426 2570 tua:
1479 2519 1773 2571 admisceas
1817 2519 1961 2570 carni
2005 2518 2155 2571 labo-

643 2619 727 2655 res
774 2618 956 2655 earum
1002 2605 1373 2658 destructionis
1421 2606 1757 2672 passionum;
1813 2621 1983 2674 neque
2031 2621 2155 2660 vero

641 2692 799 2760 5.36
849 2703 1040 2758 partes,
1072 2707 1189 2760 quae
1245 2694 1488 2747 animalis
1519 2706 1638 2747 sunt
1682 2696 1932 2758 hominis,
1957 2696 2156 2747 exstin-

643 2795 803 2845 gues.
867 2780 1167 2845 priusquam
1223 2782 1364 2834 cordi
1416 2782 1689 2834 charitatis
1747 2782 1947 2835 fructus
2002 2783 2156 2835 veluti

646 2867 848 2931 pluvias
889 2867 1150 2921 ell‘untlas.
1185 2867 1496 2936 Corporales
1528 2869 1733 2938 quidem
1771 2873 2041 2937 passiones
2090 2886 2156 2923 ex

646 2955 749 3016 his,
789 2970 906 3022 qua:
952 2957 1129 3010 carnis
1172 2966 1295 3009 sunt
1346 2959 1628 3022 naturalia,
1675 2968 1892 3012 sumunt
1928 2959 2156 3024 initium,
2183 2934 2225 2990 θ

646 3040 898 3091 adversus
930 3055 1064 3106 quas
1109 3049 1161 3093 et
1189 3043 1532 3108 temperantia
1573 3043 1801 3118 tnilitat;
1837 3059 1954 3112 qua
1985 3054 2158 3098 autem

647 3128 892 3180 animalis
939 3136 1060 3180 sunt
1113 3126 1363 3189 hominis,
1413 3143 1474 3181 ex
1523 3129 1790 3196 illis,quae
1818 3131 1881 3183 ad
1918 3132 2161 3185 animalis

646 3217 948 3283 qualitatem
989 3217 1267 3283 pertinent,
1304 3225 1613 3284 conreptum
1664 3217 1876 3281 habent,
1907 3220 2162 3274 adversus

647 3318 779 3370 quas
799 3305 1159 3358 militatetiam
1183 3307 1431 3360 charitas.
1463 3306 1708 3361 Charitas
1728 3308 2161 3376 impassihilitatis

649 3397 730 3438 est
778 3389 1056 3449 connexio,
1102 3390 1405 3457 passionum
1457 3405 1580 3443 vero
1633 3391 1851 3457 deletiu,
1892 3408 2008 3460 quae
2049 3402 2160 3446 tum

654 3473 1096 3540 longanimitatem
1141 3475 1355 3542 profert,
1397 3484 1504 3528 tum
1556 3477 1974 3531 effervescentem
2009 3479 2165 3531 refri-

650 3570 794 3628 gerat
847 3559 1112 3622 animum,
1171 3570 1280 3613 tum
1333 3563 1679 3615 humilitatem
1729 3565 2000 3631 producit,
2051 3573 2163 3618 tum

651 3647 806 3699 etiam
837 3647 1061 3702 demittit
1097 3648 1418 3716 superbiam.
1450 3650 1691 3705 Charitas
1724 3652 1855 3704 nihil
1896 3655 2165 3722 proprium

654 3735 809 3788 habet
861 3747 1046 3801 praeter
1104 3737 1287 3801 Deum,
1336 3732 1445 3806 ipsa
1487 3739 1677 3792 etenim
1725 3750 1807 3794 est
1859 3740 2018 3796 Deus.
2065 3742 2166 3806 Qui

652 3821 1009 3890 splendidum
1057 3825 1435 3878 monachorum
1499 3828 1549 3879 in
1620 3839 1860 3882 senatum
1929 3839 2170 3884 recenter

653 3917 1045 3978 coagmentatus
1083 3918 1182 3972 est,
1223 3910 1357 3962 bona
1389 3912 1460 3963 illi
1496 3928 1523 3963 a
1553 3916 1863 3982 cognatione
1896 3917 2168 3983 proferen-

656 4008 732 4050 tes
771 3999 945 4050 omina
988 3996 1332 4066 cogitationes
1385 3997 1634 4065 deponat,
1681 4016 1745 4053 ne
1789 4001 2015 4066 Iaudem,
2054 4019 2172 4070 quae

656 4089 721 4140 ab
771 4087 1067 4141 hominibus
1114 4093 1369 4158 provenit,
1400 4093 1489 4146 sed
1535 4106 1672 4152 eam,
1703 4104 1820 4159 qua
1846 4106 1876 4144 a
1908 4095 2170 4148 mandatis

655 4173 911 4241 procedit,
955 4173 1323 4230 beatitudinem
1382 4180 1645 4247 inquirat;
1695 4194 1875 4233 verum
1923 4181 2170 4236 audacter

655 4277 711 4314 se
743 4273 887 4328 gerat
910 4261 1163 4317 adversus
1197 4263 1539 4320 insilientium
1573 4269 1870 4323 daemonum
1910 4285 2164 4338 pavores;

657 4366 753 4401 nec
795 4354 932 4404 enim
984 4354 1157 4406 denuo
1193 4344 1438 4419 spiritum
1483 4354 1778 4410 timiditatis
1818 4359 1882 4409 ad
1921 4360 2166 4412 timorem

658 4439 956 4505 accepistis,
991 4440 1106 4494 ideo
1139 4459 1204 4497 ne
1235 4442 1528 4498 timiditatis
1581 4443 1766 4511 spiritu
1794 4444 2026 4512 seipsum
2050 4460 2172 4512 per-

655 4527 830 4589 celli“.
880 4534 1045 4593 neque
1102 4537 1291 4585 tremat
1329 4534 1625 4588 diemonum
1677 4531 1928 4601 fragores,
1982 4533 2172 4602 strepi-

659 4625 851 4684 tusque
894 4625 1200 4679 nocturnos,
1239 4621 1658 4689 quandoquidem
1709 4638 1806 4676 nec
1833 4630 2172 4692 contraper-

659 4718 751 4756 cos
796 4712 1105 4771 potestatem
1162 4706 1356 4760 habent
1391 4726 1404 4737 ·
1441 4709 1745 4774 vespertinis
1796 4709 1954 4776 igitur
2005 4711 2170 4776 horis,

645 4792 787 4844 asella
825 4794 1114 4860 egrediens,
1156 4809 1220 4849 ne
1253 4790 1601 4862 perturbetur,
1642 4811 1814 4863 neque
1850 4796 2056 4862 fugiens
2088 4816 2172 4854 re-

661 4889 743 4935 tro
793 4884 1006 4949 insiliat,
1051 4887 1267 4953 perinde
1292 4902 1358 4946 ac
1392 4888 1658 4940 daemones
1701 4886 1902 4940 scilicet
1950 4888 2174 4943 insecta-

663 4981 862 5033 rentur,
913 4975 1002 5025 sed
1045 4975 1256 5030 ﬂectens
1305 4992 1469 5046 genua
1517 4991 1580 5030 eo
1610 4977 1659 5029 in
1700 4975 1836 5038 loco,
1863 4966 1915 5030 in
1941 4991 2047 5045 quo
2079 4993 2174 5045 pa-

660 5056 843 5116 vescit,
887 5070 1089 5123 precem
1139 5061 1404 5125 effundat;
1445 5077 1540 5116 nec
1565 5054 1703 5115 enim
1759 5061 1810 5115 in
1849 5069 1899 5115 te
1923 5062 2174 5128 incident,

662 5144 899 5210 quamvis
955 5146 1025 5198 ita
1076 5155 1126 5197 te
1165 5151 1537 5213 perturbarint,
1588 5161 1862 5219 postquam
1890 5167 2014 5206 vero
2055 5167 2176 5205 sur-

662 5233 878 5296 rexeris,
904 5249 996 5288 cor
1023 5235 1194 5289 audax
1238 5235 1412 5302 facito,
1438 5242 1873 5312 Psalmorumque
1893 5253 2048 5297 cantu
2083 5257 2174 5296 ora

660 5323 878 5377 dicens:
914 5341 931 5373 ι
988 5325 1097 5381 Νοιι
1152 5329 1360 5382 timebis
1400 5345 1426 5379 a
1475 5333 1660 5387 timore
1692 5343 1988 5400 'nocturno,
2028 5352 2055 5389 a
2087 5351 2178 5389 sa-

658 5413 783 5477 gitta
831 5413 986 5484 5.37
1023 5419 1229 5473 volante
1292 5422 1342 5474 in
1377 5420 1478 5480 die,
1517 5436 1545 5472 a
1596 5427 1903 5491 negoticrin
1949 5426 2174 5480 tenebris

2250 1745 2352 1815 γὰρ
2386 1747 2634 1807 πεσόντες
2681 1746 2838 1808 εὐθὺς
2886 1748 3293 1813 ἀνηρπάγησαν,
3328 1748 3501 1816 ἕτεροι
3542 1747 3598 1800 δὶ
3638 1749 3775 1800 ἀνα-

2253 1832 2434 1901 στῆναι
2468 1833 2564 1885 οὒκ
2603 1833 2821 1902 ἴσχυσαν
2850 1837 2912 1902 τῇ
2941 1834 3046 1886 τῶν
3075 1835 3270 1901 ἡδονῶν
3298 1835 3551 1903 συνηθείᾳ
3572 1836 3643 1896 ὡς
3668 1835 3778 1886 ὑπὸ

2250 1921 2408 1988 νόμον
2456 1921 2716 1983 δεθέντες.
2741 1923 2803 1973 Τί
2824 1921 2929 1990 γὰρ
2967 1918 3128 1985 οἶδας,
3181 1922 3449 1992 ἄνθρωπε,
3489 1924 3537 1974 εί
3566 1914 3774 1990 {hostes

2252 2010 2334 2062 ἵνα
2355 2012 2446 2062 καὶ
2488 2012 2837 2080 μετανοήσῃς,
2878 2011 2957 2062 ὅτι
3001 2010 3216 2078 χρόνους
3250 2012 3392 2079 ζωῆς
3431 2010 3607 2078 ἑαυτῷ
3635 2011 3774 2062 tino-

2250 2101 2510 2168 γράφεις;
2548 2099 2831 2150 Κάνταῦθα
2883 2099 3108 2160 πταίων,
3132 2102 3194 2168 τῇ
3230 2109 3384 2168 σαρκι
3415 2116 3506 2151 σου
3553 2098 3773 2167 χαρίζῃ,

2249 2185 2363 2236 δέον
2397 2184 2594 2251 μᾶλλον
2631 2184 2954 2252 χαρίσασθαι
3000 2183 3204 2252 σεαυτῷ
3249 2185 3477 2236 θανάτου
3512 2185 3609 2252 τὴν
3636 2185 3776 2252 μνή-

2256 2288 2358 2339 μην
2393 2272 2482 2323 καὶ
2523 2273 2607 2323 ἵνα
2661 2272 2922 2340 ζωγραφῇ
2962 2287 3052 2322 σου
3079 2274 3142 2340 τῇ
3184 2271 3374 2340 καρδίᾳ
3416 2271 3510 2340 τὴν
3539 2270 3774 2339 φοϐερὰν

2250 2361 2345 2427 τῆς
2369 2361 2592 2428 κρίσεως
2624 2361 2797 2428 δίκην,
2843 2361 2894 2411 εί
2940 2361 3050 2422 πως
3082 2361 3358 2428 δυνηθείης
3380 2360 3440 2412 τὸ
3461 2361 3778 2429 πυρεταίνον

2249 2447 2344 2514 τῆς
2369 2448 2560 2516 σαρκὸς
2592 2448 2835 2515 φρόνημα
2865 2447 3210 2499 κατασϐέσαι·
3249 2449 3308 2499 οὐ
3336 2447 3440 2517 γὰρ
3473 2448 3642 2508 ἄλλως
3674 2466 3777 2499 κα-

2251 2535 2526 2596 τασϐέσεις
2550 2535 2617 2586 τὰ
2644 2535 2807 2603 πάθη,
2849 2536 2974 2603 πρὶν
3013 2531 3045 2602 ἢ
3081 2538 3142 2604 τῇ
3183 2536 3340 2605 σαρκί
3379 2552 3468 2587 σου
3510 2537 3778 2602 συγκεράά

2254 2638 2349 2689 cm;
2379 2625 2497 2684 τοὺς
2528 2623 2624 2689 τῆς
2668 2624 2965 2691 ἀνασκευῆς
2997 2624 3170 2674 αὐτῶν
3217 2625 3423 2686 πόνους.
3476 2623 3614 2676 Οὔτε
3664 2625 3776 2693 μὴν

2252 2709 2469 2776 ψυχικὰ,
2510 2711 2636 2777 πρὶν
2679 2711 2710 2779 ἢ
2746 2713 2808 2778 τῇ
2864 2711 3052 2778 καρδίᾳ
3087 2710 3436 2779 ὲξομδρήσεις
3472 2711 3598 2772 τοὺς
3638 2727 3777 2780 καρδ

2254 2797 2386 2858 ποὺς
2424 2796 2521 2865 τῆς
2571 2798 2806 2865 ἀγάπης.
2843 2799 2920 2850 Τὰ
2949 2798 3046 2866 μὲν
3087 2800 3363 2866 σωματικὰ
3406 2798 3551 2868 πάθη
3581 2801 3644 2852 ἐκ
3670 2799 3776 2850 τῶν

2255 2885 2490 2951 φυσικῶν
2527 2885 2622 2953 τῆς
2672 2886 2862 2954 σαρκὸς
2904 2886 2996 2956 τὴν
3036 2887 3208 2955 ἀρχὴν
3252 2885 3532 2953 λαμϐάνει,
3561 2886 3680 2939 καθ’
3699 2881 3778 2937 ὧν

2257 2974 2349 3024 καὶ
2377 2975 2408 3042 ὴ
2459 2975 2762 3043 ἐγκράτεια,
2787 2975 2851 3027 τὰ
2880 2975 2933 3027 δὲ
2965 2976 3161 3045 ψυχικὰ
3187 2977 3250 3027 ὲκ
3278 2972 3384 3027 τῶν
3417 2966 3659 3044 ψυχικῶν
3680 2975 3778 3043 τὴν

2256 3064 2448 3132 κύησιν
2480 3064 2610 3131 ἔχει,
2665 3065 2784 3116 καθ’
2817 3061 2888 3117 ῶν
2913 3067 3005 3118 και⁵
3035 3067 3291 3134 ήάγάπη.
3329 3065 3392 3117 Ἡ
3417 3066 3601 3134 ἀγάπη
3630 3067 3777 3116 ἀπα-

2257 3149 2403 3210 θείας
2430 3149 2543 3199 ὲστὶ
2569 3150 2839 3214 συνάφεια,
2886 3151 3065 3201 παθῶν
3106 3152 3161 3204 δὲ
3192 3151 3486 3222 ἀπαλοιφὴ,
3528 3154 3626 3219 τὴν
3665 3169 3774 3219 μαε-

2258 3235 2548 3306 κροθυμίαν
2588 3238 2946 3317 προφέρουσα,
2992 3240 3083 3291 καὶ
3125 3240 3213 3293 τὸν
3253 3241 3440 3303 ζέοντα
3480 3239 3649 3308 θυμὸν
3685 3259 3779 3292 και

2258 3325 2583 3394 ταψύχουσα,
2606 3327 2702 3396 τὴν
2749 3326 3070 3379 ταπείνωσιν
3117 3327 3510 3397 προϐάλλουσα,
3554 3329 3645 3380 καὶ
3681 3330 3779 3397 τὴν

2261 3414 2625 3484 ὑπερηφανίαν
2677 3416 3071 3484 καταφέρουσα.
3124 3417 3328 3485 ’Λγάπη
3377 3416 3486 3484 ἔχει
3518 3416 3616 3484 μὲν
3648 3417 3780 3470 [διον

2260 3503 2405 3554 οὐδὲν
2433 3502 2565 3570 πλὴν
2590 3503 2681 3553 τοῦ
2703 3503 2832 3555 Θεοῦ
2855 3520 2870 3533 ·
2904 3503 3038 3574 αῦτη
3071 3507 3175 3574 γάρ
3199 3507 3342 3558 ἔστιν
3363 3506 3390 3557 ό
3425 3505 3572 3569 Θεός.
3612 3507 3670 3558 '0
3698 3509 3781 3568 ei;

2261 3590 2356 3657 τὴν
2385 3590 2608 3656 φαιδρὰν
2646 3591 2749 3640 τῶν
2783 3593 3022 3660 μοναχῶν
3052 3594 3343 3660 σύγκλητον
3359 3597 3624 3662 νεοπαγὴς
3649 3611 3781 3661 τυγ-

2261 3672 2455 3740 χάνων,
2485 3673 2797 3726 ἀπωθείσθω
2832 3679 2953 3736 τοὺς
2986 3677 3271 3744 λογισμοὺς
3302 3678 3424 3739 τοῦς
3459 3681 3780 3746 προσιόντας

2263 3757 2407 3826 αὺτῷ
2448 3759 2714 3828 εὐφημίας
2762 3761 2867 3814 ἀπὸ
2899 3763 2995 3832 τῆς
3019 3765 3346 3830 συγγενείας,
3370 3765 3456 3818 ἴνα
3505 3766 3578 3836 μὴ
3607 3767 3694 3818 τὸν
3719 3766 3783 3830 ἐξ

2264 3847 2556 3915 ἀνθρώπων
2605 3851 2836 3916 ἔπαινον,
2876 3851 3006 3904 ἀλλὰ
3045 3854 3133 3904 τὸν
3183 3855 3244 3905 ὲκ
3268 3853 3374 3905 τῶν
3398 3855 3625 3907 ἐντολῶν
3664 3873 3770 3923 μα-

2266 3936 2526 4001 καρισμὸν
2555 3938 2848 4006 ὲπιζητοίη.
2875 3940 2991 3990 Τῶν
3021 3940 3078 3991 δὲ
3108 3940 3202 4004 τὰς
3237 3942 3433 4005 δειλίας
3478 3943 3785 3996 εἰσϐαλλόν-

2266 4037 2372 4072 των
2386 4020 2644 4090 δαιμόνων
2668 4026 3089 4092 καταθαρσείτω⁶
3116 4029 3174 4078 οὐ
3201 4030 3303 4096 γὰρ
3331 4030 3543 4084 ἐλάϐετε
3571 4033 3785 4100 πνεῦμα

2267 4106 2464 4171 δειλίας
2515 4109 2670 4162 πάλιν
2706 4113 2784 4172 είς
2831 4112 2989 4178 φόϐον
3017 4129 3031 4142 ο
3064 4115 3329 4181 πνεύματι
3370 4116 3567 4178 δειλίας
3597 4119 3787 4170 ἑαυτὸν

2199 4227 2241 4282 D
2272 4197 2342 4266 μὴ
2365 4199 2802 4264 καταπτησσέτω,
2841 4202 2971 4269 μήτε
3012 4201 3130 4262 τοὺς
3177 4205 3510 4290 νυκτερινοὺς
3553 4205 3785 4266 κτύπους

2268 4285 2372 4337 τῶν
2411 4286 2672 4355 δαιμόνων
2709 4289 2970 4358 τρεμέτω,
3023 4290 3216 4342 ὁπόταν
3270 4285 3389 4343 οὔτε
3423 4293 3560 4345 κατὰ
3593 4296 3787 4364 χοίρων

2267 4371 2457 4439 ἔχωσιν
2491 4374 2754 4436 ἐξουσίαν.
2791 4377 2878 4427 Ἐν
2905 4379 3021 4438 ταῖς
3059 4377 3265 4445 όψιναίς
3296 4374 3386 4431 οὖν
3429 4379 3652 4442 ἐξελθὼν
3689 4383 3790 4448 τῆς

2267 4461 2480 4528 κέλλης,
2524 4462 2597 4530 μὴ
2634 4463 2909 4532 θροείσθω,
2937 4464 3028 4516 καὶ
3069 4466 3279 4528 φεύγων
3312 4467 3498 4517 ἀνόπιν
3526 4467 3787 4536 είσπηδάο

2270 4567 2362 4609 τω,
2391 4550 2463 4610 ὡς
2499 4550 2605 4600 τῶν
2633 4551 2893 4617 δαιμόνων
2937 4553 3116 4617 δῆθεν-
3142 4555 3598 4620 κατατρεχόντων,
3653 4556 3790 4607 ἀλλὰ

2269 4637 2451 4700 κλίνας
2474 4637 2542 4689 τὰ
2560 4639 2756 4704 γόνατα
2780 4641 2848 4690 ’ὲν
2876 4633 2916 4705 ᾧ
2943 4640 3087 4709 τόπῳ
3109 4639 3275 4710 δειλιᾷ
3305 4640 3567 4706 εὐξάσθω,
3591 4644 3650 4694 οὐ
3681 4646 3790 4712 γάρ

2271 4743 2351 4779 σοι
2376 4727 2748 4780 ἐπιπεσοῦνται
2781 4729 2881 4780 κᾶν
2906 4727 3044 4781 οὕτω
3071 4746 3128 4780 σε
3160 4728 3472 4798 θροήσωσιν·
3493 4732 3707 4785 ἑπειδὰν
3729 4733 3792 4784 δὲ

2270 4816 2500 4886 ἀναστῇς
2526 4816 2753 4885 θάρῤυνε
2779 4817 2873 4886 τὴν
2901 4817 3142 4886 καρδίαν,
3173 4821 3468 4887 παρακάλει
3513 4825 3575 4891 τῇ
3599 4823 3779 4892 ψαλμδ

2269 4901 2416 4973 ῳδίᾳ,
2454 4920 2472 4952 ι
2517 4904 2589 4954 Οὐ
2650 4905 2923 4974 φοϐηθήσῃ
2971 4905 3200 4976 (λέγων)
3240 4907 3345 4959 ἀπὸ
3387 4910 3549 4977 φόϐου
3595 4927 3790 4962 νυκτε-

2274 4991 2439 5060 ρινοῦ,
2502 4992 2607 5044 ἀπὸ
2642 4992 2820 5058 βέλους
2881 4995 3165 5062 πετομένου
3217 4999 3442 5066 ἡμέρας,
3480 4999 3585 5049 ἀπὸ
3609 4999 3790 5066 πράγ-

2275 5096 2436 5147 ματος
2461 5081 2517 5132 ὲν
2547 5079 2724 5130 σκότει
2750 5081 3212 5152 διαπορευομένου,
3232 5085 3337 5136 ἀπὸ
3368 5086 3789 5153 συμπτώματος,

2273 5169 2363 5220 καὶ
2407 5169 2674 5236 δαιμονίου
2719 5169 3106 5240 μεσημϐρινοῦ.
3144 5191 3161 5222 ι
3202 5173 3352 5224 Οὕτω
3392 5174 3495 5242 γὰρ
3533 5176 3674 5238 ἅπαξ
3696 5176 3793 5226 καὶ

2274 5256 2551 5308 πολλοστὸν
2579 5258 2820 5324 ποιήσας,
2855 5259 2942 5310 τὸν
2991 5259 3212 5328 δαίμονα
3235 5261 3331 5329 τῆς
3375 5261 3570 5323 δειλίας
3598 5265 3792 5313 θᾶττον

2274 5341 2364 5408 ἀφ’
2393 5343 2578 5395 ἑαυτοῦ
2605 5344 2905 5407 ἀπελάσεις.
2943 5345 3337 5408 ’Λδυνατοῦντες
3371 5347 3476 5416 γὰρ
3501 5347 3643 5414 ἔργῳ
3665 5347 3794 5414 βλά-

2277 5449 2443 5497 πτειν,
2457 5438 2569 5495 ταῖς
2583 5436 2890 5501 φαντασίαις
2913 5436 3006 5505 τὴν
3029 5437 3198 5506 ψυχὴν
3210 5432 3721 5502 δει).οκοποῦσιν,”ίνα
3739 5437 3793 5488 οι
