4052 6336
121 321 223 385 1129

1153 315 1579 374 ’l‘llACTATUS
1615 315 1712 372 AD
1742 279 2156 371 EULOGIUM.

3089 283 3222 347 1130

115 426 319 492 δαίμονα
362 418 630 481 Πύθωνος,
669 419 722 470 ὲν
754 419 814 485 τῇ
859 417 1032 486 πληγῇ
1062 415 1309 486 χρονίσας
1335 409 1600 483 θραπείαν
1626 416 1669 471 Α
1699 411 1715 462 i

1626 416 1669 471 Α
1699 409 1860 472 illius,
1888 408 2082 462 habent
2117 405 2406 458 daemonem
2437 400 2795 471 Ρ9·ι1ιοιιίε.οι,
2820 395 3016 450 diutius
3051 395 3104 446 in
3135 395 3218 446 illa

117 514 192 580 οὐχ
231 509 502 576 ὑφίστατο.
545 509 652 575 Τῆς
685 507 740 558 δὲ
789 505 975 558 τούτου
1024 506 1222 575 μητρὸς
1254 505 1601 555 ὲπιταπεινω-

118 601 267 666 θείσης
299 595 375 664 τῷ
418 593 622 656 πένθει,
656 595 968 662 εὐχαριστία
1000 593 1060 644 τδ
1099 591 1263 652 πάθος
1293 589 1600 657 κατέψυξεν,

118 689 230 757 ἢπερ
254 689 313 738 ὲκ
332 684 562 752 σταυροῦ
585 683 680 751 τὴν
701 682 873 752 ψυχὴν
907 681 1244 751 κρεμάσασα,
1265 681 1357 730 τὸν
1382 679 1604 746 δαίμονα

116 775 188 827 τοῦ
206 773 377 835 παιδὸς
401 774 524 834 ταῖς
575 771 755 838 εὐχαῖς
796 770 1068 838 ἀπέρρηξε
1099 787 1112 798 ·
1141 767 1233 820 τοῦ
1270 768 1376 835 γὰρ
1404 766 1521 816 νέου
1549 766 1605 815 ὲν

116 865 202 924 τοῖς
226 862 408 930 μέρεσι
435 861 545 922 τοῖς
574 859 730 928 πέριξ
753 857 1095 927 πλανωμένου
1150 857 1242 910 καὶ
1282 856 1378 924 τῆς
1407 852 1606 923 μητρὸς

116 951 223 1003 οἶκοι
266 943 580 1017 εὐχομένης,
638 946 698 999 τὸ
750 947 946 1013 ταύτης
995 945 1157 1014 ὄνομα
1182 943 1317 1013 βοῶν
1344 946 1371 995 ὁ
1406 942 1606 1010 δαίμων

117 1037 332 1104 βασάνοις
357 1035 648 1104 ἠλαύνετο·
681 1037 715 1104 η
745 1033 801 1086 δὲ
841 1033 970 1087 αὐτὸ
997 1032 1152 1085 τοῦτο
1195 1031 1484 1093 ἀκούουσα,
1510 1032 1611 1084 οὐκ

116 1125 354 1194 ἐπέδραμε
393 1124 473 1192 τῷ
520 1123 800 1191 πράγματι
835 1121 932 1190 τὴν
976 1120 1149 1189 μάχην
1178 1122 1274 1189 τῆς
1303 1120 1513 1188 φύσεως
1543 1120 1609 1188 τῇ

115 1212 400 1265 ταπεινώσει
451 1211 807 1278 δεσμεύουσσ,
855 1209 1114 1279 ἑλκομένη
1161 1207 1216 1261 δὲ
1273 1209 1400 1276 παρ’
1441 1208 1612 1260 ἄλλων

115 1300 393 1367 ἀϐουλήτως
419 1300 677 1368 ἀπήγετο,
710 1297 964 1350 ἐπέκεινα
995 1297 1050 1350 δὲ
1079 1297 1168 1350 καὶ
1188 1298 1216 1349 ὁ
1251 1281 1453 1364 δαίμων
1483 1299 1613 1365 χρῆ-

117 1388 215 1440 σθαι
244 1389 302 1455 τῇ
336 1389 480 1455 φυγῇ
528 1385 802 1454 ἐμαίνετο.
840 1385 902 1438 Ἠ
955 1386 1050 1454 μὲν
1089 1381 1178 1437 οὖν
1208 1386 1490 1446 ἐπιστᾶσα,
1521 1383 1614 1437 καὶ⁵

115 1477 202 1534 τοῖς
225 1473 448 1550 δάκρυσι
488 1474 577 1525 τὸν
625 1473 787 1525 παῖδα
839 1473 1297 1542 περιπτυξαμένη,
1331 1471 1424 1540 τὴν
1459 1472 1615 1539 εὐχαο

119 1558 317 1626 ριστίαν,
347 1559 444 1610 καὶ
459 1558 782 1612 ταπείνωσιν
811 1561 950 1611 κατά
967 1559 1058 1611 τοῦ
1086 1559 1330 1624 δαίμονος
1352 1558 1616 1628 προύϐάλ-

117 1645 229 1709 λετο,
252 1646 459 1717 πικρῶς
489 1648 544 1698 δὲ
577 1647 905 1718 κλαυσάσης,
934 1647 1026 1700 καὶ
1062 1648 1291 1716 Χριστὸν
1341 1645 1616 1698 ἱκετευσάο

119 1749 216 1802 σης,
251 1735 341 1786 καὶ
392 1734 481 1785 τὸν
527 1733 756 1801 σταυρὸν
798 1733 1141 1802 τυπωσάσης,
1185 1733 1314 1802 πρὶν
1345 1732 1617 1801 μαστίγων

117 1821 316 1884 πολλῶν,
361 1821 553 1874 θᾶττον
590 1823 683 1875 τοῦ
719 1820 907 1882 παιδὸς
943 1824 970 1872 ὁ
1011 1821 1214 1888 δαίμων
1247 1820 1472 1888 ἀπέδρα.
1512 1820 1618 1886 Ζη-

118 1909 270 1961 λοῦσιν
295 1912 342 1961 οἱ
369 1910 615 1979 δαίμονες
637 1912 762 1972 τοὺς
797 1913 854 1962 ὲν
883 1912 1122 1978 ὑποταγῇ
1166 1910 1375 1978 Πατρὸς
1420 1909 1620 1977 ἀστρά-

124 2013 345 2059 πτοντες,
377 1999 472 2051 καὶ
497 1998 737 2068 τρίζουσι
761 2001 886 2050 ’κατ’
911 1998 1086 2050 αὐτῶν
1130 1998 1254 2060 τοὺς
1279 1997 1512 2060 ὀδόντας,
1538 1998 1618 2049 ὃτι

117 2086 165 2136 ιν
201 2088 258 2155 τῇ
311 2086 551 2154 ὑποταγῇ
621 2087 719 2154 τὴν
775 2087 1048 2155 ἀποταγὴν
1076 2086 1389 2155 ἀμερίμνως
1415 2086 1617 2152 ὲζὺγωο

128 2193 210 2231 σαν
234 2213 248 2238 ,
317 2172 433 2225 καθ’
455 2166 530 2224 ὧν
550 2174 644 2224 καὶ
669 2172 961 2240 προφάσεις
980 2171 1446 2239 ἀκριϐολογοῠντες
1473 2187 1628 2240 παρ-τ

117 2260 354 2328 οξυσμοίις
401 2260 673 2329 ἀρτύουσι,
722 2262 816 2313 καὶ
865 2264 929 2330 τῇ
962 2259 1322 2328 συμϐαινούσῃ
1349 2258 1620 2328 ὀργῇ,τὴν

121 2349 258 2418 μῆνιν
300 2349 675 2418 ὲγγλύφουσιν,
731 2349 917 2402 ἔπειτα
955 2349 1011 2402 δὲ
1059 2349 1150 2402 καὶ
1195 2350 1348 2416 μῖσος
1375 2347 1505 2415 πρὸς
1533 2347 1621 2398 τὸν

120 2437 315 2507 Πατέρα
366 2437 488 2489 κατ’
517 2437 693 2504 ὀλίγον
724 2436 958 2504 ὲψοῦσιν,
986 2437 1060 2499 ὡς
1111 2437 1204 2489 ἀτε
1252 2435 1408 2505 δῆθεν
1426 2434 1622 2496 ἀδίκως

121 2524 510 2593 ἐπιπλήττοντα,
537 2525 630 2575 καὶ
656 2525 794 2575 κατά
824 2525 1104 2593 πρόσωπον
1127 2523 1453 2592 προσέχοντα
1477 2539 1492 2556 ο
1538 2525 1621 2576 ἵνα

123 2609 176 2659 ἐκ
202 2608 452 2677 διαφόρων
471 2609 679 2675 τρόπων
706 2607 801 2676 τὴν
826 2607 1002 2675 ψυχὴν
1038 2608 1491 2674 περιτινάξαντες,
1515 2609 1621 2659 τῶν

119 2695 342 2762 ἀγκαλῶν
369 2695 701 2765 σκορπίσωσι
729 2694 836 2746 τῶν
858 2695 1154 2764 πατρικῶν.
1188 2694 1245 2747 '0
1278 2695 1369 2748 οὖν
1396 2696 1454 2747 ιν
1489 2696 1618 2747 ὑπο·

119 2785 240 2852 ταγῇ
285 2784 488 2854 Πατρὺς
530 2783 805 2854 ὑπάρχων,
838 2783 1054 2853 ὓὸρεσιν
1085 2783 1366 2852 ’ἠττάσθω,
1410 2785 1500 2837 καὶ
1528 2801 1620 2835 τα-

121 2872 348 2924 πεινώσει
382 2871 601 2936 νικάτω,
633 2873 724 2924 καὶ
760 2871 1104 2942 μακροθυμίᾳ
1139 2872 1497 2942 ῥυθμιζέσοω,
1529 2873 1619 2925 καλ⁵

1701 499 1848 566 plaga
1875 509 2207 564 permanens,
2257 493 2475 546 minime
2520 488 2839 560 suscipiebat
2875 485 3219 542 curationem,

1701 584 1828 651 Ejus
1863 591 2039 636 autem
2070 593 2242 636 matre
2263 581 2406 636 luctu
2435 579 2728 640 bumiliata,
2764 576 3052 644 gratiarum
3085 571 3222 625 actio

1701 669 2027 736 refrigeravit
2070 671 2392 736 passionem,
2447 682 2565 737 qua
2606 665 2836 720 animam
2865 679 2895 717 e
2919 676 3072 718 cruce
3102 676 3222 715 sus-
3275 662 3278 666 ’

1701 757 1962 824 pendens,
2015 755 2308 811 daemonem
2360 771 2392 810 a
2433 769 2600 824 puero
2640 754 2830 818 abiecit
2861 750 3217 812 orationibus:

1703 854 1824 894 cum
1873 841 2014 894 enim
2064 841 2116 894 in
2163 839 2423 916 partibus,
2466 854 2587 908 qua:
2619 840 3029 904 circumquaque
3084 843 3222 896 sunt,

1706 929 2012 985 adolescens
2025 923 2370 1000 vagabundus
2393 940 2617 993 erraret,
2640 930 2891 998 domique
2919 937 3084 980 mater
3105 939 3224 978 ora-

1710 1026 1807 1080 ret.
1837 998 2077 1088 ejusdem‘
2101 998 2296 1074 nomen
2321 1017 2615 1074 vociferans
2659 1018 2868 1072 daemon
2909 1015 3228 1070 cruciatibus

1709 1102 2038 1170 agitabatur;
2070 1105 2181 1173 ipsa
2225 1105 2427 1159 veroid
2471 1105 2687 1158 audiens
2711 1101 2866 1174 44],
2903 1116 3008 1155 non
3045 1115 3233 1154 accur-

1709 1196 1780 1248 rit
1823 1193 1887 1247 ad
1935 1209 2048 1248 rem
2075 1193 2366 1266 visendam,
2410 1208 2636 1263 pugnam
2687 1203 2895 1259 natura:
2938 1193 3234 1246 humilitate

1710 1285 2033 1350 devinciens,
2065 1292 2232 1341 tracta
2255 1300 2381 1342 vero
2412 1287 2478 1339 ab
2498 1285 2618 1339 aliis
2644 1284 2810 1338 invito
2836 1282 3232 1340 abducebatur:

1711 1382 1766 1426 at
1802 1374 1907 1427 illic
1935 1373 2144 1430 daemon
2189 1374 2477 1444 furibundo
2525 1373 2720 1441 impetu
2757 1374 3034 1444 agebatur,
3066 1381 3124 1426 ut
3153 1371 3234 1425 fu—

1711 1477 1828 1530 gam
1875 1463 2150 1530 arriperet.
2207 1464 2296 1517 Illa
2342 1465 2503 1532 igitur
2547 1464 2842 1528 insistens,
2882 1464 3237 1530 lacrymisque

1713 1550 1878 1602 tilium
1911 1549 2363 1614 circumfundens,
2389 1551 2692 1620 gratiarum
2736 1551 3017 1616 actionem,
3055 1560 3110 1604 et
3136 1553 3238 1604 hu-

1715 1638 2061 1693 miliationem
2115 1640 2369 1693 adversus
2413 1639 2704 1693 daemonem
2762 1638 3064 1707 objiciebat.
3102 1638 3234 1692 Cum

1717 1735 1891 1780 autem
1921 1727 2102 1780 amare
2121 1727 2458 1795 ejulasset,et
2479 1726 2744 1781 Christum
2777 1727 2993 1794 supplex
3025 1741 3240 1780 exoras-

1715 1821 1816 1875 set,
1864 1827 2181 1882 crucemque
2238 1816 2604 1876 etformasset,
2653 1822 2776 1868 ante
2809 1809 2972 1868 multa
3016 1814 3236 1882 ﬂagella,

1716 1886 1949 1952 celerius
1993 1913 2021 1950 a
2051 1915 2217 1967 puero
2276 1903 2482 1955 daemon
2536 1902 2758 1969 aufugit.
2801 1901 2959 1955 Valde
3009 1901 3243 1954 inrident

1715 1987 1982 2040 daemones
2011 1987 2093 2052 iis,
2132 1990 2225 2058 qni
2258 1990 2320 2049 in
2353 1990 2524 2045 Patris
2571 1991 2900 2058 subiectione
2937 2004 3242 2054 coruscant,

1713 2083 1768 2127 et
1805 2075 2059 2130 adversus
2086 2092 2178 2131 eos
2227 2079 2512 2133 stridentes
2546 2080 2792 2133 dentibus
2836 2080 3086 2144 fremunt,
3121 2081 3241 2149 quia

1717 2163 1769 2214 in
1823 2163 2151 2230 subiectione
2205 2167 2318 2219 sine
2362 2181 2507 2231 cura,
2565 2167 2744 2221 mundi
2798 2169 3238 2222 renuntiationem

1720 2237 2144 2318 conjunxerunt,
2181 2259 2365 2306 contra
2418 2268 2551 2321 quos
2582 2263 2830 2309 accurate
2887 2256 3244 2323 disquirentes

1720 2347 2041 2403 praetextus,
2094 2340 2416 2395 irritationes
2456 2352 2732 2410 apparent,
2783 2353 2854 2406 ct,
2911 2349 3244 2413 contingente

1721 2427 1884 2479 animi
1937 2429 2303 2496 succensione,
2351 2431 2487 2507 iram
2541 2432 2865 2501 insculpunt,
2905 2442 3085 2501 postea
3112 2449 3245 2488 vero

1718 2523 1771 2568 et
1799 2515 1978 2570 odium
2020 2518 2073 2569 in
2108 2519 2317 2573 Patrem
2366 2522 2620 2587 paulatim
2647 2532 2898 2589 coquunt,
2937 2525 3151 2590 perinde
3182 2540 3244 2578 ac

1722 2601 1916 2666 injuste
1957 2604 2200 2657 videlicet
2252 2605 2589 2673 aﬂligentem,
2623 2617 2675 2660 et
2721 2587 2789 2662 ob
2817 2623 2878 2664 os
2918 2587 3246 2665 animadver-

1717 2696 1934 2755 tentem,
1966 2699 2045 2756 ut,
2069 2693 2485 2750 diversis‘modis
2511 2697 2740 2751 animam
2763 2701 3243 2767 circumcutieutes,

1718 2791 1780 2829 ex
1829 2779 1968 2834 ulnis
2026 2783 2257 2848 paternis
2297 2785 2622 2854 dispergant.
2681 2786 2780 2853 Qui
2807 2789 2944 2858 ‘ergo
2982 2791 3035 2844 in
3072 2793 3248 2858 subje-

1721 2867 1892 2928 ctione
1911 2867 2084 2924 Patris
2111 2880 2218 2934 est,
2249 2875 2582 2929 contumeliis
2608 2877 2776 2938 cedat,
2809 2888 2862 2932 et
2881 2861 3248 2936 ibumiliatione

125 2959 188 3028 μὴ
216 2958 314 3011 τῶν
356 2960 628 3030 λογισμῶν
666 2959 1137 3028 ὑπογογγυζόατων
1191 2961 1462 3028 ἀνεγέσθω
1495 2960 1629 3028 πρὸς
1654 2977 1696 3034 c

1654 2977 1696 3034 ο
1729 2955 1921 3022 vincat,
1963 2969 2017 3012 et
2054 2959 2450 3030 longanimitate
2492 2975 2834 3034 temperetur,
2876 2983 2972 3023 nec
3005 2971 3248 3025 submur-

123 3048 491 3119 αὑστηρότητα,
537 3048 631 3102 καὶ
687 3048 925 3117 ἀδελφῶν
967 3048 1294 3119 θρασύτητα.

647 3287 890 3342 ΚΕΦΛΛε
933 3288 1062 3339 κη’.
1469 3345 1477 3355 η

180 3390 275 3444 Καὶ
314 3392 392 3442 ὄτι
441 3390 713 3458 μοχθηρᾶς
754 3389 1047 3456 δουλείαςή
1077 3384 1350 3454 ἐλευθερία
1389 3384 1624 3450 ίσὸζυγος

121 3478 175 3528 οὐ
200 3470 476 3546 τυγχάνει,
518 3476 848 3527 εἰσϐάλλουσι
876 3475 980 3542 γὰρ
1009 3473 1268 3542 μάλιστα,
1314 3474 1404 3525 καὶ
1437 3491 1625 3542 περαι-

121 3566 243 3633 τέρω
264 3566 477 3626 τούτων,
502 3562 588 3614 ⁴ἕνα
605 3564 806 3629 αὐθάδη
834 3563 923 3614 τὸν
949 3561 1258 3625 ύπεξούσιον
1288 3562 1624 3631 ποιήσαντες,

121 3651 338 3720 εὐχερῶς
364 3654 441 3712 είς
465 3651 564 3712 τάς
606 3649 734 3712 ὔλας
775 3650 1161 3719 περιπείρωσι’
1214 3650 1335 3712 τοὺς
1383 3651 1478 3718 μὲν
1521 3651 1626 3721 γὰρ

120 3739 202 3791 καὶ
240 3740 323 3792 διὰ
367 3739 567 3792 τούτων
604 3741 701 3809 τῆς
736 3739 1069 3808 πατροσύνης
1125 3740 1350 3806 χωρίσαι
1397 3738 1625 3791 σπουδά-

123 3827 294 3893 ζουσι,
328 3829 449 3890 τοὺς
476 3829 531 3880 δὲ
562 3829 652 3879 καὶ
681 3827 746 3878 δι’
775 3828 992 3894 ἑτέρων.
1033 3826 1296 3893 Ἐργασαι
1323 3865 1335 3884 ,
1372 3826 1463 3876 καὶ
1493 3827 1622 3894 κτῆ-

122 3928 217 3976 σαι,
241 3917 330 3966 καὶ
343 3915 566 3979 ξένισαι,
595 3913 738 3963 ἔνδον
762 3913 1060 3980 ἐπᾴδοντες,
1097 3913 1238 3974 ὅπως
1266 3911 1434 3982 ὄνομα
1466 3915 1624 3967 καλὸν

121 4004 310 4073 σεαυτῷ
344 4002 666 4070 περιποιὴσῃ
690 4016 702 4028 ·
741 4001 844 4052 ἀπὸ
878 4001 982 4069 γὰρ
1022 4003 1126 4054 τῶν
1159 4000 1316 4070 δῆθεν
1349 4001 1524 4056 καλῶν
1558 4004 1625 4056 τά

119 4085 312 4152 ζιζάνια
352 4091 450 4160 τῆς
483 4089 744 4157 πονηρίας
775 4089 833 4141 τὸ
867 4089 1005 4142 κατά
1053 4089 1212 4158 μέρος
1251 4090 1620 4159 ἑνσπείρουσι,

119 4176 201 4227 καὶ
222 4176 360 4245 παρά
391 4177 490 4244 μὲν
518 4177 613 4238 τάς
645 4176 813 4244 ἀρχὰς
841 4176 1058 4243 ἀφιᾶσιν
1083 4176 1238 4227 αὑτὸν
1259 4179 1323 4244 τῇ
1349 4192 1409 4228 κε
1421 4177 1616 4246 νοδοξίᾳ

1731 3054 2002 3100 murantes
2028 3049 2371 3116 cogitationes
2402 3053 2661 3110 sustineat
2685 3056 2750 3110 ad
2780 3058 3161 3125 austeritatem,
3194 3069 3249 3113 et

1727 3132 2000 3186 audaciam
2034 3135 2092 3192 in.
2108 3135 2316 3192 fratres.

2237 3266 2462 3323 CtPUT
2501 3270 2730 3326 XXVI”.
2798 3347 2828 3373 .

1792 3371 1960 3426 Etiam
2012 3376 2152 3443 quod
2201 3380 2440 3434 servituti
2496 3371 2817 3441 aerumnosas
2861 3388 3098 3455 (scilicet
3136 3393 3246 3446 das.

1724 3474 1909 3552 mones
1945 3464 2180 3534 dictant)
2217 3468 2435 3525 libertas
2480 3487 2584 3526 non
2630 3484 2711 3530 est
2741 3479 2978 3546 aequalis,
3017 3483 3121 3537 imo
3157 3500 3250 3552 po-

1724 3550 1830 3604 tius
1856 3555 2022 3606 multo
2050 3553 2132 3608 his
2160 3558 2308 3624 plura
2341 3560 2666 3628 immittunt,
2718 3575 2808 3632 ut,
2839 3584 2956 3622 cum
2995 3550 3248 3628 audacem

1723 3642 1970 3706 potestati
2011 3643 2278 3697 subditum
2315 3647 2600 3715 cﬁccerint,
2648 3652 2806 3708 facile
2842 3671 3052 3726 quoque
3094 3677 3248 3716 mun-

1724 3727 1874 3815 danis
1923 3729 2168 3802 Sardibus
2214 3732 2469 3798 infigam;
2525 3739 2718 3791 etenim
2763 3741 2859 3795 hos
2892 3746 3099 3810 quidem
3154 3764 3248 3815 per
3297 3759 3322 3772 "

1724 3812 1835 3866 haec
1865 3828 2111 3880 separare
2143 3819 2354 3872 student
2382 3835 2408 3872 a
2443 3825 2759 3888 paternitate
2778 3866 2792 3889 ,
2846 3829 3037 3886 alteros
3067 3812 3245 3890 autem

1722 3917 1816 3969 per
1862 3903 1985 3956 alia.
2039 3902 2290 3971 Ope-rare,
2338 3917 2390 3960 et
2439 3926 2653 3980 peregre
2698 3913 2855 3985 442
2908 3919 3247 3979 adwnientes

1724 3991 1957 4058 hospitio
1986 3993 2182 4058 recipe,
2215 3994 2358 4049 intus
2404 3997 2672 4054 hortantes
2713 4003 2980 4060 daemones
3025 4007 3242 4078 instant,

1720 4092 1828 4146 quo
1858 4095 2049 4134 nomen
2080 4082 2172 4135 tibi
2203 4085 2512 4150 prmclarum
2542 4103 2846 4158 compares;
2890 4109 3010 4149 nam
3050 4112 3115 4150 ex
3163 4100 3245 4155 his

1723 4168 1964 4224 videlicet
1993 4171 2145 4226 bonis
2185 4174 2304 4229 lolia
2336 4179 2550 4233 malitias
2578 4182 2845 4251 sigillatim
2886 4186 3239 4248 iuseminant:

120 4264 572 4330 ἑγγλυκαίνεσθαι,
595 4264 687 4315 καὶ
717 4265 900 4332 νήφειν
927 4266 991 4332 τῇ
1024 4266 1234 4331 συνεχεῖ
1260 4264 1497 4333 νηστείᾳ,
1525 4267 1618 4317 καὶ
1653 4259 1696 4314 D

1653 4259 1696 4314 D
1722 4266 1773 4310 et
1815 4259 1950 4326 apud
2007 4261 2331 4331 principatus
2361 4268 2572 4335 quidem
2611 4271 2886 4329 dimittunt
2917 4279 3059 4334 illum
3111 4299 3242 4338 vana

120 4350 390 4420 προθύμως
437 4350 749 4404 ἀνίστασθαι
799 4352 855 4402 ἐν
893 4353 1008 4413 ταῖς
1053 4355 1405 4420 προσευχαῖς,
1441 4355 1532 4406 καὶ
1567 4357 1622 4406 ὲν

120 4441 221 4500 ταῖς
249 4441 541 4505 συνάξεσιν,
565 4439 638 4500 ὡς
668 4440 751 4492 ἵνα
779 4433 1070 4508 λογίζηται,
1099 4440 1527 4507 ὄτιὙπεξούσιος
1552 4444 1625 4496 ῶν

119 4528 331 4591 τοιοῦτος
367 4531 465 4580 οὐκ
507 4529 829 4597 ἐτύγχανονθ
865 4530 980 4581 ἐκεῖ
1005 4529 1110 4598 γὰρ
1155 4528 1492 4601 καιῦὄρεις,
1533 4535 1624 4588 καὶ

120 4611 287 4677 λύπαι,
309 4616 404 4668 καὶ
435 4618 686 4683 ταραχαὶ,
707 4614 932 4668 ἐνταῦθα
964 4614 1021 4668 δὲ
1051 4617 1257 4686 εἰρήνη,
1281 4618 1372 4670 καὶ
1396 4619 1620 4690 γαλήνη,

122 4699 202 4750 καὶ
234 4702 370 4769 χαρά
392 4741 408 4766 ,
438 4703 550 4754 ἐκεῖ
576 4704 784 4772 Πατρδς
822 4704 1090 4774 αύστηρία
1111 4743 1125 4766 ,
1163 4705 1253 4756 καὶ
1285 4703 1442 4772 φόϐος
1461 4747 1478 4772 ,
1530 4708 1622 4760 καὶ

121 4786 390 4855 ἐπιπληξία
413 4827 428 4851 ,
462 4791 687 4843 ἐνταῦθα
719 4792 775 4844 δὲ
807 4793 1121 4863 ἀμεριμνία,
1167 4794 1256 4845 καὶ
1284 4795 1496 4862 ἀφοδία,
1531 4798 1624 4850 καὶ

122 4872 357 4940 ἀπληξία.
395 4875 501 4926 Καὶ
525 4875 662 4928 οὕτω
693 4879 751 4931 ἑν
777 4883 886 4941 τοϊς
910 4881 1172 4943 τοιούτοις
1204 4880 1495 4950 κλέψαντες
1525 4886 1622 4936 αύ-

122 4960 202 5012 τοῦ
243 4962 329 5012 τὸν
371 4961 492 5012 νοῦν
535 4964 966 5031 ὑφαρπάζουσιν·
1012 4968 1171 5035 ἄφνω
1207 4970 1263 5021 δὲ
1310 4969 1621 5035 ἐπιστάντες

124 5048 256 5117 ὕπνῳ
313 5048 578 5117 ὑπερορίῳ
620 5050 716 5117 τὴν
760 5051 932 5121 ψυχὴν
980 5056 1123 5124 φόϐῳ
1157 5059 1490 5126 ραντίζουσι,
1532 5062 1622 5113 καὶ

122 5139 206 5198 τάς
252 5139 492 5202 συνάξεις
545 5138 772 5206 ἀμελείᾳ
841 5140 1168 5213 καὶοάκηδίᾳ
1206 5147 1620 5214 ὑπεκκόπτουσι,

125 5224 204 5275 καὶ
227 5223 317 5292 τὴν
345 5223 640 5290 ξενοδοχίαν
673 5223 886 5292 ὄχλησιν
929 5221 1064 5278 εἶναι
1108 5231 1618 5302 ὑπομνηματίζουσι,

125 5311 205 5364 καὶ
221 5311 388 5364 πάντα
421 5312 666 5378 μάγγανα
707 5315 802 5379 τῆς
845 5313 1035 5376 κακίας
1063 5316 1368 5384 ἐπάγουσιν,
1410 5322 1493 5374 ἵνα
1527 5324 1622 5393 τὴν

125 5399 326 5469 ἀκηδίαν
354 5400 500 5467 αὐτῷ
539 5401 927 5469 προσρίψαντες
953 5445 964 5465 ,
1008 5405 1096 5456 καὶ
1143 5409 1276 5474 πρὸς
1328 5411 1483 5462 αὐτὸν
1532 5414 1620 5464 τὸν

129 5484 225 5552 βίον
259 5491 406 5558 μίσος
432 5488 787 5556 ἑργάτωνται,
820 5489 909 5541 καὶ
943 5489 1079 5543 οὕτω
1104 5497 1299 5562 γυμνδν
1332 5499 1488 5552 αὺτὸν
1516 5503 1617 5555 τῶν

337 5596 602 5659 ΡΛτιιοι..
646 5600 734 5658 Gn
811 5603 1079 5662 LXXIX.

1721 4347 1884 4410 gloria
1914 4350 2169 4418 edulcari,
2220 4357 2538 4428 assiduoque
2585 4364 2760 4420 sobrie
2798 4383 2951 4438 agere
2996 4372 3195 4441 jejunio
3224 4417 3239 4438 ,

1815 4451 2056 4508 promptu
2083 4444 2262 4498 animo
2301 4447 2352 4500 in
2388 4450 2740 4517 orationibus,
2789 4468 2841 4512 et
2880 4466 3232 4531 congregatio.

1723 4530 1879 4585 nibus
1901 4533 2068 4587 sacris
2094 4538 2392 4602 persistere,
2419 4540 2486 4592 ita
2522 4545 2680 4598 utsic
2711 4548 3050 4602 ratiociuetur
3132 4551 3240 4605 Sub

1720 4626 1980 4684 potestate
2013 4636 2132 4674 cum
2179 4639 2374 4690 essem,
2412 4629 2529 4682 talis
2557 4647 2661 4684 nou
2695 4647 2862 4686 eram.
2897 4635 2968 4687 lbi
3003 4637 3142 4690 enim
3191 4653 3240 4691 et

1723 4704 1980 4770 convicia,
2013 4716 2064 4761 et
2092 4709 2319 4776 dolores,
2344 4716 2776 4782 'et-turltationes;
2815 4720 2898 4772 hic
2917 4731 3088 4776 autem
3115 4739 3238 4793 pax,

1650 4867 1654 4870 γ
1725 4801 1776 4846 et
1809 4796 2184 4863 tranquillitas,
2211 4809 2262 4853 et
2291 4803 2539 4867 gaudium
2573 4821 2586 4856 :
2620 4805 2688 4856 ibi
2720 4803 2891 4861 Patris
2936 4814 3238 4876 austeritas,

1672 4952 1677 4956 _
1724 4888 1776 4931 ct
1803 4893 1998 4968 metus,
2028 4892 2186 4950 atque
2216 4887 2522 4952 percussio;
2575 4889 2659 4942 hic
2696 4905 2820 4943 vero
2870 4892 3010 4949 nulla
3045 4897 3240 4955 solliei-

1726 4971 1855 5025 tudo
1885 4991 1897 5025 :
1927 4975 2084 5025 timor
2108 4974 2304 5035 nullus,
2330 4976 2470 5028 nulla
2500 4979 2772 5045 percussio
2801 4999 2816 5037 :
2844 4993 2896 5038 et
2923 4987 3000 5041 sic
3025 4988 3074 5042 in
3098 4990 3241 5043 hisce

1728 5059 1923 5112 talibus
1953 5067 2181 5112 mentem
2212 5059 2378 5126 ipsius
2409 5061 2649 5120 furantes
2678 5049 3016 5140 subripiunt;
3045 5089 3104 5127 ex
3140 5076 3236 5128 im-

1727 5148 1940 5222 proriso
1968 5146 2146 5198 itidem
2181 5147 2474 5204 insilientes
2503 5165 2691 5208 somno
2720 5165 2925 5225 tempus
2955 5162 3238 5218 excedente

1728 5237 2039 5304 legitimum,
2069 5234 2296 5288 animam
2324 5237 2560 5295 irrorant
2589 5252 2754 5304 metu.
2784 5253 2837 5296 et
2877 5252 3237 5318 congregatio-

1727 5341 1818 5376 nes
1872 5335 2052 5375 sacras
2097 5324 2411 5392 negligentia
2456 5330 2768 5399 pigritiaque
2800 5333 3234 5406 subexscindunt,

1722 5427 1784 5464 ac
1838 5411 2105 5480 hospitum
2168 5419 2558 5486 susceptionem
2615 5409 3063 5487 perturbatip'tetn
3116 5441 3237 5484 esse

1721 5509 2166 5568 commentantur,
2201 5509 2484 5574 omniaque
2519 5508 2730 5570 malitia:
2763 5517 2895 5581 proh
2935 5521 3062 5584 cunt
3102 5533 3235 5588 ιιι-ιε-
