4058 6350
818 378 940 441 1131

2226 384 2282 440 S.
2323 383 2480 442 NILI

3820 381 3937 443 1172

815 492 1026 555 stigiosa
1075 488 1512 551 machinamenta,
1556 498 1610 542 ut
1657 491 1707 544 in
1749 506 1868 544 eum
1921 490 2172 544 desidiam
2215 493 2314 560 iuji

2364 501 2404 555 Α
2436 491 2640 560 ἀρετῶν
2673 473 2960 562 στίῖσαντες
2986 498 3094 558 τοῖς
3128 494 3375 561 ἀγγέλοις
3401 492 3938 559 δειγματίσωσι.1ῐοτέ

816 578 1032 636 cientes,
1075 574 1232 627 vitam
1287 580 1498 643 quoque
1548 578 1714 643 ipsam
1783 577 2008 630 eﬂlciaut
2061 580 2329 656 odiosam‘,

814 668 1014 732 suque,
1049 665 1296 718 sistentes
1328 681 1448 718 eum
1481 666 1764 719 virtutibus
1799 668 1992 719 nudum
2011 706 2036 730 ,.
2080 669 2206 735 ipsis
2236 684 2330 720 an-

762 763 766 767 ‘
811 756 939 819 gehs
991 753 1285 805 traducant.
1337 751 1598 804 Interdum
1640 754 1850 820 quidem
1909 755 2175 808 daunoues
2239 771 2329 823 per

809 840 1150 906 cogitationes
1179 841 1410 892 exaltant
1456 841 1680 905 labores,
1713 843 2030 910 quandoque
2078 859 2202 896 vero
2237 859 2329 896 eos

809 937 1111 992 extenuant,
1144 931 1294 995 quasi
1326 930 1453 981 nihil
1485 930 1772 996 perﬁciant,
1805 942 1861 982 ιιι
1890 933 2172 999 aliquando
2205 931 2326 997 qui-

807 1017 925 1068 dem
968 1032 1214 1070 vesanam
1251 1019 1407 1070 animi
1441 1021 1721 1071 elationem
1769 1019 1970 1080 iudant,
2006 1018 2325 1086 quandoque

768 1120 930 1178 ,κει-ο
969 1107 1203 1158 inserant
1253 1106 1700 1173 desperationem;
1768 1107 1851 1161 bis
1903 1107 2041 1160 enim
2091 1107 2179 1174 qui
2221 1122 2324 1158 non

805 1193 1087 1245 ﬂeetuntur
1119 1187 1180 1245 ad
1213 1196 1490 1262 magnilice
1524 1195 1588 1248 de
1624 1211 1680 1248 se
1711 1196 2038 1248 sentiendum
2062 1232 2074 1254 ,
2120 1195 2324 1248 labores

805 1282 1051 1344 efferunt,
1104 1292 1159 1336 ut
1212 1300 1456 1337 vesanam
1505 1286 1786 1353 quamdam
1834 1285 1998 1336 animi
2041 1285 2323 1337 elationem

2431 581 2526 648 μὲν
2561 582 2608 631 oi
2638 579 2888 650 δαίμονες
2931 584 3016 635 διὰ
3047 583 3152 634 τῶν
3179 579 3446 648 λογισμῶν
3481 580 3601 640 τοὺς
3633 579 3818 637 πόνους
3851 593 3937 644 με·

2425 671 2710 737 γαλύνουσι
2734 712 2747 732 ,
2780 675 2909 724 ποτὲ
2942 673 3004 738 δὲ,
3043 671 3260 732 τούτους
3292 670 3644 730 εύτελίζουσιν
3677 669 3749 728 ὡς
3790 667 3934 735 μηδὲν

2423 760 2676 819 ἀνύοντας
2701 798 2714 823 ,
2748 761 2830 811 ἵνα
2860 761 2989 812 ὅπου
3023 762 3118 827 μὲν
3165 759 3421 811 ἀπόνοιαν
3461 757 3772 824 ὲνθήσωσιν,
3817 756 3933 804 ὅπου

2421 848 2477 899 δὲ
2516 849 2816 914 ἀπόγνωσιν
2849 850 3186 920 ἔνσπείρωσι.
3229 850 3351 909 Τοῖς
3391 848 3496 913 γὰρ
3537 845 3608 912 μὴ
3639 843 3935 910 καμπτομέ-

2425 951 2534 998 νοις
2565 936 2857 1004 χαυνῶσαι,
2888 938 3010 999 τοὺς
3043 939 3234 998 πόνους
3265 935 3667 1004 μεγαλύνουσιν,
3703 933 3788 983 ἵνα
3815 932 3934 983 ἁπό-

2423 1037 2567 1072 νοιαν
2619 1023 2915 1092 ἐνοήσωσι,
2964 1027 3074 1086 τοῖς
3127 1024 3180 1076 δὲ
3233 1021 3454 1090 ἀπονοίᾳ
3488 1017 3823 1087 κάμπτεσθαι
3870 1020 3934 1086 μὴ

2424 1110 2792 1177 πειθομένοις,
2854 1114 3002 1164 οὐδὲν
3056 1112 3248 1172 πλέον,
3304 1110 3418 1162 ἀλλ’
3479 1109 3509 1177 ἦ
3578 1109 3704 1168 τοὺς
3761 1103 3935 1164 πόνους

2425 1199 2706 1269 ἐπᾴδουσιν
2748 1200 2945 1264 ἀνύειν,
2980 1200 3063 1251 ἴνα
3094 1197 3464 1268 χαυνὼσαντες
3488 1233 3502 1259 ,
3532 1192 3832 1266 ἀπόγνωσιν
3864 1193 3936 1241 ἐν»

2426 1291 2737 1355 τπείρωσιν.

807 1373 984 1423 iutaut
1015 1389 1025 1423 :
1061 1373 1161 1424 illis
1189 1384 1385 1433 autem,
1419 1375 1508 1439 qui
1547 1391 1646 1424 non
1684 1373 2090 1440 persuadeatur,
2137 1380 2192 1422 ut
2234 1372 2320 1423 tali
2361 1378 2554 1428 amenti
2629 1377 2907 1430 ﬂectantur
2968 1376 3288 1444 insipientia,
3317 1375 3447 1427 nihil
3476 1372 3700 1440 amplius
3727 1369 3856 1423 facit!
3895 1378 3928 1424 t.

805 1463 890 1515 s-‘tl
919 1465 1085 1513 solum
1123 1463 1385 1512 inculcant
1417 1477 1519 1526 quo
1554 1462 1761 1514 labores
1811 1463 2100 1529 perﬁciant,
2154 1467 2208 1512 ut
2244 1474 2333 1513 eos
2373 1460 2610 1517 laxantes
2645 1474 2698 1518 et
2729 1469 2990 1518 iassantcs
3022 1461 3740 1535 inserantdesperationem.

1242 1547 1396 1616 M3
1435 1547 1653 1599 (ZAI’UT
1695 1547 1876 1599 ΧΧΙΧ.

871 1637 1089 1700 Quando
1147 1636 1307 1702 igitur
1364 1637 1709 1703 cogitationes
1760 1652 1979 1705 magnos
2038 1635 2325 1704 praedicent

2972 1552 3216 1602 ΚΕΦΑΛ.
3257 1550 3381 1600 KG’.

2498 1640 2660 1690 Ὅταν
2693 1636 2782 1691 οὖν
2823 1641 2871 1691 οἱ
2910 1639 3153 1707 λογισμοὶ
3196 1639 3316 1698 τοὺς
3359 1636 3548 1704 πόνους
3593 1635 3928 1703 μεγαλύνωσι,

804 1729 1040 1788 labores,
1095 1729 1389 1793 respuendo
1444 1727 1598 1786 illas,
1650 1726 1878 1777 animam
1940 1727 2314 1788 extenuemus;

2358 1752 2394 1804 Β
2425 1728 2642 1788 τούτους
2675 1727 3036 1789 ἀποπτύοντες
3057 1767 3069 1787 ,
3101 1727 3196 1792 τὴν
3224 1726 3395 1796 ψυχὴν
3423 1724 3794 1791 εὐτελίζωμεν,
3821 1725 3931 1775 ὅταν

801 1816 1011 1882 quando
1041 1802 1218 1866 autem
1246 1830 1274 1865 e
1304 1815 1510 1866 diverso
1554 1815 1757 1866 labores
1786 1814 2104 1866 imminuant
2124 1852 2136 1876 ,
2171 1814 2322 1880 quasi

804 1905 929 1956 nihil
962 1905 1311 1970 perlicicntes,
1345 1917 1462 1961 nos,
1492 1903 1664 1969 quoad
1693 1903 1830 1956 vires
1858 1901 2064 1965 ferent,
2115 1902 2323 1954 miseri-

801 1994 1009 2045 cordias
1049 1990 1246 2043 Christi
1277 1991 1624 2053 extollantus;
1664 1998 1862 2059 quanto
1909 1991 2048 2044 enim
2098 1991 2322 2057 amplius

801 2097 994 2147 corpus
1037 2088 1182 2132 tuum
1237 2081 1440 2133 duriter
1486 2079 1814 2144 tractaveris,
1861 2093 1927 2133 eo
1965 2080 2133 2146 magis
2178 2089 2318 2132 tuam

801 2168 1152 2236 perscrutaris
1182 2169 1584 2222 conscientiam.
1619 2167 1869 2238 Teipsnm
1903 2167 2186 2236 digposce,
2231 2183 2319 2221 eo-

801 2257 1106 2324 gitatiouum
1141 2257 1191 2308 in
1239 2256 1445 2309 occulto
1495 2256 1911 2323 deprxdatlones
1960 2257 2316 2322 persentiens,

802 2355 866 2396 ne
898 2345 1030 2396 forte
1063 2345 1459 2397 insensibiliter‘
1486 2345 1662 2412 agitati
1699 2345 1837 2398 circa
1880 2345 2202 2397 clandestina
2231 2362 2317 2397 ca-

801 2449 915 2485 rtnn
951 2433 1247 2494 latrocinia,
1283 2434 1666 2497 iuumbremur,
1710 2443 1976 2501 putantes,
2019 2435 2158 2500 quod
2209 2437 2317 2487 sola

800 2523 971 2573 victus
1022 2523 1302 2587 asticritate
1353 2523 1575 2575 virtutes
1626 2523 1940 2595 percipimus
1985 2539 1996 2573 :
2049 2524 2128 2575 sic
2178 2524 2317 2575 enim

797 2609 1007 2676 quidam
1046 2609 1394 2676 itnaginantes
1437 2611 1644 2662 excussi
1685 2621 1807 2662 sunt
1838 2619 2030 2672 mente,
2057 2612 2208 2663 veluti
2242 2613 2320 2663 lo-

798 2707 996 2758 custac,
1045 2697 1375 2749 dannonibus
1411 2697 1812 2762 imaginationes
1859 2699 2314 2762 exscindentibus,

797 2801 857 2837 ac
891 2786 1117 2836 visiones
1149 2783 1589 2863 detorquentibus
1614 2823 1628 2847 ,
1676 2793 1728 2836 et
1772 2785 2215 2852 depravantibus,
2268 2798 2319 2840 et

796 2875 1112 2941 quandoque
1169 2885 1308 2926 metu
1363 2888 1574 2942 quoque
1634 2874 1864 2927 animam
1922 2875 2312 2944 diripientibus.

795 2966 1011 3016 tluidam
1067 2963 1287 3016 fratrum
1339 2973 1495 3018 noctu
1550 2973 1858 3032 experrecto
1913 2964 2316 3033 imaginationcs

2421 1814 2475 1866 δὲ
2511 1815 2668 1867 πάλιν
2699 1815 2820 1876 τοὺς
2852 1814 3038 1875 πόνους
3084 1813 3444 1882 σμικρύνιυσιν
3470 1812 3541 1871 ὡς
3572 1811 3730 1878 μηδὲν
3764 1811 3932 1864 ἀνύονο

2419 1922 2535 1969 τας,
2561 1907 2744 1972 ἡμεῖς,
2777 1906 2872 1972 ὅση
2907 1904 3129 1971 δύναμις
3154 1942 3167 1964 ,
3203 1903 3267 1953 τά
3297 1902 3417 1969 ἐλέη
3451 1900 3682 1968 Χριστοῦ
3714 1901 3931 1967 μεγαλύο

2419 2011 2626 2063 νωμεν³
2679 1999 2799 2049 ὅσον
2827 1997 2933 2064 γὰρ
2966 1998 3054 2046 ἐπὶ
3097 1995 3275 2046 πλεῖον
3309 1993 3712 2060 σκληραγωγεῐς
3755 2008 3841 2042 σου
3879 1990 3930 2040 τό

2422 2084 2594 2149 σῶμα,
2612 2082 2856 2134 τοσοῦτον
2878 2084 3150 2150 διερευνᾷς
3180 2098 3267 2131 σου
3301 2079 3360 2130 τὸ
3391 2079 3642 2138 συνειδός.
3660 2078 3928 2143 Ἐπίγνωθι

2421 2173 2628 2235 σαυτὸν,
2649 2172 3102 2240 ὲπαισΘανόμενον
3123 2172 3227 2222 τῶν
3258 2172 3312 2221 ὲν
3343 2171 3518 2238 κρυφῇ
3543 2168 3648 2218 τῶν
3673 2169 3927 2234 λογισμῶν

2417 2259 2753 2328 διαρπαγῶν,
2797 2260 2990 2327 μήπως
3016 2257 3349 2326 ἀναισθήτως
3383 2257 3664 2324 φερόμενοι
3697 2254 3816 2321 περὶ
3843 2255 3926 2312 τάς

2417 2347 2659 2415 κρυπτὰς
2712 2349 2886 2398 αὐτῶν
2942 2347 3192 2414 λῃστείας
3256 2329 3630 2410 σκιασοῶμεν,
3689 2342 3818 2411 μόνῃ
3869 2344 3924 2408 τῇ

2418 2436 2745 2504 σκληρουχίᾳ
2787 2438 2989 2504 τρυγᾷν
3050 2437 3147 2496 τὰς
3197 2435 3412 2501 ἀρετάς.
3453 2433 3606 2484 Ούτω
3650 2433 3754 2497 γάρ
3800 2447 3924 2489 τινες

2418 2523 2838 2591 φαντασθέντες,
2904 2522 3010 2573 τῶν
3074 2521 3279 2590 φρενῶν
3346 2516 3752 2585 ὲξετινάχϐησαν
3810 2515 3925 2565 ὡσεὶ

2415 2608 2648 2679 ἀκρίδες,
2683 2609 2786 2660 τῶν
2809 2609 3072 2676 δαιμόνων
3103 2605 3689 2674 φαντασιοκοπούντων,
3718 2604 3809 2653 καὶ
3839 2604 3925 2662 τάς

2414 2700 2627 2766 δράσεις
2673 2697 3109 2764 παραφερόντων,
3149 2695 3256 2745 ἐσθ’
3289 2695 3373 2744 ὅτε
3397 2693 3471 2753 δὲ,
3516 2696 3606 2742 καὶ
3642 2690 3807 2757 δειλίᾳ
3840 2689 3925 2754 τὴν

2414 2786 2586 2855 ψυχὴν
2615 2783 3032 2853 διαρπαζόντων.
3063 2785 3175 2834 Τινὶ
3210 2783 3315 2833 τῶν
3346 2781 3582 2846 ἀδελφῶν
3626 2777 3924 2847 ἐγρηγορότι

2415 2875 2624 2942 νύκτωρ
2669 2873 2901 2942 φοϐερὰς
2930 2871 3224 2938 φαντασίας
3269 2869 3557 2931 ὲξετύπουν
3592 2868 3641 2917 οἱ
3673 2867 3921 2932 δαίμονες,

2413 2967 2471 3017 ού
2515 2965 2672 3034 μόνον
2714 2963 2788 3031 τῷ
2832 2961 3028 3026 ἔξωθεν
3061 2961 3298 3029 ὄμματι,
3345 2958 3475 3011 ἀλλά
3521 2958 3615 3009 καὶ
3645 2956 3719 3024 τῷ
3747 2953 3923 3008 ἔσωθεν

795 3055 1010 3106 tetricas
1038 3054 1419 3119 impresscrunt
1449 3052 1742 3118 datmones,
1772 3063 1825 3109 et
1853 3069 1955 3108 non
1985 3054 2157 3108 solum
2198 3055 2313 3122 ejus

2340 3037 2381 3093 ο
2417 3055 2721 3125 βλέμματι,
2752 3052 2888 3106 ὥστε
2934 3052 3166 3120 μερίμνῃ
3207 3049 3303 3118 τῆς
3331 3048 3590 3114 ἐπιούσης
3628 3045 3811 3106 νυκτὸς
3837 3041 3922 3096 ¹τὸν

793 3143 1038 3196 exteriori
1074 3142 1341 3208 aspectui,
1385 3156 1565 3196 verum
1606 3139 1657 3196 εἰ
1689 3143 2194 3208 interiori-obtutui,
2246 3146 2313 3198 ita

795 3239 850 3280 ut
905 3244 1029 3281 cura
1087 3228 1456 3296 subsequentis
1512 3229 1863 3297 instantisque
1918 3229 2090 3282 noctis
2135 3244 2314 3291 mens,

797 3319 987 3369 timore
1049 3327 1253 3378 vexato.
1319 3318 1703 3384 periclitaretur
1760 3318 2054 3370 intellectus
2102 3310 2350 3385 rapina,‘

793 3415 846 3456 et
887 3405 1136 3472 plurimas
1187 3421 1276 3472 per
1324 3415 1504 3459 noctes
1557 3406 1751 3459 bellum
1805 3407 1995 3459 anima:
2032 3409 2184 3475 quasi
2225 3422 2317 3459 vo-

793 3494 949 3546 lando
993 3493 1358 3544 inferebatur:
1402 3493 1489 3545 ille
1527 3502 1724 3555 autem,
1770 3495 1858 3560 qui
1901 3495 2311 3563 periclitabatur,

791 3583 982 3636 mentis
1022 3582 1209 3635 ducem
1263 3583 1404 3635 inttts
1455 3581 1681 3635 retinere
1737 3581 2018 3645 nitebatur,
2081 3583 2314 3649 largitori

792 3672 1047 3724 orationis
1075 3672 1306 3725 animam
1342 3672 1668 3741 appendens,
1700 3673 2119 3742 delictortunque
2148 3673 2313 3725 actio-

792 3777 885 3813 nes
904 3759 1157 3814 adversus
1178 3761 1410 3828 seipsum
1439 3763 1728 3827 proferens,
1757 3778 1874 3816 sese
1898 3763 2157 3831 inspicere
2185 3778 2312 3816 con~

793 3851 1061 3914 tendebat;
1097 3850 1428 3916 postmodum
1461 3849 1756 3904 distraliens
1794 3850 2020 3904 animam
2073 3867 2197 3921 rogo
2223 3854 2312 3920 ju-

790 3939 910 3988 dicii
952 3937 1398 4001 exterrefaciebat,
1453 3946 1528 4000 ut,
1588 3948 1726 3991 metu
1777 3949 1971 3993 metum
2016 3941 2307 4002 collidens,

791 4025 1121 4077 timiditatem
1169 4027 1478 4091 repelleret,
1526 4027 1664 4076 sicut
1713 4028 1954 4093 equidem
2012 4039 2063 4078 rt
2117 4028 2309 4078 fartum

788 4116 907 4169 l'oit,
943 4113 1013 4163 uti
1056 4111 1252 4176 retulit,
1282 4113 1371 4179 qui
1404 4112 1595 4164 bellum
1628 4124 1705 4164 est
1737 4128 1951 4180 passus;
1984 4115 2310 4167 datnonibus

786 4203 924 4253 enim
958 4202 1268 4255 multimode
1294 4202 1525 4255 animam
1735 4203 2305 4270 perterrefacieutibus,

785 4291 872 4355 qui
898 4291 1208 4356 gravabatur
1241 4289 1401 4342 Deum
1433 4293 1671 4343 oratione
1700 4291 1997 4358 inquirebat
2022 4309 2034 4343 :
2061 4293 2162 4345 illis
2185 4308 2308 4344 vero

786 4392 876 4442 per
904 4378 1324 4443 imaginationes,
1356 4378 1458 4430 but:
1506 4388 1556 4430 et
1598 4379 1718 4432 illuc
1753 4379 1981 4432 animant
2013 4379 2311 4432 distrahen-

787 4467 963 4519 tibus:
999 4467 1093 4516 iste
1121 4475 1441 4520 transactum
1474 4467 1785 4520 delictorum
1839 4483 2085 4520 acervum
2130 4469 2306 4520 animo

783 4570 1020 4615 versans,
1054 4570 1114 4607 ac
1151 4557 1516 4619 reminiscens,
1552 4558 1787 4611 omnium
1819 4574 1992 4610 rerum
2020 4558 2306 4626 inspertori

785 4645 886 4697 Deo
920 4641 1261 4705 ostendebat;
1300 4644 1362 4693 iis
1386 4654 1558 4696 autem
1585 4647 1755 4699 denuo
1787 4649 2028 4700 obtutum
2051 4650 2308 4702 orationis

781 4731 1197 4793 detraltentibus,
1234 4731 1320 4781 ille
1349 4730 1532 4796 judicii
1563 4742 1756 4783 metum
1794 4749 1858 4784 ex
1890 4737 2110 4787 adverso
2142 4752 2306 4803 oppo-

782 4836 934 4874 uens.
972 4821 1165 4873 delevit
1205 4819 1493 4887 imaginum
1549 4819 1973 4883 obversantium,
2021 4815 2307 4890 oculosque

779 4909 1138 4960 deludentium
1176 4909 1549 4972 timiditatem;
1584 4908 1745 4962 altera
1779 4909 1971 4978 quippe
2004 4924 2148 4977 pars.
2183 4925 2301 4963 cum

779 4997 1054 5062 plusquam
1085 4995 1186 5048 alia
1219 4997 1586 5061 redundasset,
1610 4995 1992 5064 deceptiouem,
2025 4997 2129 5049 Deo
2151 4999 2302 5061 duce,

780 5083 1084 5150 superavit;
1119 5093 1451 5142 peccatorum
1482 5089 1676 5138 etenim
1707 5087 2092 5140 reminiscentia
2128 5088 2300 5140 anima

781 5174 1091 5236 lmmiliata,
1144 5172 1437 5238 timoreque
1482 5175 1687 5242 judieii,
1725 5178 1862 5230 velut
1971 5193 2159 5230 Somno
2208 5194 2300 5230 ett-

779 5261 1048 5321 suscitata,
1086 5261 1512 5314 terriculamenta
1551 5267 1847 5318 thirtnonum
1881 5285 1940 5319 cx
1977 5271 2086 5321 suis
2118 5269 2300 5320 exsuf-

779 5347 921 5400 ﬂavit
962 5348 1302 5401 interioribus
1336 5366 1347 5400 :
1386 5357 1552 5401 totutn
1601 5354 1695 5406 hoc
1738 5370 1860 5407 vero
1901 5373 2158 5423 supr-eunt,-
2204 5357 2296 5411 fuit

2414 3143 2534 3198 νοῦν
2581 3143 2891 3209 ἀγωνιῶντα
2937 3141 3258 3193 κινδυνεύειν
3291 3140 3385 3208 τὴν
3412 3139 3518 3191 τῶν
3563 3136 3769 3206 φρενῶν
3791 3135 3921 3203 διαρ-

2413 3235 2609 3302 παγὴν,
2655 3233 2746 3284 καὶ
2775 3232 2864 3283 ἐπὶ
2910 3230 3121 3290 πλείους
3147 3229 3346 3294 νύκτας
3371 3230 3398 3278 ό
3425 3229 3654 3295 πόλεμος
3691 3229 3752 3296 τῇ
3793 3227 3920 3292 ψυχῇ

2412 3321 2700 3388 ἀφίπτατο,
2744 3320 2771 3371 ό
2800 3317 2855 3368 δὲ
2891 3317 3207 3368 κινδυνεύων
3240 3317 3383 3367 ἔνδον
3425 3318 3667 3382 κατέχειν
3697 3315 3783 3366 τὸν
3811 3315 3921 3379 ἠγε-

2413 3413 2548 3479 μόνα
2571 3410 2674 3462 τῶν
2702 3407 2909 3478 φρενῶν
2935 3406 3198 3468 ἐϐιάζετο,
3222 3405 3296 3474 τῷ
3325 3405 3424 3472 τῆς
3453 3404 3614 3472 εὐχῆς
3642 3403 3816 3472 δοτῆρι
3835 3404 3917 3468 τὴν

2410 3501 2580 3571 ψυχὴν
2612 3496 2993 3567 ἀποκρεμνῶν,
3025 3497 3116 3548 καὶ
3147 3495 3242 3557 τὰς
3285 3494 3504 3562 πράξεις
3530 3492 3637 3545 τῶν
3667 3495 3914 3559 πταισμά·

2410 3608 2514 3642 των
2557 3589 2677 3640 καθ’
2719 3585 2909 3637 ἑαυτοῦ
2952 3585 3236 3654 προφέρων
3276 3583 3487 3636 εἰσιδεῖν
3519 3583 3705 3644 ἑαυτὸς
3741 3583 3916 3651 ἡγωνὶο

2413 3679 2563 3743 ζετο·
2591 3676 2775 3727 ἔπειτα
2811 3673 2900 3725 καὶ
2941 3676 3008 3741 τῇ
3056 3675 3199 3740 πυρᾷ
3243 3673 3342 3739 τῆς
3376 3673 3602 3741 κί”σεωῖ
3644 3673 3737 3740 τὴν
3763 3673 3917 3738 ψυχὴν

2412 3766 2693 3838 περισπῶν
2717 3753 2978 3831 ἐξεφόϐει,
3001 3763 3085 3812 ἵνα
3115 3761 3258 3828 φόϐῳ
3289 3761 3446 3828 φόϐον
3480 3763 3806 3827 συγκρούσας
3834 3763 3914 3825 τὴν

2407 3860 2607 3913 δειλίαν
2659 3853 3093 3922 άποκρούσηται,
3127 3851 3310 3918 ῶσπερ
3339 3846 3430 3900 οὖν
3469 3851 3558 3900 καὶ
3594 3850 3821 3914 γέγονεν,
3853 3848 3913 3907 ὡς

2409 3949 2605 4015 ἔφησεν
2631 3947 2658 3995 ὁ
2686 3941 2965 4002 πεπονθὼς
2993 3941 3082 3991 τὸν
3113 3939 3362 4007 πόλεμον.
3394 3938 3511 3988 Τῶν
3531 3938 3637 4005 γάρ
3669 3937 3912 4003 δαιμόνων

2409 4033 2755 4100 πολυτρόπως
2795 4030 2889 4095 τὴν
2920 4029 3092 4095 ψυχὴν
3127 4028 3513 4092 ἐκφοϐούντων,
3560 4028 3587 4076 ὁ
3619 4026 3825 4094 κάμνων
3857 4026 3911 4090 τῇ

2409 4125 2537 4191 εύχῇ
2570 4121 2658 4172 τὸν
2691 4118 2818 4169 Θεὸν
2853 4114 3122 4182 ἐπεζήτει,
3155 4117 3371 4166 ἐκείνων
3400 4115 3456 4164 δὲ
3482 4117 3597 4176 ταῖς
3624 4114 3910 4180 φαντασίαι;

2409 4213 2504 4282 τὴν
2531 4210 2704 4280 ψυχὴν
2727 4205 3129 4276 περισπώντων,
3159 4198 3310 4266 οὗτος
3339 4205 3444 4254 τῶν
3472 4206 3812 4272 πταισμάτων
3838 4204 3912 4251 τὶν

2340 4331 2382 4386 ι)
2409 4305 2565 4371 ὄγκον
2595 4299 2866 4364 ἁναλέγων
2889 4335 2900 4357 ,
2932 4293 3008 4362 τῷ
3053 4293 3398 4361 παντεπόπτῃ
3434 4291 3550 4360 Θεῴ
3595 4293 3908 4386 ὲπεδείκννεο

2401 4395 2506 4447 τῶν
2547 4391 2599 4441 δὲ
2645 4387 2799 4439 πάλιν
2848 4386 2942 4450 τῆς
2997 4382 3159 4450 εὐχῆς
3207 4381 3265 4430 τὸ
3322 4381 3472 4448 ὄμμα
3520 4376 3908 4431 κατασπιῦντων,

2407 4484 2607 4538 ἐκεῖνος
2640 4477 2726 4528 τὸν
2754 4473 2913 4540 φόϐον
2941 4474 3038 4538 τῆς
3066 4470 3293 4539 κρίσεως
3327 4465 3658 4535 ἀνταμείψας
3679 4504 3693 4527 ,
3721 4465 3804 4514 τὸν
3830 4464 3910 4528 φό-

2409 4571 2500 4621 ϐον
2527 4567 2626 4619 τῶν
2655 4560 3046 4629 φαντασμάτων
3076 4559 3360 4623 ὲξηφάνισε
3383 4571 3395 4584 ·
3426 4555 3485 4605 τὸ
3509 4553 3616 4618 γὰρ
3640 4553 3719 4602 ’ἐτε
3729 4568 3812 4619 ρον
3833 4549 3909 4615 μὲ-

2414 4673 2498 4724 ρος
2527 4653 2619 4704 τοῦ
2650 4649 2810 4718 φόϐου
2839 4645 3132 4696 πλεονάσαν
3160 4643 3250 4693 τοῦ
3283 4641 3460 4700 ἄλλου,
3489 4641 3585 4707 τῆς
3611 4640 3805 4706 πλάνης
3832 4640 3908 4687 σὺν

2408 4748 2524 4816 Θεῷ
2561 4741 2899 4811 περιεγένετο
2928 4751 2940 4765 ·
2964 4739 3028 4805 τῇ
3057 4735 3161 4802 γὰρ
3189 4735 3373 4802 μνήμῃ
3400 4731 3504 4782 τῶν
3528 4731 3907 4801 ,ἁμαρτημάτων

2408 4839 2438 4905 ἡ
2463 4831 2604 4905 ψυχὴ
2639 4827 3027 4884 ταπεινωθεῖσα
3050 4826 3141 4876 καὶ
3168 4822 3243 4891 τῷ
3275 4820 3421 4889 φόϐῳ
3447 4821 3542 4888 τῆς
3590 4821 3808 4890 κρίσεως
3844 4817 3905 4868 ﬁt;

2406 4923 2739 4981 υπνισῦεἷσα,
2774 4918 2841 4969 τά
2869 4907 3108 4980 φόϐητρα
3139 4910 3244 4961 τῶν
3270 4910 3531 4976 δαιμόνων
3563 4911 3625 4961 ἐκ
3657 4908 3756 4960 τῶν
3781 4906 3905 4962 ὲντίς

2402 4985 2751 5080 ἀπεφίύσησεο
2786 5005 2845 5056 τὺ
2870 5004 2922 5053 δὲ
2957 5004 3061 5052 πᾶν
3095 5001 3189 5068 τῆς
3229 4999 3429 5052 ἄνωθεν
3471 5002 3685 5066 χάριτος
3720 4996 3900 5063 γέγονε.

2399 5103 2504 5154 τῶν
2554 5102 2648 5169 μὲν
2695 5095 2960 5162 δαιμόνων
3001 5091 3263 5144 ἀπελάσαι
3309 5091 3377 5142 τὰ
3419 5088 3700 5157 φόϐητρα,
3745 5085 3832 5149 τὴν
3857 5081 3900 5130 δὲ

2403 5191 2575 5260 ψυχὴν
2605 5187 3041 5242 καταπίπτουσαν
3089 5182 3457 5250 ὑποστηρίξαι.
3495 5199 3508 5227 ι
3556 5172 3899 5242 Ὑποστηρίζει

2405 5279 2509 5348 γὰρ
2548 5277 2745 5344 Κύριος
2785 5272 2984 5332 πάντας
3011 5271 3135 5331 τοὺς
3170 5269 3622 5328 καταπίπτοντας,
3654 5265 3739 5315 καὶ
3763 5263 3898 5324 ἀνορ-

2405 5365 2483 5416 Boi
2510 5368 2708 5425 πάντας
2743 5360 2864 5420 τοὺς
2891 5353 3395 5427 κατερραγμένουςῖ
3426 5373 3442 5402 ι

780 5439 959 5504 gratim
985 5438 1169 5498 νίιιιις,
1199 5441 1470 5503 nimirum,
1496 5441 1789 5496 dauuonum
1852 5449 2063 5514 quidem
2127 5451 2367 5518 abegisse
2406 5464 2679 5518 terrores,
2746 5454 2975 5506 animum
3037 5464 3161 5500 vero
3230 5445 3525 5500 suifulsissc
3593 5444 3894 5510 lapsam-su:

786 5547 800 5575 ι
845 5527 1085 5579 Suii'ulcit
1123 5527 1317 5592 quippe
1354 5527 1605 5582 Domitius
1638 5545 1841 5593 omnes,
1881 5536 1968 5600 qui
2002 5550 2294 5602 corruunt,
2332 5553 2380 5592 et
2414 5543 2569 5609 erigit
2600 5555 2779 5593 (mines
2809 5536 3049 5591 elisos“.
3093 5553 3110 5582 ι

846 5655 887 5685 ⁸³
931 5651 1064 5704 Psal.
1099 5667 1246 5705 t‘.\t.v.
1273 5656 1322 5704 8.
