4058 6350
97 254 201 315 i137
803 265 809 271 '
1021 229 1025 232 ’
1119 231 1543 297 TRACTATUS
1581 231 1677 290 AD
1714 225 2126 300 EULOGIUM.
3038 204 3168 268 1138

93 365 358 426 ἑνήστευτε,
427 354 520 405 καὶ
579 354 758 421 ἡμεῖς·
791 349 876 403 διὰ
939 345 1187 414 νηστείας
1237 343 1333 411 τὴν
1391 335 1627 411 ψυχὴνᾼ

1663 345 1712 388 ct
1731 335 2088 396 admiscentur
2113 328 2294 400 gloria:
2325 326 2530 378 labores
2559 333 2753 374 vesana
2781 315 3008 384 quadau
3045 314 3165 366 elati

1668 424 1675 426 -
1781 424 1790 426 ς
1897 421 1909 426 -
1996 422 2027 426 -
2313 416 2323 426 .
2472 415 2484 426 .
2577 411 2590 424 .
2860 403 3018 426 “mu

1665 421 1964 476 insolentia.
1996 422 2215 487 Propter
2241 416 2429 470 anima:
2456 411 2823 466 demissionem
2860 403 3020 457 David
3049 418 3168 456 cum

1666 511 1806 562 luctu
1831 509 2138 576 jejunabat;
2172 520 2270 559 nos
2299 515 2506 572 quoque
2533 515 2624 569 per
2648 494 2903 566 jejunium
2941 489 3173 546 animam

1665 595 2024 650 biliniliemus.
2324 587 2335 595 ’

91 443 494 518 turrem-humer:

619 715 858 768 ΚΕΦΑΛ.
901 713 1014 766 ΛΡ.

154 806 213 860 '0
231 808 335 866 τοῖς
372 805 709 872 σωματικοῖς.
740 802 916 862 πόνοις
942 797 1282 870 τραχυτὲρως
1307 795 1570 864 ἀσκούμε-

89 913 188 958 νος,
222 893 340 961 μηδὲ
365 891 567 960 ἐπαίνῳ
597 889 922 958 ιργαζέσθω,
943 889 1072 957 μήτε
1095 886 1217 957 δόξῃ
1246 885 1566 954 ὲπαιρέσθω·

88 984 126 1032 tl
145 980 238 1047 γὰρ
259 981 318 1029 ὲν
333 977 542 1038 τούτοις
570 979 617 1029 οι
645 977 890 1044 δαίμονες
910 973 1243 1041 ὀφρυὼσουσι
1260 972 1359 1041 τὴν
1377 971 1567 1040 ψυχὴνο

88 1067 165 1120 καὶ
201 1069 290 1135 τὴν
315 1065 626 1134 τραχύτητα
650 1101 664 1123 ,
695 1065 786 1115 καὶ
813 1063 911 1129 τὴν
940 1062 1165 1126 ἄσκησιν
1192 1057 1285 1111 τοῦ
1325 1058 1571 1125 σώματος

86 1154 387 1220 ἑνισχύσουσι
415 1150 670 1219 τῇιδόξῃ,
695 1149 800 1199 ,καὶ
827 1147 1080 1215 μειζόνων
1107 1140 1436 1212 ἐφάπτεσθαι
1473 1143 1572 1194 πό-

76 1259 176 1294 νων
205 1239 596 1308 ἑφελκύσουσιν,
624 1236 696 1297 ὡς
724 1236 810 1287 ἵνα
843 1235 935 1286 καὶ
978 1232 1234 1301 μειζόνως
1263 1231 1568 1298 ἐπαίρηται·

2177 695 2396 751 CAPUT
2435 691 2665 747 XXXIII.
3101 748 3107 753 ,

1733 791 1833 857 Qui
1877 786 2238 857 corporalibus
2291 783 2564 838 laboribus
2604 777 2844 848 asperius
2881 781 3176 832 exercetur,

1668 896 1764 935 nec
1796 887 2005 948 propter
2033 876 2237 930 laudem
2271 877 2536 940 cperetur,
2574 885 2671 924 nec
2709 868 2778 920 ob
2809 866 3027 935 gloriam
3057 860 3181 916 οσο-

1645 976 1832 1021 ‘ratur.
1857 965 2079 1022 Sienim
2107 965 2162 1016 in
2189 961 2272 1015 his
2308 961 2574 1013 daemones
2609 956 2838 1009 animam
2880 950 3062 1019 grandi
3105 956 3184 1001 tu-

1671 1068 1812 1109 mere
1865 1051 2060 1108 faciant
2105 1048 2414 1118 supercilio,
2474 1053 2584 1098 tum
2644 1041 3018 1120 asperitatem,
3070 1047 3180 1090 tum

1671 1143 1908 1212 corporis
1933 1139 2357 1195 exercitationem
2381 1134 2546 1206 gloria
2574 1128 2986 1187 eorroborabuut
3011 1143 3028 1193 ;
3076 1127 3184 1178 imo

1669 1232 1733 1286 ad
1763 1232 1988 1300 majores
2018 1226 2376 1296 suscipiendos
2413 1223 2675 1277 attralrent
2706 1220 2943 1279 labores,
2976 1224 3034 1270 ut
3072 1231 3182 1268 mav

89 1307 368 1392 συλλαλοῦσι
387 1321 494 1390 γὰρ
518 1321 716 1380 ἔσωθεν
739 1320 824 1372 διὰ
851 1319 957 1369 τῶν
983 1317 1250 1385 λογισμῶν
1273 1317 1570 1368 είσὸἀλλονο

1665 1321 1834 1389 jorem
1893 1319 2050 1374 etiam
2095 1318 2150 1370 in
2205 1315 2416 1369 modum
2463 1311 2761 1380 superbiat;
2815 1307 3184 1373 colloquuntur

87 1425 163 1469 τες
181 1407 359 1472 ταῦτα,
392 1408 472 1459 ὅτι
501 1405 693 1468 Καθὼς
721 1407 748 1457 ό
775 1405 917 1457 δεῖνα
945 1403 1293 1471 ἀποσκλήρως
1309 1404 1570 1472 ἀσκήσας,

89 1497 169 1547 καὶ
187 1497 213 1547 ό
235 1495 372 1546 δεῖνα
401 1493 642 1563 μεγάλως
669 1493 953 1561 ὠνομάσθη
976 1532 994 1556 ,
1023 1495 1116 1545 καὶ
1157 1491 1327 1544 θανὼν
1363 1493 1442 1544 ἔτι
1482 1492 1574 1544 λα-

87 1569 263 1643 λεῖται,
297 1582 434 1635 οὕτω
483 1582 573 1634 καὶ
613 1582 768 1643 αὐτὸς
811 1582 888 1643 εἰς
919 1581 1206 1649 ἀκρότατον
1231 1583 1574 1649 ὲπασκήσεως

1671 1423 1896 1476 namque
1921 1407 2140 1461 interius
2168 1419 2256 1472 per
2285 1402 2626 1471 cogitationes
2664 1399 2787 1451 talia
2813 1396 3180 1455 immittentes;

1671 1499 1810 1566 quod
1839 1497 2111 1573 nimirum,
2158 1495 2294 1548 sicut
2331 1492 2450 1546 talis
2480 1504 2542 1544 ac
2567 1488 2705 1552 talis,
2732 1487 2819 1555 qui
2847 1485 3046 1538 duriter
3069 1497 3185 1538 sese

1672 1587 1931 1649 exercuit,
1980 1583 2255 1650 inagniﬁee
2311 1583 2622 1634 decantatus
2676 1582 2808 1639 est,
2842 1581 2894 1628 et
2944 1582 3186 1627 mortuus

87 1669 288 1737 ἀνάϐηθι
331 1658 494 1737 ὕψος,
549 1668 633 1719 ἶνα
669 1667 820 1730 δόξαν
865 1668 1038 1737 σαυτῷ
1080 1671 1434 1739 περιποιήσῃ,
1487 1668 1577 1721 καὶ
1608 1658 1627 1682 ¹

1673 1678 1830 1730 etiam
1861 1675 2176 1736 celebratur,
2206 1673 2281 1725 sic
2303 1678 2354 1723 et
2378 1677 2430 1722 tu
2457 1668 2568 1734 ipse
2594 1664 2657 1718 ad
2691 1676 2950 1717 summam
2982 1662 3187 1738 exerci-

91 1757 216 1823 μέγσ,
243 1772 328 1808 σου
354 1756 414 1806 es
434 1755 600 1822 ὄνομα
621 1755 833 1824 ἐξέλθῃ,
852 1744 1047 1824 ὲπῖτῷ
1073 1756 1162 1808 καὶ
1195 1757 1328 1825 μετὰ
1355 1758 1579 1810 θάνατον
1623 1782 1627 1786 ·

91 1843 498 1912 ὑπερϐαλλόντως
528 1843 818 1896 λαλεῖσθαι.
852 1843 946 1894 Διά
967 1844 1028 1910 δὴ
1050 1845 1156 1896 τῶν
1181 1845 1350 1907 οὕτως
1373 1847 1578 1915 ἀπατη-

91 1934 261 2025 θέντων
281 1969 296 1993 ,
337 1933 398 1985 οὐ
433 1933 586 2001 μόνον
619 1935 728 1994 τοῖς
778 1935 1103 2000 σωματικοῖς
1155 1951 1246 1985 σου
1291 1933 1579 2004 πολεμοῦσι

91 2015 277 2093 ﬁeret",
305 2020 442 2073 ἀλλά
477 2021 567 2073 καὶ
615 2021 810 2088 μᾶλλον
847 2024 925 2083 είς
957 2023 1270 2090 συμμαχίαν
1309 2022 1576 2088 καλοῦσιν,

92 2105 158 2154 ὃτι
183 2105 242 2163 δι’
270 2106 444 2160 αὐτῶν
470 2108 526 2159 ὲν
552 2111 661 2169 τοῖς
692 2109 1083 2178 χαλεπωτέροις
1113 2109 1340 2176 ψαύουσι
1361 2110 1454 2181 τὴν
1474 2111 1579 2179 ,ψυ-

93 2193 199 2258 χὴν,
228 2195 314 2246 καὶ
343 2187 457 2263 γάρ
473 2195 859 2264 ἑνθρονίςουσιν
884 2197 1062 2258 αὐτὸν,
1093 2197 1184 2251 καὶ
1210 2200 1288 2261 εἰς
1321 2197 1409 2250 τδν
1437 2198 1579 2253 διδα-

81 2279 321 2343 σκαλικὸν
363 2280 622 2350 ,ἐξυψοῢσι
646 2283 834 2351 λόγον,
897 2284 981 2337 ῖνα
1035 2285 1110 2348 ὡς
1164 2286 1228 2338 ικ
1274 2284 1460 2359 τούτου
1514 2285 1583 2339 τὰ

92 2370 272 2440 sipara.
293 2370 400 2422 τῶν
429 2373 802 2439 μεγαλοπόνων
838 2390 896 2425 τε
951 2375 1044 2426 καὶ
1081 2374 1392 2440 γνωπικῶν
1435 2375 1583 2444 ιχειν

92 2455 392 2524 εὐφημισθῇ.
427 2456 628 2527 Ζηλοῦν
651 2458 706 2509 δὲ
735 2461 828 2510 καὶ
857 2460 1073 2526 φθονεῖν
1103 2461 1438 2528 εἰσϐάλλουσι
1473 2467 1584 2525 τοῖς

91 2539 169 2592 ἐπὶ
198 2537 601 2612 κατορθώμασιν
623 2546 1066 2615 εὐφημουμένοις,
1090 2549 1184 2600 καὶ
1209 2540 1281 2601 ὧν
1302 2547 1580 2619 θαυμαστὴ

94 2629 269 2696 μᾶλλον
295 2632 326 2700 ἡ
355 2633 548 2702 πρᾷξις
571 2673 584 2696 ,
622 2632 712 2684 καὶ
742 2633 936 2699 γνῶσις
976 2635 1196 2704 γειτνιᾷ.
1228 2635 1379 2702 Ἔσθ’
1408 2634 1494 2688 ὅτε
1529 2635 1606 2701 δὲ,

91 2717 170 2767 καὶ
210 2719 301 2784 τῆς
340 2720 533 2787 σαρκὸς
579 2721 740 2772 αὑτοῦ
775 2721 874 2790 τὴν
914 2721 1152 2792 πύρωσιν
1182 2723 1584 2793 ἀποκοιμίζουσι

90 2804 295 2874 δολερῶς
338 2808 464 2868 τοὺς
494 2808 826 2876 ἀκαθάρτους
867 2811 1154 2879 λογισμοὺς
1184 2813 1250 2874 ὲκ
1286 2810 1394 2865 τῶν
1438 2813 1585 2874 ἐντὸς

1676 1765 1920 1818 tationem
1962 1762 2186 1815 ascende
2213 1799 2227 1822 ,
2292 1765 2349 1810 ut
2394 1757 2597 1810 tibimet
2638 1753 2856 1820 gloriam
2903 1749 3188 1818 acquiras,

1675 1866 2030 1917 magnumque
2058 1850 2121 1902 de
2151 1858 2202 1901 te
2249 1861 2439 1899 nomen
2490 1843 2804 1909 divulgetur,
2861 1840 2985 1893 dum
3031 1838 3190 1892 etiam

1678 1950 1796 2009 post
1837 1948 2058 1992 mortem
2101 1939 2260 2003 supra
2290 1935 2504 1986 modum
2543 1929 2911 1984 celebraberis.
2961 1928 3060 1981 Per
3094 1926 3191 1978 bas

1675 2029 1916 2098 equidem
1969 2027 2212 2092 deceptas
2261 2021 2640 2090 cogitationes,
2698 2031 2800 2069 non
2853 2015 3024 2069 solum
3073 2023 3192 2066 tuos

1675 2123 1980 2185 oppugnant
2006 2113 2229 2178 labores,
2253 2124 2437 2162 verum
2469 2108 2626 2161 etiam
2657 2106 2711 2157 in
2743 2103 3064 2172 adjutorium
3098 2102 3190 2153 ad-

1677 2213 1885 2266 vocant,
1918 2203 2036 2270 quia
2091 2217 2184 2271 per
2231 2201 2374 2269 ipsos
2423 2199 2476 2251 in
2530 2195 2922 2250 molestior-ibus
2963 2194 3190 2247 animam

1679 2301 1899 2362 tangunt
1929 2311 1942 2347 :
1972 2293 2142 2361 ipsum
2181 2289 2320 2343 enim
2367 2290 2420 2342 in
2465 2289 2655 2340 tbrono
2701 2284 2982 2342 collocant.
3025 2280 3196 2348 adque

1681 2385 2034 2454 magistralem
2083 2382 2341 2436 extollunt
2382 2392 2700 2434 sermonem.
2731 2383 2789 2429 ut
2832 2375 2962 2427 bene
2988 2373 3194 2426 omine-

1683 2483 1788 2533 tur,
1817 2473 1954 2523 velut
2002 2471 2104 2534 ille,
2158 2468 2248 2534 qui
2297 2468 2365 2518 ob
2393 2467 2489 2518 hoc
2537 2464 2732 2530 primas
2755 2459 2972 2534 .oblinet
3019 2468 3193 2528 partes

1678 2573 1882 2621 eorum,
1915 2556 2005 2623 qui
2039 2568 2375 2622 summopere
2418 2550 2693 2613 laboriosi,
2741 2549 3196 2618 cognoscendique

1679 2653 1802 2700 sunt
1833 2643 2034 2711 praediti
2065 2641 2325 2696 facultate.
2344 2639 2481 2706 Quin
2511 2637 2681 2694 eidem
2709 2637 3000 2702 immittunt
3029 2652 3194 2691 temu-

1680 2733 1799 2799 lari,
1825 2731 1985 2804 M9
2023 2731 2322 2795 suadentes,
2370 2744 2433 2783 ac
2471 2728 2712 2784 invidere
2755 2727 2823 2783 iis
2849 2727 2939 2796 qui
2987 2737 3195 2796 propter

1683 2816 1916 2880 facinora
1943 2832 2083 2878 recte
2115 2832 2320 2892 patrata
2363 2820 2548 2875 faustis
2571 2819 2706 2873 votis
2729 2829 2780 2872 et
2802 2816 3198 2888 acclamationi-

89 2893 460 2959 ἐκτοπίζοντες,
490 2895 563 2956 ὡς
596 2897 680 2948 ἵνα
716 2898 939 2966 νομισθῇ
972 2889 1288 2968 τδπνεῢμα
1321 2903 1418 2968 τῆς
1454 2907 1627 2971 πορ-(

1681 2914 1782 2968 bus
1833 2913 2186 2980 excipiuntur,
2234 2911 2404 2977 iisque
2442 2923 2666 2976 quorum
2721 2907 2860 2959 actio
2909 2903 3198 2958 mirabilior

89 2980 214 3038 νείας
234 2984 296 3049 τῇ
335 2983 625 3053 κληρουχίᾳ
661 2986 1019 3054 νενικηκέναι,
1047 2989 1138 3040 καὶ
1167 2989 1305 3041 κατά
1323 2990 1422 3057 τὴν
1443 2987 1581 3057 λαμ-

92 3070 444 3137 πρότητατῶν
478 3074 644 3140 ἁγίων
675 3076 777 3142 τὴν
800 3076 1021 3144 καρδίαν
1060 3077 1354 3146 ὴγνικέναι,
1384 3077 1473 3129 καὶ
1502 3079 1580 3138 είς

88 3157 168 3225 τὴν
195 3159 286 3225 τῆς
310 3160 610 3232 ἁγιωσύνης
636 3163 796 3232 ἁψῖδα
831 3164 1233 3233 ἀναϐεϐηκέναι.
1269 3166 1402 3234 Περὶ
1427 3147 1580 3216 δὲδῶν

89 3261 155 3308 τι,
180 3249 266 3299 καὶ
294 3242 366 3303 ὧν
391 3251 658 3320 ἀπέσχετο
685 3249 998 3320 βρωμάτων,
1028 3252 1120 3303 καὶ
1154 3251 1429 3303 συναπτῶν
1459 3255 1576 3305 ἀσι-

87 3335 196 3388 τιῶν
213 3340 785 3408 ἐπιψηφίζουσιναύτῷ
806 3340 928 3402 τοὺς
950 3340 1167 3407 χρόνους
1187 3342 1244 3391 ὲν
1272 3337 1351 3402 οἷς
1380 3341 1577 3408 ὀφείλει

89 3425 149 3484 ὼς
178 3427 416 3496 ἀριστεὺς
448 3428 832 3496 ὲγκαυχᾶσθαι,
882 3430 974 3481 καὶ
999 3429 1097 3498 τῆς
1127 3430 1471 3499 ἀδελφότητος
1506 3431 1578 3495 ὼς

89 3513 312 3576 εὐτελοῦς
390 3517 840 3586 κατεπαίρεσθαιο
888 3505 1046 3582 ,οὕτω
1080 3518 1167 3592 ἡδὶ
1225 3518 1578 3588 ἐκδιηγεῖσθαι

90 3599 301 3655 ποιοῦσιν
333 3604 488 3658 αὐτὸν
517 3607 637 3666 τοὺς
658 3607 870 3672 ἀγῶνας
895 3606 968 3667 ὼς
1001 3607 1063 3656 ὲκ
1095 3606 1256 3672 μόνης
1286 3608 1382 3672 τῆς
1410 3608 1577 3658 »αὐτοῦ

91 3697 244 3763 Esi-io;
303 3695 767 3762 κατορθωθέντας,
821 3693 900 3742 ὅτι
953 3691 1209 3756 Ἐποίησα
1273 3693 1428 3754 τάδε,
1487 3695 1577 3744 καὶ

88 3785 274 3851 ἤσκησαι
320 3782 550 3841 τοιῶσδε,
593 3781 682 3829 καὶ
728 3779 1113 3846 ὲκακουχήθην,
1157 3780 1578 3849 ἀποστομοῦντες

87 3871 150 3920 ἔτι
174 3871 319 3920 τοῦτο
346 3870 540 3932 λέγειν,
568 3865 808 3931 Οὐκ-ἑγὼ
830 3866 906 3929 δὲ,
924 3867 1032 3916 ἀλλ’
1059 3869 1089 3934 ἡ
1116 3870 1170 3919 ἐν
1197 3870 1318 3936 ἐμοὶ
1340 3869 1575 3940 βοήθεια,

86 3956 194 4005 θεὸν
214 3955 316 4020 γὰρ
341 3953 526 4021 βοηθὸν
553 3954 634 4018 ἐφ’
663 3949 742 4014 οἷς
776 3953 1128 4022 μεγαλαυχεῖν
1158 3957 1315 4006 αὑτὸν
1344 3958 1577 4016 ποιοῦσιν

87 4041 338 4107 ὁμολογεῖν
367 4041 463 4092 οὐκ
487 4040 663 4102 ἐῶσιν,
687 4041 770 4090 ἵνα
799 4041 870 4100 ὼς
900 4042 956 4104 ἐξ
987 4042 1187 4103 οἰκείας
1216 4044 1373 4109 δῆθεν
1401 4046 1576 4112 ἰσχύος

85 4130 132 4178 τὸ
171 4133 272 4180 πᾶν
314 4129 419 4180 τῶν
463 4127 682 4193 ἀγώνων
727 4129 964 4192 τελέσας,
1011 4132 1134 4190 τοὺς
1175 4132 1421 4194 ἐπαίνους
1473 4137 1576 4188 τῶν

1680 3011 1760 3054 est
1789 3011 1839 3053 et
1863 3000 2055 3058 vicina,
2084 3013 2146 3050 ac
2171 2997 2356 3050 similis
2386 2995 2663 3062 sapientia.
2696 2993 3017 3058 Quandoque
3039 2989 3195 3042 etiam

1682 3089 1933 3156 contingit
1959 3086 2202 3139 utearnis
2222 3084 2462 3135 ardorem
2488 3082 2846 3135 fraudulenter
2864 3079 3194 3144 consopianl,

1680 3191 1742 3228 ex
1798 3173 2138 3226 interioribus
2187 3168 2422 3237 inﬁrm-as
2467 3169 2782 3221 submovent
2817 3165 3195 3234 cogitationes,

1682 3271 1737 3312 ut
1785 3268 1930 3328 potet
1965 3257 2085 3324 quis
2119 3257 2355 3322 corporis
2407 3270 2590 3323 aspera
2641 3253 2955 3308 tractatione
2989 3267 3046 3306 se
3085 3251 3196 3319 jam

1682 3345 1921 3412 spiritum
1953 3341 2295 3396 scortationis
2313 3343 2592 3404 devicissc,
2612 3341 2866 3410 juxtaque
2893 3350 3196 3394 sanctorum

1680 3435 1935 3503 fulgorem
1991 3449 2083 3487 cor
2134 3432 2400 3500 expiatum
2445 3431 2768 3494 reddidisse,
2823 3441 2874 3484 et
2925 3444 3091 3498 usque
3132 3428 3198 3481 ad

1681 3524 1973 3578 sanctitatis
2027 3521 2289 3588 fastigium
2340 3520 2666 3574 accendisse.
2724 3519 2791 3569 De
2839 3519 2973 3571 cibis
3021 3520 3233 3569 autem'

1680 3611 1871 3676 quibus
1898 3608 2169 3666 alMiuuiI,
2208 3606 2543 3671 assiduisque
2582 3604 2802 3670 jejuniis
2854 3619 2952 3655 suo
3001 3603 3198 3660 conﬁr-

1681 3682 1825 3748 mant
1855 3709 2024 3746 annos
2058 3694 2331 3757 suffragio,
2359 3693 2420 3743 do
2447 3693 2638 3759 quibus
2663 3688 2836 3750 debet,
2873 3693 3014 3745 velut
3041 3693 3084 3746 is
3105 3693 3197 3761 qui

1680 3781 2113 3852 praestantissime
2166 3795 2280 3834 sese
2325 3781 2506 3846 gessit,
2551 3781 2786 3848 gloriari,
2837 3792 2890 3834 et
2941 3783 3199 3836 adversus

1682 3872 2060 3926 fraternitatem
2089 3871 2160 3922 uti
2196 3870 2349 3921 vilem
2377 3867 2585 3931 efferri;
2619 3869 2791 3924 taliter
2819 3879 2993 3927 autem
3019 3873 3199 3938 ipsum

1679 3976 1930 4014 enarrare
1960 3957 2159 4011 faciunt
2189 3957 2500 4019 certamina,
2532 3972 2594 4010 ac
2627 3957 2679 4011 si.
2701 3972 2762 4011 ex
2807 3959 2916 4012 sola
2957 3961 3037 4012 sui
3072 3975 3197 4027 pro-

1679 4065 1830 4116 spere
1866 4049 2095 4114 perfecta
2136 4056 2313 4100 essent
2360 4047 2600 4099 virtute:
2637 4049 2886 4100 nimirum
2933 4047 3072 4102 talia,
3100 4063 3197 4116 ego

1679 4139 1912 4205 patrari,
1964 4137 2162 4203 talique
2212 4135 2589 4187 exercitatione
2638 4151 2771 4193 sum:
2796 4151 2943 4199 usus,
3005 4151 3064 4189 ac
3106 4139 3197 4192 tali

83 4216 564 4284 ἄθλωνὸλοκλήρως
592 4217 835 4284 ἁπαιτοίη
859 4256 872 4276 ,
920 4218 1064 4279 ὅπως
1131 4221 1217 4270 καὶ
1247 4223 1323 4282 είς
1356 4221 1443 4274 τὸν
1479 4226 1574 4292 τῆς
1600 4204 1627 4269 ιι

1681 4226 1834 4278 uredo
1865 4224 2121 4290 meipsum
2156 4223 2291 4276 male
2319 4227 2578 4287 tractavi;
2621 4239 2681 4279 os
2715 4225 2874 4278 eti-tm
2916 4227 3199 4281 occluden-

83 4303 396 4373 βλασφημίας
447 4305 599 4373 βυθὸν
645 4303 971 4373 ποντωοείη,
1023 4306 1342 4376 αὐτοϐόηθον
1387 4311 1574 4367 ἑαυτὸν

81 4393 456 4462 ἁνεπαισθήτως
490 4394 895 4463 παρεμφαίνων.

1680 4330 1786 4380 les,
1823 4332 1885 4369 ne
1925 4317 2021 4368 boe
2062 4315 2220 4378 dicat,
2268 4315 2508 4369 videlicet
2559 4330 2662 4367 non
2713 4331 2810 4385 ego
2859 4318 3053 4380 solum,
3105 4317 3193 4370 sed

1676 4404 1953 4466 auxilium,
1986 4403 2126 4470 quod
2170 4401 2221 4454 in
2271 4417 2354 4455 me
2395 4411 2541 4463 erat;
2578 4418 2682 4456 non
2714 4406 2852 4457 enim
2896 4405 2942 4456 ei
2979 4402 3194 4470 permit—

81 4490 197 4545 tunt,
234 4485 282 4537 in
334 4486 414 4540 bis
449 4487 609 4538 Deum
642 4485 1006 4538 auxiliator-em
1059 4485 1228 4551 fateri,
1286 4489 1335 4541 in
1383 4481 1574 4557 quibus
1613 4496 1812 4547 faciunt
1852 4492 2021 4559 ipsum
2091 4491 2309 4561 grandia
2369 4493 2633 4560 jaetitare,
2663 4493 2877 4560 perinde
2902 4505 2963 4544 ac
3005 4489 3048 4542 si
3082 4499 3189 4544 tota

82 4578 346 4628 certantium
373 4593 436 4629 ex
485 4578 692 4645 prepria
727 4578 1040 4644 complesset
1103 4581 1314 4641 virtute,
1360 4586 1692 4649 pnctniot‘ttm
1758 4586 1940 4638 laudes
2005 4593 2141 4638 totas
2183 4563 2312 4637 inde.
2367 4592 2642 4651 reposcat,
2676 4593 2833 4648 utque
2867 4579 2930 4632 ad
2968 4577 3190 4634 fundum

84 4658 398 4739 blasphemiae
425 4668 811 4735 sulnnergatur,
841 4685 955 4721 sese
983 4670 1078 4721 sibi
1114 4685 1172 4722 ex
1214 4672 1387 4738 seipsa
1422 4675 1786 4729 auxiliator-em
1830 4675 2018 4731 stolide
2058 4684 2350 4730 ostentans.

604 4842 842 4911 xeiras.
889 4811 1017 4894 ar.

136 4963 275 5016 Οὕτω
318 4966 592 5034 τοιγαροῦν
649 4969 743 5034 τῆς
789 4971 1008 5038 καρδίας
1065 4973 1152 5026 διὰ
1193 4975 1288 5042 τῆς
1330 4974 1434 5027 τῶν
1479 4977 1568 5030 λο-

78 5053 262 5120 γισμῶν
296 5053 446 5119 δόξης
471 5055 845 5123 ἑνηχουμένης,
869 5059 962 5110 καὶ
1009 5061 1082 5130 μὴ
1109 5065 1570 5134 ἀντιταττομένης,

79 5140 157 5191 οὐκ
179 5142 324 5203 ἐκτὸς
348 5141 495 5194 ισται
521 5143 619 5210 τῆς
648 5146 702 5196 ὲν
726 5145 1017 5215 ἀποκρύφῳ
1044 5166 1147 5202 των
1170 5152 1374 5220 φρενῶν
1399 5170 1570 5219 παρα-

80 5228 299 5298 πληξίας,
332 5231 423 5285 τοῦ
470 5233 725 5301 ἡγεμόνος
751 5233 955 5302 φρενῶν
988 5236 1357 5306 ἐκτιναχθῆναι
1391 5246 1566 5297 κινδυ-

79 5317 313 5385 νεύοντος,
341 5320 374 5389 ﬂ
406 5320 472 5373 δι’
501 5321 782 5389 ὀνειράτων
827 5325 1209 5390 πιττουμένων,
1240 5327 1269 5394 ἦ
1313 5331 1368 5380 ἐν
1403 5335 1566 5401 ἀγρυ-

81 5405 231 5468 πνίαις
284 5406 828 5478 μεταμορφουμένων,
885 5407 917 5470 ἢ
967 5407 1026 5462 ἐν
1079 5421 1565 5488 μεταςχηματιςμιῖι

2170 4843 2390 4898 CAPUT
2428 4841 2657 4894 XXXIV.

1739 4979 2086 5043 Quapropter,
2121 4976 2278 5030 corde
2299 4976 2384 5028 tali
2421 4977 2576 5029 modo
2598 4992 2688 5044 per
2709 4977 2889 5046 gloria:
2908 4976 3183 5044 cogitatio-
3218 4995 3223 4999 '

1670 5084 1764 5120 nes
1795 5069 1979 5118 edocto
2007 5076 2057 5117 et
2085 5081 2190 5118 non
2223 5076 2572 5132 repugnante,
2604 5083 2707 5120 non
2733 5068 2892 5118 extra
2919 5065 3179 5119 occultam

1673 5151 1861 5206 mentis
1881 5151 1982 5202 crit
2003 5150 2289 5210 vesaniam,
2309 5152 2604 5207 intellectus
2625 5154 2755 5205 duce
2779 5151 2950 5203 excuti
2977 5153 3184 5218 pericli-

1673 5249 1832 5301 tante,
1862 5248 1948 5291 aut
1978 5254 2070 5306 per
2096 5239 2248 5293 iidem
2267 5239 2512 5295 facientia
2537 5239 2760 5302 somnia,
2787 5247 2876 5292 aut
2905 5239 2956 5293 in
2978 5241 3184 5309 vigilias

1673 5328 2080 5387 transformata,
2124 5337 2214 5382 aut
2259 5330 2311 5382 in
2357 5325 2814 5393 transliguratione
2845 5326 3002 5397 450
3049 5330 3184 5386 lucis

1671 5415 1969 5485 conspecta.
2000 5416 2115 5486 lps’c
2147 5432 2371 5484 namque
2415 5413 2640 5469 Satanas
2677 5416 2725 5468 in
2773 5418 3015 5486 angelum
3051 5420 3182 5476 lucis
