4058 6350
745 345 869 408 1163

1193 451 1349 519 [.73
1376 451 1593 505 CAPUT
1624 452 1802 505 xvni.

807 560 1059 629 Superbia
1100 564 1304 627 occulis
1335 562 1547 626 proiecit
1587 561 1983 628 archangelum,
2020 561 2264 628 fecitque,

739 663 796 703 nt
828 655 909 703 iiie
938 652 1083 719 quasi
1132 651 1305 719 l'ulgur
1348 653 1412 703 ad
1454 664 1645 703 terram
1689 652 2038 704 decideret".
2070 652 2137 703 At
2168 653 2265 703 hu-

740 738 929 787 militas
969 737 1233 788 hominem
1286 737 1487 788 extollit
1538 738 1602 788 ad
1643 737 1857 800 emittm,
1897 738 2164 805 efficitque
2210 747 2266 788 ut

743 839 859 874 rum
910 824 1109 891 angelis
1154 824 1434 890 tripudiet!
1469 825 1510 873 υ
1547 825 1732 885 homo,
1783 825 1904 890 quid
1940 826 1991 877 in
2041 827 2266 879 sublime

745 912 966 971 tolletis,
999 927 1117 963 cum
1158 923 1346 963 natura
1378 912 1449 962 sis
1479 912 1641 962 lutum
1673 910 1720 964 et
1750 914 2007 979 putredo?
2062 913 2260 981 Ecqui]

738 1008 787 1047 ct
830 1011 985 1062 supra
1036 998 1202 1048 nubes
1249 997 1534 1047 attolleris?
1564 1008 1705 1048 tuam
1753 999 1953 1065 inspice
1994 1009 2258 1061 naturam,

737 1087 873 1152 quod
918 1087 990 1137 sis
1027 1086 1217 1152 pulvis,
1257 1094 1308 1136 et
1337 1086 1488 1145 cinis,
1534 1095 1755 1153 postque
1784 1102 1967 1153 parum
2007 1089 2261 1155 temporis

738 1178 788 1226 in
832 1175 1094 1235 rulrerem
1158 1173 1453 1225 resolveris.
1502 1173 1651 1225 Modo
1703 1173 1995 1237 fastuosus,
2042 1184 2094 1226 et
2145 1186 2261 1241 post

739 1273 920 1328 parum
952 1262 1196 1327 temporis
1223 1262 1439 1323 vermis;
1469 1262 1593 1327 quid
1617 1263 1878 1315 cervicem
1895 1264 2111 1325 attollis,
2142 1279 2269 1329 quae

740 1352 896 1416 paulo
928 1360 1044 1414 pi-st
1067 1349 1418 1404 emarcescet?
1446 1350 1633 1411 Homo,
1674 1354 1762 1419 qui
1804 1368 1831 1403 a
1862 1352 1967 1405 Deo
2001 1354 2255 1405 auxilium

736 1438 1051 1503 assequitur,
1100 1448 1179 1489 est
1222 1454 1469 1504 maguum
1504 1440 1664 1505 quid;
1711 1441 1996 1493 derelictus
2025 1451 2122 1505 est,
2161 1444 2257 1493 im-

738 1525 1172 1591 hecilhtatemque
1209 1516 1420 1591 agnoi'it
1459 1537 1691 1588 natura);
1725 1528 1853 1579 nihil
1901 1529 2080 1589 habes,
2116 1532 2255 1596 quod

738 1630 764 1662 ιι
798 1613 901 1664 Deo
934 1629 1034 1663 non
1066 1614 1337 1679 accepisti,
1364 1614 1489 1679 quid
1521 1614 1679 1682 igitur
1700 1616 1750 1667 in
1787 1615 1979 1678 alieno,
2008 1626 2252 1684 tanquam

741 1703 789 1751 iu
829 1710 915 1751 tuo
947 1702 1238 1752 hebetat-is?
1274 1701 1396 1767 quid
1428 1703 1593 1767 gratia
1627 1702 1735 1765 Dei,
1764 1703 1919 1755 veluti
1952 1706 2159 1770 propria
2199 1720 2253 1756 re

738 1788 1006 1853 glorians?
1044 1788 1281 1855 Agnosce
1317 1789 1637 1855 largitorem,
1690 1805 1816 1841 neve
1860 1793 2084 1841 multum
2133 1790 2259 1843 clte-

742 1880 904 1941 iaris;
938 1886 1177 1927 creatura
1214 1892 1271 1930 es
1306 1876 1417 1939 Dei,
1468 1892 1533 1929 ne
1569 1877 1871 1929 Creatorem
1923 1881 2254 1945 asperneris;

737 1984 763 2017 ιι
798 1967 899 2017 Deo
932 1966 1213 2028 ailjuraris,
1253 1976 1317 2017 ne
1346 1980 1535 2017 renuas
1568 1965 1988 2030 bcnefactorem;
2019 1967 2081 2019 ad
2130 1969 2257 2020 sub—

738 2057 1005 2108 bmitatem
1059 2054 1282 2106 instituti
1338 2054 1641 2115 ascendisti,
1685 2055 1773 2106 sed
1814 2056 1899 2108 ille
1927 2066 1975 2107 te
2005 2056 2254 2119 deduxit;

741 2153 877 2195 recta
922 2142 1126 2194 virtutis
1174 2156 1331 2207 cpera
1376 2142 1615 2208 patrasti,
1662 2157 1844 2194 verum
1895 2142 1979 2194 ille
2011 2152 2257 2209 operatus

738 2241 847 2291 est;
885 2230 1050 2296 ipsum
1082 2229 1350 2290 confitere,
1390 2229 1479 2295 qui
1512 2236 1560 2281 te
1592 2229 1856 2293 exaltavit,
1885 2237 1941 2280 ut
1979 2230 2162 2283 ﬁrmus
2205 2230 2256 2281 in

739 2318 1008 2368 altitudine
1055 2331 1395 2383 permaneas;
1446 2330 1673 2383 agnosce
1718 2317 2090 2379 contribulem,
2133 2319 2256 2385 quia

739 2404 973 2469 ejusdem
1005 2411 1083 2456 est
1112 2412 1331 2467 naturae,
1366 2417 1430 2456 ne
1459 2418 1549 2469 per
1577 2404 1885 2469 iactantiam
1923 2420 2139 2458 recuses
2162 2420 2256 2457 eo-

743 2491 1059 2556 gnationem.
1522 2499 1525 2503 '

1296 2597 1514 2652 CAPUT
1558 2599 1692 2652 ΧΙΧ.

809 2707 1031 2761 Humilis
1075 2717 1155 2760 est
1202 2708 1308 2769 ille,
1354 2717 1511 2775 atque
1555 2708 1761 2760 modice
1798 2718 2164 2776 temperatus;
2205 2718 2258 2762 at

594 2792 601 2799 ’
688 2850 698 2865 ρ
742 2796 875 2847 idem
912 2796 1145 2847 conditor
1175 2804 1461 2861 utrumque
1487 2796 1706 2847 creavit.
1737 2793 1812 2848 Ne
1837 2796 2090 2849 humilem
2128 2812 2256 2850 cou-

743 2893 965 2941 lemnas,
996 2892 1046 2932 te
1071 2895 1298 2948 namque
1331 2884 1566 2933 securior
1597 2893 1677 2955 est
1707 2900 1719 2933 :
1751 2882 1946 2934 incedit
1977 2883 2064 2935 ille
2098 2897 2259 2949 super

746 2969 983 3028 lmmum,
1012 2974 1063 3018 et
1099 2981 1200 3019 non
1226 2968 1364 3019 cadit
1390 2968 1652 3031 celeriter;
1693 2969 1780 3033 qui
1813 2978 1987 3021 autem
2012 2964 2256 3022 excelsus

2104 422 2121 429 υ
2216 347 2270 402 s.
2298 348 2454 404 NlLI

3760 351 3878 414 1104

2939 458 3180 509 ΚΕΦΛΛ.
3212 457 3313 509 111’.

2444 560 2808 631 ’Υπερηφανία
2843 562 2933 612 ἀπ’
2960 560 3183 629 οὐρανοῦ
3223 562 3505 614 κατέϐαλεν
3530 564 3845 631 ἀρχάγγελον
3863 606 3877 627 ,

2364 649 2453 699 καὶ
2474 650 2546 709 ὡς
2569 650 2846 717 ἀστραπὴν
2886 650 3102 717 ἐποίησε
3140 652 3314 699 πεσεῖν
3355 652 3443 701 ἐπὶ
3481 653 3599 718 γῆς.
3638 653 3880 705 Ταπεινο-

2362 735 2594 805 φροσόνη
2613 736 2689 801 δὲ,
2718 728 2995 803 ἄνθρωπον
3019 735 3204 799 ἀνάγει
3234 738 3311 796 είς
3344 737 3568 804 οὐρανὸν
3587 777 3602 800 ,
3633 741 3723 790 καὶ
3755 743 3880 807 μετά

2318 864 2323 867 .
2360 822 2599 888 ἀγγέλων
2635 822 2877 888 χορεύειν
2916 822 3332 887 παρασκευάζει.
3360 824 3423 873 Τί
3458 826 3767 893 μετεωρίζῃ,
3796 828 3883 879 ἄν.

2360 911 2539 977 θρωπε
2566 952 2581 970 ,
2614 911 2777 979 πηλὸς
2817 911 2908 975 ὣν,
2944 914 3034 963 καὶ
3065 912 3265 979 σαπρὶα
3306 914 3370 979 τῇ
3405 912 3580 977 φύσει,
3624 916 3712 965 καὶ
3755 916 3879 982 ὑπὲρ

2358 1000 2453 1059 τὰς
2492 999 2714 1064 νεφέλας
2758 1001 2991 1068 ἐπαίρῃ;
3043 1000 3329 1066 ἐπισκὲψαι
3361 1017 3451 1052 σου
3481 1002 3577 1069 τὴν
3613 1002 3765 1069 φύσιν
3805 1004 3878 1054 δτι

2359 1085 2425 1151 γῆ
2450 1081 2517 1145 εἴ,
2555 1087 2645 1135 καὶ
2676 1086 2883 1148 σποδὸς,
2915 1087 3008 1137 καὶ
3028 1088 3143 1153 μετ’
3168 1087 3341 1152 ὀλίγον
3363 1090 3440 1147 είς
3483 1088 3623 1140 κόνιν
3654 1090 3845 1160 ἀναλὺῃ
3863 1129 3877 1151 ,

2359 1174 2479 1239 ἄρτι
2508 1174 2745 1239 σοόαρὸς,
2780 1175 2867 1224 καὶ
2893 1173 3006 1241 μετ’
3030 1174 3206 1239 ὀλίγον
3229 1174 3454 1242 σκώληξ.
3492 1177 3531 1225 Τ
3540 1176 3554 1225 ί
3587 1176 3673 1226 τὸν
3695 1177 3877 1244 αὐχένα

2358 1260 2597 1326 ἐπαίρεις
2622 1260 2715 1311 τὸν
2741 1264 2858 1327 μετ’
2878 1262 3053 1327 ὀλίγον
3083 1263 3409 1329 σηπόμενον;
3437 1263 3592 1328 Μέγα
3619 1265 3878 1333 ἄνθρωπος

2356 1346 2542 1413 βο·ηοού
2553 1363 2706 1413 μενος
2733 1349 2881 1415 παρὰ
2904 1347 3062 1413 Θεοῦ·
3092 1350 3495 1418 ἐγκατελείφθη,
3528 1353 3618 1402 καὶ
3642 1353 3713 1402 ’τὸ
3735 1353 3879 1403 ἀσθεο

2355 1435 2438 1493 νὲς
2476 1426 2680 1500 ἐπέγνω
2733 1435 2831 1502 τῆς
2882 1436 3108 1503 φύσεως.
3161 1438 3322 1489 Οὐδὲν
3351 1438 3520 1507 ἔχεις,
3564 1440 3590 1491 ὃ
3630 1440 3702 1507 μὴ
3745 1442 3879 1508 παρά

2352 1522 2483 1573 Θεοῦ
2515 1522 2719 1593 ελαεεςτ
2750 1525 2800 1575 τι
2829 1520 2917 1576 οὑν
2952 1523 3027 1591 τῷ
3069 1508 3327 1595 ἀλλοτρίῳ
3351 1527 3650 1595 ἐναμὸλύνῃ
3681 1527 3750 1588 ὡς
3772 1528 3873 1595 σῷς

2351 1611 2402 1659 τί
2428 1614 2489 1677 τῇ
2515 1613 2694 1679 χάριτι
2712 1610 2805 1661 τοῦ
2833 1611 2966 1662 Θεοῦ
2989 1613 3062 1672 ὠς
3082 1612 3193 1679 ίδίῳ
3222 1614 3455 1683 κτήματι
3484 1614 3875 1683 ἐγκαλλωπίζῃς

2372 1699 2655 1762 Ἐπίγνωθι
2682 1700 2770 1751 τὸν
2799 1700 3079 1761 δεδωκότα,
3112 1701 3202 1751 καὶ
3233 1700 3304 1770 μὴ
3336 1702 3559 1770 ἐπαίρου
3585 1701 3734 1752 πολύ·
3770 1704 3877 1752 κτί-

2365 1800 2474 1850 σμα
2505 1782 2635 1834 Θεοῦ
2673 1782 2724 1846 εί
2744 1825 2767 1855 ,σ
2807 1785 2879 1852 μὴ
2904 1785 3081 1836 deam
3110 1786 3197 1837 τὸν
3228 1787 3519 1838 κτίσαντα·
3550 1788 3711 1858 βοηθῇ
3743 1792 3878 1856 παρὰ

2362 1873 2511 1935 Θεοῦ,
2548 1873 2618 1941 μὴ
2647 1874 2806 1940 ἀρνοῦ
2834 1873 2921 1924 τὸν
2957 1875 3263 1943 εὐεργέτην.
3304 1877 3396 1939 Εἰς
3422 1877 3549 1944 ὕψος
3582 1877 3771 1946 ἀνέδης
3797 1894 3879 1926 πο-

2361 1950 2577 2023 λιτείας,
2598 1962 2709 2012 ἀλλ’
2742 1965 2941 2024 ἐκεῖνος
2964 1964 3205 2033 ὡδήγησε
3232 1981 3245 1995 ’
3292 1966 3652 2035 κατώρθωσας
3674 1968 3879 2034 ἀρετὴν,

2361 2050 2472 2102 ἀλλ’
2512 2053 2712 2113 ἐκεῖνος
2772 2054 3090 2121 ἐνήργησεν.
3138 2052 3411 2120 Ὀμολόγει
3446 2054 3535 2104 τὸν
3575 2052 3880 2120 ὑψώσαντα,

2362 2140 2446 2191 ἴνα
2486 2141 2669 2210 μείνῃς
2698 2142 2755 2193 ἐν
2780 2141 2855 2210 τῷ
2881 2141 3002 2209 ὕψει
3033 2141 3265 2211 βέϐαιος·
3297 2142 3552 2209 ἐπίγνωθι
3576 2143 3663 2194 τὸν
3689 2144 3878 2211 ὁμόφυο

2359 2229 2468 2289 λον,
2498 2232 2578 2280 ὅτι
2609 2229 2705 2298 τῆς
2734 2229 2900 2297 αὑτῆς
2942 2232 3084 2282 ἐστιν
3129 2230 3333 2292 οὐσίας.
3377 2231 3466 2299 Μὴ
3492 2231 3556 2283 δι’
3583 2231 3880 2299 ἀλαζονείας

2361 2317 2523 2385 ἀρνοῦ
2558 2318 2652 2385 τὴν
2674 2319 3009 2385 συγγένειαν.

2942 2593 3186 2646 ΚΕΦΑΛ.
3215 2592 3312 2646 ΙΘ’.

2429 2700 2687 2761 Ταπεινδς
2729 2702 2951 2762 ἐκεῖνος,
3001 2700 3093 2752 καὶ
3134 2701 3438 2769 σύμμετρος
3463 2718 3476 2731 ·
3517 2702 3627 2752 ἀλλ’
3664 2703 3693 2753 ὀ
3735 2703 3883 2765 αὐτὸς

2356 2787 2675 2856 δημιουργὸς
2697 2786 2889 2839 ἔπλασε
2921 2786 3043 2848 τοὺς
3069 2788 3419 2856 ἀμφοτέρους.
3446 2787 3533 2857 Μὴ
3559 2793 3879 2858 καταφρονή-

2360 2890 2453 2943 σῃς
2468 2872 2741 2940 ταπεινοῦ·
2766 2873 2963 2940 ἕστηκε
2992 2872 3099 2937 γάρ
3127 2887 3217 2922 σου
3239 2872 3650 2940 ἀσφαλέστερος·
3682 2874 3777 2923 ἐπὶ
3790 2874 3885 2940 γῆς

2363 2959 2581 3025 βαδίζει,
2634 2959 2725 3009 καὶ
2756 2958 2817 3008 οὑ
2866 2958 3044 3008 πίπτει
3099 2956 3305 3022 ταχέως
3329 2971 3346 2986 ο
3383 2958 3409 3008 ό
3460 2956 3516 3007 δέ
3548 2956 3763 3024 ὑψηλὸς,
3798 2959 3883 3008 ἐὰν

742 3065 839 3116 est,
880 3060 924 3108 si
969 3055 1234 3116 ceciderit,
1286 3064 1608 3108 conteretur.
1663 3054 1931 3122 Superbus
1971 3057 2262 3109 monachus

2361 3046 2518 3115 πέσῃ.
2551 3045 2973 3114 συντριδήσεται.
3002 3043 3373 3112 ’Υπερήφανος
3406 3046 3630 3112 μοναχδς
3681 3046 3883 3115 δένδρον

741 3141 899 3211 474,
923 3142 1079 3194 arbor
1121 3151 1201 3193 est
1240 3143 1439 3207 absque
1472 3141 1665 3202 radice,
1720 3154 1817 3193 nec
1855 3143 1995 3194 venti
2031 3144 2261 3211 perferet

745 3232 1015 3297 impetum.
1052 3229 1193 3283 Mens
1226 3229 1425 3297 absque
1470 3239 1693 3293 tumore,
1738 3230 1923 3283 civitas
1956 3240 2033 3283 est
2075 3231 2261 3284 maeui-

745 3320 840 3370 bus
889 3317 1079 3382 cincta,
1127 3324 1179 3370 et
1224 3316 1315 3384 qui
1369 3331 1483 3368 eam
1538 3318 1739 3379 incolit,
1782 3316 2098 3370 inviolabilis
2138 3318 2259 3369 erit.

742 3408 880 3457 Aura
916 3406 1053 3458 venti
1094 3407 1287 3459 siccam
1330 3406 1533 3459 extollit
1580 3407 1858 3463 festucam.
1888 3416 1938 3459 et
1975 3406 2259 3475 superbum

744 3491 972 3543 insultus
998 3492 1145 3543 θίγοι-ι
1173 3493 1466 3545 ιιοιιιοιιιὶιιε.
1505 3493 1651 3545 Bulla
1694 3493 1857 3545 fracta
1885 3503 2183 3554 cvanescet,
2212 3503 2274 3545 et'

747 3578 997 3629 memoria
1028 3580 1239 3645 superbi
1284 3580 1489 3646 peribit.
1529 3580 1755 3632 llumilis
1786 3596 1960 3634 sermo
2006 3581 2069 3633 ad
2100 3583 2262 3633 emol-

748 3663 968 3715 liendum
996 3665 1445 3727 estauimam,.at
1490 3667 1699 3731 superbi
1757 3667 1973 3718 verbum
2011 3676 2092 3718 est
2117 3680 2265 3719 arro-

746 3752 917 3818 gantia
961 3750 1228 3803 refertum.
1287 3744 1467 3804 Oratio
1536 3754 1631 3805 \‘iri
1685 3753 1897 3805 humilis
1966 3752 2128 3805 Deum
2187 3755 2266 3805 in-

744 3841 918 3897 ﬂectit.
975 3840 1134 3893 Deum
1186 3856 1310 3894 vero
1349 3854 1625 3910 exasperat
1675 3843 1885 3910 superbi
1931 3844 2263 3910 supplicatio.

745 3930 949 3982 Corona
986 3931 1174 3983 domus
1206 3940 1285 3983 est
1334 3931 1624 3993 humilitas,
1674 3940 1886 3999 tuteque
1918 3932 2147 3984 custodit
2188 3933 2265 3984 in-

748 4029 1058 4071 trocuntem.
1101 4018 1233 4071 Cum
1281 4020 1345 4071 ad
1395 4020 1595 4086 apicem
1639 4021 1892 4073 virtutum
1941 4020 2263 4083 ascenderis,

750 4116 874 4157 tunc
913 4110 1071 4158 multa
1110 4122 1242 4174 opus
1283 4115 1363 4160 est
1395 4109 1488 4161 tibi
1521 4109 1709 4171 tutela;
1757 4124 1900 4171 natu,
1940 4109 2030 4175 qui
2069 4108 2211 4161 cadit
2239 4124 2267 4159 e

750 4194 1047 4257 pavimento
1079 4196 1229 4247 ocius
1262 4196 1448 4263 surgit,
1481 4197 1570 4264 qui
1613 4206 1785 4248 autem
1838 4200 1901 4249 ab
1940 4198 2044 4248 alto
2084 4199 2265 4251 conci-

750 4282 844 4339 dit,
897 4281 958 4331 ad
1010 4292 1231 4335 mortem
1282 4286 1622 4351 periclitatur.
1680 4284 1926 4352 Lapidem
1978 4287 2263 4353 pretiosum
2299 4316 2340 4372 υ

753 4367 943 4418 muniri
976 4383 1104 4423 auro
1127 4372 1294 4435 decet,
1326 4382 1376 4425 et
1403 4375 1501 4426 viri
1527 4375 1796 4428 humilitas
1828 4376 2009 4428 multis
2030 4375 2263 4443 resplen-

750 4454 835 4505 det
861 4454 1160 4507 virtutibus.

820 4624 862 4655 "
903 4621 1002 4678 Ιρα.
1040 4639 1147 4686 xw,
1182 4624 1263 4676 l2.

2357 3133 2596 3203 ἄρριζον,
2624 3133 2716 3182 καὶ
2737 3134 2795 3183 οὑ
2829 3133 2902 3200 μὴ
2926 3132 3127 3202 ἐνέγκῃ
3161 3132 3457 3203 προσϐολὴν
3485 3134 3702 3201 ἀνέμου.
3736 3135 3881 3196 Πόλις

2358 3219 2747 3286 τετειχισμένη,
2783 3219 2979 3283 ἄτυφον
3007 3219 3257 3287 φρόνημα
3276 3260 3290 3282 ,
3324 3222 3419 3271 καὶ
3443 3222 3469 3272 ό
3507 3221 3727 3273 ἐνοικεῖν
3756 3222 3880 3290 αὐτῇ

2359 3306 2550 3366 ἄσυλος
2574 3292 2747 3357 ἔσταιῖ
2776 3304 3096 3373 Μετεωρίζει
3138 3308 3341 3373 κάρφος
3375 3304 3514 3374 αὖρα
3542 3310 3767 3375 ἀνέμου,
3800 3313 3884 3360 καὶ

2360 3394 2699 3463 ὑπερήφανον
2737 3394 2943 3461 ἐπαίρει
2995 3391 3243 3453 ἀπονοίας
3284 3394 3551 3463 προσϐολή
3578 3411 3591 3423 ·
3622 3397 3884 3462 πομφόλυξ

2362 3484 2585 3551 ραγεῖσα
2639 3482 3096 3549 ἀφανισθήσεται,
3144 3481 3235 3533 καὶ
3293 3484 3475 3549 μνήμη
3552 3482 3883 3550 ὑπερηφάνου

2360 3570 2591 3623 ὄλλυται.
2628 3572 2796 3635 Λόγος
2832 3570 3082 3621 ταπεινοῦ
3137 3570 3390 3637 μάλαγμα
3437 3570 3610 3638 ψυχῆς
3636 3612 3649 3632 ,
3678 3572 3775 3623 όδέ
3802 3572 3885 3623 τοῦ

2363 3661 2701 3729 ὑπερηφάνου
2762 3659 3068 3720 ἀλαζονείας
3093 3659 3439 3728 πεπλήρωται
3487 3661 3767 3731 Προσευχὴ
3801 3678 3885 3712 τα-

2364 3745 2544 3798 πεινοῦ
2608 3746 2937 3812 ἐπικάμπτει
2991 3744 3138 3803 Θεὸν,
3194 3746 3479 3813 παροξύνει
3519 3748 3573 3796 δὲ
3621 3746 3713 3798 τὸν
3767 3747 3885 3799 Θείρι

2362 3840 2537 3908 δέησις
2560 3837 2917 3905 ὑπερηφάνου.
2946 3836 3206 3903 Στέφανος
3227 3834 3465 3901 δὼματός
3488 3838 3632 3886 ἐστιν
3657 3837 3691 3902 ἡ
3716 3830 3890 3885 ταπει-

2364 3927 2656 3996 νοφροσὺνη
2686 3927 2776 3977 καὶ
2816 3925 2901 3977 τὸν
2930 3923 3214 3976 ἀνελθόντα
3244 3926 3394 3993 τηρεῖ
3426 3922 3698 3989 ἀσφαλῶς.
3734 3923 3887 3973 Ὀταν

2364 4016 2586 4086 ἀνέλθῃς
2620 4017 2698 4075 είς
2735 4015 2793 4065 τὸ
2828 4014 2936 4065 τῶν
2979 4012 3183 4081 ἀρετῶν
3233 4012 3381 4080 ὕψος,
3437 4012 3555 4063 τότε
3603 4011 3767 4078 ⁸πολλή
3814 4026 3885 4062 σοι

2365 4104 2519 4172 χρεία
2563 4102 2662 4168 τῆς
2704 4100 3013 4167 ἀσφαλείας.
3059 4101 3115 4151 '0
3161 4100 3266 4167 γὰρ
3302 4098 3480 4152 πεσὼν
3522 4097 3617 4150 ἀπ’
3648 4098 3883 4166 ἐδάφους,

2320 4232 2329 4237 ρ
2364 4191 2566 4261 ταχέως
2594 4190 2877 4258 ἐγείρεται,
2904 4190 2930 4240 ό
2956 4189 3011 4239 δὲ
3044 4186 3219 4239 πεσὼν
3248 4189 3337 4255 ἀφ’
3369 4186 3592 4255 ὑψηλοῦ,
3624 4188 3702 4248 είς
3729 4186 3880 4238 θάνα-

2366 4299 2452 4333 τον
2498 4278 2803 4331 κινδυνεύει.
2851 4279 3007 4338 Λίθος
3056 4276 3232 4344 τίμιος
3276 4276 3542 4345 ἐμπρέπει
3603 4272 3883 4341 σιαλώματι

2368 4371 2607 4442 χρυσίου,
2638 4371 2726 4422 καὶ
2748 4368 2960 4431 πολλαῖς
2980 4368 3192 4438 ἀρεταῖς
3214 4364 3555 4437 φαιδρύνεται
3580 4363 3882 4422 ταπείνωσις

2370 4457 2577 4526 ἀνδρός.
