4058 6350
583 388 594 395 .
670 315 820 408 usi

669 546 877 613 quidem
931 550 1040 603 est,
1094 535 1349 590 rotundus
1407 548 1528 583 vero
1593 528 1875 582 vicesimus
1937 525 2174 592 quintus,

671 632 950 701 quinquies
983 642 1167 699 nempe
1207 624 1441 691 quinque
1471 619 1701 684 continet
1728 613 1975 682 capitula,
2018 611 2177 663 habes

636 778 642 785 ,
675 724 830 792 igitur
857 721 1072 785 ﬁguram
1100 711 1590 782 quatlraugularcm,
1621 720 1719 759 non
1750 704 1919 757 solum
1954 715 2046 769 per
2073 700 2179 751 vir-

677 789 841 862 tutum
871 804 1294 874 quateruionem,
1327 800 1415 851 sed
1448 804 1499 848 et
1521 795 1675 862 hujus
1708 791 1883 847 seeculi
1909 789 2180 843 scientiam

677 898 988 965 sapientem,
1042 890 1289 943 vicesimo
1326 886 1509 953 quinto
1556 881 1896 935 assimilalam
1944 889 2181 935 numero,

679 996 887 1055 propter
922 994 1177 1033 annorum
1210 975 1607 1033 revolutionem,
1646 964 1964 1021 bebdomada
1995 964 2186 1030 quippe

678 1089 835 1141 super
864 1068 1263 1128 hebdomadam,
1304 1076 1356 1116 et
1395 1060 1587 1115 mensis
1619 1071 1776 1124 super
1807 1066 2039 1106 mensem
2076 1063 2185 1100 mo-

684 1173 855 1223 velut,
896 1169 948 1211 et
985 1174 1044 1210 ex
1106 1169 1244 1208 anno
1292 1154 1342 1205 in
1387 1163 1583 1203 annum
1628 1146 1851 1198 volvitur
1890 1151 2092 1206 tempus
2136 1146 2187 1190 ct

680 1258 1003 1303 momentum
1052 1259 1207 1311 super
1244 1249 1588 1298 momentum,
1619 1244 1676 1287 ut
1717 1234 1768 1284 in
1808 1230 1935 1283 solis
1963 1236 2015 1281 et
2038 1228 2187 1311 [lunae

684 1345 850 1397 motu,
882 1334 1036 1395 veris,
1077 1345 1137 1383 ac
1180 1327 1396 1395 gustatis,
1428 1324 1683 1376 videmus.
1714 1300 2053 1385 Trianguluni
2094 1329 2186 1366 au-

684 1438 781 1477 tem
815 1424 905 1474 tibi
942 1421 1070 1471 forte
1104 1414 1415 1481 signiﬁcabit
1437 1410 1707 1464 scientiam
1734 1416 1925 1460 sancta:
1956 1403 2185 1455 Triuita-
2222 1450 2227 1453 ς

685 1515 790 1566 tis:
824 1512 952 1561 alios
984 1523 1106 1559 vero
1150 1506 1194 1559 si
1244 1519 1334 1571 per
1370 1512 1706 1553 numerorum
1752 1492 2185 1560 multiplicitatem

683 1601 1020 1653 centesimum
1072 1595 1207 1647 feras
1256 1588 1761 1659 quinquagesimum
1799 1584 2035 1645 tertium,
2097 1574 2185 1648 qui

684 1686 1022 1754 Iriungulut'is
1065 1691 1162 1743 est,
1209 1678 1499 1744 intelligere
1524 1673 1678 1744 477
1704 1671 1948 1725 convenit
1991 1668 2186 1736 practi-

686 1792 801 1828 (.nllt
831 1773 1053 1840 (scilicet
1099 1764 1395 1830 scientiam)
1426 1759 1714 1813 naturalem
1746 1767 1795 1809 et
1826 1754 2187 1821 theologicam,

682 1874 771 1915 aut
806 1861 959 1913 etiam
996 1858 1134 1919 ﬁdei,
1182 1854 1290 1923 Spei
1327 1859 1377 1904 et
1419 1848 1723 1911 charitatis;
1755 1859 1963 1906 aurum,
2008 1855 2192 1909 argen-

684 1963 812 2015 tum,
857 1948 1052 2017 lapidcs
1100 1945 1377 2013 pretiosos.
1424 1936 1773 1991 Verumme
1826 1940 1888 1986 de
1930 1945 2189 1985 numero:

683 2041 1032 2107 capitulorum
1098 2042 1271 2087 autem
1338 2030 1639 2084 tenuitatem
1694 2038 1797 2077 non
1853 2029 2190 2084 contemnes,

682 2131 823 2181 velut
856 2129 959 2191 ille,
991 2125 1079 2192 qui
1128 2123 1234 2175 scis
1272 2127 1322 2173 et
1367 2114 1614 2177 saturari,
1658 2121 1709 2166 et
1737 2110 2052 2179 indigere",
2088 2108 2196 2161 imo

2106 327 2161 380 S.
2210 322 2365 381 NJLI

574 520 577 525 γ
666 470 717 511 ut
748 448 1042 514 rotuntlusf
1072 465 1189 501 nam
1240 444 1517 498 vicesiums
1559 449 1796 498 octavus.
1841 432 2218 502 triattgularisi

2301 434 2553 502 ςφαιρικὶιν
2584 434 2688 487 τῶν
2717 435 2934 505 χρόνων.
2978 436 3236 505 Ἑϐδομάς
3262 436 3369 505 ’γὰρ
3396 438 3481 488 ἐπὶ
3513 437 3800 505 ἑϐδομάδα,

3664 329 3804 389 1188

2279 523 2369 574 καὶ
2392 524 2495 591 μὴν
2523 524 2613 574 ἐπὶ
2645 526 2785 592 μῆνα
2804 528 3043 585 κινεῖται,
3065 526 3153 576 καὶ
3174 525 3231 587 ἐξ
3257 525 3493 575 ἐνιαυτοῦ
3516 526 3592 585 εἰς
3620 528 3803 578 ἐνιαυ-

2276 612 2363 663 τὸν
2390 615 2417 664 ὁ
2451 613 2636 681 χρόνος
2674 614 2985 666 κυλινδεῖται
3016 614 3106 664 καὶ
3144 611 3329 681 καιρὸς
3366 613 3457 664 ἐπὶ
3478 613 3694 680 καιρὸν,
3723 614 3805 672 ὡς

2270 701 2368 770 ἐπὶ
2392 702 2646 768 κινήσεως
2669 702 2835 769 ἡλίου,
2858 704 2949 753 καὶ
2970 702 3210 769 σελήνης,
3235 699 3407 766 ἔαρος,
3437 702 3530 752 καὶ
3549 701 3654 752 τῶν
3673 702 3805 768 ἑξῆς

2281 789 2507 856 ὁρῶμεν.
2554 789 2624 840 Τὸ
2649 789 2705 841 δὲ
2741 790 3015 858 τρίγωνον,
3063 789 3306 857 σημαίνει
3351 789 3414 840 ἀν
3456 802 3534 838 σοι
3576 785 3670 854 τὴν
3702 782 3807 854 τῆς

2284 877 2436 941 ἁγίας
2463 878 2682 944 Τριάδος
2713 877 3137 943 γνῶσιν.”Δλλως
3157 892 3169 906 ο
3199 877 3319 929 εἰδὲ
3344 876 3428 928 διὰ
3446 877 3544 944 τῆς
3572 878 3805 945 πληθύος

2281 961 2388 1014 τῶν
2414 963 2656 1030 ἀριθμῶν
2684 964 2879 1033 κομίζῃ
2904 964 2992 1016 τὸν
3022 964 3306 1015 ἑκατοστὸν
3342 966 3521 1031 τρίτον
3546 965 3808 1033 τρίγωνον

2283 1050 2425 1111 ὅντα,
2441 1053 2574 1101 νοεῖν
2593 1052 2847 1120 προσήκει
2867 1052 3181 1119 πρακτικὴν,
3204 1052 3457 1118 φυσικὴν,
3477 1050 3807 1118 θεολογικὴν,

2284 1138 2316 1205 ἢ
2347 1139 2437 1189 καὶ
2464 1139 2709 1203 πίστεως,
2732 1139 2954 1201 ἐλπίδος,
2991 1140 3083 1189 καὶ
3121 1138 3354 1205 ἀγάπης,
3387 1139 3603 1205 χρυσὸν,
3634 1138 3809 1206 ἀργυ-

2285 1241 2406 1292 ρον,
2432 1224 2607 1286 λίθους
2642 1226 2866 1292 τιμίους.
2912 1226 3048 1277 Ἀλλ’
3077 1228 3126 1277 ὁ.
3149 1228 3242 1293 μὲν
3288 1225 3511 1293 ἀριθμὸς
3549 1226 3806 1287 τοιοῦτος,

2284 1309 2389 1361 τῶν
2415 1311 2469 1362 δὲ
2498 1313 2800 1378 κεφαλαίων
2831 1312 2890 1363 τὸ
2916 1312 3160 1365 ταπεινὸν
3180 1315 3239 1364 ού
3273 1313 3699 1382 περιυϐρίσειας,
3730 1314 3812 1374 ὡς

2286 1398 2436 1460 εἰδὼς
2472 1402 2560 1450 καὶ
2589 1401 2959 1468 χορτάζεσθαι,
2986 1404 3077 1453 καὶ
3097 1401 3448 1469 ὑστερεῖσθαι,
3474 1402 3558 1453 ναὶ
3583 1401 3699 1469 μὴν
3716 1404 3814 1453 καὶ

2284 1490 2358 1549 ὡς
2412 1491 2745 1557 μεμνημένος
2794 1490 2882 1540 τοῦ
2930 1491 2996 1541 τά
3038 1490 3129 1541 δύο
3182 1491 3279 1557 τῆς
3318 1492 3486 1559 χήρας
3530 1478 3695 1540 λεπτά
3734 1490 3815 1556 μὴ

2286 1577 2724 1647 ἀποϐεϐληκότος,
2752 1578 2883 1631 ἀλλὰ
2912 1582 3002 1630 καὶ
3041 1580 3177 1649 ὑπὲρ
3210 1581 3431 1632 πλοῦτον
3470 1579 3669 1631 πολλῶν
3698 1580 3815 1630 ὲτέο

2289 1684 2394 1735 ρων
2450 1666 2838 1734 ἀποδεξαμένου
2870 1682 2885 1696 '
2928 1668 3116 1720 οὐκοῦν
3168 1669 3404 1732 εὐνοίας,
3444 1670 3536 1721 καὶ⁵
3599 1668 3841 1734 ἀγάπης

2295 1756 2500 1823 καρπὸν
2548 1754 2698 1816 εἰδὼς
2729 1794 2743 1819 ,
2804 1756 3050 1821 φυλάξεις
3110 1761 3218 1818 σοῖς
3284 1757 3517 1826 γνησίοις
3574 1757 3818 1822 ἀδελφοῖς

2298 1845 2599 1913 ἐπιτρέπων
2650 1836 3031 1913 προσεύχεσθαι
3076 1846 3212 1915 ὑπὲρ
3260 1846 3351 1896 τοῦ
3400 1844 3817 1913 ἀρῤωστοῦντος,

2297 1936 2436 1997 ὅπως
2460 1936 2689 2003 ὑγιαίνῃ,
2709 1935 2800 1986 καὶ
2818 1935 3006 1987 ἑαυτοῦ
3030 1935 3120 1987 τὸν
3146 1934 3442 2003 κράϐὀατον
3461 1935 3615 2004 ἄρας,
3634 1932 3821 1986 λοιπὸν

2299 2023 2529 2090 πατήσῃ,
2560 2021 2737 2090 χάριτι
2770 2016 2998 2088 Χριστοῦ
3025 2021 3119 2073 τοῦ
3152 2018 3399 2091 ἀληθινοῦ
3425 2020 3553 2073 Θεοῦ
3589 2012 3823 2088 miti-qu

2299 2114 2330 2177 ἡ
2365 2109 2486 2172 δόξα
2515 2111 2591 2171 εἰς
2622 2112 2742 2170 τοὺς
2773 2111 2967 2172 αἰῶνας
2996 2110 3102 2162 τῶν
3116 2110 3339 2164 αἰώνων.
3378 2111 3566 2179 Ἀμήν.

690 2217 776 2281 qui
806 2216 920 2283 ejus
960 2226 1163 2265 memor
1187 2225 1262 2271 es,
1293 2207 1383 2274 qui
1444 2204 1614 2256 vidua:
1676 2203 1779 2255 duo
1819 2199 2019 2252 minuta
2084 2216 2189 2254 non
2254 2200 2470 2268 respuit,
2508 2199 2599 2253 sed
2634 2214 2695 2251 ea
2726 2214 2831 2266 pra;
2859 2199 3141 2252 multorum
3184 2200 3405 2253 aliorum
3445 2200 3638 2253 divitiis
3670 2213 3825 2252 rece-

692 2308 803 2375 pit;
837 2302 1139 2369 cumigitur
1166 2295 1533 2351 benevolentia:
1557 2299 1699 2345 recte
1753 2290 1965 2345 noveris
2025 2289 2280 2354 fructum,
2316 2288 2578 2343 custodies
2622 2288 2726 2340 tuis
2774 2288 3035 2355 germanis
3076 2286 3327 2340 fratribus
3370 2288 3702 2354 imponendo,
3758 2290 3843 2352 ul.

687 2373 838 2451 orent
866 2407 959 2462 pro
992 2390 1221 2448 inﬁrmo,
1251 2394 1302 2436 et
1328 2387 1639 2449 mgrotante,
1666 2379 1729 2431 ad
1762 2378 1863 2431 hoc
1889 2388 1947 2431 ut
1972 2385 2205 2437 sanetur,
2244 2389 2504 2442 suumque
2568 2374 2844 2440 grabatum
2910 2373 3119 2434 tollens,
3166 2382 3219 2425 et
3250 2373 3495 2439 deinceps
3520 2373 3826 2427 obambulet

688 2461 1085 2552 gratiatlliristi
1121 2473 1239 2531 reri
1279 2468 1370 2521 Dei
1410 2466 1595 2528 nostri,
1620 2466 1703 2518 cui
1729 2464 1893 2532 gloria
1920 2464 1974 2517 in
2015 2462 2206 2516 saecula
2242 2463 2579 2516 saeculorum.
2610 2461 2796 2512 Amen.

1196 2580 1356 2651 [.73
1395 2573 1615 2631 CAPUT
1654 2573 1695 2626 ι.

758 2699 812 2751 Si
847 2697 965 2763 quis
1022 2690 1333 2756 suaveolens
1389 2686 1597 2739 etiicere
1651 2682 2005 2737 suﬁimentum
2044 2680 2200 2744 velit,

691 2790 813 2842 tlms
842 2783 1180 2854 pellucidum,
1210 2788 1261 2832 et
1289 2777 1535 2839 cassiam,
1572 2784 1625 2827 et
1655 2773 1924 2842 ungulam,
1966 2785 2060 2825 seu
2095 2770 2204 2825 fru-

2890 2568 3131 2620 ΚΕΦΑΛ.
3169 2568 3244 2620 Α’.

2333 2706 2336 2709 λ
2373 2679 2438 2730 Εἴ
2462 2694 2545 2746 τις
2568 2677 2801 2745 βούλοιτο
2824 2676 3015 2738 εὐῶδες
3037 2676 3281 2745 θυμίαμα
3298 2678 3577 2740 σκευάσαι,
3600 2678 3690 2730 τδν
3711 2676 3830 2731 δια-

2307 2769 2443 2837 φανῆ
2472 2767 2682 2820 λίϐανον
2702 2804 2717 2829 ,
2755 2766 2851 2819 καὶ
2886 2766 2984 2835 τὴν
3016 2766 3241 2819 κασσίαν
3269 2766 3361 2817 καὶ
3391 2767 3481 2818 τὸν
3506 2767 3700 2835 ὄνυχα,
3732 2767 3833 2819 καὶ

692 2879 845 2930 tieem
889 2874 966 2927 sic
1012 2873 1231 2933 dictum,
1270 2870 1630 2935 liquoremque
1668 2863 1834 2925 illum,
1863 2861 1953 2929 qui
1996 2874 2027 2914 e
2064 2874 2200 2926 myr-

2303 2857 2398 2925 τὴν
2418 2856 2647 2923 στάκτην
2676 2855 2850 2920 ἑξίσου
2883 2854 3132 2923 συνθήσει
3156 2854 3292 2909 κατά
3324 2855 3412 2907 τὸν
3437 2856 3615 2922 νόμον.
3644 2854 3833 2909 Ταῦτα

694 2967 808 3026 tha,
860 2972 911 3015 ct
949 2961 1284 3016 cinuamomo
1328 2954 1495 3007 inciso
1550 2949 1849 3011 distillat“,
1876 2961 2026 3016 aequo
2052 2961 2205 2999 com-

693 3056 913 3107 misceat
942 3050 1172 3119 pondere
1200 3044 1488 3102 secundum
1520 3043 1704 3108 legem.
1737 3030 1865 3092 llaec
1885 3034 2057 3091 autem
2087 3044 2209 3089 sunt

693 3143 946 3196 virtutum
977 3138 1288 3207 quaternio;
1326 3148 1445 3188 nam
1491 3134 1535 3185 si
1564 3147 1636 3185 ea:
1663 3131 1981 3200 plenissimae
2008 3127 2130 3192 sint,
2159 3134 2208 3179 et

695 3235 945 3302 mquales,
978 3245 1077 3282 non
1114 3228 1363 3302 prodetur
1387 3224 1701 3278 intellectus.

1291 3333 1511 3391 CAPUT
1547 3331 1612 3387 ll.

767 3454 955 3503 Anima
983 3457 1266 3516 expurgata
1290 3461 1381 3513 per
1414 3445 1665 3497 virtutum
1702 3432 2098 3507 plenitudinem,
2130 3436 2212 3488 in-

702 3543 938 3593 tellectus
968 3539 1141 3590 sedem
1179 3534 1339 3586 efﬁcit
1364 3533 1753 3590 inconcussam,
1786 3528 2065 3592 ipsumque
2094 3526 2211 3577 red-

702 3630 776 3679 dit
820 3625 1043 3677 habilem
1095 3622 1158 3673 atl
1225 3617 1619 3685 suscipiendum
1688 3620 1880 3667 statum
1928 3611 2031 3677 ‘qui
2080 3625 2216 3677 quaa-

702 3719 850 3770 ritur.

1294 3816 1513 3873 CAPUT
1548 3815 1625 3868 Ill.

772 3935 950 3989 Oratio
1010 3941 1094 3987 est
1164 3929 1484 3998 colloquium
1537 3926 1833 3980 intellectus
1895 3938 2015 3976 cum
2070 3921 2213 3986 Deo;

706 4024 844 4090 quali
899 4022 1058 4089 igitur
1117 4027 1255 4073 statu
1317 4015 1515 4084 indiget
1565 4014 1876 4075 intellectus,
1934 4019 1991 4063 ut
2046 4011 2218 4078 quiete

709 4112 927 4179 agendo,
968 4124 1084 4161 sese
1118 4105 1516 4159 immutabiliter
1553 4111 1733 4163 mutet,
1780 4116 1842 4153 ac
1880 4108 2111 4151 transeat
2152 4098 2214 4150 ad

712 4198 974 4263 proprium
1005 4194 1302 4255 Dominum,
1338 4193 1588 4257 nulloque
1622 4188 1932 4242 iutermedio
1964 4203 2082 4239 cum
2106 4188 2218 4255 ipso

711 4277 1074 4345 colloquatur?
1108 4275 1467 4342 (s‘ubiulellige)
1499 4274 1653 4326 talem
1693 4282 1893 4341 qureret
1934 4280 2149 4323 statum.

1198 4381 1357 4450 579
1386 4380 1604 4433 CAPUT
1645 4378 1727 4433 IV.
1780 4366 1783 4368 ’

781 4496 836 4548 Si
868 4494 1089 4561 Moyses,
1130 4506 1250 4544 cum
1283 4492 1345 4542 ad
1383 4490 1571 4543 rubqu
1608 4488 1873 4540 ardentem
1914 4504 2072 4554 super
2124 4497 2225 4539 lcr-

716 4598 827 4636 ram
882 4578 1305 4647 appropinquare
1358 4574 1613 4634 tentavit,
1670 4574 2009 4638 prohibetur,
2059 4574 2227 4625 donec

716 4669 1028 4725 exsolvisset
1076 4665 1267 4733 pedum
1313 4661 1807 4721 calceamentum“,
1864 4662 2128 4727 quomodo
2172 4671 2225 4711 tu

720 4766 849 4832 ipse,
888 4760 1066 4813 volens
1112 4770 1230 4809 eum
1282 4754 1480 4813 videre,
1529 4752 1618 4818 qui
1661 4764 1868 4802 omnem
1918 4749 2229 4801 intellectio-

722 4867 837 4905 nem
869 4859 920 4901 et
947 4860 1160 4901 sensum
1187 4849 1420 4910 superat,
1468 4841 1622 4905 eique
1651 4839 1758 4890 ﬁeri
1789 4838 2092 4895 collocutor,
2126 4852 2229 4887 non

695 4935 883 4991 .solt'is
908 4951 936 4986 a
961 4945 1009 4988 te
1031 4942 1239 4986 omnem
1266 4928 1635 4996 cogitationem
1667 4924 1894 4991 passioni
1916 4921 2231 4974 obnoxiam?

1313 5036 1530 5093 CAPUT
1570 5035 1630 5087 γ.

787 5156 888 5209 Ora
927 5155 976 5206 in
1011 5151 1212 5219 primis,
1244 5164 1347 5215 quo
1376 5136 1821 5215 accipias‘donuni
1864 5146 2229 5213 lacrymarum,

725 5254 781 5295 ut
811 5259 903 5311 per
942 5244 1139 5294 lurtum
1172 5237 1411 5289 emollias
1445 5244 1702 5311 agrestem
1733 5234 1999 5295 duritiem,
2034 5247 2150 5300 quae
2180 5234 2231 5283 in

724 5332 898 5384 anima
939 5342 1025 5383 tua
1065 5338 1164 5389 est,
1211 5334 1262 5377 ct
1305 5306 1577 5374 confessus
1617 5324 1892 5375 adversum
1919 5326 1992 5392 'te
2030 5320 2238 5387 injusti-

666 5410 669 5413 ’
727 5419 854 5471 tiam
882 5427 1021 5471 tuam
1049 5416 1270 5467 Domino
1288 5412 1353 5473 ⁷³,
1388 5410 1589 5460 veniam
1630 5410 1692 5460 ab
1727 5411 1838 5475 ipso
1872 5410 2236 5476 consequaris.

2303 2947 2355 2998 δέ
2378 2949 2520 2998 ὲστιν
2542 2947 2573 3015 ἡ
2601 2946 2794 3015 τετρὰς
2818 2946 2924 2997 τῶν
2943 2944 3167 3014 ἀρετῶν·
3199 2944 3291 2997 ὲάν
3314 2944 3419 3015 γὰρ
3441 2945 3831 3014 πληρὲσταται,

2304 3038 2395 3090 καὶ
2429 3038 2538 3089 ῐσαι
2573 3038 2926 3105 τυγχάνωσιν,
2957 3037 3016 3088 ού
3050 3034 3430 3106 προδοθήσεται
3460 3038 3487 3089 ὁ
3508 3035 3651 3099 νοῦς.

2846 3328 2849 3329 ⁷
2891 3314 3135 3366 ΚΕΦΑΛ.
3159 3314 3233 3365 B’.

2376 3422 2716 3503 καθαρθεῖσα
2746 3423 2889 3492 ψυχὴ
2916 3422 3000 3475 διὰ
3027 3424 3121 3490 τῆς
3147 3422 3254 3473 τῶν
3281 3422 3484 3491 ἀρετῶν
3508 3380 3839 3492 πληρότητος

2309 3513 2594 3593 ἀκλόνητον
2618 3512 2714 3580 τὴν
2737 3512 2888 3575 τάξιν
2921 3510 3013 3563 τοῦ
3042 3511 3132 3562 νοῦ
3152 3510 3563 3575 κατασκευάζει,
3594 3510 3840 3564 δεκτικὸν

2312 3600 2466 3651 αὑτὸν
2495 3599 2718 3651 ποιοῦσα
2738 3600 2835 3665 τῆς
2861 3600 3187 3667 ζητουμένης
3225 3600 3617 3660 καταστάσεως.

2890 3809 3134 3862 ΚΕΦΑΛ,
3181 3810 3253 3860 Γ’.

2394 3918 2456 3969 Ἠ
2506 3918 2795 3986 προσευχὴ,
2829 3915 3011 3984 ὁμιλία
3051 3918 3165 3968 ἐστὶ
3197 3916 3285 3968 νοῦ
3319 3916 3451 3985 πρὸς
3488 3916 3615 3967 Θεόν
3639 3932 3652 3946 ο
3681 3918 3845 3979 ποίας

2315 4001 2404 4057 οὖν
2439 4005 2603 4057 δεῖται
2633 4006 3004 4067 καταστάσεως
3031 4009 3058 4057 ὀ
3081 4005 3221 4069 νοῦς,
3254 4007 3340 4079 ἶνα
3369 4006 3610 4075 ἡσυχάσῃ
3637 4009 3845 4074 ἀμετα-

2318 4095 2554 4163 στρόφως
2590 4094 2907 4163 ὲκσταθῆναι
2944 4095 3075 4163 πρὸς
3100 4093 3188 4146 τὸν
3217 4072 3404 4146 οἰκεῖον
3431 4072 3719 4163 Δενσπάτην,
3748 4072 3867 4147 και

2327 4180 2619 4247 συνομιλεῖν
2645 4180 2789 4248 αύτῷ
2821 4181 3044 4249 μηδενὸς
3080 4181 3450 4247 μεσιτεύοντος
3475 4199 3490 4247 ;

2919 4372 3159 4423 ΚΕΦΑΛ.
3190 4373 3257 4424 Δ⁹.

2308 4548 2311 4551 _
2398 4486 2457 4535 Εί
2483 4488 2547 4552 τῇ
2594 4486 2684 4535 ἐπὶ
2712 4487 2809 4552 γῆς
2840 4484 2980 4551 βάτῳ
3012 4484 3314 4553 φλεγομένῃ
3352 4483 3699 4549 προσεγγίσαι
3727 4500 3853 4535 πει-

2333 4574 2497 4640 ράσας
2524 4571 2755 4636 Μωῡσῆς
2780 4570 3059 4633 κωλύεται,
3092 4571 3243 4637 ἄχρις
3269 4564 3328 4650 οῦ
3349 4570 3494 4621 λύσει
3516 4570 3576 4621 τὸ
3601 4572 3855 4639 ὑπόδημα

2332 4659 2435 4710 τῶν
2472 4656 2660 4718 ποδῶν,
2696 4658 2808 4716 πῶς
2828 4658 2986 4717 αὐτὸς
3010 4657 3097 4706 τὸν
3124 4656 3259 4725 ὑπὲρ
3281 4660 3455 4709 πᾶσαν
3508 4657 3711 4711 ἔννοιαν
3758 4662 3857 4714 καὶ

2334 4745 2574 4812 αἴσθησιν
2636 4744 2755 4794 ιδεῖν
2816 4743 3145 4811 βουλόμενος,
3213 4745 3305 4795 καὶ
3369 4744 3643 4813 συνόμιλος
3705 4748 3859 4818 αὐτῷ

2334 4834 2595 4900 γενέσθαι,
2623 4834 2680 4883 ού
2708 4833 2849 4895 λύεις
2886 4835 2947 4884 ἐκ
2973 4832 3064 4883 σοῦ
3095 4834 3199 4883 πᾶν
3227 4836 3397 4902 νόημα
3428 4835 3692 4903 ὲμπαθές;

2930 5026 3166 5081 ΚΕΦΑΛ.
3211 5026 3282 5079 E’.

2406 5139 2668 5208 Πρότερον
2708 5124 2828 5200 περὶ
2862 5131 3070 5199 λήψεως
3116 5134 3357 5204 δακρύων
3396 5135 3689 5203 προσεύχου
3715 5174 3730 5197 ,
3777 5137 3869 5189 ἵνα

2341 5229 2424 5280 διὰ
2472 5227 2563 5280 τοῦ
2611 5225 2828 5285 πένθους
2881 5222 3258 5300 μαλάξῃς-τὴν
3304 5226 3639 5293 ὑπάρχουσαν
3694 5226 3752 5277 ὲν
3798 5231 3867 5295 τῇ

2342 5314 2482 5382 ψυχῇ
2516 5331 2606 5365 σου
2646 5312 2958 5379 ἀγριότητα,
2985 5313 3075 5362 καὶ
3108 5311 3460 5377 ἐξαγορεύσας
3484 5310 3623 5383 κατά
3650 5311 3744 5378 σοῦ
3770 5312 3870 5381 τὴν

2345 5404 2564 5471 ἀνομίαν
2595 5419 2683 5453 σου
2721 5400 2796 5468 τῷ
2824 5400 3025 5468 Κυρίῳ,
3062 5401 3186 5469 παρ’
3220 5399 3377 5452 αὑτοῦ
3418 5398 3658 5466 ἀφέσεως
3681 5400 3871 5470 τεύξῃ.

802 5554 843 5581 τ’
873 5552 1091 5618 ιῚιὶιὶρρ,
1115 5567 1183 5613 1v,
1214 5551 1279 5599 1'2
1370 5547 1411 5577 '“
1453 5543 1610 5612 Eceli.
1643 5558 1788 5605 sxw,
1819 5544 1903 5611 “.0,
1979 5548 2019 5576 ⁷²
2055 5545 2214 5601 Exod.

2301 5559 2333 5609 I,
2364 5542 2476 5593 2-3.
2552 5542 2596 5571 ⁷³
2622 5537 2757 5592 Psal.
2790 5554 2930 5603 ΠΜ,
2972 5538 3022 5591 5.
