4058 6350
148 272 304 334 ’1.85

728 387 969 440 ΚΕΦΛΛ.
1008 391 1126 440 IIA'.

221 491 488 557 Γίνωσκε,
538 493 724 562 ὅτιπερ
765 496 811 546 oi
854 495 992 561 ἆγιοι
1041 497 1252 563 ἄγγελοι
1307 500 1688 566 προτρέπονται

146 581 308 646 ἡμᾶς
347 582 418 643 εἰς
457 583 780 652 προσευχὴν,
814 587 903 635 καὶ
932 586 1392 653 συμπαρίστανται
1419 589 1544 655 ἡμῖν
1572 588 1687 654 χαί-

147 665 350 732 ροντες
382 673 514 736 ἅμα,
549 673 642 722 καὶ
669 674 1080 741 προσευχόμενοι
1120 675 1255 742 ὑπὶρ
1285 674 1452 741 ἡμῶν·
1481 675 1573 726 ἐὰν
1599 673 1687 727 οὖν

144 755 539 825 ἀμελήσωμεν,
563 761 652 810 καὶ
672 760 942 827 δεξώμεθα
964 761 1246 828 λογισμοὺς
1285 763 1552 823 ἐναντίους
1572 763 1688 815 λίαν

144 850 526 917 παροξύνομεν
561 853 967 922 αὐτοὺς,ὄτιπερ
993 855 1127 922 ὑπὲρ
1156 854 1305 922 ἡμῶν
1343 854 1686 920 ἀγωνίζονται

143 935 427 998 τοσοῦτον,
458 939 615 1005 ἡμεῖς
651 940 706 992 δὲ
737 941 849 991 οὐδὲ
884 942 1019 1008 ὑπὲρ
1044 941 1243 992 ἑαυτῶν
1267 942 1554 1024 βουλόμέοα
1579 945 1687 994 ίκε-

144 1023 351 1076 τεῦσαι
393 1026 477 1076 τὸν
513 1027 642 1077 Θεόν
669 1043 680 1055 ⁸
731 1029 858 1078 ἀλλὰ
902 1030 1352 1095 καταφρονοῦντες
1386 1023 1476 1096 τῆς
1515 1029 1687 1081 αὐτῶν

142 1108 512 1180 λειτουργίας,
552 1117 641 1166 καὶ
668 1116 755 1167 τὸν
789 1117 985 1168 τούτων
1020 1118 1166 1177 Θεὸν,
1197 1118 1288 1168 καὶ
1308 1119 1572 1184 Δεσπότην
1595 1134 1687 1168 κα-

141 1196 584 1263 ταλιμπάνοντες
664 1202 906 1268 δαίμοσιν
976 1202 1299 1271 ἀκαθάρτοις
1367 1203 1685 1269 ἐντυγχάνο-

147 1293 281 1341 μεν.

725 1392 963 1444 ΚΕΦΑΛ.
995 1394 1112 1446 ΠΒ’.

216 1494 269 1543 Π
279 1492 524 1560 ροσεύχου
553 1496 820 1558 ἐπιεικῶς,
850 1499 939 1549 καὶ
965 1500 1258 1568 ἀταράχως,
1279 1500 1368 1551 καὶ
1389 1500 1550 1567 ψάλλε
1568 1519 1685 1552 συν-

1465 285 1558 340 DE
1595 285 1983 342 URATIUNE.

1720 399 1762 451 Α

2202 397 2371 466 ’496
2406 398 2622 450 eam
2657 398 2881 451 LXXXI.
3171 293 3300 358 “86

1855 501 2039 561 Nosce,
2071 503 2208 569 quod
2233 505 2400 557 sancti
2426 507 2594 572 angeli
2629 522 2722 560 nos
2755 510 2982 561 excitant
3012 510 3074 560 ad
3103 512 3302 562 oratio-

1784 600 1933 650 ncm,
1970 598 2021 638 et
2064 604 2165 641 una
2197 592 2468 644 nobiscum
2505 603 2714 657 astant,
2752 597 3036 662 gaudentes
3069 599 3223 650 simul
3253 607 3304 649 et

1784 687 1993 727 Orantes
2033 679 2354 743 pronobis;
2392 682 2436 732 si
2468 682 2626 748 igitur
2656 683 3061 749 neglexerimus,
3087 694 3138 736 et
3179 699 3302 736 con-

1785 764 1970 816 trarias
1994 768 2381 832 susceperimus
2408 770 2779 835 cogitationes,
2807 771 2952 823 valde
2979 772 3300 823 irritabimns

1785 849 1958 916 ipsos,
1995 853 2130 916 quod
2172 853 2208 904 ii
2248 869 2345 920 pro
2375 856 2527 907 nobis
2566 865 2835 924 tantopere
2866 859 3162 922 decertent,
3207 874 3301 909 nos

1785 953 1906 990 vero
1938 953 2034 990 nec
2063 954 2155 1005 pro
2193 943 2344 995 nobis
2385 943 2513 1009 ipsis
2558 945 2798 998 volumus
2826 947 3123 1014 supplicare
3163 945 3297 1008 Deo,

1786 1025 1874 1075 sed
1914 1039 2095 1076 eorum
2122 1030 2516 1080 contemnentes
2543 1030 2894 1084 ministerium
2916 1073 2930 1096 ,
2958 1033 3298 1099 ipsorumque

1783 1108 1942 1161 Deum
1984 1125 2044 1163 ac
2101 1111 2378 1164 Dominum
2418 1114 2877 1183 derelinquentes,
2920 1116 3141 1182 impuris
3178 1130 3297 1168 eum

1781 1199 2108 1254 daemonibus
2135 1189 2549 1256 conversamur.‘

2280 1389 2499 1444 CAPUT
2537 1390 2789 1443 LXXXII.

1845 1494 2019 1562 :Equo
2059 1497 2303 1565 bonoque
2358 1501 2560 1564 animo,
2590 1509 2643 1554 et
2675 1503 2872 1568 absque
2902 1501 3292 1568 perturbatione

140 1580 292 1641 ετῶς
324 1583 412 1631 καὶ
455 1583 753 1651 εὐρύθμως,
785 1587 877 1637 καὶ
929 1586 1023 1656 ἔσῃ
1062 1588 1134 1648 ὡς
1181 1590 1388 1650 νεοσσὸς
1420 1590 1573 1641 ἀετοῦ
1612 1592 1683 1641 ’ἐν

1778 1598 1889 1646 ora,
1920 1595 1972 1635 ct
2005 1586 2286 1649 prudenter
2308 1596 2464 1653 atque
2494 1589 2751 1642 concinne
2782 1590 2961 1657 psalle,
2989 1592 3195 1658 erisque
3219 1591 3291 1643 uti

141 1668 277 1732 ὕψει
307 1671 600 1737 αἰρόμενος.

716 1785 954 1837 ΚΕΦΛΛ.
988 1788 1105 1840 HI".

226 1884 294 1936 ἸΙ
341 1889 435 1952 μὲν
474 1888 749 1957 ψαλμῳδία
784 1893 848 1943 τὰ
901 1894 1040 1961 πάθη
1088 1895 1413 1959 κατευνάζει,
1447 1899 1537 1948 καὶ
1576 1896 1669 1963 τὴν

136 1975 411 2038 ἀκρασίαν
446 1977 534 2027 τοῦ
567 1979 807 2046 σώματος
849 1984 1066 2049 ἠρεμεῖν
1105 1985 1481 2052 ἀπεργάζεται.
1527 1984 1586 2035 'II
1615 1986 1669 2037 δὲ

131 2066 421 2144 στροσευχὴ
449 2067 682 2136 ἐνεργεῖν
723 2067 1115 2137 παρασκευάζει
1145 2073 1230 2124 τὸν
1259 2073 1378 2124 νοῦν
1407 2074 1502 2143 τὴν
1539 2075 1668 2125 ἰδίαν

136 2151 229 2206 ξ’.οὲ
243 2167 448 2217 ργειαν.

689 2265 951 2333 ιΚΕΦΑΛ.
998 2270 1115 2321 [ιΔο.

214 2371 492 2442 Προσευχὴ
556 2374 670 2425 ἐστὶ
739 2376 1010 2445 πρέπουσα
1072 2381 1358 2450 ἐνέργεια,
1420 2388 1481 2453 τῇ
1548 2386 1670 2456 ἀξίᾳ

139 2457 234 2510 τοῦ
277 2459 366 2512 νοῦ
389 2461 503 2530 ἦτοι
530 2465 801 2532 κρείττων,
837 2471 925 2519 καὶ
950 2470 1233 2540 εἰλικρινὴς
1257 2475 1428 2539 κρίσις
1453 2477 1630 2528 αὑτοῦ.

706 2658 948 2711 ΚΕΦΑΛ.
989 2660 1109 2712 ΠΕ’.

226 2766 290 2816 Ἦ
315 2765 408 2831 μὲν
428 2765 705 2834 ψαλμῳδία
726 2765 885 2828 τύπος
904 2768 997 2834 τῆς
1026 2771 1263 2838 ποικίλης
1293 2774 1477 2838 σοφίας
1499 2777 1659 2841 ἐστὶν,

137 2853 170 2918 ἡ
213 2849 274 2902 δὲ
313 2853 603 2921 προσευχὴ,
642 2851 914 2922 προοίμιόν
942 2857 1053 2907 ἐστι
1093 2857 1189 2924 τῆς
1219 2857 1398 2924 ἀΰ).ου,
1434 2863 1526 2914 καὶ
1556 2880 1664 2914 ποια

138 2937 298 3004 κίλης
324 2939 584 3004 γνώσεως.

685 3050 922 3103 ΚΕΦΑΛ.
976 3053 1112 3117 HG’.

218 3155 285 3206 Ἦ
315 3156 526 3222 γνῶσις,
561 3157 809 3228 καλλίστη
841 3161 1084 3231 ὑπάρχει,
1117 3165 1367 3233 συνεργὸς
1409 3168 1512 3236 γάρ
1547 3163 1656 3219 ἐστὶ

136 3244 236 3310 τῆς
269 3246 586 3313 προσευχῆς,
621 3248 716 3315 τὴν
749 3250 932 3317 νοερὰν
967 3251 1188 3319 δύναμιν
1212 3253 1303 3305 τοῦ
1339 3256 1426 3306 νοῦ
1456 3256 1656 3309 διυτινί-

139 3334 305 3394 ζουσα
333 3335 463 3403 πρὸς
499 3336 724 3406 θεωρίαν
745 3339 838 3406 τῆς
861 3339 1003 3401 θείας
1033 3341 1297 3406 γνώσεως.

713 3533 949 3582 ΚΕΦΑΛ,
984 3533 1098 3584 ΠΖ’.

207 3634 268 3685 Εἰ
300 3633 506 3686 οὐδέπω
547 3635 729 3696 ἐλαὸες
772 3638 1007 3706 χάρισμα
1049 3642 1365 3710 προσευχῆς,
1411 3643 1440 3710 ἢ
1483 3643 1654 3712 ψαλμ-

137 3723 317 3788 ῳδίας,
353 3724 683 3794 ἐφέδρενσον,
719 3726 809 3775 καὶ
835 3725 995 3793 λήψῃ.

692 3851 933 3901 ΚΕΦΑΛ.
965 3850 1092 3900 ΠΗ¹.

204 3962 394 4024 Ἔλεγε
426 3959 480 4009 δὲ
512 3960 692 4018 αὐτοῖς
722 3959 810 4009 καὶ
842 3957 1144 4026 παραϐολὴν
1171 3960 1300 4027 πρὸς
1323 3959 1380 4010 τὸ
1403 3960 1508 4011 δεῖν
1555 3962 1648 4010 αὺ-

133 4049 254 4108 τοὺς
281 4048 505 4097 πάντοτε
542 4045 941 4112 προσεύχεσθαι,
979 4047 1068 4096 καὶ
1099 4045 1170 4113 μὴ
1214 4048 1459 4098 ὲκκακεῖν
1483 4063 1495 4076 ·
1527 4050 1650 4098 οὐκ⁴

132 4136 224 4186 οὖν
282 4136 354 4203 μὴ
410 4134 625 4184 ὲκκάκει
665 4133 815 4193 τέως,
860 4133 985 4200 μηδὲ
1019 4132 1207 4199 ἀθύμει
1241 4133 1313 4193 ὠς
1346 4133 1417 4200 μὴ
1453 4133 1643 4183 λαϐὼν·

131 4225 269 4293 λήψῃ
310 4225 414 4292 γὰρ
447 4223 664 4290 ὕστερον
693 4237 704 4249 '
757 4222 846 4271 καὶ
879 4223 1110 4289 ἐπήγαγε
1140 4224 1203 4286 τῇ
1234 4222 1525 4289 παραῦολῇ,
1561 4222 1643 4272 τό·

136 4331 150 4359 ι
186 4312 244 4360 Εί
275 4310 380 4377 γὰρ
422 4311 518 4358 καὶ
541 4308 668 4359 Θεὸν
703 4309 761 4358 οὐ
796 4306 1076 4380 φοῆοῦμαι,
1111 4308 1198 4357 καί⁸
1244 4307 1517 4375 ἄνθρωπον
1552 4311 1647 4361 οὐκ

129 4399 474 4466 ἐντρέπομαι,
496 4396 627 4450 ἀλλά
653 4413 714 4462 γε
745 4397 828 4447 διὰ
856 4396 912 4446 τὸ
940 4396 1133 4456 κόπους
1167 4398 1415 4463 παρέχειν
1449 4414 1535 4464 μοι
1555 4398 1648 4465 τὴν

133 4489 378 4551 γυναῖκα,
419 4487 626 4553 ποιήσω
656 4485 749 4553 τὴν
779 4484 1047 4551 ἐκδίκησιν
1071 4473 1264 4552 αὑτῆςο
1298 4503 1316 4538 ι
1365 4484 1531 4546 οὕτως
1560 4483 1648 4536 οὖν

129 4574 222 4624 καὶ
256 4575 283 4623 ὁ
313 4574 440 4636 Θεὸς
477 4575 685 4644 ποιήσει
717 4574 808 4642 τὴν
834 4573 1098 4641 ἐκδίκησιν
1115 4573 1218 4623 τῶν
1253 4572 1485 4639 βοώντων
1519 4575 1648 4641 πρὸς

129 4653 290 4712 αὺτὸν
338 4664 534 4727 νυκτὸςΔ
568 4664 658 4716 καὶ
707 4664 908 4732 ἡμέρας
960 4664 1015 4713 ὲν
1057 4657 1224 4732 τάχει.
1255 4663 1483 4731 Εὑθύμει
1540 4679 1647 4713 τοι-

130 4749 330 4816 γαροῦν
363 4751 800 4821 προσκαρτερῶν
856 4750 1097 4817 ὲμπόνως
1157 4752 1219 4816 τῇ
1289 4748 1417 4817 ἁγία
1481 4766 1644 4817 προσ-

128 4839 296 4903 ευχῇυ

687 4964 926 5016 ΚΕΦΑΛ.
952 4962 1074 5015 ΙΙΘ’.

199 5070 284 5137 Μὴ
319 5070 542 5138 θελήσῃς
567 5071 638 5130 ὦς
668 5087 744 5121 σοι
772 5072 932 5130 δοκεῖ,
969 5074 1078 5123 ἀλλ’
1114 5076 1185 5135 ὡς
1211 5072 1322 5139 θεῷ
1343 5070 1554 5139 ἀρέσκει
1578 5069 1640 5121 τὰ

129 5159 263 5212 κατά
291 5159 347 5208 σὲ
378 5159 641 5224 γενέσθαι,
677 5161 767 5211 καὶ
795 5161 892 5230 ἔσῃ
906 5162 1200 5230 ἀτάραχος,
1224 5163 1313 5214 καὶ
1340 5146 1644 5226 εὐχαριστος

131 5253 189 5302 ὲν
213 5251 473 5316 προσευχῇ
502 5265 615 5302 σου.

199 5467 244 5498 ⁸⁵
278 5465 403 5520 Luc.
435 5480 584 5528 XVIII,
608 5463 722 5515 2-6.

1705 1677 1751 1736 Β
1777 1667 1947 1736 pullus
1991 1671 2178 1736 aquila:
2211 1671 2264 1722 in
2297 1672 2458 1724 altum
2494 1675 2747 1727 elevatus.

2271 1778 2490 1833 CAPUT
2524 1781 2796 1836 LXXXIII.

1841 1883 2164 1936 Psalmornm
2199 1895 2384 1938 cantus
2423 1887 2694 1952 passiones
2728 1887 2905 1950 sedat,
2932 1895 2983 1940 et
3015 1892 3292 1956 consopit,

1771 1975 2110 2039 corporisque
2136 1974 2588 2040 intemperantiam
2626 1977 2897 2042 quiescere
2923 1975 3065 2029 facit.
3108 1976 3289 2031 Oratio

1771 2067 1940 2112 autem
1981 2055 2204 2114 mentem
2237 2072 2512 2129 praeparat,
2543 2073 2603 2115 ut
2639 2065 2998 2131 operationem
3024 2067 3287 2132 propriam

1773 2160 2026 2201 CXUI‘CCEH.

2259 2261 2478 2314 CAPUT
2519 2262 2792 2315 LXXXIV.

1841 2371 2018 2423 Oratio
2059 2381 2137 2425 cst
2196 2376 2431 2440 operatio
2456 2413 2473 2438 ,
2497 2390 2613 2441 qua:
2638 2376 2787 2428 decet
2813 2375 3115 2443 dignitatem
3143 2389 3288 2428 men-

1785 2461 1890 2524 tis,
1943 2455 2032 2513 seu
2084 2469 2164 2514 est
2207 2463 2460 2529 judicium
2517 2463 2683 2528 ipsius
2734 2463 2963 2525 melius,
3014 2471 3066 2514 et
3114 2465 3282 2515 since-

1770 2564 1908 2600 rum.

2263 2656 2485 2711 CAPUT
2523 2656 2772 2709 LXXXV.

1832 2762 2159 2817 Psalmorum
2200 2774 2385 2818 cantus
2421 2774 2502 2818 est
2551 2766 2723 2833 imago
2753 2766 3030 2835 variegatae
3067 2769 3279 2836 sapienc

1765 2855 1880 2919 tiae;
1916 2855 2085 2907 oratio
2125 2853 2282 2926 £37
2331 2870 2490 2919 vero,
2547 2856 2863 2924 prooemium
2923 2867 3005 2910 est
3037 2858 3277 2912 immate-

1686 2973 1728 3029 α
1765 2937 1908 2989 rialis
1947 2944 1996 2990 et
2022 2937 2178 2989 varia:
2201 2937 2532 3004 cognitionis.

2256 3046 2472 3100 CAPUT
2502 3045 2774 3100 LXXXVI.

1826 3156 2066 3224 Cognitio
2120 3156 2472 3224 pulcherrima
2505 3162 2607 3216 est,
2641 3155 2831 3222 quippe
2860 3169 2984 3233 quae)
3016 3153 3276 3206 orationis

1759 3254 1836 3297 est
1883 3246 2231 3312 cooperatrix,
2272 3244 2372 3295 vim
2433 3243 2621 3295 mentis
2670 3242 3051 3311 intelligibilem
3081 3257 3269 3308 exper-

1759 3331 1886 3398 gisci
1948 3331 2145 3383 faciens
2213 3330 2278 3382 ad
2352 3329 2546 3382 notitia:
2616 3328 2803 3381 divina:
2874 3329 3270 3395 contemplatio-

1759 3434 1899 3471 nem.

2238 3525 2458 3579 CAPUT
2485 3525 2782 3580 LXXXVII.

1826 3623 1881 3689 Si
1909 3637 2128 3689 necdum
2155 3637 2402 3702 accepisti
2430 3638 2652 3703 gratiam
2691 3637 2968 3700 orationis,
2995 3645 3086 3689 aut
3128 3638 3271 3704 psal-

1757 3725 1960 3785 modiaa,
1993 3724 2177 3775 insiste
2211 3723 2448 3784 sedulus,
2485 3730 2538 3774 et
2575 3723 2824 3787 accipies.

2216 3845 2437 3899 CAPUT
2473 3843 2794 3896 LXXXVIII.

1822 3954 2035 4007 Dicebat
2067 3965 2239 4007 autem
2268 3955 2396 4021 ipsis
2423 3962 2473 4006 et
2511 3954 2834 4021 parabolam,
2863 3953 3002 4020 quod
3027 3962 3267 4020 oporteat

1754 4043 1893 4108 ipsos
1923 4058 2128 4108 semper
2149 4058 2320 4106 orare,
2348 4057 2513 4110 neque
2543 4043 2771 4096 deiicere
2799 4062 2810 4095 :
2841 4060 2946 4098 non
2980 4046 3136 4115 igitur
3169 4049 3263 4102 de-

1753 4131 1894 4183 licias
1918 4130 2187 4192 hactenus,
2220 4147 2387 4198 neque
2417 4131 2743 4196 despondeas
2772 4133 2970 4194 animo,
3002 4135 3122 4200 quia
3157 4151 3260 4188 non

1752 4218 2049 4284 acceperis;
2107 4219 2330 4284 accipies
2396 4219 2586 4271 etenim
2649 4229 2825 4287 postea
2882 4241 2893 4274 :
2943 4229 2995 4273 et
3045 4221 3267 4288 subjecit

1753 4308 1940 4360 deinde
1968 4309 2228 4374 parabolae
2255 4309 2378 4360 illud
2417 4309 2613 4361 dictum
2642 4327 2654 4361 :
2691 4327 2708 4359 ι
2749 4309 2804 4361 Si
2838 4325 3064 4377 namque
3098 4309 3263 4363 Deum

1753 4396 1966 4448 minime
1995 4397 2175 4458 timeo,
2204 4406 2256 4450 et
2297 4396 2561 4450 hominem
2602 4411 2704 4451 non
2747 4413 3021 4463 revereor;
3091 4409 3263 4452 tamen

1750 4495 2021 4555 propterea
2050 4486 2188 4554 quod
2229 4487 2415 4538 mulier
2445 4487 2572 4539 mihi
2618 4489 2811 4554 praebet
2841 4474 3129 4561 molestias,
3182 4491 3267 4554 ip-

1750 4579 1858 4630 sius
1895 4576 2142 4628 ultionem
2168 4574 2354 4628 faciam
2382 4576 2459 4638 ";
2502 4594 2520 4626 ι
2554 4576 2630 4628 sic
2655 4591 2780 4643 ergo
2807 4586 2858 4627 et
2913 4577 3050 4627 Deus
3106 4573 3264 4626 faciet

1747 4664 2027 4715 vindictam
2077 4663 2416 4714 clamantium
2467 4662 2532 4713 ad
2595 4662 2765 4728 ipsum
2833 4670 2985 4713 noctu
3046 4659 3255 4722 diuque.

1746 4749 1871 4802 Esto
1901 4749 2074 4816 itaque
2107 4750 2246 4802 bono
2276 4750 2450 4801 animo
2501 4762 2841 4815 perseverans
2895 4745 3150 4796 laboriose
3204 4747 3262 4798 in

1748 4847 1926 4890 sancta
1965 4838 2217 4890 oratione.

2231 4964 2450 5018 CAPUT
2477 4962 2766 5015 LXXXIX.

1811 5077 1903 5137 Ne,
1928 5086 1981 5127 ut
2011 5076 2098 5126 tth
2131 5073 2515 5132 videtur,'\'elis
2533 5073 2666 5132 ﬁeri,
2689 5087 2804 5139 qna:
2832 5072 2893 5124 ad
2924 5081 2973 5124 te
3001 5076 3251 5138 spectant,

1745 5167 1832 5218 sed
1871 5177 1927 5220 ut
1963 5162 2067 5214 Deo
2095 5162 2283 5228 placet,
2315 5162 2523 5222 erisque
2558 5162 2985 5230 imperturbatus,
3037 5165 3088 5210 et
3134 5170 3250 5222 gra-

1747 5251 1841 5303 tias
1864 5262 2021 5313 agens
2050 5248 2100 5298 in
2135 5256 2219 5299 tua
2247 5247 2502 5300 oratione.

3327 1297 3337 1380 ἓ
