4058 6350
101 378 208 439 1189

1385 365 1477 423 DE
1503 363 1895 434 omnem

3076 354 3205 416 1190

98 479 320 546 ιογισμὺν
369 478 535 540 λέγων
585 473 714 540 πρὸς
770 472 856 522 τὸν
909 469 1053 519 θεόν·
1102 467 1173 517 Οὐ
1226 467 1592 533 φοϐηθήσομαι
1623 473 1700 535 ΑΙ

1623 487 1663 535 Α
1694 465 1913 522 tionem,
1969 463 2147 515 dicens
2171 463 2232 513 ad
2265 461 2421 514 Deum
2449 482 2460 513 :
2493 462 2604 515 Non
2635 462 2828 514 timebo
2873 461 3031 524 mala,
3075 474 3202 526 quo.

98 568 235 627 κακὰ,
264 566 344 614 ὅτι
371 564 430 614 σὺ
463 563 576 629 μετ’
609 559 738 628 ἐμοῦ
768 555 833 616 εἴ,
867 557 1044 607 καὶτὰ
1072 557 1245 620 ὅμοια.

649 666 896 718 ΚΕΦΑΛ.
928 664 1045 728 ur.

161 777 239 827 Ἐν
267 775 434 842 καιρῷ
463 773 567 823 τῶν
593 773 840 824 τοιούτων
879 759 1217 839 πειρασμῶν,
1253 765 1476 834 βραχείᾳ
1504 765 1593 816 καὶ

97 865 426 931 ὲπιτεταμένῃ
458 864 727 930 προσευχῇ
760 861 1011 927 κέχρησο.

625 994 630 997 -
658 966 902 1018 ΚΕΦΑΛ.
931 963 1020 1026 te

166 1081 278 1132 Ἐὰν
314 1077 640 1145 ἀπειλήσωσί
678 1090 757 1125 σοι
800 1074 846 1123 οἱ
878 1072 1141 1138 δαίμονες,
1177 1070 1379 1137 ἁθρόως
1417 1070 1479 1118 ὲκ
1507 1065 1596 1118 τοῦ

98 1175 235 1241 ἀέρος
262 1167 661 1240 προφαίνεσθαι,
693 1164 785 1215 καὶ
810 1161 1122 1228 ἐκπλήττειν
1154 1175 1230 1219 σε,
1255 1158 1342 1207 καὶ
1371 1154 1597 1221 διαρπά-

100 1265 194 1323 ζειν
223 1262 312 1324 τὸν
335 1259 453 1312 νοῦν
486 1273 596 1315 σου,
628 1254 659 1321 ἢ
683 1254 753 1314 ὠς
773 1252 932 1320 θῆρες
953 1250 1146 1299 ἀδικεῖν
1167 1246 1258 1313 τὴν
1287 1247 1456 1312 σάρκα
1486 1258 1596 1301 σου,

102 1348 164 1412 μὴ
210 1345 440 1412 ποηθῇς
475 1341 684 1399 αὐτοὺς,
721 1336 850 1404 μηδὲ
879 1334 1010 1393 ὅλως
1041 1331 1322 1400 φροντίσῃς
1354 1329 1447 1393 τῆς
1480 1325 1599 1375 τού-

100 1450 193 1486 των.
214 1432 455 1499 ἀπειλῆς·
478 1424 761 1493 ὲκφοὸοῦσι
791 1423 894 1492 γάρ
925 1439 981 1474 σε
1008 1419 1366 1488 πειράζοντες,
1396 1416 1441 1464 εί
1471 1414 1601 1472 ὅλως

102 1523 364 1590 προσέχεις
415 1520 615 1577 αὐτοῖς,
677 1515 722 1565 εί
780 1513 979 1563 τέλειον
1045 1507 1216 1559 αὐτῶν
1273 1501 1601 1568 κατεφρόνη-

101 1626 202 1671 σας,
230 1610 275 1659 εί
297 1607 410 1674 Θεῷ
438 1603 844 1671 παντοκράτορι,
881 1598 971 1648 καὶ
1009 1591 1331 1660 δημιουργῷ,
1358 1589 1445 1640 καὶ
1471 1602 1601 1654 προ-

101 1701 243 1764 νοητῇ
278 1696 369 1747 τοῦ
405 1693 596 1752 παντὸς
627 1687 955 1757 παρίστασαι
979 1686 1034 1734 ὲν
1055 1685 1118 1750 τῇ
1143 1679 1430 1745 προσευχῇ.

677 1892 920 1945 ΚΕΦΑΛ.
950 1891 1024 1942 P'.

159 2003 218 2053 Τί
242 2001 407 2063 οὕτως
434 1999 636 2066 ἀλόγως
658 1999 804 2065 αὐτῷ
834 1997 1189 2064 παρέστηκας,
1222 1995 1292 2054 ὡς
1317 1993 1601 2060 παρελθόνο

101 2107 155 2139 τα
203 2090 291 2139 τὸν
345 2086 737 2156 ἀνυπέρϐλητον
784 2083 942 2135 αὐτοῦ
981 2083 1157 2148 φόϐον,
1193 2081 1283 2150 καὶ
1323 2080 1600 2151 κώνωπας,

102 2177 182 2226 καὶ
212 2167 506 2244 κανθάρους
539 2172 889 2231 δεδίττεσθαι;
919 2171 950 2238 ἢ
986 2171 1082 2220 οὐκ
1119 2171 1349 2237 ἤκουσας
1391 2167 1482 2218 τοῦ
1519 2166 1605 2216 λέ-

115 2280 308 2328 γοντοςο
323 2255 565 2331 (Κύριον
580 2261 667 2313 τὸν
693 2263 821 2311 Θεὸν
839 2277 929 2310 σου
957 2258 1250 2326 φοϐτ,θήσῃ;
1277 2275 1296 2305 ›
1319 2255 1410 2308 καὶ
1426 2254 1602 2306 πάλιν·

108 2371 122 2399 σ
153 2354 240 2402 Ὃν
275 2353 479 2420 φρίττει
512 2350 605 2402 καὶ
657 2348 844 2416 τρέμει
883 2348 1052 2398 πάντα
1079 2343 1181 2397 ἀπὸ
1207 2341 1487 2412 προσώπου
1511 2341 1605 2407 τῆς

101 2440 361 2508 δυνάμεως
383 2438 577 2502 αὐτοῦς
613 2456 632 2488 ι
665 2437 841 2490 καὶτὰ
868 2434 1010 2502 ἑξῆς.

637 2545 892 2599 ΚΕΦΔΛ.
927 2545 1047 2595 ΡΔ¹⁸

164 2645 364 2721 Ὠσπερ
391 2653 420 2701 ὀ
442 2653 600 2720 ἄρτος
625 2650 792 2718 τροφή
821 2651 932 2700 ἐστι
977 2647 1053 2715 τῷ
1077 2647 1304 2714 σώματι,
1329 2645 1420 2697 καὶ
1445 2643 1608 2711 ἀρετὴ

103 2744 158 2808 τῇ
197 2739 357 2807 ψυχῇ,
395 2737 534 2790 οὕτω
563 2739 652 2788 καὶ
687 2736 775 2788 τοῦ
807 2735 896 2787 νοῦ
923 2736 955 2803 ἠ
981 2731 1313 2800 πνευματικὴ
1343 2730 1607 2798 προσευχὴ

106 2829 260 2897 τροφὴ
294 2829 540 2894 ὑπάρχει.

661 2927 901 2979 ΚΕΦΑΛ.
943 2925 1059 2978 PB’.

165 3043 250 3110 Μὴ
276 3037 625 3108 φαρισαῖκῶς,
660 3036 791 3089 ἀλλὰ
819 3033 1114 3095 τελωνικῶς
1139 3031 1430 3100 προσεύχου
1461 3031 1517 3080 ὲν
1537 3029 1611 3097 τῷ

110 3131 224 3197 ἱερῷ
251 3127 395 3195 τόπῳ
419 3125 514 3188 τῆς
539 3123 853 3192 προσευχῆς,
884 3121 968 3171 ἵνα
997 3121 1089 3172 καὶ
1113 3119 1175 3171 σὺ
1203 3116 1486 3185 δικαιωθῇς
1512 3115 1611 3166 ὑπὸ

110 3221 314 3288 Κυρίου.
870 3279 875 3285 ¹

671 3324 916 3376 ΚΕΦΔΛ.
954 3323 1093 3373 ΡΓίυ
1157 3324 1161 3328 ’

181 3416 462 3483 ’Ᾱγωνίςου
497 3407 570 3481 μὴ
600 3409 950 3473 κατεύξασθαι
985 3424 1124 3468 τινος
1169 3407 1223 3457 ὲν
1250 3409 1311 3472 τῇ
1346 3405 1611 3472 προσευχῇ

111 3521 212 3564 σου,
246 3505 330 3555 ἵνα
353 3503 424 3572 μὴ
452 3502 485 3554 ἃ
508 3501 797 3560 οίκοδοαεῖς
823 3494 1122 3562 καταλύσῃς
1143 3491 1424 3560 βδελυκτὴν
1451 3489 1614 3541 ποιῶν

110 3591 194 3657 τὴν
225 3590 525 3657 προσευχήν
560 3602 672 3636 σου.

679 3693 922 3745 ΚΕΦΑΛ.
951 3689 1079 3744 ΡΔ⁷ν

179 3787 234 3837 '0
265 3784 650 3855 χρεωφειλέτης
676 3784 780 3834 τῶν
806 3781 1010 3851 μυρίων
1035 3780 1302 3831 ταλάντων
1329 3761 1618 3830 παιδευέτω

113 3892 181 3937 σε,
201 3877 294 3938 ὡς,
326 3877 374 3926 εἰ
413 3876 485 3942 μὴ
518 3875 725 3942 ἀφήσῃς
749 3872 824 3940 τῷ
845 3871 1108 3938 ὀφειλέτῃ,
1139 3867 1254 3917 οὐδὲ
1274 3868 1429 3927 αὐτὸς
1462 3867 1617 3935 τεύξῃ

112 3968 196 4032 τῆς
227 3964 484 4029 ἀφέσεως·
515 3961 789 4028 παρέδωκε
824 3959 948 4024 γὰρ,
984 3953 1160 4024 φησὶν,
1203 3955 1359 4008 αὑτὸν
1385 3958 1493 4016 τοῖς
1524 3954 1619 4022 βα-

114 4054 390 4109 σανισταῖς.

497 4213 501 4217 ,
681 4152 926 4204 ΚΕΦΑΛ.
955 4152 1071 4205 PE'.

174 4240 540 4309 Παραπέμπου
592 4239 686 4299 τὰς
733 4241 969 4305 ἀνάγκας
1015 4241 1104 4292 τοῦ
1152 4243 1415 4309 σώματος,
1465 4245 1520 4292 ἐν
1555 4247 1618 4310 τῇ

1692 554 1833 604 niam
1863 562 1915 604 tu
1965 566 2170 603 mecum
2200 567 2294 615 es;
2331 562 2382 604 et
2409 553 2620 605 similia.

2205 660 2429 712 CAPUT
2481 660 2696 714 XCVIII.
2760 713 2762 715 .

1760 767 1811 818 In
1842 777 2077 835 tempore
2107 768 2467 834 hujuscemodi
2500 769 2841 821 tentationum
2875 777 3020 822 utere
3068 770 3211 824 brevi

1691 865 1744 907 et
1774 856 1976 908 intensa
2001 856 2256 908 oratione.

2237 963 2458 1016 CAPUT
2489 963 2668 1017 XCIX.
2744 1015 2751 1026 ,

1735 1068 1820 1136 .Si
1853 1070 2119 1122 daemones
2149 1072 2537 1122 comminemur
2579 1072 2670 1123 tibi
2701 1086 2818 1124 sese
2845 1086 2906 1123 ex
2931 1071 3213 1136 improviso
3298 1053 3303 1058 ’

1697 1159 2030 1224 apparituros
2058 1174 2120 1210 ex
2156 1174 2292 1219 aere,
2347 1168 2497 1225 teque
2525 1150 3014 1225 pe'rterrel'acturos,
3043 1170 3215 1223 tuam;

1697 1261 1800 1311 que
1827 1255 2055 1297 mentem
2088 1255 2350 1310 rapturos,
2376 1255 2482 1303 aut,
2514 1255 2762 1312 tanquam
2792 1254 2999 1298 atroces
3025 1234 3208 1298 bestiae.

1698 1344 1841 1385 tuam
1868 1349 2080 1386 carnem
2122 1335 2373 1386 violenter
2401 1331 2774 1393 dilaniaturos,
2847 1347 2911 1384 ne
2945 1322 3215 1398 ipsos‘pa-

1698 1437 1838 1482 veas,
1869 1437 1999 1474 neve
2031 1422 2290 1475 ullatenus
2322 1422 2527 1474 illorum
2544 1421 3004 1474 comminationem
3037 1436 3214 1483 cures;

1700 1509 1944 1574 injiciunt
1998 1511 2199 1576 quippe
2246 1519 2444 1562 metum
2492 1517 2750 1560 tentantes
2778 1518 2848 1572 te,
2899 1523 2962 1560 an
3001 1509 3218 1561 omnino

1699 1594 1826 1660 ipsis
1851 1595 2089 1645 attendas
2111 1633 2124 1657 ,
2158 1609 2222 1645 an
2252 1609 2342 1645 eos
2369 1593 2934 1658 totaliterdespexeris,
2959 1608 3023 1644 an
3047 1588 3220 1646 omnt-

1699 1681 1895 1746 potenti
1926 1682 2046 1741 Deo,
2078 1690 2128 1732 ct
2165 1680 2423 1742 Creatori,
2481 1680 2822 1746 omniumque
2873 1694 3048 1731 rerum
3099 1695 3221 1747 pro-

1635 1765 1673 1838 Β
1701 1768 1883 1832 visori,
1912 1768 1962 1818 in
2015 1767 2249 1819 oratione
2277 1766 2527 1820 astiteris.

2305 1875 2527 1928 CAPUT
2568 1876 2626 1928 C.

1769 1981 1902 2044 Quid
1939 1981 2105 2034 eidem
2137 1982 2242 2035 Deo
2276 1983 2345 2035 ita
2387 1981 2774 2034 inconsiderate
2818 1987 2980 2040 astas,
3016 1988 3072 2033 ut
3099 1980 3215 2046 ejus

1702 2068 2110 2133 insnperabilem
2159 2070 2406 2122 omittens
2463 2071 2722 2130 timorem,
2797 2077 2850 2120 et
2904 2067 3100 2120 culices
3170 2077 3224 2121 et

1701 2155 1978 2207 scarabeos
2012 2155 2388 2220 pertimescas?
2451 2155 2640 2206 Annon
2694 2146 2894 2206 audisti-
2915 2153 3210 2206 dicentem:

1709 2260 1726 2290 ‹
1765 2242 2040 2293 Dominum
2075 2243 2236 2294 Deum
2299 2251 2446 2295 tuum
2492 2242 2699 2294 timebis
2719 2242 2784 2306 ³⁷,
2841 2257 2860 2292 ι
2898 2249 2950 2293 et
3000 2253 3218 2294 rursus:

1707 2346 1726 2378 ι
1765 2328 1930 2392 Quem
1990 2337 2249 2392 metuunt,
2310 2339 2362 2384 et
2417 2340 2647 2384 tremunt
2703 2343 2733 2381 a
2794 2327 2927 2381 facie
2977 2326 3224 2395 potentiae

1703 2418 1818 2484 ejus
1837 2417 1919 2469 ”?
1954 2436 1972 2467 ι
1998 2427 2046 2469 et
2077 2419 2289 2488 reliqua.

2196 2525 2345 2594 501
2387 2524 2607 2579 CAPUT
2642 2507 2727 2577 Cl.

1776 2633 1923 2686 Sicut
1953 2637 2102 2700 panis
2132 2645 2212 2688 est
2235 2637 2546 2698 alimentum
2569 2631 2801 2698 corpori,
2825 2641 2879 2682 et
2909 2629 3076 2682 virtus
3098 2629 3214 2682 ani-

1707 2735 1825 2783 mae,
1863 2722 1933 2773 ita
1967 2731 2021 2774 et
2053 2722 2338 2775 intellectui
2397 2715 2687 2787 spiritu'alis
2728 2718 2898 2772 oratio
2932 2718 3233 2772 nutrimen-r

1707 2816 1817 2860 tum
1849 2818 1944 2861 est.

2289 2918 2511 2973 CAPUT
2538 2918 2646 2973 CII.

1780 3029 1854 3083 Ne
1880 3030 2210 3098 pliarisaice,
2246 3031 2336 3084 sed
2367 3044 2512 3083 more
2543 3028 2810 3096 publicani
2838 3041 2957 3081 ores
2995 3027 3048 3080 in
3077 3042 3229 3082 sacro

1712 3120 1967 3174 orationis
1997 3120 2133 3181 loco,
2159 3127 2218 3173 ut
2237 3119 2394 3172 etiam
2424 3126 2481 3171 tu
2508 3134 2537 3171 a
2563 3117 2788 3170 Domino
2821 3115 3149 3183 justiﬂeeris.

2260 3310 2503 3375 CAPUT
2527 3308 2656 3363 CIII.

1778 3397 2071 3460 Contende,
2113 3411 2214 3449 non
2247 3411 2396 3449 orare
2453 3397 2709 3448 adversus
2741 3394 2968 3461 aliquem
3027 3393 3079 3445 in
3136 3403 3224 3446 tua

1712 3484 1968 3548 oratione,
2003 3499 2066 3537 ne
2091 3484 2332 3537 destrnas
2353 3497 2468 3550 qua:
2495 3481 2745 3547 :ediﬁcas,
2767 3482 3056 3535 orationem
3085 3490 3227 3534 tuam

1657 3607 1659 3609 ι
1715 3575 2089 3627 exsecrandam
2124 3573 2410 3626 reddendo.

2278 3682 2501 3737 CAPUT
2527 3681 2660 3736 CIV.

1783 3773 1978 3827 Doceat
2024 3781 2072 3824 te
2116 3773 2203 3838 qui
2246 3772 2450 3823 debitor
2499 3781 2612 3822 erat
2651 3769 2830 3821 decem
2867 3769 3009 3837 mille
3065 3769 3225 3821 talen-

1717 3869 1912 3921 toruml
1953 3859 2092 3927 quod
2128 3858 2227 3909 nisi
2259 3858 2494 3909 dimittas
2557 3856 2805 3918 debitori,
2860 3870 2955 3908 nec
2992 3856 3102 3923 ipse
3150 3857 3228 3907 di-

1716 3949 2020 4000 missionem
2088 3945 2468 4012 consequeris;
2533 3943 2746 3996 tradidit
2800 3945 2958 4006 enim,
3039 3944 3228 4010 inquit,

1718 4038 1889 4104 ipsum
1939 4036 2223 4090 tortoribus
2257 4035 2324 4088 ”.

2295 4140 2512 4197 CAPUT
2539 4140 2649 4194 CV.

1786 4233 2128 4287 Practermitte
2151 4234 2387 4300 corporis
2418 4232 2783 4294 necessitates,
2821 4230 2943 4283 dum
2996 4229 3227 4282 orationi

113 4329 432 4397 παραστάσει
465 4325 560 4390 τῆς
589 4329 903 4393 προσευχῆς,
947 4327 1029 4376 ἵνα
1062 4328 1132 4394 μὴ
1177 4327 1488 4394 νυττόμενος
1520 4328 1621 4377 ὑπὸ
1651 4356 1692 4408 D

1651 4356 1692 4408 υ
1723 4325 1951 4385 assistis,
2002 4337 2067 4374 ne
2102 4314 2362 4375 fodicatus
2390 4336 2419 4374 a
2453 4321 2641 4388 pulice,
2679 4329 2768 4372 aut
2801 4336 2828 4371 a
2858 4318 3114 4387 pediculo,
3153 4314 3235 4370 vel

112 4416 320 4483 ψύλλης,
349 4410 680 4480 ἧφθειρὺς.ἣ
713 4411 1035 4480 κὼνωπος,ἣ
1068 4413 1243 4480 μυίας,
1264 4413 1535 4481 ζημιωθῇς
1563 4413 1621 4463 τὸ
1652 4405 1706 4498 ἶ

1652 4405 1888 4498 ῖοιιιίοο
1921 4424 2012 4462 seu
2046 4423 2248 4472 musca,
2284 4408 2502 4461 maximi
2545 4410 2676 4462 lucri
2710 4417 2811 4459 tum
2838 4406 3096 4458 orationis
3145 4405 3238 4458 de-

117 4504 355 4571 μέγιστον
391 4497 572 4568 κέρδος
600 4497 694 4563 τῆς
719 4501 1016 4567 προσευχῆς
1052 4517 1161 4550 σου.

681 4587 922 4637 ΚΕΦΑΛ.
964 4584 1094 4652 Pq'.

174 4673 368 4729 Ἦλθεν
393 4678 470 4734 είς
505 4675 665 4742 ἡμᾶς,
699 4673 773 4733 ὣς
796 4689 899 4723 τινι
930 4672 1034 4724 τῶν
1067 4674 1231 4738 ἁγίων
1266 4673 1618 4740 προσευχομέ-

116 4784 202 4833 νῳ,
222 4762 464 4815 τοσοῦτον
492 4759 768 4813 ἀνθίστατο
795 4760 822 4810 ὀ
851 4759 1094 4827 πονηρὸς,
1117 4760 1190 4820 ὡς
1215 4761 1325 4827 ἅμα
1353 4760 1443 4827 τῷ⁸
1461 4760 1627 4809 ἐκτεῖ-

118 4870 193 4905 ναι
221 4854 318 4911 τὰς
346 4853 557 4917 χεῖρας,
588 4849 786 4899 ἐκεῖνον
824 4849 902 4908 είς
927 4847 1127 4899 ,λέοντα
1174 4846 1630 4915 μετασχηματίζε-

121 4941 250 5003 σθαι,
283 4937 374 4989 καὶ
401 4936 694 5004 ἀνεγείρειν
723 4942 800 4996 εἰς
823 4938 976 5007 ὀρθὸν
1010 4938 1135 4998 τοὺς
1161 4937 1514 5006 ἐμπροσθίους
1537 4937 1630 4986 πό-

1720 4497 2025 4550 trimentum
2053 4495 2291 4564 patiaris.

2026 4589 2030 4595 '
2278 4579 2498 4634 CAPUT
2529 4578 2659 4633 CVI.

1790 4671 2030 4726 Pervenit
2059 4670 2124 4724 ad
2151 4685 2267 4734 nos,
2299 4672 2392 4724 seu
2421 4672 2485 4724 ad
2512 4685 2667 4724 aures
2700 4678 2931 4729 nostras,
2964 4665 3103 4734 quod
3125 4664 3240 4717 συὶ-
3267 4727 3270 4729 Α

1724 4761 1844 4814 dam
1869 4767 2172 4812 sanctorum
2228 4759 2400 4811 oranti
2424 4760 2553 4812 adeo
2581 4757 2735 4825 502
2769 4755 3028 4821 malignus
3059 4751 3241 4802 obsta-

1729 4848 1839 4909 bat,
1873 4857 1950 4912 ut,
1974 4848 2133 4900 simul
2171 4862 2232 4900 ac
2257 4862 2447 4900 manus
2477 4845 2808 4906 extendebat,
2839 4842 2924 4892 ille
2958 4840 3008 4889 in
3035 4838 3238 4889 leonem

1727 4934 2213 5005 transﬂguraretur,
2256 4946 2308 4986 et
2337 4943 2477 4986 recta
2507 4944 2717 5003 sursum
2771 4929 2977 4994 erigens
3007 4923 3239 4977 anterio-

119 5031 223 5090 δας,
251 5020 493 5088 καὶτοὺς
517 5029 742 5090 οἰκείους
777 5030 966 5097 ὄνυχας
1003 5027 1334 5095 ἑκατέρωθεν
1366 5029 1482 5087 ταῖς
1515 5025 1629 5076 δυσὶ

1731 5039 1815 5077 res
1860 5026 2038 5092 pedes,
2087 5023 2435 5090 propriosque
2495 5032 2696 5101 ungues
2744 5015 2994 5080 utrinque
3035 5011 3239 5065 duabus

120 5120 274 5186 ψύαις
304 5116 574 5184 ιμπείρειν
609 5115 699 5166 τοῦ
737 5116 1050 5182 ἀγωνιστοῢ,
1080 5117 1171 5168 καὶ
1203 5116 1274 5184 μὴ
1315 5113 1631 5180 ἀφίστασθαι

1733 5112 1887 5166 tnalis
1917 5109 2196 5164 certatoris
2229 5108 2462 5173 inﬁgeret
2483 5145 2495 5166 ,
2524 5118 2691 5183 neque
2718 5102 3017 5160 desisteret,
3069 5100 3240 5167 prius-

124 5209 238 5277 πρὶν
293 5206 387 5266 τὰς
442 5209 622 5272 χεῖρας
676 5203 913 5265 κατάξει.
974 5204 1073 5254 Τὸν
1135 5204 1188 5254 δὲ
1243 5203 1371 5271 μηδὲ
1425 5200 1631 5251 πώποτε

1734 5217 1892 5270 quam
1941 5214 2126 5251 manus
2159 5197 2246 5248 illc
2275 5196 2580 5257 diduceret;
2624 5193 2737 5259 ipse
2800 5206 2924 5245 vero
2973 5199 3240 5253 nunquam

124 5273 447 5365 ὑποχαλάσαι
474 5294 695 5362 ⁸ταύτας
751 5291 904 5359 ἄχρις
956 5285 1014 5341 οὗ
1052 5291 1152 5358 ξτὰς
1199 5291 1441 5357 συνήθεις
1478 5287 1634 5353 εὐχάς

1538 5289 1634 5353 xi;
1731 5292 1982 5344 relaxavit
2011 5273 2120 5347 eas‘,
2153 5285 2319 5337 donl-c
2351 5298 2530 5350 preces
2585 5291 2866 5337 consuetas
2891 5273 3137 5344 explevit.

129 5387 420 5455 ἐπλήρωσε.

201 5565 242 5597 ⁸⁷
268 5563 416 5616 Dent.
451 5576 502 5623 κ,
528 5561 613 5611 ευ.
687 5560 730 5589 ⁸⁸
765 5557 873 5610 .Iuel
922 5570 979 5609 ιι.
1022 5554 1116 5616 I0;
1150 5551 1348 5603 Nalutm
1424 5563 1461 5612 ι,
1486 5516 1550 5613 ¹5.,
1616 5550 1658 5580 ⁸⁸
1693 5519 1803 5599 Mati

687 5560 730 5589 ⁸⁸
765 5557 873 5610 .Iuel
922 5570 979 5609 ιι.
1022 5554 1116 5616 I0;
1150 5551 1348 5603 Nalutm
1424 5563 1461 5612 ι,
1486 5516 1550 5613 ’5.
1616 5550 1658 5580 ⁸⁸
1693 5519 1872 5600 Matth.
1907 5557 2053 5606 xvm,
2078 5541 2160 5593 SI.
2254 5613 2257 5616 γ
