4058 6350
171 227 282 290 I193
1467 220 1561 278 DE
1587 218 1773 278 ORAT

1700 217 1981 277 ATIONE.
3168 207 3302 271 1194

166 337 391 408 ποιμένος
424 334 704 404 δεχόμενος
728 334 821 386 καὶ
849 333 1160 403 προσκυνῶν
1193 335 1300 395 τοῖς
1324 331 1529 401 ἐχθροῖς
1557 332 1671 383 δαί·
1702 339 1745 390 Α

1702 339 1745 390 Α
1776 329 1954 396 lupum
1989 328 2100 381 vicc
2134 327 2357 395 pastoris
2391 325 2674 393 excipiens,
2705 331 2755 375 et
2811 324 2984 376 hostes
3035 323 3299 380 dmmones

170 443 317 496 μοσιν.
1776 417 1982 469 adores.

690 533 932 585 ΚΕΦΑΛ.
965 529 1127 597 PIq'.

2319 522 2540 578 CAPUT
2586 523 2760 576 CXVI.

228 641 388 709 Ἀρχὴ
423 599 649 709 πλάντίς,
680 639 769 691 νοῦ
804 623 1092 705 κενοδοξία,
1128 639 1185 702 ἐξ
1218 633 1283 708 ἦς
1305 638 1615 706 κινούμενος
1646 641 1674 690 6

1841 630 2164 698 Principium
2189 632 2387 683 erroris
2419 631 2612 684 mentis
2637 639 2717 684 est
2743 644 2874 682 vana
2905 629 3088 696 gloria,
3123 643 3152 679 a
3193 641 3295 692 qua

162 733 284 794 νοῦς,
306 735 360 783 ὲν
382 734 616 800 σχήματι
646 733 738 783 καὶ
773 735 1002 801 μορφαῖς
1034 731 1386 798 περιγράφειν
1421 731 1672 797 πειρᾶται

1773 723 1954 774 eadem
1990 737 2140 775 meus
2166 733 2451 784 commota,
2482 722 2917 774 circumscribere
2959 729 3123 773 tentat
3163 721 3295 773 divi-

162 822 210 872 τὸ
237 821 398 889 Θεζον.

1772 811 1990 863 nitatem
2039 813 2091 864 in
2132 812 2310 879 specie
2337 821 2496 879 atque
2538 811 2742 865 formis.

697 925 941 982 ΚΕΦΑΛ.
973 926 1114 981 PIZ'.

2302 921 2524 974 CAPUT
2566 921 2765 975 CXVII.

227 1035 358 1102 Ἐγὼ
383 1038 443 1088 τὸ
467 1037 614 1105 ἐμὸν,
641 1037 793 1090 τοῦτο
826 1038 930 1111 ξρῶ
961 1040 987 1089 ὃ
1021 1039 1112 1090 καὶ¹
1142 1041 1416 1107 νεωτέροις
1455 1041 1667 1109 εἴρηκα·

1841 1029 1951 1099 Ego
1977 1047 2149 1084 meum
2183 1033 2280 1084 hoc
2311 1033 2499 1096 dicam,
2530 1034 2670 1100 quod
2701 1043 2754 1085 et
2800 1032 3098 1101 junioribus
3151 1033 3296 1086 dixi:

159 1127 414 1194 Μακάριος
434 1130 462 1180 6
483 1128 619 1188 νοῦς,
649 1128 704 1190 ὃς
740 1129 875 1180 κατὰ
909 1129 996 1180 τὸν
1019 1131 1203 1197 καιρὸν
1232 1131 1328 1198 τῆς
1370 1132 1672 1199 προσευχῆς

1772 1120 1930 1174 Beata
1963 1137 2132 1185 mens,
2183 1138 2300 1191 qua:
2331 1123 2587 1176 orationis
2630 1132 2865 1192 tempore
2886 1123 3172 1191 perfectam
3191 1123 3300 1178 for-

156 1215 346 1267 τελείαν
373 1217 646 1285 ἀμορφίαν
673 1217 950 1285 ἐκτήσατο.

1770 1226 1979 1264 marum
2011 1215 2240 1280 possedit
2271 1215 2603 1267 vacuitatem.

688 1327 930 1378 ΚΕΦΑΔ.
963 1325 1114 1379 ΡΙΗ’.

2303 1322 2524 1379 CAPUT
2546 1323 2769 1377 CXVIII.

213 1434 484 1502 Μακάριος
532 1435 677 1487 ἐστιν
721 1437 747 1487 6
793 1435 934 1500 νοῦς,
977 1436 1033 1498 ὃς
1076 1437 1490 1505 ἀπερισπάστως
1518 1440 1670 1508 εὐχό-

1837 1430 2000 1485 Beata
2045 1447 2212 1495 meus,
2270 1451 2387 1502 quae
2433 1437 2548 1487 sine
2601 1436 2704 1488 ulla
2755 1450 2913 1489 orans
2951 1435 3297 1491 distractione

157 1537 316 1589 μενος,
363 1524 577 1576 πλείονα
635 1525 792 1576 πόθον
837 1527 921 1577 ἀεὶ
966 1526 1100 1595 πρὸς
1143 1527 1272 1579 Θεὸν
1321 1529 1669 1598 προσλαμϐά-

1449 1529 1669 1598 ςλαμσά-
1770 1534 1980 1588 semper
2013 1522 2131 1588 plus
2158 1522 2408 1575 desiderii
2462 1524 2686 1591 percipit
2710 1539 2835 1592 erga
2867 1522 3051 1576 Deum.

157 1627 244 1662 νει.

693 1724 935 1778 ΚΕΦΛΛ.
973 1727 1118 1782 ΡΙΘν.
1697 1649 1740 1704 Β

1697 1649 1740 1704 Β
2311 1717 2536 1772 CAPUT
2567 1715 2747 1771 CXIX.

210 1826 480 1896 Μακάριος
530 1830 676 1883 ἐστιν
722 1833 750 1883 6
798 1832 989 1895 νοῦς,ό
1027 1835 1164 1888 κατὰ
1206 1837 1295 1890 τὸν
1340 1837 1525 1907 καιρὸν
1567 1840 1669 1909 τῆς

1832 1827 1992 1881 Beata
2024 1843 2192 1892 mens,
2218 1845 2337 1896 quan
2373 1831 2515 1883 circa
2561 1838 2768 1897 tempus
2810 1828 3065 1882 orationis
3112 1827 3301 1881 imma-

152 1918 436 1985 προσευχῆς
464 1918 621 1979 ἁῦλος
649 1921 741 1972 καὶ⁵
761 1924 1019 1990 ἀκτήμων
1057 1924 1283 1990 γίνεται.
1739 1950 1742 1962 ν

829 1925 1019 1990 ,τήμων
1057 1924 1283 1990 γίνεται,
1739 1916 1962 1968 νιετίοιίε
1984 1924 2036 1970 e'.
2061 1917 2210 1984 inops
2239 1919 2431 1970 evadit.

691 2031 935 2084 ΚΕΦΑΛ.
976 2034 1105 2085 PK'.
2234 2026 2293 2094 51

2234 2026 2389 2095 505
2421 2023 2643 2080 CAPUT
2674 2026 2833 2080 cxx.

209 2137 479 2206 Μακάριος
522 2139 667 2191 ἐστιν
711 2140 738 2189 6
783 2139 922 2203 νοῦς,
963 2145 990 2194 6
1033 2142 1169 2194 κατά
1209 2144 1297 2195 τὸν
1342 2145 1528 2213 καιρὸν
1567 2146 1666 2215 τῆς

1831 2139 1988 2192 Beata
2032 2156 2210 2204 mens,
2264 2157 2384 2209 quae
2436 2142 2695 2196 orationis
2739 2152 2972 2211 tempore
3015 2140 3300 2209 perfectam

152 2224 435 2291 προσευχῆς
456 2223 664 2276 τελείαν
699 2226 1048 2296 ἀναισθησίαν
1089 2230 1444 2299 κτησάμενος.

909 2227 1048 2296 λσίαν
1089 2230 1444 2299 κτησάμενος,
1763 2227 2000 2292 possidet
2029 2229 2511 2281 insensibilitatem.

667 2337 912 2394 ΚΕΦΔΛ.
951 2341 1124 2403 PKA’.

2315 2339 2536 2394 CAPUT
2569 2340 2750 2394 CXXI.

210 2443 483 2514 Μακάριος
516 2448 628 2497 ἔστι
659 2451 903 2517 μοναχὸς,
933 2453 961 2501 6
986 2452 1197 2504 πάντων
1228 2451 1511 2522 περίψημα
1543 2454 1669 2507 ἑαυ-

1833 2450 2024 2504 Beatus
2041 2453 2349 2516 monachus,
2381 2451 2468 2519 qui
2492 2452 2724 2518 seipsum
2754 2452 2986 2504 omnium
3009 2465 3305 2519 penpsema

153 2531 230 2583 τὸν
252 2532 613 2600 λογιζόμενος.

385 2534 613 2600 ζὸμενος.
1762 2548 1987 2604 reputat.

671 2649 912 2701 ΚΕΦΛΑ.
955 2650 1126 2704 ΡΚΒ’.

2299 2646 2520 2701 CAPUT
2559 2646 2758 2701 CXXII.

209 2751 486 2824 Μακάριος
515 2757 627 2807 ἐστι
666 2759 911 2826 μοναχὸς,
944 2761 973 2811 6
1004 2760 1217 2812 πάντων
1250 2761 1343 2830 τὴν
1374 2764 1664 2832 σωτηρίαν,

1829 2754 2022 2809 Beatus
2070 2757 2385 2821 monachus,
2443 2757 2530 2824 qui
2589 2758 2814 2809 salutem
2855 2765 2909 2808 et
2960 2770 3297 2824 progressum

150 2838 234 2889 καὶ
269 2844 566 2912 προκοπὴν,
596 2844 670 2907 ὡς
698 2847 898 2899 οἰκείαν
936 2849 1074 2899 κατὰ
1103 2849 1281 2910 πάσης
1311 2853 1480 2919 χαρᾶς
1503 2854 1661 2922 ὁρῶν.

1760 2847 1996 2900 omnium
2029 2861 2148 2900 cum
2186 2848 2332 2901 omni
2381 2847 2592 2916 gaudio,
2623 2862 2716 2901 seu
2751 2846 3094 2900 libentissime
3142 2847 3303 2902 videt.

679 2955 920 3007 ΚΕΦΑΛ.
960 2957 1130 3011 PKI".
1697 2949 1737 3003 C

1697 2949 1737 3003 C
2295 2957 2518 3012 CAPUT
2550 2958 2776 3013 CXXIII.

211 3059 486 3126 Μαγάριός
518 3063 631 3114 ἐστι
670 3067 916 3132 μοναχὸς,
947 3069 975 3118 6
1010 3068 1212 3132 πάντας
1251 3071 1565 3138 ἀνθρώπους
1598 3073 1670 3138 ὡς

1837 3067 2032 3121 BeaIus
2062 3070 2373 3129 monachus,
2403 3071 2494 3138 qui
2526 3079 2644 3139 post
2667 3071 2830 3124 Deum
2855 3087 3039 3126 omnes
3065 3071 3305 3126 homines

149 3146 270 3199 Θεδν
300 3150 436 3217 μετὰ
460 3150 588 3203 Θεὸν
622 3152 984 3222 λογιζόμενος.

877 3173 984 3218 νος.
1768 3164 2019 3225 tauquam
2059 3159 2220 3210 Deum
2253 3167 2478 3224 reputat.

676 3264 922 3318 ΚΕΦΑΛ.
966 3267 1134 3317 PKA'.
1182 3247 1186 3250 ’

1182 3247 1186 3250 ’
2302 3268 2523 3322 CAPUT
2551 3269 2774 3322 CXXIV.

209 3369 450 3437 Μοναχός
497 3373 662 3439 ἐστιν,
694 3377 722 3426 6
765 3377 976 3428 πάντων
1023 3379 1340 3447 χωρισθεὶς,
1392 3383 1483 3432 καὶ
1540 3384 1670 3434 πᾶσι

1839 3376 2124 3429 Monachus
2151 3386 2249 3440 est,
2281 3381 2368 3445 qui
2397 3378 2462 3431 ab
2499 3381 2748 3434 omnibus
2771 3392 3041 3450 separatus
3065 3392 3166 3447 cst,
3191 3399 3310 3440 om-

149 3460 598 3527 συνηρμοσμένος.

1768 3465 2032 3534 nibusque
2051 3477 2170 3534 apte
2201 3469 2690 3537 accommodatus.~_
2725 3521 2734 3534 ,
2861 3483 2892 3526 .’
2963 3481 2969 3488 ’

669 3556 918 3629 κΕψΑλ.
957 3579 1127 3632 PKE'.

2313 3550 2536 3631 CAPUT
2564 3556 2765 3633 cxxv.

211 3677 456 3747 Μοναχός
482 3681 649 3746 ἔστιν,
679 3683 706 3733 6
737 3684 923 3736 ἑαυτὸν
954 3686 1091 3753 μετὰ
1125 3688 1338 3738 πάντων
1375 3688 1668 3757 ἡγούμενος

1835 3684 2121 3738 Monachus
2162 3697 2258 3748 cst,
2311 3689 2400 3752 qui
2457 3689 2689 3754 seipsum
2736 3706 2854 3742 cum
2901 3695 3147 3746 omnibus
3188 3709 3305 3748 esse

149 3761 228 3816 διὰ
283 3765 345 3815 τὸ
405 3766 464 3816 ἐν
521 3767 733 3832 ἑκάστῳ
780 3768 970 3820 ἑαυτὸν
1025 3771 1441 3838 ἀπαραλείπτως
1500 3774 1671 3826 δοκεῖν

1765 3773 2055 3830 existimat.
2097 3789 2158 3824 co
2207 3775 2344 3838 quod
2395 3773 2446 3825 in
2500 3781 2819 3843 unoquoque
2875 3778 2971 3831 sibi
3012 3794 3070 3833 se
3109 3781 3303 3849 jugitcr

145 3849 290 3917 ὸρᾷν.

1768 3860 1945 3914 videre
1976 3861 2228 3912 videatur.
2439 3931 2441 3934 ρ

671 3964 916 4016 ΚΕΦΑΛ.
957 3965 1141 4031 PKQ".

2295 3972 2514 4026 CAPUT
2543 3974 2766 4028 CXXVI.

212 4061 380 4128 Οὗτος
408 4071 710 4141 προσευχὴν
746 4075 1011 4138 ἐπιτελεῖ,
1040 4077 1067 4128 6
1093 4076 1178 4127 ἀεὶ
1215 4077 1669 4147 τὴνςπρωτόνοιαν

1835 4081 1883 4133 ls
1929 4081 2221 4134 orationem
2281 4085 2509 4151 perficit,
2557 4088 2644 4155 qui
2680 4074 2914 4158 'semper
2961 4076 3156 4150 tuentis
3193 4112 3303 4152 sua!

144 4156 339 4207 ἑαυτοῦ
371 4159 544 4210 πᾶσαν
567 4161 927 4230 καρποφορῶν
956 4161 1030 4230 τῷ
1063 4162 1199 4231 Θεῷ.

1184 4203 1199 4216 .
1767 4170 2029 4237 primitias
2062 4171 2231 4225 instar
2254 4172 2276 4224 f
2277 4185 2455 4230 ructus
2488 4175 2638 4230 offert
2663 4177 2785 4232 Deo.

677 4271 920 4325 κεφΑΑ.
961 4272 1128 4324 sz'.
1699 4237 1745 4293 υ
2196 4282 2279 4350 5c

1699 4237 1745 4293 θ
2196 4282 2351 4352 506
2383 4284 2607 4342 CAPUT
2635 4288 2886 4348 CXXVII.

213 4377 326 4430 Πᾶν
352 4377 541 4445 ψεῦδος
562 4418 577 4443 ,
609 4382 700 4434 καὶ
739 4380 914 4434 πάντα
939 4383 1096 4451 ὅρκον
1125 4375 1442 4453 περιίστασο
1470 4386 1544 4449 ὼς
1577 4405 1672 4456 μο-

1841 4387 2010 4443 Omne
2063 4394 2415 4459 mendacium,
2452 4408 2502 4450 et
2549 4416 2705 4455 omne
2745 4404 3118 4473 jusjurandum
3164 4406 3301 4465 evita

145 4472 322 4542 ναχδς,
351 4475 445 4526 καὶ
466 4476 853 4545 προσεύξασθαι
888 4478 1085 4542 ποθῶν,
1118 4480 1165 4531 εί
1190 4479 1245 4532 δὲ
1279 4481 1440 4550 μήγε,
1465 4484 1544 4545 είς
1569 4484 1670 4553 μά-

1772 4480 1925 4531 sicuti
1973 4483 2284 4546 monachus,
2319 4488 2518 4555 quique
2563 4504 2719 4545 orare
2748 4469 3029 4563 vperopt'as;
3067 4499 3298 4566 alioquin

144 4577 242 4631 την
270 4565 620 4632 σχηματίζεις
643 4566 700 4616 τὸ
726 4567 1006 4620 ἀνοίκειον.

883 4584 1006 4620 ειον,
1771 4567 1965 4622 frustra
2001 4571 2226 4625 'Ilienum
2267 4575 2485 4644 eﬂingis.

675 4696 920 4749 ΚΕΦΑΛ.
961 4698 1136 4750 PKH’.

2277 4703 2500 4760 CAPUT
2527 4707 2790 4763 CXXVIII.

218 4799 280 4852 Εἰ
308 4803 572 4868 πνεύματι
597 4808 990 4874 προσεύχεσθαι
1022 4807 1224 4874 βούλει,
1249 4808 1408 4875 μηδὲν
1440 4809 1668 4878 ἀνιμήσῃ

1841 4806 1893 4859 Si
1923 4809 2110 4876 spiritu
2137 4812 2264 4865 velis
2287 4829 2459 4879 orare,
2484 4817 2614 4868 nihil
2639 4817 2894 4872 hauriasa
2920 4835 3096 4885 carne,
3120 4825 3297 4891 sicque

144 4888 253 4942 ἀπὸ
297 4889 488 4956 σαρκὸς
538 4892 628 4940 καὶ
659 4893 752 4958 οὐχ
785 4890 923 4955 ἕξεις
965 4895 1119 4961 νέφος
1151 4895 1458 4947 ἀντικοτοῦν
1496 4911 1576 4946 σοι
1617 4897 1671 4946 ἐν

1773 4911 1874 4947 non
1905 4898 2119 4951 habebis
2151 4901 2392 4953 nebulam
2430 4904 2520 4955 tibi
2556 4913 2789 4972 tempore
2827 4910 3078 4964 orationis
3109 4888 3297 4966 adver-

145 4981 223 5050 τῴ
249 4978 421 5049 καιρῷ
445 4982 540 5048 τῆς
575 4984 895 5048 προσευχῆς.

387 4978 421 5047 ᾧ
445 4982 540 5048 τῆς
575 4984 895 5048 προσευχῆς.
1770 4994 1989 5038 santeIn.

675 5113 916 5163 ΚΕΦΑΛ.
961 5115 1128 5167 ΡΚΘ’.

2288 5118 2510 5172 CAPUT
2545 5123 2773 5178 CXXIX.
2828 5130 2832 5134 ⁴

229 5221 614 5291 Ἐμπίστευσον
653 5222 728 5290 τῷ
773 5222 886 5292 Θεῷ
919 5223 1014 5290 τὴν
1060 5225 1242 5291 χρείαν
1281 5223 1370 5276 τοῦ
1403 5223 1668 5290 σώματος,

1836 5227 2113 5280 Committe
2143 5229 2307 5282 fidens
2341 5231 2446 5285 Deo
2487 5239 2724 5303 corporis
2768 5248 3068 5304 egeSIatem,
3112 5242 3295 5309 sicque

148 5313 245 5365 καὶ
289 5310 442 5380 δῆλος
491 5311 584 5380 ἔσῃ
634 5315 724 5364 καὶ
768 5313 862 5380 τὴν
907 5311 998 5362 τοῦ
1061 5314 1362 5381 πνεύματος
1410 5314 1670 5367 πιστεύων

1771 5316 2078 5369 manifestus
2105 5319 2230 5382 eris,
2279 5323 2417 5387 quod
2452 5334 2502 5377 et
2531 5325 2668 5377 illam
2698 5325 2913 5391 spiritus
2943 5327 3042 5392 ipsi
3071 5345 3293 5385 concre-

145 5399 309 5467 αὐτῷ.
765 5407 772 5416 ί

765 5407 772 5416 ’
1769 5405 1868 5459 dis.

425 5515 688 5573 ι’Δτιιοι.
732 5506 842 5570 Cn.
874 5512 1123 5570 LXXIX.

2877 5524 2944 5585 38
