4058 6350
106 374 221 436 1189

1397 361 1489 419 DE
1515 359 1908 430 onamons,

3088 351 3216 412 “90

103 475 329 542 ι.ογισμὸν
381 446 547 536 λέγων
597 470 726 536 πρὸς
783 469 869 518 τὸν
921 465 1066 515 Θεὸν·
1114 464 1186 513 0'5
1238 463 1604 529 ᾳοὸηθήσομαι
1635 483 1663 532 Α

1718 461 1925 519 ,ἰοιιειιι,
1982 460 2159 511 dicens
2184 459 2245 509 ad
2276 458 2434 510 Denm
2461 478 2472 509 :
2505 458 2616 511 Non
2647 458 2840 512 timebo
2886 457 3043 520 mala,
3087 471 3214 522 quo.

105 564 247 624 κακὰ,
275 563 354 610 ὅτι
382 561 442 610 σὺ
476 559 588 624 μετ’
622 555 750 623 ἐμοῦ
780 551 846 613 εἴ,
880 554 969 604 καὶ
990 553 1056 602 τὰ
1084 553 1258 616 ὃμοια.

662 661 907 714 ΚΕΦΑΛ.
940 661 1058 724 ur.
1366 733 1368 736 _

176 774 252 824 Ἐν
280 771 448 839 καιρῷ
476 769 580 819 τῶν
605 769 853 820 τοιούτων
892 755 1246 834 πειρασμῶν,
1265 761 1488 830 βραχείᾳ
1516 762 1607 813 καὶ

105 861 438 928 ὲπιτεταμὲνῃ
472 860 740 926 προσευχῇ
773 857 1024 923 κέχρησο.

639 962 914 1014 -ΚΕΦΑΛ,
944 959 1032 1023 μοι

181 1078 291 1129 Ἐὰν
325 1073 653 1142 ἀπειλήσωσί
691 1086 770 1121 σοι
812 1070 859 1120 οἱ
891 1068 1154 1134 δαίμονες,
1190 1066 1391 1132 ἁθρόως
1429 1065 1491 1114 ἐκ
1520 1061 1610 1114 τοῦ

107 1172 252 1238 ἀέρος
276 1163 674 1237 προφαίνεσθαι,
707 1160 798 1212 καὶ
822 1157 1134 1224 ἐκπλήττειν
1166 1171 1243 1215 σε,
1268 1154 1355 1203 καὶ
1384 1150 1610 1217 διαρπά-

106 1262 214 1320 ζειν
241 1259 324 1320 τὸν
347 1255 467 1308 νοῦν
498 1269 610 1312 σου,
640 1250 672 1318 ἢ
696 1250 766 1310 ὡς
787 1248 945 1316 θῆρες
966 1246 1159 1295 ἀδικεῖν
1180 1242 1271 1308 τὴν
1300 1243 1468 1307 σάρκα
1499 1254 1608 1297 σου,

109 1344 176 1409 μὴ
229 1342 454 1409 πτοηθῇς
488 1337 698 1395 αὐτοὺς,
733 1332 863 1400 μηδὲ
892 1330 1023 1390 ὅλως
1054 1326 1335 1396 φροντίσῃς
1366 1325 1459 1389 τῆς
1493 1320 1612 1371 τού-

105 1447 212 1482 των.
233 1429 468 1495 ἀπειλῆςο
491 1420 774 1490 ὲκφοὸοὖσι
804 1419 906 1488 γάρ
938 1435 994 1470 σε
1021 1415 1379 1484 πειράζοντες,
1409 1412 1454 1460 εί
1484 1410 1614 1469 ὅλως

108 1520 376 1587 προσέχεις
429 1516 628 1575 αὐτοῖς,
689 1511 736 1561 εί
792 1510 991 1559 τέλειον
1057 1503 1229 1556 αὐτῶν
1286 1498 1614 1564 κατεφρόνη-

107 1586 221 1668 σας,
248 1607 290 1656 εί
311 1604 423 1671 Θεῷ
452 1599 857 1667 παντοκράτορι,
893 1594 984 1644 καὶ
1021 1587 1343 1657 δημιουργῷ,
1370 1586 1458 1636 καὶ
1484 1599 1614 1650 προ-

105 1697 259 1762 νοητῇ
292 1692 382 1744 τοῦ
418 1689 609 1748 παντὸς
639 1684 972 1776 παρίστασαι
992 1683 1046 1730 ὲν
1068 1681 1131 1746 τῇ
1156 1676 1442 1740 προσευχῇ.

691 1889 933 1942 ΚΕΦΑΛ.
962 1887 1037 1938 P'.

174 2000 233 2050 Τί
256 1997 420 2060 οὕτως
447 1995 648 2062 ἀλόγως
671 1995 817 2061 αὐτῷ
847 1993 1202 2060 παρίστηκας,
1234 1991 1305 2051 ὡς
1329 1988 1614 2056 παρελθόν-

111 2103 170 2136 τα
218 2088 303 2136 τὸν
358 2083 750 2152 ἀνυπέρϐλητον
797 2079 954 2131 αὑτοῦ
994 2080 1170 2144 φόϐον,
1206 2078 1296 2148 καὶ
1336 2076 1613 2147 κώνωπας,

113 2173 197 2224 καὶ
227 2172 520 2240 κανθάρους
552 2168 902 2227 δεδίττεσθαι;
932 2168 962 2234 ἢ
999 2167 1094 2216 οὐκ
1132 2167 1362 2232 ἤκουσας
1404 2163 1495 2214 τοῦ
1531 2162 1617 2211 λέ-

126 2276 319 2325 γοντος
334 2280 351 2310 ι
367 2252 577 2328 ’Κύριον
592 2258 679 2310 τὸν
706 2258 834 2308 Θεὸν
852 2273 942 2306 σου
969 2254 1263 2322 φοϐτ,θήσῃ;
1290 2271 1308 2301 ›
1331 2251 1422 2304 καὶ
1439 2251 1615 2302 πάλιν·

119 2368 134 2396 ι
168 2350 253 2400 ’ον
286 2350 492 2416 φρίττει
525 2346 618 2398 καὶ
669 2345 856 2413 τρέμει
895 2345 1066 2394 πάντα
1091 2340 1194 2393 ἀπὸ
1220 2337 1500 2408 προσώπου
1523 2337 1618 2403 τῆς

111 2436 373 2503 δυνάμεως
396 2434 590 2498 αὑτοῦ;
627 2453 646 2484 ι
677 2433 766 2485 καὶ
787 2433 854 2484 τὰ
881 2431 1024 2497 ἑξῆς.

650 2541 905 2595 ΚΕΦΔΛ.
939 2541 1060 2591 PA'.

178 2650 378 2718 Ὠσπερ
404 2649 432 2698 ὁ
455 2649 612 2716 ἄρτος
639 2647 805 2714 τροφή
834 2648 945 2696 ἐστι
990 2643 1066 2711 τῷ
1090 2643 1316 2710 σώματι,
1343 2642 1434 2693 καὶ
1458 2640 1621 2707 ἀρετὴ

113 2740 172 2805 τῇ
209 2732 370 2804 ψυχῇ,
408 2734 547 2787 οὕτω
575 2735 664 2785 καὶ
700 2732 788 2784 τοῦ
820 2732 908 2784 νοῦ
936 2732 968 2799 ἠ
994 2728 1325 2797 πνευματικὴ
1355 2726 1620 2795 προσευχὴ

116 2826 270 2894 τροφὴ
305 2825 553 2891 ὑπάρχει.

163 2997 166 2999 λ
673 2923 914 2976 ΚΕΦΑΛ.
955 2921 1072 2974 PB'.

177 3039 260 3108 Μὴ
287 3033 638 3104 φαρισαῖκῶς,
672 3032 804 3086 ἀλλὰ
831 3014 1126 3091 τελωνικῶς
1153 3027 1442 3096 προσεύχου
1474 3027 1530 3076 ὲν
1550 3025 1624 3093 τῷ

120 3127 234 3194 ἱερῷ
262 3125 408 3191 τόπῳ
432 3121 528 3184 τῆς
552 3119 866 3188 προσευχῆς,
897 3117 981 3168 ἵνα
1009 3117 1102 3168 καὶ
1125 3115 1188 3166 σὺ
1217 3112 1499 3180 δικαιωθῇς
1525 3111 1625 3162 ὑπὸ

119 3217 328 3286 Κυρίου.
883 3275 888 3280 _

684 3320 928 3372 ΚΕΦΑΛ.
966 3318 1106 3369 PI“.~
1170 3320 1175 3325 ’

193 3412 475 3479 Ἀγωνίζου
510 3411 584 3478 μὴ
614 3405 963 3470 κατεύξασθαι
998 3420 1137 3464 τινος
1181 3403 1236 3453 ἐν
1263 3405 1324 3468 τῇ
1359 3401 1624 3469 προσευχῇ

122 3517 224 3561 σου,
259 3502 344 3552 ἵνα
366 3499 437 3568 μὴ
465 3499 498 3550 ἃ
521 3497 810 3556 οίκοδοαεῖς
836 3490 1136 3557 καταλύσῃς
1156 3487 1437 3556 βδελυκτὴν
1464 3486 1628 3536 ποιῶν
1659 3499 1663 3502 ·

119 3588 206 3655 τὴν
237 3586 538 3653 προσευχήν
573 3599 685 3632 σου.

692 3689 936 3741 ΚΕΦΑΛ.
963 3685 1090 3740 PA'.

191 3783 249 3833 '0
279 3780 669 3850 χρεωφειλέτης
689 3780 794 3830 τῶν
819 3777 1023 3846 μυρίων
1049 3775 1315 3827 ταλάντων
1341 3757 1631 3826 παιδευέτω

121 3889 194 3933 σε,
215 3872 308 3934 ὡς,
341 3873 387 3922 εί
427 3872 498 3938 μὴ
531 3871 738 3938 ἁφήσῃς
762 3868 837 3935 τῷ
859 3867 1121 3934 ὀφειλέτῃ,
1153 3863 1267 3913 οὐδὲ
1287 3863 1442 3922 αὐτὸς
1475 3863 1630 3930 τεύξῃ

121 3964 209 4028 τῆς
241 3960 498 4025 ἀφέσεωςο
528 3957 802 4024 παρέδωκε
837 3955 962 4021 γὰρ,
998 3950 1173 4020 φησὶν,
1216 3951 1372 4003 αὐτὸν
1399 3953 1506 4011 τοῖς
1536 3949 1632 4018 βα-

122 4049 402 4106 σανισταῖς.
808 4098 810 4101 ,

511 4209 514 4213 λ
694 4148 940 4200 ΚΕΦΑΛ.
968 4148 1084 4202 PE’.

186 4237 554 4305 Παραπέμπου
605 4235 699 4295 τὰς
745 4237 983 4302 ἀνάγκας
1028 4237 1116 4288 τοῦ
1166 4239 1429 4305 σώματος,
1478 4241 1534 4289 ὲν
1569 4243 1632 4307 τῇ

1705 550 1845 600 niam
1875 558 1928 600 tu
1979 562 2182 600 mecum
2212 564 2267 603 es
2293 565 2305 611 ;
2344 559 2394 601 et
2422 550 2632 601 similia.

2218 657 2441 709 CAPUT
2493 657 2708 710 XCVIII.

1773 763 1824 814 In
1855 773 2088 831 tempore
2120 765 2480 830 hujuscemodi
2512 765 2854 818 tentationum
2887 774 3031 819 utere
3081 765 3223 820 breVi

1703 861 1756 904 ct
1787 852 1988 904 iutensa
2013 853 2268 904 oratione.

2249 959 2471 1012 CAPUT
2502 959 2680 1013 XCIX.
2758 1012 2764 1023 ,

1747 1064 1831 1132 .δί
1867 1055 2139 1119 ἁαδιηοιιοέ
2161 1067 2549 1118 comminemur
2591 1068 2683 1119 tibi
2714 1081 2831 1120 sese
2857 1082 2918 1119 ex
2943 1067 3225 1132 improviso

1709 1155 2042 1220 apparituros
2070 1171 2133 1206 ex
2168 1170 2304 1215 aere,
2359 1165 2510 1222 teque
2537 1147 3026 1221 pe'rterrel'acturos,
3055 1165 3227 1219 tuam;

1709 1258 1812 1307 que
1839 1251 2067 1293 mentem
2101 1252 2362 1306 rapturos,
2388 1251 2495 1300 aut,
2526 1251 2774 1308 tanquam
2805 1250 3012 1294 atroces
3037 1230 3220 1293 bestia:

1710 1339 1853 1381 tuam
1881 1345 2092 1382 carnem
2135 1331 2386 1382 violenter
2413 1326 2787 1390 dilaniaturos,
2859 1342 2923 1380 ne
2957 1318 3228 1394 ipsosfpa-

1710 1432 1851 1479 veas,
1882 1433 2011 1470 neve
2043 1418 2303 1471 ullatenus
2334 1418 2538 1471 illorum
2556 1417 3017 1469 comminationem
3049 1431 3227 1478 cures;

1713 1505 1956 1570 injiciunt
2010 1507 2211 1572 quippe
2258 1515 2457 1558 metum
2505 1513 2763 1556 tentantes
2791 1515 2861 1568 te,
2911 1519 2975 1554 an
3014 1505 3231 1556 omnino

1712 1590 1838 1656 ipsis
1864 1592 2102 1642 attendas
2123 1630 2137 1653 ,
2170 1605 2235 1641 an
2265 1605 2355 1641 eos
2382 1590 2612 1641 totaliter
2628 1589 2947 1654 despexeris,
2971 1603 3035 1640 an
3059 1583 3232 1641 omni-

1712 1677 1908 1742 potenti
1939 1678 2058 1737 Deo,
2091 1686 2141 1727 et
2177 1676 2435 1738 Creatori,
2495 1675 2834 1742 omniumque
2885 1690 3061 1727 rerum
3112 1689 3234 1742 pro-

1647 1763 1686 1834 Β
1714 1763 1896 1828 visori,
1924 1764 1974 1814 in
2027 1763 2262 1815 oratione
2290 1763 2540 1816 astiteris.

2318 1871 2540 1924 CAPUT
2581 1872 2639 1923 C.

1781 1977 1914 2040 Quid
1952 1978 2118 2029 eidem
2150 1978 2255 2030 Deo
2288 1979 2357 2030 ita
2400 1977 2788 2030 inconsiderate
2831 1982 2993 2035 astas,
3028 1983 3085 2028 ut
3111 1975 3229 2042 ejus

1715 2064 2122 2128 insuperabilem
2172 2065 2419 2118 omittens
2477 2066 2736 2126 timorem,
2809 2071 2862 2115 et
2916 2063 3113 2115 culices
3183 2072 3237 2116 et

1714 2150 1990 2203 scarabcos
2024 2151 2402 2216 pertimescas?
2464 2150 2654 2202 Annon
2707 2141 2906 2202 audisti
2928 2147 3222 2202 dicentem:

1722 2256 1739 2286 ‹
1778 2238 2052 2289 Dominum
2088 2239 2250 2290 Deum
2311 2248 2459 2290 tuum
2505 2237 2712 2291 timebis
2732 2237 2797 2301 ⁸⁷,
2854 2254 2874 2287 ι
2912 2244 2963 2288 et
3014 2249 3231 2289 rursus:

1720 2342 1738 2374 ι
1779 2324 1942 2388 Quem
2002 2335 2262 2387 metuunt,
2322 2335 2375 2380 et
2431 2335 2660 2379 tremunt
2717 2338 2746 2377 a
2807 2322 2940 2377 facie
2990 2321 3237 2390 potentiae

1716 2414 1830 2481 ejus
1850 2413 1931 2465 ‘°?
1967 2432 1984 2462 ι
2011 2423 2059 2466 et
2090 2415 2302 2483 reliqua.

2208 2521 2357 2590 501
2401 2520 2620 2575 CAPUT
2655 2503 2740 2572 ci.

1757 2667 1762 2673 ι
1789 2629 1937 2682 Sicut
1966 2633 2115 2696 panis
2145 2641 2224 2683 est
2247 2633 2559 2692 alimentum
2582 2628 2814 2694 corpori,
2838 2636 2893 2678 et
2923 2624 3088 2678 virtus
3111 2625 3227 2677 ani-

1720 2731 1838 2779 ma,
1876 2719 1946 2769 ita
1981 2727 2033 2770 et
2067 2718 2352 2771 intellectui
2409 2710 2700 2783 Spiritu'alis
2741 2714 2912 2767 oratio
2946 2714 3246 2767 nutrimen-Ir

1720 2813 1831 2856 tum
1862 2814 1958 2857 est.
2095 2845 2098 2848 ι
2519 2797 2534 2812 ’

2302 2913 2524 2968 CAPUT
2552 2914 2660 2968 CII.

1794 3025 1868 3079 Ne
1894 3026 2224 3094 pharisaice,
2259 3026 2350 3079 sed
2381 3039 2526 3079 more
2557 3023 2823 3092 publicani
2851 3037 2971 3077 ores
3008 3022 3061 3076 in
3090 3037 3242 3077 sacro

1725 3116 1980 3170 orationis
2010 3115 2146 3177 loco,
2173 3124 2231 3168 ut
2251 3115 2408 3168 etiam
2437 3122 2494 3166 tu
2521 3129 2551 3166 a
2576 3112 2801 3166 Domino
2835 3111 3162 3179 justiﬁeeris.

2273 3305 2516 3373 CAPUT
2541 3304 2669 3358 cm.

1791 3394 2084 3456 Contende,
2125 3407 2228 3444 non
2259 3407 2410 3444 orare
2467 3392 2722 3444 adversus
2754 3389 2982 3456 aliquem
3040 3389 3092 3441 in
3149 3397 3238 3441 tua

1725 3480 1982 3543 oratione,
2017 3494 2080 3532 ne
2104 3480 2346 3533 destruas
2366 3493 2482 3546 quae
2509 3477 2758 3541 aediﬁcas,
2781 3478 3069 3530 orationem
3098 3486 3247 3530 tuam.

1668 3603 1670 3605 ›
1706 3570 2103 3622 exsecrandam
2138 3569 2424 3622 reddendo.

2292 3677 2515 3733 CAPUT
2541 3677 2673 3732 CIV.

1795 3769 1991 3823 Doceat
2037 3777 2086 3819 te
2129 3769 2218 3834 qui
2260 3768 2464 3819 debitor
2513 3777 2625 3818 erat
2664 3765 2843 3816 decem
2880 3765 3022 3816 mille
3079 3765 3238 3816 talen-

1731 3865 1924 3917 torum.
1965 3855 2106 3923 quod
2141 3854 2241 3905 nisi
2274 3854 2508 3904 dimittas
2571 3851 2818 3913 debitori,
2874 3866 2968 3904 nec
3006 3852 3115 3918 ipse
3164 3852 3242 3903 di-

1729 3945 2033 3996 missionem
2102 3941 2482 4008 conscqueris;
2547 3939 2758 3992 tradidit
2813 3941 2972 4002 enim,
3052 3939 3242 4006 inquit,

1660 4107 1669 4120 ι
1731 4033 1902 4100 ipsum
1953 4032 2237 4086 tortoribus
2271 4032 2337 4084 3’.

2308 4136 2526 4193 CAPUT
2553 4135 2661 4190 CV.

1799 4230 2142 4283 Praetermitto
2165 4230 2400 4296 corporis
2432 4228 2796 4289 necessitates,
2835 4225 2958 4278 dum
3010 4224 3241 4277 orationi

121 4325 446 4394 παραστάσει
478 4322 574 4387 τῆς
602 4325 917 4389 προσευχῆς,
961 4323 1042 4373 ἵνα
1075 4323 1145 4390 μὴ
1190 4323 1502 4390 νυττόμενος
1533 4325 1634 4374 ὑπὸ

1737 4321 1966 4382 assistis,
2016 4333 2082 4370 ne
2116 4310 2374 4371 fodicatus
2404 4332 2433 4369 a
2467 4317 2655 4384 pulice,
2693 4325 2782 4367 ant
2814 4331 2842 4367 a
2871 4314 3128 4382 pediculo,
3167 4310 3250 4365 vel

120 4412 334 4480 ψύλλης,
363 4406 694 4476 ἣφθειρὸς,ἢ
727 4408 994 4469 κώνωπος,
1018 4410 1048 4476 ἢ
1081 4409 1256 4476 μυίας,
1277 4410 1549 4478 ζημιωθῇς
1577 4410 1635 4459 τὸ

1734 4407 1902 4460 culice
1936 4420 2026 4458 seu
2061 4419 2263 4468 musca,
2298 4403 2515 4456 maximi
2559 4405 2690 4458 lucri
2724 4413 2824 4455 tua:
2852 4402 3111 4454 orationis
3159 4400 3252 4453 de-

125 4501 369 4568 μέγιστον
405 4494 586 4563 κέρδος
614 4493 708 4559 τῆς
733 4497 1029 4562 προσευχῆς
1065 4513 1174 4546 σου.

695 4583 936 4633 ΚΕΦΑΛ.
977 4580 1108 4648 Pq'.

185 4669 382 4724 Ἦλθεν
407 4673 484 4730 εἰς
519 4671 678 4738 ἡμᾶς,
713 4668 786 4728 ὥς
810 4685 913 4719 τινι
943 4668 1048 4719 τῶν
1080 4669 1245 4734 ἁγίων
1279 4670 1632 4737 προσευχομέ-

125 4780 218 4829 νῳ,
239 4758 479 4811 τοσοῦτον
506 4752 782 4809 ἀνθίστατο
808 4756 836 4806 ὀ
863 4755 1107 4823 πονηρὸς,
1131 4757 1204 4817 ὡς
1228 4758 1338 4823 ἃμα
1367 4755 1456 4823 τῷ·
1475 4756 1641 4806 ἐκτεῖ-

125 4866 210 4901 ναι
238 4849 332 4906 τὰς
360 4849 571 4913 χεῖρας,
602 4845 800 4895 ἐκεῖνον
837 4845 916 4904 εἰς
939 4843 1140 4895 λέοντα
1187 4843 1643 4911 μετασχηματίζε-

129 4938 267 4998 σθαι,
298 4933 388 4984 καὶ
414 4931 708 5000 ἀνεγείρειν
737 4937 814 4992 είς
837 4934 990 5003 ὀρθὸν
1023 4934 1148 4995 τοὺς
1175 4933 1528 5002 ἐμπροσθίους
1551 4932 1643 4982 πό⁴

1734 4494 2039 4547 trimentum
2067 4491 2306 4560 patiaris.

2040 4585 2045 4591 '
2292 4574 2512 4630 CAPUT
2543 4574 2673 4628 CVI.

1804 4668 2045 4723 Pervenit
2074 4666 2138 4720 ad
2166 4681 2281 4730 nos,
2313 4683 2405 4720 seu
2435 4669 2498 4719 ad
2526 4681 2681 4720 aures
2714 4673 2945 4724 nostras,
2978 4660 3116 4729 quod
3139 4659 3255 4712 cui-
3281 4721 3284 4724 ,

1738 4758 1858 4810 dam
1883 4763 2186 4809 sanctorum
2243 4755 2414 4806 oranti
2438 4755 2567 4808 adeo
2595 4753 2749 4821 502
2783 4751 3042 4817 malignus
3073 4746 3254 4798 obsta-

1743 4845 1852 4906 bat,
1887 4854 1964 4909 ut,
1988 4844 2147 4896 simul
2185 4858 2246 4896 ac
2271 4858 2461 4897 manus
2490 4841 2822 4901 extendebat,
2853 4837 2938 4887 ille
2972 4835 3022 4884 in
3049 4833 3252 4884 leonem

1741 4931 2227 5001 transﬂguraretur,
2269 4941 2322 4982 et
2350 4939 2490 4982 recta
2520 4941 2731 4998 sursum
2785 4924 2991 4989 erigens
3022 4919 3254 4972 anterio-

126 5027 241 5086 δας,
268 5016 507 5084 καὶτοὺς
531 5025 755 5086 οἰκείους
791 5026 979 5093 ὄνυχας
1017 5023 1348 5091 ἑκατέρωθεν
1379 5025 1495 5084 ταῖς
1528 5021 1643 5072 δυσὶ

1745 5036 1829 5073 res
1874 5022 2052 5088 pedes,
2101 5019 2449 5086 propriosque
2509 5027 2710 5096 ungues
2758 5011 3008 5077 utrinque
3050 5007 3254 5061 duabus

127 5116 288 5183 ψὺαις
317 5112 587 5180 ἐμπείρειν
622 5111 713 5162 τοῦ
750 5112 1063 5177 ἁγωνιστοῢ,
1094 5113 1185 5164 καὶ
1217 5111 1289 5180 μὴ
1329 5109 1644 5176 ἀφίστασθαι

1747 5108 1901 5161 malis
1931 5106 2209 5160 certatoris
2241 5104 2509 5169 inﬁgeret,
2538 5114 2705 5179 neque
2732 5099 3031 5156 desisteret,
3083 5096 3255 5163 prius-

133 5181 256 5274 πρὶν
307 5202 401 5262 τὰς
455 5205 636 5268 χεῖρας
690 5187 928 5261 κατάξει.
988 5201 1087 5250 Τὸν
1149 5200 1202 5250 δὲ
1257 5199 1385 5267 μηδὲ
1439 5196 1646 5246 πώποτε

1747 5213 1906 5266 quam
1954 5209 2140 5247 manus
2173 5193 2259 5243 ille
2288 5181 2751 5255 diduceretpipse
2814 5192 2938 5240 vero
2986 5195 3255 5248 nunquam

133 5267 709 5361 ὑποχαλάσαιῖτούτας
765 5287 918 5356 ἄχρις
970 5281 1027 5337 οὗ
1066 5287 1166 5354 ζτὰς
1213 5287 1455 5353 συνήθεις
1491 5283 1648 5349 εὐχὰς

1746 5287 1996 5340 relaxavit
2025 5267 2134 5343 eas,
2167 5281 2332 5333 dom-c
2365 5295 2544 5346 preces
2599 5287 2880 5332 consuetas
2905 5268 3152 5340 explevit.

137 5383 435 5450 ἐπλήρωσε.

213 5562 257 5593 ⁸⁷
284 5559 431 5612 Deut.
466 5571 516 5619 κ,
542 5558 627 5607 ευ.
701 5556 744 5584 ⁸⁸
780 5553 887 5606 .Ioel
936 5567 994 5605 ιι.
1036 5550 1130 5612 l0;
1163 5547 1363 5599 Nalntm
1439 5559 1476 5607 ι,
1501 5514 1564 5608 15..
1630 5546 1663 5576 ⁸¹

1718 5514 1887 5595 lIaltlt.
1921 5553 2067 5602 xvnt,
2092 5537 2174 5588 δι.
2269 5609 2272 5613 λ
