4058 6350
166 206 289 270 1193
1482 198 1576 256 DE
1602 196 1768 255 011A?

1714 195 1994 254 ATIONE.
3182 183 3316 246 1194

162 317 405 387 ποιμένος
438 314 718 384 δεχόμενος
742 313 836 366 κα)⁸
864 311 1175 382 προσκυνῶν
1208 313 1315 374 τοῖς
1339 309 1544 380 ἐχθροῖς
1572 309 1686 361 δαί·
1718 316 1760 368 Α

1718 316 1760 368 Α
1790 306 1968 374 lupum
2003 305 2114 358 vice
2148 303 2371 372 pastoris
2404 301 2688 369 excipiens,
2719 307 2769 351 et
2825 299 2999 352 hostes
3049 298 3314 355 daemones

166 423 328 475 μοσιν.
726 414 730 417 “
1620 409 1622 411 ’

726 414 730 417 ·
1620 409 1622 411 ’
1790 395 1995 447 adcres.

705 513 947 565 ΚΕΦΑΛ.
980 508 1142 576 Ptq'.
1285 512 1288 514 '

1285 512 1288 514 ⁷
2333 499 2556 554 CAPUT
2601 500 2775 553 CXVI.

231 621 402 689 Ἀρχὴ
437 579 664 689 πλάνης,
695 619 784 672 νοῦ
818 601 1107 684 κενοδοξία,
1143 618 1200 680 ἐξ
1233 611 1298 687 ἦς
1319 616 1630 684 κινούμενος
1661 618 1689 668 6

1855 607 2178 675 Principium
2203 609 2402 660 erroris
2434 608 2627 660 mentis
2652 615 2732 660 est
2757 620 2890 658 vana
2920 605 3103 673 gloria,
3137 618 3167 655 a
3208 617 3311 668 qua

158 713 291 774 νοῦς,
315 715 374 764 ἐν
397 714 631 782 σχήματι
661 713 753 763 καὶ
788 714 1017 780 μορφαῖς
1051 710 1402 778 περιγράφειν
1436 709 1687 774 πειρᾶται

1787 699 1969 751 eadem
2004 715 2155 752 mens
2181 710 2466 760 commota,
2498 698 2932 752 circumscribere
2975 705 3138 749 tentat
3179 696 3309 748 divi-

159 801 212 852 τὸ
241 801 413 870 Θεζον.

1788 789 2005 841 nitatem
2055 791 2108 842 in
2147 790 2324 856 Specie
2352 798 2511 856 atque
2553 788 2757 841 formis.

712 909 956 962 ΚΕΦΑΛ.
988 905 1129 960 PIZ'.

2317 897 2539 958 CAPUT
2581 897 2781 951 CXVII.

231 1014 372 1083 Ἐγὼ
397 1018 458 1069 τὸ
483 1018 630 1086 ἐμὸν,
656 1018 808 1070 τοῦτο
841 1018 946 1090 ᾷρῶ
976 1019 1002 1068 6
1037 1018 1128 1069 καὶ
1158 1019 1431 1085 νεωτέροις
1469 1020 1683 1088 εἴρηκα·

1857 1007 1967 1077 Ego
1993 1024 2165 1062 meum
2198 1011 2296 1062 hoc
2327 1011 2515 1072 dicam,
2546 1011 2686 1077 quod
2717 1019 2770 1062 et
2816 1009 3114 1077 junioribus
3167 1008 3311 1062 dixi:

156 1108 429 1175 Μακάριος
450 1110 478 1160 6
499 1109 634 1168 νοῦς,
664 1108 719 1170 ὃς
755 1108 890 1160 κατὰ
924 1109 1012 1159 τὸν
1035 1109 1219 1176 καιρὸν
1247 1110 1344 1178 τῆς
1387 1110 1687 1178 προσευχῆς

1789 1097 1946 1151 Beata
1979 1115 2148 1162 mens,
2199 1116 2315 1167 qna:
2347 1101 2603 1153 orationis
2646 1109 2881 1168 tempore
2902 1099 3188 1167 perfectam
3207 1098 3315 1154 for-

153 1194 360 1248 τελείαν
389 1197 662 1266 ἀμορφίαν
689 1197 966 1264 ἐκτήσατο.

1786 1203 1995 1242 marum
2027 1191 2256 1258 possedit
2287 1193 2619 1244 vacuitatem.

703 1307 946 1358 ΚΕΦΑΛ.
978 1304 1130 1358 ΡΙΗ’.

2319 1299 2540 1356 CAPUT
2562 1299 2785 1355 CXVIII.

216 1414 500 1483 Μακάριός
548 1415 693 1466 ἐστιν
737 1417 763 1466 6
809 1415 950 1479 νοῦς,
993 1415 1049 1477 ὃς
1092 1416 1506 1484 ἀπερισπάστως
1534 1418 1687 1486 εὐχό-

1855 1408 2017 1463 Beata
2061 1425 2228 1473 mens,
2287 1427 2404 1479 quae
2450 1414 2565 1464 sine
2617 1413 2720 1464 ulla
2771 1426 2929 1465 orans
2967 1410 3313 1465 distractione

157 1518 329 1568 μενος,
379 1504 593 1555 πλείονα
651 1505 808 1556 πόθον
853 1506 938 1557 ἀεί
983 1506 1117 1574 πρὸς
1160 1507 1288 1558 Θεὸν
1337 1508 1686 1577 προσλαμϐά-

1465 1508 1686 1577 πλαμσά.
1787 1511 1997 1565 semper
2030 1499 2148 1566 plus
2175 1500 2425 1552 desiderii
2478 1500 2702 1568 percipit
2726 1515 2850 1568 erga
2883 1498 3067 1553 Deum.

156 1606 251 1642 νει.

711 1704 952 1758 ΚΕΦΛΛ.
991 1707 1135 1762 ΡΙΘ.
1714 1628 1757 1683 Β

1714 1628 1757 1683 Β
2329 1694 2552 1749 CAPUT
2583 1691 2763 1747 CXIX.

216 1806 497 1876 Μακάριος
547 1811 694 1863 ἐστιν
739 1814 767 1863 6
815 1813 1007 1875 νοῦς,ὀ
1044 1815 1181 1868 κατά
1223 1816 1311 1869 τὸν
1357 1816 1542 1886 καιρὸν
1585 1819 1686 1887 τῆς

1849 1805 2008 1859 Beata
2041 1821 2209 1869 mens,
2235 1822 2354 1873 qua:
2391 1808 2532 1859 circa
2578 1815 2785 1873 tempus
2827 1803 3082 1857 orationis
3129 1802 3318 1856 imma-

155 1898 452 1966 προσευχῆς
481 1899 638 1959 ἀῡλος
667 1901 758 1952 καὶ
779 1905 1036 1970 ἀκτήμων
1075 1903 1300 1970 γίνεται.
1756 1894 1979 1946 ςιετὶθιίε
2001 1901 2053 1948 6'-
2078 1895 2227 1961 IDOPS
2256 1895 2450 1947 ενᾶάίι·

709 2011 952 2064 ΚΕΦΑΛ.
993 2014 1123 2065 PK'.
2251 2003 2311 2071 54

2251 2003 2406 2071 505
2439 1999 2660 2056 CAPUT
2691 2001 2850 2056 cxx.

217 2117 497 2187 Μακάριός
540 2119 686 2171 ἐστιν
729 2120 756 2168 6
801 2119 940 2182 νοῦς,
981 2124 1008 2173 6
1050 2121 1186 2174 κατὰ
1225 2123 1314 2174 τὸν
1359 2123 1546 2190 καιρὸν
1585 2124 1684 2194 τῆς

1848 2117 2006 2170 Beata
2050 2133 2227 2181 mens,
2281 2133 2400 2186 quae.
2453 2118 2712 2172 orationis
2755 2128 2990 2186 tempore
3033 2115 3317 2184 perfectam

157 2205 454 2271 προσευχῆς
475 2204 683 2256 τελείαν
717 2205 1067 2275 ἀναισθησίαν
1106 2209 1460 2278 κτησάμενος.
1622 2234 1624 2236 τ

925 2207 1067 2275 πσίαν
1106 2209 1460 2278 κτησάμενος.
1622 2234 1624 2236 τ
1781 2205 2017 2270 possidet
2047 2205 2527 2258 insensibilitatem.

687 2316 930 2373 ΚΕΦΛΛ.
969 2320 1142 2380 PKA'.

2332 2315 2553 2369 CAPUT
2587 2315 2768 2370 CXXI.

217 2424 502 2494 Μακάριός
535 2429 648 2477 ἐστι
678 2429 922 2496 μοναχὸς,
951 2431 979 2481 6
1004 2431 1215 2483 πάντων
1246 2430 1529 2500 περίψημα
1562 2432 1686 2484 Iau-

1851 2427 2042 2481 Beatus
2059 2429 2366 2492 mnnachus,
2399 2428 2486 2494 qui
2509 2428 2742 2494 seipsum
2772 2427 3004 2479 omnium
3027 2439 3322 2494 penpsema

158 2511 240 2563 τὸν
265 2512 631 2580 λογιζόμενος.

402 2514 631 2580 ζὸμενος.
1781 2525 2004 2581 reputat.

691 2627 932 2680 ΚΕΦΛΛ.
973 2629 1145 2683 PKB'.

2316 2621 2537 2678 CAPUT
2576 2622 2777 2676 CXXII.

219 2731 506 2804 Μακάριός
534 2737 646 2787 ἐστι
685 2738 930 2805 μοναχὺς,
963 2739 991 2789 6
1023 2738 1235 2790 πάντων
1269 2739 1362 2808 τὴν
1392 2741 1682 2809 σωτηρίαν,

1848 2731 2040 2786 Beatus
2088 2734 2403 2797 monachus,
2462 2733 2548 2800 qni
2608 2733 2832 2785 salutem
2874 2740 2927 2784 et
2979 2745 3315 2799 progressum

158 2819 247 2870 καὶ
284 2825 586 2893 προκοπὴν,
615 2824 689 2886 ὡς
717 2826 916 2878 οἰκείαν
955 2827 1092 2878 κατά
1122 2827 1300 2888 πάσης
1330 2831 1499 2897 χαρᾶς
1523 2831 1680 2900 ὁρῶν.

1779 2825 2015 2877 omnium
2048 2838 2166 2876 cum
2205 2824 2351 2877 omni
2399 2823 2611 2892 gaudio,
2643 2838 2735 2877 seu
2769 2822 3112 2875 libentissime
3160 2821 3321 2877 videt.

698 2935 939 2986 ΚΕΦΑΛ.
978 2936 1149 2990 PKI".
1716 2926 1756 2980 ϐ

1716 2926 1756 2980 C
2313 2933 2536 2988 CAPUT
2569 2934 2795 2988 cxxnt.

221 3040 506 3106 Μαγάριός
537 3043 651 3093 ἐστι
690 3046 936 3112 μοναχὸς,
966 3048 994 3097 6
1029 3047 1231 3111 πάντας
1269 3049 1586 3117 ἀνθρώπους
1617 3051 1690 3115 ὡς

1858 3045 2051 3098 Beatus
2080 3047 2392 3105 monachus.
2422 3047 2513 3114 qui
2545 3055 2664 3114 post
2686 3047 2850 3100 Deum
2873 3061 3058 3102 omnes
3085 3046 3324 3101 homines

157 3127 285 3180 Θεὸν
317 3131 456 3198 μετὰ
479 3130 608 3183 Θεὸν
641 3132 1003 3202 λογιζόμενος.

896 3152 1003 3198 νος.
1787 3142 2038 3202 tanquam
2078 3135 2238 3186 Deum
2271 3143 2498 3201 reputat.

695 3244 940 3297 ΚΕΦΑΛ.
985 3247 1153 3297 ΡΚΔ’.

2321 3244 2543 3298 CAPUT
2571 3245 2793 3298 CXXIV.

221 3351 470 3418 Μοναχός
517 3354 682 3419 ἔστιν,
713 3357 740 3406 ὁ
784 3356 996 3408 πάντων
1041 3357 1359 3426 χωρισθεὶς,
1412 3360 1502 3410 καὶ
1560 3362 1690 3411 πᾶσι

1858 3353 2144 3406 Monachus
2171 3363 2268 3417 est,
2300 3357 2387 3421 qni
2416 3355 2481 3408 ab
2519 3357 2768 3410 omnibus
2790 3367 3061 3425 separatus
3085 3367 3186 3422 est,
3211 3374 3330 3414 om-

159 3440 618 3507 συνηρμοσμένος.

1788 3444 2051 3511 nibusqne
2071 3454 2190 3511 apte
2221 3446 2710 3514 accommodatus.-_
2744 3497 2753 3510 ,
2881 3459 2911 3501 .‘
2983 3457 2989 3463 '

690 3535 937 3608 ΚΕΦΑἏ.
977 3558 1147 3611 PKE'.

2333 3527 2557 3607 CAPUT
2584 3532 2786 3608 cxxv.

224 3658 475 3728 Μοναχός
503 3661 670 3725 ἐστιν,
699 3664 726 3713 6
757 3664 943 3715 ἑαυτὸν
974 3665 1111 3732 μετά
1145 3667 1358 3718 πάντων
1396 3667 1689 3736 ἡγούμενος

1855 3662 2142 3716 Monachus
2181 3673 2279 3724 est,
2331 3665 2420 3728 qui
2477 3665 2709 3730 seipsum
2756 3682 2874 3718 cum
2921 3669 3167 3721 omnibus
3208 3683 3324 3722 esse

157 3743 242 3796 διὰ
300 3745 365 3796 τὸ
426 3746 485 3796 ἑν
542 3746 753 3812 ἑκάστῳ
800 3747 991 3799 ἑαυτὸν
1045 3750 1462 3817 ἀπαραλείπτως
1520 3753 1691 3804 δοκεῖν

1785 3750 2075 3808 existimat,
2117 3765 2178 3800 eo
2227 3751 2364 3815 quod
2415 3750 2466 3801 in
2521 3757 2840 3819 nnoqno’que
2895 3754 2992 3807 sibi
3033 3770 3090 3808 se
3129 3755 3323 3824 jngiter

155 3831 308 3898 ὸρᾷν.

1788 3837 1965 3892 videre
1997 3837 2249 3889 rideatur.
2459 3907 2461 3909 ι

692 3944 936 3995 ΚΕΦΑΛ.
977 3945 1162 4011 Ρκςν.

2315 3949 2535 4003 CAPUT
2565 3949 2787 4004 CXXVI.

227 4041 402 4109 Οὗτος
430 4052 730 4121 προσευχὴν
767 4055 1031 4117 ἐπιτελεῖ,
1060 4056 1088 4106 6
1114 4055 1198 4106 ἀεὶ
1236 4055 1690 4126 τὴν-ιπρωτόνοιαν

1856 4057 1903 4110 ls
1950 4058 2242 4111 orationem
2302 4063 2529 4127 perficit,
2577 4064 2666 4130 qui
2701 4050 2935 4134 'semper
2983 4052 3176 4124 mentis
3213 4086 3324 4126 suae

159 4136 358 4188 ἑαυτοῦ
392 4139 567 4190 πᾶσαν
589 4140 948 4208 καρποφορῶν
977 4140 1051 4209 τῷ
1083 4140 1219 4210 Θεῷ.
1725 4214 1732 4215 7

1205 4181 1219 4195 .
1725 4214 1732 4215 ί
1787 4147 2050 4215 primitias
2083 4148 2252 4202 ittstar
2275 4149 2475 4206 fructus
2509 4152 2660 4207 offert
2684 4153 2806 4208 Deo.

698 4251 941 4304 ΚΕΦΑΛ.
983 4251 1149 4303 PKZ'.
1719 4214 1766 4271 ί)
1793 4214 1798 4215 ν
2218 4259 2300 4328 5c

1719 4214 1766 4271 ί)
2218 4259 2373 4329 506
2404 4261 2628 4318 CAPUT
2657 4264 2907 4323 cxxvu.

227 4358 345 4411 Πᾶν
373 4357 563 4425 ψεῦδος
584 4398 599 4422 ,
631 4361 722 4413 καί
760 4359 934 4412 πάντα
960 4361 1118 4430 ὅρκον
1146 4353 1463 4431 περιίστασο
1491 4364 1565 4427 ὼς
1599 4383 1692 4434 μο-

1862 4365 2031 4420 Onme
2085 4371 2438 4437 mendacium,
2474 4384 2524 4427 et
2570 4392 2726 4431 omne
2767 4379 3139 4448 jusjurandum
3186 4381 3323 4440 evita

157 4453 341 4523 ναχὺς,
372 4456 468 4507 καὶ
488 4455 874 4526 προσεύξασθαι
910 4456 1107 4520 ποθῶν,
1140 4458 1186 4510 εί
1211 4458 1267 4509 δὲ
1301 4460 1462 4528 μήγε,
1487 4462 1565 4523 είς
1590 4462 1691 4531 μά-

1793 4458 1946 4510 sicuti
1995 4461 2306 4524 monachus,
2341 4465 2540 4532 quique
2585 4480 2740 4521 orare
2770 4445 3050 4539 vperOpI’as;
3089 4474 3320 4541 alioquin

157 4558 255 4612 την
287 4544 641 4612 σχηματίζεις
665 4545 721 4595 τὸ
748 4545 1028 4599 ἀνοίκειον.

905 4562 1028 4599 ειον,
1793 4545 1986 4599 frustra
2022 4548 2248 4603 ‘tlienum
2289 4552 2507 4620 efﬁngis.

697 4674 942 4728 ΚΕΦΑΛ.
983 4678 1068 4727 PK
1079 4677 1158 4729 H'.

2299 4681 2522 4736 CAPUT
2549 4684 2812 4739 CXXVIII.

232 4780 297 4833 EI
327 4782 594 4847 πνεύματι
620 4787 1012 4854 προσεύχεσθαι
1045 4785 1247 4853 βούλει,
1271 4786 1431 4854 μηδὲν
1462 4787 1690 4856 ἀνιμήσῃ

1863 4783 1916 4836 Si
1946 4787 2132 4852 spiritu
2161 4790 2286 4842 velis
2310 4806 2481 4855 orare,
2507 4794 2636 4844 nihil
2662 4794 2916 4848 hanriasa
2942 4811 3118 4861 carne,
3142 4800 3320 4866 sicque

160 4869 268 4923 ἀπὸ
315 4868 510 4936 σαρκὸς
560 4871 650 4920 καὶ
681 4872 774 4937 οὐχ
808 4870 946 4934 ἔξεις
987 4875 1142 4940 νέφος
1173 4873 1481 4925 ἀντικοτοῦν
1519 4889 1598 4924 σοι
1639 4875 1693 4923 ἐν

1795 4889 1897 4925 non
1927 4876 2142 4928 habebis
2173 4879 2414 4930 nebulam
2453 4881 2542 4932 tibi
2578 4889 2811 4948 tempore
2849 4886 3101 4940 orationis
3133 4891 3319 4942 adver-

161 4961 237 5031 τῴ
265 4957 443 5028 καιρῷ
467 4961 563 5027 τῆς
597 4963 918 5028 προσευχῆς.

410 4957 443 5026 ᾧ
467 4961 563 5027 τῆς
597 4963 918 5028 προσευχῆς.
1793 4972 2012 5016 santem.

698 5092 940 5142 ΚΕΦΑΛ.
984 5094 1152 5146 ΡΚΘ’.

2311 5096 2533 5148 CAPUT
2567 5099 2796 5155 CXXIX.
2852 5106 2856 5111 ’

244 5201 638 5271 Ἐμπίστευσόν
676 5201 752 5269 τῷ
796 5201 909 5271 Θεῷ
941 5202 1037 5268 τὴν
1083 5204 1265 5269 χρείαν
1304 5201 1392 5254 τοῦ
1425 5201 1691 5268 σώματος,

1859 5205 2136 5257 Committe
2166 5206 2330 5259 ﬁdens
2364 5207 2469 5261 Deo
2509 5215 2747 5280 corporis
2792 5217 3091 5280 egestatem,
3135 5218 3319 5284 sicque

168 5293 263 5346 καὶ
308 5290 466 5359 δῆλος
514 5290 608 5359 ἔσῃ
657 5293 748 5343 καὶ
791 5291 886 5359 τὴν
931 5290 1021 5341 τοῦ
1085 5293 1384 5359 πνεύματος
1433 5292 1693 5345 πιστεύων

1793 5293 2102 5347 manifestus
2128 5296 2253 5360 eris,
2303 5299 2440 5364 quod
2475 5311 2525 5353 et
2554 5302 2691 5353 illam
2721 5302 2937 5367 spiritus
2967 5303 3066 5368 ipsi
3095 5320 3316 5361 concre-

165 5380 329 5448 αὒτῷ.
787 5387 796 5396 ’
1793 5383 1892 5436 dis.

448 5495 711 5552 I'ATBOL.
755 5487 866 5550 ea.
897 5490 1147 5550 LXXIX.

2902 5501 2969 5561 38
